4198 6324
105 377 214 434 66⁵1

1456 380 1545 437 DE
1586 380 2047 442 SACERDOTIO.
2091 385 2224 443 LIB.
2265 386 2356 444 IV.

3525 404 3626 462 608

103 491 209 565 λὴν
237 495 376 566 περὶ
398 495 582 551 ταῦτα
616 495 719 568 τὴν
749 495 1049 568 ἐμπειρίαν
1077 494 1240 566 ἔχων,
1266 497 1504 590 καῖ’τοῖς
1537 497 1713 568 φίλοις
1737 499 1830 552 καλ⁵
1938 503 2086 572 ἡμᾶς
2108 505 2210 590 οὐκ
2249 503 2518 575 ἠθέλησεν
2555 487 2776 574 εἰδέναι,
2806 509 2981 564 ταῦτα
3041 511 3362 586 βιαζὼμεθα
3415 522 3631 590 puni-

104 585 223 646 τοῖς
250 584 547 656 πολεμίοις
575 585 984 662 καταγέλαστος
1012 587 1248 655 γίνεται.
1288 585 1415 641 Οίον
1449 589 1828 660 (πειράσομαι

103 670 221 741 γάρ
246 688 339 725 σοι⁹
365 673 465 726 καὶ
490 673 586 726 ἐπὶ
610 674 1060 748 παραδείγματος
1086 666 1119 727 δ’
1139 675 1284 744 λέγω
1315 675 1541 747 ποιῆσαι
1567 675 1825 747 φανερὸν)

102 757 197 809 τὸν
233 757 352 811 ὑπὸ
383 758 482 812 τοῦ
513 759 652 814 Θεοῦ
681 761 906 816 δοθέντα
930 764 1008 833 τῷ
1036 764 1247 834 Μωῦσῇ
1280 764 1448 835 νόμον
1473 749 1524 817 οί
1556 762 1656 835 τὴν
1681 764 1826 817 Οὐα-

100 844 363 900 λεντῖνου
412 848 510 901 καὶ
560 849 891 921 Μαρκίωνος
946 849 1325 922 διαδεξάμενοι
1368 850 1824 923 φρενοϐλάϐειαν,

100 934 201 987 καὶ
231 937 360 990 ὅσοι
398 939 472 990 τά
503 937 647 992 αὐτὰ
678 938 928 993 νοσοῦσιν
955 941 1211 1005 ἐκείνοις,
1244 940 1340 994 τοῦ
1374 940 1681 1009 καταλόγου
1714 941 1825 996 τῶν

101 1023 278 1079 θείων
312 1025 646 1081 ἐκϐάλλουσι
679 1028 915 1100 Γραφῶν
935 1046 950 1059 ο
1001 1029 1254 1104 Ἰουδαῖοι¹
1277 1028 1336 1083 δέ
1367 1028 1543 1083 αὑτὸν
1571 1028 1717 1083 οὕτω
1742 1046 1824 1082 τι-

103 1113 317 1182 μῶσιν,
350 1114 428 1180 ὼς
457 1117 554 1170 καὶ
584 1116 680 1170 τοῦ
707 1117 900 1188 καιροῦ
923 1116 1228 1182 κωλύοντος
1256 1117 1581 1191 φιλονεικεῖν
1604 1117 1823 1171 ἅπαντα

100 1202 435 1271 φυλάττειν,
469 1204 624 1276 παρά
650 1205 713 1258 τὸ
745 1205 824 1277 τῷ
848 1205 968 1276 Θεῷ
993 1205 1206 1260 δοκοῦν.
1223 1206 1288 1259 Ἦ
1314 1206 1372 1260 δὲ
1399 1194 1699 1277 Ἐκκλησία
1725 1204 1819 1259 τοῦ

97 1290 270 1357 Θεοῦ,
313 1290 419 1364 τὴν
452 1293 786 1364 ἀμφοτέρων
812 1293 1082 1367 ἀμετρίαν
1108 1293 1451 1363 φεύγουσαι,
1487 1293 1661 1365 μέσην
1686 1293 1820 1348 ἐϐά-

95 1380 239 1443 δισε,
273 1383 376 1435 καὶ
399 1381 525 1436 οὔτε
554 1382 877 1436 ὑποκεῖσθαι
911 1381 1079 1437 αὐτοῦ
1103 1383 1184 1454 τῷ
1214 1382 1367 1454 ζυγῷ
1393 1383 1669 1446 πείθεται,
1693 1381 1820 1436 οὔτε

95 1467 427 1523 διαϐάλλειν
452 1469 618 1524 αὑτὸν
651 1470 928 1541 ἀνέχεται,
962 1470 1101 1525 ἀλλά
1144 1471 1240 1525 καὶ
1276 1471 1629 1542 πεπαυμένον
1659 1473 1820 1524 ἐπαι-

95 1559 200 1618 νεῖ,
229 1557 333 1612 διὰ
361 1557 424 1611 τὸ
445 1557 818 1629 χρησιμεῦσαί
846 1575 990 1612 ποτε
1007 1561 1088 1622 είς
1123 1559 1336 1630 καιρόν.
1367 1560 1460 1612 Δεῖ
1483 1557 1548 1628 δὴ
1574 1558 1664 1611 τὸν
1691 1558 1818 1628 μέλ-

95 1642 266 1704 λοντα
297 1645 441 1717 πρὸς
461 1646 809 1718 ἀμφοτέρους
834 1647 1104 1719 μάχεσθαι
1127 1647 1226 1719 τὴν
1249 1647 1595 1719 συμμετρίαν
1618 1647 1817 1702 εἰδέναι

94 1732 451 1805 ταύτην.”Δν
480 1751 540 1788 τε
571 1734 986 1806 γάρἸουδαίους
1011 1734 1224 1800 διδάξαι
1256 1733 1689 1806 βούλομενος,ιέ›ς
1716 1735 1818 1788 οὐκ

97 1820 156 1872 ἐν
183 1820 383 1892 καιρῷ,
397 1822 500 1892 τῆς
522 1821 762 1900 παλαιάς
800 1821 1018 1893 ἔχονται
1050 1821 1395 1893 νομοθεσίας,
1421 1821 1654 1892 ἄρξηται
1683 1837 1817 1875 κατ-

94 1909 332 1979 ηγορεῖν
362 1907 536 1980 αὐτῆς
567 1905 823 1984 ἀφειδῶς,
840 1909 1010 1964 ἐδωκε
1034 1912 1147 1974 τοῖς
1170 1909 1449 1980 διασύρειν
1472 1907 1831 1980 βουλομένοις

94 1996 209 2051 τῶν
239 1996 545 2068 αἱρετικῶν
569 1997 742 2070 λαϐὴν
770 1999 832 2052 οὐ
871 1999 1096 2070 μικράν·
1121 1997 1187 2051 ἄν
1201 2015 1263 2050 τε
1278 1997 1503 2062 τούτους
1525 1998 1815 2074 ἐπιστομί-

97 2102 195 2138 σαι
221 2086 850 2159 σπουδάζων,ἀμέτρως
870 2088 1032 2142 αὑτὸν
1051 2088 1278 2160 ἐπαίρῃ,
1294 2087 1388 2140 καὶ
1413 2086 1490 2150 ώς
1512 2087 1812 2154 ἀναγκαῖον

97 2173 158 2225 ἐν
207 2173 293 2244 τῷ
329 2175 562 2246 παρόντι
590 2176 934 2247 τυγχάνοντα
966 2175 1250 2247 θαυμάζῃ,
1287 2174 1356 2229 τά
1391 2174 1502 2230 τῶν
1537 2174 1811 2228 Ἰουδαίων

97 2261 315 2333 ἀνέῳξε
346 2264 617 2334 στόματα.
637 2264 812 2335 Πάλιν
845 2264 896 2317 οί
912 2264 1013 2335 τὴν
1029 2263 1328 2317 Σαϐελλίου
1358 2263 1680 2334 μαινόμενοι
1709 2280 1810 2334 μαο

96 2349 245 2413 νίαν,
284 2349 383 2402 καὶ
411 2333 463 2403 οί
491 2351 563 2404 τὰ
612 2333 827 2422 Ἀρείου
854 2333 1188 2414 λυττῶντες,
1220 2347 1281 2415 ἐξ
1325 2333 1600 2422 ἀμετρίας
1630 2351 1810 2420 ἀμφό-

97 2452 254 2506 τεροι
285 2437 392 2509 τῆς
426 2435 616 2507 ὑγιοῦς
645 2438 906 2505 ἐξέπεσον
944 2440 1206 2502 πίστεως·
1243 2439 1341 2493 καὶ
1382 2439 1443 2492 τὸ
1477 2441 1575 2510 μέν
1636 2437 1809 2508 ὄνομα

97 2525 464 2596 Χριστιανῶν
495 2527 837 2599 ἀμφοτέροις
858 2528 1155 2582 ἐπίκειται·
1187 2529 1236 2581 εί
1269 2527 1326 2580 δέ
1354 2545 1437 2591 τις
1463 2526 1532 2580 τὰ
1560 2528 1809 2597 δόγματα

97 2613 386 2679 ἐξετάσειε
409 2615 458 2681 δ,
483 2617 630 2680 τοὺς
654 2617 756 2688 μὲν
806 2616 962 2670 οὐδὲν
1004 2617 1232 2687 ἄμεινον
1285 2615 1556 2669 Ἰουδαίων
1596 2615 1808 2668 διακει-

101 2702 308 2770 μένους
348 2704 600 2776 εὑρήσει,
639 2703 783 2776 πλὴν
817 2702 1122 2776 ὅσονύπέρ
1147 2703 1432 2773 ὀνομάτων
1458 2702 1808 2773 διαφέρονται

101 2790 292 2859 μόνον,
320 2792 451 2863 τοὺς
499 2791 556 2845 δὲ
583 2792 790 2864 πολλὴν
837 2793 937 2862 τὴν
972 2791 1278 2862 ἐμφέρειαν
1310 2790 1449 2862 πρὸς
1475 2791 1572 2860 τὴν
1594 2790 1807 2862 αἵρεσιν

100 2877 326 2931 Παύλου
367 2878 470 2933 τοῦ
513 2879 879 2951 Σαμοσατέως
925 2879 1172 2949 ἔχοντας,
1218 2880 1567 2950 ἀμφοτέρους
1595 2877 1653 2930 δὲ
1704 2877 1808 2946 τῆς

100 2966 371 3039 ἀληθείας
412 2956 594 3032 ἐκτός.
624 2967 800 3030 Πολὺς
827 2963 922 3022 οὖν
962 2966 1246 3022 κάνταῦθα
1280 2977 1302 3005 ε
1335 2969 1363 3019 6
1414 2965 1681 3028 κίνδυνος,
1708 2967 1807 3018 ’καὶ

102 3056 268 3125 στενὴ
301 3056 401 3108 καὶ
449 3054 788 3127 τεθλιμμένη
822 3057 856 3126 ἡ
890 3055 1011 3119 ὁδὸς
1053 3057 1086 3125 ἡ
1132 3054 1239 3107 ὑπὸ
1271 3047 1536 3126 κρημνῶν
1563 3054 1806 3124 ἀμφοτέ-

104 3143 728 3214 ρωθενάπειλημμένη·
764 3143 863 3196 καῖ
890 3143 1008 3207 δέος
1029 3144 1090 3196 οὐ
1135 3143 1354 3214 μικρὸν,
1387 3143 1461 3213 μὴ
1495 3141 1588 3194 τὸν
1617 3142 1806 3213 ἕτερόν

99 3249 187 3296 τις
223 3232 404 3285 θέλων
443 3231 650 3302 βαλεῖν,
686 3231 794 3284 ὑπὸ
818 3231 1050 3303 θατέρου
1081 3231 1288 3301 πληγῇ.
1320 3231 1423 3283 Ἀν
1452 3248 1512 3283 τε
1535 3231 1654 3302 γὰρ
1675 3232 1805 3301 μίαν

99 3337 184 3383 τις
209 3321 346 3392 εἴπῃ
380 3318 636 3390 θεότητα,
667 3319 807 3390 πρὸς
837 3320 936 3391 τὴν
964 3319 1163 3373 ἐαυτοῦ
1198 3310 1487 3390 παροινίαν
1516 3319 1543 3358 ά
1599 3319 1804 3383 εὐθέως

103 3407 330 3462 εἵλκυσε
353 3407 456 3480 τὴν
485 3408 672 3478 φωνὴν
711 3408 740 3460 6
779 3407 935 3480 [410]
973 3405 1283 3469 Σαϐέλλιος·
1325 3406 1392 3460 ἀν
1418 3424 1477 3459 τε
1518 3407 1670 3479 διέλῃ
1699 3408 1804 3460 πά-

104 3499 204 3562 λιν,
235 3495 433 3567 ἕτερον
464 3495 564 3566 μὲν
600 3494 694 3548 τὸν
731 3495 977 3566 Πατέρα,
1005 3495 1197 3565 ἕτερον
1223 3492 1286 3547 δὲ’
1311 3495 1400 3547 τὸν
1442 3495 1590 3559 Υίὸν,
1624 3495 1804 3549 καὶτὸ

104 3583 336 3656 Πνεῦμα
387 3583 445 3637 δέ
498 3583 561 3641 τὸ
608 3584 768 3654 ἅγιον
812 3583 1000 3654 ἕτερον
1052 3579 1195 3636 εἶναι
1257 3583 1453 3652 λέγων,
1499 3583 1804 3655 ἐφέστηκεν

109 3675 350 3743 Ἀρειος,
371 3674 454 3735 είς
475 3672 832 3744 παραλλαγὴν
853 3673 1045 3736 οὐσίας
1076 3672 1252 3725 ἐλκων
1291 3673 1390 3741 τὴν
1420 3673 1478 3724 ἐν
1493 3675 1608 3735 τοῖς
1629 3689 1803 3743 προσ-

104 3759 277 3825 ώποις
331 3760 621 3832 διαφοράν.
660 3762 754 3813 Δεῖ
791 3761 850 3815 δὲ
894 3761 992 3815 καὶ
1021 3760 1120 3832 τὴν
1149 3761 1323 3832 ἀσεϐῆ
1358 3761 1622 3830 σύγχυσιν
1656 3760 1802 3812 ἐκεί-

106 3863 217 3910 νου,
259 3847 359 3902 καὶ
384 3847 487 3918 τὴν
538 3848 782 3918 μανιώδη
811 3847 1008 3901 τούτου
1046 3847 1316 3919 διαίρεσιν
1355 3847 1802 3917 ἀποστρέφεσθαι

105 3937 195 3988 καὶ
217 3935 469 4005 φεύγειν,
499 3933 600 4006 τὴν
631 3937 730 4006 μὲν
748 3936 980 4007 θεότητα
1006 3937 1219 4007 Πατρὸς
1243 3938 1340 3990 καὶ
1362 3936 1492 3989 Υἱοῦ
1517 3937 1611 3989 καὶ
1642 3938 1802 4004 ἁγίου

104 4024 427 4094 Πνεύματος
457 4024 588 4093 μίαν
620 4024 1044 4095 ὁμολογοῦντας,
1069 4023 1478 4096 ,προστιθέντας
1500 4024 1558 4078 δὲ
1585 4025 1802 4089 καὶτὰς

102 4114 248 4183 τρεῖς
268 4111 624 4176 ὑποστάσεις
656 4111 801 4166 οὕτω
826 4113 935 4184 γὰρ
964 4113 1311 4182 ἀποτειχίσαι
1335 4113 1679 4184 δυνησόμεθα
1701 4114 1802 4178 τὰς

105 4201 436 4272 ἀμφοτέρων
471 4200 963 4270 ἐφόδους..Πολλάς
987 4200 1052 4254 δὲ·
1082 4203 1178 4254 καὶ
1204 4202 1401 4274 ἐτέρας
1433 4200 1560 4270 ἐνῆν
1596 4218 1679 4254 σοι
1707 4201 1801 4255 λέ-

103 4306 218 4355 γειν
252 4300 277 4329 ο
330 4288 681 4358 συμπλοκὰς,
721 4289 861 4360 πρὸς
915 4289 983 4353 ἃς
1041 4288 1108 4342 ἂν
1142 4289 1218 4360 μὴ
1268 4288 1538 4357 γενναίως
1571 4305 1656 4352 τις
1705 4292 1801 4343 καὶ

104 4378 346 4451 ἀκριϐῶς
375 4376 639 4448 μάχηται,
679 4378 850 4450 μυρία
879 4375 1060 4430 λαϐὼν
1089 4376 1276 4432 ἀπεισι
1301 4376 1620 4448 τραύματα.

169 4477 230 4538 ε’,
257 4471 327 4523 Τί
354 4472 418 4526 ἀν
442 4489 527 4535 τις
551 4471 702 4538 λέγοι
725 4470 825 4533 τὰς
846 4468 958 4522 τῶν
977 4467 1195 4522 οἰκείων
1227 4465 1573 4539 ἐρεσχελίαςς
1599 4467 1671 4519 Οὐ
1691 4469 1800 4538 γάρ

107 4559 238 4612 εἰσιν
273 4559 540 4624 ἐλάττους
577 4550 740 4612 αὗται
777 4557 888 4611 τῶν
920 4556 1122 4623 ἔξωθεν
1157 4554 1503 4627 προσϐολῶν,
1537 4553 1676 4608 ἀλλά
1705 4557 1801 4608 καὶ

109 4647 323 4701 πλείονα
348 4647 428 4720 τῷ
445 4645 1078 4721 διδάσκοντιπαρέχουσι
1102 4643 1192 4696 τὸν
1219 4643 1450 4724 ίδρῶτατ,
1477 4644 1539 4695 Ol
1565 4643 1666 4712 μὲν
1690 4643 1800 4714 γὰρ

109 4735 206 4788 ὑπὸ
239 4733 788 4808 πολυπραγμοσύνης
825 4732 1014 4798 ἁπλῶς
1048 4732 1144 4786 καὶ
1169 4731 1296 4799 εἰκῆ
1333 4731 1799 4802 περιεργάζεσθαι

110 4823 372 4889 θέλουσιν,
400 4803 447 4877 ai
473 4803 615 4894 μήτε
646 4803 923 4893 μαθόντας
956 4820 1076 4874 ἐστι
1105 4819 1392 4890 κερδᾶναι,
1434 4820 1573 4890 μήτε
1603 4819 1799 4889 μαθεῖν

107 4912 344 4967 δυνατόν·
375 4898 558 4984 ἐτερδι
585 4911 752 4966 πάλιν
778 4910 891 4964 τῶν
919 4907 1016 4963 τοῦ
1057 4908 1197 4963 Θεοῦ
1242 4909 1533 4980 χριμάτων
1565 4909 1800 4974 εὐθύνας

109 5003 262 5056 αὑτὸν
295 4999 651 5062 ἀπαιτοῦσιν,
681 4992 782 5054 ’καὶ
811 4998 912 5070 τὴν
941 4997 1183 5053 ἄϐυσσον
1215 4996 1316 5068 τὴν
1351 4995 1554 5068 πολλὴν
1584 4997 1798 5067 ἀναμε-

108 5095 245 5160 τρεῖν
276 5089 582 5164 βιάζονται·
612 5089 689 5145 Τὰ
721 5089 832 5161 γὰρ
860 5079 1118 5157 κρίματά
1132 5102 1282 5149 σου,
1309 5087 1496 5157 φησὶν,
1520 5087 1797 5155 ἄϐυσσος

112 5175 326 5244 πολλή.
355 5175 466 5230 Καὶ
499 5175 740 5246 πίστεως
772 5174 874 5242 μὲν
910 5171 1043 5242 πέρι
1097 5171 1194 5223 καὶ
1250 5169 1530 5233 πολιτείας
1579 5170 1797 5241 ὀλίγους

110 5256 168 5308 ἂν
193 5258 380 5332 εὕροις
405 5256 840 5321 σπουδάζοντας⁹
868 5256 996 5318 τοὺς
1020 5253 1077 5307 δὲ
1110 5253 1331 5316 πλείους
1358 5253 1534 5307 ταῦτα
1568 5271 1795 5327 περιερ-

112 5340 439 5412 γαζομένους
465 5341 563 5395 καὶ
587 5339 912 5411 ζητοῦντας,
951 5338 985 5391 ἀ
1020 5338 1159 5409 μήτε
1183 5337 1368 5406 εὑρεῖν
1403 5335 1651 5403 δυνατὸν,
1700 5339 1795 5392 καὶ

110 5424 191 5478 τὸν
211 5411 347 5480 Θεὸν
376 5411 674 5498 παροξύνει
706 5423 1039 5495 ζητούμενα.
1088 5423 1260 5474 Ὅταν
1297 5421 1428 5493 γάρ,
1461 5421 1604 5494 ἀπερ
1628 5422 1796 5487 αὐτὸς

166 5531 424 5595 {Aliquot
457 5531 778 5595 manuscripll
824 5527 1062 5593 φυγοῦσα,
1088 5531 1143 5577 et
1166 5526 1292 5577 infra
1325 5530 1626 5591 πεπαυμένον
1649 5531 1793 5580 αὐτὸν

111 5592 176 5640 ἐπ.
197 5592 418 5644 lox'alll
455 5595 527 5643 δεῖ
549 5595 601 5643 δὲ
623 5594 723 5641 τόν.

164 5654 418 5732 ξὈοόἱοα
443 5669 545 5705 non
566 5657 710 5718 pauci
733 5655 773 5702 εἰ
796 5654 848 5703 δέ
867 5671 936 5709 τις
972 5652 1132 5701 αὐτῶν
1153 5651 1213 5699 τὰ
1242 5651 1457 5714 δόγματα
1488 5654 1697 5717 ἀκριϐῶς
1720 5654 1792 5710 ἐξ-

110 5731 319 5829 ειῗσῖἷῖἱ
342 5779 491 5835 πολὺς
512 5781 564 5829 δέ
587 5778 694 5826 κάν.

164 5840 188 5880 ‘l
211 5841 306 5891 Alii
317 5842 647 5904 παρανομίαν.

170 5905 192 5931 ο
215 5903 364 5952 ΜνὶΙ.
386 5900 678 5968 (El-maxima
707 5917 817 5968 pars
841 5917 955 5953 mss.
987 5903 1091 5962 ἐνῆν
1116 5918 1193 5951 σοι
1223 5901 1392 5963 λέγειν,
1418 5900 1592 5953 Morel.
1625 5909 1678 5954 cl
1703 5905 1788 5955 ali-

115 5973 216 6021 quul
240 5969 304 6016 ἐνι
331 5967 594 6029 συλλέγειν.

1935 605 2066 679 νειν,
2088 589 2212 679 οὔτε
2229 592 2512 669 είσόμεθα,
2534 594 2676 679 (πῶς
2699 597 2831 668 γὰρ,
2857 598 2950 652 τοῦ
2975 600 3113 654 Θεοῦ
3146 603 3221 674 μὴ
3244 603 3572 678 βουλομένου
3588 609 3631 679 ς)

1935 677 2031 766 καῖ
2063 677 2123 730 τὸ
2144 679 2481 734 κινδυνεύειν
2510 683 2642 752 ἡμῖν
2666 676 2736 737 ’ἐκ
2774 686 2869 739 τοῦ
2897 687 3098 759 ζητεῖν
3126 676 3419 764 περιέσται.
3445 676 3629 766 μόνον,

1947 764 2088 818 Ἀλλ’
2118 767 2269 837 ὅμως
2299 769 2394 822 καὶ
2424 769 2633 825 τούτων
2681 774 2943 828 τοιούτων
2989 776 3182 844 ὄντων,
3217 781 3346 836 ὅταν
3373 764 3457 846 τις
3491 784 3633 854 μετά

1933 852 2226 920 αὐθεντίας
2247 857 2579 931 ἐπιστομίζῃ
2608 863 2738 926 τοὺς
2762 863 2833 916 τὰ
2857 862 3044 936 ἄπορα
3067 867 3243 923 ταῦτα
3264 852 3628 942 ἐρευνῶντας,

1933 942 2196 1008 ἀπονοίας
2229 961 2293 997 τε
2342 947 2437 999 καὶ
2487 948 2732 1018 ἀμαθίας
2785 952 2968 1023 ἐαυτῷ
2998 941 3408 1029 προσετρίψατο
3444 958 3626 1024 δόξαν.

1931 1029 2024 1082 Διὸ
2041 1031 2148 1103 χρὴ
2183 1033 2467 1089 κάνταῦθα
2498 1033 2668 1107 πόλλῇ
2719 1040 3030 1111 κεχρῆσθαι
3057 1045 3123 1114 τῇ
3153 1046 3390 1113 συνέσει,
3417 1047 3495 1112 ὡς
3534 1049 3630 1102 καὶ

1930 1117 2184 1187 ἀπάγειν.
2201 1121 2401 1187 αὐτοὺς
2424 1123 2535 1176 τῶν
2563 1125 2782 1180 ἀτόπων
2814 1129 3142 1201 ἐρωτήσεων
3157 1133 3627 1206 τὸνπροεστῶτα,

1930 1207 2154 1272 καὶτὰς
2195 1212 2498 1282 είρημένας
2525 1215 2822 1285 ἐκφεύγειν
2868 1213 3070 1284 αίτίας.
3113 1223 3261 1293 Πρὸς
3303 1223 3524 1278 ἀπαντα
3571 1226 3630 1280 δὲ

1928 1295 2105 1351 ταῦτα
2139 1298 2328 1371 ἕτερον
2351 1302 2451 1371 μὲν
2482 1304 2659 1370 οὐδὲν,
2702 1306 2815 1376 ἠδὲ
2850 1307 2945 1361 τοῦ
2967 1308 3129 1377 λόγου
3161 1309 3388 1381 βοήθεια
3414 1308 3630 1368 δέδοται

1897 1416 1900 1419 -
1932 1384 2093 1457 μόνηο
2124 1386 2228 1440 κάν
2260 1406 2344 1452 τις
2367 1390 2575 1460 ταύτης
2613 1394 3066 1465 ἀπεστερημένος
3183 1399 3284 1469 τῆς
3315 1398 3624 1470 δυνάμεως,

1927 1473 2082 1527 οὐδὲν
2115 1474 2343 1545 ἀμεινον
2395 1479 2507 1532 τῶν
2549 1483 2971 1554 χειμαζομένων
3008 1485 3212 1539 πλοίων
3267 1487 3535 1557 διηνεκῶς
3568 1491 3626 1542 αί

1926 1557 2101 1645 ψυχαὶ
2125 1561 2239 1614 τῶν
2265 1563 2358 1616 ὑπ’
2389 1565 2540 1637 αὑτῷ
2581 1569 2936 1639 τεταγμένων
2979 1572 3193 1645 ἀνδρῶν
3230 1572 3627 1638 διακείσονται,

1925 1643 2036 1734 τῶν
2088 1647 2502 1722 ἀσθενεστέρων
2549 1656 2647 1708 καὶ
2684 1643 3128 1730 περιεργοτέρων
3180 1659 3346 1730 λέγω.
3389 1661 3626 1734 Διὸ-χρη

1924 1732 2019 1786 τὸν
2057 1735 2211 1806 ίερέα
2241 1737 2421 1793 πάντα
2442 1745 2620 1796 ποιεῖν
2648 1744 2790 1816 ὑπὲρ
2813 1746 2909 1799 τοῦ
2941 1745 3151 1820 ταύτην
3190 1749 3501 1819 κτήσασθαι
3524 1732 3626 1822 τὴν

1928 1822 2106 1891 ίσχύν.

1995 1909 2110 1963 Καὶ
2159 1913 2188 1966 6
2236 1912 2622 1985 BAZIAEIOE,
2681 1919 2748 1972 Τί
2788 1915 2942 1980 οὖνὸ
2981 1920 3218 1987 Παῦλος,
3275 1925 3466 1996 φησὶν,
3520 1926 3626 1980 οὐκ

1922 1995 2229 2054 ἐσπούδασε
2259 2002 2468 2074 ταύτην
2494 2006 2644 2077 αὐτῷ
2663 2003 3078 2079 κατορθωθῆναι
3111 2010 3131 2049 ί
3151 2012 3251 2082 τὴν
3272 1995 3497 2084 ἀρετὴν,
3528 2015 3623 2067 ού-

1909 2083 1976 2137 ’δὲ
2007 2086 2418 2154 ἐγκαλύπτεται
2445 2094 2538 2146 ἐπὶ
2555 2096 2620 2166 τῇ
2633 2094 2744 2148 τοῦ
2781 2096 2945 2164 λόγου
2975 2097 3157 2168 πενίᾳ,
3189 2099 3328 2153 ἀλλά
3356 2083 3449 2155 καί
3465 2100 3626 2174 διαρ-

1879 2176 1882 2178 ⁷
1924 2174 2094 2262 ῥήδην
2119 2178 2379 2248 ὁμολογεῖ
2414 2181 2635 2254 ἰδιώτην
2661 2185 2857 2238 ἑαυτὸν
2889 2175 3056 2248 εἶναι,
3088 2187 3183 2239 καὶ
3219 2186 3398 2242 ταῦτα
3421 2191 3624 2262 Κοριν-

1921 2260 2058 2327 θίοις
2087 2266 2444 2332 ἐπιστέλλων,
2470 2273 2588 2334 τοῖς
2639 2272 2748 2326 ἀτοὺ
2785 2273 2887 2327 τοῦ
2930 2273 3114 2343 λέγειν
3154 2260 3621 2348 θαυμαζομένοις,

1919 2353 2015 2406 καὶ
2042 2355 2186 2424 μέγα
2233 2358 2328 2411 ἐπὶ
2354 2359 2515 2412 τοῦτο
2542 2361 2805 2432 φρονοῦσι
2829 2380 2843 2429 ;

1992 2449 2066 2517 ς’.
2099 2436 2458 2525 ΧΡΥΣΟΣΤῘ
2473 2447 2649 2503 Τοῦτο
2683 2454 2815 2524 γὰρ,
2852 2451 3012 2526 ἔφην,
3049 2457 3209 2512 τοῦτό
3247 2462 3418 2528 ἐστιν,
3443 2461 3624 2528 δτοὺς

1921 2528 2150 2621 πολλοὺς
2170 2532 2424 2588 ἀπώλεσε
2454 2539 2499 2601 ε,
2525 2537 2618 2591 καὶ
2641 2528 3055 2613 ρᾳθυμοτέρους
3074 2563 3141 2599 πε
3150 2547 3203 2617 pl.
3222 2549 3323 2620 τὴν
3343 2549 3520 2621 ἀληθῆ
3544 2549 3633 2605 διδ

1915 2616 2218 2705 δασκαλίαν
2235 2623 2486 2694 ἐποίησε.
2512 2627 2603 2695 Μὴ
2624 2626 2734 2697 γάρ
2755 2628 3079 2700 δυνηθέντες
3095 2616 3342 2705 ἀκριϐῶς
3365 2616 3621 2705 ἐξετάσαι

1915 2703 2024 2797 τῶν
2041 2706 2417 2797 ἀποστολικῶν
2441 2713 2654 2782 φρενῶν
2675 2715 2736 2767 τὸ
2757 2714 2941 2785 βάθος.
2967 2721 3102 2790 μηδέ
3114 2703 3368 2779 συνιέναι
3390 2703 3489 2797 τὴν
3510 2703 3622 2783 τῶν

1918 2793 2182 2863 ῥημάτων
2205 2795 2464 2857 διάνοιαν,
2497 2799 2807 2856 διετέλεσαν
2838 2805 2930 2859 τὸν
2955 2808 3171 2862 ἅπαντα
3198 2812 3394 2882 χρόνον
3420 2793 3622 2871 νυστά-

1916 2879 2102 2946 ζοντες
2137 2885 2232 2937 καὶ
2257 2887 2629 2959 χασμώμενοιι
2648 2893 2745 2944 καὶ
2783 2895 2885 2964 τὴν
2916 2896 3163 2966 ἀμαθίαν
3183 2879 3458 2971 τιμῶντες
3484 2906 3622 2960 ταύο

1914 2986 2036 3062 την,
2050 2973 2148 3043 οὑχ
2166 2974 2234 3044 ἢν
2248 2977 2276 3026 6
2293 2975 2506 3041 Παῦλός
2524 2995 2691 3049 φησιν
2713 2976 2856 3036 εἶναι
2882 2983 3125 3058 ἀμαθὴς.
3146 2988 3264 3042 ἀλλ’
3278 2987 3345 3062 ἦς
3362 2992 3620 3049 τοσοῦτον

1914 3057 2162 3148 ἀπεῖχεν,
2187 3062 2322 3117 ὅσον
2343 3066 2466 3117 οὐδὲ
2496 3067 2656 3131 ἀλλος
2676 3087 2762 3133 τις
2785 3072 2894 3125 τῶν
2926 3072 3032 3125 ὑπὸ
3062 3057 3155 3127 τὸν
3179 3057 3408 3148 οὐρανὸν
3427 3081 3621 3138 τοῦτον

1913 3145 2238 3241 ἀνθρώπων.
2261 3150 2411 3226 [411]
2448 3155 2590 3208 Ἀλλ’
2609 3152 2765 3221 οὗτος
2790 3161 2887 3230 μὲν
2909 3164 3059 3232 ἡμᾶς
3082 3167 3163 3228 εἰς
3194 3145 3386 3239 καιρὸν
3407 3169 3434 3221 6
3458 3169 3618 3241 λόγος

1913 3235 2252 3306 ἀναμενέτω,
2281 3241 2492 3305 τέωςδέ
2511 3246 2689 3298 ἐκεῖνό
2713 3265 2877 3319 φημι’
2898 3247 3083 3321 θῶμεν
3106 3254 3270 3306 αὑτὸν
3296 3235 3439 3312 εἶναι
3473 3235 3619 3313 ίδίώέ-

1911 3338 2013 3391 την
2041 3325 2200 3378 τοῦτο
2241 3327 2300 3380 τὸ
2332 3329 2531 3400 μέρος,
2557 3331 2700 3404 ὅπερ
2721 3335 2876 3388 αὐτοὶ
2906 3335 3212 3406 βούλονται·
3248 3341 3302 3394 τί
3337 3341 3430 3398 οὖν
3458 3345 3621 3401 τοῦτο

1913 3409 2216 3506 «965-100;-
2225 3415 2428 3506 ἀνδρας
2445 3421 2574 3482 τοὺς
2597 3420 2724 3488 νῦν;
2772 3423 3013 3491 Ἐκεῖνος
3037 3429 3138 3498 μὲν
3164 3431 3275 3503 γὰρ
3295 3429 3442 3504 εἶχεν
3462 3437 3618 3506 ίσχὺν

1913 3497 2096 3597 πολλῷ
2123 3501 2220 3554 τοῦ
2240 3502 2401 3597 λόγου
2423 3508 2647 3597 μείζονα
2677 3511 2774 3564 καὶ
2809 3497 3047 3569 πλείονα
3072 3497 3382 3590 δυναμένην
3413 3497 3617 3597 κατορ-

1913 3583 2058 3680 θοῦνέ
2095 3591 2426 3680 φαινόμενος
2458 3596 2556 3665 μὲν
2587 3598 2697 3669 γὰρ
2735 3599 2896 3669 μόνον
2920 3605 3014 3656 καὶ
3047 3583 3239 3674 σιγῶν,
3274 3583 3388 3673 τοῖς
3421 3583 3618 3680 δαίμο-

1913 3689 1998 3726 σιν
2024 3671 2093 3769 ἦν
2125 3677 2380 3769 φοϐερός·
2401 3683 2450 3735 οί
2480 3683 2538 3736 δὲ
2561 3684 2660 3738 νῦν
2695 3687 2899 3752 πάντες
2921 3690 3058 3761 ὁμοῦ
3095 3671 3445 3761 συνελθόντες
3478 3671 3618 3769 μετὰ

1916 3763 2129 3858 μυρίων
2152 3767 2328 3858 εὐχῶν
2352 3770 2451 3858 καῖ
2479 3771 2736 3843 δακρύων
2767 3777 2867 3830 οὐκ
2897 3777 2963 3832 ἂν
2988 3779 3270 3852 δυνηθεῖεν
3299 3786 3400 3838 ὅσα
3427 3763 3626 3858 ἴσχυσε.

1911 3849 1980 3901 τά
2003 3853 2310 3943 σιμικίνθια
2335 3856 2556 3911 Παύλου
2594 3862 2749 3915 ποτέ.
2794 3866 2906 3919 Καὶ
2938 3849 3155 3933 Παῦλος
3192 3870 3292 3940 μὲν
3319 3849 3618 3943 εὐχόμενος

1912 3941 2144 4027 νεκροὺς
2191 3944 2410 4015 ἀνίστη,
2441 3948 2538 4000 καὶ
2573 3949 2713 4004 ἄλλα
2757 3952 3204 4027 ἐθαυματούργει
3243 3941 3494 4027 τοιαῦτα,
3538 3965 3616 4027 ὼς

1912 4026 2008 4122 καὶ
2047 4027 2169 4092 θεὸς
2196 4033 2531 4122 νομισθῆναι
2571 4038 2725 4112 παρὰ
2752 4045 2868 4105 τοῖς
2915 4026 3138 4108 ἔξωθεν⁸
3176 4047 3272 4099 καὶ
3305 4050 3437 4120 πρὶν
3461 4050 3492 4122 ἢ
3517 4026 3614 4104 τοῦ

1913 4112 2031 4180 βίου
2059 4120 2394 4208 μεταστῆναι
2425 4123 2639 4189 τούτου,
2669 4129 2985 4200 κατηξιώθη
3023 4112 3615 4208 ἀρπαγῆναιέωςτρί-

1910 4218 2004 4294 του
2039 4203 2294 4274 ούρανοῦ,
2318 4212 2416 4272 καὶ
2454 4214 2722 4282 ῥημάτων
2768 4221 3080 4288 μετασχεῖν,
3109 4213 3184 4273 ὧν
3219 4203 3280 4274 ού
3316 4223 3476 4294 θέμις
3523 4203 3617 4279 ἀνι-

1912 4288 2196 4360 θρωπείαν
2222 4297 2456 4352 ἀκοῦσαι
2505 4300 2690 4370 φύσιν.
2718 4305 2782 4356 Οί
2810 4305 2867 4358 δὲ
2887 4305 2982 4358 νῦν
3006 4307 3160 4371 ὄντες
3178 4311 3318 4378 (ἀλλ’
3343 4288 3496 4366 ούδὲν
3522 4314 3616 4367 δύ-

1910 4394 2079 4468 ναμαι
2113 4381 2372 4455 δυσχερὲς
2406 4386 2433 4426 h
2476 4390 2656 4442 είπεῖν
2699 4391 2822 4445 οὐδέ
2849 4392 3012 4463 βαρύ’
3049 4395 3144 4447 καὶ
3177 4396 3287 4468 γὰρ
3316 4399 3410 4451 καὶ
3437 4399 3615 4455 ταῦτα

1909 4466 2011 4555 ούκ
2050 4469 2404 4539 ἐπεμϐαίνων
2441 4476 2629 4540 αὐτοῖς
2657 4476 2803 4547 λέγω
2830 4481 2944 4544 νῦν,
2981 4481 3118 4534 ἀλλά
3140 4466 3462 4555 θαυμάζων)
3494 4490 3614 4554 πῶς

1909 4553 1970 4643 οὐ
1999 4556 2338 4627 φρίττουσιν,
2362 4563 2521 4634 ἀνδρὶ
2543 4565 2850 4637 τηλικούτῳ
2875 4553 3323 4640 παραϐάλλοντες
3346 4553 3607 4643 ἑαυτούς

1909 4641 2113 4734 Εί-γάρ
2144 4648 2240 4699 καὶ
2277 4649 2348 4702 τὰ
2389 4648 2648 4722 θαύματα
2689 4655 2943 4723 ἀφέντες,
2982 4660 3076 4710 ἐπὶ
3096 4659 3190 4712 τὸν
3217 4660 3332 4731 βίον
3359 4641 3610 4734 ἔλθοιμεν

1907 4730 2004 4824 τοῦ
2032 4735 2328 4824 μακαρίου,
2359 4739 2455 4792 καλ⁵
2483 4741 2584 4811 τὴν
2616 4741 2896 4798 πολιτείαν
2925 4730 3288 4819 ἐξετάσαιμεν
3314 4730 3610 4824 αὑτοῦ-τὴν

1907 4815 2233 4911 ἀγγελικὴν,
2258 4827 2353 4880 καὶ
2383 4828 2441 4879 ἐν
2467 4828 2641 4901 ταύτῃ
2665 4831 2886 4901 μᾶλλον.
2915 4834 2946 4904 ἢ
2974 4837 3032 4888 ἐν
3061 4839 3176 4900 τοῖς
3189 4815 3472 4911 σημείοις,
3487 4815 3610 4911 όψέι

1907 4906 2146 4964 νικῶντα
2174 4911 2267 4966 τὸν
2295 4912 2536 4985 ἀθλητὴν
2564 4917 2660 4970 τοῦ
2689 4919 2929 4989 Χριστοῦ
2954 4922 2997 4974 ί.
3031 4921 3098 4973 Τί
3123 4922 3231 4995 γάρ
3257 4906 3339 4982 τάν
3359 4944 3443 4991 τις
3463 4906 3608 4981 είποι

1906 4995 1998 5050 τὸν
2029 4997 2214 5066 ζῆλον,
2246 4999 2353 5070 τὴν
2370 5002 2697 5069 ἐπιείκειαν,
2729 5007 2855 5070 τοὺς
2899 5013 3144 5079 συνεχεῖς
3171 5012 3473 5079 κινδύνους,
3508 5015 3609 5080 τὰς

1906 5085 2246 5158 ἐπαλλήλους
2270 5089 2579 5161 φροντίδας,
2617 5093 2716 5156 τὰς
2747 5094 3131 5163 ἀδιαλείπτους
3153 5100 3293 5171 ὑπὲρ
3325 5102 3436 5155 τῶν
3482 5105 3609 5158 Ἐκ-

1905 5174 2147 5244 κλησιῶν
2172 5176 2435 5247 ἀθυμίας,
2463 5179 2525 5231 τὸ
2541 5179 2678 5250 πρὸς
2707 5181 2834 5244 τοὺς
2874 5183 3124 5250 ἀσθενεῖς
3165 5191 3474 5259 συμπαθὲς,
3505 5194 3606 5257 τὰς

1907 5262 2110 5326 πολλὰς
2149 5263 2380 5334 θλίψεις,
2409 5268 2536 5330 τοὺς
2567 5269 2918 5341 καινοτέρους
2962 5271 3259 5343 διωγμοὺς,
3302 5279 3429 5342 τοὺς
3463 5281 3603 5335 καθ-

1903 5369 1939 5421 η
1948 5369 2014 5422 με
2024 5354 2203 5424 ρινοὺς
2225 5352 2523 5420 θανάτους-ς
2547 5356 2643 5420 Τίς
2671 5356 2780 5427 γὰρ
2804 5358 2970 5423 τόπος
2990 5361 3088 5430 τῆς
3107 5365 3455 5436 οἰκουμένης,
3472 5368 3605 5424 ποία

1904 5439 2155 5511 ἤπειρος,
2186 5441 2316 5494 ποία
2348 5440 2590 5496 θάλαττα
2621 5442 2714 5495 τοῦ
2747 5443 2959 5498 δικαίου
2994 5448 3186 5502 τούτου
3231 5453 3360 5515 τοὺς
3403 5452 3603 5520 ἀθλους

1904 5527 2209 5596 ἠγνόησεν;
2247 5526 2487 5582 Ἐκεῖνον
2523 5530 2619 5584 καὶ
2657 5532 2691 5601 ή
2736 5532 2992 5605 ἀοίκητος
3024 5534 3189 5606 ἔγνω,
3221 5539 3602 5597 κινδυνεύοντα

1903 5614 2171 5687 δεξαμένη
2197 5617 2481 5681 πολλάκις.
2511 5620 2629 5674 Πᾶν
2655 5619 2767 5693 γὰρ
2783 5620 2924 5690 εἶδος
2959 5625 3253 5697 ὑπέμεινεν
3283 5630 3600 5704 ἐπιϐουλῆς,

1975 5718 1992 5794 ξ
2029 5720 2112 5768 Sic
2150 5720 2323 5800 Savli‘li,
2368 5737 2546 5786 magna
2586 5739 2700 5788 pars
2742 5741 2858 5779 mss.
2882 5729 3058 5789 ταύτην
3082 5749 3158 5782 σοι
3182 5738 3395 5800 κατορθ.,
3423 5737 3594 5789 Morel.

1904 5781 2076 5840 ταύτην
2095 5787 2285 5846 κατορθ.
2452 5781 2475 5786 ⁷
2588 5781 2603 5788 ’
2945 5808 2948 5811 ·

1969 5847 1994 5882 l‘
2018 5846 2113 5893 Alii
2140 5846 2436 5895 ἀπολώλεκε.

1967 5904 1993 5943 li
2149 5908 2283 5976 οῦδὲν
2301 5909 2537 5976 Δβούλομαι
2562 5913 2702 5976 δυσχ.

1975 5980 1990 6008 ι
2022 5969 2120 6021 Alii
2141 5971 2347 6029 ἀθλητήν
2369 5969 2623 6024 τοῦθεοῦ.
