4198 6324
203 381 311 435 689

202 497 344 548 culta
375 504 589 561 quoque
616 496 755 546 terra
785 493 1044 547 noverat.
1075 483 1203 541 dum
1236 497 1360 540 eum
1398 499 1544 554 sarpe
1571 484 1788 554 pericli-

208 593 409 638 tantem
455 577 784 650 excipiebat".
826 580 998 635 Omne
1037 579 1235 648 quippe
1274 590 1445 646 genus
1481 575 1792 655 insidiarum

205 674 346 737 tulit,
373 682 432 746 et
453 686 669 728 omnem
697 671 931 731 yictoria:
956 657 1171 722 modum
1195 669 1446 736 eipertus
1473 675 1580 733 est,
1604 680 1672 720 ac
1699 681 1795 720 ne-

198 779 308 834 que
330 749 686 820 certantinum
709 774 885 832 neque
908 772 1228 816 coronarum
1252 756 1414 811 tinem
1441 755 1662 810 invenit.
1689 753 1794 810 Ve-

201 870 321 908 rum
364 853 562 924 nescio
589 866 695 922 quo
732 860 902 920 pacto-1
926 863 993 904 eo
1028 848 1263 924 animum
1295 845 1505 916 appuli,
1532 855 1592 899 ut
1617 845 1790 902 virum

198 942 528 998 contumelia
555 940 848 996 afllccrem:
875 937 1037 994 Gesta
1061 938 1259 1008 quippe
1287 937 1406 1007 ejus
1433 949 1792 995 omnemser—

196 1049 418 1088 mortem
451 1040 742 1102 superant,
767 1045 943 1103 meum
971 1045 1102 1085 vero
1127 1037 1335 1083 tantum
1358 1069 1377 1094 ,
1405 1037 1660 1098 quantum
1690 1043 1790 1083 nos

194 1131 458 1192 superant
483 1103 694 1178 dicendi
724 1121 903 1190 periti.
933 1121 1179 1174 Attamen
1213 1133 1281 1174 ne
1303 1119 1383 1174 sic
1404 1118 1623 1192 quidem
1651 1117 1789 1189 (ne-

190 1226 301 1280 que
341 1212 486 1266 enim
525 1211 594 1267 ab
617 1209 784 1275 exitu,
816 1209 910 1264 sed
949 1223 983 1264 a
1022 1207 1298 1262 voluntate
1337 1207 1524 1262 beatus
1563 1208 1654 1262 ille
1690 1221 1790 1261 nos

195 1299 492 1371 metitur),
523 1314 632 1355 non
669 1299 894 1354 cessabo
932 1297 1105 1353 donec
1141 1295 1246 1351 hoc
1278 1295 1574 1352 addiderim
1598 1335 1615 1359 ,
1644 1295 1788 1366 quod

190 1367 347 1445 tanto
376 1367 719 1460 priestantius
754 1395 838 1444 est
873 1401 1034 1455 supra
1059 1385 1222 1440 dictis
1243 1425 1260 1450 ,
1291 1393 1492 1455 quanto
1526 1385 1620 1440 ille
1647 1400 1788 1455 pra-

193 1482 427 1537 stantior
446 1481 694 1552 omnibus
712 1479 1035 1534 hominibus.
1062 1477 1198 1545 Quid
1227 1477 1353 1531 illud
1382 1476 1500 1532 est?
1525 1477 1654 1532 Post
1679 1485 1787 1532 tam

194 1571 365 1626 multa
402 1571 616 1641 egregia
646 1568 878 1624 facinora
905 1608 920 1632 ,
950 1575 1071 1637 post
1105 1568 1413 1621 innumeras
1439 1580 1666 1622 coronas
1684 1604 1705 1633 ,
1732 1567 1788 1630 in

191 1664 496 1730 gehennam
523 1661 691 1724 abire,
719 1667 776 1714 et
803 1669 1004 1713 aeterno
1033 1657 1168 1712 tradi
1195 1657 1456 1726 supplicio
1476 1657 1702 1726 Optavit,
1729 1665 1790 1712 ut

192 1739 391 1816 ludei,
417 1753 510 1820 qui
536 1750 710 1820 ipsum
735 1747 1274 1817 smpelapidaverant,
1293 1746 1420 1815 imo,
1444 1755 1701 1815 quantum
1730 1746 1785 1800 in

193 1841 325 1910 ipsis
345 1851 486 1906 erat,
503 1840 830 1905 occiderant,
852 1838 984 1893 salvi
1005 1846 1188 1894 essent
1204 1845 1258 1891 et
1274 1838 1341 1891 ad
1355 1837 1622 1892 Christum
1643 1851 1789 1892 acce-

192 1912 384 1988 tierent
405 1932 584 2001 (Rom.
603 1931 660 1986 9.
672 1930 755 2002 δ).
772 1929 904 1998 Quis
921 1929 989 1984 ita
1009 1929 1280 1983 Christum
1301 1928 1588 1983 amavittsi
1607 1937 1785 2000 tamen

193 2021 247 2074 id
265 2035 423 2075 amor
441 2020 722 2076 dicendum
738 2028 841 2085 est,
859 2026 915 2075 et
925 2033 1036 2073 non
1051 2018 1320 2089 quidpiam
1337 2012 1519 2078 arnore
1535 2029 1787 2088 praestan-

191 2111 318 2165 tius.
355 2109 605 2166 Etiamne
637 2110 797 2180 igitur
829 2123 930 2165 nos
961 2108 1105 2178 ipsos
1138 2123 1259 2164 cum
1277 2108 1380 2162 illo
1400 2107 1734 2164 conferemus
1764 2148 1784 2176 ,

192 2209 315 2270 post
343 2208 550 2255 tantam
573 2214 732 2270 quam
757 2200 961 2254 caelitus
988 2199 1192 2268 accepit
1225 2200 1449 2278 gratiam
1473 2239 1489 2264 ,
1517 2207 1638 2269 post
1662 2208 1783 2254 tan-

193 2302 301 2345 tam
327 2290 585 2346 virtutem
608 2330 626 2357 ,
650 2303 808 2360 quam
836 2305 906 2347 ex
933 2290 1110 2358 seipse
1130 2288 1420 2350 exhibuit?
1459 2290 1662 2365 Ecquid
1691 2291 1785 2350 illo

191 2380 490 2436 audacius?
525 2380 678 2448 Quod
698 2388 886 2438 autem
913 2393 1020 2440 non
1048 2384 1185 2440 adeo
1212 2384 1376 2441 idiota
1403 2385 1579 2450 fuerit,
1602 2395 1660 2439 ut
1683 2385 1785 2455 ipsi

192 2467 544 2544 arbitrantur,
570 2471 625 2532 id
641 2472 751 2548 iam
772 2485 1193 2533 commonstrare
1216 2477 1515 2548 aggrediar.
1545 2477 1611 2533 Ili
1635 2477 1782 2533 enim

193 2577 301 2622 non
319 2567 482 2622 modo
497 2567 714 2622 idiotam
733 2578 926 2635 vocant
941 2583 1086 2635 eum,
1104 2570 1193 2640 qui
1213 2570 1266 2624 in
1285 2577 1627 2624 externarum
1658 2570 1783 2624 litea

192 2671 373 2713 rarum
392 2658 680 2729 praistigiis
699 2673 806 2712 non
827 2658 1148 2713 exercitatus
1168 2658 1346 2725 fuerit,
1369 2659 1464 2729 sed
1479 2661 1640 2714 etiam
1658 2675 1782 2716 eum

191 2746 283 2811 «τιιί
324 2761 425 2815 pro
455 2748 601 2802 veris
635 2747 974 2817 dogmatibus
999 2763 1240 2818 pugnare
1268 2746 1475 2804 nesciat
1503 2765 1519 2802 :
1546 2763 1611 2813 ac
1635 2757 1782 2804 recte

189 2835 434 2906 quidem.
462 2837 532 2890 At
559 2836 752 2892 Paulus
782 2851 886 2892 non
916 2837 1195 2907 tttrobiqne
1223 2853 1284 2894 se
1312 2837 1529 2893 idiotam
1557 2839 1780 2908 proﬁte-

165 2925 167 2928 ⁴
196 2935 303 2988 tur,
324 2925 421 2980 sed
446 2924 499 2980 in
526 2920 716 2980 herum
736 2926 905 2980 altero
925 2933 1149 2981 tantum.
1172 2925 1242 2981 Et
1259 2935 1317 2982 ut
1340 2927 1392 2982 id
1417 2929 1776 2994 conﬁrmaret,

186 3013 589 3072 distinctionem
614 3024 862 3070 accurate
887 3015 1100 3085 posuit,
1128 3029 1250 3070 cum
1277 3015 1502 3083 diceret,
1527 3029 1780 3090 sermone

187 3121 254 3162 se
279 3105 498 3161 idiotam
518 3120 659 3171 esse,
688 3106 784 3160 sed
814 3121 919 3161 non
945 3107 1249 3176 cognitione
1278 3107 1375 3177 (2.
1403 3106 1523 3162 Cor.
1551 3109 1642 3164 11.
1670 3109 1706 3164 6
1733 3109 1775 3178 ).

185 3197 330 3252 Sane
354 3196 402 3250 si
427 3194 673 3250 Isocratis
695 3182 933 3265 leporem
963 3197 982 3230 ⁸
1008 3197 1296 3267 exigerem,
1323 3199 1369 3254 si
1400 3198 1777 3255 Demosthenis

186 3277 441 3353 acumen,
472 3288 517 3342 si
543 3284 870 3357 Thucydidis
891 3289 1204 3361 gravitatem
1219 3327 1242 3355 ,
1267 3289 1313 3344 si
1341 3289 1576 3345 Platonis
1601 3290 1807 3364 subli-‘

187 3376 432 3432 unitatem
452 3417 471 3442 ,
499 3376 605 3432 hoc
637 3376 786 3432 Pauli
814 3377 1174 3434 testimonium
1199 3380 1256 3434 in
1281 3380 1512 3436 medium
1542 3381 1774 3439 alienu-

182 3467 311 3520 dum
345 3473 513 3521 esset.
540 3465 692 3521 Nunc
713 3474 892 3522 autem
925 3467 1014 3521 illa
1041 3470 1220 3524 omnia
1235 3470 1410 3525 missa
1435 3470 1572 3526 facio
1598 3511 1614 3534 ,
1640 3487 1774 3528 nec-

185 3571 293 3611 non
336 3556 608 3614 curiosum
652 3557 801 3611 illum
850 3567 1154 3612 exterarum
1181 3550 1486 3624 ,ornatu‘m,
1534 3561 1774 3633 nihilque

182 3661 317 3701 curo
341 3646 632 3702 dictionem
657 3647 1180 3718 enuntiationemque
1193 3651 1234 3702 '.
1255 3650 1361 3706 Sed
1381 3661 1504 3706 esto
1519 3653 1668 3708 illum
1685 3654 1773 3709 di-

183 3738 366 3792 ctione
389 3737 604 3806 inopem
632 3752 775 3805 esse,
800 3746 855 3793 et
877 3741 1313 3807 compositionem
1335 3745 1612 3798 nominum
1639 3745 1772 3800 sim-

185 3828 379 3898 plicem
405 3843 472 3883 ac
496 3830 798 3893 remissam,
821 3829 948 3886 dum
968 3845 1039 3886 ne
1065 3831 1365 3902 cognitione
1389 3843 1444 3888 et
1461 3834 1770 3906 dogmatum
1806 3884 1809 3888 .

182 3920 526 3975 accuratione
545 3919 706 3975 idiota
723 3921 823 3986 sit;
843 3937 910 3976 ne
925 3922 1065 3988 ideo,
1085 3933 1143 3978 ut
1157 3925 1422 3994 ignaviam
1440 3935 1582 3997 tegat
1594 3941 1770 3999 suam,

183 4011 343 4065 beato
367 4009 444 4064 illi
466 4009 606 4080 quod
620 4010 914 4084 maximum
937 4012 993 4068 in
1014 4013 1170 4069 bonis
1188 4024 1274 4087 est
1296 4015 1772 4097 laudemque‘prai-

180 4100 398 4168 cipuam
428 4099 655 4156 auferat.

256 4187 314 4241 τί
353 4185 579 4241 Paulum
608 4205 710 4243 non
732 4189 993 4246 miraculis
1012 4182 1178 4246 solum
1202 4194 1474 4264 claruisse,
1502 4198 1594 4252 sed
1615 4200 1770 4254 etiam

178 4284 293 4331 arte
309 4276 533 4331 dicendi.
550 4304 622 4317 -—
634 4277 932 4341 Undenam,
951 4279 1196 4347 obsecro,
1218 4284 1430 4341 Judteos
1452 4288 1522 4340 Dn
1529 4303 1766 4346 mascum

186 4358 500 4412 incolentes
525 4358 776 4413 confudit
800 4360 941 4430 (Act.
958 4358 1012 4413 9.
1036 4359 1156 4445 22),
1183 4376 1309 4416 cum
1335 4362 1581 4447 nondulnt
1605 4365 1779 4418 mira-

187 4450 313 4504 cula
339 4447 510 4504 edere
538 4449 833 4518 coepisset?
859 4450 1006 4506 unde
1023 4448 1357 4519 Hellenistas
1379 4453 1509 4506 item
1531 4461 1780 4523 prostra-

185 4546 263 4598 vit
278 4545 306 4597 ?
323 4557 502 4612 quare
522 4541 760 4598 Tarsum
773 4544 982 4599 missus
1001 4551 1085 4599 est
1107 4543 1218 4614 (Ib.
1240 4561 1290 4599 υ.
1316 4546 1408 4601 29.
1427 4546 1517 4616 50)
1592 4562 1777 4604 nonne

183 4635 315 4705 quia
333 4635 387 4688 vi
405 4633 562 4688 verbi
581 4633 900 4704 superabat,
919 4643 974 4689 et
993 4636 1045 4690 in
1068 4643 1281 4708 tantum
1305 4636 1456 4707 ipsos
1471 4633 1774 4708 premebat,

184 4703 269 4787 nt,
301 4740 365 4780 se
388 4721 571 4779 victos
604 4703 729 4780 esse
757 4741 868 4780 non
904 4703 1166 4804 ferente‘s',
1200 4727 1266 4786 ad
1293 4703 1443 4784 illius
1464 4703 1662 4784 necem
1687 4731 1779 4785 in-
1889 4720 1891 4722 ’

183 4815 642 4871 ﬂammarentur‘l
662 4814 802 4871 Tum
832 4818 982 4872 enim
1019 4818 1264 4874 nondum
1306 4820 1576 4876 miracula
1612 4822 1777 4878 edere

182 4916 435 4976 (πωροι-ιιι
483 4925 499 4963 :
541 4921 722 4986 neque
763 4909 943 4980 possit
985 4909 1265 4980 quispiam
1309 4909 1520 4977 dicere,
1569 4913 1775 4970 multos

186 5000 375 5069 ipsum
417 4997 491 5053 ob
540 5000 938 5056 miraculorum
991 4989 1223 5071 gloriam
1258 5002 1644 5057 admirandum
1674 5003 1776 5058 ha-

185 5090 400 5155 buisse,
429 5082 637 5158 eosque
653 5092 746 5160 qui
779 5105 905 5152 cum
940 5106 1010 5147 eo
1033 5092 1351 5163 pugnabant
1368 5093 1776 5150 viricxistima-

183 5183 340 5236 tione
379 5179 554 5236 fuisse
580 5186 896 5250 prostratos
931 5199 946 5237 :
980 5195 1108 5237 nam
1141 5183 1206 5236 ad
1241 5184 1296 5237 id
1337 5199 1515 5254 usque
1551 5193 1773 5256 tempus

183 5272 463 5327 semionis
494 5272 546 5325 vi
572 5272 890 5341 superabat.
914 5272 1194 5329 Adversus
1215 5289 1313 5330 eos
1331 5283 1514 5330 autem
1533 5276 1629 5346 qui
1658 5277 1775 5331 An-

185 5361 408 5415 tiocbia:
427 5360 1216 5432 judaiaareaggrediehantur,
1244 5355 1524 5435 quomodo
1545 5369 1774 5423 dimica-

187 5451 283 5504 bat
299 5449 734 5520 disputabatque
753 5449 901 5522 (Gal.
919 5453 975 5505 2.
1002 5453 1062 5505 ll
1077 5455 1091 5518 )
1106 5453 1133 5506 ἳ
1151 5455 1480 5525 Aretipagita
1503 5456 1766 5524 verojlle,

186 5540 757 5610 superstitiosissima:
786 5541 944 5598 urbis
969 5543 1123 5597 illius
1151 5543 1312 5608 civis,
1338 5560 1522 5600 nonne
1551 5563 1618 5600 ex
1647 5549 1762 5601 sola

182 5633 308 5702 ejus
325 5632 599 5687 concione
627 5648 752 5688 cum
771 5650 944 5689 uxore
961 5631 1229 5705 sequutus
1245 5651 1370 5691 eum
1393 5644 1483 5692 cst'
1509 5636 1651 5708 (Act.
1679 5639 1763 5692 Π.

250 5767 266 5833 _'
301 5767 409 5833 Alii
437 5755 672 5833 Isocratis
692 5765 1004 5829 facundiam;
1026 5766 1131 5830 alii,
1154 5767 1360 5819 socratis
1378 5767 1678 5833 facundiam.

250 5831 270 5860 '
301 5820 422 5904 Alii.
450 5820 839 5892 apologiai'nauc.

1413 372 1503 428 ns
1538 369 1988 431 suamnam.
2029 373 2159 432 us.
2199 341 2288 432 iv.

1872 481 1974 552 Μ)
1997 483 2022 537 Υ
2047 483 2328 558 Eutychus
2350 494 2533 564 autem
2557 489 2835 557 quomodo
2857 489 2929 546 de
2943 478 3186 549 fenestra
3201 494 3465 566 delapsus

1880 577 1968 624 est
2003 572 2141 638 (Act.
2173 574 2277 629 20-
2296 575 2397 645 9)ἳ
2423 591 2605 632 nonne
2634 570 2974 649 quia'usque
3000 581 3070 634 ad
3104 582 3332 656 multam
3363 601 3465 637 no-

1878 665 2025 712 ctem
2059 659 2182 727 eius
2223 660 2514 717 audiendas
2555 663 2821 720 doctrinae
2853 666 3121 721 vacabat?
3157 668 3302 734 Quid
3333 681 3467 724 νει-ο

1880 740 2295 802 Thessalonica:
2330 754 2388 802 et
2416 747 2711 804 Corinthi?
2734 751 2869 822 quid
2916 751 3142 823 Ephesi,
3165 762 3225 810 et
3258 755 3314 811 in
3343 757 3465 827 ipsa

1877 827 2092 915 lioma?
2111 849 2294 899 nonne
2314 836 2433 893 dies
2452 847 2750 908 noctesque
2767 839 3081 897 insumebat
3096 842 3156 897 in
3180 857 3469 915 exponen-

1875 914 1965 970 dis
1986 919 2460 991 Scripturiszlam
2484 925 2616 994 quid
2638 918 2849 982 dixeris
2865 927 2937 983 de
2953 929 3108 985 illius
3128 914 3465 1001 disputatio-

1876 1005 2197 1102 nibus-cum
2234 1009 2520 1077 Epicureis
2545 1021 2604 1070 et
2650 1013 2858 1072 Stoicis
2891 1016 3002 1088 (Id.
3039 1019 3126 1083 i7,
3163 1019 3296 1091 l8)?
3325 1019 3462 1102 Nam

1879 1092 1926 1149 si
1949 1095 2134 1153 omnia
2159 1114 2451 1156 recensere
2463 1103 2721 1164 velimus,
2743 1103 2964 1175 longius
2982 1115 3242 1162 excurret
3255 1092 3461 1178 oratio:

1877 1179 2014 1259 Cum
2044 1183 2232 1253 itaque
2259 1195 2315 1241 et
2345 1198 2473 1244 ante
2489 1189 2742 1259 signa,et
2765 1191 2822 1258 in
2848 1192 3045 1248 mediis
3080 1195 3257 1263 signis
3281 1195 3463 1264 ipsum
3524 1203 3527 1207 '

1880 1269 2054 1347 multa
2081 1273 2301 1332 dicendi
2325 1277 2378 1330 vi
2407 1294 2572 1348 usum
2595 1294 2721 1334 esse
2745 1280 2928 1350 palam
2947 1280 3351 1351 sit,~quomodo
3369 1283 3468 1338 ad-

1881 1355 1990 1411 huc
2005 1361 2246 1417 audeant
2264 1366 2488 1420 idiotaui
2507 1365 2695 1422 dicere
2714 1382 2864 1433 eum,
2880 1369 2972 1438 qui
2990 1369 3468 1438 disputationibus

1880 1450 1936 1496 et
1957 1448 2320 1504 concionihus
2347 1448 2599 1522 magnam
2624 1454 2729 1509 sibi
2753 1455 2898 1525 apud
2914 1471 3118 1515 omnes
3142 1457 3491 1518 admiratio--

1879 1544 2003 1584 nem
2023 1535 2366 1593 conciliavit?
2377 1536 2778 1619 CprLycaones
2792 1541 2972 1610 ipsum
2991 1541 3323 1600 Mercurium
3340 1562 3467 1603 esse

1850 1649 1853 1651 ›
1879 1618 2149 1685 suspicati
2180 1618 2312 1677 sunt
2338 1618 2721 1696 (sanan):
2745 1627 2882 1682 Nam
2903 1630 3050 1699 quod
3065 1631 3141 1686 dii
3161 1648 3286 1688 esse
3302 1643 3467 1704 puta-

1845 1737 1856 1743 -
1869 1715 2092 1793 rentur,
2117 1707 2169 1761 id
2195 1723 2263 1763 ex
2293 1709 2470 1779 signis
2491 1711 2864 1783 adiciebatur;
2894 1716 3044 1793 quod
3069 1732 3201 1773 vero
3227 1719 3463 1775 Paulum

1869 1789 2206 1848 Mercurium
2229 1811 2353 1851 esse
2373 1801 2651 1867 putarent,
2674 1801 2726 1858 id
2749 1810 2862 1861 non
2896 1791 3203 1874 signorum,
3221 1807 3319 1862 sed
3343 1808 3461 1863 elo-

1873 1879 2114 1946 quentia:
2133 1884 2299 1937 causa
2323 1885 2528 1943 evenit.
2549 1886 2732 1964 Quare
2753 1889 2949 1944 beatus
2970 1889 3062 1944 ille
3081 1890 3169 1944 vir
3183 1905 3462 1962 praeroga-

1796 1995 1816 2002 --
1874 1966 2042 2067 tiv‘am
2063 1968 2753 2067 intercateros'apostolos
2778 1977 3152 2034 habnit?unde
3167 1995 3268 2067 per
3280 1989 3458 2035 totum

1852 2051 2061 2126 orbem
2088 2057 2297 2114 multus
2320 2058 2376 2112 in
2411 2061 2659 2115 omnium
2684 2077 2781 2117 ore
2805 2061 3106 2119 vei-satur?
3132 2051 3316 2133 Qu'are
3340 2082 3454 2124 non

1869 2143 2013 2210 apud
2043 2159 2146 2198 nos
2180 2146 2366 2210 modo,
2397 2149 2491 2203 sed
2521 2158 2578 2205 et
2601 2151 2747 2221 apud
2759 2151 2980 2209 Judaaos
3010 2163 3064 2209 et
3087 2154 3316 2214 Graecos
3345 2174 3460 2211 ma-

1869 2229 2016 2305 xime
2043 2234 2291 2303 umnium
2323 2235 2674 2292 admirationi
2709 2238 2983 2295 habetur?
3015 2258 3203 2302 nonne
3230 2259 3296 2298 ex
3323 2244 3458 2315 Epi-

1868 2317 2136 2373 stolarum
2150 2321 2378 2384 virtute.
2396 2339 2505 2393 qua
2524 2341 2632 2398 non
2655 2325 2724 2382 iis
2741 2328 2946 2392 solum,
2975 2331 3072 2398 qui
3097 2345 3246 2385 nunc
3271 2343 3454 2394 erant.

1866 2401 2145 2472 fidelibus,
2176 2407 2274 2462 sed
2287 2409 2452 2464 etiam
2482 2411 2575 2475 iis,
2603 2412 2697 2481 qui
2727 2412 2798 2466 ab
2831 2413 2927 2467 illo
2961 2422 3210 2486 tempore
3232 2417 3289 2471 in
3310 2416 3462 2472 hunc

1868 2506 2045 2562 usque
2065 2493 2209 2550 diem
2229 2495 2403 2560 fuere,
2427 2506 2484 2553 et
2499 2499 2570 2555 iis
2592 2501 2684 2570 qui
2702 2508 2828 2568 post
2851 2500 3177 2558 futuri'sunt
3199 2505 3460 2575 usquead

1865 2576 2228 2637 novissimum
2244 2583 2452 2640 Christi
2469 2586 2785 2664 adventum,
2803 2588 3010 2657 profuit
3025 2578 3481 2662 profuturusque'

1865 2673 1971 2733 est,
1985 2681 2090 2723 nec
2099 2668 2328 2738 iuvandi
2347 2671 2512 2727 tinem
2539 2673 2729 2742 faciet,
2749 2674 2929 2731 donec
2949 2676 3263 2732 humanum
3283 2693 3462 2749 genus

1864 2757 2278 2823 permanserit?
2308 2758 2784 2826 Quemadmodum
2822 2763 2971 2818 enim
3003 2779 3202 2818 murus
3232 2780 3299 2820 ex
3326 2765 3462 2834 ada-

1865 2837 2054 2901 mante
2078 2854 2459 2911 constructus.
2484 2847 2568 2903 sic
2602 2849 2811 2920 scripta
2834 2849 2956 2920 ejus
2978 2849 3272 2908 universas
3305 2853 3458 2909 orbis

1865 2930 2144 2989 Ecclesias
2166 2934 2644 2991 eireumniuniunt
2659 2954 2672 2989 :
2690 2938 2922 3009 ipseque
2949 2938 3131 2994 instar
3159 2938 3456 2995 fortissimi

1867 3018 2090 3074 athletis
2111 3026 2222 3074 stat
2237 3021 2540 3076 etiamnum
2565 3023 2801 3086 medius,
2817 3024 3093 3094 captivam
3118 3025 3334 3081 ducens
3347 3042 3461 3081 oin-

1863 3118 1999 3160 nem
2047 3109 2443 3176 cogitationem
2476 3108 2533 3162 in
2567 3109 2941 3168 obedientiam
2975 3111 3206 3178 Christi,
3258 3121 3316 3168 et
3356 3113 3456 3169 de-

1865 3199 2094 3250 struens
2123 3208 2344 3250 omnem
2375 3195 2762 3254 celsitudinem
2793 3198 3101 3255 elevantem
3149 3214 3219 3255 se
3262 3207 3459 3255 contra

1863 3279 2242 3357 cognitionem
2277 3280 2374 3340 Dei
2402 3283 2483 3347 (2.
2517 3281 2647 3338 Cor.
2676 3279 2769 3339 l0.
2799 3284 2887 3354 5).
2907 3283 3037 3340 Hec
3069 3301 3240 3356 porro
3269 3288 3460 3343 omnia

1864 3375 2131 3440 operatur
2161 3382 2259 3438 per
2285 3368 2641 3424 admirandas
2670 3370 2796 3426 illas
2823 3370 3100 3441 Epistolas
3128 3372 3316 3428 divina
3343 3374 3463 3443 ple-

1864 3469 1969 3508 nas
1997 3454 2293 3524 sapientia,
2322 3448 2472 3526 quasi
2492 3456 2720 3525 reliiiuit
2744 3458 2928 3513 nobis.
2957 3457 3148 3528 Neque
3171 3460 3354 3514 solum
3378 3459 3450 3514 arl

1867 3540 2124 3610 dogmata
2167 3541 2367 3612 (spuria
2416 3541 2756 3598 confutanda
2804 3537 3182 3614 germanaque
3227 3546 3463 3601 tutanda

1867 3627 2220 3684 idonea-sunt
2247 3630 2372 3699 ejus
2401 3631 2631 3701 scripta,
2655 3633 2751 3686 sed
2777 3628 2945 3686 etiam
2968 3633 3037 3688 ad
3064 3632 3268 3690 bonam
3291 3634 3463 3687 vitam

1868 3715 2269 3787 instituendam
2285 3717 2654 3785 nonminima:
2668 3716 2922 3774 utilitatis
2934 3718 3301 3786 sunt.ilorum
3315 3721 3464 3775 enim

1867 3802 2122 3857 subsidio
2145 3802 2416 3878 hodieque
2439 3803 2811 3859 Ecclesiarnm
2839 3793 3088 3874 praefecti
3115 3813 3338 3863 utentes
3352 3806 3466 3862 vir-

1865 3891 2051 3962 ginem
2077 3901 2312 3960 castam,
2344 3907 2511 3962 quam
2547 3893 2638 3947 ille
2664 3893 2890 3948 Christo
2912 3893 3195 3968 adaptavit
3219 3893 3296 3962 (2.
3320 3892 3464 3969 εον.Γ

1870 3988 1958 4044 ll.
1986 3987 2068 4060 2),
2100 3987 2442 4046 concinnant
2469 3984 2892 4057 ell'ormantque,
2923 3995 2979 4040 et
3006 3985 3073 4038 ad
3107 3984 3458 4055 spiritualem

1871 4079 2346 4152 pulchritudinem
2374 4079 2676 4135 deducunt.
2718 4077 2816 4133 His
2843 4078 2974 4132 item
3004 4077 3282 4131 irruentes
3305 4076 3365 4130 in
3396 4075 3465 4131 il-

1869 4171 1975 4226 lam
1993 4172 2217 4226 morbos
2241 4169 2538 4240 depellunt,
2563 4181 2890 4239 partamque
2911 4169 3201 4224 sanitatem
3227 4180 3460 4224 conser-

1869 4273 2028 4320 vant.
2059 4263 2216 4318 Talia
2242 4262 2405 4317 nobis
2433 4263 2605 4316 idiota
2638 4262 2732 4331 ille
2757 4261 3002 4318 remedia
3026 4259 3274 4330 reliquit,
3293 4266 3460 4345 tanta

1866 4357 2076 4412 virtute
2105 4356 2360 4427 pradita,
2376 4370 2612 4427 quorum
2636 4355 3033 4424 experientiam
3056 4353 3260 4409 habent
3275 4341 3372 4424 qui
3398 4341 3466 4407 il-

1868 4451 1940 4504 lis
1963 4447 2282 4520 frequenter
2299 4457 2554 4520 utuntur.
2582 4446 2741 4514 Quod
2757 4457 2940 4503 autem
2964 4446 3059 4501 ille
3085 4446 3192 4500 bac
3223 4445 3280 4499 in
3306 4451 3467 4513 parte

1869 4555 2124 4612 magnam
2156 4537 2588 4597 sollicitudinem
2614 4541 2885 4611 posuerit,
2908 4538 3038 4595 hinc
3053 4538 3239 4608 palam
3259 4544 3370 4593 est.

1957 4738 2012 4794 8.
2052 4738 2275 4792 Paulum
2293 4740 2348 4792 id
2375 4755 2406 4792 a
2435 4739 2577 4793 nobis
2602 4756 2798 4811 quoque
2825 4737 2953 4797 bello
2975 4743 3308 4797 «ταωνιέ-
3327 4733 3469 4799 Audi

1886 4844 2025 4884 vero
2041 4829 2166 4898 quid
2193 4829 2244 4882 in
2275 4829 2511 4897 Epistula.
2536 4838 2632 4886 sua
2660 4830 2920 4900 discipulo
2942 4831 3084 4884 dicat
3110 4849 3124 4883 :
3148 4831 3366 4891 Attende
3389 4832 3468 4886 le-

1885 4919 2060 4982 ctioni,
2077 4919 2432 4982 exhortationi,
2455 4919 2732 4984 doctrina;
2747 4921 2900 4988 cujus
2918 4921 2992 4974 rei
3015 4920 3246 4976 fructum
3258 4922 3466 4990 adjicit,

1885 5011 2070 5066 dicens
2100 5028 2114 5064 :
2150 5010 2262 5065 Hoc
2286 5012 2418 5063 enim
2447 5011 2655 5082 faciens,
2683 5020 2731 5065 et
2759 5016 2972 5080 tetpsum
2997 5012 3392 5084 salvum‘facies,
3421 5024 3469 5067 et

1886 5117 1970 5156 eos
1990 5103 2077 5171 qui
2103 5111 2150 5155 te
2171 5101 2383 5160 audiunt
2411 5102 2484 5173 (1.
2509 5101 2640 5165 Tim.
2663 5107 2720 5156 4.
2753 5101 2860 5172 16).
2890 5104 2968 5156 Ac
2997 5116 3233 5168 rursum,
3253 5102 3468 5158 Senum

1887 5185 2095 5254 Domini
2133 5203 2235 5240 non
2277 5197 2473 5255 oportet
2510 5186 2733 5257 litigare,
2764 5189 2854 5240 sed
2894 5179 3208 5240 mansuetum
3241 5205 3360 5245 esse
3400 5191 3470 5243 ad

1887 5294 2060 5332 omnes
2078 5318 2094 5344 ,
2121 5277 2382 5330 docibilem
2400 5318 2416 5343 ,
2446 5279 2711 5346 patientem
2733 5277 2808 5350 (2.
2843 5277 2974 5331 Tim.
3004 5278 3060 5332 2.
3089 5279 3204 5349 24).
3237 5281 3314 5334 Ac
3341 5294 3467 5354 pro-

1887 5383 2104 5437 gressus
2131 5367 2207 5422 ait
2238 5386 2251 5421 :
2288 5367 2364 5421 Tu
2400 5383 2516 5422 vero
2554 5385 2791 5438 permane
2816 5369 2871 5422 in
2894 5369 2958 5423 iis
2980 5410 2995 5433 ,
3024 5383 3138 5440 quas
3164 5370 3387 5424 didicisti
3423 5383 3472 5425 et

1886 5461 2077 5513 credita
2104 5469 2222 5514 sunt
2250 5459 2338 5512 tibi
2358 5500 2372 5523 ,
2402 5460 2562 5514 sciens
2587 5476 2619 5511 α
2645 5475 2743 5529 quo
2769 5461 3037 5520 didiceris.
3071 5470 3118 5513 et
3145 5461 3265 5528 quia
3296 5461 3361 5514 ab
3386 5461 3469 5514 iis--

1890 5551 2051 5621 [milia
2087 5565 2259 5612 sacras
2299 5550 2471 5603 literas
2508 5550 2661 5616 nosti,
2684 5566 2795 5620 quis
2828 5560 2876 5604 te
2909 5553 3098 5621 possint
3132 5553 3382 5606 instruere
3402 5552 3472 5606 ad

1887 5641 2103 5694 salutem
2154 5638 2282 5711 (Id,
2320 5641 2371 5695 ὅ.
2412 5640 2499 5694 Η.
2546 5640 2613 5694 i6
2633 5640 2674 5709 ).
2718 5643 2796 5696 Ac
2846 5637 3061 5707 rursus,
3115 5641 3296 5697 Omnis
3343 5642 3470 5696 seri-

1891 5741 2040 5797 plura
2064 5729 2303 5786 divinitus
2322 5730 2589 5797 inspirata,
2615 5730 2800 5799 inquit,
2831 5733 2967 5785 utilis
2989 5741 3060 5786 est
3079 5731 3149 5784 ad
3168 5731 3468 5796 docendum,

1891 5823 1957 5875 ad
1999 5820 2350 5890 urguendum,
2382 5821 2450 5874 ad
2492 5822 2899 5895 corripiendum,
2939 5822 3008 5877 ad
3051 5823 3382 5878 erudiendum
3422 5829 3473 5880 in
