4158 6316
702 409 798 463 671

694 521 917 593 jnstitia,
941 530 991 573 ut
1017 521 1269 588 perfectus
1292 521 1356 574 sit
1383 523 1530 575 homo
1557 521 1652 575 Dei
1668 523 1741 587 (2.
1770 521 1900 574 Tim.
1922 523 1976 576 5.
2007 521 2115 590 16).
2146 519 2283 574 Audi

705 619 831 666 item
853 611 978 680 quid
1001 611 1121 664 Tito
1141 610 1207 664 de
1228 611 1598 680 episcoporum
1620 612 1993 665 constitutione
2013 611 2284 664 disserens

702 701 937 754 declaret
967 717 980 751 :
1014 699 1219 769 Oportet
1264 701 1437 764 enim,
1473 701 1640 770 inquit
1666 743 1681 766 ,
1713 702 2002 770 episcopum
2049 699 2286 767 amplecti

703 807 837 852 cum,
859 791 946 860 qui
971 791 1243 844 secundum
1269 791 1549 844 doctrinam
1573 801 1666 853 est,
1689 791 1887 860 ﬁdelem
1908 807 2204 856 sermonem,
2231 799 2287 843 ut

705 881 861 950 possit
891 897 974 933 eos
995 922 1009 945 ,
1037 881 1121 950 qui
1150 881 1501 934 contradicunt
1519 922 1534 943 ,
1560 898 1770 950 arguere
1798 880 1939 950 (Tit.
1971 882 2023 934 1.
2050 881 2084 936 9
2113 882 2152 951 ).
2184 881 2285 947 Qui

682 984 829 1037 ergo
858 968 1017 1022 idiota
1042 1011 1056 1034 ,
1088 973 1148 1044 ut
1177 969 1226 1022 hi
1261 969 1438 1022 dicunt
1458 1009 1470 1030 ,
1502 969 1925 1024 contradicentes
1964 985 2188 1039 arguere
2227 978 2282 1024 et

704 1060 992 1114 refratnare
1013 1047 1240 1128 poterit?
1259 1061 1520 1127 Quorsum
1544 1060 1816 1123 attendere
1839 1061 2046 1114 lectioni
2064 1069 2116 1130 et
2137 1060 2281 1115 Scri-

709 1151 876 1218 pturis
896 1191 910 1216 ,
941 1151 985 1204 si
1015 1166 1074 1204 ea
1115 1151 1267 1216 nobis
1297 1139 1600 1220 ignorantla'
1621 1149 1986 1219 amplectenda
2017 1151 2135 1204 est?
2166 1149 2290 1203 Haec

708 1243 956 1295 obtentus
995 1250 1116 1296 sunt
1144 1251 1200 1295 et
1239 1240 1524 1310 praetextus
1549 1283 1562 1306 ,
1596 1234 1925 1310 ac'segnitiei
1963 1241 2288 1310 ignavia!un

710 1332 1098 1404 excusationes.
1135 1330 1367 1395 Verum,
1399 1331 1603 1400 inquies
1626 1373 1641 1397 ,
1672 1331 1783 1385 haec
1808 1331 2070 1399 episcopis
2100 1331 2287 1398 przcei-

710 1423 925 1488 piantur
950 1440 962 1474 :
990 1436 1110 1474 nam
1134 1421 1198 1475 de
1228 1421 1489 1489 episcopis
1511 1423 1664 1475 nobis
1687 1422 1793 1490 jam
1817 1431 1898 1484 est
1918 1436 2116 1475 sermo.
2139 1419 2289 1487 Quod

709 1521 887 1566 autem
916 1521 969 1566 et
989 1512 1213 1566 subditis
1235 1513 1458 1582 idipsum
1486 1513 1786 1577 conveniat,
1810 1513 1928 1566 audi
1954 1511 2075 1581 quid
2107 1511 2159 1564 in
2187 1511 2289 1563 alia

713 1600 944 1667 Epistola
987 1602 1105 1654 aliis
1144 1601 1326 1654 dicat:
1368 1600 1582 1653 Verbum
1620 1601 1802 1654 Christi
1844 1600 2029 1653 habitet
2063 1601 2119 1664 in
2157 1600 2290 1652 vobis

710 1690 1026 1742 abundanter
1051 1691 1102 1750 in
1131 1694 1264 1743 omni
1290 1691 1537 1758 sapientia
1565 1689 1790 1761 (Coloss.
1821 1692 1871 1745 ὃ.
1907 1690 2045 1760 iii);
2076 1704 2138 1744 ac
2168 1705 2290 1742 rur-

710 1767 827 1833 sum
860 1799 874 1833 :
904 1767 1082 1833 Sermo
1107 1793 1262 1834 vester
1288 1797 1481 1850 semper
1518 1782 1571 1833 in
1600 1783 1762 1851 gratia
1786 1781 1890 1834 sale
1923 1782 1984 1833 sit
2016 1782 2245 1833 conditus
2269 1821 2284 1845 ,

682 1878 763 1921 ut
799 1869 968 1922 sciatis
1006 1871 1255 1938 quomodo
1297 1881 1520 1938 oporteat
1561 1887 1644 1923 vos
1681 1871 1945 1938 unicuique
1972 1870 2284 1936 respondere

713 1958 817 2024 (Id.
872 1961 925 2014 4.
974 1959 1052 2030 6).
1081 1961 1194 2015 Jam
1223 1962 1361 2030 quod
1411 1963 1535 2014 velit
1573 1962 1637 2014 ad
1693 1961 2114 2029 respondendum
2171 1977 2290 2016 esse

716 2060 948 2119 paratos,
983 2053 1030 2106 id
1051 2055 1293 2106 mnnibus
1319 2053 1508 2106 dicitur
1540 2053 1615 2125 (Ι.
1641 2053 1778 2107 Petr.
1809 2055 1861 2108 ὅ.
1882 2056 1992 2121 15).
2019 2053 2098 2108 Ad
2125 2053 2290 2108 Thes-

713 2141 1074 2195 salonicenses
1101 2158 1249 2208 vero,
1288 2142 1583 2212 (Ediﬁcate,
1614 2145 1799 2212 inquit,
1823 2146 2144 2208 alterutrum,
2165 2147 2292 2198 sicut

712 2239 758 2280 et
783 2230 948 2297 facitis
974 2230 1231 2299 (LTliess.
1257 2233 1308 2287 5.
1337 2233 1445 2301 11).
1478 2232 1608 2287 Cum
1637 2246 1810 2287 autem
1838 2234 1904 2288 dc
1928 2234 2290 2288 sacerdmibus

712 2319 871 2372 verba
894 2314 1037 2384 facit,
1063 2321 1160 2384 Qui
1183 2321 1304 2374 bene
1329 2332 1550 2390 pra'sunt
1575 2325 1867 2393 presbyteri,
1893 2325 2078 2391 inquit,
2103 2324 2291 2393 duplici

714 2412 901 2464 honore
923 2412 1060 2482 digni
1088 2413 1380 2479 habeantur,
1409 2416 1624 2468 maxime
1645 2417 1729 2481 qui
1753 2417 1981 2469 laborant
2008 2416 2059 2478 in
2079 2415 2222 2468 verbo
2243 2427 2291 2470 et

714 2502 941 2554 doctrina
995 2501 1040 2570 (l
1075 2502 1203 2554 Tim.
1225 2505 1276 2558 5.
1303 2505 1412 2574 17).
1442 2505 1647 2559 Etenim
1672 2505 1756 2560 hic
1774 2516 1854 2560 est
1877 2505 2290 2574 perfectissimus

712 2592 966 2646 doctrina:
995 2595 1271 2659 terminus,
1295 2593 1419 2649 cum
1448 2608 1500 2650 et
1523 2597 1772 2665 operibus
1802 2607 1854 2653 et
1879 2600 2036 2653 dictis
2065 2600 2174 2654 suis
2204 2599 2287 2652 di-

713 2674 945 2748 scipulos
975 2681 1028 2734 in
1058 2683 1261 2736 beatam
1301 2701 1328 2737 a
1361 2685 1572 2738 Christo
1601 2686 1890 2740 institutam
1924 2690 2084 2741 vitam
2119 2688 2289 2742 dedu-

712 2779 860 2824 cunt.
885 2770 1068 2840 Neque
1097 2774 1236 2826 enim
1270 2773 1402 2827 facta
1434 2774 1702 2828 sufticiunt
1729 2775 1794 2829 ad
1825 2776 2139 2830 docendum.
2171 2776 2287 2831 Non

718 2874 866 2913 meus
889 2871 972 2915 est
994 2877 1187 2931 sermo,
1213 2863 1306 2916 sed
1337 2863 1500 2932 ipsius
1525 2864 1821 2918 Servatoris
1845 2883 1858 2919 :
1885 2867 1982 2929 Qui
2007 2867 2169 2930 enim,
2194 2867 2286 2932 ait,

712 2949 880 3018 fecerit
908 2960 953 3003 et
977 2951 1217 3016 docuerit,
1245 2954 1324 3007 hic
1348 2971 1558 3024 magnus
1583 2955 1838 3007 vocabitur
1860 2955 2074 3024 (Matth.
2099 2957 2151 3010 5.
2178 2958 2286 3025 19).

712 3040 842 3095 Nam
871 3043 915 3096 si
953 3042 1126 3098 facere
1155 3046 1290 3099 idem
1316 3055 1458 3100 esset
1487 3047 1626 3115 quod
1655 3047 1846 3101 docere
1868 3087 1882 3113 ,
1915 3047 2180 3115 superﬂue
2207 3062 2289 3102 se-

714 3133 942 3188 cundum
983 3135 1110 3191 illud
1159 3138 1472 3206 adderetur;
1515 3141 1644 3194 satis
1686 3142 1825 3196 enim
1867 3141 2051 3196 fuisset
2090 3142 2289 3196 dixisse

714 3233 913 3279 tantum
935 3267 950 3289 ,
1005 3222 1109 3287 Qui
1129 3225 1490 3293 fecerit.Nunc
1514 3248 1640 3287 vero
1666 3233 1804 3302 q’uod
1837 3234 1972 3288 inter
1999 3244 2283 3302 utrumque

712 3315 1018 3385 distinguat,
1053 3320 1317 3383 ostendit,
1348 3321 1478 3376 alias
1506 3338 1624 3376 esse
1654 3338 1873 3392 operum
1917 3333 2092 3392 partes
2112 3365 2127 3387 ,
2159 3324 2289 3376 alias

714 3407 994 3468 sermonis,
1019 3408 1188 3477 adque
1211 3411 1493 3476 perfectam
1516 3413 1919 3468 rediticalionem
1940 3429 2100 3468 unum
2123 3415 2288 3467 altero

715 3492 972 3562 indigere.
1016 3499 1203 3550 Annon
1240 3500 1390 3553 audis
1424 3501 1546 3569 quid
1579 3502 1926 3569 Ephesiorum
1965 3503 2288 3574 presbyteris

714 3583 854 3637 dicat
879 3601 966 3638 vas
995 3586 1119 3639 illud
1148 3589 1371 3643 electum
1402 3592 1638 3646 Christi?
1669 3594 1884 3662 PrOpter
1907 3595 2059 3664 quod,
2091 3595 2278 3663 inquit,

713 3673 932 3740 vigilate,
958 3680 1193 3730 memoria
1218 3682 1500 3746 retinentes,
1522 3685 1759 3748 quoniam
1781 3702 1868 3754 per
1896 3686 2160 3738 triennium
2188 3703 2287 3738 non

713 3765 901 3816 cessavi
921 3805 934 3827 ,
969 3783 1083 3819 cum
1125 3770 1360 3837 lacrymis
1401 3785 2042 3845 monens'unumquemque
2074 3785 2287 3827 vestrum

1405 411 1461 465 S.
1501 408 1776 498 JQANNIS
1814 407 2284 464 CllRYSOSTOMl
2325 405 2636 463 ARClllEP.
2676 402 3210 461 CONSTANTINOP.

3870 398 3984 455 672

2390 518 2408 588 (
2438 519 2549 570 Act.
2579 517 2669 571 20.
2699 518 2761 571 51
2792 516 2835 583 ).
2875 516 3006 570 Nam
3043 515 3167 586 quid
3197 528 3330 584 opus
3365 515 3613 586 Iacrymis
3635 556 3650 580 ,
3679 513 3760 568 vel
3794 514 3982 567 verbis

2389 606 2809 660 commonitoriis
2834 647 2850 670 ,
2894 605 3004 659 vita
3045 605 3097 658 in
3123 605 3232 668 illo
3264 606 3547 672 apostolica
3586 606 3654 658 ita
3700 603 3984 672 fulgente?

2390 696 2494 750 Sed
2532 697 2597 749 ad
2626 704 3012 765 praeceptorum
3038 695 3464 750 observationem
3508 695 3557 749 id
3596 695 3749 748 nobis
3779 695 3980 749 admo-

2391 786 2516 840 dum
2539 785 2783 840 conferre
2809 786 3008 855 possit;
3038 800 3211 854 neque
3235 787 3376 840 enim
3401 786 3573 856 ipsum
3596 786 3766 840 solum
3789 785 3980 841 omnia

2393 888 2647 948 praestare
2677 893 2833 948 posse
2859 878 3105 933 dixerim.
3166 938 3167 941 η

2461 972 2516 1026 9.
2560 971 2819 1037 Quantum
2848 971 3089 1022 damnum
3117 985 3179 1023 ea:
3201 969 3488 1038 ignorantia
3509 969 3878 1038 episcomrum.
3907 969 3982 1009 -έ

2390 1059 2521 1115 Cum
2547 1069 2723 1114 autem
2765 1060 2831 1114 de
2875 1059 3206 1128 dogmatibus
3240 1066 3507 1112 certamen
3539 1059 3725 1125 fuerit,
3755 1074 3979 1113 omnes-

2393 1153 2495 1222 que
2525 1153 2592 1205 ab
2621 1151 2806 1206 iisdem
2834 1152 3124 1220 Scripturis
3153 1143 3726 1217 dimicaverint,'qnam
3749 1151 3852 1203 vim
3889 1150 3982 1203 hic

2393 1244 2513 1296 vitae
2540 1241 2834 1295 institutbm
2866 1241 3125 1295 exhibere
3153 1239 3356 1308 possit?
3381 1239 3514 1304 Quid
3547 1239 3784 1293 utilitatis
3810 1239 3983 1293 sudu-

2394 1348 2480 1386 res
2519 1331 2673 1385 multi
2711 1331 2953 1396 aderant,
2983 1347 3102 1385 cum
3143 1338 3264 1398 post
3301 1340 3474 1383 tantos
3508 1329 3626 1384 illos
3661 1330 3868 1383 labores
3909 1344 3980 1385 ex

2394 1435 2584 1490 magna
2610 1435 2700 1474 sua
2733 1399 2994 1488 imperi'tia
3021 1419 3140 1488 quis
3169 1420 3220 1472 in
3251 1420 3496 1473 haeresim
3529 1419 3738 1487 lapsus,
3772 1419 3838 1472 ab
3867 1419 3981 1472 Ec-

2393 1514 2572 1568 clesiae
2609 1527 2832 1580 corpore
2875 1512 3142 1566 abscissus
3189 1510 3382 1564 fuerit?
3425 1509 3563 1579 quod
3606 1509 3818 1578 quidem
3859 1508 3984 1563 scio

2394 1605 2572 1658 multis
2595 1604 2866 1657 accidisse.
2890 1602 3040 1668 Quod
3067 1602 3266 1654 lucrum
3296 1601 3392 1668 ipsi
3421 1616 3482 1654 ex
3513 1598 3820 1654 tolerantia?
3843 1598 3980 1652 Nui-

2396 1696 2504 1748 lum
2537 1712 2550 1747 ε
2580 1695 2717 1749 sicut
2755 1708 2851 1746 nec
2881 1708 2948 1746 ex
2977 1707 3103 1744 sana
3136 1691 3238 1744 fide
3263 1732 3278 1756 ,
3310 1692 3352 1743 si
3384 1691 3488 1743 vita
3517 1699 3760 1757 corrupta
3790 1687 3975 1742 fuerit.

2395 1787 2487 1840 llis
2532 1801 2660 1840 sane
2698 1785 2763 1838 de
2803 1785 2979 1838 causis
3023 1783 3207 1836 harum
3249 1782 3697 1836 concertationum
3742 1780 3982 1834 maxime

2394 1877 2630 1931 omnium
2666 1876 2891 1945 peritum
2923 1889 3041 1928 esse
3072 1883 3319 1942 oportet,
3350 1889 3469 1927 eum
3502 1875 3586 1942 qui
3617 1873 3840 1926 aliorum
3873 1871 3981 1925 do-

2394 1967 2681 2022 cendorum
2713 1981 2902 2019 munus
2931 1965 3149 2018 sortitus
3175 1972 3274 2018 est.
3300 1963 3431 2017 Nam
3462 1963 3665 2017 etiamsi
3694 1971 3833 2016 tutus
3859 1963 3984 2031 ipse

2395 2066 2597 2126 perstet
2621 2097 2635 2115 .
2678 2056 2806 2135 nihil
2845 2056 2912 2108 ab
2953 2055 3270 2108 adversariis
3309 2054 3503 2115 lzcsus,
3549 2062 3603 2106 at
3641 2053 3982 2107 subditorum

2395 2148 2776 2218 simpliciorum
2797 2146 3093 2210 multitudo,
3113 2161 3231 2199 cum
3250 2145 3644 2199 videritducem
3666 2155 3983 2213 superatum

2394 2237 2525 2291 nihil
2568 2233 3076 2305 posse‘adversariis
3114 2248 3382 2302 opponere
3407 2275 3420 2296 ,
3467 2249 3571 2287 non
3612 2234 3985 2288 infirmitatem

2395 2326 2547 2395 ejus,
2591 2325 2686 2379 sed
2730 2323 2992 2393 dogmatis
3035 2316 3444 2377 imbecillitatem
3488 2332 3807 2392 prostratam
3851 2337 3986 2377 esse

2394 2416 2658 2484 putabunt
2686 2432 2698 2466 :
2728 2425 2886 2483 atque
2906 2415 2975 2468 ob
2996 2414 3150 2466 unius
3175 2412 3490 2481 imperitiam
3519 2412 3713 2466 multus
3741 2413 3979 2481 populus

2395 2504 2444 2557 in
2467 2514 2755 2557 extremam
2779 2502 3065 2571 perniciem
3087 2501 3354 2569 dejicitur.
3379 2501 3598 2554 Etiamsi
3621 2499 3758 2554 enim
3783 2497 3839 2555 se
3861 2516 3979 2555 non

2393 2596 2817 2650 adversariorum
2846 2595 2898 2647 in
2925 2601 3100 2662 partes
3127 2593 3403 2660 recipiant,
3434 2601 3663 2646 attamen
3691 2592 3757 2646 de
3781 2593 3985 2660 quibus

2395 2689 2659 2744 confidere
2691 2697 2975 2758 poterant,
3005 2689 3072 2743 de
3099 2688 3285 2744 iisdem
3316 2687 3556 2742 dubitare
3582 2697 3844 2755 coguntur
3877 2703 3894 2741 :
3925 2698 3987 2744 et

2395 2781 2459 2834 iis
2483 2822 2496 2844 ,
2531 2796 2648 2849 qua:
2691 2795 2810 2834 cum
2851 2781 3163 2834 inconcussa
3196 2779 3299 2834 ﬁde
3327 2779 3602 2843 adierant,
3633 2792 3751 2831 cum
3784 2777 3982 2831 eadem

2389 2871 2496 2940 jam
2525 2871 2770 2926 ﬁrmitate
2797 2870 3073 2925 adhaerere
3103 2888 3206 2925 non
3239 2880 3456 2940 poesunt
3491 2889 3507 2924 :
3537 2871 3631 2925 sed
3663 2878 3803 2924 tanta
3833 2878 3983 2923 tem-

2395 2972 2572 3030 pestas
2595 2976 2776 3016 eorum
2805 2962 2940 3017 inest
2959 2963 3168 3028 animis,
3191 2963 3346 3032 idque
3365 2977 3432 3017 ex
3453 2962 3684 3016 doctoris
3705 2963 3774 3015 tui
3798 2961 3982 3026 clade,

2396 3061 2451 3106 ut
2479 3053 2528 3105 in
2558 3051 2886 3121 naufragium
2915 3053 3125 3108 tandem
3155 3054 3441 3121 pessimum
3473 3052 3738 3107 desinant.
3763 3051 3985 3118 Quanta

2397 3160 2526 3198 vero
2571 3145 2863 3212 pernicies,
2909 3152 3241 3214 quantusque
3282 3143 3416 3212 ignis
3445 3143 3495 3196 in
3524 3145 3774 3198 miserum
3815 3152 3986 3210 caput

2395 3234 2537 3288 illius
2566 3249 2661 3301 pro
2687 3234 2906 3302 singulis
2935 3235 3278 3302 pereuntibus
3300 3242 3683 3297 coarcervetur,
3710 3249 3813 3288 non
3838 3250 3984 3302 opus

2395 3332 2553 3377 estut
2580 3338 2610 3376 a
2631 3339 2715 3377 me
2735 3323 2928 3388 discas,
2951 3339 3070 3377 cum
3093 3323 3268 3377 omnia
3291 3331 3533 3377 accurate
3561 3324 3715 3377 scias.
3742 3323 3986 3376 Haecine

2395 3413 2552 3481 igitur
2581 3423 2661 3467 est
2690 3413 3024 3481 arrogantia,
3055 3412 3275 3466 hoccine
3303 3428 3451 3466 vanae
3478 3413 3678 3481 glorim,
3707 3413 3846 3481 quod
3881 3429 3985 3467 no-

2395 3502 2586 3556 luerim
2632 3511 2709 3556 tot
2757 3503 3027 3556 hominum
3073 3503 3322 3570 perniciei
3361 3516 3515 3556 cauSa
3555 3517 3709 3564 esse,
3750 3511 3802 3555 et
3844 3502 3986 3555 mihi

2396 3593 2566 3660 majus
2596 3592 2864 3646 attrahere
2889 3592 3225 3660 supplicium,
3249 3608 3404 3660 quam
3438 3592 3487 3645 id
3514 3591 3652 3660 quod
3679 3594 3981 3658 repositum

2395 3683 2515 3737 est?
2538 3683 2731 3752 Ecquis
2757 3683 2868 3736 harc
2893 3683 3114 3737 dixerit?
3137 3698 3310 3748 nemo,
3334 3684 3432 3735 nisi
3461 3682 3653 3736 frustra
3679 3683 3984 3745 criminari,

2395 3785 2450 3829 et
2480 3775 2530 3828 in
2561 3775 2747 3832 alienis
2773 3775 3160 3829 calamitatibus
3187 3775 3547 3844 philosolihari
3579 3776 3719 3829 velit.

712 3888 3952 3921 .....__________________________________

1625 3978 2136 4084 LIBER
2227 3977 2960 4104 QUINTUS.

1154 4278 1258 4311 HEC
1283 4279 1451 4313 INSUNT
1475 4281 1609 4316 LIBRO
1631 4283 1801 4322 QUINTO
1825 4284 1836 4318 ξ

714 4364 746 4404 ι.
987 4360 1176 4439 laboris
1198 4378 1253 4439 ac
1269 4354 1412 4414 Studii
1436 4367 1757 4419 adhibendum
1792 4373 1838 4421 in
1859 4373 2065 4424 homiliis
2088 4377 2287 4439 popula-

775 4421 910 4468 ribus
925 4425 1278 4472 conciunandis.
1543 4445 1546 4448 ’

714 4482 1140 4562 ιιχξξιέξολξιῖιξημςςξ
1153 4486 1408 4562 deputatos
1431 4487 1597 4539 laudes
1626 4479 1883 4554 spérnere,
1909 4508 1962 4545 ac
1984 4497 2171 4546 dicendi
2197 4514 2284 4562 pe-

775 4544 891 4588 ritos
914 4556 1026 4591 esse
1049 4544 1254 4594 debere.

719 4603 912 4708 tu}
954 4611 1160 4666 utroque
1201 4609 1428 4659 sacerdos
1470 4613 1534 4662 sit
1577 4615 1821 4676 praeditus,
1862 4617 2079 4668 inutilem
2109 4622 2285 4684 populo

713 4727 784 4792 ty.
802 4723 1058 4792 _lnvi_diam_
1073 4734 1348 4792 conteth
1370 4738 1618 4792 oportere.

1013 4783 1122 4847 plus
1154 4790 1298 4838 studii
1324 4799 1374 4841 et
1401 4783 1682 4855 'diligenu'aa
1704 4810 1825 4860 opus
1859 4812 1986 4860 esse,
2016 4815 2158 4864 quam
2176 4805 2283 4853 ine-

711 4903 1409 4982 vtlntnud‘i‘citimimultitudinis
1437 4914 1683 4982 imperitae
1735 4933 1898 4982 neque
1936 4924 2128 4972 omnino
2168 4939 2283 4974 con-

773 4966 1108 5036 temnendum,
1133 4983 1298 5032 neque
1321 4976 1447 5022 omni
1475 4966 1538 5023 ei
1559 4987 1693 5036 parte
1711 4966 2127 5032 cuis'ndurii‘éé’s‘é.

711 5028 1090 5134 \‘lhogeggnes
1102 5028 1273 5081 omnes
1296 5046 1372 5094 eo,
1398 5043 1450 5083 ut
1469 5028 1570 5086 Ded
1583 5028 1763 5089 tantum
1783 5028 2284 5108 placeaturrdirigen-

712 5148 1070 5257 V'Iwiqliegg:
1093 5151 1157 5201 sit
1171 5151 1330 5226 laudis
1366 5163 1681 5220 contemptor,
1712 5163 1759 5210 ei
1799 5163 1946 5213 multa
1963 5168 2125 5228 gravia
2172 5181 2284 5217 esse

784 5395 835 5447 1.
893 5396 1110 5453 Multum
1165 5403 1349 5460 laboris
1413 5409 1464 5461 in
1517 5411 1734 5467 Itontiliis
1789 5419 2166 5473 concinnandis.
2210 5450 2283 5461 -—-

713 5484 918 5548 Quanta
971 5492 1038 5543 sit
1077 5493 1282 5549 doctori
1335 5502 1658 5567 experientia
1710 5522 1842 5574 opus
1888 5510 1952 5561 ad
1991 5514 2280 5566 certamina

713 5591 809 5644 pro
837 5579 1052 5634 veritate
1097 5586 1450 5654 suscipienda,
1493 5602 1632 5646 sata
1680 5596 1833 5649 nobis
1865 5599 2281 5655 demonstratum

713 5683 832 5720 esse
859 5681 1004 5736 puto.
1038 5673 1196 5728 Aliud
1225 5687 1476 5744 prmtcrea
1508 5683 1786 5738 dicendum
1817 5698 1998 5754 restat,
2025 5691 2164 5758 quod
2201 5703 2282 5745 est

714 5759 1034 5817 iutinitorum
1079 5783 1232 5820 causa
1265 5770 1647 5841 pcriculorum;
1695 5777 1799 5833 imo
1837 5796 1960 5834 vero
2006 5798 2108 5836 non
2154 5785 2279 5839 illud
2367 5793 2374 5798 ’

2371 4288 2513 4328 esse
2543 4288 2758 4326 causam
2799 4271 3045 4338 dixerim,
3075 4272 3168 4327 sed
3195 4289 3287 4328 eos
3315 4274 3404 4343 qui
3431 4273 3521 4328 illo
3561 4274 3726 4343 probe
3769 4276 3843 4329 uti
3876 4293 3987 4331 ne-

2391 4364 2565 4417 sciunt
2597 4382 2609 4417 :
2641 4363 3064 4431 quandoquidem
3097 4379 3184 4417 res
3214 4364 3323 4432 ipsa
3367 4373 3421 4417 et
3462 4364 3647 4419 salutis
3687 4375 3741 4419 et
3783 4367 3984 4433 multp-

2391 4469 2505 4507 rum
2536 4454 2795 4506 bonorum
2827 4453 3154 4507 conciliatrix
3183 4463 3285 4518 est,
3310 4454 3434 4507 dum
3478 4470 3507 4507 a
3538 4457 3665 4510 viris
3697 4458 3879 4524 probis
3925 4469 3983 4512 et

2390 4537 2732 4612 diligentibus
2785 4543 3204 4599 administretur.
3254 4544 3391 4611 Quid
3447 4545 3581 4600 illud
3629 4547 3747 4600 est?
3799 4547 3982 4602 Labor

2383 4621 2593 4687 imultus
2616 4634 2665 4686 in
2693 4633 3139 4702 disputationibus
3167 4635 3374 4702 publice
3399 4634 3464 4688 ad
3491 4636 3739 4704 populum
3773 4636 3985 4694 haben-

2392 4722 2475 4775 dis
2497 4723 2814 4790 insumptus.
2841 4723 3075 4776 Primum
3100 4725 3242 4778 enim
3274 4740 3464 4794 magna
3490 4725 3822 4780 subditorum
3851 4743 3981 4797 pars

2389 4812 2578 4864 nolunt
2621 4827 2714 4865 eos
2757 4813 2846 4880 qui
2892 4813 3198 4882 loquuntur,
3241 4815 3292 4867 in
3339 4825 3724 4883 praeceptorum
3775 4817 3980 4873 habere

2390 4901 2540 4964 loco;
2568 4901 2679 4966 sed,
2719 4901 3099 4971 discipulorum
3130 4904 3370 4958 ordinem
3403 4906 3752 4975 supergressi,
3785 4921 3976 4961 eorum

2392 4991 2749 5045 conditionem
2773 5002 3050 5060 usurpant,
3075 4994 3163 5061 qui
3183 4994 3233 5046 in
3256 5003 3596 5064 externorum
3620 4996 3841 5049 theatris
3862 5012 3976 5049 cer.

2395 5083 2588 5135 lamina
2652 5084 2938 5150 spectaturi
2995 5085 3200 5139 sedent.
3267 5086 3345 5141 Ac
3390 5086 3837 5154 quemadmodum
3904 5088 3975 5141 ibi

2392 5175 2674 5227 multitudo
2715 5176 2766 5228 in
2815 5178 3080 5231 contraria
3133 5177 3304 5231 studia
3351 5177 3632 5242 scinditur,
3671 5180 3786 5232 aliis
3825 5178 3974 5241 huic,

2393 5264 2509 5318 aliis
2551 5266 2622 5318 illi
2654 5265 2993 5322 faventibus:
3023 5270 3090 5322 ita
3133 5278 3186 5322 et
3227 5271 3311 5322 hic
3339 5270 3515 5333 divisi,
3559 5272 3646 5324 alii
3693 5271 3756 5325 ad
3788 5272 3968 5340 hujus,

2389 5357 2475 5409 alii
2505 5357 2570 5409 ad
2598 5357 2739 5412 illius
2769 5371 2945 5427 partes
2980 5372 3276 5429 transeunt,
3312 5363 3395 5415 vel
3423 5363 3487 5416 ad
3516 5363 3739 5433 gratiam
3774 5364 3854 5417 vel
3901 5367 3990 5418 ad'

2390 5446 2568 5499 odium
2617 5449 2631 5478 ¹
2681 5464 2837 5504 aures
2893 5451 3191 5507 dicentibus
3259 5454 3742 5508 accommodantes.
3791 5455 3973 5523 Neque

2391 5536 2441 5588 id
2473 5539 2640 5590 solum
2672 5541 2951 5594 molestum
2980 5550 3080 5603 est,
3109 5542 3202 5596 sed
3235 5552 3286 5596 et
3313 5544 3452 5596 aliud
3481 5544 3729 5613 quiddam
3759 5561 3864 5598 non
3895 5547 3971 5600 le-

2392 5626 2525 5680 vius.
2560 5628 2688 5687 Nam
2716 5631 2759 5683 si
2789 5647 2945 5709 quem
2974 5633 3240 5701 contingat
3273 5645 3476 5702 partem
3501 5636 3730 5704 aliquam
3760 5651 3967 5702 eorum,

2456 5797 2468 5825 ’
2493 5798 2562 5845 sic
2584 5799 2775 5859 quidam
2799 5806 2902 5848 Mss.
2931 5802 3043 5850 tiditi
3065 5817 3199 5856 vero,
3219 5805 3284 5852 tu!
3306 5811 3510 5866 gratum
3534 5811 3577 5852 ct
3599 5803 3663 5852 ad
3686 5800 3868 5857 odium,
