4198 6324
279 442 391 500 επ

275 572 404 625 qua:
446 556 518 612 ab
551 555 672 610 aliis
703 553 971 612 elaborata
1001 562 1146 622 sunt,
1176 553 1421 610 concioni
1462 569 1573 610 sua
1597 555 1863 622 intexere,

279 645 543 715 pluribus,
573 659 732 716 quam
767 645 857 715 qui
894 646 1145 714 pecunias
1187 643 1534 711 suffurantur,
1564 645 1865 716 opprobriis

276 747 556 793 oneratur.
594 722 749 806 Stepe
783 753 914 792 vero
940 737 1071 792 nihil
1101 739 1170 793 ab
1194 737 1314 792 aliis
1340 745 1629 802 mutuatus,
1670 737 1766 792 sed
1808 739 1864 792 in

278 825 396 895 eius
413 828 493 881 rei
519 836 724 881 tantum
748 826 1108 895 suspicionem
1129 826 1370 893 veniens,
1401 827 1548 897 paria
1578 828 1775 896 patitur
1796 841 1863 881 ac

277 917 326 970 si
354 915 723 985 deprehensus
769 916 973 973 fuisset.
1016 917 1222 986 Ecquid
1262 903 1386 973 dico
1417 933 1624 984 eorum,
1647 935 1766 988 qua:
1792 918 1863 973 ab

276 1004 400 1060 aliis
419 1006 690 1062 elaborata
727 1008 961 1062 fuerint?
987 1017 1134 1062 certe
1169 1022 1239 1062 ne
1275 1007 1352 1062 illi
1380 1009 1594 1077 quidem
1630 1008 1751 1063 licet
1781 1009 1882 1088 iu-h

275 1099 453 1152 ventis
489 1098 603 1153 suis
625 1098 841 1153 assidue
865 1098 941 1153 uti
973 1117 988 1154 :
1014 1112 1120 1153 non
1164 1099 1307 1154 enim
1335 1099 1402 1154 ad
1428 1099 1735 1164 utilitatem,
1764 1099 1861 1154 sed

272 1185 690 1257 ad.,voluptatem
717 1189 931 1257 plurimi
958 1189 1144 1244 audire
1169 1189 1346 1244 solent
1371 1205 1387 1242 :
1411 1189 1860 1258 quemadmodum

272 1276 368 1344 qui
399 1276 467 1331 de
491 1278 746 1348 tragmdis
769 1278 854 1334 vel
895 1277 965 1334 de
999 1277 1309 1334 citbarmdis
1327 1279 1612 1348 iudicaturi
1646 1279 1856 1334 sedent.

274 1367 452 1435 Atque
482 1368 619 1423 adeo
643 1368 855 1424 dicendi
890 1371 972 1424 vis
1000 1369 1111 1434 illa;
1142 1385 1300 1439 quam
1341 1385 1513 1439 nuper
1539 1371 1862 1440 explodeba-

272 1469 418 1519 mus,
446 1456 520 1510 ita
543 1457 955 1516 desiderabilem
983 1474 1127 1513 nunc
1152 1473 1212 1513 se
1239 1459 1461 1529 prabet,
1494 1467 1658 1529 ut'ne
1686 1461 1738 1514 in
1765 1473 1858 1513 so-

269 1545 465 1616 pbis'tis
488 1548 726 1618 quidem,
757 1564 881 1604 cum
911 1559 1100 1604 mutuo
1127 1541 1378 1605 altercari
1402 1538 1688 1620 coguntur,
1711 1559 1858 1606 tanta

268 1637 593 1706 requiratur.
1108 1637 1111 1640 ’

343 1725 401 1780 2.
438 1725 688 1781 Doctrina
714 1727 958 1797 proditus
989 1729 1077 1792 sit,
1117 1737 1168 1782 ct
1202 1729 1390 1784 laudes
1419 1738 1625 1799 spernat
1662 1737 1860 1799 oportet

265 1817 613 1870 concinnatur.
639 1816 999 1873 —-Generoso
1031 1818 1212 1889 itaque
1252 1818 1341 1874 hic
1376 1834 1514 1888 opus
1540 1805 1624 1875 est
1655 1821 1854 1886 animo,

266 1906 364 1976 qui
393 1915 634 1962 nostram
659 1907 1007 1978 exiguitatem
1036 1908 1196 1980 longe
1232 1920 1470 1978 superet,
1497 1920 1558 1965 ut
1582 1911 1856 1966 inordina-

269 2006 382 2051 tam
416 1997 561 2051 illam
589 1996 1075 2068 infructuosaqu
1099 1998 1240 2068 vulgi
1268 1999 1590 2068 voluptatem
1633 2014 1855 2069 compe-

265 2094 406 2151 scat,
431 2094 507 2141 eL
523 2085 762 2141 auditum
790 2103 976 2145 eorum
1003 2087 1072 2143 ad
1100 2088 1311 2143 utiliora
1338 2087 1628 2145 transferat
1654 2107 1670 2142 :
1700 2089 1774 2144 ita
1800 2079 1876 2144 ut”

263 2176 496 2246 populus
528 2177 702 2246 ipsum
730 2187 1004 2248 sequatur,
1044 2179 1254 2248 ipsique
1291 2193 1496 2235 morem
1541 2186 1710 2250 gerat,
1759 2180 1856 2234 sed

265 2280 378 2321 non
406 2265 498 2321 ille
535 2267 829 2322 secundum
858 2269 1001 2338 vulgi
1033 2269 1339 2339 cupidinem
1379 2269 1600 2327 feratur.
1638 2271 1698 2326 Id
1723 2285 1856 2327 vero

266 2354 421 2409 nullo
457 2355 622 2410 modo
643 2357 896 2426 consequi
927 2359 1118 2427 possis,
1166 2359 1270 2414 nisi
1310 2359 1414 2415 hoc
1449 2368 1734 2431 utrumque
1762 2361 1857 2415 ad-

265 2442 449 2510 fuerit,
472 2443 688 2501 laudum
715 2455 1157 2521 contemptushet
1182 2450 1264 2503 vis
1287 2449 1520 2506 dicendi.
1543 2450 1678 2505 Nam
1704 2453 1751 2504 si
1778 2452 1856 2506 al-

266 2540 443 2588 terum
471 2534 634 2598 absit,
657 2535 803 2603 aliud
831 2537 900 2591 ab
926 2538 1096 2593 sltem
1122 2538 1446 2608 disjunctum
1474 2541 1664 2596 inutile
1683 2541 1852 2597 effici-

263 2632 378 2700 tur.
409 2625 620 2681 Etenim
656 2626 703 2681 si
729 2625 918 2682 laudes
955 2643 1250 2697 aspernans
1291 2631 1308 2661 ι
1337 2646 1443 2685 non
1497 2632 1853 2700 proleratdo-

261 2698 492 2770 ctrinam
509 2717 678 2786 gratia
696 2727 751 2772 et
772 2718 884 2772 sale
903 2720 1172 2774 conditam
1189 2717 1324 2790 (Col.
1340 2721 1397 2776 ’4.
1416 2698 1852 2791 6)(ἀοερὶαώὶιίε

260 2807 406 2876 apud
430 2809 628 2863 multos
653 2809 853 2876 evadit,
879 2809 1012 2864 nihil
1040 2809 1174 2866 lucri
1216 2827 1284 2866 ex
1311 2813 1400 2868 illa
1440 2813 1605 2869 animi
1646 2814 1854 2886 magni-

266 2893 456 2952 tudine
493 2897 772 2963 referens;
801 2900 882 2954 sin
925 2899 1027 2956 bac
1051 2910 1201 2970 parte
1243 2911 1462 2958 strenue
1503 2919 1564 2959 se
1598 2919 1793 2974 gerens
1818 2920 1849 2960 a

263 2989 505 3058 populari
547 3005 676 3044 aura
723 2991 986 3056 vincatur,
1036 3003 1147 3047 tum
1187 2991 1310 3062 ipsi,
1355 3002 1468 3048 tum
1521 2987 1720 3065 popqu
1765 2995 1849 3050 id-

263 3081 442 3152 ipsum
468 3083 664 3139 accidit
679 3083 1008 3150 detrimenti,
1030 3099 1152 3139 cum
1176 3101 1241 3141 ex
1269 3085 1485 3142 laudum
1510 3087 1759 3158 cupidine
1782 3103 1849 3143 eo

262 3171 514 3240 ducatur,
543 3188 665 3256 cum
706 3173 774 3229 ad
799 3176 1024 3244 gratiam
1066 3177 1237 3248 magis
1271 3193 1430 3249 quam
1471 3179 1538 3234 ad
1567 3180 1848 3236 utilitatem

259 3264 568 3321 auditorum
615 3266 923 3322 concionarl
965 3269 1195 3324 studeat.
1241 3271 1323 3326 Ac
1374 3273 1845 3342 quemadmodum,

259 3354 354 3424 qui
388 3369 489 3410 nec
524 3355 770 3411 laudibus
815 3366 1080 3427 movetur,
1122 3374 1223 3415 nec
1258 3360 1469 3417 dicendi
1512 3363 1564 3417 vi
1595 3363 1848 3432 praeditus

258 3450 368 3509 est,
395 3444 442 3500 is
483 3461 657 3516 neque
677 3448 820 3518 vulgi
849 3448 1204 3519 voluptatibus
1246 3453 1459 3517 cedere,
1502 3469 1677 3524 neque
1724 3465 1846 3508 tan-

262 3533 434 3590 tillam
473 3538 755 3594 utilitatem
796 3539 868 3595 ob
894 3541 1214 3612 imperitiam
1243 3541 1490 3614 loquendi
1511 3520 1720 3602 \aﬂlerre
1745 3561 1847 3617 po-

260 3628 502 3684 test:ita
528 3629 619 3700 qui
657 3629 873 3686 laudum
911 3647 1095 3688 amore
1134 3624 1363 3703 capitur,
1411 3645 1598 3690 nactus
1621 3651 1739 3691 eam
1771 3637 1850 3692 fa-

260 3717 542 3785 cultatem,
569 3734 674 3790 qua
702 3722 898 3775 multos
935 3722 1004 3777 ad
1044 3723 1322 3780 meliorem
1350 3724 1558 3795 frugem
1587 3726 1847 3782 reducere

262 3807 456 3878 possit,
493 3809 694 3864 mavult
727 3819 906 3866 tamen
928 3800 1260 3869 delectabilia
1304 3816 1565 3885 proferre,
1594 3817 1723 3872 dum
1751 3833 1847 3888 po-

264 3897 483 3967 pulares
504 3899 558 3953 in
583 3899 885 3968 plaudendo
910 3904 1169 3964 tumultus
1197 3905 1453 3961 lueretur.

338 3990 395 4044 3.
450 3989 695 4046 Utrolibet
733 3994 1010 4062 deﬁciente,
1059 3997 1252 4052 inutilis
1295 3998 1486 4068 populo
1530 4000 1643 4054 crit.
1685 4029 1759 4041 —
1794 3999 1846 4054 ls

259 4079 444 4150 itaque
468 4083 557 4152 qui
585 4083 820 4154 optimus
847 4087 1023 4154 populi
1055 4086 1245 4143 ductor
1269 4089 1476 4146 futurus
1523 4092 1611 4161 sit,
1638 4101 1847 4150 utrum-

258 4183 371 4239 que
399 4169 604 4226 fortiter
622 4183 798 4228 teneat
819 4183 1049 4244 oportet,
1079 4185 1138 4232 ut
1161 4194 1228 4234 ne
1247 4179 1473 4236 alterum
1495 4184 1663 4240 altero
1688 4203 1849 4244 ever.

260 4267 427 4349 tatur.
467 4259 599 4317 Cum
637 4264 778 4319 enim
818 4265 872 4320 in
917 4267 1091 4322 medio
1132 4285 1356 4340 surgens
1396 4288 1457 4327 ea
1483 4273 1698 4343 dixerit,
1727 4296 1848 4349 qua:

260 4347 486 4419 ignavos
533 4354 892 4424 perstringere
938 4357 1159 4425 possint,
1206 4359 1253 4415 si
1303 4361 1495 4418 deinde
1536 4347 1759 4422 labatur
1791 4378 1849 4425 et

259 4448 494 4515 decidat,
537 4466 602 4507 ac
638 4453 751 4523 prai
788 4452 995 4509 dicendi
1035 4454 1208 4525 inopia
1248 4456 1564 4515 erubescere
1604 4470 1844 4532 cogatur,

257 4541 375 4614 jam
407 4540 668 4598 dictorum
712 4543 918 4603 lucrum
960 4547 1138 4600 statim
1165 4545 1356 4602 effluit.
1392 4549 1524 4604 Nam
1553 4553 1642 4621 qui
1681 4555 1848 4608 corri-

263 4633 504 4703 piuntur,
540 4633 666 4687 dum
695 4633 764 4689 de
787 4634 944 4690 dictis
967 4625 1176 4703 dolent,
1198 4653 1299 4694 nec
1339 4654 1400 4695 se
1442 4642 1548 4696 alio
1570 4644 1732 4700 modo
1757 4645 1847 4700 ul-

259 4720 395 4777 cisci
432 4732 673 4793 possunt,
711 4725 1058 4795 ignorantiam
1102 4728 1204 4797 ipsi
1231 4730 1576 4800 exprobrant,
1619 4735 1718 4790 hac
1754 4752 1850 4805 pu—

261 4820 444 4868 tantes
469 4829 530 4871 se
565 4816 771 4871 ratione
806 4819 1091 4887 opprobria
1133 4829 1310 4888 tegere
1343 4836 1458 4876 sua.
1489 4825 1846 4893 Quamobrem

261 4911 483 4972 oportet
523 4919 644 4960 eum
669 4921 767 4962 ceu
805 4909 1042 4978 aurigam
1085 4910 1343 4980 optimum
1373 4914 1512 4969 inter
1546 4915 1681 4970 duas
1726 4917 1849 4973 illas

261 4995 492 5050 virtutes
508 5005 758 5053 accurate
783 4999 1094 5068 procedere,
1118 5010 1177 5055 nt
1197 5011 1477 5073 utramque
1495 5007 1600 5061 rite
1622 5015 1850 5062 tractare

260 5085 454 5167 possit.
497 5085 710 5143 Etenim
744 5103 868 5144 cum
907 5089 998 5146 ille
1035 5105 1096 5146 se
1121 5093 1262 5161 apud
1301 5108 1490 5149 omnes
1523 5097 1846 5167 inculpatum

261 5177 595 5248 prastiterit,
633 5188 760 5236 tunc
797 5192 992 5251 quanta
1029 5193 1292 5253 potestate
1331 5186 1576 5255 voluerit,
1613 5189 1851 5245 subditos

259 5282 397 5324 suos
432 5282 622 5326 omnes
658 5286 759 5343 pro
797 5272 967 5329 lubito
993 5275 1079 5331 vel
1121 5276 1404 5347 castigare,
1441 5279 1530 5334 vel
1573 5283 1851 5347 remissius

249 5367 502 5416 tractare
524 5363 738 5430 poterit.
777 5361 890 5420 Hoc
925 5365 1029 5420 nisi
1057 5367 1204 5436 prius
1226 5369 1432 5438 agatur,
1461 5370 1604 5426 haud
1630 5370 1770 5427 factu
1797 5371 1852 5427 id

263 5449 431 5506 facile
453 5450 633 5508 fuerit.
659 5454 836 5511 Animi
863 5472 1022 5528 porro
1050 5461 1465 5530 magnitudinem
1508 5480 1616 5520 non
1656 5465 1711 5520 in
1737 5466 1853 5520 lau-

263 5540 398 5598 dum
419 5553 726 5618 contemptu
749 5555 958 5640 tantum
975 5551 1231 5608 exhibere
1253 5568 1351 5623 par
1371 5562 1479 5622 est,
1506 5555 1602 5611 sed
1628 5556 1878 5613 ulterius

310 5761 356 5832 f
385 5761 1851 5832 Μωαηωώπψιωιάωκηρεῑωαρωωιωὶη

265 5821 479 5898 dicendo
500 5821 705 5890 spretor.

1494 436 1586 494 DE
1623 435 2072 494 SACERDO'I‘IO.
2113 435 2244 531 LlB.
2281 438 2350 494 ν.

3446 450 3554 506 6⁸15

1973 550 2442 620 progrediendum,
2474 566 2542 608 ne
2565 552 2930 622 imperfectum
2954 553 3159 610 lucrum
3188 556 3424 613 accedat.

2041 641 2094 695 4.
2135 639 2392 694 Invidiam
2418 630 2702 697 contemnat
2744 653 2958 712 oportet.
2985 675 3055 685 —
3078 645 3358 712 Quodnam
3393 650 3556 710 igitur
3600 702 3604 705 .

1968 729 2112 784 aliud
2140 718 2587 793 contemnendum
2614 742 2698 786 est
2711 731 2748 785 2.
2763 732 2924 787 LiVOr
2949 741 3005 788 et
3033 734 3252 790 invidia.
3291 736 3555 805 Intempe-

1967 820 2131 873 stivas
2149 828 2326 873 autem
2355 820 2766 877 accusationes,‘
2794 816 3038 894 (necesSe
3085 824 3282 894 quippe
3330 837 3416 880 est
3455 841 3556 879 an-

1969 909 2188 963 tistitem
2244 909 2503 965 absurdas
2553 911 2715 964 etiam
2765 907 3212 982 reprehensionds
3259 916 3554 984 sustinere)

1965 1014 2141 1068 neque
2165 999 2450 1066 admodum
2481 999 2669 1056 timere
2696 1001 3109 1072 formidareque,
3129 1019 3304 1074 neque
3333 1019 3556 1074 prorsus

1965 1087 2236 1158 negligere
2289 1090 2539 1144 convenit
2580 1105 2594 1141 :
2634 1090 2729 1145 sed
2777 1090 2987 1146 etiamsi
3047 1092 3154 1146 illa:
3204 1091 3354 1148 falsae
3407 1093 3548 1158 sint,

1964 1165 2172 1233 etiamsi
2201 1194 2230 1232 a
2259 1179 2478 1249 plebeiis
2518 1179 2828 1241 offerantur.
2866 1182 3047 1237 statim
3085 1197 3180 1238 eas
3212 1173 3554 1254 exstinguere

1963 1267 2263 1321 conandum
2290 1279 2392 1324 est.
2419 1269 2558 1323 Nihil
2591 1271 2734 1324 enim
2764 1270 2835 1324 ita
2861 1269 3056 1325 famam
3085 1284 3180 1326 seu
3205 1271 3424 1339 bonam,
3455 1289 3553 1328 seu

1963 1357 2157 1411 malam
2201 1367 2378 1426 auget,
2428 1368 2486 1413 ut
2529 1358 2936 1429 incompositum
2975 1361 3169 1430 vulgus
3195 1376 3354 1417 :cum
3406 1362 3549 1417 enim

1962 1448 2082 1503 sine
2108 1449 2357 1504 examine
2395 1457 2452 1504 et
2490 1450 2676 1506 audire
2725 1460 2781 1505 et
2831 1451 3037 1521 garrire
3060 1453 3084 1483 ³
3107 1452 3302 1519 soleat,
3348 1462 3552 1508 temere

1962 1535 2220 1606 quidquid
2243 1539 2477 1593 occurrit
2509 1539 2765 1609 loquitur,
2791 1541 2932 1594 nulla
2963 1554 3184 1610 prorsus
3204 1541 3316 1595 veri
3342 1542 3553 1596 ratione

1964 1624 2165 1679 habita.
2191 1624 2552 1691 Quamobrem
2594 1642 2703 1682 non
2726 1637 2935 1697 oportet
2956 1628 3148 1698 vulgus
3179 1638 3546 1696 contemnere,

1960 1716 2056 1770 sed
2091 1731 2278 1785 pravas
2313 1718 2643 1787 suspiciones
2683 1720 2864 1774 statim
2901 1718 2971 1772 ab
3015 1719 3176 1784 initio,
3206 1719 3543 1785 exscindere,

1960 1814 2300 1861 accusatores
2327 1806 2396 1861 de
2433 1807 2703 1861 contrario
2729 1806 3114 1875 persuadendo,
3159 1808 3369 1862 etiamsi
3411 1807 3487 1863 illi
3516 1824 3549 1864 a

1959 1895 2167 1948 ratione
2185 1895 2498 1949 alienissimi
2519 1897 2625 1963 sint
2645 1893 2890 1951 :dem‘um
2914 1897 3047 1951 nihil
3068 1905 3218 1976 retro
3243 1898 3546 1966 relinquere

1959 1985 2231 2052 convenit,
2285 1986 2430 2056 quod
2467 2001 2682 2055 pravam
2723 1987 2744 2019 ³
2785 1987 3089 2056 Opinionem
3130 1988 3314 2052 delere
3338 1989 3545 2057 possit:

1959 2077 2041 2131 sin
2071 2091 2220 2141 vero,
2249 2084 2531 2146 postquam
2573 2078 2752 2132 omnia
2776 2078 3206 2146 praestiterimus,
3245 2079 3417 2132 nolint
3453 2094 3545 2133 ac-

1959 2175 2236 2222 cusatores
2276 2181 2480 2221 morem
2523 2182 2729 2237 gerere,
2772 2176 2900 2222 tunc
2927 2176 3239 2237 contemptu
3261 2183 3396 2237 opus
3422 2171 3544 2223 erit.

1957 2255 2402 2326 Quandoquidem
2428 2257 2475 2310 si
2503 2258 2622 2326 quis
2658 2250 2871 2311 casibus
2895 2255 3201 2325 huiusmodi
3237 2257 3420 2311 animo
3444 2257 3546 2312 de-

1951 2346 2188 2417 jiciatur,
2229 2347 2276 2400 is
2316 2362 2600 2417 numquam
2633 2344 2829 2416 poterit
2849 2347 3137 2417 quidpiam
3183 2349 3430 2417 generosi
3457 2349 3544 2402 vel

1956 2433 2254 2491 admirandi
2283 2444 2560 2505 praestare.
2585 2435 2721 2490 Nam
2765 2451 2965 2492 maeror
2999 2436 3163 2490 animi
3208 2437 3545 2507 assiduaeque

1955 2526 2344 2581 sollicitudines
2388 2527 2555 2582 animi
2594 2527 2704 2580 vim
2736 2534 3075 2597 prosternere
3102 2536 3349 2598 possunt,
3391 2536 3449 2584 et
3485 2527 3541 2583 in

1956 2624 2251 2670 extremam
2282 2616 2700 2671 imbecillitatem
2719 2617 3003 2670 deducere.
3034 2616 3122 2672 Sic
3141 2617 3301 2686 igitur
3327 2626 3544 2686 oportet

1956 2696 2288 2761 sacerdotem
2313 2720 2440 2775 erga
2463 2705 2706 2760 subditos
2738 2704 2987 2760 allectum
3028 2719 3171 2771 esse,
3200 2711 3257 2761 ut
3282 2716 3436 2776 pater
3459 2719 3544 2763 est

1953 2810 2090 2866 erga
2123 2795 2440 2850 tenerrimos
2482 2795 2621 2849 filios
2644 2813 2659 2849 :
2684 2810 2749 2849 ac
2793 2795 3242 2864 quemadmodum
3287 2786 3393 2851 illis
3440 2811 3542 2852 nec

1955 2868 2399 2940 insolescentibus
2420 2925 2436 2952 ,
2489 2899 2591 2939 nec
2634 2885 3054 2954 percutientibus
3076 2925 3092 2946 ,
3113 2916 3116 2919 λ
3139 2899 3241 2940 nec
3291 2884 3544 2941 ﬂentibus

1952 2989 2374 3040 commovemur,
2419 2973 2515 3028 sed
2543 2988 2715 3042 neque
2741 2989 2864 3037 cum
2906 2989 3005 3029 nos
3046 2973 3231 3029 eﬂusis
3266 2975 3542 3031 cachinnis

1952 3062 2242 3130 irriserint,
2273 3062 2557 3118 admodum
2587 3077 2854 3142 curamus,
2867 3049 2954 3118 ita
2978 3078 3078 3118 nec
3098 3064 3288 3118 horum
3314 3065 3398 3119 vel
3425 3065 3541 3118 lau-

1951 3153 2110 3211 dibus
2136 3154 2511 3218 intumescere,
2547 3154 2632 3209 vel
2670 3153 2946 3224 vituperiis
2970 3152 3130 3223 dejici
3154 3161 3386 3224 oportet,
3416 3169 3538 3209 cum

1952 3248 2070 3303 haec
2102 3248 2180 3303 illi
2220 3247 2591 3318 intempestive
2619 3230 2838 3301 faciunt:
2877 3244 3053 3301 Grave
3085 3245 3215 3300 illud
3255 3254 3359 3312 est,
3394 3259 3433 3300 o
3457 3247 3542 3300 vir

1950 3338 2128 3403 beate,
2154 3338 2264 3392 imo
2288 3338 2393 3393 tale
2423 3339 2650 3393 fortasse
2674 3344 2824 3407 puto,
2845 3335 2989 3407 quod
3003 3318 3256 3404 praestari
3277 3351 3383 3389 non
3409 3349 3540 3405 pos-
3573 3405 3576 3408 Q
3697 3375 3700 3378 .

1950 3430 2060 3492 sit”
2080 3428 2355 3498 Siquidem
2383 3429 2653 3501 laudatum
2695 3427 2966 3482 hominem
3004 3442 3110 3481 non
3147 3426 3401 3497 gaudere,
3443 3441 3540 3480 ne-

1951 3523 2064 3577 scio
2090 3536 2159 3576 an
2185 3521 2414 3591 cuipiam
2434 3521 2518 3576 vel
2547 3535 2738 3590 magna
2775 3520 2972 3574 virtute
3008 3518 3235 3588 praedito
3257 3517 3534 3573 acciderit.

1949 3593 2282 3669 Gaudentem
2316 3627 2450 3668 vero
2488 3625 2714 3666 necesse
2734 3609 2946 3665 videtur
2969 3609 3023 3662 id
3055 3608 3360 3663 desiderare
3395 3607 3537 3661 unde

1949 3705 2142 3775 gaudio
2165 3704 2379 3774 fruitur,
2404 3704 2794 3759 desiderantem
2822 3717 2985 3772 porro
3014 3700 3208 3771 gaudio
3231 3698 3358 3764 frui,
3383 3714 3538 3769 pror-

1951 3811 2044 3853 sus
2090 3809 2309 3853 necesse
2336 3805 2440 3864 est,
2476 3797 2522 3851 si
2549 3795 2603 3850 id
2632 3810 2740 3850 non
2779 3801 3154 3874 consequatur,
3185 3792 3389 3874 dolere,
3418 3801 3534 3847 tor-

1949 3890 2122 3960 queri,
2177 3888 2424 3955 cruciari,
2478 3903 2543 3943 ac
2590 3901 2823 3943 maerore
2862 3886 3024 3940 allici.
3075 3883 3532 3952 Quemadmodum

1949 3981 2092 4034 enim
2113 3980 2173 4048 ii,
2200 3979 2290 4048 qui
2316 3979 2370 4032 in
2398 3978 2597 4033 divitiis
2619 3977 2888 4041 laetantur,
2914 3976 2960 4030 si
2983 3975 3198 4046 quando
3222 3974 3275 4028 in
3302 3989 3534 4044 pauper-

1951 4075 2115 4123 tatem
2156 4067 2427 4133 decidant,
2471 4081 2613 4138 agre
2639 4065 2820 4122 ferunt
2845 4083 2860 4121 :
2885 4073 2942 4118 et
2988 4063 3078 4132 qui
3119 4062 3361 4117 delicatis
3393 4063 3537 4127 cibis

1951 4165 2320 4220 assueverunt,
2356 4172 2642 4227 numquam
2672 4158 2941 4226 patiantur
2966 4153 3112 4210 tenui
3143 4155 3219 4208 uti
3248 4154 3418 4206 vietus
3442 4169 3532 4205 ra-

1952 4249 2099 4304 tione
2126 4266 2142 4302 :
2168 4249 2248 4304 sic
2271 4259 2325 4303 et
2350 4247 2520 4302 laudis
2545 4257 2832 4312 amatores,
2863 4262 2970 4300 non
2993 4245 3159 4299 modo
3179 4259 3302 4300 cum
3329 4252 3534 4298 temere

1951 4340 2338 4409 vituperantur,
2367 4337 2460 4392 sed
2489 4339 2647 4392 etiam
2674 4352 2796 4391 cum
2835 4352 2941 4390 non
2978 4334 3193 4409 assidue
3232 4334 3534 4399 laudantur,

1953 4445 2052 4486 ceu
2081 4431 2220 4484 fame
2248 4429 2475 4499 quadam
2513 4428 2927 4492 eontabescunt;
2956 4427 3186 4480 maxime
3229 4426 3274 4479 si
3315 4426 3367 4480 in
3404 4426 3536 4494 ipsis

1953 4520 2197 4574 laudibus
2216 4519 2423 4574 educati
2445 4516 2659 4582 fuerint,
2689 4527 2780 4570 aut
2799 4517 2844 4570 si
2864 4518 2996 4571 alios
3019 4515 3218 4570 laudari
3242 4515 3529 4570 audierint.

1952 4613 2052 4678 Qui
2076 4626 2203 4667 vero
2226 4626 2346 4665 cum
2377 4610 2467 4664 tali
2494 4609 2742 4678 cupidine
2765 4609 2821 4662 in
2845 4608 3101 4662 doctrina:
3135 4615 3404 4661 certamen
3441 4606 3537 4660 de-

1955 4700 2242 4764 scenderit,
2272 4713 2428 4770 quam
2470 4699 2650 4753 multis
2677 4699 2824 4752 illum
2870 4697 3121 4765 negotiis,
3151 4711 3312 4766 quam
3355 4696 3538 4750 multis

1952 4790 2226 4846 doloribus
2244 4789 2529 4844 obnoxium
2555 4788 2669 4843 fore
2695 4787 2885 4857 putas?
2909 4787 3090 4856 Neque
3112 4801 3260 4840 mare
3285 4801 3536 4855 umquam

1955 4893 2131 4954 potest
2153 4882 2400 4936 fluctibus
2426 4894 2631 4948 carere,
2658 4893 2832 4949 neque
2868 4880 3008 4934 illius
3033 4877 3248 4933 animus
3271 4877 3535 4933 sollicitu-

1954 4975 2079 5030 dine
2105 4982 2160 5029 et
2185 4972 2456 5027 maestitia.

2026 5065 2084 5120 5.
2115 5063 2334 5118 Erudito
2358 5061 2472 5132 plus
2499 5059 2653 5114 studii
2687 5067 2736 5114 α
2761 5059 3038 5131 diligentia:
3071 5073 3200 5129 opus
3229 5075 3361 5126 esse,
3385 5075 3540 5129 quam

1953 5155 2224 5211 inerudito.
2251 5182 2325 5196 --
2347 5152 2480 5208 Nam
2507 5151 2553 5206 si
2576 5151 2625 5206 is
2647 5150 2804 5206 fuerit
2827 5164 3015 5219 magna
3038 5148 3247 5203 dicendi
3272 5148 3327 5204 vi
3347 5149 3541 5218 praedi-

1955 5256 2041 5302 tus
2065 5245 2194 5318 (hoc
2213 5253 2392 5298 autem
2417 5242 2473 5298 in
2497 5241 2682 5312 paucis
2704 5238 3013 5310 invenitur),
3039 5254 3109 5295 ne
3127 5239 3204 5293 sic
3229 5239 3444 5308 quidem
3470 5239 3544 5306 ab

1958 5335 2176 5392 assiduo
2194 5333 2359 5388 animi
2387 5347 2618 5388 maerore
2648 5345 2846 5386 uenus
2886 5331 3008 5385 erit.
3038 5329 3406 5398 Etenim_cum
3429 5328 3545 5383 elo—

1960 5423 2232 5497 quentiam
2269 5437 2376 5478 non
2401 5431 2611 5487 natura,
2640 5419 2736 5476 sed
2776 5415 3055 5489 disciplina
3095 5417 3287 5487 pariat,
3312 5417 3442 5472 licet
3474 5417 3542 5471 ad

1958 5531 2228 5583 summum
2267 5516 2385 5585 ejus
2423 5514 2629 5586 apicem
2653 5512 2773 5584 quis
2794 5511 3119 5582 pervenerit,
3167 5511 3238 5567 ab
3272 5511 3365 5566 illa
3399 5519 3548 5569 certe

2019 5709 2037 5778 ἓ
2076 5706 2183 5778 Alli:
2571 5706 2808 5770 iam;
2829 5713 2971 5766 unus.

2017 5772 2041 5842 ξ
2073 5769 2176 5842 alii,
2199 5769 2490 5830 enumerare.
