4158 6316
688 407 791 461 675

684 515 1017 581 destituetur,
1048 519 1146 573 msi
1177 520 1387 575 assiduo
1412 521 1587 576 studio
1614 531 1678 576 et.
1708 523 2083 578 exercitatione
2111 524 2250 576 illam

686 609 975 661 excoluerit
1006 627 1016 657 :
1050 610 1116 663 ita
1150 621 1204 664 ut
1238 613 1402 681 magis
1441 614 1797 681 peritioribus,
1841 630 1994 682 quam
2040 615 2254 682 imperi-

687 696 911 750 tioribus
954 698 1022 751 sit
1076 700 1441 754 laborandnm.
1490 701 1680 770 Neque"
1714 703 1854 756 enim
1906 719 2000 771 par
2050 701 2254 771 jactura

689 793 956 855 utrosque,
984 789 1362 859 sinegligentes
1393 791 1603 856 fuerint,
1637 802 1843 857 manet;
1868 775 2125 847 sedatum
2149 810 2257 845 ma-

682 873 766 942 jor
802 875 935 941 luce,
981 888 1231 945 quantum
1271 890 1354 934 est
1395 881 1529 935 inter
1561 881 1802 949 peritiam
1850 891 1902 936 et
1941 882 2254 949 imperitiam

687 969 1037 1026 intervallum.
1071 974 1241 1040 Atque
1283 973 1401 1026 illos
1427 975 1640 1042 quidem
1671 988 1828 1027 nemo
1861 974 2171 1042 enlpaverit,
2212 973 2257 1026 si

687 1058 816 1112 nihil
844 1060 1093 1114 eximium
1120 1062 1419 1129 attulerint;
1446 1065 1529 1116 hic
1555 1079 1681 1118 vero
1712 1065 1811 1118 nisi
1848 1064 2110 1132 quidpiam
2143 1078 2255 1115 ma-

685 1147 773 1215 jus
818 1150 1227 1215 existimatione,
1274 1168 1374 1221 qua
1421 1155 1556 1208 valet
1601 1158 1738 1224 apud
1788 1170 1992 1220 omnes,
2047 1169 2257 1224 semper

687 1240 990 1306 protulerit,
1027 1241 1076 1294 in
1124 1244 1359 1297 omnium
1401 1245 1869 1313 reprehensionem
1907 1247 2146 1299 incurrit.
2177 1247 2256 1299 Ad

687 1327 802 1382 haec
847 1330 921 1382 illi
967 1345 1065 1400 pro
1115 1333 1335 1386 modicis
1387 1335 1726 1388 concionibus
1782 1351 2024 1403 magnam
2068 1351 2257 1389 conse-

686 1429 918 1486 quuntur
947 1421 1192 1486 laudem;
1227 1425 1276 1475 hi
1313 1440 1458 1489 vero,
1491 1426 1591 1478 nisi
1633 1426 1889 1480 mirabilia
1925 1438 1976 1480 et
2004 1429 2257 1494 stupenda

689 1511 974 1577 proferant,
1001 1530 1101 1566 non
1134 1517 1290 1568 modo
1315 1517 1551 1571 laudibus
1580 1519 1870 1585 privamur,
1911 1517 2002 1572 sed
2039 1521 2196 1573 etiam
2226 1535 2254 1571 a

690 1602 871 1656 multis
913 1605 1319 1674 redarguuntur.
1369 1608 1651 1664 Auditores
1680 1610 1879 1678 quippe
1911 1623 2012 1661 non
2056 1619 2159 1661 tam
2190 1608 2256 1662 de

688 1692 966 1756 concione,
999 1710 1152 1771 quam
1183 1696 1247 1748 de
1282 1697 1640 1750 concionantis
1661 1699 2045 1752 existimatione
2073 1698 2257 1751 sedent

683 1780 908 1847 judices.
960 1783 1287 1853 Quapropter
1333 1788 1420 1840 ubi
1459 1788 1716 1856 quispiam
1764 1789 2039 1844 universos
2078 1789 2127 1841 vi
2175 1787 2256 1842 di-

685 1870 838 1923 cendi
865 1883 1096 1948 superat,
1123 1884 1230 1928 tum
1263 1875 1335 1928 illi
1367 1877 1504 1944 plus,
1535 1893 1688 1946 quam
1729 1880 1954 1944 caeteris,
1977 1879 2150 1932 studio
2177 1879 2254 1930 la-

685 1959 918 2029 boreque
954 1978 1087 2032 opus
1132 1975 1232 2018 est.
1281 1965 1460 2034 Neque
1501 1969 1640 2022 enim
1680 1969 1802 2022 licet
1839 1968 1911 2022 illi
1951 1971 2000 2022 id
2032 1969 2252 2037 perpeti,

684 2050 826 2117 quod
858 2053 951 2104 toti
994 2054 1234 2106 humanm
1281 2064 1481 2109 natura:
1524 2066 1801 2112 commune
1829 2067 1931 2123 est,
1965 2069 2019 2110 ut
2058 2058 2256 2111 scilicet

689 2155 794 2193 non
824 2157 1034 2210 semper
1059 2144 1110 2196 in
1137 2145 1378 2198 omnibus
1411 2146 1574 2213 probe
1605 2162 1713 2200 rem
1735 2157 1884 2216 gerat
1913 2165 1926 2200 :
1957 2147 2048 2201 sed
2072 2148 2114 2200 si
2140 2147 2248 2210 illa,

686 2248 804 2301 qua:
842 2235 1203 2288 concionaudo
1229 2235 1372 2298 dicit,
1404 2254 1521 2291 eum
1563 2238 1715 2292 fama:
1755 2239 2110 2308 magnitudine
2148 2255 2251 2292 non

687 2323 1038 2390 ceiisentiant,
1068 2337 1355 2380 scommata
1387 2328 1706 2395 dicteriaque
1746 2345 1775 2381 a
1807 2315 2140 2382 multitudine
2163 2344 2252 2381 rc-

687 2411 810 2465 fert.
839 2413 1006 2468 Nemo
1036 2431 1215 2470 secum
1246 2427 1455 2486 reputat
1482 2430 1572 2471 aut
1598 2420 1913 2473 incidentem
1945 2433 2251 2482 maerorem,

685 2515 777 2557 aut
803 2508 1095 2574 angustiam
1125 2509 1308 2574 animi,
1347 2509 1426 2564 vel
1458 2511 1878 2577 sollicitudinem,
1907 2511 1988 2565 vel
2019 2525 2255 2580 persaepe

689 2596 819 2650 iram
851 2601 1038 2652 mentis
1080 2601 1245 2654 aciem
1276 2603 1505 2655 tenebris
1548 2602 1816 2668 offudisse,
1858 2618 2028 2673 neque
2069 2603 2254 2657 sivisse

687 2700 841 2739 sensa
865 2687 977 2756 ejus
1003 2703 1131 2757 pura
1162 2691 1470 2761 sinceraque
1497 2678 1706 2760 prodire
1733 2711 1746 2745 :
1771 2703 1927 2762 atque
1951 2695 2108 2746 homo
2132 2707 2253 2746 cum

687 2779 778 2844 sit,
826 2792 928 2831 non
959 2795 1112 2847 posse
1155 2796 1369 2850 semper
1415 2797 1537 2836 eum
1584 2783 1752 2851 ipsum
1800 2798 1937 2849 esse,
1989 2798 2160 2853 neque
2201 2784 2252 2836 in

687 2871 928 2925 omnibus
961 2888 1210 2942 prospere
1253 2889 1426 2943 agere,
1471 2875 1561 2928 sed
1591 2875 1730 2944 quod
1779 2877 1888 2930 fieri
1935 2876 2090 2943 solet,
2119 2877 2256 2929 acci-

688 2959 817 3016 dere
858 2972 914 3016 ut
956 2979 1348 3032 nonnumquam
1377 2966 1598 3027 labatur,
1640 2981 1700 3019 ac
1743 2967 1946 3020 minora
1976 2981 2131 3035 quam
2160 2981 2254 3034 pro

687 3050 840 3104 solita
867 3053 1058 3108 virtute
1087 3055 1351 3110 exhibeat.
1380 3055 1517 3109 ΝΙΙΙῘΙ
1544 3056 1751 3119 horum,
1783 3066 1839 3110 ut
1862 3056 1989 3122 dixi,
2025 3058 2255 3125 cogitare

688 3139 911 3195 volunt:
938 3142 1050 3209 sed,
1086 3158 1146 3197 ac
1197 3146 1238 3198 si
1286 3146 1352 3198 de
1393 3145 1582 3214 angelo
1617 3146 1870 3214 judicium
1913 3145 2130 3209 ferrent,
2185 3147 2253 3199 ita

687 3231 857 3298 ipsum
900 3233 1238 3300 redarguunt.
1284 3235 1530 3303 Alioquin
1570 3251 1694 3289 vero
1734 3236 1870 3289 solet
1920 3236 2078 3288 homo
2121 3250 2254 3304 prae.

687 3319 827 3372 clara
858 3324 1083 3389 proximi
1107 3326 1185 3378 sui
1215 3335 1381 3394 gesta,
1413 3328 1749 3394 quantumvis
1777 3326 1939 3380 multa
1965 3335 2017 3380 et
2043 3341 2248 3395 magna,

687 3413 990 3482 despicere;
1038 3417 1083 3469 si
1123 3427 1298 3498 aptam
1333 3418 1442 3470 vitii
1483 3418 1746 3486 quidpiam
1782 3426 2052 3486 appareat,
2083 3431 2250 3487 quan-

690 3504 882 3556 tumvis
927 3505 1042 3558 leve
1088 3506 1175 3571 sit,
1217 3507 1456 3574 quamvis
1503 3507 1703 3575 jamdiu
1747 3509 2012 3575 acciderit,
2074 3510 2250 3563 Statim

686 3592 1035 3662 dignoscitur,
1065 3597 1338 3650 confestim
1379 3599 1642 3667 arripitur,
1675 3610 1728 3653 et
1765 3616 2046 3670 numquam
2079 3616 2108 3656 e
2143 3617 2252 3656 me-

687 3686 855 3738 moria
895 3687 1126 3740 excidit:
1152 3697 1307 3756 atque
1335 3688 1460 3742 illud
1503 3705 1753 3758 perquam
1790 3702 1945 3746 tenue
1975 3692 2249 3760 exiguum-

687 3791 806 3842 que,
846 3778 1128 3832 multorum
1166 3795 1578 3851 magnorumque
1610 3783 1843 3837 virorum
1883 3798 2024 3853 saepe
2057 3784 2249 3837 famam

690 3871 972 3923 imminuit.

759 3960 811 4014 6.
851 3959 1107 4014 Iudicium
1157 3961 1487 4017 multitudinis
1528 3966 1770 4033 imperita:
1811 3983 1908 4018 non
1949 3983 2051 4020 esse
2083 3977 2251 4020 conte-

688 4051 1230 4126 mrendum.—Vides,
1262 4068 1294 4105 ο
1324 4056 1404 4106 vir
1424 4069 1699 4122 generose,
1724 4072 1843 4108 eum
1873 4059 1958 4126 qui
1981 4057 2250 4111 vidicendi

689 4138 943 4208 praeditus
986 4141 1072 4205 sit,
1123 4143 1323 4211 majore
1363 4144 1711 4197 sollicitudine
1751 4161 1885 4214 opus
1925 4147 2162 4201 habere:
2192 4163 2253 4202 ac

693 4239 882 4297 praeter
909 4232 1137 4285 studium
1172 4245 1310 4286 tanta
1343 4235 1615 4289 tolerantia
1644 4237 1897 4306 indigere,
1925 4246 2116 4305 quanta
2149 4254 2252 4291 non

691 4334 896 4384 omnes,
929 4336 1150 4389 quorum
1196 4324 1338 4391 prius
1379 4327 1613 4390 memini,
1663 4341 1795 4394 Opus
1840 4327 2087 4382 habuere.
2121 4327 2250 4380 Nam

689 4408 838 4462 multi
878 4425 1018 4477 saepe
1065 4411 1209 4464 illum
1261 4422 1458 4467 temere
1495 4415 1821 4478 adoriuntur,
1871 4426 1924 4485 et
1964 4431 2084 4469 cum
2123 4418 2251 4471 nihil

686 4501 922 4555 criminis
943 4501 1119 4555 offerri
1148 4505 1330 4570 possit,
1362 4519 1465 4557 non
1489 4505 1641 4557 aliam
1667 4505 1773 4559 odii
1801 4521 2011 4560 causam
2035 4506 2248 4571 habent,

687 4606 843 4658 quam
867 4593 985 4659 quia
1017 4592 1155 4660 apud
1195 4607 1378 4646 omnes
1409 4594 1541 4648 bene
1578 4595 1742 4648 audit.
1776 4596 1973 4650 Horum
2002 4597 2251 4652 invidiam

688 4680 894 4733 fortiter
927 4681 1065 4735 ferre
1095 4695 1196 4748 .par
1233 4691 1313 4734 est
1343 4699 1354 4735 :
1379 4697 1498 4734 nam
1529 4684 1908 4737 exsecrandum
1952 4684 2248 4753 hujusmodi

686 4770 886 4837 odium,
931 4771 1070 4839 quod
1113 4781 1311 4825 temere
1347 4786 1721 4840 conceperunt,
1765 4790 1884 4829 cum
1925 4785 2101 4843 tegere
2145 4791 2250 4830 non

688 4860 915 4924 valeant,
943 4862 1074 4914 clam
1111 4864 1492 4929 conviciantur,
1539 4864 1798 4932 incusant,
1841 4867 2248 4934 calumniantur,

686 4949 966 5018 palamque
1002 4951 1250 5003 malitiam
1281 4961 1553 5007 exercent.
1591 4956 1810 5010 Animus
1847 4967 2020 5010 autem
2050 4959 2139 5025 qui
2183 4958 2250 5011 ad

686 5038 778 5092 illa
814 5039 1016 5107 singula
1057 5041 1237 5095 dolere
1275 5053 1430 5111 atque
1456 5044 1650 5098 irritari
1697 5047 1937 5114 cmperit,
1983 5063 2085 5102 non
2117 5049 2250 5102 ultra

688 5131 933 5198 progredi
976 5143 1165 5200 potest,
1208 5135 1300 5189 sed
1328 5135 1511 5191 dolore
1537 5139 1878 5193 contabescit.
1908 5139 2116 5193 Etenim
2144 5156 2250 5194 non

687 5235 782 5288 per
807 5235 864 5274 se
887 5229 1084 5275 tantum
1121 5214 1182 5286 se
1209 5225 1306 5293 ipsi
1340 5227 1677 5290 ulciscuntur,
1715 5227 1808 5282 sed
1844 5229 2000 5283 etiam
2025 5230 2248 5284 aliorum

687 5317 905 5364 utuntur
929 5327 1085 5394 opera
1111 5331 1218 5396 :Vac.
1231 5331 1372 5385 σερε
1407 5333 1567 5371 unum
1595 5320 1893 5387 quempiam
1921 5318 2123 5374 dicendi
2154 5322 2252 5375 im-

691 5398 914 5469 peritum
935 5400 1260 5474 coeptantes,
1289 5408 1529 5471 laudibus
1562 5411 1829 5466 celebrant
1865 5427 1926 5465 ac
1953 5425 2108 5484 supra
2135 5429 2249 5468 me-

689 5493 849 5547 ritum
900 5495 1244 5563 admirantur,
1299 5500 1387 5553 alii
1432 5500 1608 5556 furore
1638 5502 1800 5567 ducti,
1848 5503 1936 5556 alii
1990 5503 2252 5573 imperitia

690 5584 844 5636 simul
872 5595 926 5638 et
962 5585 1124 5642 livore
1164 5589 1409 5657 impulsi;
1437 5606 1540 5646 non
1563 5601 1619 5644 ut
1643 5592 1933 5646 mirabilem
1969 5595 2251 5650 exhibeant

691 5688 832 5737 eum,
889 5677 976 5744 qui
1034 5677 1151 5732 talis
1199 5693 1304 5733 non
1342 5692 1442 5745 est,
1483 5679 1578 5736 sed
1623 5695 1680 5735 ut
1720 5681 1876 5751 hujus
1927 5683 2147 5751 gloriam
2185 5685 2250 5738 de

689 5765 864 5820 medio
897 5768 1099 5825 tollant.
1129 5771 1306 5842 Neque
1344 5772 1597 5831 adversus
1639 5772 1770 5829 istos
1807 5782 2007 5829 tantum
2036 5774 2246 5830 athletis

1381 409 1437 466 S.
1477 411 1750 466 JOANNIS
1786 411 2275 467 CIIRYSOSTOMI‘
2299 410 2630 465 ARCHIEP.’
2655 408 3180 465 CONSTANTINOP.

3823 403 3920 458 676

2363 522 2434 574 illi
2467 531 2735 575 certamen
2765 530 2863 585 est,
2893 519 2988 574 sed
3017 520 3324 585 plermuque
3347 515 3599 570 adversus
3637 516 3801 570 totius
3828 531 3922 586 po-

2359 612 2464 679 puli
2497 610 2830 678 imperitiam.
2859 609 2987 675 Quia
3016 609 3156 662 enim
3188 608 3300 660 ﬁeri
3329 607 3527 676 nequit,
3555 617 3611 660 ut
3651 610 3794 660 totus
3821 621 3926 659 cm-

2361 710 2440 753 tns
2479 682 2544 754 ex
2587 701 2801 753 literatis
2829 700 2953 752 viris
2995 697 3271 760 coaluerit,
3317 696 3408 750 sed
3448 711 3633 764 magna
3675 695 3926 748 Ecclesia:

2359 805 2482 858 pars
2535 805 2597 843 ex
2641 788 2813 842 idiotis
2838 796 3076 852 constat;
3119 786 3305 854 reliqui
3339 800 3464 841 vero
3499 785 3600 839 illis
3629 785 3927 853 sagaciorrs

2359 880 2569 949 quidem
2613 889 2752 944 sunt,
2799 878 2892 932 sed
2937 878 3004 931 ab
3056 877 3138 942 iis,
3191 877 3277 945 qui
3326 875 3391 928 de
3436 875 3643 928 dicendi
3685 873 3928 926 facultate

2355 971 2611 1040 judicium
2639 970 2777 1025 ferre
2801 970 2994 1033 valent,
3029 979 3230 1022 tantum
3259 982 3478 1020 numero
3503 965 3723 1029 distant,
3756 979 3925 1034 quan.

2360 1075 2469 1117 tum
2497 1064 2652 1116 iidem
2680 1078 2708 1115 a
2735 1061 2951 1130 reliquis
2983 1059 3227 1112 omnibus
3259 1077 3270 1111 :
3296 1074 3428 1111 unus
3455 1057 3655 1110 scilicet
3683 1057 3764 1109 vel
3794 1057 3928 1108 alter

2357 1154 2509 1208 sedet
2537 1157 2635 1206 hac
2671 1153 2921 1222 prmditu’s
2948 1152 3211 1214 facultate,
3256 1162 3576 1216 necesseque
3621 1157 3700 1200 est
3746 1154 3802 1199 ut
3841 1146 3925 1214 qui

2361 1244 2691 1312 eloquentius
2719 1241 2930 1304 dixerit,
2959 1240 3213 1292 minorem
3246 1238 3344 1292 sibi
3388 1237 3626 1305 plausum
3656 1236 3922 1297 conciliet,

2361 1344 2412 1388 et
2441 1334 2723 1403 aliquando
2750 1334 2863 1386 sine
2893 1331 3045 1385 laude
3087 1329 3342 1389 discedat.
3373 1327 3511 1382 Sane
3537 1336 3717 1384 contra
3748 1326 3928 1394 hujus-

2359 1424 2501 1476 modi
2546 1422 3008 1490 inaequabilitatem
3058 1420 3291 1492 animum
3336 1432 3591 1486 generose
3628 1431 3926 1484 pratparare

2359 1514 2529 1576 decet,
2561 1514 2729 1581 iisque
2757 1527 2972 1580 parcere
2992 1511 3079 1579 qui
3112 1525 3204 1578 per
3227 1508 3570 1578 ignorantiam
3594 1506 3720 1560 illud
3740 1515 3924 1575 agunt,

2362 1619 2455 1657 eos
2481 1614 2678 1667 autem,
2712 1603 2800 1671 qui
2824 1617 2919 1677 per
2943 1600 3210 1662 invidiam,
3243 1606 3301 1652 ut
3341 1598 3564 1652 miseros
3586 1597 3925 1665 infelicesque

2359 1695 2652 1764 deplorare.
2678 1709 2707 1747 a
2736 1702 3024 1760 neutroque
3044 1693 3245 1765 horum
3273 1690 3536 1760 quidpiam
3567 1700 3750 1758 putare
3774 1704 3806 1741 a
3831 1703 3924 1741 sua

2357 1786 2408 1838 vi
2449 1782 2652 1838 dicendi
2695 1798 2812 1838 esse
2850 1782 3161 1836 detractum.
3201 1781 3381 1849 Neque
3424 1781 3562 1833 enim
3610 1781 3652 1833 si
3694 1779 3925 1846 optimus

2358 1873 2547 1941 pictor,
2579 1871 2666 1941 qui
2690 1886 2873 1925 omnes
2900 1871 2950 1924 in
2975 1871 3073 1924 hac
3095 1877 3208 1923 arte
3243 1869 3526 1937 praecellat,
3557 1882 3806 1936 perquam
3835 1867 3918 1920 di-

2357 1966 2581 2034 ligenter
2608 1978 2637 2016 a
2667 1977 2723 2018 se
2736 1963 2993 2030 depictam
3014 1961 3292 2030 imaginem
3317 1960 3384 2014 ab
3410 1957 3665 2026 imperitis
3695 1957 3922 2011 derideri

2357 2056 2550 2121 videat,
2581 2055 2699 2109 ideo
2722 2055 2880 2109 debet
2905 2053 3082 2107 animo
3109 2051 3408 2118 concidere,
3437 2065 3535 2104 nec
3560 2049 3920 2118 imperitorum

2353 2148 2550 2217 judicio
2576 2149 2830 2217 picturam
2858 2147 3005 2215 parvi
3034 2146 3257 2208 ducere;
3282 2142 3725 2213 quemadmodum
3752 2155 3921 2209 neque

2357 2220 2611 2308 picturam
2641 2251 2758 2306 qua:
2786 2237 2933 2292 nihili
2962 2237 3048 2301 sit,
3089 2250 3152 2290 ex
3180 2233 3540 2304 imperitorum
3578 2231 3925 2286 admiratione

2357 2331 2529 2399 magni
2561 2329 2752 2384 facere.

2427 2423 2478 2474 7.
2522 2419 2788 2472 Sermones
2814 2434 2981 2472 omnes
3010 2434 3066 2471 eo
3110 2425 3303 2469 tantum
3336 2426 3390 2469 ut
3427 2414 3536 2469 Deo
3563 2415 3821 2485 placentur
3845 2413 3925 2466 di-

2356 2511 2589 2584 rigendos
2633 2507 2994 2563 esse—Nam
3042 2509 3271 2577 optimus
3305 2507 3493 2561 artifex
3546 2508 3663 2575 ipse
3705 2519 3922 2559 suorum

2359 2602 2684 2672 opificiorom
2710 2602 2872 2671 judex
2902 2611 3037 2668 esto,
3068 2611 3119 2655 et
3148 2601 3359 2670 pulchra
3387 2600 3591 2669 foedave
3619 2601 3706 2653 illa
3734 2599 3920 2653 existi-

2357 2704 2484 2759 met,
2509 2709 2628 2747 eum
2660 2709 2809 2747 mens
2847 2694 3049 2759 eadem,
3091 2709 3208 2763 qua:
3237 2677 3318 2746 illa
3357 2693 3539 2758 edidit,
3566 2691 3708 2746 hunc
3749 2692 3923 2746 calcu~

2360 2783 2644 2838 lum'feret
2672 2802 2683 2835 :
2715 2785 2937 2838 aliorum
2982 2792 3158 2837 autem
3199 2782 3501 2852 opinionem
3547 2797 3823 2837 erroneam
3869 2792 3922 2835 et

2344 2873 2486 2928 'artis
2531 2860 2825 2943 imperitam
2875 2888 2941 2927 ne
2987 2873 3039 2927 in
3083 2882 3258 2927 mente
3295 2873 3506 2941 quidem
3554 2881 3792 2941 reponat.
3845 2872 3924 2926 Ne

2359 2964 2533 3033 itaque
2561 2968 2605 3016 is
2626 2951 2712 3032 qui
2742 2963 2994 3017 doctrina.-
3014 2963 3248 3016 laborem
3280 2962 3529 3031 suscepit,
3551 2964 3774 3017 aliorum
3805 2963 3922 3015 lau-

2358 3055 2451 3109 des
2490 3055 2742 3118 attendat,
2801 3069 2970 3123 neque
3017 3054 3098 3107 his
3138 3053 3501 3108 deficientibus
3544 3054 3775 3107 animum
3829 3053 3924 3107 de-

2357 3145 2635 3213 spondeat.
2668 3145 2860 3198 Verum
2900 3159 3201 3199 sermonem
3243 3160 3395 3199 suum
3432 3144 3499 3199 ad
3546 3145 3638 3199 Dei
3672 3145 3922 3213 placitqu

2356 3237 2679 3290 coneinnans
2703 3234 2840 3302 (hinc
2880 3235 3020 3288 enim
3047 3234 3161 3302 ejus
3191 3248 3392 3298 norma,
3425 3233 3511 3288 hic
3553 3235 3806 3288 terminus
3832 3249 3921 3286 ar-

2358 3326 2504 3380 tificii
2528 3326 2683 3380 debet
2720 3340 2856 3389 esse,
2889 3341 2992 3379 non
3023 3314 3236 3392 plausus
3265 3324 3346 3376 vel
3375 3322 3601 3394 laudes),
3633 3323 3676 3375 si
3706 3323 3922 3392 quidem

2316 3450 2317 3453 η
2356 3418 2422 3470 ab
2448 3417 2747 3470 hominibus
2773 3418 2930 3469 etiam
2974 3417 3233 3480 laudetur,
3263 3415 3442 3469 laudes
3467 3431 3533 3468 ne
3569 3414 3805 3482 rejiciat;
3839 3414 3921 3465 sin

2356 3507 2538 3561 laudes
2573 3507 2639 3559 ab
2682 3507 3006 3559 auditoribus
3049 3521 3150 3559 non
3195 3505 3409 3569 referat,
3448 3520 3515 3558 ne
3540 3513 3742 3573 quaerat
3783 3505 3919 3567 illas,

2357 3614 2455 3654 nec
2485 3598 2601 3653 ideo
2635 3598 2828 3651 doleat.
2858 3597 3120 3650 Laborum
3145 3597 3338 3666 quippe
3358 3595 3603 3649 solatium
3633 3595 3764 3648 illud
3791 3595 3923 3647 satis

2354 3690 2458 3744 erit
2483 3689 2820 3757 omniumque
2844 3688 3151 3752 maximum,
3183 3686 3228 3739 si
3260 3687 3502 3740 conscius
3529 3687 3625 3740 sibi
3656 3685 3832 3749 fuerit,
3863 3701 3924 3738 se

2355 3781 2420 3834 ad
2447 3781 2536 3834 Dei
2568 3780 2811 3847 placitum
2838 3779 3129 3831 doctrinam
3150 3779 3492 3831 concinnasse
3521 3791 3691 3830 suam.

2425 3870 2479 3923 8.
2523 3870 2622 3932 Qui
2661 3885 2761 3922 non
2797 3870 2860 3922 sit
2887 3868 3093 3920 laudum
3130 3877 3455 3936 contemptor,
3488 3867 3529 3919 ei
3567 3865 3724 3918 multa
3748 3866 3925 3934 gravia

2355 3961 2600 4013 accidere.
2632 3989 2702 3999 —-
2731 3958 2863 4012 Nam
2907 3959 2951 4013 si
2999 3959 3267 4026 contingat
3302 3971 3421 4012 eum
3465 3956 3632 4010 laudis
3673 3954 3924 4024 cupidine

2356 4050 2556 4118 abripi,
2603 4050 2730 4103 nihil
2775 4049 3030 4116 juvahunt
3085 4048 3322 4116 ingentes
3370 4048 3441 4101 illi
3495 4047 3739 4112 labores,
3790 4046 3921 4098 nihil

2355 4141 2563 4195 dicendi
2617 4141 2876 4194 facultas.
2906 4139 3124 4209 Animus
3167 4139 3326 4200 enim,
3359 4139 3446 4207 qui
3490 4139 3676 4191 stultas
3719 4136 3919 4189 multo-

2356 4248 2471 4286 rum
2513 4232 2950 4301 reprehensiones
2989 4232 3122 4284 ferre
3165 4230 3360 4298 nequit,
3389 4229 3712 4292 dissolvitur,
3747 4242 3811 4282 ac
3832 4227 3920 4281 di-

2356 4322 2509 4376 cendi
2553 4321 2781 4376 studium
2819 4320 3014 4389 abjicit.
3045 4319 3396 4386 Quamobrem
3442 4319 3538 4371 hac
3576 4319 3800 4387 primum
3830 4317 3916 4371 di-

2355 4413 2575 4481 sciplina
2627 4411 2789 4465 imbui
2830 4425 2925 4479 par
2958 4420 3058 4472 est,
3104 4424 3293 4478 nempe
3332 4409 3745 4464 contemnendas
3794 4422 3916 4461 esse

2356 4502 2559 4557 laudes.
2604 4501 2785 4570 Neque
2828 4501 2968 4554 enim
3012 4502 3140 4553 satis
3181 4507 3264 4553 est
3304 4497 3509 4553 dicendi
3551 4497 3600 4550 vi
3641 4496 3918 4566 praeditum

2355 4611 2472 4650 esse
2494 4594 2559 4647 ad
2585 4609 2700 4649 eam
2734 4592 3030 4647 facultatem
3055 4591 3487 4653 conservandam,
3521 4591 3618 4642 nisi
3640 4589 3740 4642 hoc
3759 4589 3921 4642 etiam

2355 4685 2511 4739 adsit.
2543 4684 2694 4750 Quod
2734 4684 2778 4737 si
2825 4683 2942 4751 quis
2983 4697 3103 4736 eum
3142 4691 3386 4738 accurate
3411 4681 3727 4734 examinare
3769 4679 3918 4740 velit,

2355 4775 2443 4845 qui
2471 4774 2716 4828 facultate
2751 4759 3037 4836 ista'caret,
3065 4772 3355 4839 comperiet
3396 4784 3499 4824 non
3531 4769 3704 4823 minus
3742 4768 3918 4832 illum,

2354 4881 2510 4938 quam
2538 4867 2674 4920 hunc
2695 4864 2902 4920 laudum
2927 4849 3236 4931 contemptu
3259 4877 3433 4932 egere.
3462 4860 3592 4916 Nam
3620 4861 3665 4915 si
3689 4873 3719 4912 a
3747 4873 3911 4928 popu-

2355 4962 2482 5014 laris
2510 4975 2653 5014 aurae
2674 4958 2918 5027 cupidine
2945 4957 3085 5011 vinci
3123 4972 3182 5010 se
3210 4956 3452 5024 patiatur,
3481 4954 3660 5008 multis
3685 4955 3737 5008 iu
3760 4953 3920 5008 rebus

2355 5051 2653 5106 necessario
2673 5049 2960 5114 delinquet.
2979 5047 3108 5102 Cum
3130 5047 3268 5100 enim
3289 5060 3354 5100 eo
3373 5045 3644 5114 pervenire
3670 5053 3922 5112 nequeat,

2356 5151 2414 5196 ut
2435 5141 2643 5196 dicendi
2673 5140 2826 5211 laude
2854 5139 3161 5192 florentibus
3184 5137 3399 5206 aequalis
3423 5137 3511 5201 sit,
3544 5136 3671 5206 ipsis
3699 5144 3808 5188 tum
3833 5136 3918 5188 in-

2356 5233 2557 5298 sidiari,
2590 5241 2702 5288 tum
2745 5231 3146 5296 invidere,’tum
3173 5231 3373 5283 crimen
3411 5225 3619 5291 offerre,
3651 5238 3755 5281 tum
3787 5227 3924 5279 alias

2356 5326 2578 5392 turpiter
2616 5322 2834 5391 injurias
2857 5321 3051 5375 inferre
3086 5334 3190 5374 non
3219 5317 3497 5383 dubitabit,
3538 5317 3632 5371 sed
3657 5315 3784 5370 nihil
3816 5332 3924 5372 non

2356 5416 2584 5480 audebit,
2630 5414 2834 5469 etiamsi
2873 5414 3101 5467 animam
3140 5411 3361 5482 perdere
3404 5425 3536 5480 Opus
3579 5409 3667 5472 sit,
3709 5417 3768 5461 ut
3807 5407 3928 5475 ejus

2354 5492 2575 5575 gloriam
2614 5509 2666 5561 in
2715 5523 2824 5561 suae
2855 5506 3120 5561 tenuitatis
3157 5503 3513 5558 conditionem
3552 5502 3794 5557 deducat.
3839 5502 3923 5554 Ad

2355 5599 2472 5653 hate
2511 5614 2539 5651 a
2577 5598 2856 5652 sudoribus
2895 5597 3264 5665 laboribusque
3306 5593 3606 5658 abstinebit,
3651 5607 3749 5647 ceu
3787 5608 3922 5660 qua-

2357 5686 2476 5740 dam
2501 5687 2774 5756 torpedine
2799 5688 2915 5754 ejus
2953 5687 3132 5740 animo
3167 5683 3504 5744 circumfusa.
3533 5681 3663 5736 Nam
3694 5682 3921 5735 multmn

2360 5775 2685 5851 laborantem
2710 5774 2968 5830 modicam
3006 5775 3204 5831 referre
3231 5773 3460 5841 laudem,
3498 5770 3548 5826 id
3587 5785 3713 5827 sane
3751 5772 3802 5825 in
3842 5773 3922 5825 at.
