4198 6324
80 444 176 500 675

77 559 204 613 Ούδὶ
255 559 364 631 γάρ
405 559 548 630 ὑπὲρ
589 558 698 613 τῶν
746 557 923 612 αὐτῶν
961 559 994 630 ή
1032 557 1204 629 ζημία
1249 558 1515 629 ἀμελοῦσι
1547 560 1760 624 τούτοις

78 649 373 713 κάκείνοις,
425 648 563 701 ἀλλά
606 646 861 700 τοσοῦτον
901 646 1041 716 αὕτη
1090 645 1322 707 πλείων,
1356 647 1481 699 ὅσον
1525 649 1619 701 καὶ
1663 648 1764 718 τῆς

77 737 326 806 κτήσεως
352 735 620 804 ἑκατέρας
653 733 714 785 τὸ
744 733 925 802 μέσον.
952 733 1243 795 Κάκείνοις
1263 732 1360 804 μὲν
1375 734 1483 787 οὐδ’
1500 735 1566 788 ἀν
1598 737 1766 802 ἐγκα-

75 816 254 876 λέσειέ
289 841 394 886 τις,
431 823 600 894 μηδὲν
634 821 785 888 ἀξιον
835 821 994 888 λόγου
1037 820 1370 891 παρέχουσιν
1394 838 1408 852 ο
1440 817 1584 875 οὗτοι
1610 822 1686 882 δέ,
1719 823 1766 873 εἰ

81 912 154 982 μὴ
192 910 420 981 μείζονα
448 911 547 979 τῆς
577 908 737 979 δόξης
756 940 772 970 ι
812 904 879 979 ἧς
907 908 1146 972 ἆπαντες
1187 909 1370 978 ἔχουσι
1405 910 1535 978 περὶ
1562 907 1765 972 αὐτῶν,

80 1000 164 1051 ἀεὶ
191 998 541 1069 προφέροιεν,
572 997 745 1050 πολλά
776 997 926 1066 παρά
962 997 1184 1050 πάντων
1229 996 1422 1048 ἕπεται
1460 996 1528 1048 τὰ
1577 995 1770 1062 ἐγκλή-

84 1103 249 1154 ματα.
287 1086 431 1155 Πρδς
462 1085 519 1138 δέ
555 1083 766 1146 τούτοις
801 1085 999 1136 ἐκεῖνοι
1039 1084 1136 1152 μὲν
1172 1084 1267 1135 καὶ
1299 1083 1390 1135 ἐπὶ
1424 1084 1643 1153 μικροῖς
1673 1098 1768 1150 με-

82 1173 265 1240 γάλων
303 1172 370 1224 ἀν
411 1171 630 1241 τύχοιεν
662 1171 772 1223 τῶν
808 1170 1076 1234 ἐπαίνων,
1110 1169 1178 1223 τὰ
1227 1170 1285 1221 δέ
1324 1169 1555 1231 τούτων,
1592 1169 1658 1221 ἂν
1695 1167 1770 1238 μὴ

81 1259 202 1312 λίαν
323 1257 615 1328 θαυμαστὰ
663 1259 758 1311 καὶ
806 1256 1113 1326 έκπληκτα,
1157 1257 1217 1308 οὐ
1258 1254 1420 1326 μόνον
1475 1255 1771 1324 ἐγκωμίων

84 1347 394 1417 ἐστέρηται,
421 1345 563 1398 ἀλλά
607 1345 704 1398 καὶ
751 1346 878 1407 τοὺς
925 1342 1313 1414 μεμφομένους
1357 1341 1472 1412 εχει
1518 1341 1769 1404 πολλούς.

87 1436 156 1486 Οὔ
188 1434 300 1505 γὰρ
345 1437 460 1497 τοῖς
502 1433 819 1504 λεγομένοις
838 1474 852 1496 ,
884 1433 960 1496 ὡς
994 1428 1173 1502 [418]
1202 1433 1322 1493 ταῖς
1352 1431 1462 1482 τῶν
1503 1429 1772 1497 λεγόντων

86 1520 285 1585 δόξαις,
338 1521 606 1590 κάθηνται
652 1520 968 1584 δικάζοντες
1017 1518 1068 1571 οἰ
1115 1515 1408 1588 ἀκροαταί.
1437 1517 1601 1570 Ὥστε
1644 1517 1773 1569 ὅταν

89 1614 264 1679 κρατῇ
293 1627 376 1669 τις
411 1606 664 1662 ἀπάντων
703 1608 761 1660 ἐν
787 1605 864 1677 τῷ
894 1606 1110 1674 λέγειν,¹
1131 1605 1254 1657 τότε
1278 1604 1515 1675 μάλιστα
1555 1603 1775 1656 πάντων

88 1695 235 1765 αὖτῷ
259 1696 339 1747 δεῖ
354 1694 738 1766 πεπονημένης
760 1693 998 1763 σπουδῆς
1012 1708 1026 1723 ⁸
1043 1692 1166 1745 ούδέ
1187 1687 1293 1765 γάρ
1330 1691 1490 1744 τοῦτο
1506 1731 1519 1754 ,
1539 1690 1567 1743 ὃ
1597 1690 1775 1745 κοινὸν

88 1783 186 1850 τῆς
218 1782 566 1852 ἀνθρωπείας
588 1782 801 1852 φύσεώς
827 1784 966 1844 ἐστι,
991 1780 1053 1834 τὸ
1091 1781 1164 1850 μὴ
1186 1779 1365 1832 πάντα
1397 1778 1778 1848 ἐπιτυγχάνειν

90 1869 299 1933 ἔξεστιν
327 1869 525 1939 ἐκείνῳ
573 1869 768 1922 παθεῖν
794 1884 808 1899 ο
844 1868 982 1932 ἀλλ’,
1012 1867 1077 1921 ἂν
1109 1866 1184 1938 μὴ
1227 1866 1292 1937 δι’
1333 1865 1456 1918 ὅλου
1507 1867 1776 1935 συμφωνῇ

91 1956 166 2026 τῷ
213 1956 432 2026 μεγέθει
481 1957 583 2026 τῆς
618 1956 943 2028 ὑπολήψεως
982 1954 1148 2008 αὑτοῦ
1174 1954 1243 2007 τὰ
1269 1954 1564 2024 λεγόμενα,
1592 1952 1779 2022 σκῶμ-

97 2062 240 2112 ματα
275 2044 445 2116 μυρία
477 2046 570 2097 καί
604 2044 842 2115 μέμψεις
883 2041 1062 2096 λαϐὼν
1100 2043 1287 2098 άπεισι
1323 2041 1476 2112 παρά
1505 2041 1614 2093 τῶν
1649 2040 1780 2093 πολ·
1855 2075 1874 2084 κ

94 2132 222 2183 λῶν.
267 2133 375 2184 Καὶ
413 2132 594 2194 οὐδεὶς
638 2133 815 2184 ἐκεῖνο
848 2129 1123 2199 λογίζεται
1156 2129 1291 2200 πρὸς
1323 2129 1537 2189 ἐαυτὸν,
1564 2129 1646 2182 ὅτι
1682 2127 1780 2180 καὶ

96 2219 301 2288 ἀθυμία
323 2215 742 2290 προσπεσοῦσα,
770 2223 866 2274 καὶ
899 2219 1131 2288 ἀγωνία.
1175 2219 1269 2271 καὶ
1301 2218 1543 2289 φροντὶς,
1577 2214 1781 2268 πολλά-

97 2324 182 2369 κις
202 2307 256 2361 δέ
284 2310 379 2360 καὶ
413 2309 585 2378 θυμὸς
613 2308 949 2379 ἐπεσκότησε
970 2320 995 2347 ι
1027 2306 1106 2378 τῷ
1134 2308 1234 2376 τῆς
1263 2306 1505 2365 διανοίας
1529 2302 1779 2374 καθαρῷ,

97 2395 192 2446 καὶ
219 2396 283 2447 τὰ
320 2395 620 2465 τικτόμενα
649 2397 749 2448 οὐκ
781 2397 992 2466 ἀφῆκεν
1028 2394 1312 2466 προελθεῖν
1349 2391 1614 2462 εἰλικρινῆ
1649 2405 1661 2418 ·
1690 2392 1783 2443 καί

97 2483 176 2534 ὅτι
218 2483 352 2545 ὅλως
395 2483 683 2553 ἄνθρωπον
716 2484 846 2538 δντα
882 2486 981 2538 οὐκ
1011 2483 1125 2536 ἐστι
1159 2481 1246 2535 διὰ
1291 2481 1488 2543 παντὸς
1519 2476 1660 2532 εἶναι
1693 2479 1782 2532 τὸν

101 2569 261 2620 αὐτὸν
282 2609 295 2631 ,
329 2569 451 2622 ούδέ
491 2572 550 2622 ἐν
592 2569 797 2624 ἀπασιν
839 2573 1154 2642 εὐημερεῖν,
1188 2570 1302 2622 ἀλλ’
1336 2568 1483 2631 εἰκός
1527 2581 1660 2619 ποτε
1689 2565 1784 2618 καί

100 2654 445 2727 διαμαρτεῖν,
479 2659 575 2710 καὶ
613 2659 873 2711 ἐλάττονα
915 2659 1014 2728 τῆς
1048 2656 1257 2719 οἰκείας
1306 2654 1583 2725 δειχθῆναι
1629 2651 1787 2705 δυνά-

106 2762 270 2813 μεως.
317 2747 539 2800 Τούτων
576 2747 761 2809 οὐδὲν,
792 2749 929 2818 ὅπερ
961 2746 1098 2817 ἔφην
1120 2787 1134 2806 ,
1181 2745 1431 2816 ἐννοῆσαι
1484 2741 1786 2812 βούλονται,

107 2833 223 2885 ἀλλ’
255 2833 447 2905 ὥσπερ
499 2836 717 2907 ἀγγέλῳ
751 2835 1068 2899 δικάζοντες
1114 2834 1382 2902 ἐπάγουσι
1433 2832 1534 2895 τὰς
1586 2829 1787 2892 αἰτίας.

107 2922 216 2974 Καὶ
241 2922 417 2984 ἄλλως
440 2923 500 2976 δέ
533 2924 780 2993 πέφυκεν
817 2924 1104 2995 ἄνθρωπος
1139 2924 1208 2978 τά
1251 2922 1350 2993 μὲν
1382 2917 1791 2991 κατορθώματα

107 3008 200 3061 τοῦ
229 3009 458 3079 πλησίον
498 3011 593 3063 καί
636 3011 808 3064 πολλά
854 3011 980 3063 ὅντα
1020 3013 1114 3064 καί⁵
1151 3010 1365 3080 μεγάλα
1410 3009 1658 3079 παρορᾷν
1693 3007 1792 3076 ’ἢν

107 3095 162 3147 δὲ
188 3096 480 3168 ἐλάττωμά
509 3115 611 3150 που
641 3101 806 3168 φανῇ,
839 3097 943 3151 κᾶν
978 3098 1039 3150 τὸ
1066 3097 1228 3168 τυχὸν
1252 3093 1308 3169 ᾗ,
1339 3095 1442 3149 κᾶν
1472 3095 1562 3148 διά
1594 3093 1792 3147 πολλοῦ

114 3183 484 3255 συμϐεϐηκὸς,
523 3185 1056 3257 κάληέπαισθάνεται
1085 3185 1318 3255 ταχέως,
1352 3184 1448 3237 καὶ
1486 3182 1796 3253 ἐπιλαμϐά-

113 3288 262 3325 νεται
307 3273 618 3342 προχείρως
653 3273 748 3326 καὶ
791 3272 1066 3343 μέμνηται
1101 3272 1398 3335 διαπαντός
1424 3289 1436 3301 ·
1475 3271 1569 3324 καὶ
1605 3271 1666 3323 τὸ
1703 3286 1794 3337 μι-

114 3359 244 3429 κρὸν
282 3359 444 3412 τοῦτο
485 3361 579 3413 καὶ
627 3360 864 3424 εὐτελὲς,
895 3360 994 3432 τὴν
1028 3361 1137 3414 τῶν
1177 3359 1390 3413 πολλῶν
1419 3359 1515 3412 καὶ
1545 3357 1798 3429 μεγάλων

114 3449 394 3515 ἠλάττωσε
432 3450 590 3514 δόξαν
622 3451 903 3514 πολλάκις.

187 3543 259 3600 ς’.
295 3537 484 3606 Ὁρᾷς,
505 3531 549 3589 ὦ
571 3535 808 3605 γενναῖε,
832 3539 914 3591 ὅτι
946 3537 1182 3612 μάλιστα
1207 3537 1286 3609 τῷ
1311 3535 1492 3606 λέγειν
1519 3534 1802 3606 δυναμένῳ

121 3623 360 3690 πλείονος
374 3625 456 3676 δεῖ
475 3626 572 3694 τῆς
595 3625 623 3665 δ
648 3627 903 3696 σπουδῆς,
923 3627 1059 3697 πρὸς
1090 3626 1147 3679 δέ
1177 3630 1244 3698 τῇ
1271 3625 1474 3696 σπουδῇ
1504 3626 1600 3678 καὶ
1627 3623 1805 3688 ἀνεξι-

121 3711 314 3774 κακίας
343 3711 633 3782 τοσαύτης,
653 3713 785 3782 ὅσης
814 3714 935 3766 οὐδέ
958 3715 1217 3778 ἅπαντες,
1240 3715 1399 3776 ὅσους
1425 3710 1691 3783 πρότερόν
1723 3724 1805 3762 σοι

121 3797 354 3867 διῆλθον,
387 3799 618 3853 ἐδέοντο.
659 3801 852 3853 Πολλοὶ
886 3800 994 3869 γάρ
1031 3801 1180 3871 αὐτῷ
1213 3799 1451 3870 συνεχῶς
1484 3797 1806 3868 ἐπιφύονται

127 3886 300 3956 μάτην
327 3887 420 3938 καὶ
447 3887 591 3956 εἰκῆ,
624 3889 719 3941 καί⁵
748 3888 899 3941 οὐδὲν
933 3888 1148 3958 ἔχοντες
1173 3889 1448 3956 ἐγκαλεῖν,
1480 3887 1622 3958 πλὴν
1654 3885 1809 3956 παρά

126 3975 289 4026 πᾶσιν
315 3974 646 4044 εὐδοκιμεῖν.
676 3975 1092 4046 ἀπεχθάνονται.
1147 3977 1260 4029 Καὶ
1303 3975 1384 4027 δεῖ
1412 3975 1677 4042 γενναίως
1714 3973 1811 4042 φέ-

129 4077 237 4129 ρειν
266 4061 367 4131 τὴν
404 4062 608 4132 πικράν
643 4062 847 4115 τούτων
897 4063 1214 4133 βασκανίαν.
1272 4063 1346 4115 Τὸ
1386 4062 1496 4132 γάρ
1537 4062 1842 4132 ἐπάρατον,

127 4149 282 4202 τοῦτο
314 4151 491 4218 μῖσος,
527 4151 664 4221 ὅπερ
694 4152 819 4221 εἰκῆ
853 4150 1226 4218 συλλέγουσιν,
1262 4152 1324 4202 οὐ
1354 4150 1638 4218 στέγοντες
1673 4148 1810 4219 κρύ-

129 4254 301 4302 πτειν,
353 4239 447 4290 καί
489 4237 853 4308 λοιδοροῦνται
896 4239 988 4292 καὶ
1025 4238 1334 4308 μέμφονται
1367 4248 1416 4300 ε,
1454 4239 1550 4290 καὶ
1590 4237 1813 4290 διαϐάλ-

127 4323 277 4377 λουσι
300 4325 498 4395 λάθρα,
528 4325 626 4377 καὶ
659 4325 1054 4395 πονηρεύονται
1082 4325 1353 4396 φανερῶς.
1381 4325 1545 4395 Ψυχὴ
1569 4324 1624 4377 δέ
1647 4325 1817 4396 ἀρξα-

134 4413 266 4482 μένη
295 4413 416 4466 καθ’
439 4413 670 4466 ἕκαστον
692 4414 898 4467 τούτων
929 4413 1116 4481 ἀλγεῖν
1143 4415 1238 4466 καὶ
1268 4411 1688 4482 παροξύνεσθαι,
1717 4415 1816 4467 οὐκ

133 4500 197 4555 ἂν
231 4502 456 4570 φθάσειε
477 4502 842 4572 διαφθαρεῖσα
871 4505 936 4571 τῇ
955 4501 1122 4573 λύπῃ.
1161 4502 1273 4555 Καὶ
1296 4503 1402 4574 γὰρ
1430 4501 1492 4554 ού
1522 4502 1589 4556 δι’
1610 4501 1817 4556 ἑαυτῶν

135 4590 294 4643 αὑτὸν
325 4589 623 4658 ἀμύνονται
657 4591 839 4660 μόνον,
885 4589 1018 4643 ἀλλά
1050 4590 1143 4642 καὶ
1179 4589 1247 4642 δι’
1274 4588 1482 4658 ἐτέρων
1509 4587 1668 4641 τοῦτο
1701 4607 1819 4642 ποι-

138 4683 210 4732 εῖν
252 4680 621 4752 ἐπιχειροῦσι·
661 4681 758 4733 καὶ
797 4680 1056 4742 πολλάκις
1088 4679 1210 4732 τινὰ
1255 4679 1365 4731 τῶν
1403 4678 1556 4732 οὐδὲν
1587 4678 1819 4748 δυναμέ-

137 4786 237 4821 νων
283 4771 458 4822 εἰπεῖν
493 4766 863 4838 ἐκλεξάμενοι,
899 4769 1012 4830 τοῖς
1059 4767 1304 4829 ἐπαίνοις
1353 4765 1665 4837 ἐπαίρουσι,
1723 4769 1816 4817 καί

139 4855 507 4926 θαυμάζουσιν
533 4857 675 4926 ὑπὲρ
702 4858 800 4928 τὴν
834 4857 991 4920 ἀξίαν
1011 4869 1024 4882 '
1054 4857 1101 4908 οἰ
1136 4855 1233 4925 μὲν
1273 4854 1437 4924 μανία
1465 4856 1649 4923 μόνον,
1684 4854 1733 4905 οἰ
1764 4854 1823 4906 δέ·

139 4945 229 4997 καὶ
259 4945 475 5014 ἀμαθία
509 4944 606 4997 καὶ
643 4944 823 5014 φθόνῳ
854 4942 1013 4996 τοῦτο
1059 4943 1360 5006 ποιοῦντες,
1399 4943 1487 4995 ἵνα
1525 4941 1623 5012 τήν
1661 4940 1821 5005 δόξαν

141 5030 325 5084 τούτου
362 5033 686 5094 καθέλωσιν.
742 5034 842 5102 οὐχ
882 5031 972 5084 ἵνα
1001 5030 1217 5095 δείξωσι
1263 5029 1575 5100 θαυμαστὸν
1601 5026 1692 5083 τὸν
1723 5023 1822 5084 οὒκ

141 5121 263 5174 ὅντα
282 5119 544 5173 τοιοῦτον.
579 5119 654 5171 Ού
686 5117 822 5189 πρὸς
848 5118 1070 5180 τούτους
1091 5112 1149 5170 δέ
1179 5119 1337 5187 μόνον
1367 5117 1562 5187 ἐκείνῳ
1590 5118 1668 5188 τῷ
1697 5137 1820 5186 γεν-

143 5209 274 5278 ναίῳ
298 5209 328 5260 ὁ
352 5207 526 5274 ἀγὼν,
563 5205 698 5258 ἀλλά
741 5208 835 5258 καὶ
867 5203 1003 5276 πρὸς
1032 5199 1289 5275 ἀπειρίαν
1322 5206 1444 5258 ὅλου
1486 5206 1662 5276 δήμου
1695 5206 1822 5259 πολ-

143 5294 316 5357 λάκις.
381 5293 600 5363 Ἐπειδὴ
642 5293 750 5365 γάρ
793 5294 893 5345 οὐκ
923 5292 1133 5345 ἔνεστιν
1167 5292 1227 5357 ἐξ
1274 5286 1572 5363 ἐλλογίμων
1612 5290 1823 5363 ἀνδρῶν

149 5380 494 5448 ωλλέγεσθαι
517 5379 644 5443 τοὺς
663 5380 1092 5449 συνερχομένους
1115 5373 1384 5444 ἅπαντας,
1405 5380 1540 5433 άλλά
1567 5379 1628 5433 τὸ
1651 5369 1823 5434 πλέον

146 5470 238 5538 τῆς
280 5467 608 5537 Ἐκκλησίας
654 5467 817 5537 μέρος
845 5466 902 5533 ἐξ
954 5465 1182 5521 ἰδιωτῶν
1215 5462 1478 5538 συνῆχθαι
1511 5467 1821 5536 συμϐαίνει,

147 5557 266 5619 τοὺς
297 5556 354 5608 δέ
398 5555 621 5618 λοιποὺς
659 5555 753 5606 καὶ
783 5554 980 5618 αὐτοὺς
1012 5553 1239 5610 ἐκείνων
1285 5557 1384 5626 μέν
1412 5553 1552 5610 εἶναι
1590 5575 1824 5610 συνετω-

206 5698 234 5728 ⁸
255 5697 351 5746 Alii
377 5704 428 5747 Pl
451 5699 599 5747 Savil.
629 5699 924 5748 ἐπεσκὸτισε.

207 5759 236 5798 δ
259 5762 357 5822 Αἰἰί
378 5760 543 5809 δεῖται.
579 5759 732 5808 Paulo
751 5764 859 5822 po§l
882 5760 968 5822 αἰξί
989 5760 1217 5822 σπουδῆς,
1246 5760 1321 5807 ἐπὶ
1355 5759 1406 5808 δέ
1425 5766 1480 5822 τῇ
1504 5763 1708 5822 σπουδῇ.

212 5823 234 5852 ⁸
260 5819 789 5885 ᾼΙιί-καταμέμφονται.
817 5820 943 5869 Infra
984 5820 1134 5870 Savil.
1163 5829 1215 5868 el
1233 5823 1430 5882 quidam
1457 5819 1570 5870 inss.
1604 5819 1692 5870 κᾶν
1717 5820 1826 5885 φθά-

153 5898 245 5932 σω
268 5882 333 5930 διε
347 5881 590 5942 ά’·αρῆναι.

567 5949 830 6015 ΡΑτιιοι..
877 5951 992 6016 GR.
1043 5955 1322 6021 XLVIII.

1392 432 1482 492 DE
1519 437 1975 500 SACERDOTIO.
2021 443 2150 499 LIB.
2192 441 2258 497 γ.

3445 436 3549 490 676

1863 560 2075 634 τέρους,
2104 561 2214 615 τῶν
2243 556 2300 614 δέ
2336 555 2526 627 λόγους
2555 560 2737 630 κρῖναι
2769 556 3083 626 δυναμένων
3108 549 3394 635 λείπεσθαι
3421 550 3555 605 1:01-

1863 648 1941 720 λῷ
1980 649 2164 713 πλέον,
2196 648 2229 719 ἦ
2256 649 2379 701 ὅσον
2412 647 2636 700 ἐκείνων
2660 647 2710 698 οἰ
2738 644 2915 697 λοιποὶ
2939 636 3161 708 πάντες,
3183 638 3282 696 ’ἐνα
3305 640 3361 693 δὲ
3396 639 3552 709 μόλις

1864 735 1897 807 ἦ
1929 737 2183 808 δεύτερον
2208 729 2479 807 καθῆσθαι
2504 734 2595 787 τὸν
2621 733 2824 802 ταύτην
2845 726 3183 802 κεκτημένον
3206 729 3303 799 τὴν
3324 725 3552 799 ἀρετὴν,

1865 824 2080 896 ἀνάγκη
2121 821 2213 877 τὸν
2254 823 2476 893 ἄμεινον
2517 821 2740 874 εἰπόντα
2787 819 3076 882 ἐλάττονας
3137 813 3553 883 ἀπενέγκασθαι

1866 911 2126 978 κρότους,
2157 911 2270 964 ἔστι
2296 911 2352 963 δέ
2381 911 2469 964 ὅτε
2503 909 2638 979 μηδὲ
2668 907 3026 961 ἐπαινεθέντα
3052 897 3310 959 ἀπελθεῖν
3329 902 3354 942 ιι
3403 898 3554 974 [H9]

1867 998 1978 1051 Καὶ
2009 999 2092 1051 δεῖ
2122 999 2259 1069 πρὸς
2286 997 2489 1060 ταύτας
2511 995 2776 1065 γενναίως
2805 988 3254 1066 παρεσκευάσθαι
3285 989 3384 1053 τάς
3419 990 3561 1042 ἀνω-

1873 1085 2092 1155 μαλίας,
2127 1086 2220 1138 καὶ
2251 1087 2365 1148 τοῖς
2400 1085 2498 1155 μὲν
2527 1082 2594 1137 δι’
2638 1075 2883 1149 ἀμαθίαν
2908 1077 3084 1135 ταῦτα
3117 1080 3390 1153 πάσχουσι
3426 1091 3563 1146 συγο

1869 1173 2179 1242 γινώσκειν,
2231 1173 2357 1236 τοὺς
2407 1171 2464 1225 δὲ
2510 1165 2601 1225 διὰ
2643 1165 2836 1240 φθόνον
2863 1163 3020 1223 τοῦτο
3062 1163 3434 1238 ὑπομένοντας
3472 1165 3566 1218 δα-

1871 1261 2059 1331 κρύειν
2086 1261 2160 1320 ὡς
2183 1255 2403 1323 ἀθλίους
2429 1259 2588 1321 ὄντας
2615 1258 2710 1312 καὶ
2734 1249 3019 1320 ἐλεεινοὺς,
3046 1247 3329 1328 μηδετέρῳ
3357 1252 3414 1306 δὲ
3440 1249 3568 1305 τού-

1869 1365 1976 1400 των
2023 1347 2232 1400 ἐλάττω
2270 1341 2369 1417 τὴν
2416 1342 2584 1415 αὐτοῦ
2636 1338 2881 1416 νομίζειν
2935 1335 3267 1412 γεγενῆσθαι
3309 1333 3560 1409 δύναμιν.

1871 1435 2006 1487 Οὐδὲ
2056 1430 2165 1505 γάρ
2208 1436 2256 1487 εἰ
2285 1432 2577 1503 ζωγράφος
2616 1433 2691 1486 ὣν
2727 1434 2974 1503 ἀριστος.
3024 1431 3120 1484 καὶ
3155 1429 3375 1483 πάντων
3423 1425 3568 1481 κατά

1871 1522 1970 1592 τὴν
1996 1522 2192 1593 τέχνην
2209 1522 2448 1591 κρατῶν,
2473 1521 2571 1592 τὴν
2605 1520 2744 1591 μετά
2768 1511 2969 1590 πολλῆς
2990 1517 3091 1590 τῆς
3118 1510 3409 1589 ἀκριϐείας
3435 1516 3571 1569 ἀνα-

1871 1611 2266 1680 γεγραμμένην
2300 1610 2484 1664 εἰκόνα
2516 1605 2622 1662 ὑπδ
2647 1602 2754 1682 τῶν
2786 1609 2886 1679 τῆς
2914 1606 3113 1677 τέχνης
3147 1605 3394 1676 ἀπείρων
3426 1619 3571 1654 σκω-

1877 1699 2150 1769 πτομένην
2183 1698 2351 1770 ἐώρα,
2378 1698 2487 1752 ἔδει
2513 1699 2866 1759 καταπεσεῖν,
2905 1695 3001 1749 καὶ
3025 1697 3093 1765 τῇ
3119 1693 3300 1764 κρίσει
3329 1689 3439 1744 τῶν
3469 1690 3572 1742 οὐκ

1876 1784 2094 1837 εἰδότων
2130 1785 2342 1852 φαύλην
2389 1784 2641 1856 ἡγεῖσθαι
2673 1783 2772 1855 τὴν
2807 1782 3049 1856 γραφὴν,
3097 1773 3288 1851 ὥσπερ
3320 1770 3444 1831 οὺδέ
3472 1776 3572 1845 τὴν

1875 1869 2042 1934 ὅντως
2078 1871 2288 1943 φαύλην
2331 1871 2653 1942 θαυμαστήν
2684 1888 2805 1923 τινα
2858 1866 2952 1922 καὶ
2983 1865 3286 1938 ἐπέραστον
3319 1864 3429 1919 ἀπὸ
3472 1863 3573 1935 τῆς

1876 1959 1985 2013 τῶν
2023 1961 2265 2032 ἀτέχνων
2306 1963 2644 2034 ἐκπλήξεως.

1950 2054 2014 2116 ζ’.
2067 2053 2127 2105 '0
2167 2052 2277 2123 γάρ
2319 2054 2542 2125 ἄριστος
2592 2043 2924 2125 δημιουργδς
2960 2047 3120 2114 αὐτὸς
3151 2050 3293 2103 ἔστω
3323 2048 3420 2102 καὶ
3450 2063 3574 2118 κρι-

1791 2198 1794 2201 _
1878 2139 1977 2211 της
2004 2141 2113 2193 τῶν
2145 2138 2310 2195 αὑτοῦ
2346 2144 2727 2214 τεχνημάτων,
2768 2144 2863 2196 καὶ
2902 2142 3043 2196 καλά
3071 2142 3165 2194 καὶ
3209 2138 3393 2206 φαῦλα
3440 2137 3574 2191 ταύ-

1881 2244 1949 2299 τῃ
1989 2227 2226 2284 τιθέσθω
2272 2232 2340 2283 τά
2385 2232 2670 2301 γινόμενα,
2723 2231 2851 2284 ὅταν
2895 2233 2923 2284 ὁ
2977 2229 3383 2299 τεχνησάμενος
3433 2225 3577 2279 αὐτά

1882 2316 2008 2380 νοῦς
2040 2317 2244 2380 ταύτας
2273 2317 2411 2390 φέρῃ
2443 2319 2542 2382 τὰς
2587 2319 2836 2389 ψήφους*
2887 2317 2989 2387 τὴν
3027 2307 3085 2370 δέ
3121 2316 3232 2369 τῶν
3265 2314 3464 2380 ἔξωθεν
3489 2313 3578 2365 δό-

1884 2402 2002 2468 ξαν,
2060 2404 2161 2478 τὴν
2211 2399 2641 2476 πεπλανημένην
2690 2406 2787 2459 καὶ
2841 2405 3087 2475 άτεχνον,
3141 2403 3276 2474 μηδέ
3327 2403 3404 2464 εἰς
3452 2399 3580 2453 νοῦν

1888 2483 2163 2558 βαλλέσθω
2200 2491 2352 2546 ποτέ.
2397 2492 2489 2563 Μὴ
2515 2490 2696 2544 τοίνυν
2734 2492 2872 2562 μήτε
2904 2494 2932 2545 ὁ
2959 2492 3056 2562 τῆς
3097 2484 3575 2550 διδασκαλίαςάναο

1885 2575 2175 2646 δεξάμενος
2273 2579 2366 2631 τὸν
2429 2578 2657 2646 ἀγῶνα,
2707 2581 2828 2641 ταῖς
2880 2577 2990 2630 τῶν
3040 2575 3240 2640 ἔξωθεν
3279 2571 3582 2642 εὐφημίαις

1889 2664 2224 2733 προσεχέτω,
2265 2663 2400 2736 μηδέ
2439 2657 2549 2718 ἀπὸ
2581 2657 2787 2719 τούτων
2829 2665 2928 2736 τὴν
2963 2663 3159 2718 ἐαυτοῦ
3187 2658 3583 2716 καταϐαλλέτω

1887 2749 2091 2821 ψυχήν·
2143 2745 2257 2805 ἀλλ’
2299 2753 2668 2824 ἐργαζόμενος
2715 2754 2843 2816 τοὺς
2888 2753 3104 2820 λόγους,
3148 2751 3224 2814 ὡς
3263 2749 3328 2804 ἂν
3358 2739 3582 2819 ,ἀρέσειε

1888 2832 1967 2907 τῷ
1991 2838 2114 2909 Θεῷ
2147 2833 2321 2909 (οὗτος
2361 2837 2470 2911 γὰρ
2522 2840 2670 2911 αὐτῷ
2719 2839 2901 2894 κανὼν
2935 2841 3031 2894 καὶ
3067 2840 3196 2910 ὅρος
3243 2837 3386 2890 ἔστω
3419 2834 3582 2906 μόνος

1889 2919 1988 2994 τῆς
2027 2926 2254 2997 ἀρίστης
2288 2922 2653 3000 δημιουργίας
2681 2928 2926 2990 ἐκείνων,
2969 2926 3043 2998 μὴ
3073 2926 3281 2997 κρότοι,
3326 2923 3460 2995 μηδέ
3491 2921 3582 2974 εύ-

1893 3014 2138 3084 φημίαι),
2189 3017 2238 3068 εἰ
2287 3016 2402 3085 μὲν·
2432 3017 2704 3068 ἐπαινοῖτο
2728 3027 2755 3054 θ
2792 3015 2886 3068 καὶ
2929 3015 3081 3085 παρὰ
3117 3013 3228 3065 τῶν
3253 3001 3583 3082 ἀνθρώπων.

1898 3096 1972 3167 μὴ
1999 3097 2372 3167 διακρουέσθω
2413 3099 2482 3152 τά
2531 3098 2806 3168 ἐγκώμια,
2863 3098 2938 3170 μὴ
2984 3097 3336 3169 παρεχόντων
3362 3095 3418 3148 δὲ
3449 3094 3588 3149 αὐτὰ

1894 3181 2001 3235 τῶν
2041 3184 2352 3255 ἀκροατῶν,
2379 3185 2453 3257 μὴ
2502 3185 2758 3257 ζητείτω,
2806 3187 2938 3257 μηδὲ
2985 3184 3254 3254 άλγείτω·
3287 3181 3447 3249 ἱκανὴ
3481 3179 3590 3252 γάρ

1897 3269 2046 3341 αὐτῷ
2077 3273 2399 3344 παραμυθία
2429 3274 2536 3327 τῶν
2571 3275 2770 3335 πόνων,
2808 3275 2904 3328 καὶ
2937 3274 3156 3326 πάντων
3193 3271 3418 3343 μείζων,
3455 3271 3586 3322 ὅταν

1899 3360 2076 3430 ἐαυτῷ
2100 3355 2397 3414 συνειδέναι
2422 3362 2670 3434 δύνηται,
2706 3361 2842 3432 πρὸς
2863 3361 3154 3432 ἀρέσκειαν
3169 3359 3265 3413 τοῦ
3290 3358 3426 3412 Θεοῦ
3461 3374 3590 3410 συν-

1901 3446 2068 3512 τιθεὶς
2100 3449 2194 3501 καὶ
2225 3449 2506 3520 ῥυθμίζων
2539 3451 2636 3521 τὴν
2664 3450 3034 3504 διδασκαλίανι

1972 3542 2043 3606 η’.
2063 3536 2174 3590 Καὶ
2190 3537 2298 3608 γὰρ
2313 3537 2378 3591 ἂν
2394 3538 2575 3611 φθάσῃ
2596 3541 2662 3610 τῇ
2692 3539 2800 3592 τῶν
2823 3538 3033 3608 ἀλόγων
3055 3527 3295 3608 ἐπαίνων
3323 3533 3484 3588 ἐπιθυ
3493 3533 3556 3605 μί
3565 3551 3594 3605 α

1905 3622 2130 3690 ἁλῶναι,
2156 3614 2305 3678 οῦδὲν
2322 3626 2471 3697 αύτῷ
2487 3627 2595 3680 τῶν
2615 3619 2827 3681 ⁵πολλῶν
2843 3617 3021 3681 πόνων
3039 3611 3255 3696 ὄφελος,
3277 3612 3400 3676 ούδέ
3420 3623 3520 3694 τῆς
3537 3623 3593 3675 ἐν

1856 3768 1859 3772 ,
1904 3709 1982 3780 τῷ
2000 3711 2177 3780 λέγειν
2194 3712 2498 3783 δυνάμεως.
2517 3715 2629 3777 Τὰς
2654 3714 2762 3787 γὰρ
2779 3716 3041 3786 ἀνοήτους
3065 3712 3174 3766 τῶν
3203 3711 3414 3766 πολλῶν
3435 3727 3594 3764 κατα-

1906 3798 2136 3866 γνώσεις
2169 3801 2242 3872 μὴ
2266 3801 2540 3872 δυναμένη
2567 3803 2754 3874 φέρειν
2773 3791 2920 3874 ψυχὴ
2939 3802 3214 3865 ἐκλύεται,
3237 3799 3333 3855 καὶ
3350 3798 3449 3871 τὴν
3469 3799 3594 3870 περὶ

1907 3885 1968 3938 τὸ
1989 3887 2169 3956 λέγειν
2197 3889 2376 3960 ῥίπτει
2401 3892 2660 3960 σπουδήν.
2694 3891 2791 3944 Διά
2811 3890 2970 3945 τοῦτο
2995 3890 3101 3962 χρὴ
3126 3889 3365 3961 μάλιστα
3380 3886 3599 3941 πάντων

1912 3976 2306 4042 πεπαιδεῦσθαι
2335 3979 2572 4032 ἐπαίνων
2601 3969 2896 4051 ὖπερορᾷνο
2920 3968 2981 4033 οὗ
3009 3979 3118 4050 γάρ
3146 3971 3310 4050 ἀρκεῖ
3337 3976 3399 4030 τὺ
3419 3976 3600 4045 λέγειν

1913 4058 2112 4119 εἰδέναι
2148 4068 2284 4138 πρὸς
2311 4069 2409 4137 τὴν
2441 4070 2643 4138 ταύτης
2673 4069 2772 4138 τῆς
2807 4068 3088 4137 δυνάμεως
3119 4065 3389 4137 φυλακὴν,
3430 4064 3498 4119 ἂν
3525 4065 3601 4135 μὴ

1913 4154 2008 4206 καὶ
2037 4153 2190 4207 τοῦτο
2230 4157 2428 4226 προσῇ.
2467 4149 2528 4208 Εἰ
2558 4156 2614 4208 δέ
2637 4174 2720 4218 τις
2749 4146 2992 4226 ἀκριϐῶς
3027 4149 3302 4220 ἐξετάζειν
3319 4153 3491 4207 ἐθέλοι
3509 4152 3604 4206 καί

1915 4239 2005 4293 τὸν
2049 4241 2110 4292 ἐν
2160 4243 2336 4312 ἐνδείᾳ
2388 4243 2708 4296 καθεστῶτα
2741 4243 2944 4314 ταύτης
2974 4242 3076 4312 τῆς
3115 4242 3340 4312 ἀρετῆς,
3379 4242 3604 4313 εὑρήσει

1914 4327 2167 4398 δεόμενον
2195 4328 2288 4382 τοῦ
2316 4329 2427 4381 τῶν
2453 4330 2694 4382 ἐπαίνων
2723 4333 3090 4400 καταφρονεῖν
3114 4331 3213 4400 οὐχ
3233 4324 3396 4400 ἦττον
3419 4327 3454 4399 ἢ
3483 4327 3601 4381 105-

1914 4433 2026 4470 10v.
2063 4409 2184 4469 ’Καὶ
2221 4417 2331 4487 γάρ
2373 4417 2542 4471 πολλά
2583 4411 2924 4491 ἁμαρτάνειν
2971 4409 3472 4487 ἀναγκασθήσεται,
3510 4416 3607 4486 τῆς
3683 4481 3687 4485 ,

1914 4504 2023 4556 τῶν
2047 4504 2260 4557 πολλῶν
2275 4504 2435 4574 δόξης
2460 4505 2638 4575 ’ήττων
2671 4504 2984 4575 γενόμενοςε
3010 4504 3244 4575 Ἀτονῶν
3274 4504 3384 4575 γὰρ
3413 4502 3608 4567 ἐξισω-

1917 4594 2075 4663 θῆναι
2110 4595 2223 4656 τοῖς
2271 4593 2622 4663 εὐδοκιμοῦσι
2655 4593 2804 4646 ’κατά
2851 4592 2950 4662 τὴν
2999 4592 3095 4646 τοῦ
3143 4592 3326 4662 λέγειν
3380 4591 3608 4663 ἀρετὴν,

1920 4681 2290 4736 ἐπιϐουλεύειν
2331 4694 2390 4736 τε
2426 4681 2521 4735 καὶ
2564 4680 2968 4750 διαφθονεῖσθαι
3007 4681 3212 4745 αὐτοῖς,
3268 4680 3362 4734 καὶ
3394 4681 3610 4750 μέμφε-

1919 4769 2040 4820 σθαι
2075 4769 2271 4840 μάτην,
2299 4771 2393 4822 καί
2423 4769 2592 4822 πολλά
2622 4767 2846 4823 τοιαῦτα
2875 4768 3210 4839 ἀσχημονεῖν
3237 4756 3300 4822 ού
3331 4767 3610 4839 παραιτήο

1922 4873 2092 4918 σεται,
2130 4849 2266 4910 ἀλλά
2304 4857 2482 4910 πάντα
2522 4856 2808 4927 τολμήσει,
2856 4855 2960 4910 κᾶν
2990 4856 3090 4927 τὴν
3122 4854 3302 4926 ψυχὴν
3335 4853 3608 4908 ἀπολέσαι

1919 4946 2033 5015 δέῃ,
2064 4945 2204 5015 ὑπὲρ
2235 4943 2330 4998 τοῦ
2356 4942 2456 5014 τὴν
2489 4944 2711 5001 ἐκείνων
2738 4943 2896 5008 δόξαν
2925 4944 3006 5005 εἰς
3037 4943 3138 5014 τὴν
3161 4943 3262 5013 τῆς
3299 4943 3432 5006 ἰδίας
3461 4942 3613 4995 εὐτε-

1922 5032 2072 5096 λείας
2100 5035 2438 5102 καταγαγεῖν
2459 5032 2847 5101 ταπεινότητα.
2879 5031 3024 5100 Πρδς
3042 5031 3100 5084 δέ
3133 5031 3347 5096 τούτοις
3378 5032 3473 5084 καὶ
3497 5029 3608 5086 τῶν

1925 5121 2164 5192 ἱδρώτων
2189 5121 2562 5191 ἀποστήσεται
2586 5118 2692 5172 τῶν
2727 5120 2854 5190 περί
2879 5119 2940 5171 τὸ
2969 5119 3400 5190 πονεῖν,νάρκης
3418 5117 3613 5187 ῶσπερ

1919 5210 2065 5272 τινὸς
2093 5208 2630 5277 κατασκεδασθείσης
2663 5206 2829 5259 αὐτοῦ
2863 5208 2926 5276 τῇ
2961 5205 3130 5278 ψυχῇ.
3190 5207 3263 5259 Τὸ
3298 5206 3408 5278 γάρ
3439 5207 3605 5259 πολέ-

1926 5294 2229 5366 μοχθοῦντα
2253 5295 2515 5349 ἐλάττονα
2540 5293 2883 5364 καρποῦσθαι
2910 5293 3186 5363 ἐγκώμια.
3221 5294 3410 5348 ἰκανὸν
3439 5311 3611 5347 κατα-

1923 5380 2108 5433 ϐαλεῖν
2128 5382 2223 5434 καὶ
2250 5380 2451 5450 τρέψαι
2500 5381 2637 5450 πρὸς
2682 5378 2850 5430 ῦπνον
2886 5378 3053 5446 βαθὺν
3092 5379 3183 5430 τὸν
3215 5379 3279 5430 οὗ
3311 5378 3614 5448 δυνάμενον

1923 5467 2217 5537 ἐγκωμίων
2243 5470 2628 5537 καταφρονεῖν.
2682 5467 2834 5518 Ἐπεὶ
2864 5466 2958 5518 καὶ
3006 5467 3034 5517 δ
3066 5463 3335 5536 γεωργὸς,
3369 5466 3506 5518 ὅταν
3532 5467 3615 5528 εἰς

1923 5549 2283 5624 λεπτόγεωνί
2329 5556 2515 5627 κάμνῃ
2551 5552 2782 5624 χωρίον,
2834 5553 2930 5607 καὶ
2977 5552 3185 5624 πέτρας
3231 5549 3616 5622 ἀναγκάζηται

1989 5694 2015 5732 τι
2045 5685 2142 5743 Αἰὶἰ
2170 5693 2450 5741 ἐπανελθεῖν.

1880 5809 1890 5814 ,
1993 5759 2017 5786 ⁶
2041 5757 2138 5804 Alii
2162 5755 2439 5813 ἐπαινεῖται,
2463 5755 2547 5804 αἳὶί
2574 5753 2831 5802 ἐπαινοῖτο.
2873 5753 2999 5802 Infra
3043 5754 3124 5802 «III
3151 5750 3273 5800 αὕτά
3295 5752 3390 5800 τῶν
3416 5748 3620 5802 ἀκουόμ-

1926 5835 2022 5878 τωγ
2048 5817 2168 5878 μήτε
2191 5816 2405 5878 ζητείτω.

1997 5874 2020 5920 ί
2050 5874 2086 5927 λ
2098 5877 2147 5928 lii
2171 5877 2466 5937 λεπτὸγαιον.

3115 5946 3190 6011 10
