4198 6324
363 415 465 471 677

353 527 465 573 tum
490 532 742 573 somnum
771 515 1018 587 conjiciat
1043 524 1098 571 et
1122 498 1294 571 vertat
1321 530 1465 580 cum,
1488 514 1575 583 qui
1605 513 1791 568 laudes
1814 528 1948 569 cor.-

351 614 600 665 Iemncre
638 608 840 679 ncqult.
875 607 1316 679 Quandoquidem
1353 617 1407 663 et
1443 607 1697 677 agricola,
1740 622 1862 661 cum
1896 607 1948 662 in

352 700 524 755 sterili
549 704 682 771 agro
708 700 934 765 laborat,
967 708 1019 754 et
1038 708 1254 771 petrosa
1283 714 1436 753 arare
1462 699 1690 768 cogitur,
1718 699 1824 751 cito
1848 696 1946 752 ab-

352 786 495 838 sistit
538 784 608 837 ab
660 794 843 853 opere,
886 783 986 837 nisi
1036 795 1227 853 magna
1278 781 1856 837 Iaborandi'alaeritas
1894 793 1946 837 et

352 868 511 928 famis
541 872 702 929 timor
724 882 925 942 urgeat.
964 873 1175 927 Etenim
1205 874 1249 928 si
1286 872 1342 938 ii,
1372 872 1563 942 quibus
1590 872 1776 942 magna
1808 871 1945 926 inest

350 963 568 1019 dicendi
600 963 844 1028 facultas,
885 972 1032 1018 tanta
1062 965 1446 1019 exercitatione
1486 964 1622 1032 npus
1664 963 1861 1017 habent
1891 973 1942 1019 ut

352 1051 497 1107 illam
520 1058 841 1110 conservent
867 1072 881 1107 :
905 1055 999 1125 qui
1025 1055 1157 1109 nihil
1180 1055 1400 1109 omnino
1432 1054 1663 1125 collegit,
1707 1054 1799 1108 sed
1830 1056 1945 1123 ipso

352 1146 661 1200 certaminis
692 1154 934 1215 tempore
965 1134 1213 1201 meditari
1250 1146 1477 1216 cogitur,
1505 1154 1760 1216 quantam
1801 1146 1942 1199 difﬂ-

350 1237 628 1300 cultatem,
672 1247 928 1307 quantum
966 1238 1269 1302 tumultum,
1297 1246 1549 1308 quantam
1583 1234 1941 1306 perturbatio-

351 1342 477 1382 nem
527 1328 783 1398 patietnr,
830 1337 890 1383 ut
933 1330 1101 1384 multo
1147 1330 1623 1385 labore‘tantillum
1669 1328 1939 1398 quidpiam

349 1435 677 1489 congrrgarc
709 1420 912 1491 possit?
952 1411 1156 1492 Siquis
1196 1437 1323 1477 vero
1368 1418 1636 1476 inferioris
1670 1421 1941 1491 dignitatis

350 1520 407 1565 et
453 1512 659 1565 ordinis
688 1511 787 1566 hac
820 1513 872 1566 in
925 1516 1075 1582 parte
1120 1514 1448 1593 plushtham
1490 1510 1597 1578 ille,
1641 1513 1941 1567 clarescere

350 1603 541 1671 possit,
572 1602 754 1657 divino
783 1604 1014 1673 quodam
1058 1604 1146 1660 hic
1172 1620 1305 1671 Opus
1336 1613 1418 1658 est
1455 1605 1655 1670 animo,
1691 1612 1749 1657 ut
1778 1619 1844 1656 ne
1874 1603 1931 1655 li-

350 1706 479 1746 vore
515 1693 777 1761 'cnpiatur,
827 1709 930 1748 neu
981 1696 1032 1747 in
1086 1709 1373 1750 mmrorem
1423 1694 1651 1750 decidat.
1698 1694 1829 1747 Nam
1871 1693 1938 1748 ab

348 1782 691 1838 inferioribus
719 1786 962 1853 superari
991 1801 1139 1852 eum,
1165 1787 1255 1857 qui
1294 1788 1510 1856 majoris
1548 1789 1617 1841 sit
1643 1785 1935 1864 dignitatis,

349 1873 591 1944 illudque
632 1874 840 1928 fortiter
870 1875 1035 1942 ferre,
1072 1888 1179 1931 non
1220 1878 1422 1947 exigui,
1463 1893 1562 1932 nec
1608 1878 1795 1943 nostri,
1841 1878 1936 1932 scd

347 1965 674 2020 adatnantini
719 1965 879 2021 fuerit
917 1968 1099 2021 animi.
1134 1970 1210 2022 Ac
1239 1970 1283 2022 Si
1323 1968 1537 2038 quidem
1578 1968 1645 2034 is,
1678 1969 1764 2038 qui
1798 1982 1935 2036 prze-~

346 2058 511 2117 cellit.
552 2059 751 2128 probus
785 2059 1180 2130 admodumque
1220 2059 1499 2116 modestus
1528 2054 1934 2125 fuc‘rit,malum

349 2156 641 2211 utcumque
693 2150 908 2204 tolerari
949 2160 1158 2220 potest;
1205 2152 1287 2205 sin
1333 2153 1527 2215 audax,
1578 2166 1832 2222 arrogans
1882 2160 1937 2206 et

346 2254 496 2292 van:c
522 2241 704 2320 gloria:
730 2240 975 2309 cupidus.
1006 2257 1151 2296 mors
1181 2243 1257 2296 illi
1291 2243 1526 2312 quotidie
1554 2244 1783 2311 Optanda
1812 2251 1895 2297 est
1920 2261 1933 2297 :

346 2332 415 2384 ita
443 2334 643 2400 nempe‘
666 2332 766 2401 ipsi
798 2333 956 2387 vitam
989 2349 1223 2389 amaram
1257 2335 1463 2399 reddet,
1493 2336 1616 2387 dum
1650 2336 1822 2404 palam
1856 2334 1937 2387 in-

344 2423 728 2487 snltat',clam
762 2423 965 2487 irridet,
1008 2439 1071 2479 ac
1110 2425 1347 2493 quotidie
1394 2425 1664 2495 quidpiam
1713 2441 1775 2479 ex
1820 2424 1935 2493 ejus

340 2514 660 2567 auctoritate
690 2512 913 2579 dtwllit,
941 2516 1227 2585 omniaque
1265 2517 1379 2585 ipse
1409 2532 1527 2571 esse
1554 2519 1721 2585 copit.
1756 2515 1931 2570 Maxi-

341 2620 600 2675 mumqne
644 2602 809 2660 initis
837 2607 1084 2661 omnibus
1115 2609 1416 2677 praasidium
1450 2609 1606 2664 habet
1636 2609 1932 2663 libertatem

342 2694 394 2750 in
425 2696 672 2762 dicendo,
720 2706 775 2753 et
808 2691 1163 2755 multitt'tdinis
1197 2701 1249 2755 in
1295 2716 1353 2756 se
1399 2702 1653 2767 studium,
1690 2688 1933 2755 subdito-

343 2803 566 2852 rumque
596 2805 832 2844 omnmm
863 2806 985 2860 erga
1018 2806 1076 2846 se
1092 2806 1348 2846 amorem.
1368 2792 1445 2845 An
1463 2792 1670 2861 ignoras
1685 2801 1937 2862 quantum

404 2877 423 2909 ⁸
457 2878 531 2927 sic
546 2878 773 2927 nonnulli
795 2887 901 2930 Mss.
929 2887 977 2928 In
1002 2886 1072 2941 8.,
1095 2882 1371 2931 antecellit:
1396 2884 1554 2931 minus
1577 2884 1727 2931 bene.

340 2986 1677 3016 E—-———_—___—________

1568 380 1655 455 DE
1694 396 2143 455 SACEltDOTlO.
2189 396 2317 453 un.
2362 396 2448 452 vr.

3531 389 3639 441 υῗδ

2056 513 2263 566 animos
2283 510 2704 567 Christianorum
2724 510 2920 575 invasit
2941 525 3079 564 nunc
3098 508 3411 585 conciouum
3434 509 3645 566 desldr-

2054 604 2214 674 rium,
2246 614 2406 673 atque
2431 618 2525 657 eos
2554 604 2643 672 qui
2673 603 2816 656 illam
2858 614 3113 657 exercent
3140 611 3330 664 artem,
3365 618 3469 655 non
3506 602 3646 671 apud

2052 701 2273 749 exteros
2303 693 2481 761 modo,
2512 693 2606 748 sed
2638 694 2796 747 etiam
2816 692 2954 762 apud
2985 708 3166 746 servas
3201 693 3323 749 ﬁdei
3356 694 3408 747 in
3441 693 3648 749 honore

2054 784 2276 842 haberi?
2296 783 2424 852 Quis
2456 784 2613 858 igitur
2641 793 2843 837 tantum
2872 784 3103 837 dedecus
3125 783 3277 848 ferat,
3306 800 3428 839 cum
3454 796 3646 854 nempe

2053 878 2167 945 ipso
2198 876 2448 943 loquente
2473 883 2682 928 taceant
2705 888 2890 928 omnes
2920 882 2973 927 ct
3000 860 3298 928 molestiam
3328 875 3428 928 sibi
3461 874 3644 930 inferri

2051 976 2254 1036 putent,
2284 967 2648 1045 orationisque
2674 965 2833 1019 linem
2863 965 3014 1035 quasi
3039 982 3070 1019 a
3104 966 3375 1021 laboribus
3407 966 3645 1036 requiem

2047 1066 2375 1125 exspectent,
2417 1056 2589 1111 altero
2631 1067 2807 1134 autem
2841 1057 3098 1125 prolixius
3139 1068 3347 1121 orante,
3394 1058 3646 1113 alacriter

2046 1148 2363 1208 auscultem,
2397 1162 2461 1202 ac
2497 1148 2657 1200 linem
2683 1147 2891 1205 dicendi
2926 1146 3155 1214 facturo,
3184 1164 3328 1218 ξιτψ-θ
3356 1147 3548 1213 ferant,
3593 1158 3647 1205 et
3740 1222 3741 1225 η

2049 1245 2223 1290 tacere
2251 1235 2481 1301 volente,
2511 1237 2965 1291 c'xacerbcscant?
2992 1237 3117 1291 llmc
3145 1238 3266 1296 licet
3306 1253 3447 1293 nunc
3486 1254 3648 1309 parva

2048 1327 2138 1379 tibi
2158 1325 2434 1380 vidcantur
2458 1342 2521 1381 ac
2540 1326 2904 1397 despicabilia,
2932 1336 3115 1396 utpote
3135 1329 3445 1397 inexperto:
3468 1339 3645 1384 tamen

2045 1418 2176 1471 satis
2204 1427 2328 1470 sunt
2359 1426 2414 1469 ut
2444 1426 2497 1471 ct
2525 1418 2688 1471 animi
2718 1418 2951 1473 studium
2974 1420 3314 1487 exstinguant
3338 1421 3648 1489 mentisque

2044 1507 2151 1560 vim
2180 1518 2458 1574 enervcnt,
2504 1510 2604 1564 nisi
2620 1511 2751 1580 'quis
2792 1496 3038 1566 humanis
3067 1504 3319 1575 omnibus
3347 1526 3407 1567 se
3440 1512 3665 1567 morbis'

2043 1588 2305 1667 CXlllléilS,
2338 1600 2557 1670 perinde
2605 1610 2763 1671 atque
2807 1601 3137 1671 incorporea:
3174 1592 3470 1671 potestates
3510 1604 3645 1658 alfco

2042 1697 2161 1742 ctus
2201 1701 2322 1743 esse
2373 1689 2603 1756 studeat,
2654 1706 2773 1759 quae
2822 1705 2924 1761 nec
2961 1690 3180 1757 invidia,
3236 1705 3410 1760 neque
3458 1691 3644 1760 gloric

2042 1781 2248 1843 amore,
2282 1795 2455 1850 neque
2484 1780 2590 1834 alio
2625 1781 2875 1849 quapiam
2927 1779 3085 1834 simili
3126 1780 3316 1836 morbo
3344 1784 3644 1850 rapiuntur.

2042 1871 2097 1924 Si
2127 1872 2245 1940 quis
2272 1849 2432 1941 igitur
2461 1871 2733 1925 hominum
2755 1871 2875 1925 talis
2901 1880 3002 1941 est,
3039 1882 3097 1925 ut
3127 1870 3294 1940 possit
3324 1849 3460 1926 hanc
3486 1880 3643 1941 captu

2041 1962 2335 2025 difﬁcilem,
2372 1962 2840 2032 inexpugnabilem
2877 1970 2933 2016 et
2958 1961 3271 2016 indomitam
3316 1960 3506 2026 feram,
3550 1978 3646 2029 po-

2043 2054 2281 2122 pularem
2326 2036 2529 2106 scilicet
2571 2063 2778 2118 auram,
2825 2053 3162 2118 conculcare,
3208 2066 3273 2106 ac
3320 2045 3636 2120 multiplicia

2042 2144 2183 2199 illius
2218 2128 2395 2219 capita
2420 2134 2731 2213 prmciderc,
2776 2144 2882 2197 imo
2912 2160 2980 2197 ne
3009 2146 3156 2198 nasci
3184 2142 3400 2215 quidem
3435 2144 3637 2212 sinere,

2043 2238 2087 2291 is
2116 2237 2269 2292 facile
2302 2238 2496 2307 poterit
2526 2238 2819 2308 permultos
2858 2238 2976 2292 illos
3003 2238 3231 2292 insultus
3259 2238 3549 2309 depellere,
3579 2253 3644 2294 ac

2043 2330 2328 2403 tranquillo
2358 2329 2587 2399 quodam
2618 2338 2771 2399 portu
2809 2316 2930 2383 frui.
2964 2334 3033 2383 At
3074 2330 3117 2385 si
3148 2330 3217 2383 ab
3243 2330 3333 2384 illa
3364 2330 3502 2386 liber
3531 2345 3641 2387 nou

2042 2419 2225 2487 fuerit,
2252 2416 2382 2475 sane
2405 2421 2686 2490 multiplex
2708 2422 2928 2487 bellum,
2960 2422 3293 2492 frequentem
3322 2424 3633 2491 tumultum,

2040 2512 2203 2566 animi
2229 2513 2557 2576 maestitiam,
2591 2522 3011 2584 cmterarumque
3026 2514 3396 2585 egritudinum
3425 2516 3634 2571 turbam

2039 2612 2225 2657 contra
2253 2606 2483 2657 animam
2510 2606 2623 2674 ipse
2648 2616 2798 2658 suam
2831 2605 3170 2673 pneparabit.
3205 2605 3470 2673 Quorsum
3508 2616 3638 2661 ath-

2041 2704 2133 2748 nct
2175 2695 2410 2765 reliquas
2456 2710 2773 2750 enumerare
2816 2682 3182 2764 difficultates,
3228 2713 3361 2766 quas
3406 2713 3506 2754 nee
3543 2696 3641 2754 duo

2038 2798 2185 2849 cere,
2218 2801 2390 2854 neque
2416 2786 2658 2841 ediscere
2697 2787 2977 2857 quisquam
3019 2788 3208 2852 possit,
3236 2788 3337 2843 nisi
3381 2788 3434 2844 in
3479 2786 3639 2846 rebus

2041 2874 2173 2946 ipsis
2203 2876 2401 2931 fuerit?

1352 3070 1826 3185 LIBER
1938 3074 2603 3186 SEXTUS.

792 3383 897 3417 nec
917 3384 1090 3419 rusum
1114 3383 1250 3420 uno
1273 3375 1422 3422 ss:er
1452 3384 1468 3422 :

336 3473 371 3536 i_.
407 3483 577 3527 Pinnas
598 3471 719 3525 dare
750 3472 1034 3526 sacerdotes
1057 3475 1203 3523 etiam
1228 3487 1316 3535 pro
1339 3474 1500 3536 populi
1522 3474 1735 3525 delictis.
1784 3500 1787 3503 -

337 3531 595 3646 {Littajore
630 3550 775 3600 quam
808 3539 939 3611 ipsos
960 3531 1241 3586 monachos
1260 3531 1372 3588 vitae
1404 3531 1661 3599 diligentia
1683 3546 1805 3599 Opus
1841 3538 1927 3588 ba-

418 3612 540 3646 iere.
566 3616 580 3623 ~

418 3612 540 3647 iere.
566 3616 580 3623 ’

336 3665 405 3707 ιιι.
438 3658 669 3767 γεὲξῐοτε
724 3662 834 3710 vita:
856 3660 1047 3709 ratione
1069 3657 1161 3708 frui
1185 3657 1491 3718 monachum,
1533 3672 1679 3722 quam
1705 3659 1928 3710 Ecclesia

398 3730 498 3767 ora:
570 3731 699 3767 .um.

418 3727 699 3770 relectum.

334 3734 750 3845 ivlgiiiiio’i’ém
787 3788 1025 3830 terrarum
1071 3783 1177 3831 orbi
1213 3781 1422 3845 aliisque
1461 3782 1614 3832 rebus
1657 3784 1927 3833 tremendis

396 3843 708 3903 praepositum
731 3855 860 3892 esse.

337 3908 387 3949 v.
421 3904 729 3952 Sacerdotem
748 3903 807 3951 ad
824 3904 982 3951 omnia
1002 3910 1169 3964 aptum
1193 3917 1305 3953 esse
1329 3904 1535 3955 debere.

336 3969 405 4010 γι.
444 3964 598 4011 vitam
621 3966 1048 4037 monasticampon
1079 3970 1269 4037 tantum
1300 3967 1545 4037 patientia:
1574 3975 1925 4037 argumentum

336 4080 344 4087 ν
398 4036 533 4080 esse,
555 4031 787 4088 quantum
810 4025 1128 4074 multitudinis
1144 4025 1479 4088 prafeéturam
1506 4025 1751 4077 eximiam.

335 4086 937 4161 VltLEtn‘nquAlAseot-sim
954 4088 1099 4161 vivat,
1138 4086 1351 4161 eumque
1374 4090 1457 4161 qui
1489 4091 1537 4138 in
1560 4102 1726 4138 rerum
1762 4089 1924 4139 medio

397 4151 644 4208 versetur,
665 4158 761 4195 non
780 4159 929 4208 super
951 4147 1121 4195 iisdem
1146 4147 1425 4198 exercitari.

252 4194 253 4197 “
334 4197 442 4253 Vm.
475 4194 677 4256 Facilius
700 4194 787 4257 eos
807 4194 889 4269 ιιῖιί
912 4194 1127 4273 solitario
1150 4194 1503 4272 inueniam
1526 4224 1613 4261 eos
1633 4213 1716 4273 qni
1750 4211 1924 4262 multo-

394 4278 505 4314 rum
527 4278 692 4315 curam
712 4275 911 4330 gerunt,
936 4269 1162 4319 virtutem
1186 4269 1445 4321 exercere.

332 4333 557 4436 ﬁmus.
578 4329 960 4379 contemnendas
1016 4333 1129 4381 esse
1168 4331 1297 4395 vulgi
1320 4335 1622 4395 susriciones
1646 4372 1659 4394 ,
1704 4336 1923 4397 quamvis

332 4452 389 4515 ξι.
424 4454 524 4515 non
546 4450 703 4512 magni
729 4450 841 4515 esse
862 4450 1048 4514 negotii
1068 4465 1282 4515 seipsum
1297 4466 1515 4505 servare.

332 4514 408 4556 Xl.
441 4512 903 4579 longest-“iorem
926 4512 1116 4574 pinnam
1140 4512 1342 4565 manere
1375 4516 1679 4566 sacerdotum
1704 4524 1918 4579 peccata,

395 4569 819 4631 quam’idiotarum

990 4643 1056 4701 ‘et
1075 4634 1294 4686 dolorem
1316 4651 1427 4701 por
1439 4644 1517 4688 ter
1538 4639 1795 4688 sacerdotii
1828 4652 1919 4689 ex-

391 4693 1209 4768 isﬁesesesertettimorem-

332 4754 444 4799 xui.
479 4752 615 4801 Omni
638 4752 772 4803 bello
792 4752 1128 4807 molestiorem
1147 4771 1263 4808 esse
1284 4761 1606 4810 tentationem
1628 4761 1824 4810 diaboli.

402 4966 455 5019 l.
503 4965 688 5021 Pennas
725 4970 845 5025 dare
884 4975 1163 5033 sacerdotes
1186 4978 1334 5029 etiam
1366 4996 1457 5046 pro
1485 4982 1664 5049 pepuli
1700 4983 1912 5036 delictis.

329 5085 401 5097 --
430 5055 538 5111 Res
562 5058 772 5126 quidem
803 5062 959 5130 hujus
987 5066 1167 5119 mundi
1198 5067 1329 5121 tales
1358 5080 1513 5135 sunt,
1554 5073 1735 5139 quales
1765 5075 1915 5127 audi-

328 5147 395 5201 sti
425 5164 441 5203 :
468 5147 611 5203 illius
639 5160 813 5205 autem
840 5156 961 5207 vita;
994 5154 1231 5227 (futurm)
1259 5174 1343 5213 res
1369 5163 1633 5226 quomodo
1660 5162 1912 5231 feremus,

331 5253 449 5292 cum
482 5246 547 5292 de
575 5236 794 5310 singulis
814 5245 972 5298 nobis
998 5250 1296 5303 commissis
1325 5251 1625 5307 hominibus
1653 5257 1911 5311 rationem

329 5328 551 5383 reddere
566 5332 849 5399 engemur?
876 5334 989 5388 Non
1016 5338 1155 5392 enim
1179 5338 1231 5391 in
1260 5341 1458 5408 pudore
1482 5345 1553 5397 sis
1580 5345 1619 5396 it
1638 5344 1910 5411 damnum,

330 5420 419 5472 sed
470 5430 725 5475 aeternum
773 5438 1109 5492 exspectatur
1156 5430 1493 5496 supplicium.
1548 5432 1680 5487 illud
1728 5437 1909 5502 enim,

331 5508 537 5563 Obcdite
563 5515 843 5582 praepositis
860 5520 1050 5581 vestris,
1068 5530 1116 5571 et
1140 5522 1388 5589 subjacete
1410 5526 1500 5588 eis,
1524 5527 1641 5593 quia
1667 5529 1764 5594 ipsi
1788 5530 1911 5596 viqi-

329 5598 433 5650 (aut
458 5617 550 5666 pro
571 5603 1063 5683 animabusvestris.
1097 5621 1149 5663 ut
1179 5613 1422 5666 rationem
1448 5619 1693 5669 reddituri
1719 5620 1905 5689 (Hebr.

333 5692 415 5744 15.
449 5690 555 5760 i7),
600 5695 805 5749 etiamsi
849 5698 991 5766 prius
1034 5702 1290 5766 dixeram,
1325 5716 1495 5760 tamen
1528 5723 1595 5762 ne
1624 5727 1763 5766 nunc
1787 5713 1907 5783 qui.

327 5779 447 5834 dom
470 5784 655 5839 tacebo
682 5802 693 5836 :
726 5802 846 5840 nam
878 5798 1036 5845 ωηιξη
1066 5794 1492 5852 comminationis
1540 5814 1714 5855 metus
1790 5779 1901 5857 fre-

2038 3378 2265 3442 quenter
2300 3372 2533 3426 animum
2571 3371 2808 3426 concutit
2837 3386 3035 3425 meum.
3079 3372 3136 3426 Si
3162 3374 3306 3427 enim
3335 3375 3404 3440 ei,
3436 3375 3524 3444 qui
3553 3378 3632 3432 vel

2039 3464 2322 3518 minimum
2348 3478 2509 3516 unum
2531 3461 2968 3518 scandalizaverit
2994 3462 3206 3535 (Matth.
3240 3465 3327 3520 l8.
3358 3465 3437 3535 6),
3471 3481 3634 3535 expc-

2036 3552 2115 3607 dit
2144 3562 2200 3607 ut
2230 3554 2369 3608 mola
2394 3554 2623 3608 asinaria
2652 3553 3005 3628 suspendatur
3032 3554 3085 3607 in
3109 3554 3249 3609 collo
3274 3555 3419 3625 ejus,
3455 3566 3509 3611 et
3532 3556 3631 3611 dc-
3686 3586 3717 3607 Ι

2033 3654 2301 3716 mergatur
2331 3647 2382 3699 in
2412 3646 2577 3710 mare,
2597 3654 2649 3699 et
2672 3660 2860 3699 omnes
2882 3645 2969 3714 qui
2992 3647 3372 3700 conscientiam
3403 3646 3629 3703 fratrum

2034 3742 2258 3783 suorum
2295 3728 2634 3797 percutiunt,
2676 3729 2730 3783 in
2778 3730 2957 3800 ipsum
2988 3730 3265 3786 Christum
3291 3743 3521 3802 peccant
3551 3734 3626 3806 (l.

2034 3822 2155 3875 Cor.
2183 3816 2237 3875 8'.
2266 3821 2354 3890 12)
2384 3839 2395 3874 :
2421 3823 2513 3891 qui
2542 3837 2650 3875 non
2678 3838 2847 3875 unum
2864 3825 3049 3887 modo,
3073 3825 3314 3889 velduos
3344 3826 3428 3880 vel
3457 3828 3625 3893 trrs',

2033 3913 2130 3969 sed
2196 3921 2406 3966 tantam
2450 3912 2859 3969 multitudinem
2921 3917 3185 3984 perdant,
3226 3918 3360 3987 quid
3412 3920 3625 3987 passuri

2032 4014 2183 4067 sunt,
2220 4014 2276 4058 et
2313 4021 2677 4075 quaspmuas
2706 4006 2930 4061 daturi?
2957 4007 3144 4077 Neque
3173 4011 3317 4062 enim
3349 4010 3622 4079 imperitia

2028 4098 2080 4152 in
2108 4112 2325 4151 causam
2355 4096 2623 4167 aiferenda
2648 4106 2750 4164 est,
2782 4113 2955 4167 neque
2999 4097 3069 4152 ad
3114 4099 3463 4169 ignorantiam
3491 4099 3624 4156 co‘n-

2026 4186 2355 4256 fugiendum,
2390 4202 2562 4257 ncque
2590 4187 2881 4253 necessitas
2921 4198 3013 4242 aut
3043 4188 3126 4242 vis
3166 4189 3382 4245 obtendi
3414 4200 3621 4261 potest;

2028 4279 2122 4333 sed
2155 4280 2325 4349 potius
2351 4268 2613 4343 subditus,
2636 4281 2921 4349 siquidem
2950 4281 3153 4343 liceret,
3186 4283 3286 4337 hoc
3313 4283 3364 4337 in
3395 4284 3637 4352 propriis

2028 4370 2259 4438 peccatis
2284 4368 2479 4439 eli‘ugio
2506 4369 2580 4423 uti
2611 4379 2811 4439 posset,
2840 4385 2998 4439 quam
3042 4371 3093 4424 in
3138 4371 3363 4425 aliorum
3409 4373 3621 4431 delictis

2024 4454 2310 4514 antistites.
2359 4460 2572 4527 Quare?
2620 4461 2751 4528 Quia
2784 4463 2829 4515 is
2857 4462 2945 4532 qui
2974 4463 3037 4517 ad
3064 4462 3165 4517 hoc
3188 4464 3471 4533 deputatus
3508 4477 3619 4532 est,

2026 4560 2084 4606 ut
2108 4552 2332 4607 aliorum
2362 4553 2711 4622 ignorantiam
2739 4553 3021 4618 emendet,
3051 4561 3106 4609 et
3143 4554 3466 4610 diabolicum
3501 4554 3636 4613 bell'

2025 4644 2133 4698 lum
2172 4644 2374 4699 instans
2421 4644 2761 4714 prmnuntiet,
2788 4645 2976 4713 nequit
3026 4645 3373 4714 ignorantiam
3417 4649 3613 4702 obten-

2023 4736 2171 4801 dere,
2203 4751 2302 4790 nec
2331 4735 2528 4801 dicere,
2551 4736 2665 4790 Non
2688 4735 2862 4789 audivi
2894 4737 3095 4803 tubam,
3121 4740 3317 4793 bclhun
3350 4756 3454 4796 non
3490 4756 3621 4811 pra:-

2022 4827 2150 4881 vidi.
2177 4828 2255 4880 Ad
2288 4828 2387 4903 hoc
2411 4828 2604 4897 quippe
2633 4828 2873 4892 sedebat,
2906 4839 2964 4881 ut
3005 4830 3254 4885 Ezechiel
3280 4835 3375 4897 ait,
3404 4841 3466 4886 nt
3504 4834 3620 4888 aliis

2023 4916 2146 4971 tuba
2195 4925 2452 4981 caneret,
2517 4926 2573 4971 et
2640 4916 2843 4971 futuras
2907 4933 3177 4974 :erumnas
3236 4924 3619 4990 prmnuutiaret

2023 5009 2234 5078 (Ezech.
2267 5011 2357 5063 5'5.
2385 5010 2462 5081 ὅ).
2495 5010 2723 5079 Ideoque
2751 5011 3068 5079 Supplicium
3100 5014 3239 5066 nulla
3271 5017 3618 5071 excusatione

2020 5103 2171 5155 vitari
2214 5111 2425 5171 potest,
2466 5103 2671 5157 etiamsi
2702 5118 2834 5157 unus
2864 5114 3067 5158 tantum
3102 5106 3364 5175 periisset.
3406 5107 3538 5163 Nam
3571 5110 3615 5164 si

2019 5194 2304 5248 accedente
2331 5195 2529 5249 framea
2553 5197 2748 5265 popqu
2775 5211 2877 5249 non
2906 5198 3028 5250 tuba
3053 5200 3337 5264 cecinerit,
3377 5202 3483 5266 ait,
3516 5216 3614 5259 nec

2019 5288 2317 5354 speculator
2347 5289 2555 5357 signum
2582 5287 3234 5360 dederit,.adveniensque
3261 5289 3461 5346 framea
3492 5293 3610 5346 ani-

2017 5391 2158 5429 mam
2190 5378 2459 5441 invaserit,
2490 5378 2599 5445 ipsa
2622 5379 2834 5447 quidem
2864 5390 3080 5447 propter
3105 5380 3431 5450 iniquitatem
3460 5397 3610 5438 suam

2018 5478 2168 5536 capta
2200 5478 2301 5533 est,
2334 5453 2641 5536 sanguinem
2670 5485 2796 5543 vero
2820 5471 2935 5539 ejus
2965 5473 3031 5524 de
3069 5488 3225 5525 manu
3263 5475 3609 5543 speculatoris

2017 5557 2305 5626 requiram.
2340 5548 2529 5613 Desine
2554 5574 2683 5628 ergo
2703 5573 2800 5612 nos
2824 5548 2873 5613 in
2899 5570 3002 5613 tam
3029 5544 3603 5633 inevitabilejudicium

2018 5645 2290 5716 impellere
2320 5665 2335 5701 :
2366 5664 2536 5718 neque
2583 5649 2726 5703 enim
2769 5648 2837 5704 de
2878 5649 3121 5708 ducendo
3152 5653 3405 5721 exercitu,
3435 5670 3605 5726 neque

2078 5824 2095 5854 ι
2130 5822 2270 5873 Savil.
2297 5832 2345 5873 et
2377 5824 2557 5885 aliquot
2588 5830 2715 5887 lissi,
2740 5838 2891 5889 neque
2924 5828 3045 5880 duos
3064 5841 3215 5893 neque
3238 5837 3352 5881 tres.
