4198 6324
577 393 684 450 6'19

575 521 643 576 de
680 533 842 588 regno
886 531 1182 572 sermonem
1213 516 1489 578 habemus,
1521 515 1613 570 sed
1642 517 1708 572 de
1749 518 1978 587 negotio,
2009 516 2151 587 quod

575 606 812 678 angelica
844 607 1031 660 virtute
1060 623 1190 674 opus
1220 605 1428 660 habeat.

647 695 701 751 2.
739 696 907 767 Major
927 698 1163 768 perfectio
1191 697 1244 750 in
1264 697 1517 768 episcOpo,
1547 688 1695 767 quain
1717 699 1767 768 iu
1790 697 2047 775 iitonacltis
2077 713 2156 751 re-

578 787 811 856 quiritur.
853 815 923 827 --
971 788 1176 840 Etenim
1222 787 1482 842 solaribus
1532 788 1692 842 radiis
1732 789 1997 858 puriorem
2039 802 2158 843 esse

581 885 787 945 oportet
802 875 1095 930 Sacerdotis
1118 877 1368 944 animam,
1396 878 1675 948 nequando
1697 877 1923 947 Spiritus
1945 887 2159 933 sanctus

585 966 729 1021 illum
753 968 1019 1020 desertum
1042 966 1329 1036 rciinquat;
1349 978 1398 1021 ut
1423 970 1586 1037 poSsi't
1604 967 1781 1023 dicere
1809 987 1822 1023 :
1849 967 1971 1022 Vivo
1995 977 2160 1023 autem

581 1056 689 1126 iam
716 1072 814 1109 non
839 1073 930 1127 ego
951 1072 970 1110 :
994 1057 1108 1110 vivit
1131 1073 1243 1110 vero
1267 1059 1317 1111 in
1346 1076 1423 1112 me
1446 1057 1674 1113 Christus
1715 1057 1918 1132 (,Gaiat.
1942 1058 1997 1111 Ξ.
2026 1058 2098 1114 20
2117 1061 2158 1126 ).

585 1145 714 1199 Nam
745 1147 788 1200 si
813 1147 872 1212 ii,
905 1148 994 1217 qui
1040 1159 1277 1202 eremum
1320 1148 1574 1214 incolunt,
1607 1158 1670 1202 et
1709 1148 1839 1203 urbe
1880 1157 1934 1202 et
1973 1149 2086 1202 foro
2111 1155 2165 1202 et

584 1237 898 1291 tumultibus
934 1238 1140 1318 procul,
1179 1252 1392 1308 semper
1434 1248 1586 1306 portu
1625 1248 1678 1292 et
1719 1236 2000 1306 tranquillo
2027 1237 2164 1292 caelo

578 1327 842 1392 ‘iruentes,
869 1326 1053 1380 uolunt
1092 1337 1265 1381 tamen
1292 1327 1549 1396 ejusmodi
1578 1328 1694 1381 vita:
1727 1327 1962 1381 instituto
1997 1326 2154 1380 conii-

590 1420 740 1485 dere,
761 1435 940 1472 verum
969 1427 1245 1473 sexcentas
1267 1419 1394 1472 alias
1415 1419 1680 1473 custodias
1711 1419 1982 1484 adhibent,
2016 1418 2168 1471 undi-

589 1523 694 1575 que
719 1523 777 1562 se
799 1509 1316 1571 circummuuientcs,
1343 1518 1395 1563 et
1435 1524 1553 1564 cum
1599 1525 1786 1579 magna
1836 1509 2170 1564 accuratioue

592 1600 767 1654 omnia
799 1609 851 1667 ct
880 1598 1056 1655 dicere
1080 1610 1130 1655 et
1161 1599 1334 1654 iacere
1360 1610 1681 1670 Satagentes,
1726 1609 1781 1654 ut
1803 1610 1941 1654 icum
1983 1598 2167 1653 ﬁducia

593 1700 647 1743 et
673 1691 899 1759 puritate
928 1691 1154 1755 sincera,
1181 1700 1434 1760 quantum
1460 1691 1698 1742 Ιιιιηιειιιευ
1723 1691 1859 1742 vires
1883 1689 2167 1758 patiuntur,

595 1780 848 1834 accedere
893 1780 958 1833 ad
1010 1781 1168 1833 Deum
1224 1779 1423 1847 possint
1453 1795 1466 1831 :
1495 1787 1689 1847 quanta
1741 1788 1892 1847 putas
1929 1786 2173 1847 oportere

595 1870 924 1924 sacerdotem
957 1871 1030 1922 uti
1061 1870 1109 1923 vi
1139 1878 1294 1938 atque
1317 1869 1561 1924 violentia
1581 1909 1599 1934 ,
1642 1879 1698 1923 ut
1744 1874 1907 1938 possit
1944 1869 2172 1922 animam

597 1960 664 2013 ab
690 1950 1255 2027 muni‘iuquinamento
1277 1960 1502 2028 eripere,
1526 1972 1579 2014 et
1599 1959 1923 2033 Spiritualem
1948 1959 2176 2029 pulchri-

592 2053 836 2105 tudinem
890 2051 1108 2105 illa‘sam
1165 2051 1414 2106 servare?
1469 2052 1670 2104 Etenim
1722 2053 1887 2104 multo
1941 2051 2174 2119 majore,

602 2157 756 2206 quam
790 2141 882 2206 illi,
925 2145 1045 2211 eget
1075 2143 1300 2210 puritate
1330 2162 1342 2194 :
1375 2157 1434 2195 ac
1463 2143 1548 2210 qui
1583 2142 1780 2210 majore
1822 2141 2053 2211 indiget,
2093 2141 2179 2193 ille

600 2230 838 2302 pluribus
879 2231 1280 2295 necessitatibus
1309 2231 1584 2298 SUiljﬂCCl.
1627 2247 1745 2299 qum
1792 2231 1993 2299 possint
2036 2230 2177 2283 illum

603 2322 913 2390 inquinare,
960 2321 1056 2374 nisi
1101 2320 1310 2374 assidua
1353 2320 1616 2388 vigilantia
1643 2360 1658 2386 ,
1705 2320 1974 2388 multaque
2018 2317 2178 2372 animi

603 2413 893 2467 attentione
910 2428 1055 2474 usus,
1072 2412 1395 2465 inaccessum
1420 2412 1519 2465 illis
1540 2412 1772 2464 animum
1796 2409 1981 2464 reddat
2007 2424 2179 2463 suum.

605 2503 735 2560 Nam
767 2514 820 2558 et
849 2505 958 2558 oris
983 2512 1249 2567 venustas,
1276 2513 1326 2557 et
1356 2514 1590 2555 motuom
1621 2503 1890 2564 mollities,
1921 2509 1974 2554 et
2003 2502 2174 2554 inces-

605 2614 695 2650 sus
735 2597 970 2651 affectata
1018 2597 1170 2658 ratio,
1217 2605 1268 2648 et
1307 2594 1452 2647 vocis
1481 2593 1792 2653 confractio,
1824 2592 2098 2645 oculorum
2131 2599 2184 2645 e‘t

606 2689 861 2741 malamm
893 2686 1194 2755 stigmata',
1236 2685 1594 2738 cincinnorum
1621 2683 2057 2751 compositiones,
2094 2695 2184 2734 ea-

608 2777 778 2846 piﬂitii
823 2779 1089 2839 tinctura,
1135 2776 1356 2829 vestium
1397 2773 1772 2841 sumptuvsitas
1801 2814 1817 2840 ,
1863 2773 1973 2826 auri
2012 2770 2188 2826 varius

607 2878 827 2922 ornatus
859 2906 874 2932 ,
924 2880 1252 2936 gemmarum
1311 2863 1646 2932 pulchritudo
1692 2864 1750 2926 ',
1801 2871 2188 2932 unguentorum

611 2958 915 3027 fragrantia,
942 2957 1147 3024 aliaque
1182 2954 1377 3017 omnia,
1411 2968 1530 3023 qure
1565 2953 1823 3005 muliebre
1859 2966 2025 3020 genus
2063 2949 2190 3004 all‘e-

606 3057 755 3103 Otarc
775 3048 930 3112 solet,
955 3049 1184 3099 animum
1209 3045 1419 3098 turbare
1441 3049 1682 3112 possunt,
1706 3041 1803 3095 nisi
1820 3039 2191 3109 temperantia:

613 3140 922 3192 austeritate
951 3152 1010 3192 se
1035 3136 1298 3190 munierit.
1330 3135 1432 3189 Sed
1467 3133 1534 3188 ab
1561 3134 1623 3187 iis
1651 3131 1847 3186 tttrbari
1871 3132 2060 3185 mirum
2087 3146 2190 3184 non

615 3241 725 3295 est;
767 3239 819 3283 at
861 3245 955 3299 per
982 3243 1066 3283 res
1099 3229 1162 3282 iis
1190 3226 1481 3280 contrarias
1524 3238 1680 3294 posse
1711 3223 1976 3277 diabolum
2006 3221 2192 3275 huma-

615 3335 710 3374 nas
735 3320 938 3372 animas
964 3317 1249 3371 confodere
1269 3356 1284 3380 ,
1316 3314 1364 3368 id
1391 3329 1518 3368 sane
1547 3322 1764 3381 stupore
1791 3321 1842 3365 et
1868 3311 2193 3365 dubitatione

618 3411 848 3478 plenum.
894 3407 1010 3462 Jam
1037 3406 1175 3460 enim
1205 3404 1438 3458 nonnulli
1463 3445 1476 3466 ,
1504 3404 1591 3472 qui
1626 3402 1741 3455 ba-c
1774 3400 2028 3454 venabula
2058 3398 2192 3454 cliu-

615 3508 802 3570 gerant
827 3541 840 3564 ,
881 3514 910 3551 a
949 3498 1112 3567 iunge
1134 3496 1362 3550 diversis
1385 3494 1521 3562 capti
1544 3500 1686 3547 sunt.
1715 3491 1925 3545 Etenim
1954 3490 2190 3558 neglecta

622 3583 803 3655 iacies,
835 3587 1072 3659 squalida
1096 3601 1269 3644 coma.
1300 3585 1509 3640 sordida
1541 3583 1723 3648 vestis,
1755 3580 1964 3634 habitus
1991 3580 2191 3632 incom-

623 3680 846 3748 positus,
891 3693 1100 3732 morum
1150 3675 1537 3743 verborumque
1581 3670 1912 3740 siruplicitas,
1959 3669 2197 3722 incessus

622 3785 726 3820 non
750 3767 1043 3828 all'cctatus,
1063 3781 1160 3819 vett
1189 3764 1523 3826 inconcinna,
1549 3762 1717 3815 victus
1745 3767 2046 3828 paupertas,
2071 3772 2199 3810 con-

627 3865 855 3926 temptus
879 3870 941 3909 ac
968 3855 1195 3924 prmsidii
1224 3853 1466 3922 penuria,
1490 3851 1720 3926 itemque
1745 3847 1972 3919 solitudo
1994 3856 2197 3917 specta-

626 3913 792 4000 tttreitt
844 3913 1069 4016 priuium
1110 3944 1175 3996 ad
1219 3913 1656 4004 miscricordiam;
1686 3914 1876 3994 deinde
1915 3937 1971 3991 in
2019 3913 2196 3992 extre-

625 4055 764 4094 tuam
801 4037 1085 4108 perniciem
1119 4043 1501 4104 pertraxerunt.

697 4130 749 4183 3.
785 4128 1086 4182 Faciliorcm
1112 4142 1217 4179 esse
1241 4126 1352 4178 vita:
1381 4123 1620 4176 rationem
1642 4119 2024 4184 monachorum,
2049 4133 2201 4187 quam

631 4219 920 4291 primulum.
947 4246 1018 4258 —-
1061 4216 1312 4284 Multique
1353 4228 1417 4268 ex
1462 4211 1722 4281 prioribus
1766 4209 1930 4278 elapsi
1975 4209 2199 4274 retibus,

631 4327 820 4380 nempe
850 4309 1023 4363 aureis
1061 4306 1369 4371 ornatibus,
1402 4304 1700 4378 unguentis,
1724 4300 2072 4362 vestimentis,
2102 4315 2205 4352 eae-

634 4408 863 4473 torisque
889 4417 1044 4470 supra
1069 4397 1392 4461 metuomtis,
1416 4396 1465 4450 iu
1491 4396 1601 4448 haec
1628 4393 1761 4449 adeo
1781 4393 1848 4448 ab
1873 4393 1972 4446 illis
1997 4391 2202 4444 diversa

619 4494 936 4549 ceciderunt
966 4489 1359 4560 Pcrieruntque.
1407 4486 1536 4540 Cum
1567 4499 1692 4553 ergo
1723 4498 1815 4551 per
1845 4489 2204 4550 paupertatem

624 4595 687 4639 et
723 4584 951 4649 divitias,
987 4597 1084 4652 per
1119 4582 1366 4634 ornatum
1409 4587 1464 4631 et
1510 4576 1715 4630 habitus
1757 4573 2069 4643 neglectum,
2114 4585 2209 4641 per

624 4677 957 4747 compositos
987 4687 1164 4728 mores
1203 4681 1256 4726 et
1299 4668 1697 4739 incompositos,
1730 4675 1889 4736 atque
1916 4680 2021 4718 uno
2049 4663 2208 4717 verbo

639 4787 732 4839 per
759 4769 932 4824 omnia
959 4767 1060 4821 alia
1088 4780 1244 4834 supra
1275 4771 1599 4824 enumerata,
1621 4759 1816 4814 bellum
1843 4759 1893 4812 in
1925 4755 2212 4826 spectantis

638 4843 816 4917 animo
856 4859 1191 4920 accendatur,
1231 4867 1286 4910 et
1331 4853 1750 4909 machinamenta
1791 4850 1938 4904 illum
1980 4847 2211 4913 undique

638 4953 1048 5014 circumsistant,
1081 4950 1340 5002 undenant
1364 4946 1630 5014 respirare
1662 4941 1856 5011 poterit
1893 4946 1971 4992 tot
2009 4938 2080 4991 illi
2109 4927 2213 4990 cir-

641 5046 951 5116 cumpositis
974 5041 1211 5114 laqueis?
1242 5053 1374 5106 quas
1401 5037 1632 5091 inveniat
1668 5034 1918 5096 latebras,
1944 5045 2048 5084 non
2071 5029 2209 5094 dico,

642 5157 708 5195 ne
736 5140 783 5193 vi
809 5138 1044 5205 capiatur
1073 5134 1147 5210 (id
1175 5131 1368 5201 quippe
1393 5144 1498 5183 non
1525 5125 1808 5181 admodum
1835 5120 2045 5175 difﬁcile
2070 5119 2211 5187 est),

1311 402 1364 458 S.
1406 401 1681 458 JOANNlS
1720 401 2193 462 CIIRYSOSTOMI
2235 398 2547 459 ARCIIIEP.
2590 397 3123 456 CONSTANTINOP.

3731 396 3839 452 680

2259 516 2619 585 temperantiae
2687 513 2995 568 assiduitate
3037 514 3052 544 ⁸
3097 517 3450 572 enervantur;
3511 522 3744 565 attamen
3803 512 3840 565 ii

2258 622 2401 676 saepe
2426 606 2670 675 dejiciunt
2702 620 2844 670 eum,
2867 604 2954 673 qui
2981 611 3164 657 contra
3190 603 3320 657 tales
3345 602 3562 657 insidias
3583 613 3844 670 perpetuo

2260 699 2476 768 vigilare
2505 696 2689 751 nescit.
2719 696 2957 749 Honores
2979 703 3156 748 autem
3177 709 3204 746 a
3231 694 3354 747 viris
3377 692 3579 747 delatos
3601 692 3700 746 nisi
3722 692 3843 761 quis

2261 804 2449 860 magna
2499 804 2619 842 cum
2674 788 2834 841 animi
2871 786 3166 841 constantia
3207 785 3510 852 exceperit,
3560 799 3591 838 a
3632 783 3843 838 duobus

2262 879 2542 934 contrariis
2574 875 2769 930 morbis
2791 875 3092 944 corripitur,
3129 888 3158 926 a
3193 860 3446 932 servititte
3484 872 3686 927 scilicet
3723 885 3844 940 quas

2263 985 2326 1025 ex
2354 969 2654 1024 adulatione
2678 968 2933 1030 nascitur,
2957 974 3010 1020 et
3036 965 3101 1017 ab
3125 965 3442 1032 arrogantia:
3469 963 3695 1027 insania,
3715 961 3842 1015 dum

2264 1061 2623 1115 adulatoribus
2646 1059 2754 1112 suis
2777 1073 2834 1112 se
2859 1055 3119 1124 subjicere
3138 1053 3362 1124 cogitur,
3385 1062 3440 1106 et
3459 1068 3522 1106 ex
3553 1051 3846 1104 honoribus

2266 1168 2362 1223 per
2407 1168 2501 1206 eos
2543 1151 2731 1205 delatis
2772 1149 3039 1204 adversus
3091 1149 3358 1202 tenuiores
3406 1145 3636 1207 inﬂatur,
3687 1153 3743 1197 et
3790 1143 3845 1198 in

2267 1246 2513 1300 amentiae
2552 1243 2854 1299 barathrum
2893 1242 3156 1310 dejicitur.
3205 1241 3328 1294 [hec
3373 1238 3583 1307 quidem
3627 1252 3655 1288 a
3695 1235 3848 1290 nobis

2269 1337 2405 1391 dicta
2437 1344 2560 1408 sunt
2589 1353 2603 1388 :
2628 1350 2786 1401 quam
2813 1347 2938 1386 vero
2976 1332 3230 1385 damnosa
3261 1331 3382 1391 sint,
3416 1327 3623 1380 nonnisi
3654 1340 3848 1394 exper-

2272 1437 2354 1481 tus
2383 1427 2545 1495 probe
2581 1426 2787 1480 discere
2814 1433 3008 1493 potest.
3051 1422 3233 1489 Neque
3275 1421 3415 1474 enim
3457 1418 3569 1472 haec
3611 1427 3845 1476 tantum,

2272 1518 2364 1571 sed
2395 1518 2551 1586 longe
2577 1516 2659 1571 his
2685 1516 2832 1584 plura
2856 1525 2908 1568 et
2937 1513 3308 1582 periculosiora
3337 1511 3390 1564 in
3417 1510 3592 1564 medio
3618 1508 3850 1562 versanti

2274 1609 2516 1662 accidere
2561 1621 2779 1661 necesse
2827 1607 3002 1660 fuerit.
3053 1603 3150 1671 Qui
3181 1617 3306 1658 vero
3331 1600 3669 1655 solitudinem
3701 1600 3848 1662 colit,

2278 1700 2464 1754 borum
2495 1700 2729 1752 omnium
2755 1698 3144 1752 immunitatem
3171 1693 3513 1763 consequitur
3538 1691 3616 1745 εγειὶ
3643 1690 3854 1760 quando

2276 1790 2500 1845 absurda
2546 1790 2794 1859 cogitatio
2842 1788 2964 1857 quid
3008 1787 3180 1840 simile
3229 1785 3325 1854 ipsi
3371 1781 3853 1852 reprmsentaverit,

2279 1885 2536 1939 imbecilla
2571 1891 2742 1936 tmnen
2776 1891 2854 1934 est
2881 1880 3176 1948 phantasia,
3202 1891 3317 1945 quae
3335 1874 3449 1929 cito
3478 1871 3858 1941 possitextin—

2278 1976 2385 2046 gui,
2416 1975 2532 2042 quia
2559 1973 2704 2026 nulla
2732 1972 3057 2025 extrinsecus
3084 1967 3310 2020 “anima:
3337 1964 3555 2018 materia
3580 1978 3645 2015 ex
3671 1961 3858 2014 oculo-

2281 2081 2395 2120 rum
2428 2073 2642 2132 aspectu
2683 2059 3069 2129 suppeditatur.
3105 2059 3179 2110 Ac
3207 2054 3495 2109 monachus
3518 2052 3732 2121 quidem
3760 2051 3860 2104 sibi

2282 2156 2379 2221 soli
2410 2156 2585 2215 timet;
2617 2154 2659 2206 si
2683 2167 2808 2205 vero
2835 2150 2900 2204 de
2927 2149 3045 2201 aliis
3070 2146 3385 2215 quandoque
3415 2158 3601 2198 curare
3619 2151 3858 2210 cogatur,

2283 2255 2427 2302 certe
2459 2244 2758 2314 paucissimi
2783 2242 2853 2294 illi
2884 2248 3039 2303 sunt;
3071 2237 3352 2306 sinplures
3379 2235 3593 2299 iuerint,
3617 2242 3668 2286 at
3693 2231 3865 2287 multo

2286 2341 2519 2394 minores
2551 2351 2773 2390 numero
2803 2348 2958 2403 quam
2992 2331 3026 2384 ii
3057 2332 3144 2399 qui
3177 2331 3225 2381 in
3264 2326 3520 2381 Ecclesiis
3546 2332 3862 2388 versantur,

2286 2441 2441 2499 atque
2487 2429 2520 2482 ii
2567 2427 2732 2481 multo
2767 2425 3017 2478 leviorem
3053 2421 3300 2490 pra-recto
3327 2432 3423 2471 suo
3450 2414 3860 2470 sollicitudinem

2287 2520 2556 2581 exhibent,
2607 2532 2710 2570 non
2749 2514 2816 2568 ob
2859 2513 3174 2583 paucitatem
3223 2518 3444 2569 tantum,
3480 2504 3574 2560 sed
3617 2505 3869 2572 quoniam

2288 2625 2473 2666 omnes
2497 2624 2526 2661 a
2551 2607 2889 2661 Saecularibus
2917 2602 3074 2656 rebus
3100 2600 3247 2652 vacui
3276 2598 3491 2666 degunt,
3515 2606 3622 2649 hec
3649 2594 3868 2657 liberos,

2289 2718 2386 2758 nec
2409 2715 2651 2765 uxorem,
2683 2711 2851 2765 neque
2888 2694 3042 2746 ullam
3077 2687 3438 2757 hujuscemodi
3471 2700 3650 2740 curam
3689 2697 3874 2738 susce-

2293 2799 2496 2861 perunt.
2545 2789 2598 2841 Id
2639 2803 2793 2855 porro
2819 2785 2938 2838 illos
2963 2781 3247 2855 admodum
3277 2774 3545 2846 prmiectis
3575 2773 3875 2842 morigeros

2290 2884 2469 2945 efﬁcit,
2492 2879 2710 2950 etquod
2739 2877 3003 2931 communi
3028 2870 3296 2926 domicilio
3322 2879 3554 2932 utantur,
3573 2864 3726 2920 facile
3748 2877 3876 2933 pos-

2292 2982 2414 3030 sunt
2449 2986 2634 3027 eorum
2675 2969 2863 3023 deiieta
2905 2974 2959 3020 et
2995 2961 3243 3038 cognosci
3285 2968 3338 3014 et
3381 2955 3694 3012 emendari:
3727 2952 3874 3023 quod

2294 3081 2400 3121 non
2428 3061 2694 3118 modicum
2723 3058 2928 3114 coo'l'ert
2963 3054 3028 3110 ad
3069 3052 3277 3110 \irtntis
3319 3051 3724 3110 incrementum,
3749 3058 3878 3100 cum

2294 3153 2497 3209 scilicet
2524 3150 2773 3218 magister
2801 3155 3106 3215 perpetuam
3133 3149 3281 3211 gerat
3309 3136 3740 3218 sollicitudinem.

2364 3247 2416 3300 ι.
2463 3215 2784 3295 Sacerdotem
2833 3238 2939 3291 orbi
2983 3245 3228 3288 terrarum
3280 3247 3385 3293 esse
3437 3215 3781 3298 prcepasitum.
3807 3252 3880 3266 —-

2297 3339 2492 3393 Eorum
2524 3349 2670 3395 vero,
2702 3333 2789 3402 qui
2820 3329 3080 3385 sacerdoti
3104 3326 3347 3388 subsunt,
3377 3321 3602 3375 maxima
3623 3331 3750 3388 pars
3778 3329 3882 3370 sa:-

2297 3430 2562 3487 cularibus
2596 3426 2737 3481 curis
2779 3433 2900 3477 sunt
2936 3419 3130 3475 addicti
3171 3416 3309 3487 quod
3343 3413 3460 3468 illos
3491 3409 3555 3464 ad
3582 3406 3880 3478 spiritualia

2299 3538 2455 3593 Opera
2489 3516 2782 3589 peragenda
2813 3513 3085 3582 segniores
3109 3508 3308 3563 reddit.
3351 3502 3501 3558 Unde
3526 3508 3580 3555 et.
3604 3499 3881 3552 doctorem

2300 3625 2517 3668 necesse
2554 3618 2634 3663 est
2671 3604 2919 3675 singulis,
2953 3610 3006 3655 ut
3033 3601 3102 3654 ita
3132 3599 3303 3652 dicam
3326 3637 3338 3658 ,
3373 3593 3560 3647 diebus
3584 3596 3880 3660 sementem

2296 3703 2502 3773 jacere,
2533 3707 2591 3752 ut
2629 3694 2934 3751 assiduitate
2964 3693 2984 3722 ί
3020 3691 3106 3744 iila
3149 3687 3313 3756 possit
3355 3681 3607 3737 doctrinm
3662 3677 3882 3732 verbum

2300 3772 2367 3848 ab
2391 3789 2718 3844 auditoribus
2746 3783 2982 3838 retineri.
3015 3779 3220 3832 Etenim
3252 3773 3446 3828 divitie
3474 3772 3715 3839 ingentes
3735 3807 3750 3832 ,
3785 3779 3884 3834 po-

2301 3882 2478 3937 tentim
2509 3875 2831 3946 magnitudo.
2863 3870 3112 3939 segnities
3139 3881 3201 3919 ex
3225 3863 3496 3931 voluptate
3525 3866 3666 3922 nata,
3692 3856 3888 3909 multa-

2303 3965 2406 4040 que
2444 3969 2543 4022 alia
2581 3967 2779 4035 jactqu
2821 3977 3001 4017 semen
3045 3955 3302 4012 sulTocant
3335 3970 3349 4005 :
3377 3964 3520 4018 smpe
3549 3962 3676 4002 vero
3704 3946 3888 4014 Spiua-

2303 4077 2420 4118 rum
2457 4057 2768 4129 frequentia,
2804 4069 2869 4107 ne
2904 4052 2969 4104 ad
3008 4046 3341 4115 superficiem
3373 4040 3585 4111 quidem
3617 4047 3774 4091 terra:
3802 4050 3888 4089 se-

2305 4169 2426 4209 men
2455 4127 2646 4205 cadere
2672 4148 2811 4202 sinit.
2857 4144 2991 4198 Hinc
3017 4153 3145 4192 vero
3175 4146 3528 4188 :erumnarum
3557 4127 3882 4196 magnitudo,

2306 4249 2386 4302 vis
2410 4241 2754 4314 paupertatis,
2778 4233 3033 4289 molestia:
3052 4226 3306 4290 assidere,
3325 4223 3529 4299 aliaque
3559 4216 3886 4288 hujusmodi,

2309 4309 2570 4406 prio-ribus
2609 4328 2910 4391 contraria,
2947 4339 2976 4377 a
3027 4321 3325 4374 divinorum
3373 4313 3549 4369 studio
3597 4309 3888 4365 abducunt.

2309 4399 2651 4484 i’eccatorum
2692 4429 2866 4474 autem
2899 4430 2965 4469 ne
2995 4411 3194 4466 tantilla
3229 4406 3443 4476 quidem
3481 4417 3605 4472 pars
3633 4408 3810 4471 potest
3838 4399 3891 4453 in

2310 4532 2492 4574 eorum
2534 4504 2769 4568 uetitiam
2799 4505 2980 4561 venire
3012 4519 3024 4554 :
3057 4495 3324 4570 quomodo
3365 4493 3529 4558 enim,
3553 4504 3671 4545 cum
3717 4487 3893 4541 maxi-

2311 4622 2450 4663 mam
2490 4617 2671 4659 eorum
2723 4608 2923 4671 partem
2962 4607 3027 4646 ne
3067 4589 3133 4643 de
3172 4586 3305 4640 facie
3344 4577 3556 4652 quidem
3598 4578 3772 4632 norit?
3819 4578 3896 4630 Ac

2312 4712 2428 4767 qua:
2469 4693 2533 4748 ad
2572 4690 2819 4760 populum
2860 4667 3071 4759 quidem
3098 4683 3338 4747 spectant
3363 4673 3447 4726 his
3477 4681 3600 4723 sunt
3640 4667 3895 4738 perplexa

2313 4764 2725 4845 difficultatibus.
2756 4764 2906 4849 Quod
2935 4779 2976 4832 si
3007 4777 3125 4846 quis
3151 4789 3213 4827 ea
3267 4785 3385 4841 quae
3425 4768 3491 4821 ad
3531 4767 3696 4820 Deum
3728 4764 3896 4834 perti-

2317 4888 2463 4945 nent,
2493 4873 2868 4946 exploraverit,
2904 4868 3077 4939 priora
3104 4864 3232 4919 nihil
3261 4873 3478 4931 prorsus
3501 4872 3620 4911 esse
3644 4853 3901 4908 videbun-

2319 4982 2402 5027 tur
2431 4990 2443 5024 :
2476 4972 2546 5024 ita
2573 4967 2826 5034 majorem
2850 4961 2964 5014 haec
2984 4954 3481 5025 diligentioremque
3508 4957 3691 4999 curam
3725 4953 3903 5019 postu-

2319 5067 2448 5120 lant.
2479 5061 2607 5115 Nam
2633 5032 2718 5127 qui
2749 5069 2844 5125 pro
2874 5061 2978 5106 tota
3009 5048 3237 5105 civitate.
3275 5051 3327 5096 et
3353 5039 3477 5110 quid
3503 5037 3623 5091 dico
3652 5032 3905 5089 civitate?

2321 5158 2425 5211 imo
2457 5166 2552 5221 pro
2579 5122 2820 5201 universa
2852 5153 2990 5196 terra
3010 5145 3279 5192 oratorem
3308 5131 3434 5199 agit,
3460 5129 3674 5195 Deoque
3702 5122 3903 5191 supplic

642 5232 736 5286 sed
761 5241 811 5282 ut
841 5228 1075 5280 animum
1099 5228 1260 5276 suum
1281 5237 1307 5272 a
1337 5219 1492 5311 Redis
1510 5214 1915 5311 cogitatiombus
1941 5213 2218 5279 impertur-
2241 5273 2302 5311 υ
2324 5213 2525 5301 w‘s'u,
2565 5238 2799 5293 omnium
2834 5230 3058 5303 peccatis
3097 5226 3165 5281 sil
3197 5221 3474 5293 propitius,
3517 5231 3622 5270 ηοη
3661 5215 3900 5267 vivorum

645 5323 825 5375 liatnm
854 5313 1329 5371 custodiattalitto
1369 5309 1620 5372 honores,
1654 5306 2050 5359 innumerorum
2086 5315 2218 5353 cau~

643 5423 732 5462 sas
775 5407 1053 5461 malorum.
1105 5403 1308 5457 Etenim
1340 5400 1426 5466 qui
1463 5414 1492 5451 a
1536 5394 1843 5451 mulieribus
1885 5389 2214 5452 deferuntur,

709 5588 726 5616 ‘
760 5581 898 5634 Sat-ii.
927 5591 978 5633 et
1008 5580 1187 5643 alique)
1223 5585 1350 5643 uss,
1393 5582 1440 5626 et
1473 5571 1719 5643 oculorum
1740 5569 1977 5643 stigmata,
1994 5563 2218 5643 meia-

649 5627 998 5709 rm'ﬁdiiiﬁé;
1012 5627 1128 5709 alii,
1145 5627 1189 5689 Et
1212 5627 1451 5688 oraturum
1460 5643 1514 5709 et
1534 5627 1858 5709 cincinno‘ru'm
1882 5627 2155 5709 ﬁtCtliiOLtL’i.

649 5684 1527 5817 ’ἐῗξςῐέἶὲέίὀἷᾶῐι-ῑὶιόῖὶιέέζξβω,
1568 5694 1675 5744 auri
1712 5701 1758 5743 et
1793 5684 2089 5754 gannitu-um
2108 5684 2220 5750 pul-

643 5777 806 5819 emlu
845 5783 884 5817 ο.

2324 5345 2554 5396 tantum,
2609 5323 2702 5384 scd
2753 5325 2911 5381 etiam
2957 5333 3141 5376 eorum
3194 5316 3283 5385 qui
3328 5312 3612 5374 obierunt,
3651 5304 3902 5375 qualem,

2322 5439 2523 5496 quaeso,
2554 5424 2764 5490 oportet
2791 5412 2952 5470 esse?

2376 5561 2404 5630 f
2442 5564 2546 5614 Pro,
2569 5546 2895 5614 tmpemntia:
2925 5539 3227 5600 assiduitate;
3249 5548 3387 5593 unus,
3414 5527 3741 5594 temperantur:
3760 5526 3908 5576 neote-

2324 5632 2580 5726 ’τ’ῗέενιι.
2598 5682 2660 5737 et
2681 5669 2872 5734 plurimi
2897 5673 3024 5727 uss,
3041 5660 3333 5737 assiduitate.
3364 5653 3526 5705 Morel.
3549 5659 3599 5701 et
3623 5649 3759 5714 pauci
3780 5651 3909 5706 Mss,

2330 5735 2684 5795 consuetudite.
