4198 6324
296 385 394 444 681

373 498 640 568 Equidem
672 509 850 566 neque
893 493 1109 566 Moysis,
1131 508 1318 565 neque
1352 492 1518 550 Heliae
1545 493 1803 550 ﬁduciam
1831 494 1901 549 ad

298 585 622 657 huiusmodi
640 584 1096 656 supplicationem
1125 583 1372 640 sufﬁcere
1385 580 1550 660 posse
1568 583 1896 655 putaverim.

300 677 521 732 Etenim
553 692 618 732 ac
647 675 695 732 si
737 675 974 731 mundus
1012 683 1160 744 totus
1184 675 1289 730 sibi
1322 661 1674 730 coltcreditus
1709 674 1801 740 sit,
1837 690 1901 728 ac

301 769 346 823 si
377 768 628 823 omnium
657 778 812 838 pater
839 767 956 837 ipse
985 769 1076 833 sit,
1106 768 1198 822 sic
1238 769 1306 824 ad
1349 767 1519 822 Deum
1549 767 1775 832 accedit,
1809 784 1901 822 ro-

300 875 436 930 gans
463 861 650 915 omnia
684 848 873 914 mundi
905 859 1045 914 bella
1071 860 1367 931 exstingui,
1407 859 1674 914 tumultus
1698 859 1899 923 sedari,

298 953 514 1022 pacem,
562 954 1006 1023 prosperitatem,
1060 954 1333 1029 omnium‘
1353 954 1582 1025 singulis
1605 953 1900 1008 imminen—

300 1043 463 1106 tium,
493 1058 600 1112 qua
630 1043 910 1112 privatim,
967 1057 1074 1112 qua
1116 1042 1334 1112 publice
1366 1042 1632 1096 malorum
1667 1039 1900 1094 celerem

297 1134 705 1205 depulsionem.
746 1133 976 1204 Oportet
1033 1143 1216 1188 autem
1269 1133 1423 1188 illum
1473 1133 1734 1204 singulos,
1798 1145 1904 1201 pro

297 1227 504 1297 quibus
550 1236 824 1296 precatur,
864 1227 1004 1281 adeo
1048 1227 1102 1280 in
1150 1225 1405 1299 omnibus
1447 1225 1799 1288 antecellere,
1841 1231 1903 1280 ut

296 1318 598 1390 praefectus
630 1319 862 1374 subditis
890 1316 1203 1388 praecellere
1227 1318 1411 1373 debet.

387 1401 646 1456 lmcatio
688 1401 914 1471 Spiritus
955 1402 1114 1456 sancti
1149 1403 1202 1456 in
1239 1401 1488 1455 oblatione
1539 1399 1795 1466 sacriﬁca.
1822 1426 1893 1436 —-

307 1491 444 1551 Cum
469 1503 648 1548 autem
677 1493 933 1563 Spiritum
957 1503 1199 1549 sanetum
1230 1493 1571 1552 invocaverit.
1599 1502 1651 1545 et
1673 1491 1897 1544 horren-

307 1583 438 1638 dum
461 1582 590 1636 illud
611 1584 926 1639 sacrificium
947 1570 1218 1647 obtulerit,
1231 1592 1285 1637 et
1303 1597 1638 1637 communem
1657 1581 1894 1635 omnium

305 1674 600 1729 Dominum
643 1674 857 1730 assidue
900 1674 1237 1740 tractaverit,
1267 1688 1374 1743 quo
1402 1671 1582 1737 illum,
1611 1663 1814 1738 quaeso,
1842 1670 1895 1724 in

305 1765 502 1821 ordine
543 1765 962 1821 constituetnus?
1005 1778 1286 1833 quamnatn
1335 1751 1404 1820 ab
1455 1761 1545 1815 illo
1588 1762 1892 1832 puritatem,

304 1871 472 1925 quam
494 1857 742 1925 pietatem
763 1855 1072 1926 exigemus?
1095 1851 1278 1922 Cogita
1299 1853 1482 1922 quales
1505 1860 1750 1919 oporteat
1777 1864 1897 1904 esse

305 1962 504 2001 manus
535 1948 671 2011 illas,
701 1948 910 2015 qualem
936 1962 1053 2001 eam
1085 1946 1338 2015 linguam,
1370 1959 1489 2012 qua:
1515 1943 1601 1996 illa
1632 1941 1789 1995 verba
1812 1941 1920 1995 ef-.

304 2036 518 2102 fundat,
537 2053 640 2108 qua
657 2038 883 2108 denique
901 2052 1006 2092 non
1024 2038 1288 2106 puriorem
1309 2035 1736 2103 sanctioremque
1751 2033 1895 2087 illam

303 2128 564 2191 animam,
593 2143 713 2198 qua:
743 2137 944 2181 tantum
973 2126 1228 2196 Spiritum
1257 2126 1531 2194 suscipiat.
1553 2123 1704 2180 Tunc
1724 2122 1897 2192 angeli

303 2217 578 2272 sacerdoti
620 2218 833 2284 adsunt,
875 2226 1120 2286 totusque
1157 2216 1446 2270 caalestium
1473 2214 1736 2268 Virtutum
1765 2214 1897 2267 ordo

304 2308 506 2361 clamat
527 2309 568 2372 ί,
586 2321 648 2360 ac
673 2308 875 2361 vicinus
891 2306 1040 2360 altari
1060 2307 1209 2360 locus
1224 2306 1277 2360 in
1290 2305 1426 2359 illius
1442 2306 1530 2374 qui
1551 2303 1743 2358 ibidem
1755 2302 1899 2370 jacet

305 2395 574 2450 honorem
615 2396 680 2450 iis
715 2396 953 2466 repletus
979 2403 1098 2451 est:
1131 2395 1290 2465 idque
1315 2395 1396 2449 vel
1423 2410 1487 2450 ex
1517 2394 1600 2460 iis,
1631 2409 1750 2464 qua:
1774 2402 1899 2446 tunc

305 2495 660 2556 peraguntur,
690 2486 949 2542 credibile
976 2495 1077 2542 est.
1111 2487 1220 2556 Ego
1242 2501 1372 2541 vero
1391 2486 1619 2554 aliquem
1636 2483 1761 2536 olim
1782 2497 1898 2535 nar-

305 2586 520 2631 rantem
547 2576 745 2640 audivi,
773 2577 1056 2647 quemdam
1086 2591 1290 2641 senem,
1323 2575 1493 2629 virum
1529 2572 1897 2654 admirabilem

307 2679 381 2720 ac
398 2666 808 2721 revelationibus
827 2675 1118 2731 assuetum,
1140 2666 1357 2731 dixisse,
1377 2666 1581 2719 visione
1596 2661 1898 2732 huiusmodi

307 2770 380 2812 se
413 2756 645 2826 quodam
681 2765 917 2826 tempore
945 2758 1161 2828 dignum
1201 2755 1436 2811 habitum
1463 2755 1625 2810 fuisse
1652 2772 1668 2807 :
1699 2753 1898 2808 scilicet

309 2846 704 2901 multitudinem
728 2848 1038 2915 angelorum
1065 2847 1353 2915 derepente
1386 2845 1580 2901 vidisse
1597 2887 1612 2910 ,
1642 2855 1896 2914 quantum

306 2935 434 3005 ejus
459 2936 679 2993 facultas
701 2937 917 3005 ferebat,
940 2939 1233 3007 splendidis
1252 2939 1486 2994 vestibus
1505 2938 1829 3003 indutorum,
1843 2945 1894 2993 et

311 3027 485 3082 altare
509 3028 972 3094 circumdantium,
1001 3029 1254 3084 inclinato
1280 3029 1474 3098 capite,
1504 3044 1568 3083 ac
1593 3029 1638 3083 si
1665 3028 1782 3098 quis
1803 3028 1898 3083 mi-

309 3117 438 3174 lites
479 3130 739 3188 przesente
775 3119 1099 3190 Imperatore
1140 3129 1344 3176 stantes
1389 3120 1802 3190 videret:quod
1842 3129 1899 3176 et

308 3208 431 3277 ipse
458 3210 584 3262 mibi
617 3211 930 3278 persuadeo.
980 3210 1131 3265 Alius
1169 3212 1294 3265 item
1327 3211 1562 3265 narravit
1597 3211 1757 3275 mibi,
1788 3226 1896 3265 non

307 3297 385 3352 ab
405 3299 510 3353 alio
529 3299 768 3365 edoctus,
792 3300 886 3355 sed
914 3315 1034 3356 cum
1065 3301 1180 3370 ipse
1197 3301 1414 3356 vidisset
1438 3311 1491 3356 et
1514 3302 1769 3368 audisset,
1791 3303 1896 3355 sci-

309 3387 440 3442 licet
463 3403 554 3442 eos
581 3390 670 3458 qui
712 3405 779 3444 ex
823 3390 922 3444 hac
947 3391 1051 3444 vita
1078 3392 1352 3461 migraturi
1377 3403 1521 3459 sunt,
1551 3394 1598 3447 si
1631 3394 1898 3464 mysteriis

308 3492 448 3546 pura
489 3479 816 3535 conscientia
856 3481 1305 3551 participaverint,
1334 3484 1564 3537 animam
1601 3482 1893 3551 efflaturus,

306 3566 384 3619 ab
407 3568 608 3636 angelis
633 3566 916 3624 satellitum
941 3585 1091 3627 more
1106 3572 1269 3642 ipsos,
1286 3573 1355 3627 ob
1376 3573 1656 3643 illudun
1671 3589 1896 3642 accepe-

307 3665 439 3710 runt
463 3658 777 3724 stipantibus
804 3660 946 3715 illinc
971 3660 1178 3716 abduci.
1209 3662 1290 3717 Tu
1308 3677 1436 3718 vero
1451 3664 1684 3718 nondum
1704 3664 1896 3720 exhor-

308 3745 482 3799 rescis
501 3787 516 3811 ,
546 3746 845 3816 hujusmodi
870 3749 1100 3803 animam
1132 3751 1184 3805 in
1211 3759 1317 3806 tam
1344 3767 1553 3807 sacrum
1585 3755 1893 3824 mysterium

309 3839 678 3907 lntroducens,
705 3851 758 3895 et
785 3843 1016 3898 sordidis
1041 3845 1280 3899 indutum
1306 3847 1540 3901 vestibus
1567 3847 1618 3900 in
1649 3846 1896 3902 sacerdo-

309 3939 426 3982 tum
453 3929 756 3999 dignitatem
778 3931 926 3987 illum
951 3948 1289 4002 promovens,
1308 3950 1466 4005 quem
1488 3950 1517 3988 a
1539 3935 1743 4006 reliquo
1767 3949 1896 3990 con-

307 4018 558 4072 vivarum
602 4018 768 4075 choro
808 4021 1050 4077 Christus
1090 4024 1298 4092 expulit
1346 4023 1573 4097 (Matth.
1617 4025 1708 4078 22.
1749 4023 1894 4093 ιδῃ

305 4107 558 4162 Animam
585 4110 782 4180 quippe
807 4112 1097 4167 sacerdotis
1135 4108 1303 4168 instar
1344 4114 1478 4168 lucis
1517 4125 1682 4169 totum
1707 4115 1894 4177 orbem

306 4196 627 4254 illustrantis
668 4198 951 4268 splendere
988 4210 1216 4272 oportet.
1266 4203 1458 4258 Nostra
1499 4212 1676 4260 autem
1715 4205 1892 4259 anima

303 4285 383 4340 ob
405 4301 620 4356 pravam
645 4290 1023 4345 conscientiam
1056 4301 1227 4348 tantas
1251 4291 1414 4348 habet
1436 4293 1781 4348 circumfusas
1810 4303 1891 4348 te.

304 4378 534 4445 nebras,
556 4389 611 4434 ut
645 4395 856 4450 seraper
881 4397 941 4436 se
968 4382 1148 4448 abdat,
1179 4399 1277 4440 nec
1299 4385 1470 4455 possit
1496 4401 1744 4456 umquam
1769 4402 1888 4441 cum

305 4469 502 4524 ﬁducia
535 4470 811 4526 Dominum
841 4487 996 4527 suum
1023 4473 1251 4542 obtueri,
1299 4457 1729 4532 Sacerdotessal
1767 4487 1891 4532 sunt

303 4559 494 4613 snundi
523 4578 539 4613 :
567 4569 801 4616 nostram
849 4579 980 4620 vero
1017 4564 1409 4634 insipientiam,
1453 4576 1508 4622 et
1547 4567 1599 4621 in
1644 4569 1892 4624 omnibus

305 4649 649 4716 imperitiam,
681 4652 799 4720 quis
827 4652 980 4708 facile
1007 4655 1204 4719 tulerit,
1241 4655 1344 4710 nisi
1372 4671 1466 4711 vos
1492 4658 1583 4727 qui
1623 4635 1720 4712 nos
1751 4659 1890 4712 ultra

304 4737 524 4793 modum
545 4755 725 4795 amare
750 4744 1135 4799 consuevistis?
1157 4744 1338 4815 Neque
1357 4745 1498 4801 enim
1523 4763 1712 4817 purum
1733 4747 1889 4803 dum-

306 4835 455 4882 taxat
480 4844 598 4885 esse
623 4840 852 4900 oportet,
882 4843 1064 4904 utpote
1091 4835 1179 4906 qui
1212 4845 1356 4890 tanto
1387 4837 1682 4892 ministerio
1699 4839 1887 4909 digna-

307 4925 398 4972 tus
425 4918 511 4982 sit,
545 4919 639 4973 sed
681 4921 839 4974 etiam
880 4923 1190 4990 prudentem
1217 4933 1271 4978 et
1299 4940 1475 4979 rerum
1504 4929 1727 4996 peritum
1753 4928 1884 4981 mul-

307 5015 483 5060 tarum
513 5025 527 5060 :
556 5010 718 5063 multa
761 5026 973 5080 quoque
1025 5015 1301 5070 sa'cularia
1333 5007 1510 5072 nosse
1547 5016 1736 5083 debet,
1781 5032 1887 5073 non

302 5097 482 5152 ntinus
511 5113 668 5180 quam
704 5100 740 5154 ii
764 5101 855 5170 qui
887 5102 940 5156 in
970 5103 1148 5159 medio
1186 5119 1365 5161 rerum
1387 5116 1685 5169 versantur,
1717 5111 1892 5164 omni-

301 5186 732 5256 busque.tamen
773 5201 992 5248 exutum
1037 5194 1206 5264 magis
1260 5211 1418 5265 quam
1468 5199 1756 5265 monachi,
1797 5201 1888 5270 qui

301 5287 518 5333 montes
545 5292 891 5350 occuparunt.
939 5283 1071 5339 Nam
1114 5301 1236 5340 cum
1276 5303 1492 5344 necesse
1519 5291 1586 5344 sit
1611 5307 1733 5345 eum
1764 5307 1886 5347 cum

303 5368 438 5422 viris
463 5375 686 5437 versari,
713 5374 801 5442 qui
834 5383 890 5429 et
925 5392 1118 5433 uxores
1157 5380 1372 5445 habent,
1401 5393 1456 5436 et
1493 5383 1692 5437 liberos
1715 5385 1882 5450 alunt,

309 5467 368 5512 et
389 5473 572 5516 servos
602 5465 890 5532 possident,
923 5469 1013 5538 qui
1041 5469 1237 5525 divitiis
1265 5471 1653 5537 circumﬂuunt,
1679 5487 1765 5527 res
1786 5488 1885 5542 pu-

372 5620 392 5652 ⁶
426 5626 794 5688 Pro,__Totusquc
814 5623 1074 5676 aetatium
1093 5624 1318 5688 virtutum
1339 5627 1460 5679 ordo
1472 5625 1666 5688 cianus,
1689 5639 1748 5678 ac
1764 5626 1882 5679 uici»

709 5679 839 5748 iss,
858 5691 1072 5749 tatusth
1101 5685 1360 5740 celatim
1386 5689 1614 5742 virtutum
1631 5679 1806 5741 chorus
1825 5703 1885 5740 ac

1525 389 1616 448 DE
1647 376 2097 444 SACIBDOTIO.
2139 373 2264 433 LIB.
2311 376 2396 432 ΥΙ.

3469 381 3574 434 σεε

1999 491 2164 548 bllcas
2203 500 2383 559 agunt,
2407 498 2460 545 et
2487 492 2541 544 in
2570 489 2961 560 magistratibus
2985 499 3284 559 venantur,
3311 493 3574 548 multifor-

1998 600 2140 655 mem
2168 583 2316 637 illum
2341 597 2461 638 esse
2489 599 2583 652 par
2607 593 2688 637 est
2719 602 2734 639 :
2761 584 3130 639 multiformem
3153 584 3294 650 dico,
3317 599 3422 640 non
3443 585 3574 642 sub-

1996 673 2197 736 dolum,
2226 690 2332 728 non
2371 674 2718 737 adulatorem,
2757 691 2861 728 non
2891 675 3253 745 hypocritam;
3286 677 3381 732 sed
3413 677 3574 731 multa

1997 764 2241 818 libertate
2265 778 2328 820 ac
2354 764 2542 818 tiducia
2567 764 2803 834 plenum,
2830 766 2918 833 qui
2945 779 3064 819 sese
3091 765 3288 820 utiliter
3313 774 3576 835 attempe-

1998 853 2118 908 rare
2165 854 2331 920 sciat,
2379 869 2499 909 cum
2551 853 2603 908 id
2653 855 2984 924 negotiorum
3030 856 3262 908 conditio
3307 856 3567 924 postulat:

1998 955 2331 998 mansuetum
2357 945 2482 999 item
2506 955 2558 999 et
2582 956 2870 999 austerum.
2899 944 3014 1000 Non
3035 947 3176 1000 enim
3202 962 3312 1000 uno
3330 948 3402 1000 uti
3419 962 3577 1016 opor-

2001 1045 2078 1089 tet
2125 1036 2282 1089 modo
2323 1050 2449 1106 erga
2488 1036 2732 1092 subditos
2759 1018 2967 1102 omnes,
2998 1037 3425 1106 quandoquidem
3480 1054 3580 1094 nec

1999 1124 2220 1180 medicis
2246 1141 2348 1181 una
2373 1141 2497 1195 erga
2530 1135 2759 1194 aegrotos
2794 1140 2983 1182 omnes
3015 1128 3138 1197 lege
3158 1129 3174 1160 ¹
3208 1128 3281 1183 uti
3310 1129 3578 1194 convenit,

2001 1233 2173 1287 neque
2201 1218 2541 1287 gubernatori
2564 1233 2721 1272 unam
2750 1227 2956 1272 tantum
2978 1233 3098 1272 cum
3119 1218 3289 1274 ventis
3311 1219 3580 1289 pugnandi

1997 1316 2167 1360 artem
2196 1306 2392 1361 callere
2423 1325 2436 1360 :
2465 1301 2663 1362 etenim
2708 1309 2842 1362 hatic
2877 1323 3091 1377 quoque
3134 1323 3323 1362 navem
3351 1309 3580 1362 assidua

2001 1406 2342 1466 tempestates
2376 1399 2581 1474 jactant
2617 1400 2866 1469 undique.
2913 1400 3225 1468 llujusmodi
3249 1411 3424 1454 autem
3454 1415 3579 1468 pro-

1999 1489 2149 1544 cellae
2189 1505 2295 1544 non
2333 1491 2664 1546 extrinsecus
2701 1500 2903 1546 tantum
2940 1492 3273 1553 adoriuntur.
3301 1491 3396 1546 sed
3420 1493 3578 1546 etiam

2001 1580 2320 1636 intrinsecus
2345 1567 2650 1644 nasctmtur,
2687 1581 2958 1652 multaque
2989 1598 3123 1651 opus
3150 1591 3232 1638 est
3257 1592 3368 1636 tum
3385 1590 3582 1636 atteru-

2001 1672 2295 1740 peratione,
2321 1680 2432 1725 tum
2458 1670 2746 1740 diligentia.

2071 1759 2126 1813 5.
2158 1759 2485 1813 Sacerdotem
2512 1760 2580 1812 ad
2606 1758 2777 1813 omnia
2804 1771 2979 1829 aptum
3006 1777 3112 1815 esse
3138 1761 3333 1816 debere.
3360 1789 3433 1803 —
3455 1760 3580 1819 Haec

2001 1863 2160 1928 porro
2189 1851 2399 1913 omnia,
2427 1851 2634 1904 diversa
2680 1852 2833 1927 licet,
2871 1851 3030 1908 finem
3065 1854 3353 1923 respiciunt
3384 1869 3580 1921 unum,

2000 1931 2195 2010 nempe
2243 1942 2333 1996 Dei
2384 1941 2629 2012 gloriam,
2660 1951 2819 2012 atque
2864 1942 3117 1997 Ecclesia:
3153 1942 3579 1999 aediﬁcationem.

2001 2031 2246 2101 Magnum
2276 2041 2357 2086 est
2384 2031 2762 2088 monachorum
2795 2039 3088 2098 certamen,
3115 2047 3406 2103 eorumque
3434 2032 3585 2090 labor

2001 2120 2202 2173 multus
2220 2137 2236 2172 :
2253 2120 2348 2174 sed
2376 2120 2420 2174 si
2447 2121 2568 2190 quis
2595 2120 2759 2190 probe
2785 2120 3208 2176 administratum
3227 2122 3580 2178 sacerdotium

2001 2224 2122 2264 cum
2160 2211 2369 2266 illorum
2395 2212 2664 2290 laboribus
2691 2212 2951 2278 conferat,
2979 2221 3180 2268 tantum
3211 2215 3440 2284 reperiet
3474 2213 3586 2270 dis-

2001 2301 2202 2377 crimen
2221 2340 2237 2365 ,
2267 2311 2522 2372 quantum
2547 2311 2631 2358 est
2659 2303 2798 2358 inter
2817 2303 3035 2358 idiotam
3056 2312 3112 2359 et
3130 2318 3307 2374 regem
3333 2305 3584 2359 interval-

2000 2390 2133 2445 lum.
2184 2389 2299 2446 lllic
2331 2379 2473 2447 enim
2514 2391 2724 2448 etiamsi
2758 2393 2955 2449 multus
2985 2395 3122 2448 adsit
3150 2395 3318 2458 labor,
3345 2404 3399 2448 at
3431 2409 3581 2449 como

2002 2482 2179 2537 munis
2216 2482 2410 2538 anima:
2450 2485 2797 2555 corporisque
2836 2486 3196 2552 concertatio;
3252 2487 3361 2542 imo
3405 2487 3582 2556 potius

2002 2587 2068 2627 ex
2096 2573 2337 2642 corporis
2369 2575 2748 2629 exercitatione
2773 2591 2962 2646 magna
2989 2575 3185 2632 laboris
3214 2591 3336 2647 pars
3367 2579 3581 2647 perfici-

2003 2674 2119 2730 tur;
2167 2678 2231 2718 ac
2271 2664 2320 2720 si
2361 2664 2488 2720 illud
2528 2665 2805 2720 robustum
2835 2681 2941 2721 non
2971 2667 3164 2733 fuerit,
3189 2668 3300 2722 sola
3330 2678 3386 2722 et
3411 2669 3586 2724 otiosa

2001 2748 2184 2814 manet
2205 2757 2451 2812 alacritas
2476 2757 2661 2822 animi,
2682 2773 2803 2813 cum
2825 2773 2928 2812 non
2959 2759 3124 2828 possit
3152 2760 3204 2813 in
3234 2774 3371 2828 Opus
3398 2761 3582 2825 exire;

1999 2847 2260 2916 siquidem
2287 2846 2558 2902 assiduum
2580 2848 2842 2917 jejunium
2864 2851 2906 2916 ',
2931 2848 3076 2902 humi
3099 2849 3331 2916 cubatie,
3366 2849 3582 2918 vigilia,

1999 2939 2175 2995 balnei
2216 2939 2464 3010 privatio,
2507 2940 2672 2993 sudor
2716 2939 2924 3009 ingens,
2963 2940 3476 3009 cmteraquetomnia
3514 2941 3585 2994 ad

1998 3043 2194 3099 corpus
2210 3029 2583 3087 macerandum
2603 3030 2810 3095 idonea,
2827 3032 3004 3086 statim
3021 3031 3087 3086 de
3108 3028 3284 3086 medio
3303 3032 3580 3099 tolluntur,

1998 3137 2119 3176 cum
2146 3121 2198 3176 id
2223 3121 2365 3192 quod
2389 3123 2750 3193 castigandum
2771 3131 2888 3178 erat
2904 3123 3096 3179 robore
3113 3133 3291 3179 careat
3313 3143 3326 3179 :
3348 3123 3436 3180 hic
3453 3141 3582 3181 vero

1998 3213 2110 3268 sola
2149 3227 2387 3283 puraque
2433 3227 2522 3268 ars
2562 3213 2726 3268 animi
2773 3213 3086 3282 requiritur,
3134 3229 3305 3284 neque
3340 3217 3581 3283 corporis

1999 3302 2309 3367 habitudine
2335 3310 2419 3357 est
2439 3318 2595 3372 opus,
2619 3313 2676 3357 ut
2695 3303 2857 3358 animi
2882 3305 3048 3359 virtus
3075 3305 3406 3359 exhibeatur.
3430 3306 3577 3373 Quid

1999 3397 2142 3450 enim
2171 3395 2325 3451 nobis
2352 3395 2560 3450 confert
2587 3395 2827 3464 corporis
2866 3394 3027 3450 robur
3045 3435 3062 3459 ,
3091 3404 3149 3450 ut
3177 3411 3246 3451 ne
3269 3405 3581 3466 arrogantes

1997 3485 2185 3550 simus,
2223 3500 2397 3555 neque
2438 3484 2698 3552 iracundi,
2730 3499 2903 3554 neque
2943 3485 3276 3554 petulantes;
3318 3486 3412 3540 sed
3450 3486 3580 3556 vigi-

2000 3577 2204 3642 lantes,
2254 3585 2655 3646 temperantes,
2705 3577 2916 3642 ornati,
2965 3578 3278 3647 ueterisque
3329 3578 3577 3635 omnibus

2001 3667 2208 3738 praediti
2237 3668 2430 3738 quibus
2457 3667 2647 3723 beatus
2676 3667 2871 3722 Paulus
2897 3669 3082 3737 optimi
3111 3668 3404 3730 sacerdotis
3440 3671 3580 3725 ima-

1995 3762 2172 3830 ginem
2198 3761 2350 3815 uobis
2369 3759 2608 3830 depinxit
2636 3760 2714 3830 (ι.
2736 3758 2870 3814 Tim.
2896 3760 2950 3814 3.
2977 3759 3058 3830 2).
3087 3759 3280 3814 Verum
3300 3760 3349 3814 id
3372 3760 3440 3814 de
3465 3773 3574 3814 mo-

1999 3851 2155 3905 nachi
2182 3851 2378 3906 vinulo
2399 3849 2506 3906 dici
2535 3851 2719 3920 nequit
2744 3867 2758 3904 :
2789 3850 2884 3906 sed
2907 3850 3349 3920 quemadmodum
3379 3851 3462 3914 iis,
3485 3853 3576 3920 qui

1997 3958 2084 3998 res
2111 3941 2398 4012 stupendas
2425 3940 2700 4003 exhibent.
2729 3932 3094 3996 instrumentis
3118 3941 3296 3994 multis
3317 3951 3394 3995 est
3419 3955 3574 4010 opus,

1995 4036 2231 4106 itemque
2269 4034 2422 4100 rotis,
2456 4033 2704 4088 funiculis
2740 4042 2794 4088 et
2831 4033 3040 4104 gladiis,
3075 4031 3418 4102 philosophus
3449 4046 3580 4088 vero

1996 4135 2160 4183 totam
2199 4127 2252 4180 in
2292 4133 2474 4180 mente
2497 4133 2665 4180 artem
2693 4123 3021 4180 reconditam
3052 4122 3211 4178 habet
3235 4124 3577 4193 externisque

1994 4217 2156 4273 rebus
2180 4231 2287 4270 non
2317 4215 2517 4284 indiget
2545 4232 2561 4267 :
2591 4215 2662 4268 ita
2685 4223 2740 4270 et
2764 4214 2866 4269 hoc
2889 4214 3093 4269 loco"se
3119 4228 3206 4268 res
3234 4212 3414 4268 habet.
3442 4212 3574 4268 Nam

1992 4305 2286 4363 monachus
2309 4307 2521 4376 quidem
2546 4307 2788 4374 corporis
2824 4305 3186 4361 incolumitate
3209 4320 3344 4374 opus
3372 4305 3570 4372 habet,

1994 4399 2229 4467 itemque
2268 4397 2398 4451 locis
2433 4395 2500 4451 ad
2527 4397 2689 4450 vitam
2734 4394 2873 4451 hanc
2917 4394 3292 4450 instituendam
3338 4395 3567 4459 idoneis,

1990 4499 2051 4544 ut
2078 4502 2250 4557 neque
2276 4487 2432 4541 nimis
2450 4485 2518 4541 ab
2537 4485 2812 4541 hominum
2831 4484 3100 4539 consortio
3117 4493 3373 4551 remotus,
3395 4495 3578 4538 tamen

1991 4577 2293 4633 solitudinis
2335 4577 2569 4647 quietem
2616 4576 2974 4642 nanciscatur,
3002 4574 3322 4644 insuperque
3363 4583 3572 4645 tempe-

1993 4670 2123 4725 ratis
2147 4670 2274 4724 anni
2299 4669 2704 4738 tempestatibus
2728 4681 2836 4722 non
2861 4673 3039 4722 careat
3070 4683 3086 4722 :
3116 4664 3247 4720 nihil
3274 4666 3471 4736 quippe
3494 4667 3574 4720 sic

1993 4761 2324 4816 intolerabile
2365 4761 2440 4827 ei,
2480 4760 2570 4830 qui
2610 4758 2831 4829 jejuniis
2874 4766 3194 4823 maceratur,
3231 4773 3390 4828 quam
3430 4758 3573 4813 aeris

1993 4855 2356 4924 intemperies.

2063 4945 2118 4998 ϐ.
2167 4943 2341 5014 ΙΙσὶον
2383 4945 2542 4997 virtus
2585 4942 2641 4995 in
2699 4939 2934 5010 episcopo
2965 4977 2982 5005 ,
3030 4946 3182 5008 quam
3226 4938 3280 4991 in
3323 4939 3576 4991 monacho

1989 5033 2280 5106 requiritur.
2319 5062 2394 5073 —
2429 5032 2553 5088 Non
2585 5031 2776 5100 loquor
2818 5029 2908 5084 hic
2927 5028 2995 5084 de
3031 5029 3257 5083 vestium
3307 5037 3363 5082 et
3399 5028 3586 5083 victus

1989 5133 2245 5194 apparatu
2267 5166 2286 5192 ,
2328 5140 2488 5195 quem
2516 5133 2576 5179 ut
2599 5122 2702 5178 sibi
2743 5118 2990 5176 monachi
3015 5119 3349 5190 suppeditent
3375 5161 3388 5183 ,
3417 5134 3570 5188 mag-

1990 5228 2192 5284 nopere
2235 5214 2515 5280 laborant,
2551 5213 2662 5268 suis
2687 5211 2786 5281 ipsi
2833 5211 3078 5269 manibus
3104 5212 3282 5264 omnia
3327 5209 3571 5265 conferre

1989 5304 2284 5360 studentes.
2331 5303 2596 5360 Sacerdos
2639 5309 2820 5357 autem
2862 5301 3060 5360 nullius
3104 5315 3289 5356 eorum
3316 5301 3368 5354 in
3415 5313 3578 5354 usttm

1989 5409 2145 5450 suum
2174 5411 2310 5465 opus
2336 5394 2589 5458 habebit,
2617 5399 2799 5462 utpote
2828 5393 2917 5464 qui
2945 5407 3051 5446 non
3078 5391 3402 5464 peculiarem
3434 5391 3534 5444 sibi
3551 5432 3568 5453 ,

1989 5488 2084 5543 sed
2110 5502 2450 5542 communem
2492 5485 2655 5540 vitam
2689 5485 2852 5540 ducat
2880 5486 2947 5557 in
2975 5485 3040 5539 iis
3065 5483 3244 5547 rebus,
3276 5497 3394 5553 quae
3422 5481 3568 5535 damn

1989 5595 2117 5634 num
2164 5593 2272 5634 non
2319 5577 2593 5633 afferant:
2641 5586 2911 5648 totamque
2959 5575 3232 5631 scientiam
3279 5574 3332 5627 in
3375 5573 3574 5627 anima

2053 5690 2439 5804 tatam
2449 5688 2729 5814 am
2753 5687 2960 5813 gas

2201 5787 2223 5813 ι
2643 5780 2667 5812 ς

2201 5787 2223 5813 ι
2239 5780 2437 5804 uacuum
2449 5780 2667 5813 Jvawuu,‘
