4198 6324
652 354 753 413 6.83

653 463 912 522 thesaurls
961 461 1284 521 reconditam
1344 463 1554 517 habeat.
1610 463 1759 531 Quod
1802 463 1846 517 si
1894 463 2011 533 quis
2054 463 2215 517 vitam

653 554 794 609 illam
836 552 1163 616 admiretur,
1193 568 1294 622 qua
1335 556 1455 623 quis
1498 554 1630 608 intra
1672 555 1905 624 seipsum
1952 568 2172 609 manens
2202 596 2218 619 ,

652 644 922 700 hominum
967 646 1292 698 eottsortium
1343 654 1653 710 aversatur,
1697 661 1797 715 ego
1834 646 2052 714 quoque
2096 644 2224 699 illud

652 736 926 804 sapientia:
949 736 1220 804 specimen
1248 751 1366 789 esse
1391 735 1598 800 fatear;
1627 751 1728 788 non
1775 745 1948 788 tamen
1977 735 2222 788 idoneum

656 833 1022 894 argumentum
1046 825 1257 879 virtutis
1282 825 1460 877 animi.
1503 824 1629 877 Nam
1656 825 1742 893 qui
1769 825 1820 877 in
1850 833 2000 892 portu
2031 825 2095 875 ad
2124 839 2223 892 gu-

654 914 936 970 bernacula
970 913 1154 979 sedet,
1196 913 1426 967 nondum
1457 914 1700 966 idoneum
1728 912 1858 965 artis
1884 896 1993 965 sua:
2016 911 2222 979 pericu-

655 1003 765 1057 lum
802 1002 924 1057 fecit
953 1022 969 1057 :
996 1019 1116 1057 eum
1155 1018 1279 1056 vero
1317 1004 1406 1072 qui
1449 1003 1498 1055 in
1537 1003 1711 1073 medio
1739 1002 1942 1070 pelago,
1978 1001 2227 1054 smviente

656 1096 992 1162 tempestate,
1019 1107 1212 1147 navem
1236 1093 1442 1161 eripere
1467 1093 1653 1161 potuit,
1684 1108 1840 1146 nemo
1868 1100 1950 1146 est
1982 1093 2105 1162 quin
2133 1105 2227 1160 gu-

658 1182 992 1245 bernatorem
1019 1184 1276 1253 Optimum
1304 1183 1465 1237 dicat.

729 1296 785 1351 τ.
827 1295 1000 1365 Longe
1031 1296 1345 1349 diversaeita
1371 1296 1590 1365 episcopi
1617 1312 1646 1346 a
1670 1297 2069 1365 monastica.‘—
2095 1293 2229 1347 Pro-

660 1389 783 1445 inde
809 1404 908 1443 nee
934 1389 1221 1443 monachus
1259 1386 1541 1441 admodum
1579 1387 1894 1450 laudandus,
1919 1385 2058 1454 quod
2086 1384 2225 1453 apud

656 1496 720 1535 se
754 1480 939 1535 vivens
976 1496 1147 1550 neque
1184 1480 1439 1544 turbetur,
1473 1496 1641 1549 neque
1668 1482 1716 1533 in
1746 1480 1908 1532 multa
1935 1492 2231 1547 magnaque

660 1578 875 1639 peccata
916 1570 1151 1633 labatur;
1202 1586 1372 1639 neque
1411 1570 1554 1624 enim
1598 1569 1791 1623 adsunt
1831 1584 1950 1639 qua:
1998 1568 2231 1622 animum

662 1658 927 1713 lacessant
954 1669 1006 1713 et
1033 1658 1267 1712 ίηρὶιιιιιί.
1298 1658 1401 1713 Sed
1423 1660 1466 1712 si
1488 1658 1604 1727 quis
1629 1658 1819 1711 sesein
1848 1658 2028 1713 turbas
2051 1657 2231 1726 conje-

661 1750 816 1817 cerit,
844 1760 899 1805 et
943 1751 1225 1804 multorum
1272 1749 1408 1803 ferre
1450 1758 1660 1817 peccata
1699 1760 1946 1813 coactus,
1988 1749 2236 1804 immo‘us

660 1840 949 1909 ﬁrmusque
996 1841 1277 1900 manserit,
1324 1840 1376 1894 in
1424 1849 1735 1908 tempestate
1774 1839 1925 1909 quasi
1958 1836 2237 1907 tranquillo

663 1936 903 1997 tempore
943 1930 1179 1983 animum
1220 1928 1517 1998 gubernans
1545 1943 1716 1993 suum,
1750 1928 1834 1982 hic
1874 1928 2011 1997 apud
2053 1941 2239 1980 omnes

662 2020 851 2089 plausu
890 2028 952 2073 et
981 2018 1324 2073 admiratione
1363 2016 1585 2084 dignus:
1618 2016 1863 2073 idoneum
1903 2017 2096 2086 quippe
2125 2014 2235 2070 vir-

666 2110 795 2163 tutis
823 2123 932 2163 sua:
960 2112 1376 2176 experimentum
1415 2106 1581 2159 dedit.
1622 2105 1701 2161 Ne
1728 2106 1902 2175 itaque
1930 2106 2159 2169 mireris,
2192 2105 2237 2157 si

670 2198 843 2253 forum
884 2198 1274 2265 multorumque
1298 2197 1621 2251 consortium
1651 2194 1929 2264 fugientes,
1960 2202 2238 2247 accusato-

668 2304 756 2343 res
786 2290 978 2344 multos
1008 2304 1115 2343 non
1139 2288 1426 2342 habeamus
1455 2304 1468 2338 :
1498 2300 1669 2355 neque
1707 2283 1846 2339 enim
1890 2283 1932 2337 si
1972 2282 2240 2337 dormiens

670 2394 776 2432 non
815 2393 1106 2446 peccarem,
1146 2388 1236 2432 aut
1273 2392 1376 2431 non
1408 2376 1697 2431 colluctans
1722 2391 1823 2429 non
1855 2374 2120 2438 caderem,
2152 2383 2243 2426 aut

672 2485 775 2523 tum
802 2484 1035 2538 pugnans
1063 2483 1165 2521 non
1195 2468 1398 2528 ferirer.
1421 2466 1537 2523 ideo
1568 2466 1751 2518 mirari
1771 2472 2059 2533 oporteret.
2090 2462 2239 2529 Quis,

671 2574 881 2625 qumso,
926 2559 1045 2627 quis
1087 2558 1472 2627 improbitatem
1520 2571 1691 2610 meam
1731 2555 1967 2609 revelare
2011 2553 2243 2623 poterit?

670 2665 739 2704 an
781 2659 993 2710 tectum,
1032 2665 1097 2702 an
1139 2649 1317 2702 mdes?
1355 2648 1421 2700 At
1456 2662 1524 2701 ne
1550 2659 1731 2699 vocem
1758 2644 1968 2713 quidem
2000 2645 2245 2698 emittere

675 2742 897 2811 possint.
940 2742 1022 2794 Att
1063 2751 1231 2794 water
1261 2739 1462 2809 potius,
1502 2738 1583 2791 cui
1619 2751 1707 2790 res
1733 2750 1919 2790 omnes
1944 2750 2077 2789 mea?
2107 2745 2246 2788 nota:

673 2833 830 2887 sunt?
872 2834 939 2886 At
973 2847 1038 2885 ne
1066 2843 1184 2884 eum
1224 2832 1308 2884 illa
1347 2829 1558 2899 quidem
1603 2827 1731 2881 mihi
1771 2825 2096 2881 consortium
2142 2834 2242 2891 est,

677 2937 848 2989 neque
878 2922 1013 2974 inter
1045 2936 1139 2973 nos
1166 2921 1268 2973 ulla
1300 2934 1547 2989 umquam
1579 2917 1691 2970 rixa
1716 2916 1931 2970 suborta
1957 2924 2038 2969 est
2066 2934 2078 2970 :
2104 2914 2245 2985 quod
2304 2966 2311 2973 .

674 3013 880 3067 etiamsi
906 3012 1215 3077 accidisset,
1248 3011 1385 3064 nulla
1425 3017 1591 3063 mater
1620 3008 1696 3061 sic
1725 3008 1922 3060 amoris
1948 3016 2000 3061 et
2029 3005 2247 3061 affectus

675 3120 796 3172 erga
827 3104 1024 3172 prolem
1052 3117 1247 3170 expers
1278 3101 1451 3165 fuerit,
1486 3110 1544 3153 ut
1570 3113 1724 3175 quem
1764 3097 2058 3167 parturivit,
2091 3110 2250 3165 pepe-

676 3202 761 3259 rit,
787 3194 1048 3252 educavit.
1074 3194 1210 3246 nulla
1242 3192 1540 3262 impellente
1560 3204 1714 3265 causa
1740 3189 1984 3257 nulloque
2004 3196 2246 3257 cogente,

676 3293 888 3339 accuset
933 3294 1087 3353 atque
1130 3282 1437 3338 criminetur
1480 3281 1615 3350 apud
1652 3294 1858 3337 omnes.
1904 3278 2033 3331 Nam
2064 3279 2105 3331 si
2132 3276 2249 3346 quis

676 3375 906 3441 alioquin
947 3374 1081 3428 hanc
1118 3373 1347 3427 animam
1385 3382 1617 3424 nostram
1651 3370 1931 3438 diligenter
1972 3368 2251 3437 explorare

681 3464 925 3526 voluerit,
956 3462 1092 3515 mala
1129 3461 1290 3514 multa
1335 3461 1581 3528 reperiet,
1613 3459 1829 3527 ipseque
1870 3473 1971 3511 non
2015 3457 2247 3525 ignoras,

680 3553 770 3621 qui
809 3554 1036 3607 maxime
1077 3551 1313 3606 omnium
1359 3565 1454 3604 nos
1498 3548 1737 3603 laudibus
1782 3550 1921 3616 apud
1978 3548 2252 3600 universos

680 3645 869 3699 ell'erre
908 3646 1065 3698 soles.
1110 3642 1260 3708 Quod
1302 3651 1475 3695 autem
1520 3656 1622 3694 non
1665 3640 1936 3693 medeatize
1972 3653 2129 3691 causa
2177 3638 2253 3689 sic

681 3736 885 3803 loquar,
934 3733 1211 3787 recordare
1256 3732 1461 3801 quoties
1504 3732 1596 3783 tibi
1636 3730 1879 3791 dixerim,
1912 3743 2054 3793 cum
2111 3726 2251 3780 idem

681 3839 857 3878 sermo
883 3839 1023 3890 saepe
1054 3824 1187 3877 inter
1216 3837 1310 3874 nos
1340 3804 1612 3885 incideret:
1641 3820 1681 3872 si
1707 3819 1848 3887 optio
1867 3818 1991 3870 mihi
2014 3817 2249 3881 daretur,

683 3917 894 3976 ubinam
918 3916 1081 3983 magis
1103 3913 1466 3982 Splendescere
1480 3911 1686 3975 vellem,
1708 3911 1757 3962 in
1784 3909 2101 3963 Ecclesiaene
2118 3924 2254 3977 prte-

684 4008 907 4066 fcctura,
933 4022 996 4057 an
1024 4005 1073 4058 in
1108 4004 1393 4057 monastica
1420 4003 1546 4065 vita,
1579 4016 1663 4055 me
1690 4002 1835 4068 prius
1862 3999 1984 4052 illud
2013 4000 2131 4050 vita:
2161 4014 2255 4067 ge—

686 4111 785 4149 nus
814 4096 955 4149 mille
979 4092 1635 4160 calculisantepositurum
1664 4108 1675 4141 :
1706 4105 1878 4158 neque
1913 4088 2053 4142 enim
2097 4087 2253 4140 ﬁnem

685 4186 935 4240 faciebam
984 4198 1230 4252 umquam
1274 4196 1365 4235 eos
1412 4180 1549 4247 apud
1592 4188 1643 4233 te
1680 4177 2021 4247 suspiciendi,
2052 4178 2141 4245 qui
2170 4175 2257 4228 illo

687 4276 979 4337 ministerio
1026 4275 1186 4343 probe
1235 4273 1377 4341 fungi
1425 4280 1657 4341 possent.
1700 4270 1871 4337 Quod
1915 4277 2089 4322 autem
2131 4268 2257 4321 illud

683 4366 823 4435 quod
852 4366 977 4419 tanti
1002 4365 1251 4419 faciebam
1276 4379 1378 4416 non
1401 4363 1756 4416 declinaturus
1779 4359 2015 4423 fuissem,
2035 4358 2075 4410 si
2100 4358 2259 4411 modo

688 4459 789 4512 rite
815 4454 1232 4509 administrando
1263 4469 1356 4520 par
1382 4454 1621 4517 fuissem,
1650 4466 1806 4506 nemo
1835 4450 2124 4519 negaverit.
2159 4450 2260 4502 Ve-

687 4564 803 4607 rum
825 4548 948 4617 quid
979 4546 1197 4601 faciam?
1240 4544 1377 4598 Nihil
1405 4544 1546 4598 enim
1575 4544 1747 4596 minus
1771 4552 1951 4612 aptum
1980 4540 2043 4593 ad
2071 4540 2257 4593 Eccle-

686 4640 779 4692 si:e
809 4638 1195 4707 [tradet-turam,
1218 4651 1373 4703 quam
1405 4635 1642 4689 socordia
1671 4644 1723 4687 et
1750 4633 1968 4694 incuria,
1995 4646 2149 4700 quam
2172 4631 2257 4683 alii

688 4734 1117 4788 exercitationem
1159 4732 1439 4800 quamdam
1470 4728 1831 4782 admirabilem
1873 4739 1991 4779 esse
2030 4731 2256 4792 putant:

688 4840 787 4894 ego
813 4840 936 4877 vero
968 4824 1106 4876 illam
1130 4838 1225 4876 ceu
1254 4822 1491 4874 velamen
1524 4818 1743 4889 ignaviae
1774 4831 1906 4869 mere
1936 4815 2125 4877 habeo,
2157 4827 2259 4881 qua

689 4915 987 4968 defectuum
1020 4926 1259 4966 meorum
1302 4920 1499 4978 partem
1540 4907 1824 4961 maximam
1849 4906 2059 4973 obtego,
2092 4917 2262 4971 neque

690 5020 809 5059 sese
849 5003 1069 5072 prodere
1111 5002 1296 5071 patior.
1340 4999 1469 5053 Nam
1496 4998 1581 5067 qui
1610 5006 1756 5049 tanto
1779 5005 1862 5049 est
1888 4995 1996 5046 otio
2026 5003 2078 5046 et
2104 5001 2263 5045 tanta:

688 5097 849 5163 quieti
888 5091 1523 5166 assuetus,.quantumvis
1560 5103 1747 5156 magna
1782 5087 1851 5141 sit
1892 5084 2142 5154 praeditus
2178 5083 2260 5137 in-

688 5185 835 5250 dole,
866 5184 1063 5253 peritia:
1088 5181 1295 5237 defectu
1323 5181 1496 5233 statim
1521 5178 1858 5247 perturbatur
1877 5184 1930 5229 et
1950 5175 2178 5243 angitur,
2202 5187 2265 5226 ac

694 5291 796 5329 non
826 5275 1096 5327 minimam
1118 5274 1325 5325 virtutis
1345 5271 1457 5339 ejus
1482 5278 1682 5338 partem
1706 5274 1905 5320 resecat
1934 5264 2268 5318 exercitatio-

692 5367 774 5419 nis
819 5364 1013 5433 iuopia.
1059 5362 1187 5417 Cum
1228 5367 1401 5415 autem
1442 5359 1598 5413 simul
1627 5368 1679 5412 et
1708 5356 1953 5410 tardioris
1986 5353 2181 5423 ingenii
2212 5362 2265 5407 et

692 5456 973 5510 verborum
1021 5453 1475 5519 certaminmnqne
1518 5447 1816 5518 ItttjUsmodi
1858 5462 2049 5515 expers
2085 5446 2260 5509 fuerit,

691 5565 809 5618 quae
834 5562 961 5601 sane
986 5556 1161 5599 nostra
1188 5543 1420 5597 conditio
1445 5551 1523 5596 est
1545 5583 1560 5606 ,
1595 5555 1623 5593 a
1665 5540 1924 5608 lapidibus
1954 5538 2080 5591 nihil
2111 5536 2265 5590 diffe-

696 5650 799 5702 ret,
821 5640 863 5693 si
898 5639 1031 5701 hanc
1057 5636 1305 5705 suscipiat
1329 5632 1860 5688 administrationem.
1902 5628 2261 5697 Quamobrem

695 5731 842 5801 pauci
869 5728 1150 5786 admodum
1177 5734 1317 5793 sunt,
1348 5725 1437 5796 qui
1462 5740 1525 5781 ex
1554 5722 1797 5794 paLestra
1822 5720 1910 5777 illa
1936 5720 1989 5776 in
2018 5720 2131 5776 hmc
2148 5734 2262 5775 eer-

1350 352 1407 408 S.
1436 350 1713 409 JOANNIS
1751 349 2226 407 CliRYSOSTOMl
2265 348 2581 405 ARCﬂlEP.
2623 344 3159 403 CONSTANTINOP.

3796 341 3910 397 685

2331 462 2524 517 lamina
2544 459 2869 514 descendant
2896 476 2909 511 :
2938 474 3003 513 ex
3032 456 3093 511 iis
3114 470 3240 511 vero
3262 453 3559 523 complures
3580 466 3697 508 sese
3718 455 3909 524 quales

2326 554 2431 608 sint
2460 552 2705 621 produnt,
2734 551 2913 603 animo
2933 548 3240 610 concidunt,
3272 562 3465 616 resque
3497 556 3552 601 et
3589 548 3824 617 ingratas
3848 554 3910 601 et

2326 644 2543 699 acerbas
2567 642 2704 696 ferre
2730 649 3008 710 coguntur.
3057 639 3242 707 Neque
3282 638 3331 691 id
3376 639 3564 692 mirunt
3597 637 3912 691 iusolensve

2328 747 2428 790 est.
2456 734 2585 789 Cum
2606 734 2747 787 enim
2775 733 3063 786 certamina
3091 730 3601 797 exercitationesque
3629 744 3732 787 non
3759 728 3911 795 circa

2328 842 2415 892 res
2440 826 2623 879 solitas
2655 832 2933 877 versantur
2956 863 2970 886 ,
3006 829 3113 875 tum
3148 822 3191 873 is
3216 819 3304 889 qui
3330 820 3570 873 decertat
3597 818 3664 871 ab
3690 816 3911 873 inexer-

2328 915 2501 969 citatis
2552 914 2676 967 nihil
2719 913 2914 967 differt.
2977 911 3208 966 Gloriam
3263 911 3315 965 in
3368 909 3550 978 primis
3600 917 3915 963 contemnat

2329 1013 2537 1073 eportet
2573 1006 2635 1067 is,
2664 1005 2748 1072 qui
2781 1004 2830 1056 in
2858 1002 2955 1056 hoc
2982 1002 3209 1055 stadium
3239 1001 3533 1065 descendit,
3560 1002 3633 1054 ira
3663 999 3914 1069 superior

2331 1099 2418 1161 sit,
2443 1095 2714 1164 prudentia
2743 1094 2927 1164 plenus
2950 1095 3111 1147 multa
3136 1109 3149 1155 ;
3180 1093 3302 1146 huic
3328 1101 3501 1144 autem
3532 1092 3618 1165 qui
3651 1089 3915 1142 monasti—

2332 1201 2448 1241 cam
2490 1186 2826 1255 amplectitur
2860 1185 3044 1247 vitam,
3079 1186 3219 1237 nulla
3260 1182 3656 1236 exercitationis
3698 1180 3917 1235 occasio

2334 1276 2647 1344 proponitur
2676 1294 2687 1327 :
2716 1290 2887 1344 neque
2916 1275 3057 1328 cutim
3092 1273 3286 1327 adstmt
3327 1271 3515 1334 multi,
3543 1272 3632 1342 qui
3670 1270 3818 1327 illum
3843 1268 3918 1321 ad

2334 1366 2465 1419 iram
2503 1365 2798 1426 concitent,
2829 1374 2883 1417 ut
2919 1364 3011 1417 irae
3036 1364 3138 1415 vim
3178 1377 3425 1417 coercere
3453 1360 3663 1417 studeat
3699 1377 3713 1414 :
3741 1371 3920 1426 neque

2334 1455 2423 1526 qui
2465 1454 2610 1507 illum
2637 1453 2912 1517 mirentur,
2951 1452 3155 1520 ipsique
3199 1452 3468 1519 plaudunt,
3501 1458 3560 1502 ut
3602 1448 3916 1519 popularem

2336 1558 2516 1596 auram
2565 1544 2829 1611 respicere
2871 1544 3085 1597 discat:
3122 1542 3413 1610 prudentiae
3448 1548 3648 1604 autem,
3695 1554 3812 1608 qua:
3859 1539 3918 1590 in

2340 1631 2575 1687 Ecclesia
2617 1633 3031 1686 administranda
3071 1632 3359 1699 requiritur
3379 1672 3395 1695 ,
3425 1646 3529 1684 non
3560 1645 3745 1698 magna
3774 1627 3920 1696 apud

2339 1722 2457 1775 illos
2487 1738 2612 1777 cura
2639 1722 2879 1777 habetur.
2935 1722 3063 1776 Cum
3093 1723 3253 1791 igitur
3277 1722 3341 1775 ad
3367 1720 3659 1777 certamina
3688 1720 3922 1772 descen-

2338 1812 2551 1879 derint,
2601 1827 2824 1881 quorum
2869 1813 3067 1865 nullum
3110 1822 3267 1866 antea
3320 1811 3606 1879 periculum
3651 1809 3919 1873 fecerunt,

2342 1901 2564 1975 luerent,
2586 1901 2843 1969 vertigine
2864 1909 2917 1955 et
2939 1900 3146 1956 consilii
3177 1900 3350 1968 inopia
3379 1899 3621 1954 laborant
3645 1916 3657 1953 :
3682 1913 3919 1966 seprae-

2342 1999 2578 2059 terquam
2599 1991 2738 2059 quod
2760 1989 2825 2042 ad
2846 1989 3094 2043 virtutem
3117 1989 3316 2043 nullum
3339 2002 3677 2058 progressum
3697 1986 3920 2049 faciunt,

2342 2082 2501 2135 etiam
2531 2094 2737 2145 eorum,
2768 2095 2889 2150 quae
2920 2080 3066 2151 prius
3095 2079 3380 2147 habebant,
3409 2079 3721 2148 plerumque
3740 2078 3924 2147 jactu-

2342 2187 2455 2228 ram
2484 2172 2696 2225 faciunt.

2413 2263 2466 2318 8.
2504 2262 2728 2317 Facilior
2750 2263 2850 2317 vita
2884 2264 3115 2317 monachi
3161 2278 3310 2331 quam
3339 2261 3630 2316 sacerdotis.
3677 2289 3746 2299 —
3782 2258 3924 2311 Tum

2346 2353 2649 2409 BASILIUS
2679 2372 2691 2407 :
2721 2355 2855 2423 Quid
2881 2355 3081 2423 igitur?
3111 2370 3177 2407 an
3201 2370 3314 2420 eos,
3347 2354 3433 2422 qui
3463 2353 3513 2406 in
3541 2350 3717 2405 medio
3740 2366 3927 2405 rerum

2346 2457 2636 2507 versantur,
2671 2447 2758 2515 qui
2789 2445 2854 2499 de
2884 2445 3227 2500 smcularibus
3252 2446 3472 2513 negetiis
3495 2458 3676 2498 curam
3705 2453 3928 2511 gerunt,

2348 2537 2443 2616 qui
2462 2537 2512 2589 in
2543 2537 2675 2589 rixis
2701 2544 2753 2589 et
2784 2535 3044 2589 conviciis
3074 2542 3283 2588 aetatem
3313 2533 3699 2597 contriverunt,
3727 2532 3813 2600 qui
3844 2531 3933 2589 in.

2346 2628 2486 2697 genti
2516 2627 2830 2682 dexteritate
2864 2626 3006 2695 pleni
3049 2635 3205 2692 sunt,
3236 2625 3325 2695 qui
3356 2624 3562 2678 deliciis
3599 2638 3886 2676 assuevere
3908 2662 3927 2686 ,

2351 2718 2597 2772 Ecclesia:
2651 2718 2889 2788 regimini
2942 2716 3327 2785 prmliciemns?
3357 2713 3730 2769 CHllYSOST.
3777 2712 3931 2766 Bona

2352 2810 2507 2863 verba
2535 2851 2549 2873 ,
2577 2824 2757 2878 qualso
2782 2851 2795 2875 ,
2825 2824 2858 2862 ο
2884 2809 2961 2861 vir
2994 2809 3166 2862 beate.
3196 2796 3262 2860 Hi
3289 2806 3484 2876 quippe
3514 2821 3581 2859 ne
3607 2807 3657 2857 in
3690 2812 3928 2857 mentem

2349 2900 2559 2969 quidem
2588 2900 2765 2952 venire
2790 2898 2985 2952 debent
3013 2938 3027 2962 ,
3073 2912 3194 2950 cum
3240 2895 3307 2949 de
3347 2896 3682 2949 sacerdotum
3711 2892 3928 2947 delectu

2349 2991 2551 3057 agitur;
2584 2988 2676 3042 sed
2703 2990 2746 3041 si
2771 2989 2887 3056 quis
2909 2988 2959 3041 in
2986 2987 3220 3044 omnium
3248 2985 3520 3039 consortio
3548 2994 3602 3038 et
3627 2984 3926 3038 contuber—

2352 3080 2440 3134 nio
2488 3078 2653 3147 possit
2697 3079 3000 3145 puritatem,
3026 3075 3459 3147 tranquillitatem
3492 3114 3507 3139 ,
3538 3073 3875 3130 sanctitatem
3906 3110 3925 3134 ,

2354 3171 2657 3240 patientiam
2684 3179 2736 3222 et
2757 3170 3114 3231 sobrietatem,
3146 3182 3351 3220 necnon
3381 3166 3482 3219 alia
3508 3181 3625 3233 qua:
3650 3163 3933 3218 monachis

2355 3266 2533 3319 insunt
2560 3264 2717 3323 bona,
2750 3264 3062 3317 intemerata
3095 3270 3149 3314 et
3178 3260 3493 3319 inconcussa
3532 3257 3698 3328 magis
3721 3297 3735 3321 ,
3767 3270 3934 3324 quam

2353 3356 2596 3412 monachi
2637 3355 2733 3424 ipsi
2780 3369 3012 3408 scrvare.
3051 3349 3486 3421 Quandoquidem
3516 3350 3563 3403 is
3588 3389 3605 3414 ,
3649 3347 3739 3419 qui
3789 3345 3936 3400 vitiis

2354 3449 2531 3502 multis
2559 3446 2759 3500 laborat
2794 3486 2809 3511 ,
2844 3460 2961 3498 cum
2991 3449 3157 3511 possit
3182 3442 3267 3494 illa
3298 3442 3348 3494 in
3375 3437 3664 3497 Solitudine
3705 3445 3884 3505 tegere
3915 3476 3933 3498 ,

2353 3553 2645 3607 eurareqne
2676 3552 2741 3590 ne
2772 3537 2822 3589 in
2845 3549 2975 3603 opus
3004 3541 3303 3601 erumpant,
3322 3531 3364 3583 si
3395 3544 3513 3583 cum
3545 3529 3688 3583 nullo
3712 3542 3936 3581 consor-

2358 3631 2485 3683 tium
2516 3629 2737 3691 habeat;
2768 3628 2833 3689 is,
2858 3628 3091 3694 inquam,
3116 3625 3158 3676 si
3192 3624 3242 3676 in
3272 3623 3500 3676 medium
3529 3618 3765 3688 prodeat,
3799 3616 3936 3670 nihil

2355 3720 2493 3773 aliud
2527 3718 2830 3780 lucrabitur,
2861 3717 2958 3770 nisi
2990 3724 3047 3768 ut
3072 3712 3416 3768 deridendum
3440 3725 3499 3764 se
3529 3708 3788 3777 propinet,
3819 3721 3937 3759 ma-

2355 3811 2538 3879 gisque
2568 3807 2980 3877 periclitabitur;
3012 3804 3152 3873 quod
3190 3802 3341 3855 nobis
3371 3797 3759 3869 propemodum
3788 3796 3935 3850 acci-

2358 3902 2543 3964 disset,
2570 3901 2669 3953 nisi
2695 3899 2783 3952 Dei
2816 3896 3140 3965 providentia
3184 3895 3357 3963 ignem
3388 3906 3416 3944 a
3442 3890 3615 3959 capite
3643 3896 3827 3942 nostro
3854 3889 3940 3941 ci-

2360 3992 2460 4043 tius
2488 3990 2769 4059 abegisset.
2798 3987 2979 4055 Neque
3006 3985 3146 4043 enim
3172 3984 3262 4051 qui
3292 3983 3369 4035 sic
3395 3980 3615 4035 allectus
3652 3986 3736 4032 est
3764 3978 3936 4032 latere

2362 4091 2532 4150 potest
2560 4121 2575 4145 ,
2608 4079 2777 4148 palam
2800 4078 3115 4132 constitutus
3135 4116 3149 4139 ,
3198 4073 3292 4128 sed
3322 4075 3407 4147 qui
3441 4073 3510 4126 sit
3536 4071 3713 4124 statim
3744 4069 3939 4138 depre-

2362 4171 2630 4226 henditur.
2651 4170 2726 4223 Ac
2743 4166 3184 4238 quemadmodum
3213 4164 3506 4221 metallicas
3528 4160 3777 4215 materias
3800 4160 3939 4229 ignis

2361 4263 2567 4333 probat,
2598 4262 2675 4316 sic
2700 4260 2827 4315 cieri
2858 4258 3093 4327 probatio
3118 4256 3380 4315 humanos
3406 4254 3663 4309 discernit
3701 4253 3933 4306 animos.

2362 4357 2437 4409 Ac
2468 4354 2511 4407 si
2541 4353 2659 4421 quis
2689 4350 2992 4415 iracundus,
3018 4349 3064 4404 si
3092 4349 3335 4417 ignavus,
3359 4347 3402 4398 si
3429 4360 3581 4398 vanze
3616 4343 3801 4412 gloria:
3840 4356 3934 4397 euq

2362 4446 2536 4515 pldus,
2561 4445 2603 4497 si
2632 4458 2906 4512 arrogans,
2934 4442 3042 4494 sive
3065 4441 3170 4493 alio
3195 4438 3441 4508 quopiam
3472 4437 3660 4490 morbo
3682 4436 3751 4488 sit
3777 4432 3933 4492 afl‘ce-

2365 4545 2469 4599 tus,
2492 4533 2670 4586 omnia
2702 4534 2885 4600 retegit
2906 4571 2920 4594 ,
2956 4529 3189 4595 vitiaquc
3220 4542 3311 4580 sua
3340 4525 3578 4580 revelat:
3613 4538 3709 4577 nec
3735 4522 3939 4581 revelat

2363 4634 2588 4687 tantum,
2620 4623 2714 4677 sed
2733 4622 2969 4691 graviora
2992 4631 3044 4673 et
3064 4619 3356 4672 valentiora
3378 4614 3556 4667 efficit.
3584 4612 3790 4665 Etenim
3814 4624 3941 4663 cor-

2365 4718 2507 4786 poris
2532 4716 2751 4771 vulnera
2784 4754 2801 4779 ,
2828 4712 3003 4765 attrita
3032 4752 3046 4777 ,
3098 4719 3285 4764 curatu
3329 4707 3622 4761 dil'liciliora
3668 4703 3939 4757 evadunt:

2366 4810 2598 4879 itemque
2625 4807 2784 4860 animi
2812 4804 3000 4867 morbi,
3028 4804 3069 4857 si
3100 4802 3352 4870 perfrices
3378 4799 3679 4865 irritesque,
3713 4810 3941 4861 exaspe-

2367 4902 2471 4955 rari
2518 4889 2903 4953 consueverunt
2935 4936 2950 4959 ,
2985 4893 3194 4960 illisque
3220 4899 3493 4957 correptos
3528 4887 3675 4954 plura
3713 4897 3944 4953 peccare

2366 4998 2577 5060 cogunt.
2610 4988 2737 5041 Nam
2763 4985 2826 5041 ad
2853 4983 3035 5053 gloria:
3079 4980 3380 5048 cupidinem
3426 4975 3652 5028 etfcrnnt
3680 4988 3825 5037 cum,
3849 4972 3941 5043 qui

2368 5084 2467 5136 sibi
2495 5095 2596 5134 non
2622 5076 2861 5137 attendit,
2894 5088 3099 5128 necnon
3126 5070 3190 5123 ad
3221 5066 3649 5137 arrogantiam'et
3682 5062 3940 5132 pecunia-

2366 5187 2483 5227 rum
2500 5168 2860 5237 cupiditatem,
2893 5164 2943 5217 in
2977 5161 3197 5215 delicias
3230 5172 3442 5228 quoque
3483 5154 3795 5224 pertrahunt
3827 5193 3840 5214 ,
3891 5154 3944 5204 in

2368 5262 2658 5334 ignaviam,
2717 5260 2768 5313 in
2820 5254 3124 5325 segnitiem,
3159 5249 3515 5327 paulatimque
3544 5245 3608 5298 ad
3640 5244 3895 5306 ulteriora
3926 5282 3941 5306 ,

2367 5332 2486 5422 qua:
2514 5351 2580 5405 ab
2609 5350 2711 5403 illis
2738 5348 3041 5417 gignuntur,
3076 5341 3232 5395 mala.
3268 5338 3428 5394 Multa
3460 5336 3654 5405 quippe
3682 5335 3733 5386 in
3767 5332 3944 5386 medio

2369 5452 2512 5507 sunt,
2542 5456 2659 5510 qua:
2687 5438 2887 5507 possint
2916 5434 3104 5487 anima:
3130 5427 3450 5498 diligentiam
3475 5425 3704 5485 solvere,
3738 5422 3942 5489 ipsum-

2368 5547 2472 5601 que
2500 5530 2566 5584 ad
2595 5529 2757 5582 Deum
2782 5539 2993 5579 cursum
3024 5522 3213 5575 sistere
3250 5537 3263 5571 :
3293 5527 3451 5585 atque
3478 5516 3529 5567 in
3560 5511 3742 5581 primis
3777 5510 3944 5565 collo.

2367 5625 2488 5695 quia
2513 5637 2632 5677 cum
2651 5619 2976 5678 mulieribus.
3000 5614 3180 5684 Neque
3201 5609 3610 5683 potestantistes
3632 5647 3646 5670 ,
3665 5603 3751 5675 qui
3783 5602 3945 5657 totius

2370 5715 2544 5787 gregis
2578 5727 2757 5772 curam
2788 5708 3025 5781 suscipit,
3054 5707 3184 5763 viris
3213 5712 3415 5761 tantum
3444 5695 3693 5757 curandis
3721 5710 3941 5768 operam
