4158 6316
94 390 181 449 683

90 507 582 585 Maiae-3951115011:
622 512 928 586 θαυμάζοι,
966 515 1067 587 τῆς
1116 516 1416 587 καρτερίας
1450 518 1549 587 μὲν
1588 520 1750 574 τοῦτο

90 599 267 667 δεῖγμα
319 603 413 655 καὶ
436 604 598 667 αὐτὸς
626 598 764 657 εἶναι
814 603 978 673 φαίην
1013 603 1102 669 ἂν,
1146 603 1207 657 οὐ
1241 604 1351 676 μὴν
1393 605 1618 677 ἀπάσης
1646 608 1754 677 τῆς

89 686 327 759 ἀνδρείας
350 689 451 759 τῆς
476 691 535 742 ἐν
557 694 624 762 τῇ
649 693 791 762 ψυχῇ
834 693 1134 764 τεκμήριον
1167 692 1372 748 ἰκανόν.
1416 693 1475 747 '0
1511 694 1612 764 μέν
1640 694 1751 768 7&9

90 776 205 827 τίσω
231 775 466 846 λιμένων
498 779 591 831 ἐπὶ
615 780 723 831 τῶν
750 780 952 834 οἰάκων
988 779 1317 850 καθήμενος,
1345 779 1500 835 οῦπω
1534 783 1636 852 τῆς
1658 782 1752 836 τέ-

92 880 208 935 κνης
237 865 442 938 ᾲκριϐἦ
472 867 657 922 δίδωσι
691 868 921 938 βάσανον
940 884 956 898 ⁶
989 868 1082 923 τὸν
1108 870 1165 922 δὲ
1203 870 1261 923 ἐν
1297 869 1448 941 μέσῳ
1477 869 1557 940 τῷ
1587 872 1753 924 πελά-

90 966 165 1016 γει
200 954 295 1006 καὶ
317 952 398 1024 τῷ
435 955 666 1029 χειμῶνι
694 955 990 1025 δυνηθέντα
1015 956 1281 1011 διασῶσαι
1313 956 1376 1009 τὸ
1402 956 1634 1026 σκάφος,
1664 958 1753 1012 οὐ-

88 1038 182 1101 δεὶς
216 1040 367 1103 ὅστις
409 1042 511 1094 οὑκ
543 1042 611 1096 ἂν
648 1038 786 1098 εἶναι
824 1043 956 1115 φαίη
1009 1042 1349 1115 κυϐερνήτην
1392 1044 1635 1117 ἄριστον.

148 1125 209 1189 ζ’.
242 1126 317 1179 Ού
332 1126 513 1182 τοίνυν
532 1131 664 1200 ἡμῖν
678 1129 801 1183 οὐδὲ
814 1130 908 1185 τὸν
926 1130 1156 1201 μοναχὸν
1174 1129 1515 1200 θαυμαστέον
1535 1143 1560 1171 ι
1581 1130 1647 1185 ἀν
1665 1128 1750 1202 εἴη

88 1208 197 1267 λίαν
219 1214 315 1267 καί
336 1215 454 1286 μεθ’
478 1217 805 1289 ὑπερϐολῆς,
833 1218 915 1271 ὅτι
936 1219 1111 1289 μένων
1134 1219 1219 1286 ἐφ’
1237 1216 1433 1271 ἐαυτοῦ
1450 1208 1515 1272 οὐ
1545 1220 1751 1290 ταράτο

86 1316 243 1362 τεται,
273 1302 392 1356 οὑδέ
411 1304 771 1375 διαμαρτάνει
797 1304 970 1357 πολλὰ
994 1304 1327 1376 καὶ-μεγάλα
1356 1306 1748 1376 ἁμαρτήματαο

87 1386 197 1440 οὐδὲ
224 1387 335 1460 7&9
353 1388 470 1461 ἔχει
497 1391 567 1445 τὰ
597 1392 1005 1462 παρακνίζοντα
1032 1391 1127 1445 καὶ
1157 1391 1493 1463 διεγείροντα
1530 1390 1629 1461 τὴν
1652 1391 1752 1461 ψυ-

88 1474 198 1543 χήν.
249 1474 388 1527 Ἀλλ’
410 1475 464 1528 εί
487 1494 572 1539 τις
599 1477 862 1548 πλήθεσιν
899 1479 1042 1541 ὅλοις
1072 1479 1262 1532 ἐαυτὸν
1291 1476 1630 1543 ἐνδεδωκὼς,
1660 1479 1755 1532 καὶ

87 1560 177 1623 τὰς
206 1560 319 1615 τῶν
354 1562 565 1617 πολλῶν
597 1565 784 1635 φέρειν
813 1565 1087 1637 ἀμαρτίας
1120 1563 1515 1634 ἀναγκασθεὶς,
1541 1564 1755 1635 ἔμεινεν

87 1647 304 1719 ἀκλινὴς
326 1650 421 1703 καὶ
449 1652 706 1725 στερρὸς,
740 1652 932 1724 ῶσπερ
957 1654 1017 1707 ἐν
1044 1652 1256 1725 γαλήνῃ
1284 1650 1363 1722 τῷ
1396 1650 1629 1724 χειμῶνι
1654 1650 1755 1722 τὴν

85 1734 251 1807 ψυχήν
281 1734 860 1809 διακυϐερνῶν,.οῦτος
894 1740 1211 1813 κροτεῖσθαι
1244 1738 1342 1793 καὶ
1374 1736 1756 1809 θαυμάζεσθαι

86 1823 230 1893 παρά
265 1824 485 1878 πάντων
534 1826 600 1881 ἀν
632 1828 716 1898 εἴη
751 1827 994 1890 δίκαιοςο
1030 1826 1224 1897 ἰκανὴν
1252 1825 1361 1899 γὰρ
1406 1825 1507 1895 τῆς
1549 1825 1757 1888 οἰκείας

86 1909 328 1980 ἀνδρείας
366 1911 467 1982 τὴν
493 1912 819 1985 δοκιμασίαν
853 1912 1188 1980 ἐπεδείξατο.
1240 1914 1336 1985 Μὴ
1389 1913 1570 1968 τοίνυν
1622 1912 1756 1984 μηδὲ

88 1995 239 2060 αὐτὸς
266 1997 575 2071 θαυμάσῃς,
609 2002 658 2054 εἰ
682 2001 780 2072 τὴν
802 2002 832 2041 ιι
863 2000 1070 2073 ἀγορὰν
1102 2001 1398 2070 φεύγοντες
1431 2002 1594 2071 ἡμεῖς
1617 2040 1633 2065 ,
1663 2000 1759 2053 καὶ

86 2081 174 2146 τάς
202 2083 313 2137 τῶν
361 2085 573 2138 πολλῶν
620 2088 943 2154 συνουσίας,
989 2087 1092 2141 ούκ
1130 2086 1326 2159 ἔχομεν
1363 2088 1491 2151 τοὺς
1523 2102 1760 2156 κατηγοε

90 2169 311 2239 ροῦντας
345 2171 606 2238 πολλούς·
642 2174 763 2229 οὐδὲ
806 2175 917 2246 γὰρ
951 2176 1012 2242 ⁵εί
1055 2174 1338 2234 καθεύδων
1365 2174 1465 2245 οὐχ
1503 2172 1758 2245 ἡμάρτα-

86 2274 185 2321 νον,
218 2259 328 2313 οὐδ’
356 2261 405 2314 εἰ
439 2261 513 2332 μὴ
544 2262 788 2315 παλαίων
817 2263 917 2316 ούκ
961 2262 1215 2329 ἔπιπτον,
1254 2262 1363 2316 οὐδ’
1397 2263 1447 2315 εἰ
1477 2261 1553 2332 μὴ
1586 2260 1762 2330 μαχό-

89 2360 237 2414 μενος
262 2346 364 2400 οὐκ
397 2347 722 2421 ἐϐαλλόμην,
757 2349 1278 2422 θαυμάζειν-ἐχρῆν.
1312 2350 1410 2413 Τίς
1448 2348 1581 2420 γάρ,
1612 2348 1757 2411 εἰπὲ,

83 2431 160 2493 τίς
182 2432 470 2503 δυνήσεται
499 2439 779 2491 κατειπεῖν
810 2438 905 2491 καὶ
935 2436 1285 2507 ἀποκαλύψαι
1319 2437 1419 2508 τὴν
1451 2434 1761 2510 μοχθηρίαν

83 2518 173 2586 τὴν
202 2520 378 2591 έμήνς
410 2524 440 2574 ὁ
469 2521 667 2593 ῦροφος
696 2516 849 2587 οὗτος
876 2525 969 2578 καὶ
1002 2526 1031 2578 ό
1063 2524 1337 2589 οἰκίσκος;
1384 2523 1527 2577 Ἀλλ’
1564 2523 1665 2575 οὐκ
1696 2521 1762 2575 ἂν

84 2602 321 2660 δύναιντο
346 2608 508 2680 ῥῆξαι
537 2612 742 2681 φωνήν.
772 2610 914 2665 Ἀλλ’
940 2614 973 2683 ἡ
1006 2613 1247 2683 μήτηρὴ
1281 2610 1517 2683 μάλιστα
1543 2608 1764 2663 πάντων

84 2690 246 2743 εἰδυῖα
270 2693 344 2747 τά
368 2695 508 2765 ἐμά;
540 2696 793 2750 Μάλιστα
838 2698 938 2768 μὲν
965 2698 1088 2751 οὐδὲ
1133 2698 1270 2769 πρὸς
1309 2699 1480 2769 αὑτήν
1517 2696 1636 2749 ἐστί
1668 2696 1763 2767 μοί

83 2792 129 2828 τι
150 2778 345 2845 κοινὸν,
379 2781 499 2835 οὐδὲ
532 2784 613 2846 εἰς
650 2784 994 2861 ,φιλονεικίαν
1021 2784 1257 2855 ἡλθομεν
1300 2785 1546 2840 πώποτε.
1586 2784 1650 2839 Εἰ
1710 2782 1767 2835 δὲ

83 2865 352 2920 καὶτοῦτο
377 2864 447 2940 ἦν
476 2869 712 2941 συμϐάν,
743 2871 972 2943 οὐδεμία
998 2870 1174 2935 οὓτως
1202 2873 1321 2927 ἐστὶ
1356 2874 1542 2943 μήτηρ
1566 2871 1766 2941 ἀστορ-

83 2967 170 3018 7o;
199 2956 297 3008 καὶ
326 2957 676 3027 μισότεκνος,
706 2958 783 3022 ὡς
822 2958 1034 3025 τοῦτον,
1075 2959 1135 3013 ὃν
1172 2958 1327 3012 ὥδινε
1361 2959 1456 3013 καί
1484 2959 1640 3012 ἔτεκε
1672 2958 1768 3011 καὶ

83 3039 274 3112 ἔθρεψε
299 3054 324 3082 ο
351 3044 626 3116 μηδεμιᾶς
648 3044 1076 3117 ἀναγκαζούσης
1105 3047 1453 3118 προφάσεως,
1488 3046 1624 3118 μηδέ
1653 3045 1771 3115 βια·
1796 3096 1809 3105 .

85 3124 310 3198 ζομένου
353 3133 537 3197 τινὸς,
582 3132 832 3198 κακίζειν
883 3135 979 3188 καὶ
1016 3134 1329 3189 διαϐάλλειν
1371 3134 1526 3205 παρά
1577 3135 1765 3187 πᾶσιν.

94 3217 240 3272 Ἐπεὶ
263 3219 347 3272 ὅτι
373 3236 458 3289 γε,
486 3222 541 3274 et
563 3238 648 3285 τις
674 3222 772 3292 τὴν
799 3222 1077 3293 ἡμετέραν
1112 3220 1249 3295 πρὸς
1272 3221 1561 3292 ἀκρίϐειαν
1594 3220 1768 3276 ἐθέλοι

86 3303 395 3372 βασανίζειν
423 3308 627 3379 ψυχὴν,
658 3308 829 3362 πολλά
859 3309 1028 3380 αὐτῆς
1058 3310 1280 3381 εὑρήσει
1304 3308 1376 3363 τὰ
1414 3308 1610 3382 σαθρά,
1647 3310 1767 3364 οὐδὲ

85 3392 241 3458 αὐτὸς
271 3395 489 3464 ἀγνοεῖς
524 3397 554 3449 ὁ
604 3396 840 3467 μάλιστα
886 3397 1104 3449 πάντων
1134 3398 1283 3469 ἡμᾶς
1311 3400 1425 3460 τοῖς
1462 3397 1768 3468 ἐγκωμίοις

86 3482 329 3554 ἐπαίρειν
356 3483 512 3555 παρά
540 3484 707 3538 πᾶσιν
745 3483 974 3547 εἰωθώς.
1016 3483 1123 3537 Καὶ
1166 3485 1250 3538 ὅτι
1276 3500 1339 3553 γε
1365 3484 1426 3537 ού
1461 3486 1769 3557 μετριάζων

85 3567 251 3623 ταῦτα
292 3569 437 3639 λέγω
468 3570 588 3637 νῦν,
610 3570 924 3642 ἀνάμνησον
954 3571 1174 3633 σαυτὸν,
1214 3572 1405 3634 ὁσάκις
1437 3568 1592 3626 εἷπον
1634 3574 1771 3643 πρὸς

88 3657 163 3719 σὲ,
188 3656 353 3725 λόγου
376 3656 625 3711 τοιούτου
653 3657 950 3728 γενομένου
982 3658 1244 3723 πολλάκις
1272 3661 1406 3729 ἡμῖν
1428 3678 1443 3693 ο
1475 3662 1578 3724 ὅτι,
1610 3662 1664 3714 εί
1686 3679 1771 3726 τις

87 3745 291 3817 αἵρεσίν
322 3761 411 3815 μοι
438 3745 742 3817 προυτίθει,
767 3743 872 3798 ποῦ
899 3745 1101 3815 μᾶλλον
1123 3745 1415 3818 βουλοίμην
1435 3748 1767 3818 εὐδοκιμεῖν,

87 3833 141 3885 ὲν
165 3835 229 3903 τῇ
260 3834 359 3903 τῆς
395 3832 721 3904 Ἐκκλησίας
746 3834 1080 3906 προστασίᾳ,
1111 3834 1144 3906 ἡ
1173 3834 1315 3888 κατά
1352 3834 1444 3889 τὸν
1466 3836 1573 3891 τῶν
1606 3855 1770 3908 μονα-

88 3919 191 3989 χῶν
205 3919 340 3989 βίον,
367 3920 595 3992 μυρίαις
607 3919 673 3974 ἂν
694 3921 897 3991 ψήφοις
911 3921 975 3975 τὸ
998 3921 1549 3996 πρότερονρδεξάμην
1570 3926 1768 3996 ἔγωγε.

90 4007 159 4059 Ού
180 4005 289 4078 7&9
330 4007 570 4062 διέλιπόν
603 4024 735 4061 ποτε
768 4008 1091 4079 μακαρίζων
1124 4012 1260 4082 πρὸς
1292 4010 1353 4064 σέ
1396 4013 1526 4075 τοὺς
1556 4012 1772 4084 ἐκείνης

89 4096 181 4165 τῆς
221 4094 502 4163 διακονίας
532 4097 836 4167 προστῆναι
866 4096 1195 4167 δυνηθέντας
1225 4099 1428 4165 καλῶς.
1465 4101 1589 4156 Ὅτι
1619 4100 1771 4175 [427]

88 4182 139 4235 δέ
164 4185 303 4255 ὅπερ
325 4184 686 4256 ἐμακάριζον,
716 4184 817 4238 οὐκ
848 4184 913 4239 ἂν
940 4185 1163 4262 ἐφυγον,
1191 4187 1394 4252 ἱκανῶς
1416 4187 1555 4263 ἔχων
1581 4190 1773 4261 μετελ-

91 4270 221 4337 θεῖν,
248 4272 427 4341 οὐδεὶς
457 4274 693 4343 ἀντερεῖ.
741 4272 903 4328 Ἀλλά
939 4273 995 4327 τί
1029 4274 1220 4340 πάθως
1254 4276 1421 4330 Οὐδὲν
1454 4276 1562 4349 γάρ
1603 4277 1777 4343 οὕτως

90 4357 357 4430 ἄχρηστον
384 4360 466 4423 είς
513 4359 841 4429 Ἐκκλησίας
887 4362 1229 4432 προστασίαν
1256 4363 1333 4427 ὡς
1366 4364 1503 4436 αὑτὴ
1536 4367 1569 4436 ἡ
1604 4366 1776 4438 ἀργία

92 4448 244 4517 καὶὴ
291 4447 660 4518 ἀμελετησία,
705 4448 772 4520 ἡν
810 4447 988 4519 ἕτεροι
1024 4450 1145 4518 ⁴μὲν
1191 4451 1423 4522 ἀσκησίν
1470 4469 1591 4506 τινα
1638 4454 1774 4508 θαυ-

98 4534 301 4604 μαστὴν
346 4530 484 4588 εἶναι
520 4533 861 4605 νομίζουσιν·
913 4535 1025 4604 ἐγὼ
1066 4536 1125 4589 δὲ
1164 4538 1334 4609 αὐτὴν
1378 4540 1621 4610 ῶσπερεί
1672 4559 1777 4594 πα·-

98 4622 415 4692 ραπέτασμα
464 4621 566 4693 τῆς
608 4620 814 4686 οἰκείας
863 4622 972 4693 ἐχω
1026 4623 1394 4696 φαυλότητος,
1435 4626 1502 4679 τὰ
1554 4627 1777 4682 πλείονα

95 4708 195 4761 τῶν
235 4709 640 4782 ἐλαττωμάτων
689 4710 801 4764 τῶν
844 4712 1087 4781 ἐμαυτοῦ
1131 4712 1306 4785 ταύτῃ
1352 4716 1774 4785 συγκαλύπτων,

97 4798 185 4850 καὶ
209 4799 313 4852 οὐκ
358 4797 465 4851 ἐῶν
508 4798 814 4867 φαίνεσθαι.
865 4799 922 4854 Ὀ
970 4799 1081 4870 γὰρ
1107 4800 1405 4866 ἐνεθισθείς
1444 4799 1473 4840 ἀ
1505 4804 1777 4876 τοσαύτης

97 4885 385 4940 ἀπολαύειν
411 4887 848 4959 ἀπραγμοσύνης
866 4930 881 4953 ,
905 4888 1001 4941 καὶ
1018 4888 1091 4941 ’ἐν
1115 4890 1318 4960 ἡσυχίᾳ
1344 4890 1551 4960 διάγειν
1579 4893 1774 4962 πολλῇ,

96 4971 193 5025 ῖᾶν
222 4973 466 5043 μεγάλης
504 4970 537 5047 ᾖ
568 4973 805 5043 φύσεως,
838 4974 943 5028 ὑπὸ
971 4975 1070 5046 τῆς
1099 4976 1439 5046 ἀνασκησίας
1467 4977 1777 5049 θορυϐεῖται

102 5060 183 5112 καί
203 5060 533 5133 ταράττεται
558 5102 572 5124 ,
600 5063 695 5115 καὶ
730 5063 837 5134 ¹’τῆς
877 5062 1083 5127 οἰκείας
1117 5063 1401 5135 δυνάμεως
1447 5068 1775 5139 περικόπτει

103 5144 263 5219 μέρος
292 5148 356 5200 οὐ
393 5148 590 5218 μικρὸν
610 5148 671 5201 τὸ
696 5149 1070 5220 ἀγύμναστον.
1101 5151 1270 5205 ’Ὀταν
1292 5152 1349 5204 δέ
1371 5152 1507 5223 ὁμοῦ
1531 5153 1623 5206 καὶ
1652 5152 1779 5226 βρα-

100 5229 234 5297 δείας
348 5235 608 5299 διανοίας,
653 5236 883 5290 καὶτῶν
920 5236 1179 5290 τοιούτων
1214 5238 1389 5307 λόγων
1422 5241 1515 5293 καί
1549 5239 1778 5309 ἀγώνων

102 5322 337 5393 ἄπειρος,
371 5321 530 5377 τοῦτο
557 5323 621 5395 δὴ
648 5324 711 5377 τὸ
748 5324 1041 5397 ἡμέτερον,
1076 5325 1188 5379 τῶν
1225 5326 1444 5380 λιθίνων
1465 5328 1619 5381 οὐδὲν
1648 5329 1777 5383 διοί-

101 5419 195 5463 σει.
223 5408 429 5478 ταύτην
471 5409 764 5481 δεξάμενος
798 5411 899 5483 τὴν
933 5414 1269 5485 οἰκονομίαν.
1319 5414 1421 5468 Διὰ
1462 5415 1623 5470 τοῦτο
1667 5417 1776 5472 τῶν

100 5494 153 5562 ἐξ
184 5496 403 5571 ἐκείνης
436 5499 750 5571 ἐρχομένων
778 5500 882 5572 τῆς
913 5500 1253 5574 παλαίστρας
1288 5503 1367 5567 εἰς
1402 5504 1527 5569 τοὺς
1555 5505 1778 5575 ἀγῶνας

157 5666 183 5696 ι
207 5669 308 5734 Alii
329 5672 615 5734 θαυμαστόν.

155 5738 181 5766 λ
206 5732 301 5780 Alii
328 5732 398 5780 ὅτι

162 5814 184 5866 ε
213 5793 307 5866 νρί
329 5793 557 5866 ειέθθειιε.

160 5858 185 5898 δ
205 5856 301 5904 .Llix
337 5855 552 5915 ἐθισθεὶς.

1356 397 1446 463 DE
1488 399 1945 465 SACERDOTIO.
1986 403 2120 475 LIB,
2160 400 2251 462 γι.

3415 392 3536 451 .685

1853 519 2075 584 τούτους
2107 519 2279 588 ὀλίγοι
2322 502 2729 587 διαφαίνονταν
2779 513 2830 569 οἰ
2878 510 2937 567 δέ
2969 509 3188 574 πλείους
3224 508 3537 576 ἐλέγχονται

1851 608 1947 661 καὶ
1974 605 2399 667 καταπίπτουσι,
2426 604 2523 658 καί⁵
2549 603 2853 689 πράγματα
2879 597 3255 689 ὑπομένουσιν.
3272 596 3412 689 ἀηδῆ
3440 602 3536 689 και

1851 693 2084 767 χαλεπά.
2109 692 2218 746 Καὶ
2244 691 2395 747 οὐδὲν
2417 689 2669 757 ἀπεικός.
2700 683 2870 742 ὐτᾶν
2901 686 3009 758 γὰρ
3035 685 3110 756 μὴ
3136 684 3268 755 περὶ
3296 683 3417 738 τῶν¹
3435 683 3537 735 αύ-

1849 782 1960 838 τῶν
1988 783 2044 837 οἴ
2074 800 2135 836 τε
2165 781 2377 851 ἀγῶνες
2413 775 2516 834 ὧσι
2564 780 2661 834 καὶ
2697 778 2767 832 τὰ
2799 777 3103 847 γυμνάσια,
3146 773 3255 827 τῶν
3288 772 3542 843 ἀγυμνά-

1852 888 1995 924 στων
2033 871 2063 922 ό
2098 864 2505 939 ἀγωνιζόμενος
2547 867 2699 922 οὐδὲν
2748 865 3046 937 διενήνοχε.
3091 860 3264 933 Δόξης
3302 860 3542 931 μάλιστα

1852 957 1933 1011 δεῖ
1980 959 2341 1028 καταφρονεῖν
2386 956 2477 1009 τὸν
2520 955 2602 1018 είς
2642 953 2805 1007 τοῦτο
2851 952 3148 1023 ἐρχόμενον
3192 948 3253 1001 τὸ
3301 946 3540 1013 στάδιον,

1818 1062 1823 1067 ·
1852 1043 2021 1114 ὀργῆς
2049 1043 2321 1115 ἀνώτερον
2346 1039 2505 1108 εἷναι,
2533 1040 2799 1103 συνέσεως
2820 1038 3073 1110 ἔμπλεων
3093 1035 3319 1107 πολλῆς.
3351 1034 3543 1105 Τούτῳ

1852 1131 1906 1185 δὲ
1952 1131 2030 1202 τῷ
2071 1131 2162 1186 τὸν
2204 1134 2412 1203 μονήρη
2447 1124 2878 1202 στέργοντιβίον
2910 1123 3136 1195 οὐδεμία
3161 1134 3185 1163 ο
3232 1122 3545 1205 γυμνασίας

1854 1218 2111 1284 ὑπόθεσις
2152 1219 2458 1291 πρόκειται.
2507 1217 2646 1271 Οῠτε
2680 1214 2790 1287 7&9
2821 1215 2949 1278 τοὺς
2990 1209 3402 1284 παροξύνοντας
3427 1208 3547 1291 εχει

1856 1305 2111 1370 πολλοὺς,
2155 1289 2245 1360 ἵνα
2290 1305 2569 1377 μελετήσῃ
2606 1303 2861 1367 κολάζειν
2904 1299 3000 1354 τοῦ
3048 1292 3223 1370 θυμοῦ
3259 1297 3361 1367 τὴν
3390 1289 3551 1352 δύναέ

1858 1410 1983 1463 μιν*
2012 1392 2137 1446 οὔτε
2166 1393 2295 1457 τοὺς
2332 1391 2739 1463 μακαρίζοντας
2779 1388 2875 1443 καὶ
2901 1385 3235 1461 κροτοῦντας
3257 1425 3272 1449 ,
3306 1384 3396 1439 ἶνα
3420 1400 3551 1439 παι-

1854 1479 2017 1552 δευθῇ
2048 1480 2177 1544 τοὺς
2206 1479 2509 1553 παρὰ-τῶν
2550 1477 2762 1532 πολλῶν
2793 1475 3074 1531 διαπτύειν
3117 1467 3223 1527 ὧδε
3255 1469 3547 1535 ἐπαίνους*

1855 1570 1957 1640 τῆς
1987 1584 2046 1622 τε
2080 1569 2139 1622 ἐν
2178 1552 2303 1633 ταῖς
2339 1552 2690 1639 Ἑκκλησίαις
2725 1561 3138 1634 ἀπαιτουμένης
3180 1560 3454 1622 συνέσεως
3485 1558 3550 1611 οὐ

1860 1654 2027 1719 πολὺς
2052 1656 2232 1719 αὐτοῖς
2264 1659 2294 1709 ὁ
2326 1655 2501 1724 λόγος.
2531 1654 2702 1708 Ὅταν
2729 1647 2824 1706 οὖν
2859 1649 3091 1704 ἔλθωσιν
3125 1648 3208 1711 είς
3243 1647 3371 1709 τοὺς
3398 1642 3551 1714 ἀγῶ-

1858 1758 1985 1808 νας,
2025 1735 2111 1795 ὧν
2159 1741 2236 1813 μή
2287 1740 2698 1813 μεμελετήκασι
2750 1739 2851 1811 τὴν
2907 1739 3126 1808 πεῖραν,
3178 1732 3550 1806 ἀποροῦνται,

1863 1828 2184 1897 ίλιγγιῶσιν,
2234 1830 2313 1893 είς
2354 1827 2662 1901 ἀμηχανίαν
2706 1825 3035 1879 ἐκπίπτουσι
3080 1821 3128 1887 ἲ,
3180 1820 3277 1876 καὶ
3306 1818 3445 1901 πρδς
3473 1816 3553 1888 τῷ

1864 1915 2029 1986 μηδὲν
2065 1913 2341 1968 ἐπιδοῦναι
2374 1900 2510 1986 πρὸς
2557 1910 2781 1984 ἀρετὴν,
2822 1910 2917 1967 καὶ
2944 1909 3091 1981 άπερ
3122 1906 3341 1978 ἐχοντες
3382 1900 3553 1978 ἦλθον

1860 2001 2051 2055 πολλοὶ
2078 2001 2340 2065 πολλάκις
2365 2000 2683 2073 ἀπώλεσαν.
3508 2001 3514 2011 ’

1926 2089 2125 2159 η’.Καὶ
2153 2090 2183 2141 ὁ
2206 2088 2585 2142 ΒΑΣΙΛΕΙΟΣ.
2618 2086 2685 2141 Τί
2715 2080 2809 2141 οὖν
2828 2100 2843 2152 ;
2864 2086 2993 2157 τοὺς
3014 2086 3075 2140 ἐν
3106 2086 3187 2158 τῷ
3223 2086 3377 2160 μέσῳ
3401 2101 3561 2157 στρε-

1861 2176 2152 2247 φομένους,
2201 2176 2294 2230 καὶ
2337 2175 2683 2248 πραγμάτων
2718 2172 3107 2247 φροντίζοντας
3132 2172 3432 2246 βιωτικῶν,
3462 2172 3563 2229 καὶ

1860 2265 2264 2336 τετριμμένους
2288 2263 2425 2335 πρὸς
2452 2264 2635 2335 μάχας
2661 2264 2757 2317 καὶ
2784 2262 3075 2335 λοιδορίας,
3094 2258 3193 2318 καὶ
3223 2252 3427 2334 μυρίας
3449 2260 3561 2315 δει-

1861 2354 2085 2426 νότητος
2110 2353 2382 2424 γέμοντας
2401 2392 2415 2416 ,
2446 2353 2539 2405 καὶ
2564 2352 2780 2423 τρυφᾷν
2808 2352 3019 2416 εἰδότας
3037 2391 3053 2415 ,
3085 2352 3459 2424 ἐπιστήσομεν
3483 2350 3553 2421 τῇ

1862 2442 1964 2513 τῆς
2008 2440 2341 2513 Ἐκκλησίας
2373 2439 2694 2512 οἰκονομίας
2738 2439 2946 2493 ΧΡΥΣ.
2993 2438 3282 2509 Εὐφήμει,
3315 2437 3474 2510 ἔφην,
3512 2430 3561 2491 ὦ

1867 2529 2107 2600 μακάριε
2143 2527 2227 2582 σύ.
2264 2526 2502 2590 Τούτους
2529 2526 2640 2598 γὰρ
2667 2529 2691 2591 β
2721 2526 2833 2579 οὐδ’
2868 2526 2949 2591 εἰς
2977 2526 3106 2597 νοῦν
3135 2525 3427 2597 βάλλεσθαι
3454 2524 3559 2591 δεῖ,

1867 2616 1997 2669 ὅταν
2046 2615 2235 2689 ἱερέων
2275 2614 2524 2682 ἐξέτασις
2675 2614 2791 2668 ἀλλ’
2823 2615 2878 2668 εί
2925 2631 3011 2678 τις
3066 2612 3213 2688 μετὰ¹
3248 2613 3342 2666 τοῦ
3392 2615 3562 2667 πᾶσιν

1865 2705 2079 2774 ὁμιλεῖν
2109 2702 2205 2758 καὶ
2240 2702 2784 2775 συναναστρέφεσθαι
2822 2702 3041 2758 δύναιτο
3072 2701 3173 2773 τὴν
3207 2700 3565 2774 καθαρότητα

1866 2791 1964 2844 κα).
2015 2790 2116 2861 τὴν
2167 2789 2495 2861 ἀταραξίαν,
2534 2790 2633 2861 τήν
2680 2807 2741 2844 τε
2783 2789 3100 2860 ἁγιωσύνην
3144 2789 3238 2842 καὶ
3274 2787 3374 2860 τὴν
3421 2805 3565 2861 καρ-

1864 2877 2053 2947 τερίαν
2082 2877 2175 2933 καὶ
2203 2876 2383 2950 νῆψιν,
2437 2878 2532 2931 καὶ
2571 2875 2641 2930 τά
2676 2875 2815 2930 ἀλλα
2844 2876 2913 2931 τὰ
2947 2880 3060 2940 τοῖς
3099 2876 3355 2947 μοναχοῖς
3393 2891 3565 2946 προσ·
3613 2906 3617 2911 -

1867 2965 1994 3018 όντα
2056 2962 2272 3032 ἀγαθά,
2325 2963 2618 3034 φυλάττειν
2675 2962 2911 3034 ἀκέραια
2957 2964 3054 3017 καὶ
3110 2961 3565 3034 κάπαρασάλευτα

1872 3051 2072 3122 μᾶλλον
2107 3051 2219 3103 τῶν
2261 3050 2668 3121 μεμονωμένων
2723 3050 2953 3104 ἐκείνων
2988 3050 3054 3091 ὶι·
3101 3048 3179 3114 ὡς
3218 3050 3248 3104 δ
3281 3067 3346 3119 γε
3391 3048 3568 3103 πολλὰ

1872 3145 1973 3217 μὲν
2008 3144 2148 3215 ἔχων
2197 3141 2596 3213 ἐλαττώματα,
2648 3141 2947 3212 δυνάμενος
2983 3140 3041 3195 δέ
3091 3140 3233 3194 αύτά
3278 3138 3345 3211 τῇ
3388 3131 3567 3211 μονώ-

1870 3248 1954 3284 σει
2001 3229 2301 3285 καλύπτειν
2342 3230 2438 3284 καὶ
2475 3231 2650 3283 ποιεῖν
2676 3229 2938 3299 ἄπρακτα
2982 3227 3060 3299 τῷ
3100 3227 3289 3299 μηδενὶ
3329 3243 3568 3298 καταμι-

1868 3318 2063 3390 γνύναι
2112 3319 2302 3372 ἐαυτόν
2322 3334 2338 3351 ο
2365 3312 2520 3380 οὗτος
2561 3318 2641 3380 είς
2668 3316 2834 3388 μέσον
2879 3316 3074 3382 ἐλθὼν,
3123 3315 3278 3369 οὐδὲν
3312 3315 3501 3387 ἕτερον
3527 3314 3563 3386 ἡ

1868 3403 1931 3456 τὸ
1982 3403 2396 3471 καταγέλαστος
2452 3400 2712 3469 γενέσθαι
2760 3400 3033 3470 κερδανεῖ,
3087 3400 3183 3453 καὶ
3227 3396 3565 3452 κινδυνεύσει

1874 3486 2173 3558 μειζόνως·
2214 3486 2243 3540 ὃ
2284 3486 2485 3558 μικροῦ
2519 3485 2631 3539 δεῖν
2668 3473 2950 3557 ἐπάθομεν
2994 3485 3060 3541 ἂν
3096 3488 3281 3557 ἡμεῖς,
3330 3485 3380 3537 εἰ
3422 3482 3499 3554 μὴ
3529 3483 3567 3555 ἡ

1870 3574 1966 3628 τοῦ
1996 3575 2133 3628 Θεοῦ
2162 3574 2462 3645 κηδεμονία
2487 3573 2550 3627 τὸ
2571 3572 2682 3645 πῦρ
2707 3573 2920 3645 ταχέως
2942 3573 3145 3645 ἀνέσχε
3162 3572 3265 3644 τῆς
3289 3571 3568 3645 ἡμετέρας

1872 3662 2137 3733 κεφαλῆς.
2162 3660 2316 3735 [4'28]
2339 3661 2414 3715 Ού
2433 3661 2542 3733 7&9
2568 3661 2684 3714 ἐστι
2707 3660 3002 3731 λαθεῖνιτὸν
3026 3660 3173 3718 οὕτω
3194 3660 3566 3739 διακείμενον,

1872 3751 1998 3804 ὅταν
2021 3749 2171 3819 ἐντῷ
2206 3748 2433 3820 φανεφῷ
2455 3750 2724 3820 καταστῇ,
2756 3748 2895 3802 ἀλλά
2919 3748 3153 3805 πάντοτε
3188 3749 3476 3819 ἐλέγχεται
3510 3748 3566 3815 ί,

1875 3838 1974 3889 καὶ
2022 3835 2279 3909 καθάπερ
2315 3839 2417 3901 τὰς
2453 3834 2788 3907 μεταλλικὰς
2819 3835 2969 3901 ὔλας,
2992 3834 3279 3906 δοκιμάζει
3326 3835 3389 3889 τὸ
3432 3833 3567 3906 πῦρ,

1876 3925 2025 3978 οὕτω
2060 3926 2153 3978 καὶ
2201 3926 2234 3995 ἡ
2277 3925 2371 3978 τοῦ
2417 3923 2622 3995 κλήρου
2680 3922 2913 3994 βάσανος
2958 3923 3059 3987 τὰς
3108 3923 3217 3977 τῶν
3263 3920 3571 3991 ἀνθρώπων

1875 4013 2139 4084 διακρίνει
2168 4011 2381 4081 ψυχὰς,
2416 4010 2519 4065 κᾶν
2561 4011 2779 4083 ὀργίλος
2816 4028 2901 4075 τις
2939 4006 3009 4085 ᾖ,
3054 4010 3161 4064 κᾶν
3197 4008 3568 4082 μικρόψυχος,

1877 4100 1979 4154 κᾶν
2019 4099 2329 4169 φιλόδοξος,
2369 4099 2476 4153 κάν
2525 4098 2765 4164 ἀλαζὼν,
2804 4098 2906 4153 κᾶν
2952 4100 2980 4152 ὅ
3013 4116 3066 4151 τι
3108 4097 3310 4169 δήποτε
3345 4097 3569 4167 ἕτερον,

1878 4188 2096 4242 ἅπαντα
2141 4185 2479 4240 ἐκκαλύπτει
2510 4183 2563 4249 -1,
2598 4186 2695 4240 καὶ
2732 4188 2934 4257 γυμνοῖ
2972 4185 3188 4257 ταχέως
3226 4183 3292 4237 τὰ
3330 4181 3585 4237 ἐλαττώ-

1883 4292 2032 4347 ματα
2058 4293 2070 4306 ’
2108 4275 2168 4335 οὐ
2217 4277 2419 4345 γυμνοῖ
2462 4273 2519 4327 δὲ
2564 4273 2750 4344 μόνον,
2793 4256 2931 4327 ἀλλά
2962 4274 3058 4327 καὶ
3086 4256 3447 4343 χαλεπώτερα
3474 4272 3573 4326 καὶ
3640 4336 3649 4349 κ

1884 4362 2212 4434 ἰσχυρότερα
2264 4361 2402 4415 αὐτά
2442 4360 2761 4432 καθίστησι.
2799 4362 2909 4414 Καὶ
2939 4362 3048 4432 γὰρ
3076 4361 3146 4413 τὰ
3173 4360 3269 4413 τοῦ
3315 4361 3572 4428 σώματος
3652 4356 3655 4361 ”

1878 4451 2192 4524 τραύματα
2219 4448 2666 4522 προστριϐόμενα
2700 4448 2930 4502 δυσίατα
2970 4447 3202 4517 γίνεται,
3238 4447 3335 4500 καὶ
3369 4446 3437 4499 τὰ
3468 4445 3571 4516 τῆς

1879 4540 2058 4611 ψυχῆς
2082 4537 2230 4611 πάθη
2259 4538 2559 4609 κνιζόμενα
2581 4537 2675 4591 καὶ
2695 4536 3108 4608 παροξυνόμενα
3138 4534 3338 4606 μᾶλλον
3356 4532 3575 4608 ἀγριαί-

1881 4627 2067 4680 νεσθαι
2096 4627 2333 4694 πέφυκε,
2372 4624 2617 4688 καὶτοὺς
2646 4622 2869 4695 ἔχοντας
2898 4623 3035 4677 αὐτά
3068 4622 3289 4675 πλείονα
3322 4620 3575 4692 ἁμαρτά-

1880 4729 1994 4768 νειν
2026 4712 2294 4783 βιάζεται.
2332 4713 2445 4764 Καὶ
2468 4715 2579 4781 7&9
2613 4711 2695 4774 είς
2722 4710 2900 4780 ἔρωτα
2935 4709 3095 4779 δόξης
3129 4709 3347 4780 ἐπαίρει
3378 4708 3472 4761 τὸν
3497 4706 3574 4779 μὴ

1884 4802 2246 4875 προσέχοντα,
2275 4800 2372 4855 καὶ
2411 4802 2490 4864 εἱς
2517 4798 2860 4865 ἀλαζονείαν,
2886 4798 2982 4852 καὶ
3005 4800 3085 4860 είς
3113 4797 3414 4875 χρημάτων
3448 4798 3575 4850 ἐπιο

1879 4862 2119 4959 θύμίαν·
2152 4888 2419 4960 ὑποσύρει
2459 4862 2514 4939 δέ
2549 4862 2648 4941 καῖ
2673 4887 2753 4950 είς
2781 4862 2997 4958 τρυφὴν
3037 4862 3238 4948 καῖ-είς
3266 4862 3451 4938 ἄδεσιν
3480 4886 3575 4942 καὶ

1883 4976 2185 5048 ῥαθυμίαν,
2223 4977 2318 5031 καὶ
2362 4976 2506 5031 κατά
2549 4974 2747 5047 μικρὸν
2785 4976 2865 5038 είς
2892 4975 2963 5028 τὰ
2996 4973 3311 5046 περαιτέρω
3344 4972 3574 5040 τούτων,

1864 5064 1979 5121 ,καὶ
2008 5066 2073 5119 ἐκ
2102 5064 2310 5117 τούτων
2336 5063 2635 5134 τικτόμενα
2672 5063 2841 5116 κακά.
2872 5060 3051 5115 Πολλὰ
3088 5062 3197 5134 γάρ
3218 5065 3365 5115 ἐστιν
3400 5063 3459 5115 ἐν
3496 5061 3578 5133 τῷ

1888 5152 2042 5223 μέσῳ
2062 5153 2132 5205 τὰ
2156 5152 2433 5220 δυνάμενα
2453 5150 2632 5222 ψυχῆς
2653 5150 2943 5222 ἀκρίϐειαν
2969 5149 3218 5215 ἐκλῦσαι,
3249 5150 3343 5204 καὶ
3366 5149 3459 5203 τὸν
3485 5151 3584 5208 ἐπὶ

1882 5239 2016 5294 Θεὸν
2050 5239 2308 5310 διακόψαι
2338 5238 2369 5280 ¹ι
2402 5238 2607 5310 δρόμον
2627 5254 2641 5269 ’
2675 5239 2772 5292 καὶ
2804 5238 3019 5309 πρῶτον
3050 5237 3309 5292 ἀπάντων
3348 5239 3407 5290 αί
3437 5237 3579 5309 πρὸς

1879 5327 1980 5392 τάς
2005 5329 2277 5397 γυναῖκας
2298 5326 2531 5399 ὁμιλίαι.
2562 5325 2698 5380 Οὐδὲ
2728 5324 2836 5397 γὰρ
2866 5324 2981 5379 ἐστι
3013 5325 3103 5379 τὸν
3129 5324 3453 5396 προεστῶτα
3483 5324 3578 5378 καὶ

1930 5433 2109 5528 ίξλὲιίθ
2543 5434 2699 5483 Savil.
2720 5438 2775 5482 et
2797 5432 2987 5495 aliquot
3028 5444 3146 5481 mss.
3191 5431 3304 5482 οὔτε
3326 5431 3440 5489 τοὺς
3463 5431 3579 5482 6m-

1881 5511 2109 5558 μαιοντας
2131 5513 2212 5545 και
2233 5511 2534 5559 κροτοῦντας.

1946 5555 1971 5633 ,ξ
2117 5556 2469 5633 εἰς-,ἀμηχανίας
2489 5554 2794 5620 ἐμπίπτουσι»

1946 5620 1971 5683 β
1998 5620 2093 5683 Alii
2114 5620 2387 5683 10619769.

1944 5676 1974 5753 ξ
1998 5679 2147 5753 [ἔμιξε.
2160 5676 2356 5753 μαλλον
2366 5680 2462 5728 τῶν
2484 5680 2777 5753 φαινομένων
2795 5679 3006 5730 ἐκείνων.

1946 5749 1965 5781 ι
2007 5740 2104 5790 Alii
2126 5741 2249 5791 ἀλλὰ
2268 5740 2424 5788 πάντα
2444 5740 2554 5790 τότε

1872 5806 1875 5807 ⁷
1951 5814 1964 5852 ι
2001 5801 2096 5851 Alii
2121 5803 2246 5850 ἅπαν
2274 5802 2376 5850 ἐκκ.

1946 5862 1975 5903 ι
2009 5861 2107 5915 Alii
2126 5864 2207 5912 τὸν
2233 5864 2305 5913 ἐπ’
2322 5862 2500 5922 εὐθείας
2521 5864 2765 5929 διακόψαι.
