4158 6316
620 381 729 436 685

617 493 825 559 παντὸς
856 493 951 547 τοῦ
999 494 1248 565 ποιμνίου
1297 495 1594 567 κηδόμενον
1630 496 1725 549 τοῦ
1776 496 1877 566 μὲν
1924 495 2030 548 τῶν
2083 493 2292 565 ἀνδρῶν

616 582 994 651 ἐπιμελεῖσθαι
1028 569 1252 653 μέρους,
1289 583 1350 636 τὸ
1381 581 1438 635 δὲ
1480 583 1590 645 τῶν
1635 582 1908 650 γυναικῶν
1940 584 2191 653 παρορᾷν
2214 598 2226 611 ·
2264 582 2293 635 δ

620 670 860 742 μάλιστα
880 671 1051 723 δεῖται
1077 671 1333 742 προνοίας
1360 671 1604 735 πλείονος
1628 671 1713 728 διὰ
1739 672 1800 725 τὸ
1830 671 1965 742 πρὸς
1990 672 2086 734 τάς
2112 672 2292 742 ἀμαρ-

616 758 744 821 τίας
767 757 1044 811 εύόλισθον
1063 775 1076 788 ·
1105 759 1241 812 ἀλλά
1271 759 1466 812 δεῖκαὶ
1493 759 1593 830 τῆς
1621 760 1824 812 τούτων
1851 758 2082 828 ὑγιείας,
2118 760 2167 812 εί
2199 760 2295 812 καὶ⁹

621 846 700 916 μὴ
731 832 798 898 ἐκ
827 845 1094 909 πλείονος,
1124 847 1238 899 ἀλλ’
1271 846 1362 900 οῦν
1391 847 1451 912 ἐξ
1480 849 1602 918 ῖσης
1634 847 1940 918 φροντίζειν
1968 849 2067 919 τῆς
2100 847 2295 918 μοίρας

618 934 712 985 τὸν
747 932 982 1003 λαχόντα
1018 933 1117 1005 τὴν
1146 933 1452 1004 ἐπισκοπὴν
1486 935 1729 990 διοικεῖν.
1773 937 1882 989 Καὶ
1911 935 2021 1008 γάρ
2067 938 2292 989 ἐπισκο-

617 1019 836 1081 πεῖσθαι
863 1021 1034 1084 αὐτὰς
1063 1021 1224 1093 ήνίκα
1256 1023 1322 1075 ἂν
1351 1023 1621 1093 κάμνωσι,
1651 1024 1748 1075 καὶ
1775 1023 2108 1095 παρακαλεῖν
2131 1022 2294 1094 ἡνίκα

613 1108 685 1172 ἂν
710 1109 965 1172 πενθῶσι,
991 1110 1087 1164 καὶ
1110 1110 1460 1181 ἐπιπλήττειν
1482 1111 1874 1183 ρᾳθυμούσαις,
1899 1113 1994 1165 καὶ
2023 1110 2236 1183 βοηθεῖν
2263 1124 2291 1154 ι

616 1195 1125 1266 καταπονουμέναις
1155 1197 1389 1269 ἀνάγκη.
1415 1198 1631 1251 Τούτων
1657 1199 1714 1252 δὲ
1741 1201 2061 1268 γινομένων,
2091 1197 2291 1262 πολλάς

620 1281 688 1335 ἀν
718 1280 870 1353 εὖροι
891 1283 990 1346 τάς
1011 1285 1395 1353 παρεισδύσεις
1416 1287 1443 1338 ό
1471 1285 1724 1356 πονηρὸς,
1757 1287 1805 1338 εί
1834 1286 1911 1357 μὴ
1936 1285 2291 1360 ἠκριϐωμένῃ

617 1385 705 1432 τις
732 1371 928 1424 ἐαυτὸν
961 1373 1216 1442 τειχίσειε
1248 1373 1486 1444 φυλακῇ.
1523 1375 1634 1428 Καὶ
1662 1377 1769 1446 γάρ
1797 1375 2072 1445 ὀφθαλμὸς
2109 1374 2290 1444 βάλλει

617 1459 715 1510 καὶ
745 1449 966 1528 θορυϐεῖ
991 1459 1190 1530 ψυχὴν,
1215 1463 1313 1531 οὐχ
1335 1464 1362 1513 ὁ
1386 1461 1484 1531 τῆς
1503 1461 1810 1518 ἀκολάστου
1830 1463 2008 1532 μόνον,
2036 1461 2172 1515 ἀλλά
2197 1463 2292 1516 καὶ

617 1549 647 1598 ὁ
674 1546 776 1615 τῆς
814 1546 1125 1618 σώφρονος,
1159 1550 1253 1602 καὶ
1285 1550 1564 1602 κολακεῖαι
1611 1551 1973 1620 μαλάσσουσι,
2015 1550 2109 1603 καὶ
2136 1551 2292 1621 τιμαὶ

615 1635 1077 1688 καταδουλοῦνται
1102 1653 1115 1666 ·
1145 1637 1239 1688 καὶ
1260 1639 1447 1708 ἀγάπη
1479 1622 1694 1701 ζέουσα,
1724 1637 1882 1690 τοῦτο
1905 1638 1969 1709 δὴ
1993 1638 2053 1691 τὸ
2074 1639 2291 1692 πάντων

616 1721 793 1775 αίτιον
821 1722 932 1775 τῶν
965 1723 1208 1791 ἀγαθῶν,
1253 1724 1462 1793 μυρίων
1503 1723 1674 1777 αἴτιον
1720 1725 1912 1795 γέγονε
1951 1725 2141 1785 κακῶν
2176 1729 2290 1790 τοῖς

611 1808 718 1860 οὐκ
743 1808 921 1878 ὀρθῶς
965 1811 1334 1881 χρησαμένοις
1377 1812 1538 1882 αὐτῇ.
1592 1812 1730 1882 Ἤδη
1779 1813 1835 1866 δέ
1873 1813 1969 1865 καὶ
2005 1798 2290 1884 ’φροντίδες

616 1899 868 1967 συνεχεῖς
911 1899 1196 1970 ἡμϐλυναν
1235 1901 1296 1953 τὸ
1338 1890 1437 1970 τῆς
1477 1901 1716 1965 διανοίας
1749 1901 1865 1966 ὀξὺ,
1900 1903 1995 1959 καὶ
2041 1902 2288 1972 μολίϐδου

616 1985 919 2056 βαρύτερον
953 1987 1045 2040 τὸν
1081 1989 1290 2053 πτηνὸν
1317 1991 1724 2060 ἀπειργάσαντο
1744 2008 1755 2020 ’
1793 1991 1887 2043 καὶ
1917 1991 2087 2060 θυμὸς
2113 1992 2169 2044 δέ
2197 1993 2291 2045 καὶ

615 2073 945 2139 προσπεσὼν
976 2075 1186 2127 καπνοῦ
1215 2075 1372 2145 δίκην
1399 2075 1469 2128 τά
1493 2076 1641 2130 ἔνδον
1673 2077 1933 2147 κατέσχεν
1959 2077 2195 2138 ᾶπαντα,
2224 2078 2289 2131 Τί

615 2153 682 2208 ἄν
707 2170 792 2217 τις
821 2154 971 2221 λέγοι
1009 2156 1107 2237 τὰς
1142 2157 1334 2220 λοιπὰς
1366 2158 1570 2228 βλάϐας
1601 2160 1651 2225 ι),
1675 2159 1774 2222 τὰς
1816 2160 2026 2232 ὕϐρεις,
2062 2160 2161 2224 τὰς
2193 2163 2290 2213 ἐπα

613 2241 832 2310 ηρείας,
851 2244 950 2306 τάς
983 2245 1241 2315 μέμψεις,
1266 2247 1367 2310 τὰς
1397 2248 1546 2317 παρά
1568 2247 1676 2300 τῶν
1705 2247 1990 2316 μειζόνων,
2016 2249 2113 2312 τάς
2140 2250 2292 2319 παρά

613 2329 725 2380 τῶν
753 2330 1074 2397 ἐλαττόνων,
1117 2335 1216 2397 τὰς
1236 2335 1386 2404 παρά
1419 2335 1526 2387 τῶν
1562 2336 1820 2401 συνετῶν,
1857 2335 1958 2398 τὰς
1987 2335 2139 2409 παρὰ
2182 2336 2291 2390 τῶν

613 2417 890 2473 ἀσυνέτων
912 2436 926 2484 ;

683 2585 750 2638 θ’.
804 2587 977 2640 Τοῦτο
1014 2587 1123 2659 γάρ
1160 2589 1224 2658 δὴ
1260 2590 1495 2659 μάλιστα
1533 2590 1593 2642 τὸ
1631 2591 1787 2658 γένος
1838 2591 1948 2645 τῶν
1985 2593 2155 2663 ὀρθῆς
2184 2594 2290 2647 ἀπ-

612 2676 999 2745 εστερημένων
1049 2678 1286 2748 κρίσεως
1333 2679 1703 2750 μεμψίμοιρόν
1751 2681 1808 2733 τέ
1847 2683 1999 2744 ἐστι,
2047 2685 2142 2734 καὶ
2189 2683 2291 2734 οὑκ

612 2761 681 2815 ἂν
727 2763 965 2829 εὐκόλως
1013 2764 1308 2833 ἀπολογίας
1357 2766 1644 2836 ἀνάσχοιτό
1696 2785 1848 2820 ποτε.
1903 2770 2007 2821 Τὸν
2056 2769 2113 2822 δὲ
2155 2787 2291 2840 προ-

610 2849 826 2903 εστῶτα
857 2851 1039 2915 καλῶς
1069 2854 1189 2904 οὐδὲ
1224 2854 1426 2906 τούτων
1464 2854 1546 2906 δεῖ
1577 2857 1958 2927 καταφρονεῖν,
1988 2857 2291 2926 ἀλλάίπρὸς

611 2937 860 3006 ἅπαντας
883 2940 1013 3009 περὶ
1043 2933 1119 2993 ὧν
1152 2939 1218 2992 ἂν
1257 2941 1553 3008 ἐγκαλῶσι,
1582 2942 1896 2997 διαλύεσθαι
1926 2945 2062 3014 μετὰ
2089 2945 2291 3014 πολλῆς

611 3024 716 3094 τῆς
747 3027 1053 3103 ἐπιεικείας
1086 3029 1180 3081 καὶ
1225 3030 1528 3099 πραότητος
1549 3070 1564 3094 ,
1598 3032 2042 3099 συγγινώσκοντα
2092 3033 2291 3103 μᾶλλον

613 3115 804 3177 αὐτοῖς
843 3101 943 3186 τῆξ
971 3117 1167 3185 ἀλόγου
1211 3114 1534 3190 μέμψεωςῆ
1566 3121 1980 3187 ἀγανακτοῦντα
2013 3101 2107 3175 καί
2141 3125 2294 3194 ὀργι-

614 3201 866 3273 ζὸμενον.
903 3205 965 3256 El
1007 3204 1118 3275 γὰρ
1149 3208 1176 3258 ὁ
1211 3208 1484 3278 μακάριος
1519 3207 1764 3272 Παῦλος,
1811 3209 1885 3279 μὴ
1932 3210 2132 3280 κλοπῆς
2167 3208 2297 3261 ὑπό-

615 3311 762 3346 νοιαν
831 3290 971 3362 λάϐῃ
1001 3293 1153 3363 παρά
1193 3297 1304 3356 τοῖς
1337 3295 1628 3364 μαθηταῖς,
1670 3295 1864 3359 ἔδεισε,
1895 3296 1991 3348 καὶ
2015 3296 2101 3348 διὰ
2135 3297 2292 3348 τοῦτο

615 3375 920 3443 προσέλαϐε
951 3379 1047 3431 καὶ
1076 3379 1295 3450 ἐτέρους
1316 3383 1395 3444 είς
1412 3382 1508 3452 τὴν
1534 3381 1643 3435 τῶν
1674 3383 1971 3453 χρημάτων
1994 3383 2288 3448 διακονίαν,

615 3461 754 3515 Ἵνα
777 3465 865 3533 μή
897 3482 985 3530 τις
1015 3465 1172 3534 ἡμᾶς
1188 3469 1566 3536 μωμήσηται,
1599 3474 1784 3540 φησὶν,
1817 3474 1887 3524 ἐν
1908 3471 1983 3538 τῇ
2013 3472 2292 3538 ἁδρότητι

615 3551 802 3616 ταύτῃ
834 3551 910 3618 τῇ
948 3551 1382 3622 διακονουμένῃ
1417 3557 1519 3623 ὑφ’
1563 3556 1756 3625 ἡμῶν·
1804 3553 1956 3630 [429]
1991 3558 2108 3620 πῶς
2143 3560 2293 3627 ἡμᾶς

612 3639 676 3689 ού
719 3639 898 3690 πάντα
929 3639 1011 3692 δεῖ
1039 3643 1212 3692 ποιεῖν
1262 3641 1405 3693 ὥστε
1452 3643 1552 3706 τὰς
1595 3645 1840 3714 πονηρὰς
1879 3647 2124 3715 ἀναιρεῖν
2155 3646 2292 3698 ὑπο-

613 3728 766 3795 ψίας,
797 3728 899 3781 κᾶν
932 3729 1165 3798 ψευδεῖς,
1200 3731 1300 3783 κᾶν
1324 3733 1599 3798 ἀλόγιστοι
1625 3735 1964 3803 τυγχάνωσιν
1991 3730 2168 3798 οὖσαι,
2192 3735 2292 3788 κᾶν

618 3816 826 3885 σφόδρα
883 3819 981 3886 τῆς
1030 3818 1308 3887 ἡμετέρας
1359 3820 1616 3896 ἀπέχωσι,
1647 3821 1839 3891 δόξηςς
1898 3823 2125 3885 Οὐδενὸς
2183 3822 2292 3894 γὰρ

617 3905 838 3974 ἀμαρτή
848 3921 1013 3974 ματος
1041 3904 1292 3958 τοσοῦτον
1314 3909 1477 3976 ἡμεῖς
1498 3909 1906 3978 άφεστήκαμεν,
1933 3911 2055 3961 ὅσον
2083 3911 2293 3980 κλοπῆς

615 3992 644 4042 ὁ
671 3989 903 4054 Παῦλος.
935 3991 1076 4042 Ἀλλ’
1107 3992 1254 4060 ὅμως
1287 3995 1380 4045 καὶ
1411 3993 1663 4047 τοσοῦτον
1697 3995 2025 4065 ἀφεστηκὼς
2058 3998 2157 4066 τῆς
2195 4015 2294 4049 πο-

617 4080 790 4147 νηρᾶς
838 4077 1043 4146 ταύτης
1078 4077 1362 4148 πράξεως,
1409 4081 1529 4132 οὑδὲ
1563 4080 1736 4144 οὕτως
1767 4083 2011 4152 ἠμέλησε
2046 4085 2144 4154 τῆς
2183 4083 2293 4138 τῶν

618 4164 832 4217 πολλῶν
866 4165 1144 4229 ὑπονοίας,
1182 4167 1356 4219 καίτοι
1383 4168 1502 4220 λίαν
1531 4166 1698 4239 οὔσης
1723 4169 1918 4237 ἀλόγου
1961 4171 2053 4223 καὶ
2087 4170 2293 4240 μανιώ-

615 4253 742 4316 δους
767 4270 782 4284 ·
819 4255 986 4322 μανία
1018 4264 1041 4293 ε
1069 4254 1177 4325 γὰρ
1220 4251 1287 4325 ἦν
1319 4256 1558 4309 τοιοῦτον
1586 4258 1922 4312 ὑποπτεῦσαι
1953 4277 2006 4311 τι
2038 4261 2167 4329 περὶ
2194 4259 2293 4329 τῆς

622 4343 902 4414 μακαρίας
935 4345 1030 4396 καὶ
1059 4345 1379 4415 θαυμαστῆς
1419 4348 1635 4417 ἐκείνης
1674 4348 1937 4420 κεφαλῆς.
1981 4349 2118 4402 Ἀλλ’
2145 4351 2293 4419 ὅμως

617 4432 771 4485 οὐδὲν
795 4427 958 4504 ἦττον
991 4434 1081 4486 καὶ
1116 4434 1319 4504 ταύτης
1354 4436 1450 4504 τῆς
1475 4435 1841 4505 ὑποψίαςιτῆς
1871 4436 2042 4499 οὕτως
2071 4438 2290 4505 ἀλόγου,

618 4520 712 4572 καὶ
740 4519 807 4588 ἦν
841 4520 1019 4583 οὐδεὶς
1050 4520 1115 4573 ἂν
1153 4521 1226 4592 μὴ
1258 4523 1585 4591 παραπαίων
1623 4521 1973 4584 ὑπώπτευσε,
2013 4524 2293 4594 πόρρωθεν

617 4607 834 4672 ἀναιρεῖ
873 4608 972 4670 τάς
1019 4608 1229 4670 αίτίας’
1278 4610 1372 4661 καὶ
1409 4612 1467 4661 ού
1511 4609 1764 4662 διέπτυσε
1801 4609 1897 4681 τὴν
1930 4611 2035 4664 τῶν
2083 4612 2294 4663 πολλῶν

617 4693 827 4754 ἄνοιαν,
851 4694 972 4746 οὐδὲ
991 4690 1132 4746 εἶπε·
1163 4694 1280 4747 Τίνι
1302 4695 1408 4766 γάρ
1435 4695 1499 4749 ἀν
1523 4696 1745 4761 ἐπέλθοι,
1762 4698 1891 4749 ποτὲ
1919 4698 2143 4751 τοιαῦτα
2166 4699 2294 4769 περ).

617 4780 778 4851 ἡμῶν
811 4782 1077 4845 ὑπονοεῖν,
1108 4784 1201 4836 καὶ¹
1222 4784 1329 4836 ἀπὸ
1352 4783 1458 4836 τῶν
1489 4784 1730 4855 σημείων
1753 4785 1847 4836 καὶ
1871 4784 1979 4836 ἀπὸ
2000 4785 2099 4854 τῆς
2125 4786 2294 4838 ἐπιειο

619 4870 777 4932 κείας
806 4870 907 4939 τῆς
939 4872 999 4923 ἐν
1033 4871 1110 4940 τῷ
1150 4872 1249 4941 βίῳ
1299 4872 1516 4926 πάντων
1556 4874 1707 4943 ἡμᾶς
1749 4873 1842 4924 καὶ
1886 4873 2171 4943 τιμώντων
2201 4875 2295 4927 καὶ

619 4958 1054 5029 θαυμαζόντων;
1093 4959 1209 5012 ἀλλ’
1244 4961 1387 5014 ἅπαν
1428 4960 1760 5024 τούναντίον,
1794 4962 1885 5014 καὶ
1921 4961 2170 5014 ὑπείδετο
2202 4963 2294 5015 καὶ

620 5046 988 5116 προσεδόκησε
1020 5046 1048 5086 ἀ
1079 5047 1285 5118 ταύτην
1306 5048 1404 5120 τὴν
1432 5049 1675 5120 πονηράν
1701 5049 1976 5114 ὑπόνοιαν,
2004 5052 2098 5104 καὶ
2121 5053 2294 5122 πρόρ-

620 5137 770 5207 ριζον
816 5135 986 5204 αὐτὴν
1017 5137 1313 5216 ἀνέσπασε,
1361 5137 1561 5208 μᾶλλον
1606 5137 1663 5191 δὲ
1695 5138 1815 5192 οὐδέ
1865 5137 2026 5208 φῦναι
2058 5139 2157 5209 τὴν
2200 5139 2296 5209 ἀρ-

618 5217 722 5291 χὴν
768 5221 966 5290 ἀφῆκε.
1014 5219 1231 5288 Διά’τί;
1276 5226 1659 5294 Προνοοῦμεν
1701 5227 1844 5294 γὰρ,
1881 5225 2050 5294 φησὶ,
2099 5226 2292 5290 καλὰ,

619 5309 694 5369 οὐ
714 5308 907 5376 μόνον
927 5310 1181 5364 ἐνώπιον
1202 5314 1442 5380 Κυρίου,
1473 5314 1634 5368 ἀλλὰ
1663 5313 1761 5366 καί
1788 5312 2046 5366 ἐνώπιον
2077 5311 2297 5380 ἀνθρώ-

619 5409 771 5450 πων.
819 5395 1068 5468 Τοσαύτη
1117 5398 1217 5462 δεῖ,
1261 5396 1466 5468 μᾶλλον
1506 5400 1560 5453 δὲ
1610 5400 1702 5454 καὶ
1747 5400 1952 5454 πλείονι
1996 5400 2297 5471 κεχρῆσθαι

683 5579 941 5642 θουὶἀαω
974 5598 1088 5633 mss.
1116 5585 1396 5642 ἐπιϐοηθεῖν,

679 5638 709 5680 δ
733 5638 936 5708 liquot
960 5659 1168 5708 πιεῳτις
1187 5638 1310 5694 εἴποι
1335 5648 1417 5703 τὰς
1447 5648 1499 5695 ἐκ
1518 5651 1600 5704 τῆς
1623 5644 1770 5702 λύπης

684 5710 706 5740 θ
745 5705 842 5770 Alit
863 5708 1044 5767 μανίας.
1072 5707 1180 5770 Mox
1209 5709 1363 5757 Savll.
1384 5714 1437 5756 ei
1470 5705 1993 5770 ογὶὶἱίκιφαλ-ῆςζΜοτει.
2017 5711 2185 5770 ψυχῆς.

680 5777 708 5807 ι
731 5766 825 5818 Alii
867 5766 950 5816 καὶ
981 5769 1167 5831 προεῖδε
1203 5771 1282 5817 καὶ
1315 5787 1454 5832 προσ.
1489 5769 1616 5819 Infra
1643 5766 1732 5818 'alii
1778 5769 1927 5830 διατί;
1963 5766 2296 5832 προνοούμενοι

623 5829 728 5895 κάρα

1397 380 1453 435 S.
1486 379 1772 438 JOANNIS
1805 377 2299 436 CHRYSOSTUMI
2338 376 2656 438 ARCHIEP.
2687 378 3234 438 CONSTANTINOP.
3961 382 4044 439 εει

2403 494 2631 566 σπουδῇ,
2655 493 2796 548 ὥστε
2820 496 2892 566 μὴ
2920 497 3081 568 μόνον
3101 495 3394 569 αίρομένας
3419 497 3707 566 κατασπᾷν
3733 497 3829 550 καὶ
3849 496 4048 550 malim

2399 582 2496 644 τὰς
2531 583 2720 653 φήμας
2754 584 2851 646 τάς
2880 585 2981 638 οὐκ
3007 584 3240 652 ἀγαθάς,
3273 583 3407 638 ἀλλὰ
3436 585 3530 638 καὶ
3555 583 3842 656 πόρρωθεν
3854 584 3970 636 ὅθεν
3995 584 4048 638 ἂν

2401 670 2647 737 γένοιντο
2677 673 2937 742 πρωρᾷν,
2979 674 3073 726 καὶ
3107 673 3206 735 τὰς
3238 672 3541 743 προφάσεις
3579 671 3637 736 ἐξ
3681 665 3757 724 ὧν
3796 671 4051 725 τίκτονται

2403 761 2774 828 προαναιρεῖν,
2807 759 2903 816 καὶ
2929 759 3003 829 μὴ
3039 765 3354 830 περιμένειν
3374 745 3544 822 αὑτάς
3573 757 3856 828 συστῆναι,
3887 759 3976 811 καὶ
4004 761 4052 810 ἐν

2399 846 2512 906 τοῖς
2556 844 2666 897 τῶν
2708 845 2916 904 πολλῶν
2956 844 3416 917 διαθρυλληθῆναι
3455 847 3704 917 στόμασι.
3755 847 4055 917 Τηνικαῦτα

2399 931 2508 1002 γάρ
2541 931 2663 986 οῦτε
2690 931 2921 1004 εὔπορον
2941 932 3110 997 αὑτὰς
3141 935 3402 1004 ἀφανίσαι
3427 934 3632 998 λοιπὸν,
3660 932 3796 988 ἀλλά
3823 934 3922 988 καὶ
3947 934 4055 986 λίαν

2398 1017 2676 1090 δυσχερὲς,
2710 1020 2853 1091 τάχα
2877 1018 2935 1074 δὲ
2970 1021 3064 1074 καὶ
3091 1021 3379 1075 ἀδύνατον·
3409 1020 3533 1076 οὔτε
3568 1023 3802 1093 ἀζήμιον
3825 1021 3904 1092 τῷ
3933 1022 4054 1091 μετὰ

2397 1106 2498 1173 τὴν
2521 1107 2632 1160 τῶν
2661 1108 2870 1162 πολλῶν
2917 1107 3120 1179 βλάϐην
3152 1108 3307 1162 τοῦτο
3334 1106 3610 1178 γενέσθαι.
3640 1110 3801 1163 Ἀλλά
3834 1110 3944 1180 γὰρ
3971 1110 4057 1178 μέ-

2399 1210 2491 1264 χρι
2519 1193 2663 1258 τίνος
2693 1197 2756 1248 οὑ
2795 1197 3064 1266 στήσομαι
3090 1195 3302 1250 διώκων
3331 1197 3604 1267 ἀκίχητα;
3629 1196 3688 1249 τὸ
3713 1196 3822 1267 γάρ
3851 1196 4054 1256 ἁπάσας

2397 1280 2498 1344 τάς
2545 1284 2662 1334 ἐκεῖ
2707 1281 3026 1354 δυσχερείας
3063 1283 3406 1352 καταλέγειν,
3441 1283 3596 1337 οὐδὲν
3625 1284 3811 1355 ἕτερόν
3847 1285 3994 1337 ἐστιν
4027 1283 4055 1352 ἢ

2401 1368 2637 1436 πέλαγος
2683 1372 3028 1440 ἀναμετρεῖν.
3072 1370 3183 1423 Καὶ
3228 1370 3336 1441 γὰρ
3373 1371 3502 1424 ὅταν
3542 1387 3626 1432 τις
3664 1370 3826 1434 αὐτὸς
3869 1369 4058 1432 παντὸς

2400 1455 2713 1528 καθαρεύσῃ
2763 1457 2997 1520 πάθους,
3030 1457 3059 1510 ὃ
3087 1456 3199 1510 τῶν
3235 1451 3513 1511 ἀδυνάτων
3545 1458 3713 1519 ἐστὶν,
3746 1457 3837 1512 ῐνα
3864 1456 3931 1509 τά
3958 1455 4059 1508 τῶν

2398 1543 2574 1596 ἀλλων
2606 1543 2960 1615 ἐπανορθώσῃ
2996 1544 3334 1614 πταίσματα,
3374 1544 3545 1615 μυρία
3573 1543 3867 1614 ὑπομένειν
3899 1545 4060 1610 ἀναγ-

2398 1629 2624 1694 κάζεται
2651 1632 2830 1684 δεινά·
2866 1631 3270 1702 προστεθέντων
3305 1632 3361 1685 δὲ
3400 1631 3626 1685 καὶτῶν
3665 1632 3883 1684 οἰκείων
3907 1646 4060 1700 νοση-

2400 1718 2608 1787 μάτων,
2635 1719 2734 1777 θέα
2762 1720 2862 1789 τὴν
2889 1719 3123 1774 ἄϐυσσον
3151 1719 3258 1774 τῶν
3287 1719 3463 1772 πόνων
3495 1718 3714 1773 καὶτῶν
3748 1717 4057 1790 φροντίδωνν

2398 1806 2492 1858 καὶ
2519 1807 2621 1859 ὅσα
2653 1807 2883 1876 πάσχειν
2923 1809 3138 1877 ἀνάγκη
3165 1808 3276 1862 τῶν
3314 1824 3373 1860 τε
3405 1809 3620 1861 οίκείων
3651 1807 3748 1859 καὶ
3774 1805 3884 1860 τῶν
3917 1805 4061 1860 ἀλλο-

2397 1894 2563 1966 τρίων
2596 1894 2917 1965 βουλόμενον
2945 1896 3326 1968 περιγενέσθαι
3361 1896 3570 1950 κακῶν.

2471 2067 2521 2118 ι’.
2559 2061 2669 2121 Καὶ
2705 2063 2733 2115 ό
2765 2061 3141 2127 ΒΑΣΙΛΕΙΟΣ,
3171 2063 3285 2117 Νῦν
3317 2063 3398 2129 δὲ,
3438 2062 3624 2134 φησὶν,
3654 2062 3832 2126 οὐδείς
3858 2078 3942 2115 σοι
3965 2061 4065 2114 τῶν

2397 2145 2575 2200 πόνων
2612 2148 2817 2201 τούτων
2842 2147 3013 2216 ἀγὼν,
3050 2150 3170 2202 οὑδὲ
3200 2150 3485 2218 φροντίδας
3511 2161 3534 2189 ο
3565 2148 3731 2219 ἔχεις,
3771 2149 3915 2202 κατά
3946 2164 4068 2200 σαυ-

2397 2231 2488 2285 τὸν
2517 2231 2610 2286 ῶν.
2645 2234 2979 2286 ΧΡΥΣΟΣΤ.
3014 2235 3163 2304 Ἐχω
3194 2236 3310 2303 μὲν,
3337 2235 3494 2306 ἔφην,
3528 2235 3622 2296 καὶ
3649 2233 3747 2286 νῦν
3768 2250 3781 2264 °
3817 2230 3937 2295 πῶς
3968 2232 4066 2300 γὰρ

2398 2320 2567 2387 ἔστιν,
2594 2321 2880 2394 ἄνθρωπον
2908 2322 3034 2375 ὄντα
3060 2322 3262 2375 καὶτὸν
3285 2322 3625 2391 πολύμοχθον
3644 2321 3834 2374 τοῦτον
3856 2319 4067 2388 βιοῦντα

2400 2405 2533 2475 βίον,
2583 2407 2879 2478 φροντίδων
2934 2408 3282 2478 ἀπηλλάχθαι
3327 2409 3421 2461 καὶ
3467 2407 3749 2476 ἀγιι›νίας;
3797 2407 3938 2458 Ἀλλ’
3979 2405 4068 2458 οὒκ

2399 2493 2546 2547 ἔστιν
2577 2496 2690 2547 ῖσον
2717 2497 2797 2558 είς
2840 2495 3078 2562 πέλαγος
3115 2497 3341 2566 ἄπειρον
3373 2497 3658 2565 ἐμπεσεῖν,
3702 2495 3800 2548 καὶ
3832 2494 4069 2562 ποταμὸν

2400 2583 2739 2652 παραπλεῖν·
2774 2583 3027 2636 τοσοῦτον
3061 2584 3170 2654 γὰρ
3209 2583 3417 2636 τούτων
3471 2583 3742 2636 κάκείνων
3777 2581 3890 2636 τῶν
3925 2598 4071 2651 φρον-

2397 2669 2554 2721 τίδων
2583 2671 2644 2722 τὸ
2678 2671 2860 2740 μέσον.
2892 2670 3004 2723 Νῦν
3037 2673 3135 2741 μὲν
3165 2673 3276 2741 γάρ
3307 2675 3354 2724 εί
3386 2673 3485 2740 μὲν
3509 2671 3802 2739 δυνηθείην
3834 2671 3931 2723 καὶ
3962 2668 4069 2721 ἐτέ-

2402 2775 2515 2828 ροις
2549 2758 2801 2824 γενέσθαι
2836 2761 3124 2829 χρήσιμος,
3170 2758 3463 2828 βουλοίμην
3511 2757 3578 2810 ἂν
3615 2760 3710 2810 καὶ
3756 2759 3955 2822 αὐτὸς,
3987 2758 4072 2810 καὶ

2400 2843 2603 2913 πολλῆς
2653 2862 2742 2911 μοι
2773 2845 2930 2896 τοῦτο
2959 2845 3117 2914 ἔργον
3156 2846 3321 2915 εὐχῆς
3342 2862 3355 2874 ·
3396 2847 3444 2897 εί
3475 2839 3532 2897 δὲ
3576 2845 3675 2896 οὑκ
3704 2843 3855 2898 ἔστιν
3891 2847 4072 2913 ἕτερον

2398 2931 2611 2999 ὀνῆσαι,
2658 2932 2891 3000 ἐμαυτὸν
2924 2931 3055 3000 γοῦν
3088 2933 3184 2985 ἐάν
3219 2931 3508 3000 ἐγγένηται
3549 2931 3817 2986 διασῶσαι
3848 2931 3949 2985 καὶ
3986 2929 4070 2983 τοῦ

2399 3019 2666 3081 κλύδωνος
2691 3019 2913 3083 ἐξελεῖν,
2937 3019 3360 3089 ἀρκεσθήσομαι,
3379 3018 3575 3089 τούτῳ.
3602 3014 3759 3084 Εἶτα,
3795 3019 3964 3078 τοῦτο
3982 3018 4072 3072 οίει

2403 3106 2576 3176 μέγα,
2616 3107 2799 3176 φησὶν,
2831 3101 2990 3168 εἶναι,
3040 3108 3068 3159 ὁ
3102 3106 3478 3169 ΒΑΣΙΛΕΙΟΣ,
3514 3107 3650 3170 ὅλως
3687 3107 3743 3159 δὲ
3779 3107 3880 3159 καὶ
3907 3107 4073 3176 σωθήο

2401 3193 2586 3246 σεσθαι
2620 3191 2888 3261 νομίζεις,
2924 3193 3125 3262 ἐτέρων
3155 3194 3342 3263 μηδενὶ
3363 3193 3382 3232 ί
3419 3195 3711 3264 γενόμενος
3769 3197 4070 3266 χρήσιμος

2399 3282 2730 3334 ΧΡΥΣΟΣΤ.
2770 3280 2922 3353 [450]
2958 3278 3031 3333 Εὖ
3063 3284 3155 3334 καὶ
3182 3282 3384 3345 καλῶς,
3437 3283 3596 3352 ἔφην,
3639 3283 3875 3353 εἴρηκας
3902 3301 3916 3314 ·
3966 3282 4074 3335 οὐδὲ

2399 3369 2508 3439 γὰρ
2537 3370 2696 3430 αὐτὸς
2723 3368 2880 3420 τοῦτο
2904 3368 3181 3421 πιστεύειν
3207 3360 3343 3438 ἔχω,
3373 3371 3455 3422 ὅτι
3488 3369 3755 3432 σώζεσθαι
3782 3369 3969 3423 ἔνεστι
3994 3369 4074 3421 τὸν

2398 3457 2552 3509 οὐδὲν
2580 3458 2657 3518 εἰς
2680 3457 2776 3525 τὴν
2805 3457 2899 3507 τοῦ
2929 3456 3154 3525 πλησίον
3183 3457 3460 3526 κάμνοντα
3485 3458 3782 3527 σωτηρίαν.
3808 3458 3952 3510 Οὐδὲ
3980 3458 4074 3526 γὰρ

2400 3545 2610 3596 ἐκεῖνον
2636 3542 2728 3594 τὸν
2758 3542 2991 3595 δείλαιον
3025 3541 3203 3613 ὤνησέ
3237 3559 3299 3595 τι·
3324 3543 3384 3594 τὸ
3420 3545 3494 3613 μὴ
3529 3543 3759 3613 μειῶσαι
3786 3545 3852 3596 τὸ
3888 3545 4076 3597 τάλαν·

2399 3647 2510 3693 τον,
2571 3629 2705 3682 ἀλλά
2742 3630 2835 3681 καὶ
2866 3629 3112 3682 ἀπώλεσε
3157 3630 3219 3682 τὺ
3262 3629 3336 3700 μὴ
3383 3629 3667 3683 πλεονάσαι
3710 3631 3806 3683 καὶ
3861 3629 4076 3683 διπλοῦν

2400 3721 2809 3789 προσενεγκεῖν.
2845 3718 2991 3788 Πλὴν
3021 3718 3136 3770 ἀλλ’
3174 3718 3588 3786 ἐπιεικεστέραν
3623 3735 3714 3788 μοι
3753 3718 3858 3789 τὴν
3909 3735 4076 3788 τιμω-

2404 3806 2526 3877 ρίαν
2553 3801 2711 3874 οίμαι
2737 3803 2954 3856 ἔσεσθαι
2980 3803 3367 3873 ἐγκαλουμένῳ
3396 3805 3484 3858 διὰ
3517 3805 3570 3856 τί
3615 3793 3696 3874 μῆ
3721 3805 3817 3856 καὶ
3860 3805 4078 3875 ἑτέρους

2401 3893 2602 3958 ἔσωσα,
2619 3892 2651 3961 ἢ
2668 3893 2716 3944 εί
2734 3893 2825 3944 καὶ
2841 3893 2867 3932 ε
2888 3892 2974 3943 ἐτέ
2984 3909 3110 3961 ρους
3127 3893 3218 3945 καὶ
3235 3891 3469 3960 ἐμαυτὸν
3492 3888 3924 3962 προσαπιὶιλεσα,
3951 3889 4077 3943 πολὺ

2400 3980 2598 4051 χείρων
2641 3980 2930 4048 γενόμενος
2965 3977 3108 4048 μετὰ
3146 3979 3246 4050 τὴν
3275 3978 3544 4049 τοσαύτην
3585 3980 3770 4048 τιμήν.
3819 3978 3946 4032 Νῦν
3991 3979 4078 4047 μὲν

2398 4068 2508 4139 γάρ
2547 4065 2819 4137 τοσαύτην
2865 4065 3085 4118 ἔσεσθαί
3131 4065 3220 4135 μοι
3253 4064 3494 4118 πιστεύω
3531 4065 3630 4136 τὴν
3662 4065 3915 4129 κόλασιν,
3955 4067 4080 4134 ὅσην

2400 4158 2623 4208 ἀπαιτεῖ
2649 4155 2757 4207 τῶν
2797 4154 3209 4226 ἁμαρτημάτων
3236 4153 3297 4207 τὸ
3333 4152 3590 4223 μέγεθος·
3639 4153 3778 4223 μετά
3802 4143 3888 4206 δὲ’
3911 4153 3976 4207 τὸ
4004 4153 4080 4206 δέ-

2401 4242 2595 4307 ξασθαι
2637 4241 2734 4312 τὴν
2773 4242 2975 4312 ἀρχὴν,
3007 4243 3068 4295 οὐ
3109 4240 3303 4310 διπλῆν
3338 4243 3498 4310 μόνον
3534 4242 3626 4294 καὶ
3655 4241 3919 4312 τριπλῆν,
3952 4241 4077 4295 ἀλλὰ

2401 4333 2495 4386 καὶ
2520 4330 2977 4392 πολλαπλασίονα,
3003 4327 3081 4398 τῷ
3101 4346 3161 4381 τε
3191 4328 3442 4392 πλείονας
3468 4328 3844 4394 σκανδαλίσαι,
3887 4331 3986 4384 καὶ
4011 4326 4077 4396 τῷ

2403 4418 2542 4490 μετά
2587 4419 2808 4489 μείζονα
2840 4418 3006 4491 τιμὴν
3040 4416 3417 4487 προσκροῦσαι
3456 4417 3534 4486 τῷ
3571 4417 3902 4486 τετιμηκότι
3946 4417 4076 4485 Θεῷ.

2452 4511 2518 4562 ια’
2531 4547 2542 4558 .
2560 4506 2657 4556 Διά
2669 4523 2749 4557 τοι
2765 4504 2921 4557 τοῦτο
2939 4505 3032 4556 καὶ
3045 4504 3153 4554 τῶν
3170 4503 3518 4574 Ἰσραηλιτῶν
3540 4504 3906 4574 σφοδρότερον
3924 4521 4080 4573 κατη-

2400 4613 2463 4662 γο
2474 4595 2600 4664 ρῶν,
2635 4595 2808 4662 τούτῳ
2829 4591 3099 4644 δείκνυσιν
3126 4592 3321 4651 αὐτοὺς
3344 4590 3587 4661 μείζονος
3611 4591 3773 4654 ὄντας
3800 4592 4080 4652 κολάσεως

2402 4685 2587 4751 ἀξίους
2619 4683 2697 4755 τῷ
2734 4684 2965 4753 μετὰ,τά
2989 4685 3118 4753 παρ’
3147 4681 3308 4736 αὑτοῦ
3341 4684 3640 4754 γενομένας
3665 4685 3744 4746 είς
3773 4684 3987 4748 αὐτοὺς
4013 4701 4081 4735 τι-

2405 4777 2516 4844 μάς·
2544 4774 2830 4840 ἁμαρτεῖν,
2871 4769 3002 4823 ποτὲ
3032 4770 3130 4840 μέν
3156 4771 3359 4838 λέγων’
3389 4770 3753 4840 Πλὴνύμᾶς
3787 4771 3996 4840 ἔγνων
4022 4773 4081 4823 ἑκ

2403 4861 2618 4914 πασῶν
2642 4859 2762 4911 τῶν
2790 4857 3004 4926 φυλῶν
3027 4856 3135 4923 τῆς
3159 4857 3292 4924 τῆς,
3325 4857 3422 4911 διὰ
3454 4858 3630 4911 τοῦτο
3655 4858 3971 4926 ἐκδικήσω
3997 4859 4080 4925 ἐφ’

2403 4949 2559 5017 ὑμᾶς
2583 4949 2687 5011 τὰς
2710 4948 2988 5011 ἀσεϐείας
3011 4946 3038 4984 ιι
3071 4946 3266 5014 ὑμῶν’
3295 4945 3424 4998 ποτέ
3454 4945 3512 4998 δέ
3531 4963 3545 4977 ο
3579 4947 3847 5000 Ἐλαὸον
3873 4947 3948 5000 ὲκ
3976 4945 4082 5000 τῶν

2401 5037 2548 5091 υἱῶν
2591 5034 2762 5104 ὑμῶν
2804 5037 2886 5096 εἰς
2934 5032 3281 5100 προφήτας,
3327 5034 3425 5086 καὶ
3471 5033 3540 5086 ἐκ
3574 5031 3692 5086 τῶν
3736 5021 4082 5101 νεανίσκων

2403 5123 2569 5193 ὑμῶν
2596 5126 2684 5187 είς
2719 5123 3038 5190 ἁγιασμόν.
3077 5121 3186 5172 Καὶ
3220 5120 3325 5192 πρὸ
3367 5120 3474 5173 τῶν
3517 5119 3808 5192 προφητῶν
3851 5123 3952 5175 ἐπὶ
3982 5122 4082 5174 τῶν

2404 5215 2606 5268 θυσιῶν
2641 5212 2812 5276 δεῖξαι
2855 5208 3178 5279 βουλόμενος
3205 5209 3286 5262 ὅτι
3325 5209 3394 5262 τά
3433 5211 3807 5280 ἁμαρτήματα
3859 5209 4081 5281 μείζονα

2404 5303 2681 5372 ἐκδέχεται
2728 5299 2907 5370 πολλῷ
2945 5298 3044 5368 τὴν
3084 5297 3374 5367 τιμωρίαν,
3418 5299 3546 5352 ὅταν
3594 5299 3699 5350 ὑπὸ
3743 5298 3854 5352 τῶν
3895 5299 4083 5370 ἱερέων

2405 5391 2644 5463 γίνηται,
2684 5390 2717 5461 ἢ
2742 5392 2867 5444 ὅταν
2892 5389 2997 5442 ὑπὸ
3021 5385 3130 5439 τῶν
3155 5386 3402 5456 ἰδιωτῶν,
3439 5387 3768 5458 προστάττει
3805 5385 4081 5454 τοσαύτην

2469 5583 2488 5604 ⁸
2514 5583 2663 5652 S_:_avil.
2688 5585 2741 5628 et
2756 5580 2962 5652 ma§ima
2988 5591 3098 5651 ρει-’1⁵8
3119 5591 3232 5651 ωδε.
3261 5577 3315 5624 οῦ
3342 5575 3410 5652 δέἶ
3432 5591 3518 5648 σοι,
3540 5572 3732 5649 πόνων,
3747 5571 3876 5652 ἵοὐδὲ

2407 5647 2503 5741 δας.
2531 5644 2702 5750 Μοτεὲι.
2729 5634 3093 5749 οὐδείςδσοιτῶν
3116 5639 3272 5686 πόνων
3295 5638 3475 5685 τούτων
3499 5634 3641 5693 ἀγὼν,
3684 5634 3794 5682 οὖδὶ

2525 5705 2622 5751 Alii
2671 5704 2791 5751 τέοω
2819 5720 2881 5751 μη
2915 5702 2996 5750 ενὶ.

2475 5708 2494 5741 ῖ
2525 5708 2622 5753 Alii
2648 5708 2791 5764 ἑτέρῳ
2819 5708 2996 5763 μηδενί.

2471 5771 2496 5805 5
2519 5763 2613 5814 Alii
2636 5766 2817 5819 ἔσωσα,
2842 5765 2870 5818 ἦ
2898 5763 3020 5810 διατί
3042 5762 3139 5809 καί.

2470 5827 2500 5867 λ
2525 5828 2622 5878 Mil
2646 5827 2727 5881 τὰς
2753 5824 2954 5880 ἀδικίας.
