4158 6316
131 433 242 489 685

131 546 292 608 dare,
325 545 576 600 mulieres
590 558 719 599 vero
748 540 1017 613 negligere
1042 557 1055 592 :
1086 554 1187 609 qua
1210 538 1261 592 in
1285 554 1344 593 re
1368 537 1571 606 majore
1594 551 1729 605 opus

131 647 219 692 est
240 636 602 704 providentia
622 676 639 702 ,
670 633 811 704 quod
850 632 916 687 ad
948 626 1275 704 peccandum
1304 628 1390 684 hic
1416 642 1576 685 sexus
1607 642 1730 694 pro—

133 730 299 782 clivis
327 729 428 787 sit;
462 726 557 781 sed
594 734 806 793 oportet
842 738 965 780 eum
1008 722 1095 790 qui
1114 722 1478 790 episcopatum
1506 718 1729 772 sortitus

132 820 203 870 sit
224 858 242 882 ,
295 832 483 870 earum
514 813 762 870 curandae
790 812 1176 874 incolumitati,
1206 814 1250 865 si
1283 826 1386 865 non
1418 809 1675 878 majorem
1710 848 1727 873 ,

129 917 288 962 certe
308 922 487 976 parent
504 904 913 961 sollicitudinem
938 902 1263 972 impendere.
1281 900 1512 956 Necesse
1537 900 1732 969 quippe

131 1007 216 1049 est
243 996 372 1049 illas
399 997 627 1051 invisere
655 1002 1011 1065 aegrotantes,
1042 990 1305 1049 consolari
1346 992 1617 1060 lugentes,
1649 990 1729 1045 iu-

129 1102 365 1155 crepare
419 1086 706 1150 socordes,
760 1087 947 1153 juvare
1018 1085 1336 1145 laborantes.
1417 1084 1551 1136 Dum
1615 1080 1731 1134 hare

130 1193 269 1231 vero
302 1177 457 1244 fiunt,
478 1178 673 1232 multos
695 1177 982 1247 adrepeudi
1012 1178 1184 1232 aditus
1205 1177 1437 1230 inveniet
1467 1176 1729 1243 malignus

131 1268 249 1333 ille,
286 1268 390 1322 nisi
422 1269 540 1338 quis
578 1279 830 1322 accurata
882 1282 941 1321 se
984 1267 1226 1321 custodia
1260 1266 1483 1321 muniat.
1516 1264 1728 1318 Etenim

131 1376 242 1414 non
276 1362 558 1429 impudicae
585 1361 778 1425 solum,
803 1360 895 1413 sed
921 1359 1122 1428 pudicm
1146 1360 1307 1411 etiam
1341 1357 1577 1410 mulieris
1602 1371 1731 1409 ncu-

130 1449 217 1504 lus
245 1451 485 1503 animum
515 1449 669 1513 ferit,
695 1450 1027 1504 adulationes
1054 1450 1368 1511 emolliunt,
1401 1448 1636 1501 honores
1672 1448 1725 1500 in

130 1542 452 1596 servitutem
503 1542 793 1611 redigunt:
838 1542 1139 1610 caritasque
1174 1540 1418 1603 fervens,
1464 1539 1726 1592 bonorum

129 1644 298 1685 causa
326 1631 587 1696 omnium,
617 1646 720 1685 noo
743 1642 889 1686 recte
916 1631 1003 1684 illa
1025 1632 1295 1686 utentibus
1316 1630 1575 1683 malorum
1606 1643 1726 1682 om-

130 1721 286 1775 nium
318 1727 477 1775 causa
523 1720 772 1789 efﬁcitur.
822 1722 1122 1791 Aliquando
1148 1722 1306 1776 etiam
1342 1720 1725 1775 sollicitudines

127 1808 449 1880 frequentes
493 1813 690 1865 mentis
737 1825 964 1867 acumen
1013 1812 1312 1877 hebetant,
1347 1812 1725 1879 volucremque

127 1901 357 1970 plumbo
381 1902 685 1972 graviorem
700 1903 950 1958 reddunt.
966 1903 1206 1972 Denique
1231 1904 1328 1966 ira,
1351 1919 1469 1972 qua:
1484 1903 1721 1956 animum

128 1990 398 2045 invaserit
425 2032 442 2058 ,
496 1992 627 2047 fumi
659 1993 827 2047 instar
854 1994 1106 2048 interiora
1136 1994 1345 2049 obtinet
1366 1994 1565 2047 omnia.
1594 1993 1725 2059 Quis

129 2079 352 2135 tandem
407 2082 608 2151 reliqua
656 2092 934 2138 recenseat
973 2083 1164 2137 damna
1210 2082 1230 2116 ³
1262 2124 1279 2148 ,
1330 2083 1677 2137 contumelias
1705 2123 1721 2148 ,

128 2174 440 2239 molestias,
472 2176 855 2245 querimonias,
885 2186 996 2230 tum
1024 2176 1324 2246 digniorum
1346 2217 1361 2241 ,
1390 2185 1500 2228 tum
1532 2176 1721 2245 vulga—

125 2262 296 2329 rium,
328 2274 437 2318 tum
462 2265 834 2333 prudentium,
868 2276 977 2319 tum
1008 2266 1469 2334 imprudentium?
1516 2272 1519 2273 '

195 2354 254 2408 9.
290 2352 414 2408 Non
450 2372 558 2409 esse
582 2356 989 2410 condemnanda
1018 2357 1154 2427 vulgi
1210 2358 1517 2425 suspiciones
1568 2357 1718 2410 etiam

124 2445 316 2513 falsas.
345 2472 417 2485 -ρ
443 2446 553 2501 Hoc
581 2448 723 2501 enim
752 2448 983 2502 maxime
1011 2463 1181 2517 genus
1206 2463 1393 2502 eorum
1419 2490 1433 2511 ,
1456 2448 1545 2517 qui
1572 2460 1721 2501 recto

121 2537 293 2590 animi
318 2538 520 2605 judicio
547 2548 752 2603 carent,
780 2539 1014 2608 querelis
1043 2526 1280 2593 deditum
1305 2549 1408 2602 est,
1442 2554 1542 2592 nec
1564 2538 1720 2593 facile

121 2632 532 2686 excusationem
573 2632 824 2686 admittit.
868 2633 1098 2687 Probum
1137 2648 1265 2686 vero
1313 2632 1605 2685 antistitem
1651 2647 1720 2685 ne

120 2720 225 2775 hos
250 2722 469 2792 quidem
499 2733 843 2779 contemnere
868 2740 964 2793 par
987 2734 1069 2779 est
1092 2766 1106 2790 ,
1148 2724 1243 2778 sed
1266 2724 1404 2793 apud
1432 2738 1620 2778 omnes
1650 2723 1719 2778 de

120 2813 326 2867 oblatis
353 2815 813 2869 criminationibus
858 2830 978 2869 sese
1027 2831 1255 2885 purgare
1281 2857 1296 2881 ,
1349 2816 1509 2885 idque
1550 2817 1716 2870 multa

119 2918 249 2960 eum
275 2906 529 2959 comitate
555 2916 609 2959 et
634 2906 1076 2972 mansuetudine,
1106 2908 1313 2977 iniquas
1335 2909 1509 2975 potius
1538 2907 1716 2961 crimi-

119 2994 375 3051 nationes
399 2996 790 3049 condonantcm
812 3037 827 3059 ,
860 3011 1017 3065 quam
1044 2998 1256 3065 indigne
1284 3008 1338 3052 et
1376 3014 1515 3065 :egre
1536 2996 1716 3051 feren-

120 3093 255 3149 tem.
286 3083 345 3138 Si
372 3085 515 3138 enim
548 3085 732 3139 beatus
754 3085 948 3139 Paulus
975 3102 1041 3139 ne
1066 3085 1119 3139 iu
1161 3086 1284 3139 furti
1312 3087 1450 3155 apud
1480 3086 1714 3155 discipu-

117 3171 203 3225 los
241 3173 601 3240 suspicionem
653 3175 857 3228 veniret
890 3175 1095 3240 timuit,
1148 3176 1372 3244 ideoque
1400 3186 1454 3230 et
1496 3176 1630 3229 alios
1661 3176 1715 3230 in

118 3263 474 3332 pecuniarum
495 3263 1008 3319 administrationem
1035 3281 1215 3320 secum
1259 3267 1581 3335 assumpsit:
1636 3266 1717 3320 Ne

120 3354 258 3421 quis,
292 3354 485 3423 inquit,
511 3370 601 3407 nos
628 3355 872 3424 vituperet
899 3357 951 3408 in
980 3356 1075 3407 hac
1100 3357 1411 3425 plenitudine
1439 3398 1454 3421 ,
1482 3373 1595 3425 quae
1620 3358 1716 3410 mi-

118 3444 374 3497 nistratur
401 3462 432 3497 a
459 3444 598 3498 nobis
620 3444 697 3513 (2.
726 3444 845 3500 Cor.
866 3446 918 3500 8.
945 3445 1037 3510 ΞΟ)
1060 3464 1074 3511 ;
1116 3448 1383 3517 quomodo
1404 3464 1507 3501 non
1536 3448 1713 3501 omnia

120 3548 150 3586 a
178 3534 339 3589 nobis
368 3535 570 3605 agenda
595 3546 720 3589 sunt
741 3578 755 3599 ,
784 3546 844 3591 ut
870 3552 1061 3606 pravas
1085 3540 1417 3608 suspiciones
1441 3540 1509 3594 de
1537 3542 1712 3593 medio

120 3627 394 3689 tollamus,
423 3629 522 3683 etsi
553 3628 699 3683 falsae
724 3630 850 3694 illm,
882 3639 932 3685 et
954 3631 998 3684 si
1027 3630 1269 3685 absurda:
1288 3631 1501 3698 fuerint,
1522 3633 1713 3687 etiam-

119 3717 164 3769 si
186 3718 257 3770 ab
286 3719 679 3779 existimatione
710 3730 889 3775 nostra
917 3723 1074 3791 lange
1101 3723 1209 3777 sint
1235 3724 1422 3778 aliena:
1444 3726 1466 3777 ?
1490 3728 1532 3778 A
1564 3727 1711 3779 nullo

119 3808 320 3878 quippe
347 3825 443 3863 nos
471 3820 691 3878 peccato
710 3821 915 3867 tantum
942 3815 1195 3869 absumus
1212 3856 1227 3880 ,
1246 3828 1499 3886 quantum
1521 3819 1712 3873 Paulus

118 3914 148 3950 a
197 3898 377 3953 furto:
415 3910 649 3956 attamen
697 3919 817 3956 cum
856 3919 887 3956 a
931 3920 1093 3973 pravo
1140 3906 1439 3975 hujusmodi
1474 3908 1711 3964 facinore

118 3988 256 4044 adeo
283 4000 521 4046 remotus
550 4001 726 4059 esset,
773 4010 841 4047 ne
879 3994 957 4049 sic
983 3996 1193 4065 quidem
1222 4000 1505 4053 multorum
1530 4000 1708 4070 suspi-

117 4080 331 4133 cionem
382 4083 660 4150 neglexit,
712 4086 920 4139 etiamsi
974 4087 1517 4159 admoduminiquam
1545 4102 1706 4162 atque

120 4170 390 4224 insanam.
420 4172 625 4228 Insania
654 4177 794 4229 enim
819 4176 1006 4231 fuisset
1035 4180 1137 4233 tale
1162 4181 1708 4252 quidpiam_suspicari

114 4260 182 4313 de
208 4261 370 4315 beato
400 4262 491 4317 illo
518 4273 572 4319 et
600 4265 910 4321 admirando
937 4270 1109 4337 capite
1139 4272 1159 4302 ³
1191 4288 1204 4324 :
1243 4271 1589 4327 nihilominus
1618 4285 1701 4328 ta-

117 4365 242 4404 men
276 4352 366 4406 ille
412 4355 731 4425 suspicionis
768 4366 873 4410 tam
912 4358 1158 4414 absurda:
1188 4402 1203 4425 ,
1247 4377 1367 4432 qua:
1408 4365 1618 4419 nonnisi
1646 4366 1700 4419 in

120 4442 313 4497 furiosi
335 4445 630 4515 cujuspiam
662 4458 895 4504 mentem
920 4452 1101 4506 venire
1131 4463 1366 4521 poterat,
1394 4458 1705 4513 occasiones

117 4534 208 4589 diu
231 4544 361 4591 ante
376 4539 529 4592 tollit:
552 4556 721 4608 neque
746 4558 875 4597 vero
900 4545 1040 4613 vulgi
1068 4551 1393 4618 contempsit
1417 4550 1700 4618 insaniam,

118 4643 299 4699 neque
325 4630 496 4686 dixit:
524 4631 618 4688 Cui
647 4651 894 4705 umquam
925 4638 976 4691 in
1011 4649 1243 4693 mentem
1270 4641 1447 4695 veniat
1487 4643 1607 4697 talia
1637 4643 1706 4700 de

118 4721 275 4775 nobis
306 4724 594 4791 suspicari,
624 4726 836 4795 quando
860 4728 1093 4785 universi
1123 4746 1222 4785 nos
1246 4743 1355 4784 tttm
1375 4734 1582 4803 asignis
1606 4734 1706 4789 mi-

118 4812 421 4882 raeulisque
451 4854 467 4878 ,
502 4825 611 4869 tum
638 4830 668 4869 a
696 4818 957 4886 probitate
1004 4820 1125 4875 vita:
1171 4821 1361 4877 honori
1390 4833 1446 4877 et
1472 4826 1707 4880 admira-

118 4903 254 4958 tioni
289 4902 529 4960 habent?
553 4908 645 4963 sed
672 4921 855 4965 contra
883 4912 974 4967 ille
1026 4923 1082 4968 et
1130 4915 1430 4982 suspicatus
1458 4928 1539 4972 est
1582 4919 1603 4950 ³
1649 4928 1703 4974 et

115 4996 453 5060 exspectavit
484 4995 620 5053 hanc
648 5000 762 5055 fore
790 5002 982 5056 malam
1010 5005 1390 5072 suspicionem,
1432 5017 1485 5063 et
1513 5010 1704 5065 radici-

118 5089 200 5170 tus
228 5082 379 5137 illam
407 5086 633 5154 avulsit;
666 5093 774 5145 lmo
804 5094 977 5161 potius
1005 5094 1147 5148 illam
1182 5113 1248 5150 ne
1267 5100 1463 5153 exoriri
1486 5102 1701 5169 quidem

117 5188 310 5240 passus
336 5184 435 5231 est.
458 5177 635 5244 Quare
654 5182 679 5234 Ἰ
708 5182 1038 5261 Providentia
1063 5229 1078 5252 ,
1124 5188 1294 5259 inquit
1325 5232 1341 5254 ,
1372 5190 1505 5245 bona
1535 5235 1551 5259 ,
1598 5211 1699 5249 non

120 5276 524 5325 tantam-coram
567 5270 787 5329 Domino
819 5318 835 5342 ,
866 5277 956 5332 sed
990 5280 1141 5334 etiam
1197 5298 1367 5336 coram
1416 5284 1700 5340 hominibus

122 5355 296 5427 (flant.
332 5359 419 5413 12.
453 5362 540 5434 l7)
594 5363 818 5420 Tantum
846 5368 1081 5434 scilicet,
1128 5371 1237 5426 imo
1278 5375 1449 5444 majus
1487 5386 1700 5447 oportet

162 5554 573 5635 :’__':|_'0__!t_3fbi§..
596 5561 708 5635 otiis
748 5563 945 5615 tandem
986 5564 1174 5628 reliqua
1205 5578 1456 5635 ,γέφυραι
1497 5573 1696 5635 damna,

118 5612 299 5726 ῗιῗεἝῗῗέ
484 5612 811 5687 πάππα
988 5612 1694 5700 agamnam:

176 5739 196 5814 ξ
228 5738 464 5814 stg‘savil.
488 5741 664 5814 etalii;
697 5747 882 5810 March,
906 5748 1200 5804 admiranda
1215 5754 1392 5805 anima.

178 5798 198 5831 ³
232 5798 317 5849 ΑΙὶί
354 5801 601 5860 ρναὶάὶι.
648 5798 661 5821 ⁷

1317 424 1403 480 οε
1441 419 1889 481 SACEBDOTIO.
1933 421 2065 477 UB.
2103 422 2193 479 Vl.

3323 430 3430 489 655

1843 535 2077 590 studium
2107 535 2362 591 adhibere
2386 578 2401 602 ,
2427 546 2483 591 ιιι
2509 554 2613 591 non
2642 538 2800 593 modo
2830 542 3024 594 malam
3046 540 3318 595 subortam
3350 544 3429 597 fa-

1842 642 1984 687 matn
2025 642 2300 681 arceamus
2326 669 2341 690 ,
2386 627 2479 681 sed
2508 629 2666 681 etiam
2699 638 2754 681 ut
2782 630 2964 699 procul
2996 632 3382 699 prostticiauius
3412 673 3426 696 ,

1843 720 1982 772 unde
2009 734 2069 773 ea
2100 720 2225 773 oriri
2250 721 2416 787 possit
2443 737 2455 771 :
2485 730 2532 774 et
2554 722 2861 775 occasiones
2884 722 3257 789 prmscindere,
3286 722 3430 777 unde

1840 828 1902 865 ea
1935 800 2167 865 nascitur
2187 852 2201 876 ,
2246 827 2417 881 neque
2456 824 2769 881 exspectare
2797 814 2921 867 dum
2945 814 3346 883 percrebrescat
3372 823 3429 869 et

1842 903 1892 956 in
1920 903 2057 971 vulgi
2089 919 2182 955 ore
2209 912 2467 956 vetsetur.
2514 902 2661 957 Tune
2695 908 2837 958 enim
2869 919 2973 958 non
3017 904 3169 958 facile
3197 916 3279 957 est
3305 920 3424 960 eam

1839 993 2050 1055 delere,
2102 994 2208 1045 imo
2255 994 2543 1048 admodum
2571 995 2788 1055 difﬁcile
2810 1035 2825 1061 ,
2856 993 3100 1065 forteque
3129 994 3274 1048 nulla
3307 1004 3424 1049 arte

1842 1083 1953 1137 ﬁeri
1984 1085 2183 1151 possit;
2214 1100 2384 1154 neque
2400 1086 2634 1153 periculo
2651 1094 2819 1147 vacat,
2839 1101 2903 1139 ne
2922 1086 3207 1140 multorum
3227 1086 3425 1139 damno

1841 1183 1965 1231 tunc
1991 1175 2097 1227 ﬁat.
2128 1176 2230 1229 Sed
2261 1192 2537 1244 quousque
2572 1176 2783 1229 laudent
2811 1177 3136 1231 immorabor
3162 1178 3213 1229 in
3244 1192 3426 1244 perse-

1836 1266 2062 1333 quendis
2081 1266 2163 1331 iis,
2189 1279 2305 1335 quae
2326 1268 2536 1335 assequi
2557 1268 2773 1322 minime
2795 1269 2992 1335 possint
3015 1268 3039 1320 ?
3064 1284 3185 1322 nam
3208 1284 3421 1330 omnes,

1836 1372 1955 1425 quae
1994 1356 2102 1409 illic
2142 1358 2860 1421 occurrunt,difﬁcultates
2909 1374 3193 1413 recensere
3223 1400 3239 1424 ,
3289 1359 3421 1412 nihil

1834 1446 1975 1500 aliud
2035 1447 2186 1500 fuerit
2219 1489 2235 1513 ,
2283 1464 2441 1515 quam
2496 1448 2711 1517 pelagus
2764 1449 2937 1517 ipsum
2987 1450 3239 1503 dimetiri.
3287 1449 3420 1504 Nam

1834 1537 2043 1589 etiamsi
2084 1537 2203 1605 quis
2231 1537 2298 1590 ab
2328 1539 2479 1591 omni
2507 1538 2670 1591 animi
2698 1539 3013 1609 a'gritudine
3055 1554 3217 1607 purus
3242 1548 3385 1593 esset
3403 1581 3419 1603 ,

1834 1628 1975 1699 quod
2004 1630 2221 1684 minime
2254 1630 2365 1684 fieri
2389 1639 2584 1699 potest,
2604 1640 2661 1683 ut
2690 1630 2915 1685 aliorum
2943 1631 3134 1686 delicta
3165 1633 3417 1701 corrigat,

1835 1722 2111 1780 innumera
2135 1721 2243 1791 pati
2271 1723 2478 1790 cogitur
2503 1723 2659 1775 mala.
2685 1724 2888 1788 Quibus
2913 1723 2955 1777 si
2981 1723 3146 1776 addas
3174 1724 3421 1793 proprias

1833 1810 2218 1880 aegritudines,
2274 1811 2395 1866 vide
2444 1811 2572 1865 mihi
2621 1811 2860 1865 laborum
2898 1812 3421 1881 sollicitudinumque

1830 1901 2079 1971 abyssum
2106 1902 2374 1970 ingentem
2407 1942 2423 1965 ,
2468 1912 2523 1956 et
2555 1912 2751 1971 quanta
2779 1902 2996 1957 ferenda
3025 1904 3134 1958 sint
3172 1904 3224 1957 itt
3255 1918 3419 1973 supe-

1831 1993 2015 2047 randis
2043 1994 2269 2063 propriis
2291 1994 2586 2063 alienisque
2617 1996 2775 2048 vitiis.

1904 2086 1989 2139 10.
2020 2085 2139 2139 Non
2166 2086 2336 2155 magni
2364 2094 2471 2139 esse
2498 2088 2681 2155 negotii
2703 2087 2923 2154 seipsttm
2941 2069 3162 2140 servare.
3185 2114 3256 2127 —-
3281 2085 3417 2139 Tum

1830 2175 2156 2231 BASILIUS.
2190 2176 2341 2230 Nunc
2366 2192 2514 2239 vero,
2542 2177 2728 2247 inquit,
2761 2178 2964 2230 nullum
2988 2177 3081 2230 tibi
3115 2178 3304 2230 horum
3331 2176 3417 2229 la-

1826 2266 2015 2321 borum
2042 2276 2348 2331 certamen;
2381 2274 2435 2321 ct
2469 2269 2614 2321 curis
2634 2282 2826 2332 vacas,
2872 2269 2999 2322 dum
3043 2277 3214 2337 tecum
3254 2268 3413 2322 vivis.

1825 2356 2197 2410 CllRYSOST.
2223 2356 2429 2411 Adsunt
2456 2367 2511 2411 et
2540 2375 2680 2413 nunc
2705 2374 2865 2418 curm.
2894 2361 3126 2429 inquam.
3152 2359 3250 2425 Qui
3269 2358 3414 2411 enim

1827 2447 1939 2500 ﬁeri
1971 2456 2143 2514 potest
2171 2447 2441 2501 hominem
2474 2447 2613 2503 hanc
2643 2464 3001 2501 mrumnosam
3029 2449 3191 2501 vitam
3214 2448 3416 2501 ducen-

1830 2537 2101 2589 temcuris
2122 2539 2488 2606 augustiisque
2505 2538 2733 2592 vacare?
2757 2538 2950 2591 Verum
2975 2554 3079 2591 non
3102 2537 3239 2599 idem
3263 2538 3414 2591 labor

1823 2636 1926 2692 est,
1972 2628 2291 2681 immensum
2338 2628 2389 2680 in
2435 2629 2652 2697 pelagus
2690 2628 2945 2692 incidere,
2976 2638 3031 2681 et
3063 2628 3259 2681 ﬂumen
3305 2636 3415 2681 tra~

1817 2717 2022 2785 jicere:
2052 2732 2149 2786 par
2174 2718 2371 2786 quippe
2398 2728 2481 2771 est
2521 2719 2658 2771 inter
2684 2720 2779 2772 has
2821 2728 2877 2773 et
2917 2719 3036 2773 illas
3064 2735 3221 2773 curas
3250 2720 3414 2774 inter.

1822 2808 2043 2860 vallum.
2086 2808 2348 2876 Equidem
2395 2809 2439 2861 si
2492 2823 2705 2877 possem
2751 2810 2975 2863 aliorum
3021 2812 3224 2865 servire
3265 2827 3413 2865 cout-

1822 2897 2019 2962 modis,
2054 2898 2104 2951 id
2136 2899 2322 2951 vellem
2348 2913 2411 2953 ac
2439 2899 2619 2951 multis
2638 2902 2775 2952 votis
2797 2910 3104 2969 exoptarem
3133 2920 3145 2955 :
3175 2902 3254 2954 sin
3278 2900 3412 2955 alios

1815 2987 2005 3056 juvare
2044 3004 2148 3042 non
2180 2992 2400 3057 possim,
2428 3001 2483 3043 at
2514 2990 2643 3043 mihi
2681 3000 2826 3045 certe
2854 2992 2984 3045 satis
3013 3008 3133 3047 esse
3176 2994 3372 3061 putabo
3392 3034 3410 3058 ,

1818 3079 1863 3131 si
1892 3094 1975 3131 me
2002 3094 2218 3133 servare
2248 3089 2301 3133 et
2325 3095 2389 3133 ex
2422 3078 2668 3134 ﬂuctibus
2688 3096 2877 3135 eruere
2905 3082 3123 3150 possim.
3155 3082 3409 3149 Putasne,

1820 3169 1989 3238 inquit
2020 3169 2345 3233 BASILIUS,
2376 3179 2425 3225 te
2446 3172 2670 3226 salutem
2691 3175 2943 3242 consequi
2968 3188 3144 3242 posse,
3164 3176 3251 3242 qui
3279 3176 3409 3229 alio-

1819 3277 1936 3314 rum
1979 3262 2244 3316 neminent
2286 3264 2390 3316 ulla
2435 3264 2487 3316 in
2536 3279 2595 3317 re
2627 3264 2868 3333 juveris?
2894 3264 3271 3322 CHRYSOST.
3301 3268 3410 3337 0p.

1818 3342 1966 3417 time,
1987 3354 2221 3421 inquam,
2249 3353 2463 3407 dixisti:
2488 3370 2661 3423 neque
2688 3358 2831 3410 enim
2861 3357 2911 3410 id
2932 3356 3153 3413 credere
3178 3359 3405 3423 valeam,

1817 3459 1974 3513 posse
2010 3446 2313 3513 quempiam
2362 3446 2589 3500 salutem
2620 3448 2897 3515 consequi,
2941 3449 3031 3518 qui
3073 3450 3137 3501 ad
3181 3452 3406 3517 proximi

1816 3539 1896 3591 sui
1920 3539 2143 3592 salutem
2173 3539 2304 3593 nihil
2334 3554 2585 3607 umquam
2616 3541 2805 3609 egerit.
2834 3540 2949 3594 Non
2978 3543 3122 3596 enim
3150 3543 3405 3597 miserum

1817 3628 1965 3682 illum
2000 3630 2172 3696 juvit,
2218 3629 2358 3697 quod
2406 3630 2661 3683 talentum
2714 3646 2820 3684 non
2874 3632 3153 3685 minuisset
3186 3631 3404 3701 (Matth.

1814 3720 1904 3774 25.
1935 3720 2057 3789 24);
2086 3719 2195 3773 imo
2224 3732 2276 3773 et
2303 3720 2535 3788 perdidit
2557 3720 2715 3787 illud,
2748 3721 2889 3790 quod
2924 3738 3029 3775 non
3059 3725 3314 3785 auxisset,
3342 3738 3407 3778 ac

1814 3812 2031 3881 daplum
2074 3821 2418 3881 reportasset.
2466 3810 2847 3866 Verumtamen
2894 3812 3021 3866 mihi
3074 3814 3241 3867 levius
3291 3813 3407 3868 fore

1812 3905 2130 3974 supplicium
2184 3905 2431 3958 existimo
2451 3946 2465 3971 ,
2493 3919 2612 3958 cum
2639 3898 2931 3979 accusabor
2959 3904 3102 3975 quod
3133 3920 3237 3959 non
3268 3907 3406 3959 alio-

1812 4011 1930 4050 rum
1956 3996 2183 4051 salutem
2204 3998 2554 4063 procurarim,
2582 4011 2741 4064 quam
2762 3982 2813 4049 si.
2836 4005 2891 4050 et
2912 3996 3045 4050 alios
3062 4006 3115 4051 et
3137 3998 3404 4065 meipsum

1813 4086 2185 4154 perdidissem,
2210 4088 2374 4139 multo
2413 4086 2648 4141 deterior
2678 4086 2899 4141 ell'ectus
2930 4096 3051 4156 post
3077 4096 3280 4141 tantum
3311 4102 3404 4141 sua

1810 4185 2050 4243 sccptum
2075 4176 2354 4229 honorem.
2371 4176 2520 4231 Nunc
2540 4178 2681 4230 enim
2713 4188 2914 4231 tantum
2938 4177 3068 4231 milii
3095 4176 3257 4232 credo
3285 4175 3403 4231 fore

1808 4269 2146 4336 supplicium,
2165 4257 2425 4337 quantum
2445 4278 2781 4336 peccatorum
2805 4270 3115 4339 magnitudo
3134 4270 3401 4338 postulat;

1810 4367 2090 4427 postquam
2116 4368 2293 4412 autem
2321 4358 2693 4427 prmfecturam
2718 4361 2855 4415 hanc
2880 4361 3260 4428 suscepissem,
3290 4376 3399 4414 non

1806 4449 2028 4518 duplum
2061 4448 2220 4503 modo
2269 4449 2576 4518 triplumve,
2618 4449 2712 4505 sed
2745 4451 3053 4521 multiplex,
3085 4451 3227 4520 quod
3273 4448 3397 4520 pl’u-

1809 4540 1956 4594 ribus
1982 4539 2305 4595 oﬂ‘endiculo
2330 4540 2550 4595 fuissem
2570 4582 2583 4603 ,
2612 4541 2862 4611 quodque
2884 4542 3149 4610 majorem
3169 4542 3399 4611 adeptus

1807 4630 2117 4702 dignitatem
2148 4632 2312 4686 Deum
2339 4648 2427 4687 me
2453 4632 2803 4687 inmorantem
2831 4633 3195 4688 offendissem.

1878 4724 1964 4778 11.
1988 4722 2278 4777 Graviarem
2301 4739 2497 4791 penam
2519 4740 2720 4777 manere
2744 4732 2948 4793 peccata
2972 4725 3309 4777 sacerdotum.
3326 4754 3398 4767 —-

1802 4815 2142 4885 Quapropter
2168 4814 2438 4869 lsraelitas
2463 4817 2830 4870 vehementius
2872 4831 3152 4884 accusans,
3179 4832 3245 4871 eo
3273 4816 3396 4871 illos

1805 4906 2008 4973 majore
2031 4904 2219 4973 dignos
2243 4905 2505 4973 supplicio
2526 4905 2770 4969 exhibet,
2803 4906 2943 4975 quod
2969 4917 3085 4975 post
3109 4908 3303 4959 multos
3327 4907 3396 4961 ab

1804 5009 1863 5050 se
1890 5004 2168 5065 susceptos
2198 4996 2429 5051 honores
2458 5007 2793 5065 peccassent,
2824 4998 2983 5051 modo
3017 4997 3202 5051 dicens
3236 5015 3250 5051 :
3292 4996 3390 5050 γε·

1804 5096 2083 5139 rumtamcn
2117 5102 2203 5139 vos
2230 5087 2345 5140 novi
2378 5103 2441 5142 ea:
2477 5089 2706 5141 omnibus
2744 5089 2971 5142 tribubus
3008 5098 3156 5142 terra:
3181 5105 3199 5140 :
3241 5105 3396 5157 prop-

1813 5189 1947 5233 terea
1967 5178 2228 5232 vindicabo
2246 5195 2400 5248 super
2413 5195 2497 5234 ttos
2512 5180 2793 5248 impietates
2812 5187 2827 5211 ⁸
2844 5191 3033 5233 vestras
3047 5180 3223 5251 (Amos
3242 5180 3293 5233 5.
3310 5178 3388 5247 2);

1803 5271 1964 5325 modo
1989 5281 2165 5327 autem
2194 5290 2208 5325 :
2235 5272 2416 5342 Accepi
2439 5288 2500 5325 ex
2528 5272 2648 5341 ﬁliis
2669 5275 2843 5327 vestris
2867 5274 2917 5327 in
2938 5274 3242 5343 prop/tetas,
3263 5284 3308 5325 et
3332 5289 3395 5327 es

1793 5362 2060 5430 juvenibus
2102 5364 2277 5417 vestris
2316 5366 2370 5417 in
2407 5366 2855 5433 sanctiﬁcationcm
2893 5364 3004 5435 (Id.
3048 5365 3103 5419 2.
3154 5366 3264 5433 Η).
3323 5365 3393 5419 Ει

1802 5462 1927 5509 ante
1967 5454 2343 5525 prophetarum
2390 5465 2630 5527 tempora
2675 5472 2797 5511 cum
2833 5456 2903 5512 de
2942 5458 3218 5513 sacriﬁciis
3261 5473 3388 5527 age-

1802 5556 1952 5602 retur
1990 5549 2274 5603 ostendere
2316 5550 2536 5616 volens,
2588 5561 2805 5620 peccata
2848 5551 3003 5621 longe
3037 5550 3225 5620 majori
3263 5566 3390 5620 sup-

1800 5637 1962 5708 plicio
2008 5640 2251 5709 expiari,
2295 5655 2415 5697 cum
2456 5656 2486 5697 a
2532 5642 2934 5708 sacerdotibus,
2983 5658 3140 5714 quam
3188 5657 3309 5697 eum
3353 5659 3382 5695 ει

1864 5820 1882 5853 ι
1919 5817 2023 5881 Αιιι,
2044 5816 2317 5881 injustt'tias.
