4198 6324
769 434 872 491 687

745 543 989 616 privatis
1011 546 1383 613 perpetrantur
1404 575 1418 598 ,
1453 532 1692 603 praecipit
1723 535 1923 581 tantum
1971 539 2066 594 pro
2096 520 2347 577 sacerdo-

773 615 913 689 tibus
941 630 1121 685 offerri
1155 625 1470 681 sacrificium
1497 664 1510 685 ,
1551 623 1804 688 quantum
1839 626 1932 684 pro
1973 615 2221 667 universo
2253 625 2348 678 po-

768 727 893 796 pulo
918 722 1100 796 (Leuit.
1146 720 1198 773 4.
1227 720 1279 772 5.
1321 715 1431 784 14).
1476 711 1626 781 Quod
1672 708 1806 764 nihil
1849 700 2303 796 significatxaliud
2329 741 2345 766 ,

769 791 938 884 quam
975 809 1269 866 sacerdotis
1310 807 1524 858 vulnera
1575 801 1775 868 majore
1824 794 2023 849 auxilio
2072 791 2347 861 indigere,

769 881 925 977 atque
956 915 1133 963 tanta,
1161 907 1358 970 quanto
1395 895 1679 963 conjuncta
1709 889 1869 945 simul
1897 885 2137 941 universi

770 971 989 1053 vulnera
1037 993 1271 1060 indigent
1325 1007 1337 1041 :
1390 999 1562 1056 porro,
1592 980 1783 1046 majori
1833 989 2166 1046 nequaquam
2215 971 2352 1026 indi-

767 1096 975 1160 gerent,
1000 1084 1101 1137 nisi
1122 1079 1362 1151 graviora
1388 1081 1568 1130 essent
1595 1091 1606 1125 :
1631 1071 1874 1142 graviora
1898 1076 2074 1121 autem
2099 1071 2223 1117 sunt
2245 1077 2352 1116 non

774 1155 961 1233 natura
985 1170 1225 1239 sua,'sed
1253 1169 1506 1238 dignitate
1526 1161 1817 1220 sacerdotis
1837 1159 1922 1211 illa
1949 1155 2228 1210 admittere
2253 1168 2350 1206 au-

767 1267 947 1323 dentis
974 1262 1086 1334 (1d.
1124 1261 1214 1315 2|.
1259 1259 1335 1327 9).
1366 1257 1432 1311 Et
1459 1252 1585 1325 quid
1618 1252 1806 1320 loquor
1854 1247 1922 1302 de
1972 1246 2098 1299 viris
2125 1243 2225 1334 hoc
2251 1243 2353 1296 mi-

772 1356 1049 1413 nisterium
1081 1344 1562 1421 pertractantibus?
1589 1342 1722 1409 Nam
1754 1349 1808 1392 et
1835 1335 2170 1392 sacerdotum
2199 1333 2343 1397 filize,

770 1443 962 1516 quibus
1004 1419 1135 1497 nihil
1160 1419 1280 1494 cuin
1310 1433 1609 1491 sacerdotio
1643 1443 1948 1493 commune,
1999 1435 2216 1496 propter
2266 1437 2359 1492 pa-

776 1513 980 1592 ternam
1010 1544 1187 1588 tamen
1223 1529 1532 1600 dignitatem
1557 1532 2144 1596 peccatorumsuorum
2188 1513 2357 1568 multo

772 1623 1101 1680 acerbiorem
1129 1625 1339 1690 pinnam
1369 1617 1596 1670 subeunt
1629 1612 1801 1686 (Deut.
1825 1608 1937 1678 22).
1968 1609 2046 1659 Ac
2073 1613 2354 1674 peccatum

772 1699 986 1784 quidem
1009 1714 1194 1769 earum
1222 1697 1453 1780 peccans
1474 1706 1698 1760 aliarum
1719 1717 1783 1756 ex
1809 1699 2025 1770 privatis
2048 1696 2359 1768 parentibus

774 1816 1155 1878 prognatarum
1209 1817 1302 1871 par
1354 1809 1407 1854 et
1455 1796 1660 1865 aequale
1713 1804 1796 1848 est
1840 1810 1853 1846 :
1905 1806 2027 1845 nam
2076 1788 2359 1843 fornicatio

773 1880 1041 1967 utrimque
1067 1905 1149 1949 est
1175 1911 1188 1946 :
1221 1892 1314 1967 sed
1339 1883 1658 1960 Supplicium
1684 1887 1839 1954 longe
1868 1883 2101 1953 gravius.

847 1987 932 2041 l2.
954 1965 1237 2054 Exemplis
1267 1965 1517 2051 ’probatur
1555 1975 1830 2031 timendum
1868 1982 1914 2027 et
1958 1970 2231 2026 dolendum
2259 1986 2364 2024 esse

773 2076 1042 2132 sacerdoti.
1079 2103 1156 2115 -—-
1203 2067 1391 2125 Viden’
1435 2083 1594 2137 quam
1643 2063 1853 2119 abunde
1898 2061 2138 2117 declaret
2180 2059 2359 2124 Deus,

777 2169 934 2236 longe
981 2166 1238 2232 majorem
1275 2176 1334 2215 se
1375 2173 1588 2229 plenam
1614 2171 1646 2211 a
1674 2155 1914 2226 principe
1935 2196 1950 2218 ,
1984 2168 2144 2222 quam
2171 2166 2199 2204 a
2232 2149 2363 2204 sub-

775 2258 901 2311 ditis
930 2253 1254 2324 exposcere?
1282 2251 1460 2320 Neque
1487 2251 1629 2303 enim
1658 2247 1749 2317 qui
1794 2247 1845 2300 in
1875 2243 2172 2298 sacerdotis
2198 2241 2359 2295 ﬁliam

781 2347 946 2416 patris
986 2360 1147 2400 causa
1172 2344 1434 2414 gravius,
1476 2354 1636 2410 quam
1683 2338 1740 2392 in
1783 2337 1917 2390 alias
1964 2332 2362 2397 animadvertit,

779 2453 937 2500 cum,
970 2435 1059 2504 qui
1105 2434 1179 2489 illi
1225 2433 1645 2486 additamentum
1700 2441 1871 2497 pugna:
1919 2434 2200 2493 procurat,
2252 2421 2366 2491 pari

779 2544 900 2582 cum
941 2528 1062 2580 aliis
1092 2539 1246 2594 pecua
1293 2524 1509 2592 plectet,
1541 2520 1634 2573 sed
1679 2518 1846 2571 multo
1884 2516 2131 2584 graviore
2165 2532 2177 2565 :
2209 2513 2375 2588 idque

779 2620 896 2689 jure
922 2631 986 2672 ac
1014 2616 1224 2670 merito.
1258 2613 1371 2667 Non
1395 2612 1537 2664 enim
1567 2597 1818 2661 damnum
1861 2608 1912 2659 in
1942 2606 2057 2675 ipso
2092 2602 2208 2657 solo
2235 2617 2364 2656 con-

781 2712 940 2772 sistit,
965 2710 1058 2764 sed
1082 2708 1242 2762 etiam
1267 2705 1642 2766 infirmiorem,
1668 2701 1756 2770 qui
1781 2701 1832 2751 in
1857 2697 2030 2766 ipsum
2055 2695 2365 2763 respiciunt,

782 2804 993 2853 attiinos
1018 2797 1218 2867 dejicit.
1253 2795 1365 2849 lloc
1399 2795 1569 2862 ipsum
1615 2791 1808 2844 docere
1837 2789 1854 2820 ί
1881 2803 2001 2841 cum
2045 2784 2208 2838 Vellet
2239 2785 2370 2836 Eze-

772 2893 918 2945 φιλίαι
942 2931 956 2952 .
989 2888 1292 2943 arietes—ab
1318 2886 1505 2947 ovibus
1541 2882 1799 2937 discernit
1839 2880 1889 2933 in
1916 2879 2115 2946 judicio
2156 2873 2366 2945 (Ezech.

789 2987 879 3041 54.
919 2983 1030 3052 l7).
1075 2982 1153 3035 An
1183 2979 1273 3032 tibi
1303 2992 1444 3032 nunc
1484 2975 1726 3028 videmur
1754 2976 1874 3040 jure
1922 2968 2199 3023 timuisse?
2229 2967 2362 3021 Nam

787 3087 983 3146 praeter
1011 3075 1120 3134 illa,
1151 3085 1269 3140 qum
1299 3070 1436 3122 dicta
1460 3074 1601 3130 sunt,
1633 3076 1953 3132 quamquam
1981 3059 2200 3112 multum
2233 3070 2372 3110 nunc

788 3169 1021 3222 laborem
1045 3163 1226 3216 subire
1247 3167 1478 3229 Oportet,
1501 3171 1566 3209 ue
1593 3157 1660 3208 ab
1682 3153 1842 3207 animi
1865 3150 2140 3205 affectibus
2155 3147 2373 3201 omnino

789 3266 1128 3329 prosternar,
1163 3261 1396 3306 attamen
1425 3249 1660 3303 laborem
1687 3246 1943 3314 suscipio,
1973 3257 2073 3296 nec
2097 3252 2371 3295 certamen

788 3326 1140 3414 subter-fugio.
1183 3341 1392 3395 Etenim
1421 3354 1450 3391 a
1490 3351 1620 3390 vana
1662 3326 1876 3404 quidem
1916 3333 2082 3402 gloria
2121 3344 2259 3383 nunc
2285 3344 2374 3382 ca-

789 3440 937 3509 pior;
965 3446 1200 3489 attamen
1245 3446 1388 3500 sa‘pe
1427 3428 1715 3498 resipiseo,
1745 3433 1800 3480 et
1839 3440 1924 3479 me
1963 3433 2174 3493 captum
2213 3421 2374 3476 fuisse

791 3532 982 3584 video:
1023 3524 1291 3581 interdum
1332 3536 1458 3576 vero
1499 3520 1550 3573 in
1587 3519 1900 3572 servitutem
1948 3515 2221 3569 redactum
2262 3512 2376 3564 ani-

794 3639 938 3678 mum
965 3622 1202 3687 increpo.
1234 3613 1493 3670 Absurda:
1519 3609 2101 3681 cupidines'neaetiam
2130 3621 2269 3659 nunc
2297 3605 2376 3658 in-

786 3719 1030 3770 cessunt,
1075 3708 1169 3762 sed
1209 3721 1326 3776 qua:
1355 3703 1718 3758 remissiorem
1747 3699 2016 3753 ﬂammam
2058 3698 2373 3760 accendant,

791 3802 932 3871 quod
960 3799 1196 3854 externis
1219 3795 1387 3850 oculis
1416 3793 1636 3846 materia
1665 3790 1808 3871 nulla
1830 3790 1936 3858 igni
1962 3796 2082 3857 apta
2105 3796 2374 3856 suppetat.

795 3867 834 3946 Ᾰ
870 3890 1274 3945 maledictorum
1303 3884 1499 3954 probro
1529 3890 1582 3936 et
1611 3867 1792 3934 auddu
1821 3892 2043 3948 prorsus
2072 3892 2223 3942 vaco,
2256 3891 2377 3931 cum

797 3985 947 4050 nulli,
981 3982 1070 4051 qui
1099 3996 1184 4034 me
1208 3979 1565 4046 alloquantur,
1593 3973 1772 4026 adsint
1796 3989 1807 4024 :
1839 3986 2009 4040 neque
2038 3971 2177 4034 enim
2211 3969 2264 4023 hi
2290 3985 2380 4039 pa-

800 4076 961 4128 rietes
1005 4072 1250 4126 emittere
1285 4082 1468 4121 vocem
1500 4074 1715 4134 queant.
1745 4061 1848 4117 Sed
1891 4077 1989 4116 nec
2019 4062 2085 4114 ab
2135 4061 2209 4114 ira
2241 4070 2378 4114 tem-

799 4179 986 4234 perare
1029 4175 1268 4232 possum,
1300 4156 1511 4211 etiamsi
1557 4154 1733 4208 nullus
1759 4151 1898 4206 adsit
1935 4152 2022 4219 qui
2052 4159 2332 4219 exasperet
2364 4165 2378 4204 :

796 4253 1098 4320 miquorum
1152 4248 1346 4316 quippe
1392 4245 1628 4298 virorum
1685 4243 2026 4310 ipsorumque
2079 4238 2374 4293 facinorum

799 4340 1056 4398 nicanoria
1082 4338 1320 4391 animum
1365 4333 1500 4388 mihi
1526 4334 1882 4387 intumescere
1922 4330 2079 4396 facit;
2118 4345 2303 4384 verum
2330 4328 2381 4383 id

799 4451 903 4488 non
935 4448 1104 4502 usque
1147 4431 1198 4484 in
1241 4431 1400 4482 linem
1430 4444 1443 4480 :
1477 4426 1656 4479 statim
1702 4426 1844 4478 enim
1888 4424 2060 4492 ipsum
2106 4420 2380 4475 ardentem

791 4523 1212 4593 compescimus,
1236 4528 1290 4574 et
1309 4518 1375 4571 ad
1392 4515 1772 4587 quiescendum
1799 4513 2131 4575 deducimus,
2162 4512 2211 4565 in
2231 4511 2384 4565 nobis

802 4619 933 4688 ipsis
979 4617 1254 4675 dicentes,
1322 4609 1608 4665 admodum
1663 4604 1919 4661 insulsum
1960 4607 1981 4638 ³
2026 4614 2386 4673 extremmque

801 4707 1032 4762 miseria:
1054 4718 1195 4767 esse,
1230 4701 1354 4756 dum
1382 4708 1563 4754 nostra
1590 4693 1884 4752 omittimus
1907 4696 2075 4762 mala,
2104 4695 2171 4749 de
2195 4695 2408 4774 alienis.

803 4808 911 4854 tam
929 4796 1169 4850 curiosos
1190 4808 1327 4849 esse.
1351 4791 1548 4845 Verum
1577 4790 1620 4844 si
1653 4789 1717 4842 ad
1741 4788 1947 4842 turbam
1977 4803 2064 4859 me
2089 4785 2383 4850 conferam,

803 4886 1206 4954 innumerisque
1229 4883 1537 4938 tumultibus
1555 4883 1805 4948 occu'per,
1819 4881 1929 4948 jam
1952 4895 2057 4932 non
2084 4876 2389 4947 hujusmodi

805 4978 1168 5033 adniooitione
1210 4975 1402 5044 perfrui
1436 4984 1641 5043 potero,
1685 4987 1856 5041 neque
1880 4972 2230 5041 cogitationes
2271 4971 2388 5023 illas

808 5087 894 5125 me
926 5070 1088 5138 probe
1121 5067 1461 5125 instiutentes
1487 5065 1725 5132 reperire
1757 5081 1768 5115 :
1817 5061 1909 5115 sed
1938 5059 2385 5130 quemadmodum

807 5163 874 5223 ii,
922 5161 1009 5230 qui
1038 5175 1133 5228 per
1159 5157 1445 5235 prwcjpitia
1477 5156 1556 5209 vel
1588 5153 1799 5208 fluctuis
1823 5153 2085 5222 aliquibus
2104 5193 2120 5218 ,
2148 5152 2232 5205 vel
2283 5152 2388 5206 alio

807 5254 1035 5323 quodam
1053 5247 1524 5312 modo’ducuntnr,
1551 5249 1846 5318 proximam
1866 5247 2076 5317 quidem
2101 5248 2386 5314 perniciem

811 5343 1106 5413 praevidere
1135 5350 1376 5409 possunt,
1407 5340 1660 5393 auxilium
1691 5337 1819 5393 vero
1850 5338 2049 5392 nullum
2092 5338 2196 5391 sibi
2222 5353 2387 5393 exco-

806 5439 976 5506 gitarc
1005 5435 1216 5488 valent:
1249 5434 1324 5487 sic
1361 5444 1414 5488 et
1457 5450 1572 5502 ego,
1602 5433 1659 5486 si
1705 5432 1755 5485 iu
1785 5439 1985 5485 tantum
2015 5430 2387 5502 a-gritudinum

871 5595 887 5625 ι
927 5589 1067 5640 savii.
1093 5597 1145 5639 et
1170 5589 1267 5648 alii,
1291 5588 1556 5639 ostendere.

869 5658 889 5688 ι
931 5653 1030 5710 Αιίἱ,
1055 5651 1266 5701 nmium.

871 5719 890 5749 ⁸
927 5719 998 5764 Sic
1020 5712 1177 5780 atorcl.
1207 5722 1255 5761 et
1278 5712 1355 5764 alii
1378 5727 1391 5774 ;
1417 5712 1504 5761 scd
1530 5721 1604 5760 sax
1617 5712 1665 5763 il.
1712 5719 1757 5761 ct
1801 5709 1979 5772 aliquot
2003 5718 2132 5772 3:55.,
2151 5709 2246 5760 alia
2268 5721 2387 5772 qua-

809 5783 923 5828 dam
947 5782 1238 5826 necessitate.

1513 419 1568 475 S.
1611 412 1887 473 JOANNIS
1924 403 2398 466 CHRYSUSTONl
2440 399 2754 458 AllClllEP.
2794 401 3330 463 CONSTANTINOP.

3942 403 4044 461 688

2458 518 2736 572 tumultum
2768 517 3020 583 incidam,
3049 518 3366 588 supplicium
3411 517 3625 588 quidem
3648 518 3888 589 quotidie
3912 522 4046 576 mihi

2455 610 2633 678 augeri
2671 623 2895 664 cernere
2928 618 3149 679 potero:
3181 610 3234 663 in
3269 609 3474 678 meipso
3512 619 3690 692 autem
3720 613 3962 681 cogitare
3988 621 4049 680 _ut

2452 715 2597 756 nunc
2624 702 2819 771 cogito,
2850 715 2912 756 ac
2941 700 3181 757 furentes
3207 700 3372 756 animi
3401 701 3634 770 impetus
3659 701 3906 769 frzenare,
3937 718 4045 757 non

2456 791 2541 847 ita.
2559 792 2713 848 facile
2741 793 2843 848 erit
2876 793 3026 859 mihi,
3055 803 3113 847 ut
3139 794 3288 863 prius
3315 801 3451 848 erat.
3489 793 3619 847 Mihi
3645 797 3840 864 quippe
3870 795 4052 849 anima

2456 897 2537 938 est
2559 885 2786 950 infirma,
2817 883 3024 953 pusilla,
3053 894 3327 953 eaptuque-
3359 883 3545 947 facilis,
3589 899 3697 938 non
3750 885 3833 938 his
3875 885 4052 939 solum

2457 973 2761 1040 affectibus,
2794 973 2890 1028 sed
2933 983 2986 1027 et
3031 973 3278 1028 omnium.
3317 972 3682 1039 acerbissimo,
3725 988 3920 1043 nempe
3971 973 4057 1026 in-

2460 1065 2618 1118 vidia:
2645 1083 2659 1119 :
2690 1080 2864 1134 neque
2907 1065 2996 1120 illa
3038 1065 3409 1130 contumelias,
3442 1080 3614 1134 neque
3664 1065 3900 1120 honores
3931 1079 4054 1120 mo-

2459 1156 2643 1211 derate
2665 1157 2805 1211 ferre
2831 1156 3009 1221 novit;
3034 1156 3210 1211 sed-et
3235 1156 3339 1210 illis
3358 1155 3642 1210 admodum
3672 1155 3974 1221 extollitur,
4001 1166 4056 1210 et

2459 1247 2544 1301 his
2572 1247 2726 1302 valde
2767 1246 3104 1316 deprimitur.
3131 1245 3588 1315 Quemadmodum
3635 1260 3762 1316 ergo
3796 1245 3924 1300 ferae
3951 1246 4056 1299 im-

2461 1350 2667 1405 manes,
2696 1338 2823 1392 dum
2852 1352 3076 1407 corpore
3102 1337 3238 1392 bene
3265 1337 3443 1391 valent
3467 1352 3532 1392 ac
3556 1337 3810 1406 gestiunt,
3836 1350 3896 1391 se
3915 1336 4047 1390 ade-

2461 1429 2661 1482 rientes
2704 1426 2865 1482 facile
2903 1428 3156 1492 vincunt,
3197 1427 3242 1481 si
3291 1428 3520 1481 maxime
3549 1427 3586 1481 ii
3636 1426 3830 1481 infirmi
3869 1427 3982 1481 sint
3999 1437 4058 1481 et

2463 1520 2692 1588 imperiti
2716 1538 2730 1582 ;
2758 1521 2802 1588 si
2825 1521 2942 1589 quis
2971 1536 3100 1574 vero
3131 1521 3246 1575 illas
3272 1520 3409 1574 fame
3442 1520 3745 1586 macecarit,
3774 1519 3899 1574 hinc
3928 1534 4056 1574 eve«

2463 1615 2542 1665 nit
2568 1620 2622 1664 ut
2644 1613 2850 1666 illarum
2895 1611 3043 1666 furor
3080 1615 3355 1681 sopiatur,
3380 1613 3681 1680 viriumque
3713 1625 3899 1679 magna
3934 1624 4059 1679 pars

2464 1701 2838 1770 exstinguatur
2871 1717 2884 1753 :
2908 1702 2986 1755 sic
3005 1709 3062 1756 et
3075 1702 3242 1756 animi
3267 1701 3588 1772 aﬂectusqui
3606 1701 3905 1755 imbecillos
3931 1700 4057 1754 red-

2464 1791 2560 1854 dit,
2594 1793 2812 1846 eosdem
2845 1801 3007 1847 rectae
3045 1793 3515 1862 rationl'subjieit;
3541 1792 3584 1847 si
3615 1793 3736 1863 quis
3763 1801 3956 1867 eontra
3979 1790 4060 1845 di-

2467 1882 2694 1951 ligenter
2732 1882 2961 1948 aluerit,
3015 1872 3315 1954 graviorem
3356 1883 3455 1937 sibi
3507 1882 3764 1937 adversus
3810 1895 3907 1936 eos
3957 1895 4061 1951 pu-

2465 1988 2624 2042 gnam
2651 1981 2824 2040 parat,
2853 1982 2909 2028 et
2936 1974 3007 2027 ita
3048 1974 3315 2028 terribiles
3345 1973 3576 2040 treddit,
3623 1973 3758 2028 utin
3799 1973 4065 2027 servitute

2466 2079 2529 2118 ac
2551 2076 2693 2119 metu
2717 2073 2880 2120 totam
2905 2061 3065 2120 vitam
3091 2065 3269 2122 ducat.
3297 2067 3551 2133 Quaenam
3575 2059 3733 2135 igitur
3763 2066 4061 2121 belluarum

2470 2153 2658 2209 harum
2705 2156 2993 2212 alimenta?
3043 2157 3204 2211 Vana:
3247 2158 3431 2226 gloriae
3476 2157 3692 2226 quidem
3741 2157 3977 2212 honores
4014 2167 4066 2212 ct

2469 2245 2698 2319 laudes,
2727 2248 3056 2317 arrogantia
3091 2261 3220 2302 vero
3248 2247 3484 2316 potentia
3530 2256 3585 2301 et
3626 2246 3899 2315 dignitatis
3946 2262 4063 2299 ma-

2468 2338 2688 2412 gnitudo
2709 2379 2724 2400 ,
2753 2338 2939 2395 livoris
2964 2325 3499 2394 aliorum'celebritas
3517 2381 3531 2405 ,
3558 2339 3797 2393 avaritiae
3829 2337 4066 2407 largien-

2474 2432 2604 2483 tium
2652 2429 2985 2496 liberalitas,
3014 2430 3237 2484 luxuriae
3278 2429 3516 2496 deliciae,
3545 2438 3598 2483 et
3642 2429 3897 2498 frequens
3942 2443 4062 2481 mu-

2475 2523 2669 2576 lierum
2713 2520 3082 2575 consuetudo:
3114 2529 3168 2575 et
3193 2521 3269 2575 sic
3295 2519 3439 2574 aliud
3465 2520 3532 2574 ab
3562 2520 3668 2573 alio
3706 2518 3938 2574 fovetur.
3976 2517 4067 2571 lla:

2473 2626 2633 2682 porro
2653 2626 2840 2666 omnes
2867 2612 3056 2664 bellum
3085 2626 3171 2665 me
3191 2611 3243 2664 in
3264 2626 3442 2666 rerum
3467 2609 3699 2665 medium
3723 2611 4067 2665 accedentem

2475 2701 2756 2766 invadent,
2788 2703 3024 2756 animam
3061 2717 3233 2755 meam
3277 2701 3644 2767 dilaniabunt,
3685 2709 3948 2755 terrorem
3993 2702 4068 2754 in-

2480 2797 2718 2860 cutient,
2745 2805 2801 2849 et
2842 2795 3056 2864 gravius
3092 2793 3225 2848 mihi
3252 2793 3508 2848 adversus
3535 2792 3621 2846 illa
3663 2793 3865 2847 bellum
3913 2807 4066 2861 para-

2473 2885 2637 2942 bunt:
2674 2884 2761 2940 hic
2781 2899 2907 2939 vero
2925 2883 3130 2938 sedenti
3165 2882 3317 2948 mihi,
3341 2897 3530 2951 magna
3549 2897 3680 2937 sane
3701 2882 3939 2936 adhibita
3957 2883 4066 2935 vio—

2475 2975 2672 3038 lentia,
2705 2976 2789 3028 vix
2838 2974 3217 3043 subjicientur;
3243 2973 3594 3040 subjiciuntur
3633 2981 3806 3026 tamen
3838 2988 3938 3041 per
3981 2971 4068 3026 Dei

2473 3067 2729 3136 gratiam,
2765 3067 2833 3119 ita
2882 3074 2938 3118 ut
2967 3073 3162 3134 praeter
3204 3063 3451 3118 latratum
3497 3065 3629 3118 nihil
3673 3064 3789 3132 plus
3819 3061 4068 3117 habeant.

2477 3157 2599 3212 Ideo
2633 3156 2770 3210 hanc
2815 3156 3191 3225 domunculam
3245 3156 3450 3219 incolo,
3481 3154 3682 3209 nemini
3729 3154 3936 3208 aditum
3969 3153 4066 3216 de,

2478 3265 2599 3303 cum
2643 3249 2858 3302 nemine
2886 3249 3215 3302 consortium
3257 3245 3690 3316 colloquiumque
3731 3245 3968 3308 misceo,
4005 3245 4071 3299 si-

2477 3340 2736 3408 milesque
2757 3339 2889 3392 alias
2912 3338 3310 3392 criminationes
3337 3337 3646 3389 innumeras
3667 3335 3893 3389 audiens
3915 3333 4070 3388 facile

2479 3429 2606 3492 fero,
2655 3445 2787 3497 quas
2835 3429 3062 3482 libenter
3103 3426 3316 3496 quidem
3362 3427 3758 3493 abstergerem;
3796 3440 3919 3478 cum
3946 3438 4072 3478 vero

2480 3537 2583 3574 non
2615 3522 2834 3590 possim,
2882 3519 3158 3573 excrucior
3187 3518 3470 3586 doleoque.
3516 3516 3701 3586 Neque
3749 3517 3893 3570 enim
3945 3516 4069 3569 mihi

2481 3613 2632 3666 facile
2659 3620 2743 3665 cst
2792 3612 2955 3665 simul
2982 3610 3257 3663 hominum
3288 3608 3679 3663 consuetudine
3714 3608 3809 3674 uti,
3833 3617 3995 3677 atque
4021 3608 4070 3660 in

2483 3705 2731 3773 prmsenti
2753 3704 3042 3758 securitate
3069 3716 3284 3756 manere
3314 3720 3326 3755 :
3353 3701 3699 3769 quamobrem
3729 3711 3781 3752 te
3806 3713 3940 3768 rogo
3971 3697 4068 3751 mei

2481 3795 2656 3865 potius
2711 3802 2852 3845 tanta
2887 3792 3164 3861 intercepti
3192 3789 3504 3844 difficultate
3555 3788 3879 3851 miserearis,
3915 3803 4068 3857 quam

2485 3901 2570 3939 me
2599 3883 2942 3938 calumnieris
2975 3901 2988 3935 :
3017 3893 3072 3936 at
3105 3882 3340 3936 nondum
3394 3880 3448 3934 id
3478 3880 3570 3934 tibi
3619 3879 3945 3948 persuadere
3977 3895 4067 3947 po-

2487 3976 2579 4029 tui.
2613 3976 2843 4044 Tempus
2873 3975 3049 4043 itaque
3077 3983 3179 4044 est,
3213 3983 3269 4028 ut
3295 3973 3436 4043 quod
3464 3987 3628 4027 unum
3658 3971 3789 4024 mihi
3815 3981 4064 4041 superest

2483 4081 2769 4129 arcanum,
2797 4064 2848 4116 id
2896 4065 2946 4116 in
2980 4073 3029 4117 te
3070 4064 3281 4117 tandem
3322 4048 3803 4130 effundam;un
3847 4062 4069 4115 fortasse

2488 4157 2669 4209 multis
2705 4154 3015 4208 incredibile
3045 4154 3324 4208 videatur:
3352 4169 3525 4222 neque
3552 4161 3732 4206 tamen
3757 4151 4064 4212 inmedium

2486 4248 2722 4315 proferre
2748 4246 2986 4315 pudebit.
3019 4246 3241 4299 Etiamsi
3271 4246 3413 4299 enim
3443 4243 3584 4313 quod
3615 4243 3855 4297 dicturus
3876 4258 3992 4298 sum
4018 4249 4069 4295 et

2487 4339 2642 4395 mala:
2668 4338 3008 4392 conscientia:
3039 4347 3092 4390 et
3127 4337 3528 4390 innumerorum
3570 4335 3888 4389 delictorum
3921 4347 4068 4401 argn-

2488 4440 2726 4485 mentum
2774 4430 2879 4495 sit,
2930 4443 3052 4482 cum
3091 4429 3141 4481 is
3188 4427 3278 4497 qui
3307 4440 3405 4481 nos
3444 4425 3776 4494 judicaturus
3813 4434 3899 4479 est
3938 4425 4067 4478 Deus

2488 4523 2664 4574 omnia
2688 4528 2937 4574 accurate
2969 4519 3197 4584 noverit,
3226 4517 3354 4588 quid
3375 4516 3511 4570 ultra
3535 4516 3691 4571 nobis
3706 4531 3770 4570 ex
3798 4515 4066 4569 hominum

2491 4611 2785 4680 ignorantia
2829 4609 3058 4663 conferri
3091 4609 3316 4677 poterit?
3346 4606 3484 4673 Quid
3530 4616 3612 4662 est
3638 4607 3798 4676 igitur
3829 4607 3957 4661 illud
3990 4620 4068 4657 ar-

2491 4685 2722 4755 canum?
2749 4702 2828 4755 Ab
2858 4716 2924 4755 eo
2966 4700 3083 4770 ipso
3109 4700 3214 4764 die,
3248 4715 3354 4768 quo
3391 4700 3520 4754 mihi
3550 4698 3688 4752 hanc
3715 4699 4066 4767 suspicionem

2493 4792 2744 4861 injecisti,
2768 4806 2910 4860 saepe
2932 4790 3024 4844 fuit
3056 4790 3354 4859 periculum
3386 4799 3443 4844 ut
3465 4789 3566 4844 hoc
3594 4804 3789 4858 corpus
3818 4789 3946 4842 mihi
3978 4801 4064 4856 pe-

2493 4885 2635 4938 nitus
2677 4882 3092 4948 dissolveretur;
3127 4891 3303 4936 tantus
3343 4883 3502 4936 timor
3547 4890 3829 4951 tantusque
3876 4894 4068 4934 maeror

2493 4974 2727 5027 animum
2788 4989 2966 5028 meum
3021 4974 3319 5042 occupavit.
3371 4972 3576 5027 Mecum
3631 4973 3774 5027 enim
3823 4982 4065 5042 reputans

2492 5064 2688 5119 Christi
2717 5079 2928 5134 sponsa!
2951 5064 3195 5134 gloriam,
3223 5064 3582 5130 sanctitatem,
3605 5063 3934 5132 spiritualem
3957 5061 4064 5131 pul-

2494 5156 2849 5210 chritudinem
2873 5198 2887 5223 ,
2921 5155 3280 5226 prudentiam,
3310 5165 3556 5210 ornatum
3579 5196 3594 5220 ,
3641 5170 3865 5224 meaque
3902 5153 4066 5211 consi-

2493 5246 2690 5300 derans
2721 5246 2877 5307 mala,
2907 5261 3011 5300 non
3037 5247 3310 5300 cessabam
3341 5245 3481 5299 illam
3512 5243 3730 5312 deﬂere,
3763 5260 3953 5314 meque
3977 5242 4064 5296 mi.

2495 5353 2673 5390 serum
2722 5336 2925 5402 dicere,
2967 5351 3030 5391 ac
3071 5335 3379 5406 frequenter
3425 5351 3680 5405 gemens,
3727 5334 4061 5404 haerensque,

2495 5429 2620 5482 talia
2663 5444 2872 5484 mecum
2923 5429 3215 5498 loquebar:
3266 5429 3395 5495 Quis
3438 5428 3646 5482 consilii
3691 5426 3849 5495 hujus
3897 5433 4064 5479 auctor

2495 5518 2635 5573 fuit?
2703 5518 2828 5587 quid
2889 5527 3090 5571 tantum
3154 5518 3393 5588 peccavit
3461 5517 3701 5572 Ecclesia
3763 5517 3901 5571 Dei?
3956 5527 4062 5582 qum

2498 5621 2642 5668 tanta
2699 5625 2785 5666 res
2835 5610 3114 5665 Dominum
3166 5611 3282 5682 rjns
3320 5611 3687 5675 exacerbavit.
3743 5617 3797 5664 ut
3840 5607 4062 5664 omnium

2564 5772 2582 5804 ι
2619 5768 2721 5831 Alii,
2740 5764 3068 5819 terribiliora.
