4198 6324
29 406 105 465 εει
1276 395 1366 452 DE
1405 393 1865 452 SACERDOTIO.
1909 395 2033 449 LIB.
2078 395 2170 453 γι.

27 523 139 591 ὑπὲρ
178 517 292 573 τῶν
325 517 528 590 ἰιρέων
568 512 941 588 προσάγεσθαι
981 511 1080 576 τὴν
1117 509 1333 575 θυσίαν,
1368 512 1503 581 ὅσην
1535 509 1677 580 ὑπὲρ

27 606 195 670 παντὸς
222 606 323 660 τοῦ
358 605 515 659 λαοῦ.
545 601 717 657 Τοῦτο
741 602 798 655 δέ
821 601 975 655 οὐδὲν
1003 600 1192 669 ἕτερον
1222 597 1511 668 δηλοῦντός
1522 598 1681 651 ἐστιν

24 698 48 764 ἢ
72 696 141 747 ὅτι
165 692 422 765 μείζονος
455 690 708 762 βοηθείας
733 689 903 743 δεῖται
925 686 995 740 τά
1021 686 1115 739 τοῦ
1153 685 1342 756 ίερέως
1367 684 1681 755 τραύματα,

22 783 99 834 ιιιιί
122 780 415 850 τοσαύτης,
442 780 576 849 ὅσης
605 775 743 847 ὁμοῦ
773 776 843 829 τὰ
875 774 1079 838 παντὸς
1116 772 1208 826 τοῦ
1240 771 1400 825 λαοῦδ
1438 772 1683 842 μείζονος

22 870 63 921 δὲ
86 870 176 921 οὐκ
209 868 279 921 ἂν
309 867 509 931 ἐδεῖτο,
536 867 587 919 εἰ
618 863 694 936 μὴ
724 862 1081 934 χαλεπώτερα
1106 856 1202 931 ἦν·
1234 856 1593 931 χαλεπώτερα
1622 857 1682 910 δέ

22 956 222 1023 γίνεται,
252 954 315 1007 οὐ
338 956 410 1024 τῇ
436 952 618 1022 φύσει,
641 948 778 1004 ἀλλά
797 952 866 1020 τῇ
889 947 1016 1019 ἀξίᾳ
1038 960 1064 988 ι
1092 945 1187 1000 τοῦ
1212 944 1522 1015 τολμῶντος
1540 944 1682 999 αὐτά

22 1042 184 1113 ίιρέως
218 1040 562 1112 βαρούμενα.
602 1038 713 1091 Καὶ
752 1036 805 1092 τί
836 1036 978 1104 λέγω
1007 1035 1134 1097 τοὺς
1177 1033 1379 1105 ἀνδρας
1416 1033 1540 1095 τούς
1581 1033 1681 1104 τὴν

22 1128 341 1199 λειτουργίαν
388 1126 706 1198 μετιόντας;
740 1124 807 1177 Δί
842 1123 952 1194 γὰρ
991 1120 1291 1191 θυγατέρες
1321 1118 1430 1171 τῶν
1465 1118 1681 1190 ἱερέων,

20 1211 89 1279 εἷς
112 1216 286 1278 οὐδεὶς
318 1215 460 1286 πρὸς
486 1213 585 1283 τὴν
627 1210 926 1283 ἱερωσύνην
964 1209 1142 1277 λόγος,
1183 1210 1334 1279 ὅμως
1365 1205 1454 1260 διά
1488 1206 1551 1259 τὸ
1578 1223 1682 1258 πα-

20 1304 177 1373 τρικὸν
207 1303 432 1373 ἀξίωμα
455 1300 563 1354 τῶν
592 1298 771 1353 αὐτῶν
802 1296 1219 1369 ἁμαρτημάτων
1259 1295 1395 1348 πολὺ
1425 1294 1679 1364 πικροτέο

20 1408 101 1461 ραν
131 1390 397 1461 ὑπέχουσι
438 1388 539 1458 τὴν
577 1386 881 1457 τιμωρίαν’
920 1384 1014 1437 καί⁵
1055 1383 1116 1439 τὸ
1155 1382 1254 1453 μὲν
1299 1381 1678 1452 πλημμέλημα

20 1479 111 1529 [σον
152 1478 349 1538 αὐταῖς
388 1474 483 1528 καὶ
511 1476 631 1537 ταῖς
670 1472 778 1526 τῶν
824 1470 1047 1524 ἰδιωτῶν
1085 1468 1409 1539 θυγατράσι,
1451 1468 1677 1538 πορνεία

17 1566 105 1635 γάρ
134 1565 450 1635 ἀμφότερα,
487 1563 549 1616 τὸ
578 1561 635 1615 δέ
666 1560 945 1630 ἐπιτίμιον
972 1556 1154 1628 πολλῷ
1178 1557 1384 1611 τούτων
1425 1554 1677 1627 χαλεπώ-

17 1670 169 1722 τερον.

72 1823 149 1898 ιβ’.
191 1830 364 1901 Ὁρᾷς
394 1830 513 1901 μεθ’
543 1830 674 1900 ὅσης
701 1846 783 1882 σοι
805 1827 1078 1883 δείκνυσιν
1108 1826 1414 1899 ὑπερϐολῆς
1439 1828 1467 1879 ὀ
1494 1825 1625 1889 Θεὸς
1649 1825 1675 1865 δ

15 1915 79 1970 In
112 1916 290 1987 πολλῷ
336 1910 560 1970 πλείονα
594 1915 704 1969 τῶν
734 1916 1055 1987 ἀρχομένων
1080 1916 1299 1967 ἀπαιτεῖ
1324 1915 1415 1965 τὸν
1442 1913 1677 1984 ἄρχοντα

15 2004 257 2073 τιμωρίαν
278 2021 295 2070 ;
314 2004 393 2057 Οὐ
415 2002 526 2074 γάρ
549 2003 725 2074 δήπου
750 2002 889 2073 δτὴν
906 2001 1115 2054 ἐκείνου
1141 2000 1420 2071 θυγατέρα
1444 2000 1512 2053 δι’
1543 2003 1679 2054 ἐκεῖ-

15 2108 83 2143 νον
98 2091 361 2160 μειζόνως
376 2091 484 2143 τῶν
501 2090 676 2145 ἀλλων
687 2089 951 2153 κολάζων,
971 2089 1058 2141 τὸν
1074 2090 1167 2141 καὶ
1185 2089 1367 2158 ἐκείνῃ
1384 2088 1485 2157 τῆς
1504 2106 1676 2160 προσ-

15 2175 162 2248 θήκης
192 2174 306 2229 τῶν
357 2176 605 2247 βασάνων
644 2177 816 2229 αῐτιον
858 2177 981 2244 ίσην
1007 2178 1120 2236 τοῖς
1150 2174 1409 2238 πολλοῖςο
1447 2176 1677 2246 είσπρά-
1721 2208 1727 2212 ›

15 2263 142 2329 Eata:
168 2266 354 2337 δίκην,
385 2266 520 2319 ἀλλά
545 2266 727 2337 πολλῷ
755 2266 977 2337 μείζονα
1000 2282 1013 2295 ·
1035 2266 1126 2317 καὶ
1154 2264 1299 2335 μάλα
1327 2282 1389 2333 γε
1426 2268 1673 2329 εἰκότως.

14 2354 74 2405 υύ
94 2354 195 2425 γάρ
211 2355 295 2416 εἰς
318 2353 483 2406 αὐτὸν
498 2354 843 2425 περιίσταται
865 2352 1024 2422 μόνον
1047 2354 1079 2421 ἡ
1103 2350 1297 2422 ζημία,
1320 2351 1455 2405 ἀλλὰ
1474 2353 1675 2416 καὶτὰς

13 2442 103 2493 τῶν
130 2442 546 2514 ἀσθενεστέρων
581 2442 675 2495 καὶ
705 2442 787 2503 εἰς
818 2441 978 2493 αὐτὸν
1014 2439 1316 2509 βλεπόντων
1344 2440 1676 2494 καταϐάλλει

13 2528 185 2597 Ψυχὰς.
239 2528 417 2582 Τοῦτο
474 2529 569 2582 καὶ
622 2530 651 2581 0
702 2526 962 2598 Ἰεζεκιὴλ
1014 2526 1219 2592 διδάξαι
1252 2527 1278 2566 (1
1328 2527 1673 2598 βουλόμενος,

13 2614 253 2685 διίστησιν
284 2617 384 2670 ἀπ’
411 2614 656 2687 ἀλλήλων
684 2615 783 2685 τὴν
814 2615 919 2666 τῶν
953 2614 1124 2685 κριῶν
1149 2617 1243 2666 καλ⁵
1279 2615 1377 2684 τὴν
1401 2615 1509 2667 τῶν
1544 2632 1676 2686 προ-

11 2703 165 2755 Mth
205 2706 414 2775 κρίσιν.
458 2700 605 2773 Ἀρά
649 2719 729 2755 σοι
773 2701 1036 2771 δοκοῦμεν
1086 2700 1243 2768 λόγον
1282 2701 1473 2772 ἔχοντα
1502 2720 1673 2771 πεφο-

11 2788 185 2858 Βῆσθαι
207 2791 410 2861 φόϐον;
447 2790 591 2861 [190;
621 2790 727 2860 γὰρ
755 2793 869 2852 τοῖς
893 2788 1206 2859 εἰρημένοις
1230 2789 1325 2843 νῦν
1361 2791 1462 2859 μὲν
1494 2792 1542 2843 εἰ
1579 2794 1674 2844 καὶ

11 2877 182 2930 πολλοῦ
226 2895 322 2948 μοι
358 2878 440 2931 δεῖ
473 2878 633 2931 πόνου
673 2878 807 2946 πρδς
857 2877 918 2929 τὸ
956 2876 1031 2946 μὴ
1073 2877 1135 2946 δὴ
1191 2879 1668 2948 καταγωνισθῆναι

11 2962 165 3017 τέλεον
188 2966 297 3017 ὑπὸ
330 2964 440 3017 τῶν
466 2965 565 3036 τῆς
595 2964 774 3034 ψυχῆς
814 2964 1026 3039 παθῶνι
1071 2964 1186 3017 ἀλλ’
1219 2967 1371 3034 ὅμως
1403 2966 1672 3035 ἀνέχομαι

11 3052 83 3103 τὸν
120 3052 304 3117 πόνον,
359 3052 453 3105 καί
492 3053 554 3103 οὐ
608 3051 795 3120 φεύγω
844 3044 937 3103 τὸν
982 3049 1188 3117 ἀγῶνα.
1252 3053 1359 3104 Καὶ
1410 3052 1520 3122 γάρ
1567 3054 1673 3107 ὐπὸ

9 3137 296 3203 κενοδοξίας
350 3137 643 3206 ἀλίσκομαι
704 3138 803 3207 μὲν
853 3138 947 3189 καὶ
977 3136 1128 3208 [ιὸί]
1159 3135 1274 3199 νῦν,
1323 3139 1585 3209 ἀναφέρω
1617 3140 1674 3193 δὲ

9 3224 270 3286 πολλάκις,
315 3225 412 3277 καὶ
445 3226 527 3277 ὅτι
552 3225 723 3278 ἑάλων
764 3224 1003 3295 συνορῶ·
1040 3224 1155 3278 ἔστι
1194 3225 1251 3277 δέ
1288 3227 1377 3278 ὅτε
1413 3229 1507 3280 καὶ
1551 3229 1674 3279 ἐπι-

9 3309 131 3377 τιμῶ
185 3314 252 3381 τῇ
308 3310 639 3381 δουλωθείσῃ
686 3310 854 3381 ψυχῇ.
910 3311 1228 3382 Ἐπιθυμίαι
1283 3330 1374 3382 μοι
1429 3315 1671 3384 προσπί-

9 3413 183 3451 πτουσι
216 3400 321 3470 μὲν
354 3400 542 3455 ἄτοποι
579 3402 674 3454 καὶ
724 3400 841 3465 νῦν,
876 3401 989 3454 ἀλλ’
1023 3400 1330 3473 ἀργοτέραν
1371 3405 1671 3460 ἀνάπτουσι

9 3485 87 3553 τὴν
132 3488 334 3555 φλόγα,
391 3487 500 3540 τῶν
551 3487 848 3557 ὀφθαλμῶν
893 3488 1000 3543 τῶν
1059 3488 1261 3555 ἔξωθεν
1305 3491 1406 3545 οὐκ
1440 3494 1671 3563 ἐχόντων

9 3573 351 3627 ἰπιλαϐέσθαι
388 3574 488 3643 τῆς
535 3574 630 3627 τοῦ
680 3574 852 3642 πυρὸς
899 3572 1065 3644 ὑληςο
1109 3575 1203 3629 τοῦ
1247 3577 1304 3631 δέ
1352 3580 1537 3644 κακῶς
1581 3583 1672 3635 τὸν

9 3656 137 3712 δεῖνα
167 3661 373 3729 λέγειν,
411 3662 502 3713 καί
526 3660 813 3731 λεγόμενον
856 3664 1095 3727 ἀκούειν,
1136 3665 1496 3738 ἀπήλλαγμαι
1533 3686 1671 3722 παν-

9 3747 178 3812 τελῶς,
210 3749 323 3800 τῶν
354 3748 750 3818 διαλεγομένων
789 3750 849 3801 οὐ
881 3751 1165 3821 παρόντων
1184 3769 1199 3784 θ
1242 3756 1304 3806 οὐ
1352 3755 1462 3824 γὰρ
1491 3756 1555 3827 δὴ
1585 3753 1673 3812 οὗ·

9 3846 73 3883 τοι
101 3836 148 3886 οἱ
173 3836 346 3904 τοῖχοι
389 3833 618 3887 δύναιντ’
653 3834 718 3887 ἂν
746 3838 963 3903 ἀφεῖναι
989 3840 1196 3909 φωνήν.
1244 3842 1384 3893 Ἀλλ’
1428 3845 1547 3914 οὐχὶ
1576 3847 1671 3899 καὶ

9 3918 88 3988 τὴν
134 3920 309 3992 ὀργὴν
366 3920 567 3991 ὁμοίως
616 3921 838 3975 δυνατὸν
882 3923 1181 3993 διαφυγεῖν,
1230 3928 1409 3981 καίτοι
1456 3946 1521 3998 γε
1563 3933 1672 3986 τῶν

9 4010 402 4079 παροξυνόντων
427 4008 527 4062 οὐκ
558 4009 746 4065 ὄντων.
777 4012 983 4083 Μνήμη
1015 4015 1124 4083 γὰρ
1152 4015 1416 4079 πολλάκις
1457 4019 1671 4091 ἀνδρῶν

9 4095 204 4149 ἀτόπων
254 4097 662 4168 προσπεσοῦσα,
703 4098 797 4151 καὶ
837 4098 947 4151 τῶν
982 4100 1075 4154 ὑπ’
1123 4102 1303 4155 αὐτῶν
1337 4107 1669 4176 γενομένων,

9 4182 208 4247 ἐξοιδεῖν
232 4200 327 4252 μοι
358 4183 457 4253 τὴν
486 4184 712 4255 καρδίαν
749 4190 912 4248 ποιεῖ,
936 4187 1075 4258 πλὴν
1106 4187 1219 4242 ἀλλ’
1251 4191 1353 4244 οὐκ
1373 4194 1453 4256 είς
1480 4196 1633 4261 τέλος
1652 4214 1666 4227 ο

9 4269 193 4336 ταχέως
231 4268 346 4339 γάρ
379 4270 550 4340 αὐτὴν
588 4270 1028 4341 φλεγμαίνουσαν
1078 4278 1538 4351 καταστέλλομεν,
1576 4286 1670 4338 καὶ

9 4355 247 4426 πείθομεν
274 4356 569 4426 ἡσυχάζειν
597 4359 844 4423 εἰπόντες
877 4361 960 4413 ὃτι
989 4360 1108 4414 λίαν
1134 4363 1467 4435 ἀσύμφωνον
1509 4379 1532 4409 ο
1575 4373 1671 4425 καὶ

9 4439 90 4509 τῆς
114 4443 352 4513 ἐσχάτης
378 4444 723 4514 ἀθλιότητος,
762 4447 830 4499 τὰ
864 4450 1041 4502 οίκεῖα
1089 4450 1327 4519 ἀφέντας
1374 4456 1541 4522 κακά,
1600 4460 1671 4514 τὰ

9 4526 98 4579 τῶν
131 4529 362 4601 πλησίον
408 4532 885 4602 περιεργάζεσθαι.
930 4535 1069 4588 Ἀλλ’
1101 4539 1201 4590 οὐκ
1247 4543 1328 4601 είς
1363 4542 1426 4594 τὸ
1464 4544 1669 4616 πλῆθος

9 4612 175 4675 ἐλθὼν,
222 4618 322 4670 καὶ
366 4619 489 4681 ταῖς
528 4619 747 4689 μυρίαις
796 4620 1129 4692 ἀποληφθεὶς
1172 4631 1461 4697 ταραχαῖς,
1512 4612 1672 4705 δυνή-

10 4715 153 4771 σομαι
181 4704 390 4774 ταύτης
416 4705 705 4759 ἀπολαύειν
732 4706 830 4777 τῆς
863 4709 1166 4773 νουθεσίας,
1189 4714 1311 4766 οὐδέ
1335 4718 1460 4782 τοὺς
1498 4704 1669 4775 ταῦτα

10 4790 473 4859 παιδαγωγοῦντας
501 4793 795 4864 λογισμοὺς
824 4797 1004 4864 εὑρεῖν
1022 4814 1034 4828 ·
1061 4799 1175 4850 ἀλλ’
1216 4800 1407 4872 ὥσπερ
1440 4808 1488 4857 οἱ
1525 4810 1669 4862 κατὰ

9 4876 251 4945 κρημνῶν
275 4877 384 4929 ὐτοό
419 4894 564 4940 τινος
610 4880 876 4950 ῥεύματος
901 4882 933 4952 ἢ
960 4883 1053 4935 καὶ
1087 4884 1288 4955 ἑτέρως
1313 4888 1614 4959 ὠθούμενοι
1649 4894 1667 4933 ί

9 4962 90 5029 τὴν
116 4965 212 5031 μὲν
250 4962 551 5043 ἀπώλειαν,
576 4968 655 5029 εἰς
681 4968 746 5037 ἢν
770 4968 1084 5033 τελευτῶσι,
1124 4976 1364 5043 προορᾷν
1390 4976 1667 5043 δύνανται,

9 5044 245 5117 βοήθειαν
273 5049 335 5103 δέ
368 5036 490 5104 τιξα
526 5053 760 5106 ἐπινοεῖν
796 5054 895 5107 οὐκ
944 5054 1158 5125 ἔχουσιν
1184 5074 1197 5088 ’
1231 5059 1376 5113 οὕτω
1423 5066 1518 5117 καὶ
1572 5068 1671 5120 αὐ-

9 5134 83 5197 τὸς
116 5138 194 5224 εἰς
222 5137 319 5190 τὸν
349 5139 515 5193 πολὺν
529 5140 637 5193 τῶν
668 5141 856 5196 παθῶν
881 5143 1109 5214 θόρυϐον
1131 5148 1410 5217 ἐμπεσὼν,
1441 5152 1539 5222 τὴν
1570 5156 1669 5224 μὲν

9 5220 211 5277 κόλασιν
238 5224 366 5290 καθ’
399 5226 638 5298 ἐκάστην
658 5228 965 5298 αὐξομένην
999 5249 1090 5302 μοι
1121 5234 1220 5306 τὴν
1262 5238 1477 5309 ἡμέραν
1497 5220 1668 5315 δυνή-

58 5412 84 5476 9
104 5414 270 5476 Aliqui
296 5415 401 5463 ἀλλ’
427 5415 521 5463 ὐπὸ
541 5422 626 5474 τῆς
648 5418 795 5474 ἀξίας.

57 5472 87 5541 ξ
109 5472 437 5541 δείκνυσι
452 5482 543 5541 τῇς
559 5472 831 5541 περιουσίας
850 5482 877 5528 δ
903 5481 1038 5538 Θεός.

56 5537 79 5566 ⁸
104 5536 195 5585 Alii
215 5538 327 5593 tam
348 5536 449 5592 τοῖς
471 5536 649 5594 ἄλλοις.

56 5594 82 5634 ἀ
104 5597 251 5645 Savil.
280 5603 336 5645 et
355 5598 440 5646 alii
480 5599 640 5653 δεῖξαι.

57 5669 82 5697 ο
105 5658 198 5707 ,λιιι
217 5658 511 5721 ἀσύμφορον.
541 5659 664 5708 Infra
685 5661 768 5710 alii
837 5680 866 5710 υ
899 5662 989 5719 ίαις
1012 5664 1325 5729 ἀπολειφθείς.

58 5711 81 5752 ί
104 5718 253 5766 Savil.
277 5725 330 5767 el
347 5718 537 5772 aliquot
563 5733 675 5767 max.
698 5723 727 5772 ἢ
752 5680 839 5771 κσξι
853 5678 1012 5772 (iam
1034 5724 1239 5772 ἀνάγκη
1260 5731 1325 5772 dm

58 5711 81 5794 If
277 5711 330 5794 ej
347 5711 537 5794 ἁιίξιιιοί
563 5723 727 5794 ιηεξΔῆ
752 5711 829 5771 κάὶ
853 5711 1012 5787 ίτίροῖς
1034 5711 1536 5794 ἀνάγκῆςῶθούμενοι.
1560 5736 1665 5787 Mo-

9 5774 86 5823 rel.
110 5786 158 5827 ει
180 5780 262 5828 am
289 5781 319 5839 ἢ
343 5774 620 5843 uncam;
638 5774 721 5832 0e;

3364 402 3469 462 688

1791 525 1957 580 σομαι
1986 512 2239 583 συνορᾷν,
2282 512 2340 564 ἐν
2378 511 2606 583 ἐμαυτῷ
2658 513 2716 567 δέ
2769 511 3025 582 γενέσθαι
3071 514 3324 588 καθάπερ
3373 518 3471 572 καὶ

1790 596 1907 664 νῦν,
1939 599 2034 651 καὶ
2060 599 2384 669 ἐπιτιμῆσαι
2427 599 2692 653 πάντοθεν
2740 603 2852 664 τοῖς
2908 602 3181 673 νοσήμασι
3232 602 3469 660 λυττῶσι

1786 684 2018 750 τούτοις,
2063 686 2165 739 οὐκ
2222 686 2301 739 έτι
2349 687 2554 757 ὁμοίως
2598 688 2831 759 εὔπορον
2863 691 3008 760 ἐμοὶ,
3063 690 3320 761 καθάπερ
3374 694 3472 748 καὶ

1730 820 1753 823 ,
1788 772 2071 843 πρότερον.
2120 773 2279 843 Ἐμοὶ,
2299 773 2408 845 γὰρ
2440 774 2584 845 ψυχή
2616 776 2699 839 τίς
2740 778 2888 830 ἐστιν
2918 777 3149 849 ἀσθενὴς
3171 780 3265 832 καὶ
3296 781 3470 852 μικρά

1787 861 1880 913 καὶ
1912 860 2235 931 εὐχείρωτος
2260 862 2319 915 οὐ
2348 862 2559 926 τούτοις
2590 864 2750 934 μόνον
2781 868 2892 929 τοῖς
2924 866 3173 939 πάθεσιν,
3206 866 3344 921 ἀλλά
3373 869 3497 941 καὶ,

1776 947 1865 1016 ’τῷ
1900 949 2119 1001 πάντων
2166 950 2477 1022 πικροτέρῳ
2531 951 2732 1022 φθόνῳ,
2784 950 3051 1007 καὶού-σε
3109 953 3469 1026 ὕϐρειςοῦτε

1784 1033 1953 1104 τιμάς
1986 1035 2223 1107 μετρίως
2250 1036 2538 1091 ἐπίσταται
2574 1039 2782 1109 φέρειν,
2815 1039 2951 1093 άλλά
3002 1040 3121 1110 μεθ’
3162 1042 3470 1114 ὑπερϐολῆς

1786 1122 1991 1175 ἐκεῖναί
2025 1139 2083 1174 τε
2114 1124 2432 1194 ἐπαίρουσιν
2486 1126 2679 1196 αὑτὴν,
2724 1127 2820 1180 καὶ
2873 1126 3226 1182 ταπεινοῦσιν
3281 1122 3465 1189 αὗται.

1788 1207 2002 1279 Ὥσπερ
2057 1205 2151 1263 οὗν
2193 1208 2357 1281 θηρία
2402 1211 2635 1282 χαλεπὰ,
2692 1213 2818 1265 ὅταν
2873 1213 2970 1282 μὲν
3021 1214 3315 1286 εὐσωματῇ
3372 1214 3468 1271 καὶ

1787 1290 2013 1367 σφριγᾷ,
2042 1296 2149 1350 τῶν
2176 1298 2314 1368 πρὸς
2335 1300 2473 1353 αὐτὰ
2499 1300 2823 1370 μαχομένων
2853 1304 3063 1370 κρατεῖ.
3096 1302 3189 1354 καὶ
3232 1302 3470 1372 μάλιστα

1784 1382 1914 1435 ὃταν
1965 1383 2213 1448 ἀσθενεῖς
2261 1379 2364 1438 ὦσι
2418 1388 2511 1439 καὶ
2562 1387 2800 1458 ἄπειροι,
2832 1389 2880 1439 εί
2910 1387 2967 1439 δέ
2992 1404 3077 1450 τις
3128 1388 3270 1443 αὐτὰ
3320 1390 3468 1464 λιμῷ

1785 1470 2126 1541 κατατήξειε,
2174 1471 2263 1525 τόν
2301 1490 2359 1525 τε
2408 1472 2577 1544 θυμὸν
2626 1475 2812 1537 αὐτοῖς
2876 1475 3147 1545 ἐκοίμισε,
3220 1478 3316 1531 καὶ
3364 1479 3468 1551 τῆς

1782 1556 2063 1628 δυνάμεως
2090 1560 2150 1613 τὸ
2175 1561 2615 1626 πλέονέσϐεσεν,
2645 1562 2720 1626 ὡς
2745 1565 2834 1617 καὶ
2862 1564 2953 1618 τὸν
2982 1566 3055 1635 μὴ
3080 1564 3207 1619 λίαν
3220 1570 3468 1635 γενναῖον

1782 1647 2141 1712 ἀναδέξασθαι
2180 1650 2270 1702 τὸν
2304 1651 2443 1721 πρὸς
2466 1652 2643 1705 ταῦτα
2665 1652 2850 1720 ἀγῶνα
2880 1654 2974 1707 καὶ
3006 1655 3242 1725 πόλεμον
3265 1672 3277 1685 ·
3320 1655 3466 1711 οὕτω

1784 1735 1878 1787 καὶ
1907 1736 1973 1789 τά
1998 1735 2142 1807 πάθη
2168 1738 2269 1809 τῆς
2302 1739 2502 1809 ψυχῆς,
2535 1741 2562 1791 0
2600 1740 2698 1809 μὲν
2728 1740 2929 1811 ἀσθενῆ
2961 1742 3151 1806 ποιῶν,
3177 1744 3466 1815 ὑποχείρια

1781 1825 1893 1886 τοῖς
1930 1824 2109 1895 ὀρθοῖς
2134 1827 2159 1865 σ
2206 1827 2344 1880 αὐτά
2381 1827 2560 1897 τίθησι
2588 1826 2866 1901 λογισμοῖς
2887 1843 2899 1857 ·
2939 1834 2967 1882 0
2998 1829 3053 1882 δὲ
3076 1818 3295 1901 τρέφων
3341 1832 3467 1886 ἐπι-

1785 1907 1965 1979 μελῶς
2029 1911 2415 1985 χαλεπωτέραν
2460 1913 2608 1984 αὐτῷ
2656 1915 2753 1984 τὴν
2800 1912 2936 1986 πρὸς
2978 1916 3118 1970 αὐτά
3174 1918 3467 1990 καθίστησι

1785 1997 1986 2069 μάχην,
2028 2001 2121 2053 καὶ
2154 1998 2326 2065 οὕτως
2365 2002 2515 2071 αὐτῷ
2558 2001 2766 2073 φοϐερά
2793 2003 2819 2042 h
2864 2002 3257 2076 ἀπεργάζεται,
3300 2007 3374 2071 ὼς
3409 2010 3466 2061 ἐν

1781 2082 1993 2156 δουλείᾳ
2016 2086 2110 2139 καὶ
2144 2086 2316 2158 δειλία
2352 2087 2442 2141 τὸν
2470 2091 2647 2141 πάντα
2687 2090 2878 2159 χρόνον
2906 2089 3076 2161 βιοῦν.
3112 2092 3208 2156 Τίς
3233 2088 3325 2145 οὖν
3352 2093 3463 2146 τῶν

1782 2170 1987 2243 θηρίων
2036 2173 2238 2226 τούτων
2289 2177 2320 2246 ἡ
2375 2175 2588 2245 τροφῆς
2649 2177 2972 2241 Κενοδοξίας
3019 2180 3117 2248 μὲν
3164 2181 3323 2250 τιμαὶ
3370 2181 3469 2234 καὶ·

1782 2258 2015 2322 ἔπαινοι,
2056 2261 2313 2324 ἀπονοίας
2340 2263 2397 2316 δὲ
2428 2262 2646 2329 ἐξουσία
2695 2266 2789 2317 καὶ
2837 2264 3159 2329 δυναστείας
3197 2266 3455 2337 μέγεθος,

1781 2345 2080 2415 βασκανίας
2130 2347 2186 2400 δὲ
2220 2350 2273 2401 αί
2320 2350 2427 2402 τῶν
2464 2349 2703 2420 ,πλησίον
2745 2351 3151 2423 εὐδοκιμήσεις,
3190 2354 3465 2426 φιλαργυ-

1779 2435 1903 2504 ρίας
1943 2436 1998 2500 αί
2044 2435 2153 2489 τῶν
2198 2438 2545 2509 παρεχόντων
2596 2439 2920 2511 φιλοτιμίαι,
2954 2441 3251 2505 ἀκολασίας
3280 2444 3463 2515 τρυφὴ

1780 2524 1873 2575 καὶ
1926 2516 1997 2575 αίν
2030 2527 2272 2594 συνεχεῖς
2318 2525 2425 2577 τῶν
2472 2527 2747 2594 γυναικῶν
2791 2527 3086 2593 ἐντεύξεις,
3143 2530 3239 2581 καὶ
3272 2529 3461 2600 ἕτερον

1778 2610 1987 2679 ἐτέρου.
2016 2611 2202 2665 Πάντα
2232 2611 2288 2664 δὲ
2320 2612 2491 2666 ταῦτα
2523 2616 2603 2677 είς
2639 2616 2739 2684 μὲν
2783 2615 2845 2668 τὸ
2885 2616 3050 2685 μέσον
3088 2616 3296 2670 ἐλθόντι
3331 2633 3464 2685 σφοο

1777 2695 1919 2765 δρῶς
1960 2697 2298 2771 ἐπιθήσεται,
2351 2700 2443 2751 καὶ
2508 2702 2778 2773 σπαράξει
2829 2720 2917 2772 μοι
2958 2703 3071 2773 ’τὴν
3119 2702 3324 2776 ψυχὴν,
3366 2705 3463 2757 καὶ

1780 2780 1985 2856 φοϐερὰ
2015 2784 2187 2845 ἔσται.
2228 2789 2322 2840 καὶ
2362 2783 2743 2860 χαλεπώτερόν
2796 2807 2885 2860 μοι
2938 2790 3033 2843 τὸν
3086 2791 3227 2863 πρὸς
3280 2790 3467 2847 ταῦτα·

1780 2873 1996 2943 ποιήσει
2042 2873 2296 2944 πόλεμον.
2346 2875 2611 2929 Ἐνταῦθα
2639 2877 2697 2928 δὲ
2734 2876 3036 2948 καθημένῳ
3076 2878 3463 2949 μετάιπολλῆς

1781 2958 1880 3028 μὲν
1914 2961 2007 3013 καὶ
2034 2960 2208 3025 οὕτως
2237 2963 2643 3034 ὑποταγήσεται
2680 2965 2829 3041 βίας,
2858 2966 3267 3037 ὑποταγήσεται
3290 2968 3336 3020 δ’
3366 2966 3461 3022 οὖν

1776 3044 1925 3115 ὅμως
1951 3049 2017 3117 τῇ
2046 3047 2139 3100 τοῦ
2185 3048 2319 3102 Θεοῦ
2348 3050 2553 3121 χάριτι,
2590 3053 2685 3104 καί⁵
2714 3055 2813 3121 τῆς
2846 3052 3055 3121 ὑλακῆς
3093 3054 3278 3119 αὐτοῖς
3306 3056 3463 3110 οὐδὲν

1776 3132 1931 3186 ἐσται.
1960 3133 2139 3189 πλέον.
2191 3134 2289 3189 Διά
2342 3137 2517 3189 ταῦτα
2549 3138 2641 3191 τὸν
2672 3138 2916 3194 οἰκίσκον
2965 3139 3221 3205 φυλάττω
3269 3138 3463 3197 τοῦτον

1777 3218 1872 3271 καὶ
1914 3219 2172 3289 ἀπρόῐτος
2214 3223 2307 3277 καὶ
2356 3222 2720 3295 ἀκοινώνητός
2767 3228 2881 3295 εἰμι
2913 3224 3064 3299 [£59.]
3096 3229 3191 3280 καὶ
3232 3229 3462 3282 ἀσυνου-

1780 3304 2017 3370 σίαστοξ,
2069 3308 2163 3360 καὶ
2209 3305 2407 3380 μυρίας
2441 3310 2636 3381 ἐτέρας
2669 3310 2924 3376 τοιαύτας
2960 3314 3197 3385 μέμψεις
3237 3315 3460 3369 ἀκούειν

1777 3392 2061 3463 ἀνέχομαιο
2115 3394 2288 3465 ἡδέως
2336 3397 2435 3467 μὲν
2471 3397 2537 3451 ἂν
2580 3399 2750 3463 αὐτὰς
2783 3400 3248 3471 ἀποτριψάμενος.
3291 3403 3370 3473 τῷ
3400 3401 3460 3458 δὲ

1780 3481 1854 3550 μὴ
1884 3474 2142 3537 δύνασθαι
2179 3473 2506 3554 δακνόμενος
2545 3486 2638 3539 καὶ
2668 3486 2868 3555 ἀλγῶν.
2919 3488 3053 3541 Οὑδέ
3082 3489 3192 3560 γὰρ
3221 3488 3457 3561 εὔπορόν

1780 3583 1892 3636 μοι,
1920 3567 2233 3639 ὁμιλητικόν
2256 3587 2311 3623 τε
2333 3570 2469 3641 όμοῦ
2500 3571 2778 3639 γενέσθαι,
2806 3574 2901 3628 καὶ
2927 3576 3020 3627 ἐπὶ
3051 3576 3151 3645 τῆς
3175 3577 3461 3648 παρούσης

1776 3654 2076 3723 ἀσφαλείας
2122 3659 2335 3734 μένειν,
2374 3660 2455 3711 Δι’
2496 3660 2526 3713 0
2576 3662 2671 3714 καὶ
2716 3661 2878 3713 αὐτόν
2914 3679 2971 3714 σε
2992 3664 3332 3739 επαρακαλῶ,
3366 3665 3461 3719 τὸν
3558 3702 3566 3708 -

1776 3739 1881 3793 ὐπὸ
1917 3741 2185 3813 τοσαύτης
2215 3744 2534 3816 δυσχερείας
2581 3746 2983 3819 ἐπειλημμένον
3038 3750 3207 3803 ἐλεεῖν
3258 3751 3461 3821 μᾶλλον

1777 3826 1809 3896 ἢ
1838 3827 2146 3881 διαϐάλλειν
2164 3846 2177 3859 ·
2215 3830 2329 3883 ἀλλ’
2351 3831 2565 3884 οὐδέπω
2595 3850 2652 3885 σε
2677 3834 2956 3905 πείθομεν.
2990 3835 3201 3888 Οὐκοῦν
3222 3835 3339 3907 ὥρα
3369 3855 3462 3909 μοι

1776 3913 1984 3978 λοιπὸν,
2025 3915 2053 3969 ὃ
2092 3917 2253 3987 μόνον
2305 3915 2451 3988 εἶχον
2512 3920 2851 3992 ἀπόρρητον,
2895 3922 3032 3991 πρὸς
3083 3922 3141 3975 σὲ
3181 3924 3461 3977 καὶτοῦτο

1778 4004 2048 4061 ἐκϐαλεῖν.
2086 4008 2197 4061 Καὶ
2231 4009 2361 4070 ῖσως
2403 4009 2502 4078 μὲν
2536 4008 2765 4062 ἄπιστον
2818 4004 2959 4063 εἶναι
3014 4011 3155 4075 δόξει
3210 4012 3458 4076 πολλοῖς⁶

1778 4090 1889 4159 ἐγὼ
1910 4093 1966 4145 δὲ
2005 4094 2137 4145 αὐτὸ
2164 4094 2286 4147 οὐδὲ
2308 4094 2479 4158 οὑτως
2510 4099 2589 4159 εἰς
2622 4096 2785 4167 μέσον
2817 4100 3062 4165 ἐνεγκεῖν
3102 4101 3463 4172 αἰσχυνθήσο-

1781 4196 1899 4248 μαι.
1954 4181 2017 4231 Εί
2062 4180 2171 4250 γάρ
2227 4182 2320 4234 καί
2378 4185 2621 4253 πονηρᾶς
2685 4185 3044 4256 συνειδήσεως
3097 4187 3192 4239 καὶ
3246 4189 3459 4260 μυρίων

1779 4268 2194 4337 ἁμαρτημάτων
2244 4269 2462 4340 ἔλεγχος
2496 4271 2556 4323 τὸ
2585 4272 2875 4341 λεγόμενον
2912 4270 2968 4346 ᾖ,
3016 4273 3110 4327 τοῦ
3173 4275 3459 4345 μέλλοντος

1777 4355 1926 4423 ἡμᾶς
1967 4354 2174 4425 κρίνειν
2212 4356 2347 4409 Θεοῦ
2392 4358 2569 4410 πάντα
2620 4360 2820 4422 εἰδότος
2876 4360 3138 4425 ἀκριϐῶς,
3192 4361 3247 4415 τί
3296 4363 3460 4416 πλέον

1780 4441 1909 4510 ἡμῖν
1931 4442 1993 4493 ἐκ
2024 4443 2121 4511 τῆς
2150 4442 2255 4494 τῶν
2287 4443 2590 4514 ἀνθρώπων
2620 4446 2843 4512 ἀγνοίας
2883 4448 3203 4515 ἐγγενέσθαι
3235 4449 3461 4521 δυνήσε-

1776 4543 1895 4595 ται;
1937 4528 2002 4581 Τί
2030 4525 2125 4583 οὐν
2152 4530 2268 4582 ἐστι
2293 4531 2354 4582 τὸ
2386 4531 2726 4603 ἀπόρρητον;
2778 4534 2910 4586 Ἀπὸ
2934 4535 3035 4604 τῆς
3069 4537 3286 4606 ἡμέρας
3312 4540 3427 4593 ἐκεῖ
3448 4567 3459 4581 ι

1777 4631 1894 4684 νης,
1928 4608 2046 4688 ἐνῇ
2079 4618 2281 4687 ταύτην
2307 4617 2569 4688 ἐνέθηκάς
2610 4636 2699 4688 μοι
2739 4620 2837 4691 τὴν
2884 4622 3140 4691 ὑποψίαν,
3191 4623 3456 4690 πολλάκις

1778 4702 2122 4756 ἐκινδύνευσε
2154 4721 2243 4773 μοι
2277 4705 2657 4777 παραλυθῆναι
2682 4706 2743 4760 τὸ
2775 4708 2934 4778 σῶμα
2956 4709 3138 4763 τέλεον
3162 4727 3174 4741 ·
3202 4712 3460 4777 τοσοῦτος

1782 4790 1880 4858 μὲν
1897 4788 2080 4857 φόϐος,
2116 4789 2352 4861 τοσαύτη
2382 4792 2439 4845 δὲ
2472 4792 2682 4861 ἀθυμία
2728 4796 2960 4865 κατέσχε
2991 4812 3093 4865 μου
3120 4796 3222 4868 τὴν
3251 4797 3452 4869 ψυχήν.

1778 4878 1889 4947 Τῆς
1921 4877 2031 4947 γάρ
2059 4879 2295 4947 Χριστοῦ
2316 4878 2537 4950 νύμφης
2561 4879 2659 4950 τὴν
2686 4880 2845 4947 δόξαν
2889 4883 3108 4947 ἐννοῶν,
3152 4884 3250 4955 τὴν
3284 4887 3457 4953 ἁγιω-

1780 4964 1964 5034 σύνην,
1996 4964 2058 5017 τὸ
2087 4966 2281 5029 κάλλος
2307 4966 2367 5020 τὸ
2398 4969 2790 5036 πνευματικὸν,
2822 4970 2920 5040 τὴν
2954 4971 3198 5034 σύνεσιν,
3230 4974 3329 5044 τὴν
3366 4974 3457 5026 εὐα

1777 5051 2030 5119 κοσμίαν,
2066 5053 2162 5104 καὶ
2201 5052 2268 5105 τά
2303 5054 2543 5123 ἐμαυτοῦ
2576 5054 2923 5128 λογιζόμενος
2952 5058 3121 5121 κακά,
3160 5060 3221 5112 οὐ
3248 5060 3456 5131 διελίμ-

1777 5154 1945 5190 πανον
1972 5140 2187 5209 ἐκείνην
2214 5157 2273 5192 τε
2313 5142 2546 5206 πενθῶν,
2587 5143 2679 5196 καὶ
2723 5145 2959 5215 ἐμαυτὸν
3008 5147 3331 5212 ταλανίζων,
3361 5149 3457 5202 καὶ

1779 5226 1979 5279 στένων
2021 5228 2258 5297 συνεχῶς
2313 5230 2407 5282 καὶ
2458 5230 2733 5302 διαπορῶν
2784 5233 2921 5305 πρὸς
2973 5236 3213 5304 ἐμαυτὸν
3268 5232 3457 5307 ελεγον

1775 5312 1975 5365 ταῦτα⁶
2009 5315 2105 5376 Τίς
2132 5311 2240 5385 ἆρα
2271 5316 2444 5371 ταῦτα
2473 5312 2892 5384 συνεϐούλὲυσες
2925 5322 2979 5374 τί
3000 5323 3255 5378 τοσοῦτον
3278 5326 3455 5400 ἦμαρ-

1774 5416 1865 5453 τεν
1891 5402 1923 5471 ἡ
1947 5400 2041 5453 τοῦ
2084 5401 2217 5489 Θεοῦ
2253 5401 2583 5477 Ἐκκλησία;
2618 5408 2671 5462 τί
2698 5408 3017 5478 τηλικοῦτον
3051 5412 3335 5483 παρώξυνε
3363 5416 3467 5489 τὸν,

1773 5486 1944 5557 αὐτῆς
1969 5488 2269 5560 Δεσπότην,
2298 5490 2374 5555 ὼς
2394 5492 2472 5563 τῷ
2495 5494 2709 5548 πάντων
2739 5496 3053 5569 ἀτιμοτάτῳ
3080 5501 3454 5573 παραδοθῆναι

1770 5680 1868 5797 ωῖέ
1887 5678 2401 5797 Ξῐέθιέξςοοῆἱῗξιὶοοεω
2422 5698 2447 5735 a
2463 5686 2613 5738 Savil.
2628 5692 2839 5743 mutuati
2856 5704 3044 5743 sumus.
3062 5691 3342 5755 [φαώλων
3355 5687 3449 5738 ὑπὸ

1824 5803 1847 5840 ιι
1885 5800 1981 5851 Alii
2007 5803 2323 5868 φοϐερώτερα.
