4158 6316
232 413 349 470 689

223 523 737 595 ignominiosissimo
783 523 912 580 mihi
968 523 1297 588 traderetur,
1353 532 1408 578 et
1453 532 1651 577 tantam
1709 538 1803 592 pa-

1440 411 1528 467 ΠΕ
1564 409 2010 468 δΑυειιῡοτιο.
2050 409 2178 466 UB.
2228 409 2308 465 Vl.

3389 386 3495 480 eos

1916 521 2141 591 equites,
2180 521 2519 592 iaculatores,
2556 524 2819 593 triremes,
2853 526 3146 585 triremium
3185 532 3486 605 pnefeetos,

220 623 437 670 teretur
483 614 793 670 infamiam?
850 614 975 669 llrec
1026 614 1333 684 frequenter
1376 630 1581 669 mecum
1634 616 1807 670 revul-
1910 613 2349 669 munitosibidem
2368 617 3484 695 milites,machinarumnavaliumcopiam;

222 716 405 771 rens,
473 720 594 760 cum
664 705 991 775 indignitatis
1068 713 1227 758 tantae
1298 721 1366 759 ne
1428 706 1802 774 cogitationem

217 797 444 865 quidem
489 795 635 851 ferre
686 810 935 866 possem,
983 796 1134 864 quasi
1181 796 1437 863 attonitus
1486 804 1541 849 et
1584 806 1804 863 stupore

218 886 503 953 perculsus
528 926 543 949 ,
574 901 673 941 nec
701 885 883 940 videre
910 900 1006 939 nec
1035 885 1219 939 audire
1244 885 1508 954 quidpiam
1541 895 1797 955 poteram.

214 974 362 1029 Cum
404 992 490 1031 me
536 976 636 1030 hoc
663 975 821 1028 animi
868 974 1154 1044 deliquium
1198 974 1468 1028 desereret
1499 974 1801 1045 (interdum

215 1066 421 1136 quippe
445 1064 769 1134 desistebat),
790 1064 1143 1118 succedebant
1170 1065 1417 1134 lacrymat
1437 1071 1490 1117 et
1517 1064 1798 1118 maestitia:

218 1170 339 1212 tum
384 1168 500 1227 post
530 1159 877 1229 lacrymarum
907 1156 1203 1211 satietatem
1249 1156 1436 1209 iterum
1486 1155 1802 1210 adventabat

215 1250 419 1314 timor,
462 1257 690 1303 mentem
743 1248 994 1310 turbans,
1039 1245 1263 1300 tui’nultu
1309 1245 1519 1313 replens
1561 1260 1625 1298 ac
1666 1259 1797 1299 con-

210 1340 448 1393 cutiens.
478 1336 533 1390 In
562 1346 695 1392 aestu
737 1344 881 1389 tanto
912 1336 1233 1403 prmteritum
1279 1332 1508 1402 transegi
1552 1341 1796 1402 tempus;

214 1439 272 1483 tu
325 1444 452 1484 vero
492 1428 811 1499 ignorabas,
853 1434 909 1481 et
951 1425 1003 1477 in
1052 1424 1428 1493 tranquillitate
1472 1438 1556 1477 me
1597 1424 1798 1479 versari

209 1520 564 1573 arbitrabare.
590 1520 655 1571 At
681 1531 818 1568 nunc
845 1514 936 1568 tibi
961 1515 1152 1578 animt:
1176 1528 1309 1567 mea:
1336 1514 1621 1581 procellam
1650 1524 1799 1567 reve-

211 1608 332 1661 lare
376 1607 588 1661 tentabo
618 1621 634 1658 :
667 1604 788 1657 hinc
830 1602 1053 1657 fortasse
1097 1596 1264 1667 mihi,
1313 1600 1501 1670 positis
1541 1601 1793 1656 crimina-

211 1699 451 1753 tionibus
473 1735 489 1763 ,
518 1711 724 1750 veniam
752 1695 1031 1749 concedes.
1071 1693 1172 1761 Qui
1201 1693 1341 1746 illam
1371 1693 1460 1747 tibi
1485 1731 1502 1758 ,
1530 1693 1617 1763 qui
1644 1693 1794 1747 dete-

204 1806 345 1861 gere
370 1788 610 1861 possim?
634 1788 690 1844 Si
718 1787 931 1857 quidem
956 1786 1099 1841 clare
1128 1784 1305 1839 videre
1329 1785 1493 1839 velles
1516 1824 1531 1850 ,
1563 1799 1666 1839 non
1691 1785 1794 1839 alio

207 1881 377 1937 modo
403 1896 633 1951 possem,
649 1894 807 1950 quam
830 1892 923 1934 eor
936 1876 1232 1947 detegendo
1248 1891 1424 1930 meum
1447 1890 1598 1931 :cum
1617 1883 1792 1929 autem
1830 1910 1839 1917 ν

206 1975 261 2029 id
294 1974 411 2043 fieri
455 1982 715 2042 nequeat,
758 1986 853 2041 per
880 1971 1157 2024 obscuram
1200 1960 1481 2039 quamdam
1512 1967 1791 2035 imaginem

204 2081 315 2135 pro
356 2064 602 2119 facultate
628 2078 743 2118 mea
776 2062 1039 2116 maestitia:
1067 2076 1198 2113 mea:
1229 2059 1435 2113 interim
1463 2058 1663 2112 fumum
1693 2057 1788 2113 tibi

200 2154 496 2223 depingere
521 2153 779 2215 conabor;
806 2159 859 2205 tu
875 2166 1000 2205 vero
1017 2166 1082 2204 ex
1107 2150 1217 2218 ipsa
1236 2148 1461 2218 imagine
1486 2147 1789 2203 maestitiam

200 2246 383 2317 solum
432 2244 650 2310 colligas
698 2249 924 2310 oportet.
975 2240 1344 2308 Supponamus
1395 2251 1513 2291 esse
1564 2236 1789 2304 puellam

198 2320 417 2389 cuidam
445 2334 782 2401 desponsam,
801 2331 939 2400 regis
967 2330 1052 2399 qui
1085 2328 1330 2381 universo
1357 2326 1471 2380 orbi
1487 2326 1790 2379 dominetur

202 2425 371 2478 filiam
397 2464 413 2488 ,
445 2421 779 2476 inenarrabili
826 2418 1211 2489 pulchritudine
1234 2458 1250 2483 ,
1286 2417 1353 2470 ita
1399 2426 1455 2469 ut
1504 2416 1786 2468 humanam

202 2514 549 2569 transcendat
591 2522 827 2567 naturam
854 2550 868 2577 ,
897 2520 952 2564 et
996 2510 1093 2563 hac
1135 2509 1187 2563 in
1232 2522 1289 2562 re
1331 2515 1495 2560 totum
1525 2506 1787 2559 muliebre

197 2620 375 2677 genus
402 2618 595 2673 magno
621 2602 905 2656 admodum
933 2600 1236 2654 discrimine
1274 2608 1488 2667 superet
1519 2610 1532 2650 :
1567 2596 1633 2650 ad
1672 2597 1788 2652 haec

196 2695 370 2749 animi
396 2695 588 2747 virtute
617 2701 759 2747 tanta
783 2733 799 2755 ,
828 2698 887 2745 ut
911 2692 1145 2744 virorum
1175 2704 1343 2759 genus
1369 2703 1551 2741 eorum
1582 2682 1669 2756 qui
1700 2686 1785 2740 vel

195 2797 331 2841 ante
374 2785 618 2849 fuerunt,
667 2782 750 2838 vel
796 2792 915 2851 post
956 2780 1111 2835 futuri
1155 2790 1317 2846 sunt,
1365 2780 1520 2848 longo
1564 2786 1681 2847 post
1725 2792 1785 2833 se

197 2877 486 2930 intervallo
542 2874 838 2944 relinquat;
900 2885 1210 2940 morumque
1267 2869 1542 2923 honestate
1597 2882 1784 2923 omnes

196 2961 554 3034 philosophia:
600 2962 852 3017 terminos
899 2961 1157 3022 excedat,
1203 2957 1460 3028 facieique
1507 2966 1784 3012 venustate

193 3070 518 3125 corporeum
563 3068 774 3112 omnem
815 3050 1063 3106 decorem
1108 3049 1357 3103 obscuret
1402 3064 1414 3099 :
1460 3060 1783 3116 procumque

194 3148 322 3216 ejus
350 3163 454 3200 non
484 3146 551 3199 ob
580 3160 641 3199 ea
674 3150 893 3206 tantum,
924 3155 1041 3209 qua:
1069 3140 1319 3203 diximus,
1350 3137 1568 3205 virginis
1600 3152 1782 3191 amore

194 3239 396 3294 ardere
419 3278 433 3301 ,
461 3236 553 3291 sed
596 3246 850 3305 praeterea
893 3234 999 3285 alio
1026 3232 1205 3285 nescio
1243 3244 1347 3298 quo
1372 3243 1494 3297 erga
1524 3228 1665 3280 illam
1698 3228 1781 3280 fu-

194 3346 327 3385 rore
352 3329 486 3383 aflici
514 3371 527 3390 ,
559 3329 625 3381 ita
656 3336 711 3380 ut
739 3325 1099 3379 insanissimos
1124 3362 1139 3387 ,
1170 3322 1256 3390 qui
1287 3335 1535 3389 umquam
1565 3318 1777 3383 fuerint,

194 3428 469 3474 amatores
497 3417 647 3485 longe
676 3427 819 3468 retro
850 3413 1112 3480 relinquat
1136 3428 1149 3463 :
1175 3410 1298 3463 hinc
1323 3423 1581 3478 ponamus
1609 3408 1778 3471 illum,

194 3511 281 3566 sic
307 3522 489 3561 amore
518 3506 848 3575 ﬂagrantem,
876 3500 1119 3556 alicunde
1143 3499 1427 3564 audivisse,
1462 3499 1694 3551 futurum
1725 3507 1780 3553 ut

195 3600 434 3671 puellam
464 3599 603 3652 illam
635 3596 700 3649 ab
726 3610 785 3650 se
809 3594 1106 3647 adamatam
1131 3632 1145 3657 ,
1172 3592 1440 3644 vilissima:
1465 3590 1781 3644 conditionis

195 3696 285 3748 vir
310 3735 324 3760 ,
353 3689 596 3762 ignobilis
618 3730 634 3753 ,
676 3702 901 3757 corpore
931 3686 1145 3739 mutilus
1168 3725 1183 3745 ,
1211 3683 1553 3751 omniumque
1580 3693 1779 3735 morta-

195 3788 335 3842 lium
376 3783 725 3850 nequissimus
757 3781 807 3834 in
840 3792 1058 3832 uxorem
1099 3776 1274 3830 ducat.
1306 3779 1386 3828 An
1416 3775 1506 3828 tibi
1534 3774 1776 3843 exiguam

196 3875 405 3932 doloris
457 3872 621 3927 nostri
676 3869 954 3939 imaginem
1000 3865 1538 3934 repra-sentaviums?
1578 3865 1779 3920 satisne

193 3969 302 4021 erit
328 3966 607 4033 imaginem
651 3962 920 4035 hucusque
944 3956 1267 4012 deduxisse?
1295 3956 1423 4008 Mea:
1448 3953 1776 4007 declaranda

194 4058 469 4113 mmtitiaa
494 4056 621 4108 satis
644 4068 763 4107 esse
789 4038 935 4121 puto,
959 4051 1108 4116 cujus
1125 4048 1277 4100 unius
1303 4061 1459 4099 causa
1476 4044 1776 4112 exemplum

194 4149 306 4202 hoc
351 4145 705 4199 adhibuimus.
750 4141 818 4195 Ut
859 4149 1033 4193 autem
1078 4148 1248 4191 metus
1290 4135 1626 4204 stuporisque
1673 4132 1777 4187 mcl

193 4234 615 4305 magnitudinem
665 4232 757 4285 tibi
807 4229 974 4282 oculis
1029 4226 1340 4294 subjiciam,
1393 4223 1459 4278 ad
1503 4222 1641 4275 aliud
1692 4236 1776 4275 me

192 4325 420 4383 confero
460 4321 783 4389 exemplum.
827 4320 1092 4372 Ponamus
1137 4315 1425 4369 exercitum
1475 4311 1773 4381 peditibus,

192 4416 466 4492 equitibus
520 4412 847 4479 nauticisque
906 4408 1032 4461 viris
1089 4407 1399 4458 instructum
1448 4418 1463 4454 :
1514 4417 1577 4456 ac
1632 4416 1777 4457 mare

194 4506 416 4577 quidem
432 4503 635 4570 operiat
651 4500 943 4553 triremium
962 4510 1229 4557 numerus;
1248 4508 1557 4560 rursumque
1574 4507 1779 4561 campo-

192 4610 318 4650 rum
349 4594 612 4663 planities,
632 4589 994 4656 montiumque
1022 4585 1243 4637 vertices
1258 4594 1517 4651 occupent
1542 4581 1775 4649 peditum

192 4684 540 4754 equitumque
570 4679 853 4747 phalanges
884 4692 898 4728 :
932 4689 1004 4728 aes
1028 4687 1294 4727 armorum
1325 4672 1451 4723 solis
1493 4670 1776 4737 splendore

193 4777 437 4831 reluceat
457 4814 471 4836 ,
512 4783 670 4840 atque
699 4769 819 4822 hinc
846 4767 1053 4821 emissis
1076 4765 1236 4817 radiis
1262 4764 1529 4831 galearum
1558 4761 1774 4830 clypeo-

194 4878 425 4932 rumque
453 4860 748 4916 coruscatio
777 4859 1011 4911 vibretur
1041 4872 1054 4907 :
1087 4854 1353 4907 hastarum
1386 4852 1578 4920 fragor,
1608 4865 1777 4918 equo-

196 4968 426 5022 rumque
470 4950 704 5004 hinnitus
746 4946 811 5000 ad
857 4947 1027 5015 ipsum
1072 4944 1256 4997 caelum
1303 4942 1497 4995 feratur
1542 4956 1555 4990 :
1608 4955 1777 5007 neque

195 5060 370 5107 mare.
390 5060 557 5113 neque
574 5052 713 5096 terra
731 5050 1000 5110 appareat,
1019 5037 1109 5091 sed
1129 5051 1201 5089 aes
1222 5046 1274 5088 et
1299 5036 1490 5121 ferrum
1511 5033 1737 5102 undique
1758 5046 1772 5085 :

197 5138 437 5206 ipsiwque
454 5132 793 5187 bellatoribus
806 5129 1009 5182 adversi
1027 5128 1139 5180 acie
1152 5130 1399 5179 instructa
1419 5122 1771 5186 stenl‘ltostes,

195 5227 303 5283 feri
352 5225 561 5295 quidam
618 5232 897 5288 trucesque
950 5217 1065 5271 viri.
1126 5217 1286 5269 Instet
1336 5217 1443 5281 jam
1500 5210 1777 5264 conﬂictus

194 5310 417 5388 tempus
434 5315 450 5367 ἑ
473 5316 595 5368 hinc
622 5322 826 5383 [aptum
855 5310 1112 5380 quiSpiam
1144 5307 1553 5369 adolescentem,
1579 5306 1627 5355 in
1652 5319 1777 5370 agro

194 5411 519 5471 educatum,
550 5404 638 5475 qui
684 5412 874 5471 praeter
904 5399 1225 5468 pastoritiam
1275 5397 1437 5467 lyram
1486 5406 1537 5447 et
1588 5394 1777 5461 pedum

196 5495 333 5551 nihil
364 5509 576 5563 prorsus
603 5494 735 5547 sciat
767 5508 781 5546 :
813 5492 1089 5559 ipsumque
1119 5497 1380 5539 armatura
1408 5500 1545 5539 terea
1575 5484 1775 5549 induat,

196 5601 263 5641 ac
331 5601 422 5653 per
487 5592 653 5636 totum
718 5580 1006 5634 exercitum
1064 5575 1431 5631 circumducat
1462 5615 1476 5637 ,
1534 5572 1779 5627 ostendat

196 5673 499 5744 manipulos
552 5672 1040 5739 mampulorumque
1092 5668 1379 5729 ductores,
1436 5666 1774 5733 sagittarios,

199 5765 518 5828 funditores,
551 5763 793 5815 ordinum
838 5760 1138 5829 praefectos,
1171 5757 1355 5823 duces,
1386 5755 1776 5825 cataphractos,

1908 704 2154 760 ostendat
2178 706 2313 767 item
2329 707 2558 762 hostium
2581 710 2749 765 aciem
2774 712 3093 780 universam,
3114 704 3487 789 fonniiltlliisos

1906 805 2175 864 aspectus,
2208 812 2473 869 armorum
2517 811 2823 870 apparatum
2853 803 3140 872 diversum,
3172 806 3485 866 immensam

1906 886 2337 950 multitudinem.
2398 888 2600 955 valles,
2663 890 2769 945 alta
2836 894 3165 963 praecipitia,
3224 893 3485 955 montium

1907 976 2156 1031 scabrosa
2204 993 2219 1028 :
2265 978 2509 1033 ostendat
2550 979 2673 1032 item
2718 981 2858 1049 apud
2902 981 3233 1041 adversarios
3277 988 3487 1057 equites

1905 1066 2217 1136 quibusdam
2262 1070 2539 1139 pmtigiis
2567 1070 2808 1126 volantes
2834 1112 2850 1134 ,
2891 1082 2945 1127 et
2972 1074 3340 1146 cataphractos
3386 1094 3485 1149 per

1903 1172 2081 1212 aerem
2095 1155 2317 1223 delatos,
2331 1160 2607 1231 omnisque
2624 1164 2993 1246 incarnationis
3006 1167 3107 1219 vim
3119 1169 3478 1239 speciemque:

1902 1259 2177 1303 recenseat
2192 1248 2292 1318 ipsi
2306 1249 2564 1304 bellorum
2580 1251 2925 1315 calamitates.
2946 1255 3219 1310 missilium
3244 1259 3441 1315 nubem
3457 1300 3477 1326 ,

1902 1336 2127 1391 telorum
2159 1337 2404 1403 imbrem,
2422 1338 2547 1394 hinc
2572 1355 2813 1410 magnam
2834 1343 3110 1411 caliginem
3136 1354 3190 1400 et
3207 1349 3475 1415 tenebras,

1901 1426 2329 1481 obscurissimam
2360 1438 2591 1497 noctem,
2622 1444 2780 1500 quam
2809 1434 3117 1502 sagittarum
3147 1436 3229 1490 vis
3256 1435 3475 1505 efficiat,

1901 1517 1969 1571 ita
2014 1527 2071 1570 ut
2112 1518 2199 1572 illa
2244 1526 2385 1572 tanta
2425 1517 2723 1595 frequentia
2765 1523 2969 1578 solares
3004 1525 3181 1579 radios
3221 1536 3424 1583 avertat
3457 1542 3485 1583 τ

1900 1606 2170 1677 pulverem
2200 1624 2304 1662 non
2350 1608 2564 1673 minus,
2608 1624 2765 1679 quam
2815 1612 3100 1681 tenebras,
3144 1616 3330 1671 oculos
3373 1618 3475 1673 ob-

1898 1708 2240 1764 scurantem,
2292 1699 2563 1769 sanguinis
2614 1702 2794 1766 rivos,
2851 1702 3151 1758 cadentium
3202 1707 3473 1776 gemitus,

1897 1790 2149 1843 stantium
2204 1790 2506 1857 clamores,
2561 1802 2945 1861 prostratorum
3008 1808 3269 1861 acervos,
3326 1808 3475 1854 rotas

1896 1882 2150 1950 sanguine
2192 1882 2379 1935 tinctas
2403 1922 2419 1944 ,
2458 1897 2623 1949 equos
2664 1898 2785 1938 cum
2832 1886 3130 1940 sessoribus
3172 1889 3467 1958 praecipitet

1895 1980 2044 2025 actos
2069 1986 2099 2025 a
2128 1972 2463 2027 multitudine
2503 1972 2816 2029 cadaverum
2840 2014 2859 2042 ,
2903 1986 3097 2031 terram
3125 1979 3326 2033 mixtim
3357 1981 3472 2037 hzec

1894 2062 2073 2115 omnia
2111 2072 2375 2117 tenentem
2400 2104 2415 2127 ,
2445 2064 2750 2132 sanguinem
2773 2103 2792 2131 ,
2820 2080 2975 2118 arcus
2996 2108 3012 2129 ,
3039 2068 3141 2121 tela
3167 2107 3182 2130 ,
3208 2084 3489 2139 equorum.

1841 2180 1847 2186 -
1895 2152 2136 2221 ungulas,
2158 2152 2533 2221 hominumque
2549 2154 2719 2224 capita
2738 2155 2892 2210 simul
2913 2156 3141 2224 iacentia
3160 2169 3213 2212 et
3230 2158 3465 2225 brachia,-

1892 2243 2086 2304 collum
2111 2284 2126 2308 ,
2154 2243 2333 2296 tibiam
2358 2284 2373 2309 ,
2404 2252 2585 2310 pectus
2628 2243 2914 2298 dissectum
2939 2286 2953 2307 ,
2982 2246 3243 2302 cerebella
3280 2247 3471 2317 gladiis

1894 2332 2144 2387 haerentia
2170 2373 2186 2398 ,
2219 2334 2307 2387 teli
2352 2333 2626 2403 cuspidem
2668 2334 2936 2390 ell‘ractam
2961 2377 2979 2400 ,
3009 2338 3326 2409 oculumque
3368 2354 3470 2394 ceu

1892 2423 2220 2476 infibulatmn
2274 2423 2553 2478 habentem
2603 2439 2617 2478 :
2667 2435 2879 2479 enarret
2922 2427 3050 2483 item
3102 2430 3299 2484 nautici
3343 2430 3469 2487 belli

1891 2515 2050 2581 mala,
2070 2514 2313 2569 triremes
2338 2515 2468 2570 alias
2499 2516 2686 2570 mediis
2712 2518 2762 2570 iu
2791 2516 3035 2574 ﬂuchbus
3059 2521 3465 2591 conﬂagrantes,

1889 2605 2021 2659 alias
2062 2620 2183 2659 eum
2228 2605 2480 2659 militibus
2528 2606 2656 2673 ipsis
2696 2606 3004 2675 demersas,
3057 2608 3309 2666 ﬂuctuum
3354 2612 3469 2666 frac

1888 2710 2109 2764 gorem,
2160 2705 2436 2749 nautarum
2493 2697 2814 2762 tumultum,
2861 2700 3085 2754 militum
3136 2700 3464 2770 clamorem,

1889 2785 2028 2839 unda
2073 2786 2429 2855 sanguineque
2460 2788 2674 2840 mixtam
2718 2801 2959 2856 spumam
2985 2830 3001 2853 ,
3032 2789 3382 2862 eamdemque
3411 2794 3466 2851 in

1888 2873 2111 2927 navibus
2152 2874 2307 2926 simul
2358 2874 2602 2928 omnibus
2653 2876 3072 2945 irruinpenlem,
3121 2880 3173 2934 in
3219 2880 3466 2939 tabulatis

1887 2962 2181 3031 cadavera,
2229 2964 2330 3019 alia
2378 2965 2501 3018 item
2547 2965 2827 3031 demersa,
2875 2968 2977 3021 alia
3025 2973 3460 3040 supernatantia.

1886 3054 1985 3107 alia
2013 3062 2145 3107 testu
2190 3054 2352 3107 maris
2377 3054 2461 3109 ad
2486 3054 2632 3108 littus
2672 3057 2887 3125 appulsa
2913 3095 2928 3121 ,
2958 3058 3059 3112 alia
3105 3058 3156 3113 in
3182 3058 3312 3129 ipsis
3355 3060 3462 3116 ﬂu-

1885 3146 2059 3199 ctibus
2087 3146 2295 3212 obruta,
2314 3162 2432 3215 qua:
2458 3146 2677 3202 navibus
2695 3147 2793 3200 iter
2816 3148 3062 3203 claudant
3081 3165 3095 3201 :
3114 3152 3464 3222 omnibusque

1887 3237 2008 3291 belli
2034 3237 2301 3305 tragtediis
2329 3246 2573 3291 accurate
2603 3238 2867 3300 exhibitis,
2891 3238 3047 3292 addat
3067 3249 3121 3294 et
3145 3242 3465 3311 captivitatis

1885 3328 2252 3395 calamitates,
2300 3337 2355 3382 et
2403 3330 2555 3382 omni
2598 3339 2766 3383 morte
2812 3329 3080 3383 duriorem
3126 3333 3459 3388 servitutem.

1886 3418 1978 3472 llis
2003 3433 2162 3489 porro
2201 3418 2351 3471 dictis
2375 3460 2391 3483 ,
2418 3419 2604 3487 jubeat
2636 3433 2826 3487 equum
2857 3419 3032 3471 Statim
3061 3422 3453 3487 conscendere,

1886 3512 2226 3579 universique
2268 3510 2407 3564 illius
2436 3510 2700 3565 exercitus
2742 3510 2928 3565 ducem
2972 3525 3151 3580 agere.
3183 3513 3263 3565 An
3306 3519 3455 3582 putat

1883 3599 2336 3654 adolescentulum
2372 3600 2517 3653 illum
2536 3602 2616 3654 vel
2634 3601 2800 3653 solam
2822 3599 3011 3654 horum
3050 3603 3403 3656 narrationem
3434 3611 3452 3640 ί

1885 3690 2022 3744 ferre
2053 3704 2207 3758 posse
2230 3730 2246 3754 ,
2291 3703 2354 3743 ac
2396 3704 2503 3743 non
2546 3691 2721 3758 potius
2749 3689 2832 3747 vel
2861 3704 2889 3743 a
2922 3691 3091 3757 primo
3121 3692 3196 3744 rei
3239 3700 3459 3761 aspectu

1883 3781 2064 3832 animo
2084 3778 2413 3833 deiecturum
2435 3778 2587 3833 esse?

1956 3869 2041 3923 15.
2080 3866 2231 3923 Omni
2274 3885 2441 3938 pugna
2470 3868 2875 3922 selaenwntiorem
2917 3885 3023 3923 esse
3059 3868 3245 3923 diaboli
3272 3870 3323 3923 in
3369 3887 3461 3925 nos

1884 3959 2145 4013 exsultant.
2165 3986 2236 3999 -—
2252 3958 2327 4012 Ac
2344 3973 2412 4011 ne
2436 3967 2587 4025 putes
2610 3974 2695 4011 me
2708 3973 2824 4016 rem
2849 3959 3089 4014 oratione
3112 3950 3458 4027 ampliﬁcare,

1884 4062 2017 4101 neve
2058 4049 2179 4117 quia
2222 4045 2323 4101 hoc
2346 4062 2569 4116 corpore
2596 4062 2694 4101 ccu
2718 4047 2944 4116 quodam
2987 4062 3200 4104 carcere
3227 4050 3414 4104 inclusi
3440 4092 3457 4115 ,

1884 4140 2224 4193 invisibilium
2256 4138 2383 4192 nihil
2415 4154 2631 4206 prorsus
2671 4154 2891 4193 cernere
2920 4153 3201 4208 possumus
3224 4181 3239 4205 ,
3270 4157 3459 4211 magna

1882 4244 2001 4283 esse
2018 4230 2178 4283 ducas
2201 4244 2283 4291 ea.
2303 4244 2420 4297 qua:
2436 4244 2464 4281 a
2485 4245 2566 4283 me
2581 4229 2718 4282 dicta
2740 4232 2880 4283 sunt.
2902 4229 3064 4285 Multo
3091 4231 3188 4287 hac
3205 4234 3457 4301 majorem

1882 4329 1936 4373 et
1962 4319 2349 4373 horriliiliorem
2379 4336 2602 4390 pugnam
2630 4318 2858 4385 videres,
2891 4321 2934 4373 si
2963 4322 3459 4391 ealiginosisaimam

1882 4411 2076 4465 diaboli
2122 4412 2325 4476 aciem,
2376 4412 2734 4480 furiosumque
2780 4413 3084 4468 conﬂictum
3130 4414 3297 4470 oculis
3344 4416 3460 4470 istis

1881 4518 2102 4557 cernere
2146 4517 2347 4570 posses.
2375 4502 2490 4557 Non
2534 4504 2675 4557 enim
2721 4504 2826 4558 illic
2856 4504 3050 4557 ferrum
3090 4514 3179 4557 aut
3207 4520 3281 4559 res
3303 4546 3319 4572 ,
3352 4523 3458 4561 non

1882 4596 2044 4663 equi,
2076 4609 2262 4649 currus
2305 4602 2360 4647 et
2399 4603 2529 4648 rotre
2554 4634 2569 4659 ,
2605 4609 2709 4647 non
2750 4594 2885 4662 ignis
2927 4602 2981 4650 et
3020 4578 3120 4649 tela
3145 4636 3163 4663 ,
3196 4611 3298 4649 non
3346 4597 3460 4651 lucc

1886 4687 2104 4740 visibilia
2124 4702 2137 4750 ;
2160 4685 2252 4739 sed
2270 4685 2368 4737 alia
2389 4686 2553 4763 multo
2581 4685 2662 4737 his
2680 4686 2991 4739 terribiliora
3012 4688 3457 4741 machinamenta.

1882 4777 2215 4830 Adversariis
2242 4776 2357 4829 istis
2389 4775 2517 4829 nihil
2544 4791 2677 4843 opus
2702 4785 2783 4830 est
2814 4776 3028 4830 thorace
3051 4816 3067 4841 ,
3096 4793 3199 4829 non
3225 4777 3415 4846 clypeo
3440 4818 3455 4839 ,

1882 4880 1987 4919 non
2014 4864 2230 4918 ensibus
2254 4873 2307 4918 et
2334 4866 2497 4919 hastis
2522 4880 2537 4929 ;
2568 4866 2659 4919 sed
2685 4866 2771 4919 vel
2794 4867 2939 4921 solus
2963 4865 3301 4920 exsecranda:
3324 4865 3457 4920 aciei

1883 4967 2128 5023 aspectus
2180 4955 2407 5007 animam
2438 4954 2726 5007 dissolvere
2780 4956 2985 5022 possit,
3019 4955 3119 5009 nisi
3172 4954 3457 5009 admodum

1882 5060 2137 5114 generosa
2168 5045 2323 5098 fuerit
2350 5088 2362 5106 ,
2394 5055 2445 5097 et
2473 5060 2580 5113 pra:
2606 5045 2799 5098 virtute
2827 5046 3037 5113 propria
3069 5046 3230 5099 multa
3256 5045 3460 5101 fruatur

1883 5151 1910 5187 a
1947 5137 2051 5189 Deo
2098 5136 2443 5203 providentia.
2476 5136 2551 5188 Ac
2594 5135 2637 5188 si
2684 5134 2794 5187 fieri
2844 5145 3020 5201 posset
3050 5145 3106 5187 ut
3149 5134 3251 5189 hoc
3297 5145 3457 5187 exuto

1883 5242 2143 5295 corpore,
2172 5226 2253 5280 vel
2300 5242 2418 5279 cum
2465 5227 2578 5294 ipso
2620 5240 2881 5295 corpore,
2910 5227 3193 5293 conspicne
3238 5241 3299 5279 ac
3344 5226 3459 5280 sine

1886 5317 2074 5369 timore
2117 5324 2278 5367 totam
2310 5314 2424 5383 ejus
2467 5315 2633 5369 aciem
2682 5324 2736 5367 et
2780 5313 2975 5367 bellum
3003 5324 3205 5369 centra.
3232 5321 3340 5368 nos’
3374 5315 3459 5368 in-

1884 5414 2139 5458 structum
2188 5404 2315 5473 ipsis
2344 5404 2510 5457 oculis
2550 5420 2797 5458 cernercs
2829 5421 2842 5456 :
2875 5404 3081 5459 videres
3125 5406 3304 5474 utique
3353 5421 3458 5459 non

1885 5495 2151 5563 sanguinis
2203 5504 2464 5547 torrentes
2488 5535 2503 5560 ,
2536 5510 2639 5547 non
2692 5493 2947 5547 cadavera
2971 5533 2989 5557 ,
3022 5494 3113 5546 sed
3161 5494 3457 5547 animarum

1886 5588 2063 5641 ruinas
2105 5596 2277 5640 tantas
2299 5627 2313 5651 ,
2342 5586 2581 5655 adeoque
2621 5585 2800 5655 gravia
2829 5586 3044 5638 vulnera
3070 5625 3085 5650 ,
3120 5594 3175 5637 ut
3220 5592 3328 5637 tota
3374 5584 3459 5638 illa

1949 5762 1964 5791 ί
2002 5761 2072 5808 Sic
2093 5756 2254 5808 Morel.
2276 5771 2291 5819 ;
2314 5756 2403 5806 sed
2421 5756 2556 5805 savii.
2586 5762 2635 5805 et
2656 5752 2836 5816 aliquot
2866 5759 2993 5813 mss,
3012 5750 3375 5803 ordinationem.
