  <div class='ocr_page' id='page_1' title='image "/cluster/home/n/w/nwhite01/storage/ocr_20150623/48/pst.000005712458/177.png"; bbox 0 0 4158 6316; ppageno 0'>
   <div class='ocr_carea' id='block_1_1' title="bbox 643 404 3206 478">
    <p class='ocr_par' dir='ltr' id='par_1_1' title="bbox 643 404 3206 478">
     <span class='ocr_line' id='line_1_1' title="bbox 643 404 3206 478; baseline -0.002 -11"><span class='ocrx_word' id='word_1_1' title='bbox 643 475 646 478; x_wconf 96' lang='lat'><em>_</em></span> <span class='ocrx_word' id='word_1_2' title='bbox 716 410 808 468; x_wconf 77' lang='lat'><strong>69!</strong></span> <span class='ocrx_word' id='word_1_3' title='bbox 1425 410 1478 464; x_wconf 87' lang='lat' dir='ltr'><strong>S.</strong></span> <span class='ocrx_word' id='word_1_4' title='bbox 1521 406 1795 464; x_wconf 70' lang='lat' dir='ltr'><strong>JOANNIS</strong></span> <span class='ocrx_word' id='word_1_5' title='bbox 1835 405 2302 462; x_wconf 74' lang='lat' dir='ltr'><strong>CllRYSOSTOMl</strong></span> <span class='ocrx_word' id='word_1_6' title='bbox 2341 406 2653 463; x_wconf 71' lang='lat' dir='ltr'><strong>ARClllEP.</strong></span> <span class='ocrx_word' id='word_1_7' title='bbox 2696 404 3206 462; x_wconf 74' lang='lat' dir='ltr'><strong>CONSTANTINOP</strong></span> 
     </span>
    </p>
   </div>
   <div class='ocr_carea' id='block_1_2' title="bbox 715 521 2279 591">
    <p class='ocr_par' dir='ltr' id='par_1_2' title="bbox 715 521 2279 591">
     <span class='ocr_line' id='line_1_2' title="bbox 715 521 2279 591; baseline -0.002 -15"><span class='ocrx_word' id='word_1_8' title='bbox 715 523 838 576; x_wconf 81' lang='lat' dir='ltr'><strong>belli</strong></span> <span class='ocrx_word' id='word_1_9' title='bbox 890 521 1211 591; x_wconf 73' lang='lat' dir='ltr'><strong>descriptio,</strong></span> <span class='ocrx_word' id='word_1_10' title='bbox 1261 537 1415 590; x_wconf 86' lang='lat' dir='ltr'><strong>quam</strong></span> <span class='ocrx_word' id='word_1_11' title='bbox 1467 521 1623 576; x_wconf 89' lang='lat' dir='ltr'><strong>modo</strong></span> <span class='ocrx_word' id='word_1_12' title='bbox 1670 521 1942 588; x_wconf 83' lang='lat' dir='ltr'><strong>expressi,</strong></span> <span class='ocrx_word' id='word_1_13' title='bbox 1997 535 2279 588; x_wconf 88' lang='lat' dir='ltr'><strong>puerorum</strong></span> 
     </span>
    </p>
   </div>
   <div class='ocr_carea' id='block_1_3' title="bbox 714 611 2282 680">
    <p class='ocr_par' dir='ltr' id='par_1_3' title="bbox 714 611 2282 680">
     <span class='ocr_line' id='line_1_3' title="bbox 714 611 2282 680; baseline -0.003 -16"><span class='ocrx_word' id='word_1_14' title='bbox 714 613 1095 666; x_wconf 86' lang='lat' dir='ltr'><strong>oblectamenta</strong></span> <span class='ocrx_word' id='word_1_15' title='bbox 1147 620 1201 666; x_wconf 88' lang='lat' dir='ltr'><strong>et</strong></span> <span class='ocrx_word' id='word_1_16' title='bbox 1249 612 1356 665; x_wconf 89' lang='lat' dir='ltr'><strong>ludi</strong></span> <span class='ocrx_word' id='word_1_17' title='bbox 1407 627 1524 666; x_wconf 89' lang='lat' dir='ltr'><strong>esse</strong></span> <span class='ocrx_word' id='word_1_18' title='bbox 1553 611 1830 664; x_wconf 90' lang='lat' dir='ltr'><strong>videantur</strong></span> <span class='ocrx_word' id='word_1_19' title='bbox 1881 611 2090 680; x_wconf 86' lang='lat' dir='ltr'><strong>potius,</strong></span> <span class='ocrx_word' id='word_1_20' title='bbox 2122 625 2282 679; x_wconf 89' lang='lat' dir='ltr'><strong>quam</strong></span> 
     </span>
    </p>
   </div>
   <div class='ocr_carea' id='block_1_4' title="bbox 715 701 2279 773">
    <p class='ocr_par' dir='ltr' id='par_1_4' title="bbox 715 701 2279 773">
     <span class='ocr_line' id='line_1_4' title="bbox 715 701 2279 773; baseline -0.001 -17"><span class='ocrx_word' id='word_1_21' title='bbox 715 703 906 756; x_wconf 89' lang='lat' dir='ltr'><strong>bellum</strong></span> <span class='ocrx_word' id='word_1_22' title='bbox 941 720 954 754; x_wconf 74' lang='grc' dir='ltr'><em>ε</em></span> <span class='ocrx_word' id='word_1_23' title='bbox 990 712 1091 754; x_wconf 91' lang='lat' dir='ltr'><strong>tam</strong></span> <span class='ocrx_word' id='word_1_24' title='bbox 1137 702 1281 755; x_wconf 86' lang='lat' dir='ltr'><strong>multi</strong></span> <span class='ocrx_word' id='word_1_25' title='bbox 1328 702 1528 756; x_wconf 89' lang='lat' dir='ltr'><strong>scilicet</strong></span> <span class='ocrx_word' id='word_1_26' title='bbox 1570 702 1604 754; x_wconf 86' lang='lat' dir='ltr'><strong>ii</strong></span> <span class='ocrx_word' id='word_1_27' title='bbox 1649 710 1771 755; x_wconf 89' lang='lat' dir='ltr'><strong>sunt</strong></span> <span class='ocrx_word' id='word_1_28' title='bbox 1797 701 1883 770; x_wconf 88' lang='lat' dir='ltr'><strong>qui</strong></span> <span class='ocrx_word' id='word_1_29' title='bbox 1924 701 2155 773; x_wconf 87' lang='lat' dir='ltr'><strong>quotidie</strong></span> <span class='ocrx_word' id='word_1_30' title='bbox 2202 701 2279 755; x_wconf 86' lang='lat' dir='ltr'><strong>fe-</strong></span> 
     </span>
    </p>
   </div>
   <div class='ocr_carea' id='block_1_5' title="bbox 717 793 2277 865">
    <p class='ocr_par' dir='ltr' id='par_1_5' title="bbox 717 793 2277 865">
     <span class='ocr_line' id='line_1_5' title="bbox 717 793 2277 865; baseline -0.003 -18"><span class='ocrx_word' id='word_1_31' title='bbox 717 797 941 865; x_wconf 74' lang='lat' dir='ltr'><strong>riuntur.</strong></span> <span class='ocrx_word' id='word_1_32' title='bbox 965 793 1196 846; x_wconf 82' lang='lat' dir='ltr'><strong>Vulnera</strong></span> <span class='ocrx_word' id='word_1_33' title='bbox 1221 804 1394 846; x_wconf 84' lang='lat' dir='ltr'><strong>autem</strong></span> <span class='ocrx_word' id='word_1_34' title='bbox 1422 809 1522 846; x_wconf 91' lang='lat' dir='ltr'><strong>non</strong></span> <span class='ocrx_word' id='word_1_35' title='bbox 1547 793 1784 847; x_wconf 90' lang='lat' dir='ltr'><strong>eamdem</strong></span> <span class='ocrx_word' id='word_1_36' title='bbox 1815 793 2044 846; x_wconf 87' lang='lat' dir='ltr'><strong>inferunt</strong></span> <span class='ocrx_word' id='word_1_37' title='bbox 2070 807 2277 855; x_wconf 88' lang='lat' dir='ltr'><strong>necem,</strong></span> 
     </span>
    </p>
   </div>
   <div class='ocr_carea' id='block_1_6' title="bbox 716 881 2278 952">
    <p class='ocr_par' dir='ltr' id='par_1_6' title="bbox 716 881 2278 952">
     <span class='ocr_line' id='line_1_6' title="bbox 716 881 2278 952; baseline -0.005 -10"><span class='ocrx_word' id='word_1_38' title='bbox 716 884 806 942; x_wconf 86' lang='lat' dir='ltr'><strong>sed</strong></span> <span class='ocrx_word' id='word_1_39' title='bbox 835 894 1092 952; x_wconf 89' lang='lat' dir='ltr'><strong>quantum</strong></span> <span class='ocrx_word' id='word_1_40' title='bbox 1115 893 1194 936; x_wconf 88' lang='lat' dir='ltr'><strong>est</strong></span> <span class='ocrx_word' id='word_1_41' title='bbox 1237 883 1374 939; x_wconf 85' lang='lat' dir='ltr'><strong>inter</strong></span> <span class='ocrx_word' id='word_1_42' title='bbox 1401 884 1629 935; x_wconf 83' lang='lat' dir='ltr'><strong>animam</strong></span> <span class='ocrx_word' id='word_1_43' title='bbox 1660 891 1714 936; x_wconf 90' lang='lat' dir='ltr'><strong>et</strong></span> <span class='ocrx_word' id='word_1_44' title='bbox 1740 897 1932 949; x_wconf 89' lang='lat' dir='ltr'><strong>corpus</strong></span> <span class='ocrx_word' id='word_1_45' title='bbox 1957 881 2237 934; x_wconf 89' lang='lat' dir='ltr'><strong>discrimen</strong></span> <span class='ocrx_word' id='word_1_46' title='bbox 2264 920 2278 943; x_wconf 87' lang='lat'><strong>.</strong></span> 
     </span>
    </p>
   </div>
   <div class='ocr_carea' id='block_1_7' title="bbox 718 969 2278 1027">
    <p class='ocr_par' dir='ltr' id='par_1_7' title="bbox 718 969 2278 1027">
     <span class='ocr_line' id='line_1_7' title="bbox 718 969 2278 1027; baseline -0.003 -1"><span class='ocrx_word' id='word_1_47' title='bbox 718 982 857 1027; x_wconf 87' lang='lat' dir='ltr'><strong>tanta</strong></span> <span class='ocrx_word' id='word_1_48' title='bbox 903 987 984 1027; x_wconf 90' lang='lat' dir='ltr'><strong>est</strong></span> <span class='ocrx_word' id='word_1_49' title='bbox 1027 975 1162 1027; x_wconf 85' lang='lat' dir='ltr'><strong>inter</strong></span> <span class='ocrx_word' id='word_1_50' title='bbox 1206 974 1338 1027; x_wconf 87' lang='lat' dir='ltr'><strong>hanc</strong></span> <span class='ocrx_word' id='word_1_51' title='bbox 1381 982 1434 1026; x_wconf 91' lang='lat' dir='ltr'><strong>et</strong></span> <span class='ocrx_word' id='word_1_52' title='bbox 1476 974 1616 1027; x_wconf 81' lang='lat' dir='ltr'><strong>illam</strong></span> <span class='ocrx_word' id='word_1_53' title='bbox 1648 973 1956 1025; x_wconf 76' lang='lat' dir='ltr'><strong>differentia.</strong></span> <span class='ocrx_word' id='word_1_54' title='bbox 1988 969 2116 1025; x_wconf 80' lang='lat' dir='ltr'><strong>Nam</strong></span> <span class='ocrx_word' id='word_1_55' title='bbox 2162 986 2278 1024; x_wconf 90' lang='lat' dir='ltr'><strong>cmn</strong></span> 
     </span>
    </p>
   </div>
   <div class='ocr_carea' id='block_1_8' title="bbox 713 1051 2284 1134">
    <p class='ocr_par' dir='ltr' id='par_1_8' title="bbox 713 1051 2284 1134">
     <span class='ocr_line' id='line_1_8' title="bbox 713 1051 2284 1134; baseline 0.001 -20"><span class='ocrx_word' id='word_1_56' title='bbox 713 1069 887 1118; x_wconf 87' lang='lat' dir='ltr'><strong>anima</strong></span> <span class='ocrx_word' id='word_1_57' title='bbox 921 1066 1118 1134; x_wconf 90' lang='lat' dir='ltr'><strong>plagam</strong></span> <span class='ocrx_word' id='word_1_58' title='bbox 1149 1066 1337 1134; x_wconf 85' lang='lat' dir='ltr'><strong>accipit</strong></span> <span class='ocrx_word' id='word_1_59' title='bbox 1377 1074 1430 1118; x_wconf 92' lang='lat' dir='ltr'><strong>et</strong></span> <span class='ocrx_word' id='word_1_60' title='bbox 1466 1066 1644 1131; x_wconf 88' lang='lat' dir='ltr'><strong>cadit,</strong></span> <span class='ocrx_word' id='word_1_61' title='bbox 1684 1080 1788 1118; x_wconf 90' lang='lat' dir='ltr'><strong>non</strong></span> <span class='ocrx_word' id='word_1_62' title='bbox 1816 1051 1932 1118; x_wconf 81' lang='lat' dir='ltr'><strong>sine</strong></span> <span class='ocrx_word' id='word_1_63' title='bbox 1961 1080 2118 1116; x_wconf 90' lang='lat' dir='ltr'><strong>sensu</strong></span> <span class='ocrx_word' id='word_1_64' title='bbox 2141 1063 2284 1132; x_wconf 86' lang='lat' dir='ltr'><strong>jacet</strong></span> 
     </span>
    </p>
   </div>
   <div class='ocr_carea' id='block_1_9' title="bbox 716 1155 2279 1223">
    <p class='ocr_par' dir='ltr' id='par_1_9' title="bbox 716 1155 2279 1223">
     <span class='ocr_line' id='line_1_9' title="bbox 716 1155 2279 1223; baseline -0.002 -12"><span class='ocrx_word' id='word_1_65' title='bbox 716 1167 774 1211; x_wconf 89' lang='lat' dir='ltr'><strong>ut</strong></span> <span class='ocrx_word' id='word_1_66' title='bbox 815 1171 1044 1222; x_wconf 80' lang='lat' dir='ltr'><strong>carpas;</strong></span> <span class='ocrx_word' id='word_1_67' title='bbox 1074 1155 1165 1210; x_wconf 86' lang='lat' dir='ltr'><strong>sed</strong></span> <span class='ocrx_word' id='word_1_68' title='bbox 1205 1157 1312 1223; x_wconf 90' lang='lat' dir='ltr'><strong>jam</strong></span> <span class='ocrx_word' id='word_1_69' title='bbox 1356 1157 1476 1212; x_wconf 88' lang='lat' dir='ltr'><strong>inde</strong></span> <span class='ocrx_word' id='word_1_70' title='bbox 1518 1173 1580 1210; x_wconf 84' lang='lat' dir='ltr'><strong>ex</strong></span> <span class='ocrx_word' id='word_1_71' title='bbox 1610 1157 1742 1209; x_wconf 76' lang='lat' dir='ltr'><strong>niata</strong></span> <span class='ocrx_word' id='word_1_72' title='bbox 1786 1157 2106 1211; x_wconf 89' lang='lat' dir='ltr'><strong>conscientia</strong></span> <span class='ocrx_word' id='word_1_73' title='bbox 2148 1172 2279 1209; x_wconf 89' lang='lat' dir='ltr'><strong>con-</strong></span> 
     </span>
    </p>
   </div>
   <div class='ocr_carea' id='block_1_10' title="bbox 718 1245 2281 1314">
    <p class='ocr_par' dir='ltr' id='par_1_10' title="bbox 718 1245 2281 1314">
     <span class='ocr_line' id='line_1_10' title="bbox 718 1245 2281 1314; baseline 0.003 -18"><span class='ocrx_word' id='word_1_74' title='bbox 718 1245 973 1310; x_wconf 80' lang='lat' dir='ltr'><strong>tabescit,</strong></span> <span class='ocrx_word' id='word_1_75' title='bbox 1007 1255 1123 1312; x_wconf 90' lang='lat' dir='ltr'><strong>post</strong></span> <span class='ocrx_word' id='word_1_76' title='bbox 1149 1246 1344 1313; x_wconf 86' lang='lat' dir='ltr'><strong>obitum</strong></span> <span class='ocrx_word' id='word_1_77' title='bbox 1377 1261 1502 1299; x_wconf 89' lang='lat' dir='ltr'><strong>vero</strong></span> <span class='ocrx_word' id='word_1_78' title='bbox 1527 1288 1540 1310; x_wconf 91' lang='lat'><strong>,</strong></span> <span class='ocrx_word' id='word_1_79' title='bbox 1565 1246 1746 1314; x_wconf 86' lang='lat' dir='ltr'><strong>judicii</strong></span> <span class='ocrx_word' id='word_1_80' title='bbox 1778 1255 2012 1313; x_wconf 89' lang='lat' dir='ltr'><strong>tempore</strong></span> <span class='ocrx_word' id='word_1_81' title='bbox 2035 1286 2049 1311; x_wconf 90' lang='lat'><strong>,</strong></span> <span class='ocrx_word' id='word_1_82' title='bbox 2081 1257 2281 1300; x_wconf 78' lang='lat' dir='ltr'><strong>reterno</strong></span> 
     </span>
    </p>
   </div>
   <div class='ocr_carea' id='block_1_11' title="bbox 717 1335 2285 1406">
    <p class='ocr_par' dir='ltr' id='par_1_11' title="bbox 717 1335 2285 1406">
     <span class='ocr_line' id='line_1_11' title="bbox 717 1335 2285 1406; baseline 0.002 -20"><span class='ocrx_word' id='word_1_83' title='bbox 717 1335 938 1388; x_wconf 77' lang='lat' dir='ltr'><strong>traditur</strong></span> <span class='ocrx_word' id='word_1_84' title='bbox 965 1336 1237 1404; x_wconf 91' lang='lat' dir='ltr'><strong>supplicio.</strong></span> <span class='ocrx_word' id='word_1_85' title='bbox 1269 1336 1418 1403; x_wconf 79' lang='lat' dir='ltr'><strong>Quod</strong></span> <span class='ocrx_word' id='word_1_86' title='bbox 1446 1337 1487 1390; x_wconf 91' lang='lat' dir='ltr'><strong>si</strong></span> <span class='ocrx_word' id='word_1_87' title='bbox 1531 1339 1649 1406; x_wconf 85' lang='lat' dir='ltr'><strong>quis</strong></span> <span class='ocrx_word' id='word_1_88' title='bbox 1679 1337 1743 1391; x_wconf 92' lang='lat' dir='ltr'><strong>de</strong></span> <span class='ocrx_word' id='word_1_89' title='bbox 1782 1337 2085 1390; x_wconf 87' lang='lat' dir='ltr'><strong>vulneribus</strong></span> <span class='ocrx_word' id='word_1_90' title='bbox 2114 1353 2141 1388; x_wconf 94' lang='lat' dir='ltr'><strong>a</strong></span> <span class='ocrx_word' id='word_1_91' title='bbox 2172 1337 2285 1391; x_wconf 89' lang='lat' dir='ltr'><strong>dia-</strong></span> 
     </span>
    </p>
   </div>
   <div class='ocr_carea' id='block_1_12' title="bbox 718 1422 2278 1493">
    <p class='ocr_par' dir='ltr' id='par_1_12' title="bbox 718 1422 2278 1493">
     <span class='ocr_line' id='line_1_12' title="bbox 718 1422 2278 1493; baseline 0.003 -19"><span class='ocrx_word' id='word_1_92' title='bbox 718 1422 838 1475; x_wconf 85' lang='lat' dir='ltr'><strong>bolo</strong></span> <span class='ocrx_word' id='word_1_93' title='bbox 883 1423 1090 1477; x_wconf 89' lang='lat' dir='ltr'><strong>inllictis</strong></span> <span class='ocrx_word' id='word_1_94' title='bbox 1132 1425 1261 1477; x_wconf 81' lang='lat' dir='ltr'><strong>nihil</strong></span> <span class='ocrx_word' id='word_1_95' title='bbox 1307 1425 1519 1488; x_wconf 84' lang='lat' dir='ltr'><strong>doleat,</strong></span> <span class='ocrx_word' id='word_1_96' title='bbox 1570 1425 1736 1492; x_wconf 84' lang='lat' dir='ltr'><strong>majus</strong></span> <span class='ocrx_word' id='word_1_97' title='bbox 1780 1425 1875 1493; x_wconf 85' lang='lat' dir='ltr'><strong>ipsi</strong></span> <span class='ocrx_word' id='word_1_98' title='bbox 1922 1425 2168 1479; x_wconf 81' lang='lat' dir='ltr'><strong>damnum</strong></span> <span class='ocrx_word' id='word_1_99' title='bbox 2216 1442 2278 1479; x_wconf 81' lang='lat' dir='ltr'><strong>ex</strong></span> 
     </span>
    </p>
   </div>
   <div class='ocr_carea' id='block_1_13' title="bbox 719 1512 2280 1584">
    <p class='ocr_par' dir='ltr' id='par_1_13' title="bbox 719 1512 2280 1584">
     <span class='ocr_line' id='line_1_13' title="bbox 719 1512 2280 1584; baseline 0.003 -20"><span class='ocrx_word' id='word_1_100' title='bbox 719 1512 998 1566; x_wconf 87' lang='lat' dir='ltr'><strong>indolentia</strong></span> <span class='ocrx_word' id='word_1_101' title='bbox 1029 1515 1112 1567; x_wconf 86' lang='lat' dir='ltr'><strong>illa</strong></span> <span class='ocrx_word' id='word_1_102' title='bbox 1143 1514 1390 1582; x_wconf 76' lang='lat' dir='ltr'><strong>inﬂigitur</strong></span> <span class='ocrx_word' id='word_1_103' title='bbox 1423 1534 1434 1568; x_wconf 94' lang='lat'><strong>:</strong></span> <span class='ocrx_word' id='word_1_104' title='bbox 1467 1530 1619 1583; x_wconf 85' lang='lat' dir='ltr'><strong>quem</strong></span> <span class='ocrx_word' id='word_1_105' title='bbox 1647 1515 1785 1568; x_wconf 89' lang='lat' dir='ltr'><strong>enim</strong></span> <span class='ocrx_word' id='word_1_106' title='bbox 1833 1517 1974 1582; x_wconf 86' lang='lat' dir='ltr'><strong>prior</strong></span> <span class='ocrx_word' id='word_1_107' title='bbox 2001 1516 2147 1584; x_wconf 85' lang='lat' dir='ltr'><strong>plaga</strong></span> <span class='ocrx_word' id='word_1_108' title='bbox 2179 1532 2280 1568; x_wconf 88' lang='lat' dir='ltr'><strong>nou</strong></span> 
     </span>
    </p>
   </div>
   <div class='ocr_carea' id='block_1_14' title="bbox 719 1603 2283 1672">
    <p class='ocr_par' dir='ltr' id='par_1_14' title="bbox 719 1603 2283 1672">
     <span class='ocr_line' id='line_1_14' title="bbox 719 1603 2283 1672; baseline 0.003 -18"><span class='ocrx_word' id='word_1_109' title='bbox 719 1603 923 1656; x_wconf 83' lang='lat' dir='ltr'><strong>mordet</strong></span> <span class='ocrx_word' id='word_1_110' title='bbox 947 1645 961 1667; x_wconf 82' lang='lat'><strong>,</strong></span> <span class='ocrx_word' id='word_1_111' title='bbox 1009 1604 1050 1656; x_wconf 88' lang='lat' dir='ltr'><strong>is</strong></span> <span class='ocrx_word' id='word_1_112' title='bbox 1075 1605 1360 1657; x_wconf 89' lang='lat' dir='ltr'><strong>secundam</strong></span> <span class='ocrx_word' id='word_1_113' title='bbox 1391 1614 1442 1657; x_wconf 92' lang='lat' dir='ltr'><strong>et</strong></span> <span class='ocrx_word' id='word_1_114' title='bbox 1469 1604 1689 1657; x_wconf 90' lang='lat' dir='ltr'><strong>subinde</strong></span> <span class='ocrx_word' id='word_1_115' title='bbox 1717 1605 1868 1657; x_wconf 88' lang='lat' dir='ltr'><strong>aliam</strong></span> <span class='ocrx_word' id='word_1_116' title='bbox 1891 1603 2048 1657; x_wconf 85' lang='lat' dir='ltr'><strong>facile</strong></span> <span class='ocrx_word' id='word_1_117' title='bbox 2075 1606 2283 1672; x_wconf 83' lang='lat' dir='ltr'><strong>recipit.</strong></span> 
     </span>
    </p>
   </div>
   <div class='ocr_carea' id='block_1_15' title="bbox 715 1692 2281 1762">
    <p class='ocr_par' dir='ltr' id='par_1_15' title="bbox 715 1692 2281 1762">
     <span class='ocr_line' id='line_1_15' title="bbox 715 1692 2281 1762; baseline -0.001 -16"><span class='ocrx_word' id='word_1_118' title='bbox 715 1692 984 1761; x_wconf 87' lang='lat' dir='ltr'><strong>Siquidem</strong></span> <span class='ocrx_word' id='word_1_119' title='bbox 1027 1694 1257 1746; x_wconf 84' lang='lat' dir='ltr'><strong>nefarius</strong></span> <span class='ocrx_word' id='word_1_120' title='bbox 1299 1695 1383 1747; x_wconf 67' lang='lat' dir='ltr'><strong>ille</strong></span> <span class='ocrx_word' id='word_1_121' title='bbox 1416 1711 1580 1762; x_wconf 86' lang='lat' dir='ltr'><strong>usque</strong></span> <span class='ocrx_word' id='word_1_122' title='bbox 1625 1694 1687 1746; x_wconf 89' lang='lat' dir='ltr'><strong>ad</strong></span> <span class='ocrx_word' id='word_1_123' title='bbox 1718 1705 2014 1747; x_wconf 77' lang='lat' dir='ltr'><strong>extremum</strong></span> <span class='ocrx_word' id='word_1_124' title='bbox 2063 1694 2281 1746; x_wconf 92' lang='lat' dir='ltr'><strong>balitum</strong></span> 
     </span>
    </p>
   </div>
   <div class='ocr_carea' id='block_1_16' title="bbox 717 1783 2286 1851">
    <p class='ocr_par' dir='ltr' id='par_1_16' title="bbox 717 1783 2286 1851">
     <span class='ocr_line' id='line_1_16' title="bbox 717 1783 2286 1851; baseline -0.001 -15"><span class='ocrx_word' id='word_1_125' title='bbox 717 1799 1000 1851; x_wconf 88' lang='lat' dir='ltr'><strong>numquam</strong></span> <span class='ocrx_word' id='word_1_126' title='bbox 1045 1786 1199 1836; x_wconf 86' lang='lat' dir='ltr'><strong>linem</strong></span> <span class='ocrx_word' id='word_1_127' title='bbox 1230 1784 1449 1836; x_wconf 88' lang='lat' dir='ltr'><strong>feriendi</strong></span> <span class='ocrx_word' id='word_1_128' title='bbox 1491 1783 1653 1848; x_wconf 89' lang='lat' dir='ltr'><strong>facit,</strong></span> <span class='ocrx_word' id='word_1_129' title='bbox 1683 1784 1725 1836; x_wconf 91' lang='lat' dir='ltr'><strong>si</strong></span> <span class='ocrx_word' id='word_1_130' title='bbox 1771 1783 2010 1851; x_wconf 84' lang='lat' dir='ltr'><strong>supinam</strong></span> <span class='ocrx_word' id='word_1_131' title='bbox 2057 1783 2286 1836; x_wconf 82' lang='lat' dir='ltr'><strong>inveniat</strong></span> 
     </span>
    </p>
   </div>
   <div class='ocr_carea' id='block_1_17' title="bbox 716 1875 2283 1944">
    <p class='ocr_par' dir='ltr' id='par_1_17' title="bbox 716 1875 2283 1944">
     <span class='ocr_line' id='line_1_17' title="bbox 716 1875 2283 1944; baseline 0.001 -19"><span class='ocrx_word' id='word_1_132' title='bbox 716 1876 942 1926; x_wconf 90' lang='lat' dir='ltr'><strong>animam</strong></span> <span class='ocrx_word' id='word_1_133' title='bbox 968 1915 982 1931; x_wconf 91' lang='lat'><strong>.</strong></span> <span class='ocrx_word' id='word_1_134' title='bbox 1017 1875 1322 1943; x_wconf 85' lang='lat' dir='ltr'><strong>prioresque</strong></span> <span class='ocrx_word' id='word_1_135' title='bbox 1372 1875 1547 1944; x_wconf 78' lang='lat' dir='ltr'><strong>plagas</strong></span> <span class='ocrx_word' id='word_1_136' title='bbox 1595 1882 2017 1928; x_wconf 87' lang='lat' dir='ltr'><strong>contemnentem</strong></span> <span class='ocrx_word' id='word_1_137' title='bbox 2045 1890 2058 1936; x_wconf 86' lang='lat'>;</span> <span class='ocrx_word' id='word_1_138' title='bbox 2090 1876 2283 1928; x_wconf 90' lang='lat' dir='ltr'><strong>etenim</strong></span> 
     </span>
    </p>
   </div>
   <div class='ocr_carea' id='block_1_18' title="bbox 715 1965 2283 2033">
    <p class='ocr_par' dir='ltr' id='par_1_18' title="bbox 715 1965 2283 2033">
     <span class='ocr_line' id='line_1_18' title="bbox 715 1965 2283 2033; baseline 0 -15"><span class='ocrx_word' id='word_1_139' title='bbox 715 1967 757 2018; x_wconf 90' lang='lat' dir='ltr'><strong>si</strong></span> <span class='ocrx_word' id='word_1_140' title='bbox 801 1965 1074 2018; x_wconf 71' lang='lat' dir='ltr'><strong>conﬂictus</strong></span> <span class='ocrx_word' id='word_1_141' title='bbox 1122 1967 1332 2018; x_wconf 92' lang='lat' dir='ltr'><strong>modum</strong></span> <span class='ocrx_word' id='word_1_142' title='bbox 1382 1966 1679 2033; x_wconf 79' lang='lat' dir='ltr'><strong>expendere</strong></span> <span class='ocrx_word' id='word_1_143' title='bbox 1724 1967 1889 2029; x_wconf 83' lang='lat' dir='ltr'><strong>velis,</strong></span> <span class='ocrx_word' id='word_1_144' title='bbox 1942 1966 2079 2020; x_wconf 89' lang='lat' dir='ltr'><strong>hunc</strong></span> <span class='ocrx_word' id='word_1_145' title='bbox 2123 1966 2283 2020; x_wconf 81' lang='lat' dir='ltr'><strong>velte-</strong></span> 
     </span>
    </p>
   </div>
   <div class='ocr_carea' id='block_1_19' title="bbox 717 2056 2284 2124">
    <p class='ocr_par' dir='ltr' id='par_1_19' title="bbox 717 2056 2284 2124">
     <span class='ocr_line' id='line_1_19' title="bbox 717 2056 2284 2124; baseline 0.001 -15"><span class='ocrx_word' id='word_1_146' title='bbox 717 2058 1065 2121; x_wconf 76' lang='lat' dir='ltr'><strong>mentiorem,</strong></span> <span class='ocrx_word' id='word_1_147' title='bbox 1122 2056 1548 2124; x_wconf 87' lang='lat' dir='ltr'><strong>callidioremque</strong></span> <span class='ocrx_word' id='word_1_148' title='bbox 1605 2057 1856 2123; x_wconf 86' lang='lat' dir='ltr'><strong>reperias.</strong></span> <span class='ocrx_word' id='word_1_149' title='bbox 1912 2057 2092 2124; x_wconf 77' lang='lat' dir='ltr'><strong>Neque</strong></span> <span class='ocrx_word' id='word_1_150' title='bbox 2142 2058 2284 2110; x_wconf 84' lang='lat' dir='ltr'><strong>enim</strong></span> 
     </span>
    </p>
   </div>
   <div class='ocr_carea' id='block_1_20' title="bbox 716 2145 2281 2215">
    <p class='ocr_par' dir='ltr' id='par_1_20' title="bbox 716 2145 2281 2215">
     <span class='ocr_line' id='line_1_20' title="bbox 716 2145 2281 2215; baseline 0.001 -19"><span class='ocrx_word' id='word_1_151' title='bbox 716 2147 989 2213; x_wconf 78' lang='lat' dir='ltr'><strong>quisquam</strong></span> <span class='ocrx_word' id='word_1_152' title='bbox 1019 2157 1119 2206; x_wconf 83' lang='lat' dir='ltr'><strong>est,</strong></span> <span class='ocrx_word' id='word_1_153' title='bbox 1145 2149 1229 2215; x_wconf 94' lang='lat' dir='ltr'><strong>qui</strong></span> <span class='ocrx_word' id='word_1_154' title='bbox 1263 2146 1458 2198; x_wconf 84' lang='lat' dir='ltr'><strong>fraudis</strong></span> <span class='ocrx_word' id='word_1_155' title='bbox 1485 2156 1536 2198; x_wconf 91' lang='lat' dir='ltr'><strong>et</strong></span> <span class='ocrx_word' id='word_1_156' title='bbox 1563 2145 1665 2197; x_wconf 90' lang='lat' dir='ltr'><strong>doli</strong></span> <span class='ocrx_word' id='word_1_157' title='bbox 1696 2155 1863 2198; x_wconf 74' lang='lat' dir='ltr'><strong>tantas</strong></span> <span class='ocrx_word' id='word_1_158' title='bbox 1891 2149 2095 2213; x_wconf 79' lang='lat' dir='ltr'><strong>Species</strong></span> <span class='ocrx_word' id='word_1_159' title='bbox 2124 2157 2281 2208; x_wconf 82' lang='lat' dir='ltr'><strong>norit,</strong></span> 
     </span>
    </p>
   </div>
   <div class='ocr_carea' id='block_1_21' title="bbox 716 2238 2282 2306">
    <p class='ocr_par' dir='ltr' id='par_1_21' title="bbox 716 2238 2282 2306">
     <span class='ocr_line' id='line_1_21' title="bbox 716 2238 2282 2306; baseline 0.001 -20"><span class='ocrx_word' id='word_1_160' title='bbox 716 2247 939 2303; x_wconf 85' lang='lat' dir='ltr'><strong>quantas</strong></span> <span class='ocrx_word' id='word_1_161' title='bbox 987 2238 1072 2289; x_wconf 91' lang='lat' dir='ltr'><strong>ille</strong></span> <span class='ocrx_word' id='word_1_162' title='bbox 1116 2238 1416 2290; x_wconf 88' lang='lat' dir='ltr'><strong>scelestus:</strong></span> <span class='ocrx_word' id='word_1_163' title='bbox 1450 2251 1616 2306; x_wconf 90' lang='lat' dir='ltr'><strong>neque</strong></span> <span class='ocrx_word' id='word_1_164' title='bbox 1671 2238 1969 2290; x_wconf 87' lang='lat' dir='ltr'><strong>inimicitias</strong></span> <span class='ocrx_word' id='word_1_165' title='bbox 2014 2239 2129 2305; x_wconf 90' lang='lat' dir='ltr'><strong>quis</strong></span> <span class='ocrx_word' id='word_1_166' title='bbox 2179 2247 2282 2289; x_wconf 90' lang='lat' dir='ltr'><strong>tam</strong></span> 
     </span>
    </p>
   </div>
   <div class='ocr_carea' id='block_1_22' title="bbox 716 2327 2283 2394">
    <p class='ocr_par' dir='ltr' id='par_1_22' title="bbox 716 2327 2283 2394">
     <span class='ocr_line' id='line_1_22' title="bbox 716 2327 2283 2394; baseline 0.001 -15"><span class='ocrx_word' id='word_1_167' title='bbox 716 2327 1072 2394; x_wconf 84' lang='lat' dir='ltr'><strong>implacabiles</strong></span> <span class='ocrx_word' id='word_1_168' title='bbox 1099 2342 1345 2381; x_wconf 80' lang='lat' dir='ltr'><strong>exercere</strong></span> <span class='ocrx_word' id='word_1_169' title='bbox 1375 2329 1534 2394; x_wconf 55' lang='lat' dir='ltr'><strong>p055“.</strong></span> <span class='ocrx_word' id='word_1_170' title='bbox 1561 2337 1742 2381; x_wconf 90' lang='lat' dir='ltr'><strong>contra</strong></span> <span class='ocrx_word' id='word_1_171' title='bbox 1771 2328 1867 2380; x_wconf 85' lang='lat' dir='ltr'><strong>sibi</strong></span> <span class='ocrx_word' id='word_1_172' title='bbox 1900 2327 2283 2381; x_wconf 84' lang='lat' dir='ltr'><strong>infensissimos</strong></span> 
     </span>
    </p>
   </div>
   <div class='ocr_carea' id='block_1_23' title="bbox 718 2415 2282 2483">
    <p class='ocr_par' dir='ltr' id='par_1_23' title="bbox 718 2415 2282 2483">
     <span class='ocr_line' id='line_1_23' title="bbox 718 2415 2282 2483; baseline 0.002 -16"><span class='ocrx_word' id='word_1_173' title='bbox 718 2415 914 2474; x_wconf 79' lang='lat' dir='ltr'><strong>hostes,</strong></span> <span class='ocrx_word' id='word_1_174' title='bbox 935 2426 1158 2483; x_wconf 86' lang='lat' dir='ltr'><strong>quantas</strong></span> <span class='ocrx_word' id='word_1_175' title='bbox 1177 2417 1433 2483; x_wconf 78' lang='lat' dir='ltr'><strong>malignus</strong></span> <span class='ocrx_word' id='word_1_176' title='bbox 1460 2418 1546 2471; x_wconf 72' lang='lat' dir='ltr'><strong>ille</strong></span> <span class='ocrx_word' id='word_1_177' title='bbox 1573 2419 1776 2470; x_wconf 70' lang='lat' dir='ltr'><strong>dzemon</strong></span> <span class='ocrx_word' id='word_1_178' title='bbox 1795 2428 1973 2472; x_wconf 83' lang='lat' dir='ltr'><strong>eontra</strong></span> <span class='ocrx_word' id='word_1_179' title='bbox 2003 2418 2282 2470; x_wconf 87' lang='lat' dir='ltr'><strong>humanam</strong></span> 
     </span>
    </p>
   </div>
   <div class='ocr_carea' id='block_1_24' title="bbox 718 2509 2286 2576">
    <p class='ocr_par' dir='ltr' id='par_1_24' title="bbox 718 2509 2286 2576">
     <span class='ocr_line' id='line_1_24' title="bbox 718 2509 2286 2576; baseline 0.001 -17"><span class='ocrx_word' id='word_1_180' title='bbox 718 2518 980 2560; x_wconf 75' lang='lat' dir='ltr'><strong>naturam.</strong></span> <span class='ocrx_word' id='word_1_181' title='bbox 1012 2509 1252 2561; x_wconf 80' lang='lat' dir='ltr'><strong>Animum</strong></span> <span class='ocrx_word' id='word_1_182' title='bbox 1299 2518 1470 2562; x_wconf 90' lang='lat' dir='ltr'><strong>autem</strong></span> <span class='ocrx_word' id='word_1_183' title='bbox 1499 2509 1541 2563; x_wconf 92' lang='lat' dir='ltr'><strong>si</strong></span> <span class='ocrx_word' id='word_1_184' title='bbox 1583 2510 1698 2576; x_wconf 81' lang='lat' dir='ltr'><strong>quis</strong></span> <span class='ocrx_word' id='word_1_185' title='bbox 1736 2510 2111 2561; x_wconf 75' lang='lat' dir='ltr'><strong>examinaverit</strong></span> <span class='ocrx_word' id='word_1_186' title='bbox 2139 2550 2151 2573; x_wconf 85' lang='lat'><strong>,</strong></span> <span class='ocrx_word' id='word_1_187' title='bbox 2183 2523 2286 2573; x_wconf 91' lang='lat' dir='ltr'><strong>quo</strong></span> 
     </span>
    </p>
   </div>
   <div class='ocr_carea' id='block_1_25' title="bbox 719 2597 2286 2665">
    <p class='ocr_par' dir='ltr' id='par_1_25' title="bbox 719 2597 2286 2665">
     <span class='ocr_line' id='line_1_25' title="bbox 719 2597 2286 2665; baseline 0.004 -22"><span class='ocrx_word' id='word_1_188' title='bbox 719 2612 943 2665; x_wconf 70' lang='lat' dir='ltr'><strong>pugnam</strong></span> <span class='ocrx_word' id='word_1_189' title='bbox 971 2598 1251 2650; x_wconf 86' lang='lat' dir='ltr'><strong>committit</strong></span> <span class='ocrx_word' id='word_1_190' title='bbox 1274 2638 1286 2660; x_wconf 84' lang='lat'><strong>,</strong></span> <span class='ocrx_word' id='word_1_191' title='bbox 1321 2607 1462 2652; x_wconf 86' lang='lat' dir='ltr'><strong>certe</strong></span> <span class='ocrx_word' id='word_1_192' title='bbox 1502 2600 1774 2651; x_wconf 76' lang='lat' dir='ltr'><strong>ridiculum</strong></span> <span class='ocrx_word' id='word_1_193' title='bbox 1802 2598 2002 2664; x_wconf 84' lang='lat' dir='ltr'><strong>putabit</strong></span> <span class='ocrx_word' id='word_1_194' title='bbox 2045 2597 2286 2650; x_wconf 74' lang='lat' dir='ltr'><strong>homines</strong></span> 
     </span>
    </p>
   </div>
   <div class='ocr_carea' id='block_1_26' title="bbox 720 2686 2283 2756">
    <p class='ocr_par' dir='ltr' id='par_1_26' title="bbox 720 2686 2283 2756">
     <span class='ocr_line' id='line_1_26' title="bbox 720 2686 2283 2756; baseline -0.001 -17"><span class='ocrx_word' id='word_1_195' title='bbox 720 2687 815 2754; x_wconf 88' lang='lat' dir='ltr'><strong>ipsi</strong></span> <span class='ocrx_word' id='word_1_196' title='bbox 865 2686 960 2740; x_wconf 85' lang='lat' dir='ltr'><strong>hac</strong></span> <span class='ocrx_word' id='word_1_197' title='bbox 1003 2702 1054 2738; x_wconf 89' lang='lat' dir='ltr'><strong>tu</strong></span> <span class='ocrx_word' id='word_1_198' title='bbox 1108 2697 1253 2756; x_wconf 90' lang='lat' dir='ltr'><strong>parte</strong></span> <span class='ocrx_word' id='word_1_199' title='bbox 1297 2687 1548 2742; x_wconf 85' lang='lat' dir='ltr'><strong>conferri.</strong></span> <span class='ocrx_word' id='word_1_200' title='bbox 1586 2689 1675 2740; x_wconf 84' lang='lat' dir='ltr'><strong>Siti</strong></span> <span class='ocrx_word' id='word_1_201' title='bbox 1720 2688 2142 2739; x_wconf 76' lang='lat' dir='ltr'><strong>iracundissimas</strong></span> <span class='ocrx_word' id='word_1_202' title='bbox 2173 2697 2283 2739; x_wconf 85' lang='lat' dir='ltr'><strong>tru-</strong></span> 
     </span>
    </p>
   </div>
   <div class='ocr_carea' id='block_1_27' title="bbox 715 2777 2287 2846">
    <p class='ocr_par' dir='ltr' id='par_1_27' title="bbox 715 2777 2287 2846">
     <span class='ocr_line' id='line_1_27' title="bbox 715 2777 2287 2846; baseline 0.001 -16"><span class='ocrx_word' id='word_1_203' title='bbox 715 2777 1204 2846; x_wconf 79' lang='lat' dir='ltr'><strong>Culentissimasque</strong></span> <span class='ocrx_word' id='word_1_204' title='bbox 1246 2777 1387 2831; x_wconf 89' lang='lat' dir='ltr'><strong>feras</strong></span> <span class='ocrx_word' id='word_1_205' title='bbox 1417 2779 1670 2846; x_wconf 82' lang='lat' dir='ltr'><strong>quispiam</strong></span> <span class='ocrx_word' id='word_1_206' title='bbox 1703 2778 1937 2846; x_wconf 78' lang='lat' dir='ltr'><strong>deligens</strong></span> <span class='ocrx_word' id='word_1_207' title='bbox 1964 2820 1978 2844; x_wconf 86' lang='lat'><strong>,</strong></span> <span class='ocrx_word' id='word_1_208' title='bbox 2011 2794 2101 2830; x_wconf 89' lang='lat' dir='ltr'><strong>eas</strong></span> <span class='ocrx_word' id='word_1_209' title='bbox 2149 2779 2287 2831; x_wconf 90' lang='lat' dir='ltr'><strong>iliins</strong></span> 
     </span>
    </p>
   </div>
   <div class='ocr_carea' id='block_1_28' title="bbox 718 2867 2286 2938">
    <p class='ocr_par' dir='ltr' id='par_1_28' title="bbox 718 2867 2286 2938">
     <span class='ocr_line' id='line_1_28' title="bbox 718 2867 2286 2938; baseline 0.001 -18"><span class='ocrx_word' id='word_1_210' title='bbox 718 2867 935 2920; x_wconf 76' lang='lat' dir='ltr'><strong>insania:</strong></span> <span class='ocrx_word' id='word_1_211' title='bbox 988 2883 1294 2938; x_wconf 87' lang='lat' dir='ltr'><strong>comparare</strong></span> <span class='ocrx_word' id='word_1_212' title='bbox 1349 2870 1609 2934; x_wconf 84' lang='lat' dir='ltr'><strong>voluerit,</strong></span> <span class='ocrx_word' id='word_1_213' title='bbox 1667 2870 2112 2922; x_wconf 55' lang='lat' dir='ltr'><strong>mansuetissimus</strong></span> <span class='ocrx_word' id='word_1_214' title='bbox 2169 2869 2286 2921; x_wconf 77' lang='lat' dir='ltr'><strong>illas</strong></span> 
     </span>
    </p>
   </div>
   <div class='ocr_carea' id='block_1_29' title="bbox 718 2957 2282 3027">
    <p class='ocr_par' dir='ltr' id='par_1_29' title="bbox 718 2957 2282 3027">
     <span class='ocr_line' id='line_1_29' title="bbox 718 2957 2282 3027; baseline -0.001 -18"><span class='ocrx_word' id='word_1_215' title='bbox 718 2957 1228 3026; x_wconf 90' lang='lat' dir='ltr'><strong>bumanissimasque</strong></span> <span class='ocrx_word' id='word_1_216' title='bbox 1255 2974 1371 3012; x_wconf 92' lang='lat' dir='ltr'><strong>cum</strong></span> <span class='ocrx_word' id='word_1_217' title='bbox 1401 2959 1488 3013; x_wconf 91' lang='lat' dir='ltr'><strong>illo</strong></span> <span class='ocrx_word' id='word_1_218' title='bbox 1512 2969 1844 3027; x_wconf 85' lang='lat' dir='ltr'><strong>comparatas</strong></span> <span class='ocrx_word' id='word_1_219' title='bbox 1870 2974 1987 3012; x_wconf 88' lang='lat' dir='ltr'><strong>esse</strong></span> <span class='ocrx_word' id='word_1_220' title='bbox 2017 2958 2246 3012; x_wconf 73' lang='lat' dir='ltr'><strong>inveniet</strong></span> <span class='ocrx_word' id='word_1_221' title='bbox 2270 2974 2282 3008; x_wconf 89' lang='lat'>:</span> 
     </span>
    </p>
   </div>
   <div class='ocr_carea' id='block_1_30' title="bbox 721 3046 2287 3115">
    <p class='ocr_par' dir='ltr' id='par_1_30' title="bbox 721 3046 2287 3115">
     <span class='ocr_line' id='line_1_30' title="bbox 721 3046 2287 3115; baseline -0.001 -15"><span class='ocrx_word' id='word_1_222' title='bbox 721 3055 918 3100; x_wconf 89' lang='lat' dir='ltr'><strong>tantum</strong></span> <span class='ocrx_word' id='word_1_223' title='bbox 973 3047 1062 3100; x_wconf 87' lang='lat' dir='ltr'><strong>ille</strong></span> <span class='ocrx_word' id='word_1_224' title='bbox 1117 3046 1345 3100; x_wconf 89' lang='lat' dir='ltr'><strong>furorem</strong></span> <span class='ocrx_word' id='word_1_225' title='bbox 1399 3048 1598 3115; x_wconf 86' lang='lat' dir='ltr'><strong>spirat,</strong></span> <span class='ocrx_word' id='word_1_226' title='bbox 1655 3063 1772 3098; x_wconf 92' lang='lat' dir='ltr'><strong>cum</strong></span> <span class='ocrx_word' id='word_1_227' title='bbox 1827 3048 2028 3099; x_wconf 89' lang='lat' dir='ltr'><strong>animas</strong></span> <span class='ocrx_word' id='word_1_228' title='bbox 2081 3055 2287 3100; x_wconf 76' lang='lat' dir='ltr'><strong>uestras</strong></span> 
     </span>
    </p>
   </div>
   <div class='ocr_carea' id='block_1_31' title="bbox 716 3136 2282 3205">
    <p class='ocr_par' dir='ltr' id='par_1_31' title="bbox 716 3136 2282 3205">
     <span class='ocr_line' id='line_1_31' title="bbox 716 3136 2282 3205; baseline -0.001 -15"><span class='ocrx_word' id='word_1_229' title='bbox 716 3136 974 3191; x_wconf 71' lang='lat' dir='ltr'><strong>aduritur.</strong></span> <span class='ocrx_word' id='word_1_230' title='bbox 1003 3137 1194 3205; x_wconf 72' lang='lat' dir='ltr'><strong>Pugnce</strong></span> <span class='ocrx_word' id='word_1_231' title='bbox 1238 3152 1393 3204; x_wconf 90' lang='lat' dir='ltr'><strong>porro</strong></span> <span class='ocrx_word' id='word_1_232' title='bbox 1425 3137 1693 3189; x_wconf 90' lang='lat' dir='ltr'><strong>hominum</strong></span> <span class='ocrx_word' id='word_1_233' title='bbox 1723 3137 1881 3190; x_wconf 87' lang='lat' dir='ltr'><strong>breve</strong></span> <span class='ocrx_word' id='word_1_234' title='bbox 1929 3145 2134 3204; x_wconf 89' lang='lat' dir='ltr'><strong>tempus</strong></span> <span class='ocrx_word' id='word_1_235' title='bbox 2164 3145 2243 3188; x_wconf 77' lang='lat' dir='ltr'><strong>est</strong></span> <span class='ocrx_word' id='word_1_236' title='bbox 2268 3153 2282 3201; x_wconf 90' lang='lat'><strong>;</strong></span> 
     </span>
    </p>
   </div>
   <div class='ocr_carea' id='block_1_32' title="bbox 719 3226 2281 3294">
    <p class='ocr_par' dir='ltr' id='par_1_32' title="bbox 719 3226 2281 3294">
     <span class='ocr_line' id='line_1_32' title="bbox 719 3226 2281 3294; baseline -0.001 -17"><span class='ocrx_word' id='word_1_237' title='bbox 719 3227 825 3278; x_wconf 87' lang='lat' dir='ltr'><strong>into</strong></span> <span class='ocrx_word' id='word_1_238' title='bbox 853 3227 902 3278; x_wconf 93' lang='lat' dir='ltr'><strong>in</strong></span> <span class='ocrx_word' id='word_1_239' title='bbox 933 3227 1029 3280; x_wconf 87' lang='lat' dir='ltr'><strong>hac</strong></span> <span class='ocrx_word' id='word_1_240' title='bbox 1057 3226 1306 3280; x_wconf 86' lang='lat' dir='ltr'><strong>brevitate</strong></span> <span class='ocrx_word' id='word_1_241' title='bbox 1335 3227 1586 3294; x_wconf 83' lang='lat' dir='ltr'><strong>temporis</strong></span> <span class='ocrx_word' id='word_1_242' title='bbox 1617 3227 1793 3279; x_wconf 62' lang='lat' dir='ltr'><strong>multa:</strong></span> <span class='ocrx_word' id='word_1_243' title='bbox 1822 3227 2009 3279; x_wconf 84' lang='lat' dir='ltr'><strong>dantur</strong></span> <span class='ocrx_word' id='word_1_244' title='bbox 2038 3227 2281 3278; x_wconf 71' lang='lat' dir='ltr'><strong>inducim.</strong></span> 
     </span>
    </p>
   </div>
   <div class='ocr_carea' id='block_1_33' title="bbox 719 3317 2284 3393">
    <p class='ocr_par' dir='ltr' id='par_1_33' title="bbox 719 3317 2284 3393">
     <span class='ocr_line' id='line_1_33' title="bbox 719 3317 2284 3393; baseline 0.001 -24"><span class='ocrx_word' id='word_1_245' title='bbox 719 3317 828 3369; x_wconf 76' lang='lat' dir='ltr'><strong>Nux</strong></span> <span class='ocrx_word' id='word_1_246' title='bbox 857 3318 1048 3386; x_wconf 85' lang='lat' dir='ltr'><strong>quippe</strong></span> <span class='ocrx_word' id='word_1_247' title='bbox 1075 3318 1451 3384; x_wconf 87' lang='lat' dir='ltr'><strong>superveniens</strong></span> <span class='ocrx_word' id='word_1_248' title='bbox 1477 3358 1490 3380; x_wconf 87' lang='lat'><strong>,</strong></span> <span class='ocrx_word' id='word_1_249' title='bbox 1518 3327 1569 3371; x_wconf 91' lang='lat' dir='ltr'><strong>et</strong></span> <span class='ocrx_word' id='word_1_250' title='bbox 1595 3317 1864 3393; x_wconf 74' lang='lat' dir='ltr'><strong>occidendi</strong></span> <span class='ocrx_word' id='word_1_251' title='bbox 1893 3317 2040 3369; x_wconf 73' lang='lat' dir='ltr'><strong>libor</strong></span> <span class='ocrx_word' id='word_1_252' title='bbox 2062 3358 2076 3382; x_wconf 92' lang='lat'><strong>,</strong></span> <span class='ocrx_word' id='word_1_253' title='bbox 2106 3326 2160 3370; x_wconf 88' lang='lat' dir='ltr'><strong>et</strong></span> <span class='ocrx_word' id='word_1_254' title='bbox 2183 3317 2284 3370; x_wconf 82' lang='lat' dir='ltr'><strong>cibi</strong></span> 
     </span>
    </p>
   </div>
   <div class='ocr_carea' id='block_1_34' title="bbox 718 3407 2282 3476">
    <p class='ocr_par' dir='ltr' id='par_1_34' title="bbox 718 3407 2282 3476">
     <span class='ocr_line' id='line_1_34' title="bbox 718 3407 2282 3476; baseline -0.002 -15"><span class='ocrx_word' id='word_1_255' title='bbox 718 3407 955 3476; x_wconf 74' lang='lat' dir='ltr'><strong>Capiendi</strong></span> <span class='ocrx_word' id='word_1_256' title='bbox 1011 3416 1216 3475; x_wconf 87' lang='lat' dir='ltr'><strong>tempus</strong></span> <span class='ocrx_word' id='word_1_257' title='bbox 1240 3449 1254 3471; x_wconf 86' lang='lat'><strong>,</strong></span> <span class='ocrx_word' id='word_1_258' title='bbox 1287 3411 1490 3476; x_wconf 80' lang='lat' dir='ltr'><strong>aliaque</strong></span> <span class='ocrx_word' id='word_1_259' title='bbox 1545 3410 1706 3460; x_wconf 88' lang='lat' dir='ltr'><strong>multa</strong></span> <span class='ocrx_word' id='word_1_260' title='bbox 1734 3451 1746 3470; x_wconf 90' lang='lat'><strong>,</strong></span> <span class='ocrx_word' id='word_1_261' title='bbox 1780 3409 1926 3460; x_wconf 88' lang='lat' dir='ltr'><strong>militi</strong></span> <span class='ocrx_word' id='word_1_262' title='bbox 1980 3407 2282 3476; x_wconf 88' lang='lat' dir='ltr'><strong>quiescendi</strong></span> 
     </span>
    </p>
   </div>
   <div class='ocr_carea' id='block_1_35' title="bbox 721 3499 2281 3567">
    <p class='ocr_par' dir='ltr' id='par_1_35' title="bbox 721 3499 2281 3567">
     <span class='ocr_line' id='line_1_35' title="bbox 721 3499 2281 3567; baseline 0 -17"><span class='ocrx_word' id='word_1_263' title='bbox 721 3507 1029 3567; x_wconf 86' lang='lat' dir='ltr'><strong>potestatem</strong></span> <span class='ocrx_word' id='word_1_264' title='bbox 1063 3499 1294 3562; x_wconf 84' lang='lat' dir='ltr'><strong>faciunt,</strong></span> <span class='ocrx_word' id='word_1_265' title='bbox 1326 3500 1396 3552; x_wconf 88' lang='lat' dir='ltr'><strong>ita</strong></span> <span class='ocrx_word' id='word_1_266' title='bbox 1423 3509 1478 3552; x_wconf 86' lang='lat' dir='ltr'><strong>ut</strong></span> <span class='ocrx_word' id='word_1_267' title='bbox 1503 3510 1818 3551; x_wconf 80' lang='lat' dir='ltr'><strong>armaturam</strong></span> <span class='ocrx_word' id='word_1_268' title='bbox 1849 3515 2058 3551; x_wconf 75' lang='lat' dir='ltr'><strong>omnem</strong></span> <span class='ocrx_word' id='word_1_269' title='bbox 2087 3514 2186 3551; x_wconf 77' lang='lat' dir='ltr'><strong>cxu</strong></span> <span class='ocrx_word' id='word_1_270' title='bbox 2206 3507 2242 3550; x_wconf 90' lang='lat' dir='ltr'><strong>.t</strong></span> <span class='ocrx_word' id='word_1_271' title='bbox 2266 3536 2281 3560; x_wconf 88' lang='lat'><strong>,</strong></span> 
     </span>
    </p>
   </div>
   <div class='ocr_carea' id='block_1_36' title="bbox 721 3588 2286 3656">
    <p class='ocr_par' dir='ltr' id='par_1_36' title="bbox 721 3588 2286 3656">
     <span class='ocr_line' id='line_1_36' title="bbox 721 3588 2286 3656; baseline 0.001 -17"><span class='ocrx_word' id='word_1_272' title='bbox 721 3603 1006 3656; x_wconf 87' lang='lat' dir='ltr'><strong>parumque</strong></span> <span class='ocrx_word' id='word_1_273' title='bbox 1047 3589 1268 3656; x_wconf 84' lang='lat' dir='ltr'><strong>rcSpiret</strong></span> <span class='ocrx_word' id='word_1_274' title='bbox 1291 3629 1304 3652; x_wconf 94' lang='lat'><strong>,</strong></span> <span class='ocrx_word' id='word_1_275' title='bbox 1336 3603 1494 3655; x_wconf 91' lang='lat' dir='ltr'><strong>seque</strong></span> <span class='ocrx_word' id='word_1_276' title='bbox 1525 3588 1640 3641; x_wconf 89' lang='lat' dir='ltr'><strong>cibo</strong></span> <span class='ocrx_word' id='word_1_277' title='bbox 1685 3600 1914 3655; x_wconf 89' lang='lat' dir='ltr'><strong>potuque</strong></span> <span class='ocrx_word' id='word_1_278' title='bbox 1943 3588 2142 3641; x_wconf 89' lang='lat' dir='ltr'><strong>rcliciat</strong></span> <span class='ocrx_word' id='word_1_279' title='bbox 2167 3629 2180 3648; x_wconf 89' lang='lat'><strong>,</strong></span> <span class='ocrx_word' id='word_1_280' title='bbox 2225 3601 2286 3640; x_wconf 90' lang='lat' dir='ltr'><strong>ac</strong></span> 
     </span>
    </p>
   </div>
   <div class='ocr_carea' id='block_1_37' title="bbox 719 3675 2286 3746">
    <p class='ocr_par' dir='ltr' id='par_1_37' title="bbox 719 3675 2286 3746">
     <span class='ocr_line' id='line_1_37' title="bbox 719 3675 2286 3746; baseline 0 -16"><span class='ocrx_word' id='word_1_281' title='bbox 719 3679 900 3731; x_wconf 90' lang='lat' dir='ltr'><strong>multis</strong></span> <span class='ocrx_word' id='word_1_282' title='bbox 928 3678 1043 3731; x_wconf 91' lang='lat' dir='ltr'><strong>aliis</strong></span> <span class='ocrx_word' id='word_1_283' title='bbox 1086 3678 1245 3731; x_wconf 87' lang='lat' dir='ltr'><strong>rebus</strong></span> <span class='ocrx_word' id='word_1_284' title='bbox 1290 3679 1532 3744; x_wconf 87' lang='lat' dir='ltr'><strong>pristinas</strong></span> <span class='ocrx_word' id='word_1_285' title='bbox 1563 3679 1698 3731; x_wconf 82' lang='lat' dir='ltr'><strong>vires</strong></span> <span class='ocrx_word' id='word_1_286' title='bbox 1727 3688 2020 3746; x_wconf 83' lang='lat' dir='ltr'><strong>recuperet.</strong></span> <span class='ocrx_word' id='word_1_287' title='bbox 2066 3675 2119 3729; x_wconf 91' lang='lat' dir='ltr'><strong>lu</strong></span> <span class='ocrx_word' id='word_1_288' title='bbox 2150 3678 2286 3731; x_wconf 88' lang='lat' dir='ltr'><strong>bello</strong></span> 
     </span>
    </p>
   </div>
   <div class='ocr_carea' id='block_1_38' title="bbox 720 3769 2286 3838">
    <p class='ocr_par' dir='ltr' id='par_1_38' title="bbox 720 3769 2286 3838">
     <span class='ocr_line' id='line_1_38' title="bbox 720 3769 2286 3838; baseline 0 -16"><span class='ocrx_word' id='word_1_289' title='bbox 720 3780 895 3822; x_wconf 88' lang='lat' dir='ltr'><strong>autem</strong></span> <span class='ocrx_word' id='word_1_290' title='bbox 939 3778 1121 3822; x_wconf 90' lang='lat' dir='ltr'><strong>contra</strong></span> <span class='ocrx_word' id='word_1_291' title='bbox 1151 3769 1432 3837; x_wconf 85' lang='lat' dir='ltr'><strong>malignum</strong></span> <span class='ocrx_word' id='word_1_292' title='bbox 1479 3770 1622 3821; x_wconf 90' lang='lat' dir='ltr'><strong>illum</strong></span> <span class='ocrx_word' id='word_1_293' title='bbox 1665 3784 1948 3838; x_wconf 88' lang='lat' dir='ltr'><strong>numquam</strong></span> <span class='ocrx_word' id='word_1_294' title='bbox 1995 3770 2112 3822; x_wconf 89' lang='lat' dir='ltr'><strong>licet</strong></span> <span class='ocrx_word' id='word_1_295' title='bbox 2141 3784 2286 3822; x_wconf 85' lang='lat' dir='ltr'><strong>arma</strong></span> 
     </span>
    </p>
   </div>
   <div class='ocr_carea' id='block_1_39' title="bbox 721 3858 2288 3925">
    <p class='ocr_par' dir='ltr' id='par_1_39' title="bbox 721 3858 2288 3925">
     <span class='ocr_line' id='line_1_39' title="bbox 721 3858 2288 3925; baseline 0 -15"><span class='ocrx_word' id='word_1_296' title='bbox 721 3873 918 3925; x_wconf 87' lang='lat' dir='ltr'><strong>ponere</strong></span> <span class='ocrx_word' id='word_1_297' title='bbox 943 3899 956 3919; x_wconf 93' lang='lat'><strong>,</strong></span> <span class='ocrx_word' id='word_1_298' title='bbox 1000 3871 1097 3910; x_wconf 90' lang='lat' dir='ltr'><strong>nec</strong></span> <span class='ocrx_word' id='word_1_299' title='bbox 1126 3871 1365 3910; x_wconf 86' lang='lat' dir='ltr'><strong>somnum</strong></span> <span class='ocrx_word' id='word_1_300' title='bbox 1411 3871 1603 3922; x_wconf 84' lang='lat' dir='ltr'><strong>capere</strong></span> <span class='ocrx_word' id='word_1_301' title='bbox 1643 3872 1760 3908; x_wconf 88' lang='lat' dir='ltr'><strong>eum</strong></span> <span class='ocrx_word' id='word_1_302' title='bbox 1793 3859 1878 3925; x_wconf 92' lang='lat' dir='ltr'><strong>qui</strong></span> <span class='ocrx_word' id='word_1_303' title='bbox 1909 3858 2034 3911; x_wconf 89' lang='lat' dir='ltr'><strong>velit</strong></span> <span class='ocrx_word' id='word_1_304' title='bbox 2077 3872 2288 3925; x_wconf 83' lang='lat' dir='ltr'><strong>semper</strong></span> 
     </span>
    </p>
   </div>
   <div class='ocr_carea' id='block_1_40' title="bbox 721 3931 2288 4000">
    <p class='ocr_par' dir='ltr' id='par_1_40' title="bbox 721 3931 2288 4000">
     <span class='ocr_line' id='line_1_40' title="bbox 721 3931 2288 4000; baseline 0 0"><span class='ocrx_word' id='word_1_305' title='bbox 721 3948 1078 4000; x_wconf 90' lang='lat' dir='ltr'><strong>invulneratus</strong></span> <span class='ocrx_word' id='word_1_306' title='bbox 1120 3962 1254 4000; x_wconf 83' lang='lat' dir='ltr'><strong>esse.</strong></span> <span class='ocrx_word' id='word_1_307' title='bbox 1286 3947 1361 4000; x_wconf 78' lang='lat' dir='ltr'><strong>Ex</strong></span> <span class='ocrx_word' id='word_1_308' title='bbox 1403 3947 1607 4000; x_wconf 90' lang='lat' dir='ltr'><strong>duobus</strong></span> <span class='ocrx_word' id='word_1_309' title='bbox 1633 3931 1768 3998; x_wconf 85' lang='lat' dir='ltr'><strong>enim</strong></span> <span class='ocrx_word' id='word_1_310' title='bbox 1799 3963 1956 3999; x_wconf 92' lang='lat' dir='ltr'><strong>unum</strong></span> <span class='ocrx_word' id='word_1_311' title='bbox 1991 3949 2288 4000; x_wconf 84' lang='lat' dir='ltr'><strong>necessario</strong></span> 
     </span>
    </p>
   </div>
   <div class='ocr_carea' id='block_1_41' title="bbox 720 4039 2283 4107">
    <p class='ocr_par' dir='ltr' id='par_1_41' title="bbox 720 4039 2283 4107">
     <span class='ocr_line' id='line_1_41' title="bbox 720 4039 2283 4107; baseline -0.001 -16"><span class='ocrx_word' id='word_1_312' title='bbox 720 4039 878 4107; x_wconf 87' lang='lat' dir='ltr'><strong>eligat</strong></span> <span class='ocrx_word' id='word_1_313' title='bbox 902 4046 1109 4106; x_wconf 85' lang='lat' dir='ltr'><strong>oportet</strong></span> <span class='ocrx_word' id='word_1_314' title='bbox 1133 4078 1147 4103; x_wconf 89' lang='lat'><strong>,</strong></span> <span class='ocrx_word' id='word_1_315' title='bbox 1178 4046 1234 4090; x_wconf 90' lang='lat' dir='ltr'><strong>ut</strong></span> <span class='ocrx_word' id='word_1_316' title='bbox 1258 4049 1346 4090; x_wconf 92' lang='lat' dir='ltr'><strong>aut</strong></span> <span class='ocrx_word' id='word_1_317' title='bbox 1373 4039 1524 4090; x_wconf 88' lang='lat' dir='ltr'><strong>cadat</strong></span> <span class='ocrx_word' id='word_1_318' title='bbox 1551 4048 1604 4092; x_wconf 91' lang='lat' dir='ltr'><strong>et</strong></span> <span class='ocrx_word' id='word_1_319' title='bbox 1633 4048 1811 4106; x_wconf 88' lang='lat' dir='ltr'><strong>pereat</strong></span> <span class='ocrx_word' id='word_1_320' title='bbox 1837 4040 1996 4093; x_wconf 91' lang='lat' dir='ltr'><strong>armis</strong></span> <span class='ocrx_word' id='word_1_321' title='bbox 2024 4041 2245 4091; x_wconf 81' lang='lat' dir='ltr'><strong>mutatus</strong></span> <span class='ocrx_word' id='word_1_322' title='bbox 2271 4081 2283 4102; x_wconf 84' lang='lat'><strong>,</strong></span> 
     </span>
    </p>
   </div>
   <div class='ocr_carea' id='block_1_42' title="bbox 721 4129 2290 4196">
    <p class='ocr_par' dir='ltr' id='par_1_42' title="bbox 721 4129 2290 4196">
     <span class='ocr_line' id='line_1_42' title="bbox 721 4129 2290 4196; baseline 0.001 -15"><span class='ocrx_word' id='word_1_323' title='bbox 721 4139 809 4181; x_wconf 92' lang='lat' dir='ltr'><strong>aut</strong></span> <span class='ocrx_word' id='word_1_324' title='bbox 852 4138 1084 4181; x_wconf 90' lang='lat' dir='ltr'><strong>armatus</strong></span> <span class='ocrx_word' id='word_1_325' title='bbox 1131 4136 1236 4182; x_wconf 88' lang='lat' dir='ltr'><strong>stet</strong></span> <span class='ocrx_word' id='word_1_326' title='bbox 1269 4129 1553 4196; x_wconf 83' lang='lat' dir='ltr'><strong>&#39;vigiletqne</strong></span> <span class='ocrx_word' id='word_1_327' title='bbox 1598 4142 1826 4196; x_wconf 87' lang='lat' dir='ltr'><strong>semper.</strong></span> <span class='ocrx_word' id='word_1_328' title='bbox 1875 4129 2003 4182; x_wconf 87' lang='lat' dir='ltr'><strong>Nam</strong></span> <span class='ocrx_word' id='word_1_329' title='bbox 2054 4130 2140 4182; x_wconf 87' lang='lat' dir='ltr'><strong>ille</strong></span> <span class='ocrx_word' id='word_1_330' title='bbox 2185 4140 2290 4183; x_wconf 79' lang='lat' dir='ltr'><strong>stat</strong></span> 
     </span>
    </p>
   </div>
   <div class='ocr_carea' id='block_1_43' title="bbox 723 4219 2284 4288">
    <p class='ocr_par' dir='ltr' id='par_1_43' title="bbox 723 4219 2284 4288">
     <span class='ocr_line' id='line_1_43' title="bbox 723 4219 2284 4288; baseline -0.001 -15"><span class='ocrx_word' id='word_1_331' title='bbox 723 4229 975 4288; x_wconf 90' lang='lat' dir='ltr'><strong>perpetuo</strong></span> <span class='ocrx_word' id='word_1_332' title='bbox 1001 4235 1118 4273; x_wconf 92' lang='lat' dir='ltr'><strong>cum</strong></span> <span class='ocrx_word' id='word_1_333' title='bbox 1145 4219 1259 4273; x_wconf 89' lang='lat' dir='ltr'><strong>acie</strong></span> <span class='ocrx_word' id='word_1_334' title='bbox 1286 4235 1399 4281; x_wconf 90' lang='lat' dir='ltr'><strong>sua,</strong></span> <span class='ocrx_word' id='word_1_335' title='bbox 1419 4229 1651 4273; x_wconf 86' lang='lat' dir='ltr'><strong>nostram</strong></span> <span class='ocrx_word' id='word_1_336' title='bbox 1675 4221 1949 4288; x_wconf 78' lang='lat' dir='ltr'><strong>segnitiem</strong></span> <span class='ocrx_word' id='word_1_337' title='bbox 1977 4221 2284 4284; x_wconf 80' lang='lat' dir='ltr'><strong>observans,</strong></span> 
     </span>
    </p>
   </div>
   <div class='ocr_carea' id='block_1_44' title="bbox 723 4307 2285 4377">
    <p class='ocr_par' dir='ltr' id='par_1_44' title="bbox 723 4307 2285 4377">
     <span class='ocr_line' id='line_1_44' title="bbox 723 4307 2285 4377; baseline 0.001 -17"><span class='ocrx_word' id='word_1_338' title='bbox 723 4307 996 4377; x_wconf 86' lang='lat' dir='ltr'><strong>majusque</strong></span> <span class='ocrx_word' id='word_1_339' title='bbox 1037 4309 1266 4361; x_wconf 89' lang='lat' dir='ltr'><strong>studium</strong></span> <span class='ocrx_word' id='word_1_340' title='bbox 1294 4308 1356 4360; x_wconf 88' lang='lat' dir='ltr'><strong>ad</strong></span> <span class='ocrx_word' id='word_1_341' title='bbox 1389 4314 1619 4361; x_wconf 88' lang='lat' dir='ltr'><strong>nostram</strong></span> <span class='ocrx_word' id='word_1_342' title='bbox 1665 4309 1950 4376; x_wconf 88' lang='lat' dir='ltr'><strong>perniciem</strong></span> <span class='ocrx_word' id='word_1_343' title='bbox 1993 4309 2247 4363; x_wconf 76' lang='lat' dir='ltr'><strong>adhibens</strong></span> <span class='ocrx_word' id='word_1_344' title='bbox 2271 4350 2285 4373; x_wconf 88' lang='lat'><strong>,</strong></span> 
     </span>
    </p>
   </div>
   <div class='ocr_carea' id='block_1_45' title="bbox 720 4399 2286 4467">
    <p class='ocr_par' dir='ltr' id='par_1_45' title="bbox 720 4399 2286 4467">
     <span class='ocr_line' id='line_1_45' title="bbox 720 4399 2286 4467; baseline 0.002 -18"><span class='ocrx_word' id='word_1_345' title='bbox 720 4413 877 4466; x_wconf 86' lang='lat' dir='ltr'><strong>quam</strong></span> <span class='ocrx_word' id='word_1_346' title='bbox 905 4414 1001 4452; x_wconf 89' lang='lat' dir='ltr'><strong>nos</strong></span> <span class='ocrx_word' id='word_1_347' title='bbox 1024 4399 1087 4451; x_wconf 90' lang='lat' dir='ltr'><strong>ad</strong></span> <span class='ocrx_word' id='word_1_348' title='bbox 1117 4399 1336 4453; x_wconf 77' lang='lat' dir='ltr'><strong>salutem</strong></span> <span class='ocrx_word' id='word_1_349' title='bbox 1379 4407 1630 4452; x_wconf 90' lang='lat' dir='ltr'><strong>nostram.</strong></span> <span class='ocrx_word' id='word_1_350' title='bbox 1662 4402 1737 4452; x_wconf 77' lang='lat' dir='ltr'><strong>Ac</strong></span> <span class='ocrx_word' id='word_1_351' title='bbox 1766 4399 1902 4467; x_wconf 89' lang='lat' dir='ltr'><strong>quod</strong></span> <span class='ocrx_word' id='word_1_352' title='bbox 1934 4415 1962 4450; x_wconf 91' lang='lat' dir='ltr'><strong>a</strong></span> <span class='ocrx_word' id='word_1_353' title='bbox 1993 4400 2144 4460; x_wconf 78' lang='lat' dir='ltr'><strong>nobis</strong></span> <span class='ocrx_word' id='word_1_354' title='bbox 2183 4414 2286 4452; x_wconf 90' lang='lat' dir='ltr'><strong>non</strong></span> 
     </span>
    </p>
   </div>
   <div class='ocr_carea' id='block_1_46' title="bbox 721 4489 2287 4560">
    <p class='ocr_par' dir='ltr' id='par_1_46' title="bbox 721 4489 2287 4560">
     <span class='ocr_line' id='line_1_46' title="bbox 721 4489 2287 4560; baseline 0.003 -20"><span class='ocrx_word' id='word_1_355' title='bbox 721 4490 959 4542; x_wconf 83' lang='lat' dir='ltr'><strong>videatur</strong></span> <span class='ocrx_word' id='word_1_356' title='bbox 981 4533 994 4553; x_wconf 86' lang='lat'><strong>,</strong></span> <span class='ocrx_word' id='word_1_357' title='bbox 1025 4490 1266 4558; x_wconf 86' lang='lat' dir='ltr'><strong>quodque</strong></span> <span class='ocrx_word' id='word_1_358' title='bbox 1290 4490 1575 4558; x_wconf 83' lang='lat' dir='ltr'><strong>derepente</strong></span> <span class='ocrx_word' id='word_1_359' title='bbox 1600 4490 1853 4558; x_wconf 89' lang='lat' dir='ltr'><strong>irrumpat</strong></span> <span class='ocrx_word' id='word_1_360' title='bbox 1881 4489 2034 4560; x_wconf 81' lang='lat' dir='ltr'><strong>(qua:</strong></span> <span class='ocrx_word' id='word_1_361' title='bbox 2061 4489 2287 4544; x_wconf 78' lang='lat' dir='ltr'><strong>maxime</strong></span> 
     </span>
    </p>
   </div>
   <div class='ocr_carea' id='block_1_47' title="bbox 3857 404 3958 459">
    <p class='ocr_par' dir='ltr' id='par_1_47' title="bbox 3857 404 3958 459">
     <span class='ocr_line' id='line_1_47' title="bbox 3857 404 3958 459; baseline 0.01 -1"><span class='ocrx_word' id='word_1_362' title='bbox 3857 404 3958 459; x_wconf 66' lang='lat'><strong><em>699</em></strong></span> 
     </span>
    </p>
   </div>
   <div class='ocr_carea' id='block_1_48' title="bbox 2386 518 3957 589">
    <p class='ocr_par' dir='ltr' id='par_1_48' title="bbox 2386 518 3957 589">
     <span class='ocr_line' id='line_1_48' title="bbox 2386 518 3957 589; baseline -0.001 -14"><span class='ocrx_word' id='word_1_363' title='bbox 2386 526 2437 575; x_wconf 87' lang='lat' dir='ltr'><strong>tn</strong></span> <span class='ocrx_word' id='word_1_364' title='bbox 2465 535 2623 574; x_wconf 89' lang='lat' dir='ltr'><strong>causa</strong></span> <span class='ocrx_word' id='word_1_365' title='bbox 2652 530 2774 573; x_wconf 91' lang='lat' dir='ltr'><strong>sunt</strong></span> <span class='ocrx_word' id='word_1_366' title='bbox 2799 518 3255 574; x_wconf 87' lang='lat' dir='ltr'><strong>innumerabilium</strong></span> <span class='ocrx_word' id='word_1_367' title='bbox 3284 519 3588 589; x_wconf 86' lang='lat' dir='ltr'><strong>malorum),</strong></span> <span class='ocrx_word' id='word_1_368' title='bbox 3619 518 3670 572; x_wconf 90' lang='lat' dir='ltr'><strong>id</strong></span> <span class='ocrx_word' id='word_1_369' title='bbox 3699 528 3846 574; x_wconf 82' lang='lat' dir='ltr'><strong>certe</strong></span> <span class='ocrx_word' id='word_1_370' title='bbox 3871 519 3957 585; x_wconf 82' lang='lat' dir='ltr'><strong>its.</strong></span> 
     </span>
    </p>
   </div>
   <div class='ocr_carea' id='block_1_49' title="bbox 2385 609 3958 680">
    <p class='ocr_par' dir='ltr' id='par_1_49' title="bbox 2385 609 3958 680">
     <span class='ocr_line' id='line_1_49' title="bbox 2385 609 3958 680; baseline 0.001 -18"><span class='ocrx_word' id='word_1_371' title='bbox 2385 611 2472 680; x_wconf 91' lang='lat' dir='ltr'><strong>qui</strong></span> <span class='ocrx_word' id='word_1_372' title='bbox 2505 625 2607 662; x_wconf 91' lang='lat' dir='ltr'><strong>non</strong></span> <span class='ocrx_word' id='word_1_373' title='bbox 2637 624 2845 677; x_wconf 79' lang='lat' dir='ltr'><strong>semper</strong></span> <span class='ocrx_word' id='word_1_374' title='bbox 2872 610 3124 678; x_wconf 84' lang='lat' dir='ltr'><strong>vigilant,</strong></span> <span class='ocrx_word' id='word_1_375' title='bbox 3155 610 3318 677; x_wconf 83' lang='lat' dir='ltr'><strong>magis</strong></span> <span class='ocrx_word' id='word_1_376' title='bbox 3361 609 3576 663; x_wconf 92' lang='lat' dir='ltr'><strong>dubium</strong></span> <span class='ocrx_word' id='word_1_377' title='bbox 3607 610 3765 676; x_wconf 91' lang='lat' dir='ltr'><strong>hujus</strong></span> <span class='ocrx_word' id='word_1_378' title='bbox 3800 626 3958 680; x_wconf 90' lang='lat' dir='ltr'><strong>quam</strong></span> 
     </span>
    </p>
   </div>
   <div class='ocr_carea' id='block_1_50' title="bbox 2386 699 3962 769">
    <p class='ocr_par' dir='ltr' id='par_1_50' title="bbox 2386 699 3962 769">
     <span class='ocr_line' id='line_1_50' title="bbox 2386 699 3962 769; baseline -0.001 -14"><span class='ocrx_word' id='word_1_379' title='bbox 2386 702 2527 755; x_wconf 87' lang='lat' dir='ltr'><strong>illius</strong></span> <span class='ocrx_word' id='word_1_380' title='bbox 2575 701 2694 754; x_wconf 91' lang='lat' dir='ltr'><strong>belli</strong></span> <span class='ocrx_word' id='word_1_381' title='bbox 2746 709 2990 754; x_wconf 85' lang='lat' dir='ltr'><strong>eventum</strong></span> <span class='ocrx_word' id='word_1_382' title='bbox 3041 699 3182 753; x_wconf 82' lang='lat' dir='ltr'><strong>facit.</strong></span> <span class='ocrx_word' id='word_1_383' title='bbox 3238 700 3333 753; x_wconf 88' lang='lat' dir='ltr'><strong>llic</strong></span> <span class='ocrx_word' id='word_1_384' title='bbox 3385 701 3541 769; x_wconf 80' lang='lat' dir='ltr'><strong>igitur</strong></span> <span class='ocrx_word' id='word_1_385' title='bbox 3597 716 3691 755; x_wconf 90' lang='lat' dir='ltr'><strong>nos</strong></span> <span class='ocrx_word' id='word_1_386' title='bbox 3746 700 3962 754; x_wconf 78' lang='lat' dir='ltr'><strong>volebas</strong></span> 
     </span>
    </p>
   </div>
   <div class='ocr_carea' id='block_1_51' title="bbox 2385 789 3959 845">
    <p class='ocr_par' dir='ltr' id='par_1_51' title="bbox 2385 789 3959 845">
     <span class='ocr_line' id='line_1_51' title="bbox 2385 789 3959 845; baseline 0.001 -2"><span class='ocrx_word' id='word_1_387' title='bbox 2385 791 2580 844; x_wconf 89' lang='lat' dir='ltr'><strong>milites</strong></span> <span class='ocrx_word' id='word_1_388' title='bbox 2606 790 2796 843; x_wconf 80' lang='lat' dir='ltr'><strong>Christi</strong></span> <span class='ocrx_word' id='word_1_389' title='bbox 2825 789 3060 843; x_wconf 84' lang='lat' dir='ltr'><strong>ducere?</strong></span> <span class='ocrx_word' id='word_1_390' title='bbox 3091 791 3157 843; x_wconf 81' lang='lat' dir='ltr'><strong>At</strong></span> <span class='ocrx_word' id='word_1_391' title='bbox 3184 790 3282 843; x_wconf 91' lang='lat' dir='ltr'><strong>hoc</strong></span> <span class='ocrx_word' id='word_1_392' title='bbox 3307 789 3490 844; x_wconf 84' lang='lat' dir='ltr'><strong>fuisset</strong></span> <span class='ocrx_word' id='word_1_393' title='bbox 3533 791 3744 844; x_wconf 81' lang='lat' dir='ltr'><strong>diabolo</strong></span> <span class='ocrx_word' id='word_1_394' title='bbox 3770 792 3959 845; x_wconf 88' lang='lat' dir='ltr'><strong>ducem</strong></span> 
     </span>
    </p>
   </div>
   <div class='ocr_carea' id='block_1_52' title="bbox 2386 881 3958 950">
    <p class='ocr_par' dir='ltr' id='par_1_52' title="bbox 2386 881 3958 950">
     <span class='ocr_line' id='line_1_52' title="bbox 2386 881 3958 950; baseline 0.002 -17"><span class='ocrx_word' id='word_1_395' title='bbox 2386 896 2536 933; x_wconf 90' lang='lat' dir='ltr'><strong>esse.</strong></span> <span class='ocrx_word' id='word_1_396' title='bbox 2558 895 2676 932; x_wconf 91' lang='lat' dir='ltr'><strong>nam</strong></span> <span class='ocrx_word' id='word_1_397' title='bbox 2695 896 2814 934; x_wconf 91' lang='lat' dir='ltr'><strong>cum</strong></span> <span class='ocrx_word' id='word_1_398' title='bbox 2843 882 2903 945; x_wconf 92' lang='lat' dir='ltr'><strong>is,</strong></span> <span class='ocrx_word' id='word_1_399' title='bbox 2925 881 3010 950; x_wconf 90' lang='lat' dir='ltr'><strong>qui</strong></span> <span class='ocrx_word' id='word_1_400' title='bbox 3031 881 3187 934; x_wconf 80' lang='lat' dir='ltr'><strong>debet</strong></span> <span class='ocrx_word' id='word_1_401' title='bbox 3209 881 3338 934; x_wconf 87' lang='lat' dir='ltr'><strong>alios</strong></span> <span class='ocrx_word' id='word_1_402' title='bbox 3365 881 3430 933; x_wconf 91' lang='lat' dir='ltr'><strong>ad</strong></span> <span class='ocrx_word' id='word_1_403' title='bbox 3456 881 3650 935; x_wconf 83' lang='lat' dir='ltr'><strong>bellum</strong></span> <span class='ocrx_word' id='word_1_404' title='bbox 3673 883 3958 947; x_wconf 88' lang='lat' dir='ltr'><strong>instruere,</strong></span> 
     </span>
    </p>
   </div>
   <div class='ocr_carea' id='block_1_53' title="bbox 2387 958 3951 1039">
    <p class='ocr_par' dir='ltr' id='par_1_53' title="bbox 2387 958 3951 1039">
     <span class='ocr_line' id='line_1_53' title="bbox 2387 958 3951 1039; baseline 0.001 -16"><span class='ocrx_word' id='word_1_405' title='bbox 2387 970 2618 1039; x_wconf 89' lang='lat' dir='ltr'><strong>ipsisque</strong></span> <span class='ocrx_word' id='word_1_406' title='bbox 2664 958 2925 1038; x_wconf 80' lang='lat' dir='ltr'><strong>imperare</strong></span> <span class='ocrx_word' id='word_1_407' title='bbox 2947 1011 2963 1035; x_wconf 95' lang='lat'><strong>,</strong></span> <span class='ocrx_word' id='word_1_408' title='bbox 2995 971 3229 1023; x_wconf 91' lang='lat' dir='ltr'><strong>omnium</strong></span> <span class='ocrx_word' id='word_1_409' title='bbox 3261 972 3683 1038; x_wconf 86' lang='lat' dir='ltr'><strong>imperitissimus</strong></span> <span class='ocrx_word' id='word_1_410' title='bbox 3713 976 3951 1025; x_wconf 79' lang='lat' dir='ltr'><strong>tntirmis-</strong></span> 
     </span>
    </p>
   </div>
   <div class='ocr_carea' id='block_1_54' title="bbox 2387 1061 3964 1128">
    <p class='ocr_par' dir='ltr' id='par_1_54' title="bbox 2387 1061 3964 1128">
     <span class='ocr_line' id='line_1_54' title="bbox 2387 1061 3964 1128; baseline 0.003 -16"><span class='ocrx_word' id='word_1_411' title='bbox 2387 1061 2654 1128; x_wconf 89' lang='lat' dir='ltr'><strong>simusque</strong></span> <span class='ocrx_word' id='word_1_412' title='bbox 2681 1069 2801 1124; x_wconf 82' lang='lat' dir='ltr'><strong>est,</strong></span> <span class='ocrx_word' id='word_1_413' title='bbox 2831 1061 3087 1128; x_wconf 85' lang='lat' dir='ltr'><strong>imperitia</strong></span> <span class='ocrx_word' id='word_1_414' title='bbox 3131 1076 3223 1114; x_wconf 88' lang='lat' dir='ltr'><strong>sua</strong></span> <span class='ocrx_word' id='word_1_415' title='bbox 3253 1061 3586 1115; x_wconf 76' lang='lat' dir='ltr'><strong>coiiereditns</strong></span> <span class='ocrx_word' id='word_1_416' title='bbox 3621 1062 3719 1114; x_wconf 77' lang='lat' dir='ltr'><strong>sibi</strong></span> <span class='ocrx_word' id='word_1_417' title='bbox 3765 1062 3964 1116; x_wconf 70' lang='lat' dir='ltr'><strong>milites</strong></span> 
     </span>
    </p>
   </div>
   <div class='ocr_carea' id='block_1_55' title="bbox 2388 1149 3960 1222">
    <p class='ocr_par' dir='ltr' id='par_1_55' title="bbox 2388 1149 3960 1222">
     <span class='ocr_line' id='line_1_55' title="bbox 2388 1149 3960 1222; baseline 0.003 -22"><span class='ocrx_word' id='word_1_418' title='bbox 2388 1149 2650 1217; x_wconf 89' lang='lat' dir='ltr'><strong>prodens,</strong></span> <span class='ocrx_word' id='word_1_419' title='bbox 2685 1150 2892 1203; x_wconf 91' lang='lat' dir='ltr'><strong>diabolo</strong></span> <span class='ocrx_word' id='word_1_420' title='bbox 2930 1151 3096 1218; x_wconf 81' lang='lat' dir='ltr'><strong>magis</strong></span> <span class='ocrx_word' id='word_1_421' title='bbox 3119 1190 3132 1213; x_wconf 93' lang='lat'><strong>,</strong></span> <span class='ocrx_word' id='word_1_422' title='bbox 3178 1166 3332 1220; x_wconf 87' lang='lat' dir='ltr'><strong>quam</strong></span> <span class='ocrx_word' id='word_1_423' title='bbox 3361 1150 3571 1204; x_wconf 73' lang='lat' dir='ltr'><strong>Christo</strong></span> <span class='ocrx_word' id='word_1_424' title='bbox 3597 1156 3788 1206; x_wconf 88' lang='lat' dir='ltr'><strong>ducem</strong></span> <span class='ocrx_word' id='word_1_425' title='bbox 3831 1153 3960 1222; x_wconf 84' lang='lat' dir='ltr'><strong>agit.</strong></span> 
     </span>
    </p>
   </div>
   <div class='ocr_carea' id='block_1_56' title="bbox 2386 1238 3960 1312">
    <p class='ocr_par' dir='ltr' id='par_1_56' title="bbox 2386 1238 3960 1312">
     <span class='ocr_line' id='line_1_56' title="bbox 2386 1238 3960 1312; baseline 0.003 -21"><span class='ocrx_word' id='word_1_426' title='bbox 2386 1238 2463 1291; x_wconf 91' lang='lat' dir='ltr'><strong>Tu</strong></span> <span class='ocrx_word' id='word_1_427' title='bbox 2517 1255 2642 1292; x_wconf 90' lang='lat' dir='ltr'><strong>vero</strong></span> <span class='ocrx_word' id='word_1_428' title='bbox 2693 1239 2817 1306; x_wconf 89' lang='lat' dir='ltr'><strong>quid</strong></span> <span class='ocrx_word' id='word_1_429' title='bbox 2874 1240 3209 1308; x_wconf 84' lang='lat' dir='ltr'><strong>ingemiscis.</strong></span> <span class='ocrx_word' id='word_1_430' title='bbox 3261 1240 3384 1309; x_wconf 91' lang='lat' dir='ltr'><strong>quid</strong></span> <span class='ocrx_word' id='word_1_431' title='bbox 3437 1241 3790 1312; x_wconf 79' lang='lat' dir='ltr'><strong>lacrymaris?</strong></span> <span class='ocrx_word' id='word_1_432' title='bbox 3844 1242 3960 1296; x_wconf 83' lang='lat' dir='ltr'><strong>Non</strong></span> 
     </span>
    </p>
   </div>
   <div class='ocr_carea' id='block_1_57' title="bbox 2385 1331 3959 1402">
    <p class='ocr_par' dir='ltr' id='par_1_57' title="bbox 2385 1331 3959 1402">
     <span class='ocr_line' id='line_1_57' title="bbox 2385 1331 3959 1402; baseline 0.002 -19"><span class='ocrx_word' id='word_1_433' title='bbox 2385 1331 2525 1383; x_wconf 89' lang='lat' dir='ltr'><strong>enim</strong></span> <span class='ocrx_word' id='word_1_434' title='bbox 2555 1347 2670 1398; x_wconf 79' lang='lat' dir='ltr'><strong>qua.-</strong></span> <span class='ocrx_word' id='word_1_435' title='bbox 2698 1331 2761 1384; x_wconf 92' lang='lat' dir='ltr'><strong>ad</strong></span> <span class='ocrx_word' id='word_1_436' title='bbox 2794 1347 2876 1384; x_wconf 92' lang='lat' dir='ltr'><strong>me</strong></span> <span class='ocrx_word' id='word_1_437' title='bbox 2909 1332 3169 1398; x_wconf 87' lang='lat' dir='ltr'><strong>pertinent</strong></span> <span class='ocrx_word' id='word_1_438' title='bbox 3197 1346 3334 1385; x_wconf 91' lang='lat' dir='ltr'><strong>nunc</strong></span> <span class='ocrx_word' id='word_1_439' title='bbox 3363 1332 3608 1402; x_wconf 78' lang='lat' dir='ltr'><strong>lacrymis</strong></span> <span class='ocrx_word' id='word_1_440' title='bbox 3632 1333 3787 1402; x_wconf 90' lang='lat' dir='ltr'><strong>digna</strong></span> <span class='ocrx_word' id='word_1_441' title='bbox 3812 1343 3959 1398; x_wconf 88' lang='lat' dir='ltr'><strong>sunt,</strong></span> 
     </span>
    </p>
   </div>
   <div class='ocr_carea' id='block_1_58' title="bbox 2386 1421 3958 1489">
    <p class='ocr_par' dir='ltr' id='par_1_58' title="bbox 2386 1421 3958 1489">
     <span class='ocr_line' id='line_1_58' title="bbox 2386 1421 3958 1489; baseline 0.001 -16"><span class='ocrx_word' id='word_1_442' title='bbox 2386 1424 2480 1473; x_wconf 86' lang='lat' dir='ltr'><strong>sed</strong></span> <span class='ocrx_word' id='word_1_443' title='bbox 2524 1421 2713 1488; x_wconf 81' lang='lat' dir='ltr'><strong>gaudio</strong></span> <span class='ocrx_word' id='word_1_444' title='bbox 2739 1431 2792 1475; x_wconf 91' lang='lat' dir='ltr'><strong>et</strong></span> <span class='ocrx_word' id='word_1_445' title='bbox 2834 1422 3028 1474; x_wconf 76' lang='lat' dir='ltr'><strong>laetitia.</strong></span> <span class='ocrx_word' id='word_1_446' title='bbox 3065 1422 3390 1478; x_wconf 77' lang='lat' dir='ltr'><strong>BASILIUS.</strong></span> <span class='ocrx_word' id='word_1_447' title='bbox 3422 1425 3489 1476; x_wconf 84' lang='lat' dir='ltr'><strong>At</strong></span> <span class='ocrx_word' id='word_1_448' title='bbox 3516 1438 3618 1476; x_wconf 91' lang='lat' dir='ltr'><strong>non</strong></span> <span class='ocrx_word' id='word_1_449' title='bbox 3648 1425 3771 1477; x_wconf 89' lang='lat' dir='ltr'><strong>item</strong></span> <span class='ocrx_word' id='word_1_450' title='bbox 3801 1440 3915 1478; x_wconf 85' lang='lat' dir='ltr'><strong>mea</strong></span> <span class='ocrx_word' id='word_1_451' title='bbox 3942 1464 3958 1489; x_wconf 93' lang='lat'><strong>,</strong></span> 
     </span>
    </p>
   </div>
   <div class='ocr_carea' id='block_1_59' title="bbox 2387 1510 3962 1581">
    <p class='ocr_par' dir='ltr' id='par_1_59' title="bbox 2387 1510 3962 1581">
     <span class='ocr_line' id='line_1_59' title="bbox 2387 1510 3962 1581; baseline 0.003 -19"><span class='ocrx_word' id='word_1_452' title='bbox 2387 1510 2574 1579; x_wconf 89' lang='lat' dir='ltr'><strong>inquit,</strong></span> <span class='ocrx_word' id='word_1_453' title='bbox 2592 1510 2685 1565; x_wconf 89' lang='lat' dir='ltr'><strong>sed</strong></span> <span class='ocrx_word' id='word_1_454' title='bbox 2713 1512 2882 1579; x_wconf 89' lang='lat' dir='ltr'><strong>potius</strong></span> <span class='ocrx_word' id='word_1_455' title='bbox 2899 1515 3159 1566; x_wconf 80' lang='lat' dir='ltr'><strong>sexcentis</strong></span> <span class='ocrx_word' id='word_1_456' title='bbox 3189 1523 3309 1565; x_wconf 89' lang='lat' dir='ltr'><strong>sunt</strong></span> <span class='ocrx_word' id='word_1_457' title='bbox 3338 1513 3492 1581; x_wconf 86' lang='lat' dir='ltr'><strong>digna</strong></span> <span class='ocrx_word' id='word_1_458' title='bbox 3523 1514 3840 1580; x_wconf 89' lang='lat' dir='ltr'><strong>planctibus.</strong></span> <span class='ocrx_word' id='word_1_459' title='bbox 3864 1514 3962 1566; x_wconf 76' lang='lat' dir='ltr'><strong>Vix</strong></span> 
     </span>
    </p>
   </div>
   <div class='ocr_carea' id='block_1_60' title="bbox 2386 1602 3962 1670">
    <p class='ocr_par' dir='ltr' id='par_1_60' title="bbox 2386 1602 3962 1670">
     <span class='ocr_line' id='line_1_60' title="bbox 2386 1602 3962 1670; baseline 0 -14"><span class='ocrx_word' id='word_1_460' title='bbox 2386 1603 2525 1656; x_wconf 88' lang='lat' dir='ltr'><strong>enim</strong></span> <span class='ocrx_word' id='word_1_461' title='bbox 2579 1603 2832 1656; x_wconf 86' lang='lat' dir='ltr'><strong>hactenus</strong></span> <span class='ocrx_word' id='word_1_462' title='bbox 2884 1603 3306 1657; x_wconf 89' lang='lat' dir='ltr'><strong>animadvertere</strong></span> <span class='ocrx_word' id='word_1_463' title='bbox 3359 1602 3541 1670; x_wconf 88' lang='lat' dir='ltr'><strong>potui,</strong></span> <span class='ocrx_word' id='word_1_464' title='bbox 3601 1603 3652 1654; x_wconf 92' lang='lat' dir='ltr'><strong>iu</strong></span> <span class='ocrx_word' id='word_1_465' title='bbox 3707 1611 3962 1670; x_wconf 88' lang='lat' dir='ltr'><strong>quantum</strong></span> 
     </span>
    </p>
   </div>
   <div class='ocr_carea' id='block_1_61' title="bbox 2387 1694 3961 1762">
    <p class='ocr_par' dir='ltr' id='par_1_61' title="bbox 2387 1694 3961 1762">
     <span class='ocr_line' id='line_1_61' title="bbox 2387 1694 3961 1762; baseline 0.001 -16"><span class='ocrx_word' id='word_1_466' title='bbox 2387 1696 2645 1747; x_wconf 88' lang='lat' dir='ltr'><strong>malorum</strong></span> <span class='ocrx_word' id='word_1_467' title='bbox 2675 1709 2760 1747; x_wconf 89' lang='lat' dir='ltr'><strong>me</strong></span> <span class='ocrx_word' id='word_1_468' title='bbox 2802 1694 3112 1761; x_wconf 89' lang='lat' dir='ltr'><strong>conjeceris.</strong></span> <span class='ocrx_word' id='word_1_469' title='bbox 3155 1694 3420 1762; x_wconf 89' lang='lat' dir='ltr'><strong>Siquidem</strong></span> <span class='ocrx_word' id='word_1_470' title='bbox 3451 1694 3569 1747; x_wconf 90' lang='lat' dir='ltr'><strong>ideo</strong></span> <span class='ocrx_word' id='word_1_471' title='bbox 3610 1703 3660 1747; x_wconf 89' lang='lat' dir='ltr'><strong>te</strong></span> <span class='ocrx_word' id='word_1_472' title='bbox 3685 1695 3918 1748; x_wconf 87' lang='lat' dir='ltr'><strong>adieram</strong></span> <span class='ocrx_word' id='word_1_473' title='bbox 3944 1735 3961 1759; x_wconf 86' lang='lat'><strong>,</strong></span> 
     </span>
    </p>
   </div>
   <div class='ocr_carea' id='block_1_62' title="bbox 2389 1784 3966 1853">
    <p class='ocr_par' dir='ltr' id='par_1_62' title="bbox 2389 1784 3966 1853">
     <span class='ocr_line' id='line_1_62' title="bbox 2389 1784 3966 1853; baseline 0.002 -17"><span class='ocrx_word' id='word_1_474' title='bbox 2389 1793 2444 1836; x_wconf 92' lang='lat' dir='ltr'><strong>ut</strong></span> <span class='ocrx_word' id='word_1_475' title='bbox 2469 1784 2592 1852; x_wconf 86' lang='lat' dir='ltr'><strong>quid</strong></span> <span class='ocrx_word' id='word_1_476' title='bbox 2621 1784 3049 1837; x_wconf 87' lang='lat' dir='ltr'><strong>criminatoribus</strong></span> <span class='ocrx_word' id='word_1_477' title='bbox 3081 1787 3182 1837; x_wconf 90' lang='lat' dir='ltr'><strong>tuis</strong></span> <span class='ocrx_word' id='word_1_478' title='bbox 3211 1785 3336 1836; x_wconf 90' lang='lat' dir='ltr'><strong>mihi</strong></span> <span class='ocrx_word' id='word_1_479' title='bbox 3366 1785 3791 1853; x_wconf 86' lang='lat' dir='ltr'><strong>respondendum</strong></span> <span class='ocrx_word' id='word_1_480' title='bbox 3821 1795 3966 1840; x_wconf 87' lang='lat' dir='ltr'><strong>esset</strong></span> 
     </span>
    </p>
   </div>
   <div class='ocr_carea' id='block_1_63' title="bbox 2387 1875 3963 1945">
    <p class='ocr_par' dir='ltr' id='par_1_63' title="bbox 2387 1875 3963 1945">
     <span class='ocr_line' id='line_1_63' title="bbox 2387 1875 3963 1945; baseline 0.001 -17"><span class='ocrx_word' id='word_1_481' title='bbox 2387 1875 2680 1928; x_wconf 71' lang='lat' dir='ltr'><strong>ediscerent</strong></span> <span class='ocrx_word' id='word_1_482' title='bbox 2716 1892 2728 1925; x_wconf 90' lang='lat'>:</span> <span class='ocrx_word' id='word_1_483' title='bbox 2764 1884 2816 1927; x_wconf 92' lang='lat' dir='ltr'><strong>tu</strong></span> <span class='ocrx_word' id='word_1_484' title='bbox 2863 1891 2988 1928; x_wconf 88' lang='lat' dir='ltr'><strong>vero</strong></span> <span class='ocrx_word' id='word_1_485' title='bbox 3036 1891 3118 1928; x_wconf 90' lang='lat' dir='ltr'><strong>me</strong></span> <span class='ocrx_word' id='word_1_486' title='bbox 3164 1875 3384 1928; x_wconf 91' lang='lat' dir='ltr'><strong>dimittis</strong></span> <span class='ocrx_word' id='word_1_487' title='bbox 3428 1891 3607 1928; x_wconf 86' lang='lat' dir='ltr'><strong>curam</strong></span> <span class='ocrx_word' id='word_1_488' title='bbox 3659 1877 3815 1929; x_wconf 87' lang='lat' dir='ltr'><strong>aliam</strong></span> <span class='ocrx_word' id='word_1_489' title='bbox 3866 1892 3963 1945; x_wconf 89' lang='lat' dir='ltr'><strong>pro</strong></span> 
     </span>
    </p>
   </div>
   <div class='ocr_carea' id='block_1_64' title="bbox 2389 1964 3963 2034">
    <p class='ocr_par' dir='ltr' id='par_1_64' title="bbox 2389 1964 3963 2034">
     <span class='ocr_line' id='line_1_64' title="bbox 2389 1964 3963 2034; baseline 0.003 -18"><span class='ocrx_word' id='word_1_490' title='bbox 2389 1965 2486 2017; x_wconf 84' lang='lat' dir='ltr'><strong>alia</strong></span> <span class='ocrx_word' id='word_1_491' title='bbox 2517 1964 2775 2033; x_wconf 83' lang='lat' dir='ltr'><strong>injiciens.</strong></span> <span class='ocrx_word' id='word_1_492' title='bbox 2805 1965 2918 2018; x_wconf 88' lang='lat' dir='ltr'><strong>Non</strong></span> <span class='ocrx_word' id='word_1_493' title='bbox 2962 1965 3102 2019; x_wconf 91' lang='lat' dir='ltr'><strong>enim</strong></span> <span class='ocrx_word' id='word_1_494' title='bbox 3127 1966 3233 2034; x_wconf 84' lang='lat' dir='ltr'><strong>jam</strong></span> <span class='ocrx_word' id='word_1_495' title='bbox 3266 1965 3390 2018; x_wconf 89' lang='lat' dir='ltr'><strong>mihi</strong></span> <span class='ocrx_word' id='word_1_496' title='bbox 3435 1981 3574 2018; x_wconf 72' lang='lat' dir='ltr'><strong>cura:</strong></span> <span class='ocrx_word' id='word_1_497' title='bbox 3601 1978 3682 2019; x_wconf 71' lang='grc' dir='ltr'><strong>εει</strong></span> <span class='ocrx_word' id='word_1_498' title='bbox 3707 1966 3831 2034; x_wconf 90' lang='lat' dir='ltr'><strong>quid</strong></span> <span class='ocrx_word' id='word_1_499' title='bbox 3861 1967 3963 2021; x_wconf 83' lang='lat' dir='ltr'><strong>illis</strong></span> 
     </span>
    </p>
   </div>
   <div class='ocr_carea' id='block_1_65' title="bbox 2391 2056 3964 2125">
    <p class='ocr_par' dir='ltr' id='par_1_65' title="bbox 2391 2056 3964 2125">
     <span class='ocr_line' id='line_1_65' title="bbox 2391 2056 3964 2125; baseline 0.001 -18"><span class='ocrx_word' id='word_1_500' title='bbox 2391 2070 2484 2122; x_wconf 90' lang='lat' dir='ltr'><strong>pro</strong></span> <span class='ocrx_word' id='word_1_501' title='bbox 2513 2063 2561 2108; x_wconf 89' lang='lat' dir='ltr'><strong>te</strong></span> <span class='ocrx_word' id='word_1_502' title='bbox 2591 2056 2936 2124; x_wconf 88' lang='lat' dir='ltr'><strong>respondeam</strong></span> <span class='ocrx_word' id='word_1_503' title='bbox 2963 2097 2977 2120; x_wconf 89' lang='lat'><strong>,</strong></span> <span class='ocrx_word' id='word_1_504' title='bbox 3007 2057 3098 2110; x_wconf 88' lang='lat' dir='ltr'><strong>sed</strong></span> <span class='ocrx_word' id='word_1_505' title='bbox 3144 2072 3299 2125; x_wconf 91' lang='lat' dir='ltr'><strong>quam</strong></span> <span class='ocrx_word' id='word_1_506' title='bbox 3344 2057 3408 2110; x_wconf 88' lang='lat' dir='ltr'><strong>ad</strong></span> <span class='ocrx_word' id='word_1_507' title='bbox 3439 2058 3600 2110; x_wconf 87' lang='lat' dir='ltr'><strong>Deum</strong></span> <span class='ocrx_word' id='word_1_508' title='bbox 3633 2058 3828 2123; x_wconf 88' lang='lat' dir='ltr'><strong>parabo</strong></span> <span class='ocrx_word' id='word_1_509' title='bbox 3869 2073 3964 2125; x_wconf 89' lang='lat' dir='ltr'><strong>pro</strong></span> 
     </span>
    </p>
   </div>
   <div class='ocr_carea' id='block_1_66' title="bbox 2389 2146 3968 2215">
    <p class='ocr_par' dir='ltr' id='par_1_66' title="bbox 2389 2146 3968 2215">
     <span class='ocr_line' id='line_1_66' title="bbox 2389 2146 3968 2215; baseline 0.003 -17"><span class='ocrx_word' id='word_1_510' title='bbox 2389 2162 2473 2200; x_wconf 90' lang='lat' dir='ltr'><strong>me</strong></span> <span class='ocrx_word' id='word_1_511' title='bbox 2503 2161 2703 2215; x_wconf 89' lang='lat' dir='ltr'><strong>proque</strong></span> <span class='ocrx_word' id='word_1_512' title='bbox 2732 2147 2881 2199; x_wconf 87' lang='lat' dir='ltr'><strong>malis</strong></span> <span class='ocrx_word' id='word_1_513' title='bbox 2909 2147 3039 2200; x_wconf 90' lang='lat' dir='ltr'><strong>meis</strong></span> <span class='ocrx_word' id='word_1_514' title='bbox 3064 2146 3443 2200; x_wconf 87' lang='lat' dir='ltr'><strong>defensionem.</strong></span> <span class='ocrx_word' id='word_1_515' title='bbox 3465 2147 3726 2200; x_wconf 73' lang='lat' dir='ltr'><strong>Czrtcrum</strong></span> <span class='ocrx_word' id='word_1_516' title='bbox 3756 2157 3806 2201; x_wconf 91' lang='lat' dir='ltr'><strong>te</strong></span> <span class='ocrx_word' id='word_1_517' title='bbox 3837 2162 3968 2215; x_wconf 81' lang='lat' dir='ltr'><strong>rogo</strong></span> 
     </span>
    </p>
   </div>
   <div class='ocr_carea' id='block_1_67' title="bbox 2389 2237 3967 2305">
    <p class='ocr_par' dir='ltr' id='par_1_67' title="bbox 2389 2237 3967 2305">
     <span class='ocr_line' id='line_1_67' title="bbox 2389 2237 3967 2305; baseline -0.001 -14"><span class='ocrx_word' id='word_1_518' title='bbox 2389 2246 2443 2291; x_wconf 91' lang='lat' dir='ltr'><strong>et</strong></span> <span class='ocrx_word' id='word_1_519' title='bbox 2470 2238 2693 2291; x_wconf 90' lang='lat' dir='ltr'><strong>obsecro</strong></span> <span class='ocrx_word' id='word_1_520' title='bbox 2717 2278 2730 2300; x_wconf 88' lang='lat'><strong>,</strong></span> <span class='ocrx_word' id='word_1_521' title='bbox 2763 2239 2805 2289; x_wconf 92' lang='lat' dir='ltr'><strong>si</strong></span> <span class='ocrx_word' id='word_1_522' title='bbox 2848 2253 2946 2305; x_wconf 87' lang='lat' dir='ltr'><strong>qua</strong></span> <span class='ocrx_word' id='word_1_523' title='bbox 2980 2238 3070 2289; x_wconf 89' lang='lat' dir='ltr'><strong>tibi</strong></span> <span class='ocrx_word' id='word_1_524' title='bbox 3119 2247 3200 2290; x_wconf 72' lang='lat' dir='ltr'><strong>est</strong></span> <span class='ocrx_word' id='word_1_525' title='bbox 3231 2253 3404 2289; x_wconf 90' lang='lat' dir='ltr'><strong>rerum</strong></span> <span class='ocrx_word' id='word_1_526' title='bbox 3453 2253 3689 2291; x_wconf 90' lang='lat' dir='ltr'><strong>mearum</strong></span> <span class='ocrx_word' id='word_1_527' title='bbox 3719 2253 3844 2290; x_wconf 91' lang='lat' dir='ltr'><strong>cura</strong></span> <span class='ocrx_word' id='word_1_528' title='bbox 3870 2277 3884 2301; x_wconf 94' lang='lat'><strong>,</strong></span> <span class='ocrx_word' id='word_1_529' title='bbox 3919 2237 3967 2290; x_wconf 90' lang='lat' dir='ltr'><strong>si</strong></span> 
     </span>
    </p>
   </div>
   <div class='ocr_carea' id='block_1_68' title="bbox 2387 2328 3967 2398">
    <p class='ocr_par' dir='ltr' id='par_1_68' title="bbox 2387 2328 3967 2398">
     <span class='ocr_line' id='line_1_68' title="bbox 2387 2328 3967 2398; baseline 0.001 -18"><span class='ocrx_word' id='word_1_530' title='bbox 2387 2343 2488 2395; x_wconf 88' lang='lat' dir='ltr'><strong>qua</strong></span> <span class='ocrx_word' id='word_1_531' title='bbox 2536 2329 2586 2379; x_wconf 92' lang='lat' dir='ltr'><strong>in</strong></span> <span class='ocrx_word' id='word_1_532' title='bbox 2616 2328 2826 2381; x_wconf 85' lang='lat' dir='ltr'><strong>Cbristo</strong></span> <span class='ocrx_word' id='word_1_533' title='bbox 2870 2329 3158 2381; x_wconf 65' lang='lat' dir='ltr'><strong>considatiu</strong></span> <span class='ocrx_word' id='word_1_534' title='bbox 3196 2328 3467 2397; x_wconf 74' lang='lat' dir='ltr'><strong>(Philipp.</strong></span> <span class='ocrx_word' id='word_1_535' title='bbox 3515 2328 3567 2380; x_wconf 75' lang='grc'><strong>2.</strong></span> <span class='ocrx_word' id='word_1_536' title='bbox 3619 2329 3734 2397; x_wconf 77' lang='grc'><strong>1),</strong></span> <span class='ocrx_word' id='word_1_537' title='bbox 3766 2330 3809 2382; x_wconf 91' lang='lat' dir='ltr'><strong>si</strong></span> <span class='ocrx_word' id='word_1_538' title='bbox 3857 2345 3967 2398; x_wconf 84' lang='lat' dir='ltr'><strong>qua</strong></span> 
     </span>
    </p>
   </div>
   <div class='ocr_carea' id='block_1_69' title="bbox 2390 2417 3968 2486">
    <p class='ocr_par' dir='ltr' id='par_1_69' title="bbox 2390 2417 3968 2486">
     <span class='ocr_line' id='line_1_69' title="bbox 2390 2417 3968 2486; baseline 0.001 -16"><span class='ocrx_word' id='word_1_539' title='bbox 2390 2419 2590 2471; x_wconf 86' lang='lat' dir='ltr'><strong>viscera</strong></span> <span class='ocrx_word' id='word_1_540' title='bbox 2637 2428 2688 2472; x_wconf 88' lang='lat' dir='ltr'><strong>et</strong></span> <span class='ocrx_word' id='word_1_541' title='bbox 2741 2420 3229 2472; x_wconf 87' lang='lat' dir='ltr'><strong>commiserationes</strong></span> <span class='ocrx_word' id='word_1_542' title='bbox 3274 2417 3512 2486; x_wconf 88' lang='lat' dir='ltr'><strong>(etenim</strong></span> <span class='ocrx_word' id='word_1_543' title='bbox 3557 2419 3694 2471; x_wconf 87' lang='lat' dir='ltr'><strong>nosti</strong></span> <span class='ocrx_word' id='word_1_544' title='bbox 3739 2432 3823 2472; x_wconf 89' lang='lat' dir='ltr'><strong>me</strong></span> <span class='ocrx_word' id='word_1_545' title='bbox 3878 2427 3968 2471; x_wconf 84' lang='lat' dir='ltr'><strong>tua</strong></span> 
     </span>
    </p>
   </div>
   <div class='ocr_carea' id='block_1_70' title="bbox 2391 2507 3962 2577">
    <p class='ocr_par' dir='ltr' id='par_1_70' title="bbox 2391 2507 3962 2577">
     <span class='ocr_line' id='line_1_70' title="bbox 2391 2507 3962 2577; baseline 0.004 -24"><span class='ocrx_word' id='word_1_546' title='bbox 2391 2508 2722 2574; x_wconf 79' lang='lat' dir='ltr'><strong>potissimum</strong></span> <span class='ocrx_word' id='word_1_547' title='bbox 2742 2523 2898 2576; x_wconf 91' lang='lat' dir='ltr'><strong>opera</strong></span> <span class='ocrx_word' id='word_1_548' title='bbox 2929 2507 2978 2559; x_wconf 92' lang='lat' dir='ltr'><strong>in</strong></span> <span class='ocrx_word' id='word_1_549' title='bbox 3000 2509 3096 2560; x_wconf 87' lang='lat' dir='ltr'><strong>hoc</strong></span> <span class='ocrx_word' id='word_1_550' title='bbox 3125 2509 3406 2574; x_wconf 82' lang='lat' dir='ltr'><strong>periculum</strong></span> <span class='ocrx_word' id='word_1_551' title='bbox 3425 2509 3719 2574; x_wconf 76' lang='lat' dir='ltr'><strong>conjectura</strong></span> <span class='ocrx_word' id='word_1_552' title='bbox 3740 2507 3924 2577; x_wconf 79' lang='lat' dir='ltr'><strong>fuiSse)</strong></span> <span class='ocrx_word' id='word_1_553' title='bbox 3949 2525 3962 2559; x_wconf 94' lang='lat'><strong>:</strong></span> 
     </span>
    </p>
   </div>
   <div class='ocr_carea' id='block_1_71' title="bbox 2391 2597 3966 2668">
    <p class='ocr_par' dir='ltr' id='par_1_71' title="bbox 2391 2597 3966 2668">
     <span class='ocr_line' id='line_1_71' title="bbox 2391 2597 3966 2668; baseline -0.001 -17"><span class='ocrx_word' id='word_1_554' title='bbox 2391 2614 2601 2651; x_wconf 92' lang='lat' dir='ltr'><strong>manum</strong></span> <span class='ocrx_word' id='word_1_555' title='bbox 2650 2600 2774 2650; x_wconf 91' lang='lat' dir='ltr'><strong>mibi</strong></span> <span class='ocrx_word' id='word_1_556' title='bbox 2821 2600 3056 2667; x_wconf 78' lang='lat' dir='ltr'><strong>porrigas</strong></span> <span class='ocrx_word' id='word_1_557' title='bbox 3081 2640 3094 2662; x_wconf 82' lang='lat'><strong>,</strong></span> <span class='ocrx_word' id='word_1_558' title='bbox 3130 2599 3215 2652; x_wconf 88' lang='lat' dir='ltr'><strong>illa</strong></span> <span class='ocrx_word' id='word_1_559' title='bbox 3259 2599 3442 2652; x_wconf 88' lang='lat' dir='ltr'><strong>dicens</strong></span> <span class='ocrx_word' id='word_1_560' title='bbox 3471 2597 3773 2668; x_wconf 82' lang='lat' dir='ltr'><strong>faciensque</strong></span> <span class='ocrx_word' id='word_1_561' title='bbox 3797 2640 3811 2663; x_wconf 94' lang='lat'><strong>,</strong></span> <span class='ocrx_word' id='word_1_562' title='bbox 3845 2613 3966 2668; x_wconf 72' lang='lat' dir='ltr'><strong>qua:</strong></span> 
     </span>
    </p>
   </div>
   <div class='ocr_carea' id='block_1_72' title="bbox 2389 2687 3969 2764">
    <p class='ocr_par' dir='ltr' id='par_1_72' title="bbox 2389 2687 3969 2764">
     <span class='ocr_line' id='line_1_72' title="bbox 2389 2687 3969 2764; baseline -0.001 -22"><span class='ocrx_word' id='word_1_563' title='bbox 2389 2705 2486 2744; x_wconf 89' lang='lat' dir='ltr'><strong>nos</strong></span> <span class='ocrx_word' id='word_1_564' title='bbox 2528 2688 2811 2743; x_wconf 76' lang='lat' dir='ltr'><strong>emendare</strong></span> <span class='ocrx_word' id='word_1_565' title='bbox 2854 2689 3054 2757; x_wconf 83' lang='lat' dir='ltr'><strong>possint</strong></span> <span class='ocrx_word' id='word_1_566' title='bbox 3089 2708 3099 2740; x_wconf 91' lang='lat'><strong>:</strong></span> <span class='ocrx_word' id='word_1_567' title='bbox 3135 2704 3201 2755; x_wconf 82' lang='lat' dir='ltr'><strong>ne</strong></span> <span class='ocrx_word' id='word_1_568' title='bbox 3243 2688 3474 2740; x_wconf 89' lang='lat' dir='ltr'><strong>animum</strong></span> <span class='ocrx_word' id='word_1_569' title='bbox 3508 2688 3722 2764; x_wconf 73' lang='lat' dir='ltr'><strong>inducas</strong></span> <span class='ocrx_word' id='word_1_570' title='bbox 3745 2727 3761 2754; x_wconf 91' lang='lat'><strong>,</strong></span> <span class='ocrx_word' id='word_1_571' title='bbox 3807 2697 3862 2740; x_wconf 92' lang='lat' dir='ltr'><strong>ut</strong></span> <span class='ocrx_word' id='word_1_572' title='bbox 3899 2687 3969 2740; x_wconf 89' lang='lat' dir='ltr'><strong>ad</strong></span> 
     </span>
    </p>
   </div>
   <div class='ocr_carea' id='block_1_73' title="bbox 2388 2779 3968 2848">
    <p class='ocr_par' dir='ltr' id='par_1_73' title="bbox 2388 2779 3968 2848">
     <span class='ocr_line' id='line_1_73' title="bbox 2388 2779 3968 2848; baseline -0.002 -12"><span class='ocrx_word' id='word_1_573' title='bbox 2388 2781 2752 2836; x_wconf 79' lang='lat' dir='ltr'><strong>brevissimum</strong></span> <span class='ocrx_word' id='word_1_574' title='bbox 2773 2795 2866 2833; x_wconf 91' lang='lat' dir='ltr'><strong>nos</strong></span> <span class='ocrx_word' id='word_1_575' title='bbox 2885 2790 3086 2848; x_wconf 85' lang='lat' dir='ltr'><strong>tempus</strong></span> <span class='ocrx_word' id='word_1_576' title='bbox 3102 2779 3342 2844; x_wconf 87' lang='lat' dir='ltr'><strong>deseras;</strong></span> <span class='ocrx_word' id='word_1_577' title='bbox 3361 2781 3452 2833; x_wconf 91' lang='lat' dir='ltr'><strong>sed</strong></span> <span class='ocrx_word' id='word_1_578' title='bbox 3473 2795 3610 2833; x_wconf 91' lang='lat' dir='ltr'><strong>nunc</strong></span> <span class='ocrx_word' id='word_1_579' title='bbox 3629 2781 3793 2847; x_wconf 83' lang='lat' dir='ltr'><strong>magis</strong></span> <span class='ocrx_word' id='word_1_580' title='bbox 3809 2795 3968 2846; x_wconf 82' lang='lat' dir='ltr'><strong>quam</strong></span> 
     </span>
    </p>
   </div>
   <div class='ocr_carea' id='block_1_74' title="bbox 2392 2868 3967 2948">
    <p class='ocr_par' dir='ltr' id='par_1_74' title="bbox 2392 2868 3967 2948">
     <span class='ocr_line' id='line_1_74' title="bbox 2392 2868 3967 2948; baseline -0.002 -25"><span class='ocrx_word' id='word_1_581' title='bbox 2392 2873 2534 2940; x_wconf 84' lang='lat' dir='ltr'><strong>prius</strong></span> <span class='ocrx_word' id='word_1_582' title='bbox 2557 2885 2836 2924; x_wconf 90' lang='lat' dir='ltr'><strong>commune</strong></span> <span class='ocrx_word' id='word_1_583' title='bbox 2863 2871 2931 2924; x_wconf 90' lang='lat' dir='ltr'><strong>sit</strong></span> <span class='ocrx_word' id='word_1_584' title='bbox 2961 2870 3110 2922; x_wconf 89' lang='lat' dir='ltr'><strong>nobis</strong></span> <span class='ocrx_word' id='word_1_585' title='bbox 3136 2870 3560 2948; x_wconf 64' lang='lat' dir='ltr'><strong>contuberniumr</strong></span> <span class='ocrx_word' id='word_1_586' title='bbox 3585 2868 3967 2923; x_wconf 79' lang='lat' dir='ltr'><strong>CllRYSOST.</strong></span> 
     </span>
    </p>
   </div>
   <div class='ocr_carea' id='block_1_75' title="bbox 2388 2961 3967 3030">
    <p class='ocr_par' dir='ltr' id='par_1_75' title="bbox 2388 2961 3967 3030">
     <span class='ocr_line' id='line_1_75' title="bbox 2388 2961 3967 3030; baseline 0.001 -15"><span class='ocrx_word' id='word_1_587' title='bbox 2388 2961 2502 3030; x_wconf 86' lang='lat' dir='ltr'><strong>Ego</strong></span> <span class='ocrx_word' id='word_1_588' title='bbox 2545 2972 2716 3015; x_wconf 87' lang='lat' dir='ltr'><strong>autem</strong></span> <span class='ocrx_word' id='word_1_589' title='bbox 2747 2962 2810 3014; x_wconf 90' lang='lat' dir='ltr'><strong>ad</strong></span> <span class='ocrx_word' id='word_1_590' title='bbox 2849 2961 2962 3014; x_wconf 66' lang='lat' dir='ltr'><strong>hanc</strong></span> <span class='ocrx_word' id='word_1_591' title='bbox 2988 2963 3145 3016; x_wconf 90' lang='lat' dir='ltr'><strong>verba</strong></span> <span class='ocrx_word' id='word_1_592' title='bbox 3188 2961 3468 3015; x_wconf 86' lang='lat' dir='ltr'><strong>subridens</strong></span> <span class='ocrx_word' id='word_1_593' title='bbox 3501 2979 3514 3014; x_wconf 90' lang='lat'><strong>:</strong></span> <span class='ocrx_word' id='word_1_594' title='bbox 3548 2963 3612 3015; x_wconf 87' lang='lat' dir='ltr'><strong>Et</strong></span> <span class='ocrx_word' id='word_1_595' title='bbox 3639 2978 3738 3030; x_wconf 90' lang='lat' dir='ltr'><strong>qua</strong></span> <span class='ocrx_word' id='word_1_596' title='bbox 3783 2963 3834 3014; x_wconf 94' lang='lat' dir='ltr'><strong>in</strong></span> <span class='ocrx_word' id='word_1_597' title='bbox 3865 2979 3922 3016; x_wconf 89' lang='lat' dir='ltr'><strong>re</strong></span> <span class='ocrx_word' id='word_1_598' title='bbox 3949 3002 3967 3028; x_wconf 84' lang='lat'><strong>,</strong></span> 
     </span>
    </p>
   </div>
   <div class='ocr_carea' id='block_1_76' title="bbox 2390 3035 3970 3121">
    <p class='ocr_par' dir='ltr' id='par_1_76' title="bbox 2390 3035 3970 3121">
     <span class='ocr_line' id='line_1_76' title="bbox 2390 3035 3970 3121; baseline 0.001 -17"><span class='ocrx_word' id='word_1_599' title='bbox 2390 3052 2623 3120; x_wconf 87' lang='lat' dir='ltr'><strong>inquam,</strong></span> <span class='ocrx_word' id='word_1_600' title='bbox 2646 3052 2736 3104; x_wconf 87' lang='lat' dir='ltr'><strong>tibi</strong></span> <span class='ocrx_word' id='word_1_601' title='bbox 2765 3052 2878 3104; x_wconf 91' lang='lat' dir='ltr'><strong>usui</strong></span> <span class='ocrx_word' id='word_1_602' title='bbox 2908 3066 3024 3104; x_wconf 84' lang='lat' dir='ltr'><strong>esse</strong></span> <span class='ocrx_word' id='word_1_603' title='bbox 3041 3053 3237 3120; x_wconf 86' lang='lat' dir='ltr'><strong>possim</strong></span> <span class='ocrx_word' id='word_1_604' title='bbox 3267 3052 3316 3104; x_wconf 89' lang='lat' dir='ltr'><strong>in</strong></span> <span class='ocrx_word' id='word_1_605' title='bbox 3346 3035 3485 3104; x_wconf 82' lang='lat' dir='ltr'><strong>tanta</strong></span> <span class='ocrx_word' id='word_1_606' title='bbox 3514 3052 3601 3105; x_wconf 90' lang='lat' dir='ltr'><strong>illa</strong></span> <span class='ocrx_word' id='word_1_607' title='bbox 3632 3054 3970 3121; x_wconf 85' lang='lat' dir='ltr'><strong>negotiorum</strong></span> 
     </span>
    </p>
   </div>
   <div class='ocr_carea' id='block_1_77' title="bbox 2390 3141 3970 3209">
    <p class='ocr_par' dir='ltr' id='par_1_77' title="bbox 2390 3141 3970 3209">
     <span class='ocr_line' id='line_1_77' title="bbox 2390 3141 3970 3209; baseline 0.003 -16"><span class='ocrx_word' id='word_1_608' title='bbox 2390 3141 2569 3193; x_wconf 82' lang='lat' dir='ltr'><strong>mole?</strong></span> <span class='ocrx_word' id='word_1_609' title='bbox 2597 3141 2876 3200; x_wconf 64' lang='lat' dir='ltr'><strong>Caeterum.</strong></span> <span class='ocrx_word' id='word_1_610' title='bbox 2908 3143 3026 3209; x_wconf 90' lang='lat' dir='ltr'><strong>quia</strong></span> <span class='ocrx_word' id='word_1_611' title='bbox 3061 3141 3110 3194; x_wconf 92' lang='lat' dir='ltr'><strong>id</strong></span> <span class='ocrx_word' id='word_1_612' title='bbox 3142 3142 3231 3194; x_wconf 89' lang='lat' dir='ltr'><strong>tibi</strong></span> <span class='ocrx_word' id='word_1_613' title='bbox 3260 3142 3310 3194; x_wconf 92' lang='lat' dir='ltr'><strong>in</strong></span> <span class='ocrx_word' id='word_1_614' title='bbox 3343 3153 3462 3195; x_wconf 80' lang='lat' dir='ltr'><strong>voto</strong></span> <span class='ocrx_word' id='word_1_615' title='bbox 3486 3151 3586 3206; x_wconf 89' lang='lat' dir='ltr'><strong>est,</strong></span> <span class='ocrx_word' id='word_1_616' title='bbox 3619 3143 3757 3197; x_wconf 90' lang='lat' dir='ltr'><strong>bono</strong></span> <span class='ocrx_word' id='word_1_617' title='bbox 3785 3143 3970 3198; x_wconf 87' lang='lat' dir='ltr'><strong>animo</strong></span> 
     </span>
    </p>
   </div>
   <div class='ocr_carea' id='block_1_78' title="bbox 2388 3230 3972 3301">
    <p class='ocr_par' dir='ltr' id='par_1_78' title="bbox 2388 3230 3972 3301">
     <span class='ocr_line' id='line_1_78' title="bbox 2388 3230 3972 3301; baseline 0.003 -18"><span class='ocrx_word' id='word_1_618' title='bbox 2388 3242 2539 3291; x_wconf 80' lang='lat' dir='ltr'><strong>esto,</strong></span> <span class='ocrx_word' id='word_1_619' title='bbox 2590 3246 2623 3285; x_wconf 92' lang='grc' dir='ltr'>ο</span> <span class='ocrx_word' id='word_1_620' title='bbox 2669 3230 2918 3284; x_wconf 85' lang='lat' dir='ltr'><strong>dilectum</strong></span> <span class='ocrx_word' id='word_1_621' title='bbox 2965 3231 3092 3284; x_wconf 88' lang='lat' dir='ltr'><strong>mihi</strong></span> <span class='ocrx_word' id='word_1_622' title='bbox 3137 3239 3294 3299; x_wconf 86' lang='lat' dir='ltr'><strong>caput</strong></span> <span class='ocrx_word' id='word_1_623' title='bbox 3335 3249 3348 3284; x_wconf 91' lang='lat'><strong>:</strong></span> <span class='ocrx_word' id='word_1_624' title='bbox 3397 3247 3500 3299; x_wconf 91' lang='lat' dir='ltr'><strong>quo</strong></span> <span class='ocrx_word' id='word_1_625' title='bbox 3543 3233 3683 3286; x_wconf 89' lang='lat' dir='ltr'><strong>enim</strong></span> <span class='ocrx_word' id='word_1_626' title='bbox 3726 3241 3972 3301; x_wconf 76' lang='lat' dir='ltr'><strong>tempore</strong></span> 
     </span>
    </p>
   </div>
   <div class='ocr_carea' id='block_1_79' title="bbox 2387 3320 3966 3390">
    <p class='ocr_par' dir='ltr' id='par_1_79' title="bbox 2387 3320 3966 3390">
     <span class='ocr_line' id='line_1_79' title="bbox 2387 3320 3966 3390; baseline 0.003 -18"><span class='ocrx_word' id='word_1_627' title='bbox 2387 3336 2417 3372; x_wconf 93' lang='lat' dir='ltr'><strong>a</strong></span> <span class='ocrx_word' id='word_1_628' title='bbox 2447 3321 2587 3374; x_wconf 91' lang='lat' dir='ltr'><strong>curis</strong></span> <span class='ocrx_word' id='word_1_629' title='bbox 2633 3320 2930 3387; x_wconf 88' lang='lat' dir='ltr'><strong>hujusmodi</strong></span> <span class='ocrx_word' id='word_1_630' title='bbox 2977 3320 3065 3373; x_wconf 91' lang='lat' dir='ltr'><strong>tibi</strong></span> <span class='ocrx_word' id='word_1_631' title='bbox 3114 3324 3375 3390; x_wconf 88' lang='lat' dir='ltr'><strong>respirare</strong></span> <span class='ocrx_word' id='word_1_632' title='bbox 3417 3322 3628 3384; x_wconf 91' lang='lat' dir='ltr'><strong>licebit,</strong></span> <span class='ocrx_word' id='word_1_633' title='bbox 3660 3322 3822 3375; x_wconf 86' lang='lat' dir='ltr'><strong>adero</strong></span> <span class='ocrx_word' id='word_1_634' title='bbox 3867 3323 3966 3377; x_wconf 89' lang='lat' dir='ltr'><strong>tibi</strong></span> 
     </span>
    </p>
   </div>
   <div class='ocr_carea' id='block_1_80' title="bbox 2391 3409 3971 3478">
    <p class='ocr_par' dir='ltr' id='par_1_80' title="bbox 2391 3409 3971 3478">
     <span class='ocr_line' id='line_1_80' title="bbox 2391 3409 3971 3478; baseline 0.004 -18"><span class='ocrx_word' id='word_1_635' title='bbox 2391 3417 2544 3477; x_wconf 79' lang='lat' dir='ltr'><strong>teque</strong></span> <span class='ocrx_word' id='word_1_636' title='bbox 2572 3409 2884 3462; x_wconf 85' lang='lat' dir='ltr'><strong>consolabor</strong></span> <span class='ocrx_word' id='word_1_637' title='bbox 2908 3449 2921 3473; x_wconf 91' lang='lat'><strong>,</strong></span> <span class='ocrx_word' id='word_1_638' title='bbox 2969 3419 3219 3478; x_wconf 90' lang='lat' dir='ltr'><strong>quantutn</strong></span> <span class='ocrx_word' id='word_1_639' title='bbox 3251 3411 3300 3462; x_wconf 93' lang='lat' dir='ltr'><strong>in</strong></span> <span class='ocrx_word' id='word_1_640' title='bbox 3347 3425 3431 3462; x_wconf 85' lang='lat' dir='ltr'><strong>me</strong></span> <span class='ocrx_word' id='word_1_641' title='bbox 3473 3417 3575 3463; x_wconf 92' lang='lat' dir='ltr'><strong>erit</strong></span> <span class='ocrx_word' id='word_1_642' title='bbox 3617 3412 3757 3464; x_wconf 90' lang='lat' dir='ltr'><strong>nulla</strong></span> <span class='ocrx_word' id='word_1_643' title='bbox 3787 3413 3878 3466; x_wconf 87' lang='lat' dir='ltr'><strong>tibi</strong></span> <span class='ocrx_word' id='word_1_644' title='bbox 3911 3414 3971 3467; x_wconf 89' lang='lat' dir='ltr'><strong>in</strong></span> 
     </span>
    </p>
   </div>
   <div class='ocr_carea' id='block_1_81' title="bbox 2389 3500 3971 3570">
    <p class='ocr_par' dir='ltr' id='par_1_81' title="bbox 2389 3500 3971 3570">
     <span class='ocr_line' id='line_1_81' title="bbox 2389 3500 3971 3570; baseline 0.002 -18"><span class='ocrx_word' id='word_1_645' title='bbox 2389 3517 2446 3552; x_wconf 89' lang='lat' dir='ltr'><strong>re</strong></span> <span class='ocrx_word' id='word_1_646' title='bbox 2489 3500 2787 3554; x_wconf 79' lang='lat' dir='ltr'><strong>defuturus.</strong></span> <span class='ocrx_word' id='word_1_647' title='bbox 2815 3500 2892 3553; x_wconf 82' lang='lat' dir='ltr'><strong>Ad</strong></span> <span class='ocrx_word' id='word_1_648' title='bbox 2922 3501 3034 3553; x_wconf 65' lang='lat' dir='ltr'><strong>haec</strong></span> <span class='ocrx_word' id='word_1_649' title='bbox 3078 3500 3166 3553; x_wconf 92' lang='lat' dir='ltr'><strong>ille</strong></span> <span class='ocrx_word' id='word_1_650' title='bbox 3193 3501 3354 3568; x_wconf 84' lang='lat' dir='ltr'><strong>magis</strong></span> <span class='ocrx_word' id='word_1_651' title='bbox 3400 3500 3736 3570; x_wconf 82' lang='lat' dir='ltr'><strong>illacrymans</strong></span> <span class='ocrx_word' id='word_1_652' title='bbox 3777 3503 3971 3570; x_wconf 80' lang='lat' dir='ltr'><strong>surgit.</strong></span> 
     </span>
    </p>
   </div>
   <div class='ocr_carea' id='block_1_82' title="bbox 2392 3589 3973 3658">
    <p class='ocr_par' dir='ltr' id='par_1_82' title="bbox 2392 3589 3973 3658">
     <span class='ocr_line' id='line_1_82' title="bbox 2392 3589 3973 3658; baseline 0.001 -17"><span class='ocrx_word' id='word_1_653' title='bbox 2392 3589 2502 3658; x_wconf 83' lang='lat' dir='ltr'><strong>Ego</strong></span> <span class='ocrx_word' id='word_1_654' title='bbox 2558 3604 2685 3642; x_wconf 80' lang='lat' dir='ltr'><strong>vero</strong></span> <span class='ocrx_word' id='word_1_655' title='bbox 2741 3590 2909 3642; x_wconf 77' lang='lat' dir='ltr'><strong>virum</strong></span> <span class='ocrx_word' id='word_1_656' title='bbox 2964 3589 3309 3657; x_wconf 77' lang='lat' dir='ltr'><strong>complexus,</strong></span> <span class='ocrx_word' id='word_1_657' title='bbox 3367 3598 3626 3657; x_wconf 89' lang='lat' dir='ltr'><strong>caputque</strong></span> <span class='ocrx_word' id='word_1_658' title='bbox 3682 3589 3973 3644; x_wconf 75' lang='lat' dir='ltr'><strong>densetda-</strong></span> 
     </span>
    </p>
   </div>
   <div class='ocr_carea' id='block_1_83' title="bbox 2390 3680 3972 3748">
    <p class='ocr_par' dir='ltr' id='par_1_83' title="bbox 2390 3680 3972 3748">
     <span class='ocr_line' id='line_1_83' title="bbox 2390 3680 3972 3748; baseline 0.001 -15"><span class='ocrx_word' id='word_1_659' title='bbox 2390 3689 2472 3734; x_wconf 93' lang='lat' dir='ltr'><strong>tus</strong></span> <span class='ocrx_word' id='word_1_660' title='bbox 2497 3721 2511 3743; x_wconf 89' lang='lat'><strong>,</strong></span> <span class='ocrx_word' id='word_1_661' title='bbox 2542 3682 2710 3748; x_wconf 90' lang='lat' dir='ltr'><strong>ipsum</strong></span> <span class='ocrx_word' id='word_1_662' title='bbox 2739 3680 2932 3734; x_wconf 85' lang='lat' dir='ltr'><strong>deduxi</strong></span> <span class='ocrx_word' id='word_1_663' title='bbox 2978 3681 3214 3734; x_wconf 87' lang='lat' dir='ltr'><strong>hortatus</strong></span> <span class='ocrx_word' id='word_1_664' title='bbox 3238 3720 3252 3745; x_wconf 88' lang='lat'><strong>,</strong></span> <span class='ocrx_word' id='word_1_665' title='bbox 3286 3690 3342 3732; x_wconf 92' lang='lat' dir='ltr'><strong>ut</strong></span> <span class='ocrx_word' id='word_1_666' title='bbox 3385 3681 3522 3748; x_wconf 94' lang='lat' dir='ltr'><strong>quod</strong></span> <span class='ocrx_word' id='word_1_667' title='bbox 3549 3681 3813 3734; x_wconf 90' lang='lat' dir='ltr'><strong>acciderat</strong></span> <span class='ocrx_word' id='word_1_668' title='bbox 3855 3681 3972 3734; x_wconf 76' lang='lat' dir='ltr'><strong>for-</strong></span> 
     </span>
    </p>
   </div>
   <div class='ocr_carea' id='block_1_84' title="bbox 2390 3771 3973 3837">
    <p class='ocr_par' dir='ltr' id='par_1_84' title="bbox 2390 3771 3973 3837">
     <span class='ocr_line' id='line_1_84' title="bbox 2390 3771 3973 3837; baseline -0.001 -11"><span class='ocrx_word' id='word_1_669' title='bbox 2390 3776 2511 3826; x_wconf 84' lang='lat' dir='ltr'><strong>titcr</strong></span> <span class='ocrx_word' id='word_1_670' title='bbox 2555 3773 2754 3837; x_wconf 87' lang='lat' dir='ltr'><strong>ferret,</strong></span> <span class='ocrx_word' id='word_1_671' title='bbox 2803 3771 2883 3824; x_wconf 87' lang='lat' dir='ltr'><strong>his</strong></span> <span class='ocrx_word' id='word_1_672' title='bbox 2931 3772 3106 3825; x_wconf 81' lang='lat' dir='ltr'><strong>verbis</strong></span> <span class='ocrx_word' id='word_1_673' title='bbox 3139 3786 3152 3823; x_wconf 89' lang='lat'>:</span> <span class='ocrx_word' id='word_1_674' title='bbox 3185 3772 3456 3825; x_wconf 85' lang='lat' dir='ltr'><strong>Fiduciam</strong></span> <span class='ocrx_word' id='word_1_675' title='bbox 3507 3773 3556 3823; x_wconf 90' lang='lat' dir='ltr'><strong>in</strong></span> <span class='ocrx_word' id='word_1_676' title='bbox 3606 3771 3819 3825; x_wconf 87' lang='lat' dir='ltr'><strong>Christo</strong></span> <span class='ocrx_word' id='word_1_677' title='bbox 3869 3773 3973 3826; x_wconf 81' lang='lat' dir='ltr'><strong>lia-</strong></span> 
     </span>
    </p>
   </div>
   <div class='ocr_carea' id='block_1_85' title="bbox 2390 3861 3974 3932">
    <p class='ocr_par' dir='ltr' id='par_1_85' title="bbox 2390 3861 3974 3932">
     <span class='ocr_line' id='line_1_85' title="bbox 2390 3861 3974 3932; baseline 0.001 -16"><span class='ocrx_word' id='word_1_678' title='bbox 2390 3864 2488 3916; x_wconf 89' lang='lat' dir='ltr'><strong>beo</strong></span> <span class='ocrx_word' id='word_1_679' title='bbox 2521 3903 2536 3925; x_wconf 83' lang='lat'><strong>.</strong></span> <span class='ocrx_word' id='word_1_680' title='bbox 2593 3865 2680 3932; x_wconf 91' lang='lat' dir='ltr'><strong>qui</strong></span> <span class='ocrx_word' id='word_1_681' title='bbox 2727 3873 2777 3916; x_wconf 88' lang='lat' dir='ltr'><strong>te</strong></span> <span class='ocrx_word' id='word_1_682' title='bbox 2825 3864 3034 3916; x_wconf 86' lang='lat' dir='ltr'><strong>vocavit</strong></span> <span class='ocrx_word' id='word_1_683' title='bbox 3079 3863 3293 3930; x_wconf 89' lang='lat' dir='ltr'><strong>suisque</strong></span> <span class='ocrx_word' id='word_1_684' title='bbox 3345 3861 3576 3930; x_wconf 71' lang='lat' dir='ltr'><strong>prmfecit</strong></span> <span class='ocrx_word' id='word_1_685' title='bbox 3620 3862 3810 3916; x_wconf 84' lang='lat' dir='ltr'><strong>ovibus</strong></span> <span class='ocrx_word' id='word_1_686' title='bbox 3843 3904 3857 3923; x_wconf 85' lang='lat'><strong>,</strong></span> <span class='ocrx_word' id='word_1_687' title='bbox 3914 3875 3974 3918; x_wconf 86' lang='lat' dir='ltr'><strong>to</strong></span> 
     </span>
    </p>
   </div>
   <div class='ocr_carea' id='block_1_86' title="bbox 2390 3951 3968 4020">
    <p class='ocr_par' dir='ltr' id='par_1_86' title="bbox 2390 3951 3968 4020">
     <span class='ocr_line' id='line_1_86' title="bbox 2390 3951 3968 4020; baseline 0 -16"><span class='ocrx_word' id='word_1_688' title='bbox 2390 3962 2587 4005; x_wconf 83' lang='lat' dir='ltr'><strong>tantam</strong></span> <span class='ocrx_word' id='word_1_689' title='bbox 2633 3969 2700 4005; x_wconf 78' lang='lat' dir='ltr'><strong>ex</strong></span> <span class='ocrx_word' id='word_1_690' title='bbox 2757 3951 2855 4005; x_wconf 88' lang='lat' dir='ltr'><strong>hoc</strong></span> <span class='ocrx_word' id='word_1_691' title='bbox 2905 3952 3200 4005; x_wconf 89' lang='lat' dir='ltr'><strong>ministerio</strong></span> <span class='ocrx_word' id='word_1_692' title='bbox 3242 3952 3618 4020; x_wconf 89' lang='lat' dir='ltr'><strong>acquisiturum</strong></span> <span class='ocrx_word' id='word_1_693' title='bbox 3667 3953 3908 4004; x_wconf 89' lang='lat' dir='ltr'><strong>liduciam</strong></span> <span class='ocrx_word' id='word_1_694' title='bbox 3944 3992 3968 4018; x_wconf 82' lang='lat'><strong>,</strong></span> 
     </span>
    </p>
   </div>
   <div class='ocr_carea' id='block_1_87' title="bbox 2390 4043 3972 4113">
    <p class='ocr_par' dir='ltr' id='par_1_87' title="bbox 2390 4043 3972 4113">
     <span class='ocr_line' id='line_1_87' title="bbox 2390 4043 3972 4113; baseline 0.003 -18"><span class='ocrx_word' id='word_1_695' title='bbox 2390 4050 2446 4095; x_wconf 83' lang='lat' dir='ltr'><strong>ut</strong></span> <span class='ocrx_word' id='word_1_696' title='bbox 2489 4058 2583 4096; x_wconf 87' lang='lat' dir='ltr'><strong>uos</strong></span> <span class='ocrx_word' id='word_1_697' title='bbox 2626 4045 2710 4096; x_wconf 89' lang='lat' dir='ltr'><strong>illa</strong></span> <span class='ocrx_word' id='word_1_698' title='bbox 2753 4043 2839 4097; x_wconf 83' lang='lat' dir='ltr'><strong>die</strong></span> <span class='ocrx_word' id='word_1_699' title='bbox 2887 4043 3245 4113; x_wconf 82' lang='lat' dir='ltr'><strong>periclitantes</strong></span> <span class='ocrx_word' id='word_1_700' title='bbox 3289 4045 3340 4098; x_wconf 91' lang='lat' dir='ltr'><strong>iu</strong></span> <span class='ocrx_word' id='word_1_701' title='bbox 3385 4055 3581 4097; x_wconf 75' lang='lat' dir='ltr'><strong>tetcrua</strong></span> <span class='ocrx_word' id='word_1_702' title='bbox 3627 4045 3972 4099; x_wconf 80' lang='lat' dir='ltr'><strong>tabernacula</strong></span> 
     </span>
    </p>
   </div>
   <div class='ocr_carea' id='block_1_88' title="bbox 2390 4134 2692 4201">
    <p class='ocr_par' dir='ltr' id='par_1_88' title="bbox 2390 4134 2692 4201">
     <span class='ocr_line' id='line_1_88' title="bbox 2390 4134 2692 4201; baseline 0.007 -16"><span class='ocrx_word' id='word_1_703' title='bbox 2390 4134 2612 4201; x_wconf 89' lang='lat' dir='ltr'><strong>recipias</strong></span> <span class='ocrx_word' id='word_1_704' title='bbox 2655 4134 2692 4186; x_wconf 75' lang='grc'>³.</span> 
     </span>
    </p>
   </div>
   <div class='ocr_carea' id='block_1_89' title="bbox 2455 4369 3970 4436">
    <p class='ocr_par' dir='ltr' id='par_1_89' title="bbox 2455 4369 3970 4436">
     <span class='ocr_line' id='line_1_89' title="bbox 2455 4369 3970 4436; baseline -0.003 -16"><span class='ocrx_word' id='word_1_705' title='bbox 2455 4375 2470 4436; x_wconf 58' lang='lat' dir='ltr'><strong>f</strong></span> <span class='ocrx_word' id='word_1_706' title='bbox 2509 4381 2554 4421; x_wconf 93' lang='lat' dir='ltr'><strong>In</strong></span> <span class='ocrx_word' id='word_1_707' title='bbox 2580 4374 2671 4422; x_wconf 79' lang='lat' dir='ltr'><strong>lite</strong></span> <span class='ocrx_word' id='word_1_708' title='bbox 2695 4373 2872 4436; x_wconf 81' lang='lat' dir='ltr'><strong>addunt</strong></span> <span class='ocrx_word' id='word_1_709' title='bbox 2889 4373 3082 4436; x_wconf 83' lang='lat' dir='ltr'><strong>quidam</strong></span> <span class='ocrx_word' id='word_1_710' title='bbox 3103 4373 3295 4436; x_wconf 76' lang='lat' dir='ltr'><strong>codices</strong></span> <span class='ocrx_word' id='word_1_711' title='bbox 3321 4372 3460 4436; x_wconf 75' lang='lat' dir='ltr'><strong>lianc</strong></span> <span class='ocrx_word' id='word_1_712' title='bbox 3479 4369 3557 4436; x_wconf 75' lang='lat' dir='ltr'><strong>vel</strong></span> <span class='ocrx_word' id='word_1_713' title='bbox 3603 4370 3810 4436; x_wconf 69' lang='lat' dir='ltr'><strong>similem</strong></span> <span class='ocrx_word' id='word_1_714' title='bbox 3834 4370 3970 4436; x_wconf 74' lang='lat' dir='ltr'><strong>elau—</strong></span> 
     </span>
    </p>
   </div>
   <div class='ocr_carea' id='block_1_90' title="bbox 2393 4430 3973 4496">
    <p class='ocr_par' dir='ltr' id='par_1_90' title="bbox 2393 4430 3973 4496">
     <span class='ocr_line' id='line_1_90' title="bbox 2393 4430 3973 4496; baseline -0.002 -13"><span class='ocrx_word' id='word_1_715' title='bbox 2393 4435 2562 4493; x_wconf 79' lang='lat' dir='ltr'><strong>sula;n,</strong></span> <span class='ocrx_word' id='word_1_716' title='bbox 2587 4435 2741 4496; x_wconf 76' lang='lat' dir='ltr'><strong>g-‘(tlia</strong></span> <span class='ocrx_word' id='word_1_717' title='bbox 2765 4442 2807 4496; x_wconf 61' lang='lat' dir='ltr'><strong>et</strong></span> <span class='ocrx_word' id='word_1_718' title='bbox 2832 4430 3159 4483; x_wconf 59' lang='lat' dir='ltr'><strong>misericordia</strong></span> <span class='ocrx_word' id='word_1_719' title='bbox 3183 4433 3330 4482; x_wconf 79' lang='lat' dir='ltr'><strong>nostri</strong></span> <span class='ocrx_word' id='word_1_720' title='bbox 3355 4430 3542 4496; x_wconf 78' lang='lat' dir='ltr'><strong>benigni</strong></span> <span class='ocrx_word' id='word_1_721' title='bbox 3569 4432 3674 4489; x_wconf 80' lang='lat' dir='ltr'><strong>Dei,</strong></span> <span class='ocrx_word' id='word_1_722' title='bbox 3693 4432 3771 4480; x_wconf 80' lang='lat' dir='ltr'><strong>cui</strong></span> <span class='ocrx_word' id='word_1_723' title='bbox 3793 4431 3973 4492; x_wconf 75' lang='lat' dir='ltr'><strong>gloria.</strong></span> 
     </span>
    </p>
   </div>
   <div class='ocr_carea' id='block_1_91' title="bbox 2394 4485 3634 4556">
    <p class='ocr_par' dir='ltr' id='par_1_91' title="bbox 2394 4485 3634 4556">
     <span class='ocr_line' id='line_1_91' title="bbox 2394 4485 3634 4556; baseline -0.002 -12"><span class='ocrx_word' id='word_1_724' title='bbox 2394 4505 2507 4553; x_wconf 89' lang='lat' dir='ltr'><strong>etc.,</strong></span> <span class='ocrx_word' id='word_1_725' title='bbox 2533 4485 2674 4556; x_wconf 73' lang='lat' dir='ltr'><strong>quam</strong></span> <span class='ocrx_word' id='word_1_726' title='bbox 2695 4497 2742 4542; x_wconf 86' lang='lat' dir='ltr'><strong>in</strong></span> <span class='ocrx_word' id='word_1_727' title='bbox 2767 4495 2859 4543; x_wconf 78' lang='lat' dir='ltr'><strong>line</strong></span> <span class='ocrx_word' id='word_1_728' title='bbox 2885 4496 3179 4543; x_wconf 83' lang='lat' dir='ltr'><strong>bouiiliarum</strong></span> <span class='ocrx_word' id='word_1_729' title='bbox 3205 4495 3377 4555; x_wconf 70' lang='lat' dir='ltr'><strong>tassim</strong></span> <span class='ocrx_word' id='word_1_730' title='bbox 3399 4485 3634 4542; x_wconf 75' lang='lat' dir='ltr'><strong>videmus.</strong></span> 
     </span>
    </p>
   </div>
   <div class='ocr_carea' id='block_1_92' title="bbox 727 4727 3958 4762">
    <p class='ocr_par' dir='ltr' id='par_1_92' title="bbox 727 4727 3958 4762">
     <span class='ocr_line' id='line_1_92' title="bbox 727 4727 3958 4762; baseline 0.001 -5"><span class='ocrx_word' id='word_1_731' title='bbox 727 4727 3958 4762; x_wconf 45' lang='lat' dir='ltr'><strong>wwL—w—mw</strong></span> 
     </span>
    </p>
   </div>
   <div class='ocr_carea' id='block_1_93' title="bbox 1988 4746 2325 4758">
    <p class='ocr_par' dir='ltr' id='par_1_93' title="bbox 1988 4746 2325 4758">
     <span class='ocr_line' id='line_1_93' title="bbox 1988 4746 2325 4758; baseline 0.006 -4"><span class='ocrx_word' id='word_1_732' title='bbox 1988 4746 2325 4758; x_wconf 77' lang='lat'><strong>______—..</strong></span> 
     </span>
    </p>
   </div>
   <div class='ocr_carea' id='block_1_94' title="bbox 2463 4746 2782 4756">
    <p class='ocr_par' dir='ltr' id='par_1_94' title="bbox 2463 4746 2782 4756">
     <span class='ocr_line' id='line_1_94' title="bbox 2463 4746 2782 4756; baseline 0 -1"><span class='ocrx_word' id='word_1_733' title='bbox 2463 4746 2782 4756; x_wconf 73' lang='lat'><strong>———————__—</strong></span> 
     </span>
    </p>
   </div>
   <div class='ocr_carea' id='block_1_95' title="bbox 1363 4881 3386 4949">
    <p class='ocr_par' dir='ltr' id='par_1_95' title="bbox 1363 4881 3386 4949">
     <span class='ocr_line' id='line_1_95' title="bbox 1363 4881 3386 4949; baseline 0.002 -6"><span class='ocrx_word' id='word_1_734' title='bbox 1363 4881 1442 4943; x_wconf 86' lang='grc' dir='ltr'><strong>ΙΝ</strong></span> <span class='ocrx_word' id='word_1_735' title='bbox 1485 4881 1893 4944; x_wconf 85' lang='lat' dir='ltr'><strong>HOMILIAM</strong></span> <span class='ocrx_word' id='word_1_736' title='bbox 1938 4883 2101 4944; x_wconf 78' lang='lat' dir='ltr'><strong>CUM</strong></span> <span class='ocrx_word' id='word_1_737' title='bbox 2139 4883 2598 4946; x_wconf 80' lang='lat' dir='ltr'><strong>PRESBYTER</strong></span> <span class='ocrx_word' id='word_1_738' title='bbox 2646 4882 2826 4946; x_wconf 81' lang='lat' dir='ltr'><strong>FUIT</strong></span> <span class='ocrx_word' id='word_1_739' title='bbox 2867 4884 3342 4949; x_wconf 71' lang='lat' dir='ltr'><strong>OliDlNATUS.</strong></span> <span class='ocrx_word' id='word_1_740' title='bbox 3380 4897 3386 4902; x_wconf 85' lang='lat'>&#39;</span> 
     </span>
    </p>
   </div>
   <div class='ocr_carea' id='block_1_96' title="bbox 785 5064 2293 5137">
    <p class='ocr_par' dir='ltr' id='par_1_96' title="bbox 785 5064 2293 5137">
     <span class='ocr_line' id='line_1_96' title="bbox 785 5064 2293 5137; baseline 0.005 -20"><span class='ocrx_word' id='word_1_741' title='bbox 785 5064 937 5119; x_wconf 79' lang='lat' dir='ltr'><strong>Hanc</strong></span> <span class='ocrx_word' id='word_1_742' title='bbox 993 5065 1240 5134; x_wconf 54' lang='lat' dir='ltr'><strong>primam&#39;</strong></span> <span class='ocrx_word' id='word_1_743' title='bbox 1281 5065 1470 5119; x_wconf 87' lang='lat' dir='ltr'><strong>babuit</strong></span> <span class='ocrx_word' id='word_1_744' title='bbox 1527 5065 1808 5119; x_wconf 88' lang='lat' dir='ltr'><strong>homiliam</strong></span> <span class='ocrx_word' id='word_1_745' title='bbox 1866 5066 2293 5137; x_wconf 85' lang='lat' dir='ltr'><strong>Chrysostomus</strong></span> 
     </span>
    </p>
   </div>
   <div class='ocr_carea' id='block_1_97' title="bbox 719 5146 2285 5226">
    <p class='ocr_par' dir='ltr' id='par_1_97' title="bbox 719 5146 2285 5226">
     <span class='ocr_line' id='line_1_97' title="bbox 719 5146 2285 5226; baseline 0.004 -21"><span class='ocrx_word' id='word_1_746' title='bbox 719 5163 1004 5223; x_wconf 87' lang='lat' dir='ltr'><strong>postquam</strong></span> <span class='ocrx_word' id='word_1_747' title='bbox 1059 5168 1088 5206; x_wconf 90' lang='lat' dir='ltr'><strong>a</strong></span> <span class='ocrx_word' id='word_1_748' title='bbox 1125 5146 1382 5226; x_wconf 71' lang='lat' dir='ltr'><strong>Flaviano</strong></span> <span class='ocrx_word' id='word_1_749' title='bbox 1418 5153 1720 5207; x_wconf 62' lang='lat' dir='ltr'><strong>Antiochia}</strong></span> <span class='ocrx_word' id='word_1_750' title='bbox 1758 5155 2016 5224; x_wconf 79' lang='lat' dir='ltr'><strong>episcopo</strong></span> <span class='ocrx_word' id='word_1_751' title='bbox 2065 5157 2117 5208; x_wconf 92' lang='lat' dir='ltr'><strong>in</strong></span> <span class='ocrx_word' id='word_1_752' title='bbox 2161 5175 2285 5226; x_wconf 88' lang='lat' dir='ltr'><strong>pre-</strong></span> 
     </span>
    </p>
   </div>
   <div class='ocr_carea' id='block_1_98' title="bbox 718 5243 2291 5314">
    <p class='ocr_par' dir='ltr' id='par_1_98' title="bbox 718 5243 2291 5314">
     <span class='ocr_line' id='line_1_98' title="bbox 718 5243 2291 5314; baseline 0.003 -16"><span class='ocrx_word' id='word_1_753' title='bbox 718 5248 995 5314; x_wconf 78' lang='lat' dir='ltr'><strong>sbyterum</strong></span> <span class='ocrx_word' id='word_1_754' title='bbox 1030 5243 1352 5298; x_wconf 79' lang='lat' dir='ltr'><strong>adlecttts‘et</strong></span> <span class='ocrx_word' id='word_1_755' title='bbox 1381 5245 1667 5298; x_wconf 87' lang='lat' dir='ltr'><strong>ordinatus</strong></span> <span class='ocrx_word' id='word_1_756' title='bbox 1721 5246 1842 5307; x_wconf 87' lang='lat' dir='ltr'><strong>fuit,</strong></span> <span class='ocrx_word' id='word_1_757' title='bbox 1895 5247 2114 5301; x_wconf 88' lang='lat' dir='ltr'><strong>ineunte</strong></span> <span class='ocrx_word' id='word_1_758' title='bbox 2140 5250 2291 5302; x_wconf 86' lang='lat' dir='ltr'><strong>vide-</strong></span> 
     </span>
    </p>
   </div>
   <div class='ocr_carea' id='block_1_99' title="bbox 713 5335 2292 5405">
    <p class='ocr_par' dir='ltr' id='par_1_99' title="bbox 713 5335 2292 5405">
     <span class='ocr_line' id='line_1_99' title="bbox 713 5335 2292 5405; baseline 0.003 -17"><span class='ocrx_word' id='word_1_759' title='bbox 713 5335 839 5389; x_wconf 77' lang='lat' dir='ltr'><strong>licet</strong></span> <span class='ocrx_word' id='word_1_760' title='bbox 878 5348 1019 5388; x_wconf 86' lang='lat' dir='ltr'><strong>anno</strong></span> <span class='ocrx_word' id='word_1_761' title='bbox 1051 5335 1198 5400; x_wconf 77' lang='lat'><strong>586;</strong></span> <span class='ocrx_word' id='word_1_762' title='bbox 1248 5345 1486 5404; x_wconf 84' lang='lat' dir='ltr'><strong>tuncque</strong></span> <span class='ocrx_word' id='word_1_763' title='bbox 1535 5337 1768 5405; x_wconf 90' lang='lat' dir='ltr'><strong>primum</strong></span> <span class='ocrx_word' id='word_1_764' title='bbox 1812 5337 2127 5391; x_wconf 86' lang='lat' dir='ltr'><strong>conciouari</strong></span> <span class='ocrx_word' id='word_1_765' title='bbox 2181 5355 2292 5394; x_wconf 74' lang='lat' dir='ltr'><strong>ete-</strong></span> 
     </span>
    </p>
   </div>
   <div class='ocr_carea' id='block_1_100' title="bbox 714 5426 2291 5496">
    <p class='ocr_par' dir='ltr' id='par_1_100' title="bbox 714 5426 2291 5496">
     <span class='ocr_line' id='line_1_100' title="bbox 714 5426 2291 5496; baseline 0.003 -18"><span class='ocrx_word' id='word_1_766' title='bbox 714 5426 836 5495; x_wconf 84' lang='lat' dir='ltr'><strong>pit.</strong></span> <span class='ocrx_word' id='word_1_767' title='bbox 887 5440 1013 5478; x_wconf 91' lang='lat' dir='ltr'><strong>cum</strong></span> <span class='ocrx_word' id='word_1_768' title='bbox 1074 5426 1369 5487; x_wconf 68' lang='lat' dir='ltr'><strong>antehac,</strong></span> <span class='ocrx_word' id='word_1_769' title='bbox 1408 5435 1465 5478; x_wconf 89' lang='lat' dir='ltr'><strong>ut</strong></span> <span class='ocrx_word' id='word_1_770' title='bbox 1515 5426 1628 5493; x_wconf 89' lang='lat' dir='ltr'><strong>ipse</strong></span> <span class='ocrx_word' id='word_1_771' title='bbox 1691 5427 1803 5490; x_wconf 89' lang='lat' dir='ltr'><strong>ait,</strong></span> <span class='ocrx_word' id='word_1_772' title='bbox 1859 5428 1963 5482; x_wconf 86' lang='lat' dir='ltr'><strong>hoc</strong></span> <span class='ocrx_word' id='word_1_773' title='bbox 2028 5430 2291 5496; x_wconf 68' lang='lat' dir='ltr'><strong>palzestrm</strong></span> 
     </span>
    </p>
   </div>
   <div class='ocr_carea' id='block_1_101' title="bbox 713 5516 2294 5586">
    <p class='ocr_par' dir='ltr' id='par_1_101' title="bbox 713 5516 2294 5586">
     <span class='ocr_line' id='line_1_101' title="bbox 713 5516 2294 5586; baseline 0.003 -18"><span class='ocrx_word' id='word_1_774' title='bbox 713 5528 887 5584; x_wconf 86' lang='lat' dir='ltr'><strong>genus</strong></span> <span class='ocrx_word' id='word_1_775' title='bbox 946 5530 1222 5584; x_wconf 86' lang='lat' dir='ltr'><strong>nunquam</strong></span> <span class='ocrx_word' id='word_1_776' title='bbox 1275 5517 1560 5586; x_wconf 84' lang='lat' dir='ltr'><strong>attigisset.</strong></span> <span class='ocrx_word' id='word_1_777' title='bbox 1628 5516 1859 5581; x_wconf 82' lang='lat' dir='ltr'><strong>Quando</strong></span> <span class='ocrx_word' id='word_1_778' title='bbox 1928 5525 2108 5572; x_wconf 71' lang='lat' dir='ltr'><strong>autem</strong></span> <span class='ocrx_word' id='word_1_779' title='bbox 2191 5521 2294 5573; x_wconf 90' lang='lat' dir='ltr'><strong>hoc</strong></span> 
     </span>
    </p>
   </div>
   <div class='ocr_carea' id='block_1_102' title="bbox 717 5607 2294 5676">
    <p class='ocr_par' dir='ltr' id='par_1_102' title="bbox 717 5607 2294 5676">
     <span class='ocr_line' id='line_1_102' title="bbox 717 5607 2294 5676; baseline 0.005 -18"><span class='ocrx_word' id='word_1_780' title='bbox 717 5607 952 5673; x_wconf 86' lang='lat' dir='ltr'><strong>primum</strong></span> <span class='ocrx_word' id='word_1_781' title='bbox 1017 5616 1129 5660; x_wconf 92' lang='lat' dir='ltr'><strong>tum</strong></span> <span class='ocrx_word' id='word_1_782' title='bbox 1208 5608 1574 5676; x_wconf 73' lang='lat' dir='ltr'><strong>cloquentite.</strong></span> <span class='ocrx_word' id='word_1_783' title='bbox 1654 5622 1765 5663; x_wconf 90' lang='lat' dir='ltr'><strong>tum</strong></span> <span class='ocrx_word' id='word_1_784' title='bbox 1840 5611 2118 5664; x_wconf 73' lang='lat' dir='ltr'><strong>modestia:</strong></span> <span class='ocrx_word' id='word_1_785' title='bbox 2183 5627 2294 5666; x_wconf 76' lang='lat' dir='ltr'><strong>suze</strong></span> 
     </span>
    </p>
   </div>
   <div class='ocr_carea' id='block_1_103' title="bbox 715 5696 2285 5769">
    <p class='ocr_par' dir='ltr' id='par_1_103' title="bbox 715 5696 2285 5769">
     <span class='ocr_line' id='line_1_103' title="bbox 715 5696 2285 5769; baseline 0.004 -20"><span class='ocrx_word' id='word_1_786' title='bbox 715 5697 986 5765; x_wconf 85' lang='lat' dir='ltr'><strong>specimen</strong></span> <span class='ocrx_word' id='word_1_787' title='bbox 1011 5696 1177 5762; x_wconf 86' lang='lat' dir='ltr'><strong>dedit,</strong></span> <span class='ocrx_word' id='word_1_788' title='bbox 1209 5697 1679 5764; x_wconf 65' lang='lat' dir='ltr'><strong>adolescentulus,</strong></span> <span class='ocrx_word' id='word_1_789' title='bbox 1713 5699 2086 5769; x_wconf 77' lang='grc' dir='ltr'><strong>μειρακίσκος,</strong></span> <span class='ocrx_word' id='word_1_790' title='bbox 2130 5711 2246 5755; x_wconf 87' lang='lat' dir='ltr'><strong>erat</strong></span> <span class='ocrx_word' id='word_1_791' title='bbox 2275 5719 2285 5729; x_wconf 89' lang='grc'><strong>·</strong></span> 
     </span>
    </p>
   </div>
   <div class='ocr_carea' id='block_1_104' title="bbox 2397 5067 3979 5141">
    <p class='ocr_par' dir='ltr' id='par_1_104' title="bbox 2397 5067 3979 5141">
     <span class='ocr_line' id='line_1_104' title="bbox 2397 5067 3979 5141; baseline 0.007 -20"><span class='ocrx_word' id='word_1_792' title='bbox 2397 5067 2500 5122; x_wconf 88' lang='lat' dir='ltr'><strong>hoc</strong></span> <span class='ocrx_word' id='word_1_793' title='bbox 2531 5081 2729 5136; x_wconf 85' lang='lat' dir='ltr'><strong>nempe</strong></span> <span class='ocrx_word' id='word_1_794' title='bbox 2769 5082 2829 5122; x_wconf 86' lang='lat' dir='ltr'><strong>se</strong></span> <span class='ocrx_word' id='word_1_795' title='bbox 2862 5067 3083 5122; x_wconf 89' lang='lat' dir='ltr'><strong>nomine</strong></span> <span class='ocrx_word' id='word_1_796' title='bbox 3116 5083 3226 5122; x_wconf 88' lang='lat' dir='ltr'><strong>non</strong></span> <span class='ocrx_word' id='word_1_797' title='bbox 3276 5070 3444 5124; x_wconf 83' lang='lat' dir='ltr'><strong>semel</strong></span> <span class='ocrx_word' id='word_1_798' title='bbox 3495 5072 3730 5141; x_wconf 86' lang='lat' dir='ltr'><strong>appellat</strong></span> <span class='ocrx_word' id='word_1_799' title='bbox 3775 5075 3830 5129; x_wconf 90' lang='lat' dir='ltr'><strong>in</strong></span> <span class='ocrx_word' id='word_1_800' title='bbox 3879 5076 3979 5133; x_wconf 84' lang='lat' dir='ltr'><strong>hac</strong></span> 
     </span>
    </p>
   </div>
   <div class='ocr_carea' id='block_1_105' title="bbox 2397 5157 3979 5228">
    <p class='ocr_par' dir='ltr' id='par_1_105' title="bbox 2397 5157 3979 5228">
     <span class='ocr_line' id='line_1_105' title="bbox 2397 5157 3979 5228; baseline 0.008 -18"><span class='ocrx_word' id='word_1_801' title='bbox 2397 5157 2656 5212; x_wconf 87' lang='lat' dir='ltr'><strong>homilia:</strong></span> <span class='ocrx_word' id='word_1_802' title='bbox 2693 5173 3032 5228; x_wconf 81' lang='lat' dir='ltr'><strong>quanquam,</strong></span> <span class='ocrx_word' id='word_1_803' title='bbox 3072 5160 3118 5214; x_wconf 93' lang='lat' dir='ltr'><strong>si</strong></span> <span class='ocrx_word' id='word_1_804' title='bbox 3147 5159 3313 5215; x_wconf 91' lang='lat' dir='ltr'><strong>ducto</strong></span> <span class='ocrx_word' id='word_1_805' title='bbox 3363 5163 3572 5217; x_wconf 91' lang='lat' dir='ltr'><strong>calculo</strong></span> <span class='ocrx_word' id='word_1_806' title='bbox 3623 5179 3800 5219; x_wconf 87' lang='lat' dir='ltr'><strong>annos</strong></span> <span class='ocrx_word' id='word_1_807' title='bbox 3853 5170 3979 5222; x_wconf 72' lang='lat' dir='ltr'><strong>vita:</strong></span> 
     </span>
    </p>
   </div>
   <div class='ocr_carea' id='block_1_106' title="bbox 2396 5251 3976 5320">
    <p class='ocr_par' dir='ltr' id='par_1_106' title="bbox 2396 5251 3976 5320">
     <span class='ocr_line' id='line_1_106' title="bbox 2396 5251 3976 5320; baseline 0.006 -17"><span class='ocrx_word' id='word_1_808' title='bbox 2396 5251 2544 5304; x_wconf 87' lang='lat' dir='ltr'><strong>illius</strong></span> <span class='ocrx_word' id='word_1_809' title='bbox 2578 5267 2950 5314; x_wconf 89' lang='lat' dir='ltr'><strong>numeremus,</strong></span> <span class='ocrx_word' id='word_1_810' title='bbox 2999 5263 3160 5307; x_wconf 89' lang='lat' dir='ltr'><strong>natus</strong></span> <span class='ocrx_word' id='word_1_811' title='bbox 3191 5270 3335 5308; x_wconf 88' lang='lat' dir='ltr'><strong>anno</strong></span> <span class='ocrx_word' id='word_1_812' title='bbox 3360 5270 3485 5308; x_wconf 88' lang='lat' dir='ltr'><strong>eum</strong></span> <span class='ocrx_word' id='word_1_813' title='bbox 3514 5256 3826 5312; x_wconf 84' lang='lat' dir='ltr'><strong>tardissime</strong></span> <span class='ocrx_word' id='word_1_814' title='bbox 3850 5259 3976 5320; x_wconf 62' lang='grc' dir='ltr'><strong>5η.</strong></span> 
     </span>
    </p>
   </div>
   <div class='ocr_carea' id='block_1_107' title="bbox 2396 5342 3975 5414">
    <p class='ocr_par' dir='ltr' id='par_1_107' title="bbox 2396 5342 3975 5414">
     <span class='ocr_line' id='line_1_107' title="bbox 2396 5342 3975 5414; baseline 0.006 -18"><span class='ocrx_word' id='word_1_815' title='bbox 2396 5351 2454 5396; x_wconf 93' lang='lat' dir='ltr'><strong>ut</strong></span> <span class='ocrx_word' id='word_1_816' title='bbox 2495 5343 2547 5395; x_wconf 86' lang='lat' dir='ltr'><strong>in</strong></span> <span class='ocrx_word' id='word_1_817' title='bbox 2585 5342 2706 5396; x_wconf 84' lang='lat' dir='ltr'><strong>Vita</strong></span> <span class='ocrx_word' id='word_1_818' title='bbox 2752 5343 2869 5410; x_wconf 80' lang='lat' dir='ltr'><strong>ejus</strong></span> <span class='ocrx_word' id='word_1_819' title='bbox 2915 5345 3164 5413; x_wconf 87' lang='lat' dir='ltr'><strong>pluribus</strong></span> <span class='ocrx_word' id='word_1_820' title='bbox 3205 5356 3705 5414; x_wconf 88' lang='lat' dir='ltr'><strong>commonstratur,</strong></span> <span class='ocrx_word' id='word_1_821' title='bbox 3753 5352 3975 5406; x_wconf 85' lang='lat' dir='ltr'><strong>ordina-</strong></span> 
     </span>
    </p>
   </div>
   <div class='ocr_carea' id='block_1_108' title="bbox 2395 5435 3973 5511">
    <p class='ocr_par' dir='ltr' id='par_1_108' title="bbox 2395 5435 3973 5511">
     <span class='ocr_line' id='line_1_108' title="bbox 2395 5435 3973 5511; baseline 0.008 -27"><span class='ocrx_word' id='word_1_822' title='bbox 2395 5441 2592 5502; x_wconf 85' lang='lat' dir='ltr'><strong>tusque</strong></span> <span class='ocrx_word' id='word_1_823' title='bbox 2660 5435 2943 5505; x_wconf 79' lang='lat' dir='ltr'><strong>presbyter</strong></span> <span class='ocrx_word' id='word_1_824' title='bbox 3003 5437 3222 5491; x_wconf 91' lang='lat' dir='ltr'><strong>ineunte</strong></span> <span class='ocrx_word' id='word_1_825' title='bbox 3283 5437 3434 5503; x_wconf 80' lang='grc'><strong>⁸586,</strong></span> <span class='ocrx_word' id='word_1_826' title='bbox 3493 5441 3973 5511; x_wconf 79' lang='lat' dir='ltr'><strong>quadragesimum</strong></span> 
     </span>
    </p>
   </div>
   <div class='ocr_carea' id='block_1_109' title="bbox 2395 5524 3975 5602">
    <p class='ocr_par' dir='ltr' id='par_1_109' title="bbox 2395 5524 3975 5602">
     <span class='ocr_line' id='line_1_109' title="bbox 2395 5524 3975 5602; baseline 0.008 -25"><span class='ocrx_word' id='word_1_827' title='bbox 2395 5524 2614 5578; x_wconf 88' lang='lat' dir='ltr'><strong>circiter</strong></span> <span class='ocrx_word' id='word_1_828' title='bbox 2645 5526 2823 5581; x_wconf 82' lang='lat' dir='ltr'><strong>aetatis</strong></span> <span class='ocrx_word' id='word_1_829' title='bbox 2852 5537 3034 5598; x_wconf 87' lang='lat' dir='ltr'><strong>ageret</strong></span> <span class='ocrx_word' id='word_1_830' title='bbox 3078 5545 3277 5582; x_wconf 89' lang='lat' dir='ltr'><strong>annum</strong></span> <span class='ocrx_word' id='word_1_831' title='bbox 3311 5547 3323 5582; x_wconf 93' lang='lat'>:</span> <span class='ocrx_word' id='word_1_832' title='bbox 3362 5545 3533 5600; x_wconf 88' lang='lat' dir='ltr'><strong>usque</strong></span> <span class='ocrx_word' id='word_1_833' title='bbox 3566 5533 3700 5586; x_wconf 90' lang='lat' dir='ltr'><strong>adeo</strong></span> <span class='ocrx_word' id='word_1_834' title='bbox 3724 5535 3975 5602; x_wconf 79' lang='lat' dir='ltr'><strong>explora-</strong></span> 
     </span>
    </p>
   </div>
   <div class='ocr_carea' id='block_1_110' title="bbox 2395 5617 3970 5692">
    <p class='ocr_par' dir='ltr' id='par_1_110' title="bbox 2395 5617 3970 5692">
     <span class='ocr_line' id='line_1_110' title="bbox 2395 5617 3970 5692; baseline 0.004 -23"><span class='ocrx_word' id='word_1_835' title='bbox 2395 5624 2508 5669; x_wconf 89' lang='lat' dir='ltr'><strong>tum</strong></span> <span class='ocrx_word' id='word_1_836' title='bbox 2545 5631 2665 5670; x_wconf 83' lang='lat' dir='ltr'><strong>esse</strong></span> <span class='ocrx_word' id='word_1_837' title='bbox 2709 5617 2892 5681; x_wconf 87' lang='lat' dir='ltr'><strong>debet,</strong></span> <span class='ocrx_word' id='word_1_838' title='bbox 2953 5631 3015 5673; x_wconf 81' lang='lat' dir='ltr'><strong>ex</strong></span> <span class='ocrx_word' id='word_1_839' title='bbox 3068 5620 3378 5689; x_wconf 83' lang='lat' dir='ltr'><strong>littjusmodi</strong></span> <span class='ocrx_word' id='word_1_840' title='bbox 3431 5623 3630 5689; x_wconf 81' lang='lat' dir='ltr'><strong>verbis,</strong></span> <span class='ocrx_word' id='word_1_841' title='bbox 3697 5625 3970 5692; x_wconf 74' lang='lat' dir='ltr'><strong>puerulus,</strong></span> 
     </span>
    </p>
   </div>
   <div class='ocr_carea' id='block_1_111' title="bbox 2390 5706 3967 5779">
    <p class='ocr_par' dir='ltr' id='par_1_111' title="bbox 2390 5706 3967 5779">
     <span class='ocr_line' id='line_1_111' title="bbox 2390 5706 3967 5779; baseline 0.009 -21"><span class='ocrx_word' id='word_1_842' title='bbox 2390 5706 2834 5774; x_wconf 72' lang='lat' dir='ltr'><strong>adolescentulus,</strong></span> <span class='ocrx_word' id='word_1_843' title='bbox 2862 5721 2915 5766; x_wconf 82' lang='lat' dir='ltr'><strong>ct</strong></span> <span class='ocrx_word' id='word_1_844' title='bbox 2955 5713 3193 5768; x_wconf 80' lang='lat' dir='ltr'><strong>vicissim</strong></span> <span class='ocrx_word' id='word_1_845' title='bbox 3241 5709 3421 5779; x_wconf 63' lang='lat' dir='ltr'><strong>seuer</strong></span> <span class='ocrx_word' id='word_1_846' title='bbox 3450 5727 3702 5770; x_wconf 69' lang='lat' dir='ltr'><strong>extrema:</strong></span> <span class='ocrx_word' id='word_1_847' title='bbox 3727 5730 3967 5772; x_wconf 48' lang='lat' dir='ltr'><strong>senem“</strong></span> 
     </span>
    </p>
   </div>
  </div>
