4158 6316
66 420 152 475 οςιι
1369 413 1459 468 DE
1495 412 1956 471 SACERDOTIO.
1999 412 2126 468 LIB.
2176 412 2258 466 VI.

70 532 159 603 τήν
202 532 418 588 ἐκείνου
465 530 778 605 παράταξιν
826 531 924 585 καὶ
972 529 1065 584 τὸν
1116 528 1256 602 πρὸς
1313 530 1465 602 ἡμᾶς
1522 530 1760 601 πόλεμον

71 619 502 692 ὀφθαλμοφανῶς
537 620 666 674 ἰδεῖν
690 658 706 684 ,
740 615 881 683 εἶδες
921 617 987 672 ἀν
1019 619 1080 672 ού
1121 618 1461 691 χειμάρρους
1489 619 1756 690 αἱμάτων,

71 706 183 760 οὐδὲ
209 705 443 777 σώματα
472 706 666 778 νεκρὰ,
702 705 839 760 ἀλλά
872 705 1058 778 ψυχῶν
1089 704 1361 775 πτώματα
1384 705 1641 766 τοσαῦτα,
1668 705 1762 758 καὶ

73 793 358 866 τραύματα
392 794 540 849 οὕτω
568 794 783 867 χαλεπά
804 834 820 859 ,
855 795 932 858 ὡς
960 794 1181 848 ἃπασαν
1230 794 1447 865 ἐκείνην
1481 792 1575 847 τοῦ
1602 792 1762 846 πολέ-

77 901 168 951 μου
194 883 295 954 τὴν
329 882 660 955 ὑπογραφὴν
683 922 697 947 ,
728 883 795 953 ήν
845 881 969 954 ἄρτι
1000 881 1217 954 διῆλθον
1246 882 1385 952 πρὸς
1435 880 1518 946 σὲ,
1555 881 1761 935 παίδων

74 970 225 1025 τινῶν
254 983 279 1012 ι
312 971 611 1044 ἀθύρματα
643 966 785 1025 εῖναι
822 970 1066 1041 νομίσαι,
1098 972 1192 1024 καὶ
1237 970 1460 1024 παιδιάν
1494 970 1694 1041 μᾶλλον
1726 970 1759 1040 ἢ

77 1060 334 1132 πόλεμον·
381 1060 633 1115 τοσοῦτοι
683 1062 733 1114 οί
779 1060 902 1114 καθ’
950 1061 1189 1131 ἐκάστην
1241 1059 1608 1130 πληττόμενοι
1663 1059 1761 1129 τήν

76 1150 300 1221 ἡμέραν.
331 1148 415 1202 Τὰ
464 1148 521 1202 δέ
551 1147 850 1219 τραύματα
876 1148 976 1200 οὐκ
1015 1146 1138 1217 ῐσην
1182 1146 1478 1218 ἐργάζεται
1528 1146 1628 1216 τὴν
1674 1145 1763 1197 νέ-

78 1255 293 1305 κρωσιν,
327 1237 443 1291 ἀλλ’
476 1237 601 1291 ὅσον
631 1237 811 1307 ψυχῆς
842 1236 938 1289 καὶ
972 1235 1227 1300 σώματος
1253 1235 1316 1287 τὸ
1344 1234 1536 1306 μέσον,
1568 1232 1761 1286 τοσοῦ-

77 1343 159 1377 τον
191 1326 411 1394 ἐκείνης
444 1325 540 1378 καὶ
592 1324 798 1391 ταύτης
830 1323 891 1376 τὸ
923 1323 1200 1392 διάφορον.
1231 1322 1403 1376 Ὅταν
1460 1322 1567 1393 γὰρ
1619 1320 1763 1394 λάϐῃ

79 1417 169 1485 τήν
199 1414 419 1487 πληγὴν
454 1415 488 1486 ή
520 1414 669 1485 ψυχὴ
722 1414 819 1466 καὶ
862 1412 1004 1483 πέσῃ
1028 1451 1043 1475 ,
1092 1413 1154 1465 ού
1191 1413 1371 1464 κεῖται
1418 1410 1673 1480 καθάπερ
1702 1410 1765 1462 τὸ

83 1504 228 1573 σῶμα
260 1502 720 1573 ἀνεπαισθήτως,
774 1500 911 1553 ἀλλὰ
957 1498 1305 1569 βασανίζεται
1362 1499 1460 1569 μὲν
1511 1497 1763 1552 ἐντεῦθεν

82 1592 173 1661 ήδη
200 1594 267 1661 τῇ
311 1591 530 1663 πονηρᾷ
576 1588 881 1658 συνειδήσει
914 1586 1197 1657 τηκομένη
1222 1603 1235 1617 ⁸
1276 1585 1415 1656 μετὰ
1459 1586 1517 1638 δέ
1548 1586 1648 1656 τὴν
1678 1586 1765 1637 ἐν-

83 1678 218 1733 θένδε
249 1678 601 1749 ἀπαλλαγὴν,
641 1677 785 1731 κατὰ
812 1675 904 1729 τὸν
932 1675 1034 1745 τῆς
1068 1674 1306 1746 κρίσεως
1339 1672 1534 1742 καιρὸν
1562 1672 1765 1725 ἀθανά-

82 1784 148 1834 τῳ
177 1767 527 1838 παραδίδοται
551 1763 815 1837 τιμωρίᾳ.
848 1764 911 1817 Εἰ
940 1763 997 1816 δέ
1027 1779 1111 1825 τις
1137 1761 1459 1831 ἀναλγήτως
1492 1760 1605 1830 ἔχοι
1626 1758 1765 1829 πρὸς

82 1856 169 1917 τὰς
195 1852 287 1907 τοῦ
323 1855 575 1909 διαϐόλου
607 1854 860 1924 πληγὰς,
898 1850 1081 1923 μεῖζον
1117 1849 1225 1902 ὑπὸ
1263 1849 1364 1919 τῆς
1403 1846 1765 1917 ἀναισθησίας

84 1941 264 2013 ἐκείνῳ
297 1943 511 2010 γίνεται
538 1942 600 1995 τὸ
632 1941 839 1995 δεινόν·
880 1940 907 1991 6
939 1938 1049 2009 γάρ
1083 1937 1177 1991 ἐπὶ
1205 1938 1270 2008 τῇ
1309 1935 1553 2007 προτέρᾳ.
1580 1934 1763 2005 πληγῇ

89 2032 152 2101 μὴ
176 2032 423 2100 δηχθεὶς,
456 2031 696 2092 εὐκόλως
740 2028 955 2098 δέχεται
997 2027 1024 2066 b
1058 2026 1152 2078 καὶ
1181 2025 1471 2095 δευτέραν,
1503 2024 1597 2076 καὶ
1647 2026 1765 2093 μετ’

86 2121 286 2190 ἐκείνην
335 2118 556 2190 ἐτέραν.
590 2119 665 2171 Οὐ
716 2117 826 2187 γάρ
871 2115 1226 2186 διαλιμπάνει
1268 2113 1431 2184 μέχρι
1480 2112 1631 2185 [455]
1674 2113 1767 2164 καὶ

85 2207 172 2275 τῆς
196 2207 431 2277 ἐσχάτης
460 2206 739 2276 ἀναπνοῆς
779 2204 954 2258 παίων
982 2206 1010 2257 6
1044 2202 1242 2273 μιαρὸς
1267 2240 1282 2265 ,
1321 2202 1450 2253 ὅταν
1482 2199 1621 2270 εὕρῃ
1665 2200 1767 2268 glu-

87 2296 175 2363 χὴν
208 2295 429 2359 ὑπτίαν,
460 2294 555 2348 καὶ
580 2294 691 2346 τῶν
719 2293 1002 2365 προτέρων
1032 2289 1486 2361 καταφρονοῦσαν
1516 2288 1763 2358 πληγῶν.

90 2383 143 2432 El
175 2383 228 2434 δέ
264 2383 358 2435 καὶ
397 2383 499 2453 τῆς
544 2382 823 2453 συμϐολῆς
868 2381 961 2434 τὸν
991 2380 1193 2449 τρόπον
1225 2376 1501 2442 ἐξετάζειν
1540 2376 1765 2439 ἐθέλοις,

90 2472 210 2523 πολὺ
243 2471 449 2542 ταύτην
482 2482 504 2510 ε
539 2470 908 2541 σφοδροτέραν
950 2470 1045 2522 καὶ
1082 2466 1484 2537 ποικιλωτέραν
1514 2464 1645 2527 ἴδοις
1678 2464 1762 2519 ἄν.

90 2560 213 2610 Οὔτε
260 2559 368 2629 γὰρ
416 2558 627 2627 κλοπῆς
678 2557 771 2610 καὶ
803 2557 954 2609 δόλου
981 2556 1251 2618 τοσαύτας
1287 2571 1372 2617 τις
1405 2549 1546 2605 οἶδεν
1591 2552 1764 2615 ἰδέας.

91 2648 203 2708 ὅσας
233 2650 439 2711 ἐκεῖνος
478 2649 507 2700 ό
536 2647 731 2717 μιαρός
756 2663 769 2675 ·
798 2644 973 2718 ταύτῃ
1010 2644 1141 2713 γοῦν
1186 2642 1287 2714 τὴν
1315 2641 1536 2694 πλείονα
1570 2643 1768 2709 κέκτη-

90 2750 168 2785 ται
198 2735 424 2804 δύναμιν
450 2751 465 2767 ο
509 2735 637 2789 οὔτε
684 2734 886 2805 ἔχθραν
919 2751 1007 2796 τις
1040 2731 1214 2795 οὕτως
1249 2731 1561 2801 ἀκήρυκτον
1610 2728 1768 2781 δύνα-

92 2822 212 2873 ταιά
244 2824 388 2892 ἐχειν
423 2824 562 2896 πρὸς
588 2826 716 2887 τοὺς
753 2824 893 2891 ἄγαν
923 2820 1371 2891 πολεμιωτάτους
1405 2817 1553 2887 αὐτῷ
1583 2859 1594 2874 ,
1634 2820 1767 2887 ὅσην

94 2911 215 2979 πρὸς
247 2913 341 2983 τήν
371 2913 721 2984 ἀνθρωπείαν
753 2911 921 2981 φύσιν
956 2913 985 2964 6
1020 2909 1257 2980 πονηρὸς
1284 2908 1495 2976 δαίμων
1534 2907 1764 2969 ἐκεῖνος.

95 3000 191 3051 Καὶ
216 3000 311 3071 τήν
344 3000 658 3072 προθυμίαν
686 3000 744 3054 δέ
777 3000 830 3053 εῖ
847 3016 932 3061 τις
966 2997 1235 3061 ἐξετάζοι,
1283 2994 1402 3065 μεθ’
1429 2991 1495 3065 ῆς
1533 2994 1768 3064 μάχεται

94 3088 318 3155 ἐκεῖνος,
373 3090 686 3161 ἀνθρώποις
738 3087 837 3158 μὲν
872 3085 1104 3140 ἐνταῦθα
1136 3086 1230 3138 καὶ
1283 3084 1492 3151 γελοῖον
1539 3082 1769 3153 περιία-

95 3174 192 3229 λεῖν
216 3194 228 3207 ο
252 3180 300 3232 εί
323 3179 379 3232 δέ
408 3196 493 3243 τις
533 3178 603 3232 τὰ
642 3176 989 3247 όργιλώτατα
1016 3174 1110 3228 καὶ
1143 3172 1495 3242 ἀπηνέστατα
1526 3171 1635 3222 τῶν
1669 3171 1769 3238 θη-

99 3266 215 3335 ρίων
256 3266 615 3336 ἐκλεξάμενος
664 3263 995 3318 ἀντιτιθέναι
1045 3262 1188 3316 θέλοι
1222 3264 1289 3332 τῇ
1347 3259 1540 3313 τούτου
1579 3259 1764 3331 μανία,

99 3356 357 3424 πραότατα
387 3356 515 3409 ὅντα
549 3356 644 3408 καὶ
666 3352 1001 3425 ἡμερώτατα
1031 3352 1258 3423 εὑρήσει
1292 3353 1356 3421 τῇ
1387 3349 1673 3421 παραϐολῇ
1703 3361 1725 3387 θ
1752 3363 1765 3377 °

98 3443 332 3498 τοσοῦτον
362 3438 519 3507 οὗτος
547 3446 671 3496 πνεῖ
700 3442 893 3512 θυμὸν,
927 3443 1049 3503 ταῖς
1080 3439 1379 3511 ἡμετέραις
1410 3437 1768 3509 προσϐάλλων

100 3528 296 3601 ψυχαῖς.
330 3534 438 3586 Καὶ
460 3534 489 3585 6
517 3532 616 3603 τῆς
650 3531 830 3601 μάχης
850 3530 907 3583 δὲ
926 3513 1117 3600 χρόνος
1143 3526 1379 3581 ἐνταῦθα
1415 3527 1513 3597 μὲν
1538 3526 1765 3596 βραχὺς,

102 3621 181 3671 καὶ
207 3622 260 3671 ἐν
293 3621 367 3691 τῷ
390 3620 585 3690 βραχεῖ
613 3618 670 3671 δὲ
708 3618 857 3688 αὐτῷ
888 3616 1079 3670 πολλαὶ
1109 3617 1164 3669 αἱ
1199 3615 1502 3685 ἀνακωχαί.
1527 3616 1637 3667 Καὶ
1659 3614 1769 3683 γάρ

102 3708 182 3759 καὶ
227 3708 319 3773 νὺξ
366 3707 672 3761 ἐπελθοῦσα
697 3751 709 3771 ,
744 3708 836 3760 καὶ
868 3709 897 3760 6
940 3706 1035 3759 τοῦ
1086 3704 1314 3775 σφάζειν
1362 3706 1640 3774 κάματος,
1674 3706 1770 3757 καὶ

102 3796 282 3865 τροφῆς
306 3796 495 3866 καιρὸς
516 3836 531 3859 ,
562 3796 657 3848 καὶ
687 3794 860 3847 πολλά
890 3793 1056 3864 ἕτερα
1092 3790 1449 3846 διαναπαύειν
1480 3791 1571 3843 τὸν
1609 3807 1771 3861 στρα-

103 3883 277 3952 "cuii-.131:
304 3885 567 3953 πέφυκεν,
603 3884 678 3945 ὡς
707 3885 801 3935 καὶ
843 3882 1110 3935 ἀποδῦναι
1146 3881 1244 3951 τὴν
1276 3878 1644 3948 παντευχίαν,
1674 3878 1771 3930 καὶ

106 3971 417 4026 ἀναπνεῦσαι
451 3972 470 4012 τ
506 3973 703 4043 μικρὸν
725 4014 739 4036 ,
776 3972 869 4024 καὶ
898 3971 1033 4039 σίτῳ
1087 3970 1183 4021 καὶ
1231 3967 1381 4036 ποτῴ
1430 3962 1767 4035 καταψῦξαι,

107 4060 186 4111 καὶ
225 4061 422 4133 ἑτέροις
473 4060 688 4123 πολλοῖς
720 4058 818 4129 τὴν
849 4058 1123 4128 προτέραν
1152 4052 1566 4124 ἀνακτήσασθαι
1610 4052 1771 4107 δύνα-

110 4165 204 4217 μιν.
242 4151 363 4203 Ἐπὶ
386 4150 440 4203 δὲ
473 4148 569 4201 τοῦ
603 4146 841 4219 πονηροῦ
889 4147 990 4199 οὐκ
1017 4144 1227 4198 ἐστιτὰ
1254 4143 1394 4196 ὅπλα
1434 4141 1769 4195 καταθέσθαι

108 4238 238 4300 ποτὲ,
265 4240 362 4291 οὐκ
392 4239 540 4291 ἐστιν
574 4236 741 4291 ὕπνον
776 4224 1014 4307 ἄρασθαι
1057 4235 1146 4287 τὸν
1176 4232 1502 4303 βουλόμενον
1527 4232 1770 4302 ἄτρωτον

111 4324 267 4392 μένειν
298 4327 609 4392 διαπαντός.
641 4327 884 4395 ’Δνάγκη
908 4323 1017 4394 γὰρ
1054 4322 1201 4375 δυοῖν
1240 4320 1490 4391 θάτερον,
1526 4320 1558 4390 ἢ
1585 4322 1770 4373 πεσεῖν

161 4486 181 4514 ⁸
201 4485 344 4550 Sari].
384 4495 434 4538 et
474 4489 667 4550 aliquot
702 4500 821 4535 mss.
845 4486 1031 4534 παίδων
1054 4484 1177 4550 τινά,
1204 4483 1380 4531 Morel.
1406 4489 1458 4531 et
1482 4481 1563 4530 alii
1586 4480 1770 4528 παίδων

113 4551 242 4610 τινῶν.
272 4549 455 4599 Ibidem
483 4549 610 4597 unus
636 4552 718 4598 καὶ
744 4550 941 4609 παίγνια
964 4549 1161 4610 μᾶλλον.

160 4609 342 4675 1fSaril.
368 4621 421 4660 et
439 4614 523 4661 alii
546 4614 754 4675 δέχεται,
779 4611 947 4659 Morel.
974 4611 1169 4664 δέξεται.

165 4673 183 4701 °
209 4674 299 4721 Alii
317 4676 504 4732 ταύτης.

163 4732 185 4775 ά
213 4734 302 4783 Alii
327 4737 594 4794 δυνήσεται.

167 4808 186 4835 ο
205 4798 293 4846 Alii
316 4798 362 4845 ἐν
407 4803 429 4813 ⁴
456 4798 636 4861 παραϐ.

168 4855 185 4899 ί
210 4858 302 4908 Alii
329 4815 553 4908 algam.
578 4860 636 4908 διι

168 4855 185 4899 ί
210 4858 302 4909 Alii
329 4866 385 4909 el
400 4853 553 4909 Savil'.
578 4854 935 4919 διαναπνεῦσαι,
968 4861 1020 4905 el
1042 4866 1153 4903 mox
1177 4853 1426 4917 ἀναψῦξαι.

212 5019 1965 5047 ω’--,---¹““¹¹¹¹¹“----ῌ---ῄ
1970 5021 2069 5044 '._.._'

1652 5035 1956 5046 .———————-

3448 411 3558 466 692

1863 530 1958 583 καὶ
1988 526 2305 583 ἀπολέσθαι
2327 524 2718 597 γυμνωθέντα,
2755 526 2787 597 ἢ
2818 526 2906 580 διὰ
2938 528 3141 593 παντὸς
3167 527 3558 598 καθωπλισμέ-

1862 636 1951 673 νον
1985 616 2197 671 ἐστῶτα
2229 616 2258 658 κ
2296 615 2391 669 καὶ
2444 614 2788 686 ἐγρηγορότα
2838 612 3001 670 εἶναι.
3041 618 3152 670 Καὶ
3185 618 3296 688 γὰρ
3349 617 3558 679 ἐκεῖνος

1861 705 2155 768 διαπαντὸς
2210 704 2411 774 ἕστηκε
2459 703 2600 772 μετά
2653 704 2751 774 τῆς
2804 702 2970 756 αὑτοῦ
3031 704 3426 777 παρατάξεως,
3458 704 3560 768 τὰς

1861 794 2143 865 ἡμετέρας
2193 791 2464 863 ῥᾳθυμίας
2514 789 2851 862 παρατηρῶν
2879 832 2893 855 ,
2934 790 3159 847 πλείονά
3195 811 3256 845 τε
3287 794 3559 864 εἰσφέρων

1865 885 2103 956 σπουδὴν
2134 888 2210 948 είς
2252 884 2353 955 τὴν
2381 882 2660 954 ἡμετέραν
2708 882 2987 937 ἀπώλειαν
3009 925 3022 947 ,
3054 883 3087 954 ἢ
3134 885 3215 948 είς
3249 883 3347 954 τὴν
3380 899 3561 953 σωτη-

1869 975 1988 1045 ρίαν
2018 975 2181 1044 ἡμεῖς
2228 972 2328 1042 τὴν
2377 970 2610 1024 ἑαυτῶν.
2641 972 2752 1024 Kal
2784 972 2845 1023 τὸ
2891 972 2965 1041 μὴ
3011 971 3245 1041 ὁρᾶσθαι
3285 972 3343 1024 δὲ
3393 971 3558 1024 αὐτὸν

1866 1062 1956 1131 ὑφ’
1981 1060 2161 1132 ἡμῶν,
2190 1059 2284 1113 καὶ¹
2320 1058 2382 1112 τὸ
2425 1057 2687 1129 ἐξαπίνης
2715 1058 3055 1113 ἐπιτίθεσθαι
3091 1058 3149 1130 (ἀ
3181 1058 3417 1130 μάλιστα
3448 1058 3559 1114 τῶν

1868 1150 2079 1223 μυρίων
2105 1150 2252 1203 ἐστὶν
2281 1148 2431 1202 αἴτια
2466 1148 2672 1217 κακῶν)
2706 1151 2818 1209 τοῖς
2843 1148 2942 1199 οὐκ
2973 1148 3306 1220 ἐγρηγορόσι
3333 1149 3559 1201 διαπαν-

1863 1238 1955 1301 τὸς
1984 1238 2118 1290 πολὺ
2150 1237 2340 1290 τοῦτον
2375 1235 2728 1306 ἀπορώτερον
2754 1235 2961 1288 ἐκείνου
3005 1235 3248 1289 δείκνυσι
3279 1235 3369 1289 τὸν
3397 1236 3559 1289 πόλε-

1869 1343 1987 1397 μον.
2015 1325 2285 1380 Ἐνταῦθα
2332 1320 2425 1378 οῦν
2468 1324 2620 1395 ἡμᾶς
2654 1322 2846 1393 ἡθελες
2894 1327 3222 1394 στρατηγεῖν
3251 1327 3363 1387 τοῖς
3391 1341 3561 1395 στρα-

1863 1414 2088 1479 τιώταις
2118 1412 2214 1468 τοῦ
2237 1412 2512 1485 Χριστοῦ;
2551 1409 2715 1464 Ἀλλά
2748 1410 2825 1481 τῷ
2854 1411 3089 1481 διαϐόλῳ
3119 1411 3278 1466 τοῦτο
3299 1409 3365 1483 ῆν
3397 1430 3563 1482 στρα-

1864 1508 2072 1575 τηγεῖν.
2123 1504 2292 1557 Ὅταν
2342 1501 2449 1575 γάρ
2505 1503 2533 1554 6
2570 1500 2879 1554 διατάττειν
2932 1502 3025 1554 καὶ
3061 1502 3378 1571 διακοσμεῖν
3433 1502 3563 1563 τοὺς

1865 1594 2089 1657 λοιποὺς
2112 1591 2367 1661 ὀφείλων,
2402 1591 2623 1644 πάντων
2652 1591 3014 1661 ἀπειρότατος
3043 1592 3138 1644 καὶ
3164 1591 3562 1649 ἀσθενέστατος

1864 1680 1931 1757 ᾖ,
1968 1683 2202 1754 προδοὺς
2244 1679 2498 1747 ὑπὸ-τῆς
2544 1677 2804 1745 ἀπειρίας
2853 1679 2978 1737 τοὺς
3026 1679 3452 1740 πιστευθέντας,
3485 1679 3563 1730 τῶ

1867 1771 2101 1841 διαϐόλῳ
2156 1768 2355 1839 μᾶλλον
2408 1768 2816 1839 ἐστρατήγησεν
2862 1766 3002 1838 ήτῷ
3046 1766 3289 1838 Χριστῷ.
3324 1766 3480 1819 Ἀλλά
3511 1774 3559 1818 τί

1871 1859 2079 1921 στένεις
2102 1900 2116 1923 ,
2151 1857 2205 1910 τί
2238 1855 2497 1926 δακρύεις
2522 1871 2535 1919 ;
2564 1854 2625 1907 ού
2652 1854 2761 1925 γὰρ
2796 1853 3011 1924 θρήνων
3053 1856 3178 1919 ἄξια
3220 1855 3286 1907 τά
3310 1857 3431 1906 κατ’
3462 1854 3562 1924 ἐμέ⁹

1868 1946 1985 2011 νῦν,
2012 1946 2126 2000 ἀλλ’
2154 1942 2498 2014 εὐφροσύνης
2520 1942 2611 1994 καὶ
2644 1943 2839 2014 χαρᾶς.
2872 1942 3251 1994 ΒΑΣΙΛΕΙΟΣ.
3275 1940 3417 1994 Ἀλλ’
3442 1942 3563 2012 ουχὶ

1870 2033 1961 2088 καὶ
2000 2035 2069 2087 τὰ
2098 2033 2228 2104 ἐμά,
2262 2032 2448 2102 φησὶν,
2491 2029 2629 2083 ἀλλά
2660 2029 2869 2099 μυρίων
2901 2028 3027 2094 ἄξια
3060 2030 3235 2083 ταῦτα
3264 2030 3513 2084 κοπετῶν
3547 2047 3560 2059 ·

1870 2122 1964 2175 νῦν
1992 2121 2101 2191 γὰρ
2135 2120 2289 2189 μόλις
2317 2117 2592 2189 ἠδυνήθην
2625 2116 2856 2170 συνιδεῖν
2887 2112 2943 2169 οἷ
2971 2116 3077 2169 τῶν
3108 2116 3294 2169 κακῶν
3329 2134 3396 2187 με
3428 2118 3565 2188 ἧγα-

1869 2226 1985 2277 γες.
2019 2207 2163 2275 Ἐγὼ
2190 2207 2289 2278 μέν
2337 2206 2446 2277 γὰρ
2480 2205 2730 2275 εἰσῆλθον
2761 2205 2898 2275 πρὸς
2958 2204 3017 2257 σέ
3044 2246 3057 2269 ,
3109 2205 3137 2257 ὃ
3179 2221 3230 2257 τι
3267 2205 3396 2257 ποτέ
3425 2206 3566 2276 ὑπὲρ

1872 2299 1967 2350 σοῦ
2022 2298 2159 2368 πρὸς
2211 2298 2337 2359 τοὺς
2398 2294 2765 2363 ἐγκαλοῦντας
2820 2293 3276 2364 ἀπολογήσομαι,
3313 2292 3567 2365 δεόμενος

1875 2385 2100 2456 μαθεῖν’
2140 2386 2204 2438 σὺ
2252 2383 2309 2437 δέ
2348 2402 2416 2454 με
2452 2384 2760 2455 ἐκπέμπεις
2795 2384 2989 2453 ἐτέραν
3019 2383 3136 2436 ἀνθ’
3169 2383 3364 2453 ἐτέρας
3411 2401 3568 2455 φρον-

1870 2475 1990 2527 τίδα
2032 2473 2229 2536 ἐνθείς.
2263 2474 2339 2525 Οὐ
2370 2472 2480 2543 γὰρ
2527 2472 2608 2525 ἔτι
2646 2490 2735 2541 μοι
2773 2472 2966 2542 μέλλει
2991 2512 3006 2536 ,
3035 2472 3087 2525 τί
3137 2471 3275 2541 πρὸς
3322 2472 3568 2534 ἐκείνους

1872 2562 2012 2633 ὑπὲρ
2044 2562 2163 2625 σοῦ,
2201 2561 2337 2614 ἀλλά
2372 2560 2424 2613 τί
2456 2560 2593 2637 πρὸς
2615 2561 2705 2613 τὸν
2727 2559 2860 2613 Θεὸν
2896 2562 3035 2630 ὑπὲρ
3062 2560 3302 2631 ἐμαυτοῦ
3334 2563 3430 2614 καὶ
3457 2561 3567 2612 τῶν

1871 2650 2021 2721 ἐμῶν
2055 2651 2471 2721 ἀπολογήσομαι
2502 2650 2711 2703 κακῶν.
2742 2649 2891 2720 Πλὴν
2922 2648 3060 2703 ἀλλὰ
3101 2648 3196 2703 σοῦ
3247 2648 3443 2720 δέομαι
3473 2651 3563 2702 καὶ

1870 2740 2140 2795 ἀντιϐολῶ
2162 2784 2177 2807 ,
2213 2742 2267 2794 εῖ
2292 2759 2344 2794 τι
2387 2759 2469 2794 σοι
2500 2741 2652 2811 μέλει
2682 2740 2790 2793 τῶν
2826 2741 2999 2811 ἐμῶν,
3036 2742 3196 2805 εἴτις
3220 2741 3568 2812 παράκλησις

1871 2832 1927 2883 ἐν
1955 2830 2211 2902 Χριστῷ,
2240 2829 2359 2882 εἴτι
2388 2828 2735 2900 παραμύθιον
2767 2830 2989 2900 ἀγάπης
3016 2871 3028 2889 ,
3054 2829 3107 2882 εἴ
3131 2846 3254 2883 τινα
3282 2831 3569 2900 σπλάγχνα

1872 2919 1967 2970 καὶ
1995 2916 2271 2988 οἰκτιρμοί
2304 2915 2421 2985 (καὶ
2458 2916 2566 2987 γὰρ
2622 2912 2800 2978 οἶδας,
2831 2917 2913 2968 ὅτι
2959 2932 3023 2985 με
3082 2915 3317 2986 μάλιστα
3346 2918 3568 2971 πάντων

1873 3006 2034 3067 αὐτὸς
2085 3006 2164 3067 είς
2210 3004 2400 3057 τοῦτον
2449 3003 2542 3056 τὸν
2576 3003 2820 3057 κίνδυνον
2864 3004 3131 3075 ἤγαγες),
3164 3008 3323 3076 χεῖρα
3354 3006 3566 3075 ὄρεξον,

1873 3095 1967 3146 καὶ
1990 3094 2164 3161 λέγων
2206 3094 2299 3146 καὶ
2330 3092 2586 3163 πράττων
2621 3090 2774 3164 [456]
2816 3092 2885 3145 τὰ
2913 3094 3190 3162 δυνάμενα
3219 3095 3366 3165 ἡμᾶς
3406 3095 3565 3165 ἀνορ-

1873 3180 2000 3235 θοῦν
2021 3197 2032 3208 '
2067 3181 2203 3252 μηδὲ
2231 3182 2441 3252 ἀνάσχῃ
2473 3180 2608 3252 πρὸς
2642 3180 2771 3247 γοῦν
2798 3182 2859 3233 τὸ
2887 3180 3228 3253 βραχύτατον
3249 3184 3399 3254 ἡμᾶς
3431 3182 3570 3235 ἀπο-

1872 3270 2051 3323 λιπεῖν
2073 3313 2087 3336 ,
2143 3269 2277 3323 ἀλλὰ
2309 3269 2403 3323 νῦν
2463 3268 2663 3339 μᾶλλον
2695 3268 2727 3340 ἢ
2761 3268 3026 3340 πρότερον
3078 3268 3263 3332 κοινὰς
3293 3268 3564 3323 ποιεῖσθατ

1870 3357 1969 3421 τὰς
1999 3357 2304 3429 διατριϐάς.
2350 3356 2688 3413 ΧΡΥΣΟΣΤ.
2724 3355 2868 3425 Ἐγὼ
2901 3357 2958 3410 δὲ
3004 3357 3325 3428 μειδιάσας,
3370 3357 3477 3411 Καὶ
3514 3358 3568 3411 τί

1874 3447 2273 3520 συμϐαλέσθαι,
2299 3449 2457 3519 ἔφην,
2494 3447 2547 3500 τί
2576 3448 2634 3500 δέ
2671 3464 2729 3499 σε
2758 3447 2949 3516 ὀνῆσαι
2974 3447 3278 3517 δυνήσομαι
3303 3446 3442 3515 πρὸς
3473 3465 3566 3499 το-

1874 3539 2064 3593 σοῦτον
2094 3538 2437 3609 πραγμάτων
2472 3536 2673 3605 ϐγκον;
2720 3537 2867 3606 Πλὴν
2907 3536 3021 3589 ἀλλ’
3054 3535 3241 3606 ἐπειδή
3288 3552 3370 3588 σοι
3407 3535 3568 3590 τοῦτο

1872 3629 1992 3697 ἡδὺ,
2026 3628 2241 3698 θάρρει,
2269 3618 2314 3678 ὦ
2344 3625 2474 3696 φίλη
2505 3624 2717 3696 κεφαλή
2743 3642 2757 3655 ·
2793 3625 2884 3677 τὸν
2907 3625 3013 3696 γὰρ
3035 3624 3229 3695 καιρὸν
3264 3623 3383 3678 καθ’
3407 3625 3466 3677 ὃν
3500 3623 3567 3677 ἀν

1872 3717 1968 3788 ἐξῇ
1994 3734 2076 3770 σοι
2102 3715 2210 3768 τῶν
2237 3714 2447 3769 ἐκεῖθεν
2472 3713 2769 3783 φροντίδων
2792 3714 3077 3777 ἀναπνεῖν,
3108 3713 3204 3767 καὶ
3228 3712 3564 3783 παρέσομαι,

1874 3805 1969 3859 καὶ
2022 3801 2431 3875 παρακαλέσω,
2478 3804 2572 3854 καὶ
2621 3800 2730 3853 τῶν
2766 3801 2846 3863 είς
2895 3799 3125 3871 δύναμιν
3157 3799 3257 3871 τὴν
3291 3799 3431 3871 ἐμὴν
3476 3800 3567 3853 ἐλ-

1872 3892 2043 3962 λείψω
2070 3890 2096 3928 δ
2129 3893 2302 3945 οὐδέν.
2326 3890 2453 3943 Ἐπὶ
2474 3889 2687 3953 τούτοις
2719 3889 2883 3941 πλέον
2904 3890 3110 3953 ἐκεῖνος
3153 3889 3435 3960 δακρύσας
3466 3892 3566 3943 ἀν-

1878 3985 2125 4035 ίσειταται⁹
2156 3981 2267 4049 ἐγὼ
2295 3980 2352 4034 δὲ
2383 3978 2531 4050 αύτῷ
2557 3978 2899 4050 περιχυθεὶς,
2930 3977 3025 4031 καὶ
3057 3978 3437 4049 καταφιλήσας
3468 3980 3567 4050 τὴν

1874 4069 2115 4141 κεφαλὴν
2141 4110 2157 4134 ,
2190 4066 2555 4139 προύπεμπον
2576 4107 2591 4130 ,
2620 4065 2955 4141 παρακαλῶν
2993 4067 3259 4134 γενναίως
3288 4068 3479 4139 φέρειν
3506 4069 3567 4120 τὸ

1876 4157 2245 4229 συμϐεϐηκός.
2280 4155 2530 4209 Πιστεύω
2558 4155 2697 4227 γὰρ,
2723 4154 2882 4225 ἔφην,
2914 4154 2991 4225 τῷ
3020 4154 3311 4208 καλέσαντί
3345 4173 3403 4207 σε
3433 4155 3567 4225 Χρι-

1879 4246 1989 4318 στῷ
2008 4288 2021 4309 ,
2050 4248 2144 4299 καὶ
2170 4250 2284 4310 τοῖς
2318 4245 2468 4308 ίδίοις
2500 4246 2859 4313 ἐπιστήσαντι
2892 4243 3218 4314 προϐάτοις,
3245 4244 3326 4297 ὅτι
3362 4243 3566 4296 τοσαύ-

1872 4351 1973 4403 την
1996 4336 2060 4387 ἐκ
2088 4334 2187 4405 τῆς
2215 4333 2492 4395 διακονίας
2521 4330 2726 4401 ταύτης
2758 4331 2935 4403 κτήσῃ
2964 4330 3062 4401 τὴν
3097 4330 3413 4405 παρρησίαν
3433 4371 3447 4393 ,
3490 4331 3566 4393 ὡς

1874 4423 1968 4477 καὶ
2012 4424 2161 4493 ἡμᾶς
2202 4423 2345 4475 κατὰ
2388 4422 2487 4490 τὴν
2519 4408 2734 4490 ἡμέραν
2784 4419 3000 4490 ἐκείνην
3039 4417 3449 4483 κινδυνεύοντας
3485 4420 3566 4483 εἰς

1873 4511 1972 4582 τὴν
2003 4510 2223 4564 αἰώνιόν
2259 4528 2351 4563 σου
2382 4508 2636 4574 δέξασθαι
2666 4508 2892 4577 σκηνήν.

1940 4601 1965 4638 ε
1993 4599 2089 4648 Alii
2110 4598 2323 4657 ἑστάναι,
2349 4599 2532 4645 omisso
2549 4609 2661 4644 mox
2690 4594 2827 4650 εἶναι,
2858 4600 2911 4642 et
2931 4595 3001 4642 sic
3024 4590 3178 4657 savii.

1942 4660 1968 4698 ιι
1996 4659 2097 4710 Alii
2120 4651 2342 4723 ἐλλείψεὶ.
2365 4659 2420 4708 In
2443 4660 2541 4708 ﬁne
2560 4658 2747 4723 addunt
2767 4657 2965 4723 quida_m
2991 4655 3193 4723 codices
3216 4654 3341 4723 lianc
3372 4653 3471 4723 vel
3496 4651 3565 4723 si:

1874 4725 2043 4772 mllem
2075 4713 2369 4785 clausulam,
2382 4723 2544 4785 ,χάριτι
2576 4720 2658 4767 καὶ
2693 4713 3418 4785 οἰκτιρμοῖςτοῦφιλανθρώπου
3437 4713 3565 4785 6ιοῦ

1874 4738 2043 4772 mitem
2075 4738 2363 4779 etausmam,
2420 4738 2544 4785 αριτι
2576 4738 2658 4767 και
2693 4738 2953 4781 οικτιρμοις
2977 4738 3063 4765 του
3090 4738 3418 4827 Τιλανυρωπυις
3437 4738 3565 4786 mou

1874 4786 2052 4897 3:51;;
2062 4785 2102 4847 ᾧ
2123 4786 2294 4847 πρέπει
2319 4738 2451 4843 δὸἐὲι,
2473 4788 2572 4831 etc.
2595 4793 2741 4844 quam
2769 4781 2821 4828 in
2840 4785 2935 4829 tiue
2961 4780 3092 4828 homi
3116 4780 3270 4828 iarum
3294 4790 3472 4840 passm
3494 4790 3566 4827 VI-

1910 4860 2067 4896 emus.

1972 5023 3239 5044 -ο-οΜ-γ-ώζυὲῖ--ρῂ--υ--μ-υω
3280 5023 3459 5033 -σ--α

1621 5165 2024 5229 MONITUM.

201 5333 279 5392 tis.
311 5334 512 5388 nullam
555 5347 720 5404 posse
746 5318 1116 5397 cbrbnologiaa
1154 5329 1423 5384 rationem
1470 5329 1617 5385 duci.
1647 5326 1770 5383 Jam

201 5427 809 5484 saneostendimushoc
834 5424 1187 5495 computandi
1245 5438 1416 5494 genus
1481 5436 1771 5493 aggressos

205 5518 337 5573 viros
362 5521 553 5577 doctos
615 5519 930 5590 frequenter
995 5518 1182 5587 lapsos
1238 5531 1381 5570 esse.
1430 5513 1553 5569 Uno
1608 5514 1773 5569 verbo

206 5613 529 5680 concludam,
553 5624 841 5684 postquam
867 5611 1109 5666 vidimus
1131 5617 1361 5664 matrem
1388 5606 1770 5679 Chrysostomi

210 5703 286 5756 vix
310 5706 785 5778 quadragesimum
816 5705 1108 5775 septimum
1140 5703 1319 5757 aetatis
1354 5716 1556 5755 annum
1585 5715 1772 5756 emen-

207 5807 311 5850 nm
339 5813 396 5853 se
425 5808 585 5854 aetate
609 5806 952 5869 provectam,
979 5798 1382 5867 γεγηρακυῖαν,
1420 5803 1473 5848 et
1523 5793 1774 5862 sepulcro

104 5904 111 5961 ;
209 5894 495 5958 proximam
531 5894 737 5958 dicere,
768 5903 822 5948 et
847 5894 1026 5964 ipsum
1057 5890 1514 5963 Chrysostomum
1545 5888 1777 5958 quadra-

504 6011 778 6071 Ριτιιιςι..
822 6010 937 6072 Gn.
969 6009 1026 6069 ’Χ
1044 6007 1257 6069 LVIll.

1880 5328 2161 5400 genarinm
2190 5344 2249 5384 se
2286 5328 2646 5400 μειρακίσκον
2667 5367 2681 5391 ,
2711 5324 2993 5395 puerulum
3035 5324 3119 5377 vel
3163 5323 3460 5376 adolescen-

1879 5424 2091 5487 Iulum,
2144 5423 2455 5493 appellare,
2514 5422 2582 5477 ab
2635 5419 2951 5490 hujusmodi
3008 5416 3267 5486 temporis
3320 5414 3462 5470 notis

1877 5529 2109 5584 prorsus
2134 5515 2514 5587 abstineamus
2542 5521 2775 5583 oportet.

1950 5608 2144 5661 incerti
2166 5606 2452 5677 cujusdam
2490 5602 2992 5673 interpretationem
3025 5608 3108 5653 sat
3147 5606 3461 5653 accuratam

1876 5708 1931 5754 ct
1960 5700 2287 5769 elegantem,
2319 5699 2527 5769 aliquot
2580 5704 2765 5752 tamen
2825 5698 2878 5751 in
2926 5694 3063 5749 locis
3117 5690 3463 5747 emendatam

1878 5794 2228 5849 rctinuimus.

3073 5990 3143 6051 11
