4198 6324
1394 330 1456 384 S.
1506 330 1791 385 JOANNIS
1828 330 2317 385 (IIIRYSOSTOMI
2358 328 2678 384 ARCHIEP.
2721 330 3268 386 CONSTANTINOP.

3987 332 4078 389 139$

1486 887 2312 974 ΧΡΥΣΟΣΤΟΜΟΥ
2387 889 2782 976 OMIAIA
2856 890 3313 979 IIPQTH’.

763 1154 900 1204 Ὅτε
934 1151 1333 1218 πρεσϐύτερος
1374 1152 1813 1220 προεχειρίσθη,
1855 1155 1941 1216 εἰς
1980 1152 2217 1215 ἑαυτὸν,
2258 1152 2355 1205 καί
2386 1154 2473 1217 είς
2512 1152 2620 1205 τὸν
2660 1153 3021 1217 ἐπίσκοπον,
3059 1154 3157 1205 καὶ
3191 1155 3280 1217 είς
3313 1152 3378 1205 τὸ
3411 1150 3643 1219 πλῆθος
3680 1152 3790 1206 τοῦ
3822 1152 3989 1208 λαοῦ.

715 1805 782 1851 α’.
824 1795 973 1868 ’Δρα
1000 1794 1176 1865 ἀληθῆ
1204 1795 1270 1846 τὰ
1303 1793 1585 1863 συμϐάντα
1620 1797 1746 1866 περ)⁵
1772 1798 1947 1866 ήμᾶς;
1975 1797 2070 1848 καὶ
2096 1796 2317 1863 γέγονεν

646 1886 809 1948 ὅντως
840 1884 910 1937 τά
962 1882 1303 1952 γεγενημένα
1328 1921 1342 1943 ,
1370 1882 1464 1934 καὶ
1492 1882 1591 1933 οὐκ
1616 1882 2008 1952 ἐξηπατήμεθα
2032 1902 2046 1947 ;
2080 1884 2199 1935 οὐδέ
2222 1882 2319 1949 νὺξ

644 1970 713 2021 τά
759 1967 1002 2038 παρόντα
1041 1963 1135 2019 καὶ
1188 1966 1320 2035 δναρ
1342 2005 1355 2027 ,
1393 1964 1505 2017 ἀλλ’
1534 1966 1716 2036 ήμέρα
1766 1965 1935 2028 ὅντως
1972 1966 2002 2005 b
2036 1967 2189 2032 ἐστὶ,
2222 1967 2317 2022 καὶ

646 2054 1055 2127 ἐγρηγοροῦμεν
1097 2053 1372 2117 ἀπαντεςς
1409 2054 1518 2105 Καὶ
1542 2054 1624 2116 τίς
1656 2053 1722 2105 ἂν
1747 2052 1921 2106 ταῦτα
1952 2053 2315 2117 πιστεύσειεν,

643 2146 723 2197 ὅτι
752 2144 964 2214 ἡμέρας
984 2139 1154 2209 οὔσης
1176 2179 1192 2203 ,
1228 2140 1506 2209 νηφόντων
1547 2139 1849 2210 ἀνθρώπων
1888 2142 1982 2193 καὶ
2016 2141 2317 2211 ἐγρηγορό-

643 2248 772 2298 των,
806 2228 1159 2299 μειρακίσκος
1197 2226 1418 2297 εὐτελὴς
1463 2228 1556 2279 καὶ¹
1585 2228 1996 2298 ἀπερριμμένος
2022 2228 2157 2297 πρὸς
2186 2227 2317 2297 ὕψος

644 2319 819 2389 ἀρχῆς
862 2314 1133 2386 ἀνηνέχθη
1185 2312 1439 2366 τοσοῦτον
1470 2330 1485 2379 ;
1515 2313 1607 2366 Ἐν
1640 2313 1798 2366 νυκτὶ
1856 2315 1955 2381 μὲν
2009 2312 2118 2382 γὰρ
2165 2313 2317 2365 οὐδὲν

644 2405 873 2467 ἀπεικὸς
910 2403 980 2455 τὰ
1030 2400 1253 2454 τοιαῦτα
1279 2398 1619 2463 συμϐαίνειν.
1658 2400 1796 2469 Ἤδη
1825 2400 1955 2467 γοῦν
1993 2398 2146 2470 [437]
2175 2416 2317 2462 τινες

643 2489 703 2540 τὸ
730 2487 889 2556 σῶμα
920 2484 1191 2554 ἀνάπηροι
1217 2524 1232 2547 ,
1267 2484 1363 2536 καὶ
1391 2484 1525 2554 μηδέ
1552 2483 1650 2553 τῆς
1683 2483 1985 2549 ἀναγκαίας
2018 2482 2315 2552 εὐποροῦν-

642 2593 734 2638 τες
769 2574 975 2645 τροφῆς
999 2613 1014 2637 ,
1044 2571 1476 2642 καθευδήσαντες
1522 2566 1660 2623 εἶδον
1700 2572 1923 2632 ἐαυτοὺς
1961 2571 2181 2641 ἀρτίους
2226 2587 2316 2637 γε-

644 2662 976 2734 γενημένους
1000 2661 1094 2714 καὶ
1128 2659 1327 2723 καλοὺς
1359 2660 1453 2712 καὶ
1488 2660 1768 2729 τραπέζης
1796 2658 2173 2721 ἀπολαύοντας
2220 2658 2317 2727 βα-

648 2748 862 2818 σιλικῆς
878 2766 890 2778 ·
916 2748 1030 2801 ἀλλ’
1053 2743 1122 2819 ἦν
1145 2747 1311 2809 ὖπνος
1333 2747 1425 2800 καὶ
1448 2745 1674 2815 ὀνείρων
1694 2746 1877 2817 ἀπάτη
1899 2744 1970 2799 τὰ
1992 2746 2311 2815 φαινόμενα.

648 2835 757 2888 Καὶ
783 2834 893 2905 γὰρ
914 2833 1139 2904 τοιαύτη
1166 2833 1276 2885 τῶν
1300 2832 1593 2902 ὀνειράτων
1613 2834 1647 2902 ή
1678 2831 1838 2900 φύσις
1862 2850 1875 2862 ·
1902 2831 2207 2903 πανοῦργός
2231 2833 2315 2893 τίς

645 2925 760 2979 ἐστι
814 2922 909 2974 καὶ
962 2920 1279 2991 θαυμαστὴ,
1325 2920 1421 2973 καὶ
1471 2920 1584 2997 τοῖς
1619 2918 1941 2989 παραδόξοις
1993 2917 2316 2987 ἐντρυφῶσα

646 3008 843 3080 χαίρει.
888 3007 1030 3060 Ἀλλ’
1059 3006 1161 3061 οὐκ
1184 3010 1245 3060 ἐν
1293 2996 1676 3077 ήμέρᾳίταῦτα
1698 3046 1714 3071 ,
1738 3005 1860 3057 οὐδὲ
1889 3006 1975 3056 ἐπ’
2007 3005 2178 3073 αὐτῆς
2204 3002 2313 3055 τῶν

647 3094 989 3167 πραγμάτων
1014 3095 1111 3165 τῆς
1139 3094 1397 3162 ἀληθείας
1420 3092 1581 3146 τοῦτο
1607 3094 1749 3163 τάχα
1779 3092 2074 3162 συμϐαῖνον
2110 3092 2210 3143 ἴδοι
2236 3108 2320 3153 τις

644 3187 729 3239 iv.
766 3182 927 3237 Ἀλλά
958 3184 1137 3237 πάντα
1175 3180 1271 3234 νῦν
1307 3180 1505 3251 συνέϐη
1551 3182 1648 3233 καὶ
1672 3180 1863 3249 γέγονε
1889 3181 1984 3233 καὶ
2008 3179 2159 3241 τέλος
2184 3178 2317 3248 ἔχει,

648 3271 829 3334 καθὼς
864 3266 1142 3340 θεωρεῖτε,
1174 3267 1348 3322 ταῦτα
1368 3268 1434 3339 δὴ
1465 3268 1535 3321 τὰ
1561 3266 1668 3321 τῶν
1689 3267 1914 3338 ὀνείρων
1946 3267 2277 3335 ἀπιστότερα
2301 3280 2315 3293 °

645 3358 739 3409 καὶ
773 3357 925 3420 πόλις
959 3367 985 3395 ο
1020 3354 1163 3412 οὕτω
1192 3355 1403 3425 μεγάλη
1437 3355 1527 3407 καὶ
1570 3354 2029 3425 πολυάνθρωπος,
2063 3353 2235 3423 δῆμός
2260 3368 2318 3404 τε

648 3442 959 3513 θαυμαστὸς
1013 3442 1107 3499 καὶ
1155 3441 1330 3511 μέγας
1359 3441 1520 3511 ,πρὸς
1564 3441 1665 3511 τὴν
1718 3440 1994 3510 ἡμετέραν
2045 3437 2318 3489 εὐτέλειαν

647 3534 873 3599 κέχηνεν
896 3568 912 3592 ,
959 3529 1034 3591 ὡς
1083 3528 1224 3597 μέγα
1268 3546 1320 3580 τι
1367 3529 1462 3579 καὶ
1496 3529 1743 3596 γενναῖον
1774 3526 2140 3595 ἀκουσόμενος
2186 3524 2317 3594 παρ’

645 3617 825 3687 ήμῶν.
861 3615 1053 3673 Καίτοι
1084 3616 1177 3667 καὶ
1211 3616 1260 3667 εί
1289 3614 1431 3673 κατά
1468 3615 1593 3677 τοὺς
1626 3615 1886 3672 ἀεννάους
1916 3613 2108 3684 ἔρρεον
2155 3631 2319 3668 ποτα-

651 3706 817 3773 μοὺς,
847 3704 943 3759 καὶ
975 3705 1150 3774 πηγαὶ
1178 3704 1206 3743 ἀ
1241 3704 1417 3771 λόγων
1447 3702 1797 3779 ἐναπέκριντό
1832 3720 1933 3773 μου
1961 3702 2039 3773 τῷ
2068 3701 2317 3771 στόματι,

646 3792 915 3847 τοσούτων
942 3791 1137 3862 ἀθρόον
1167 3790 1580 3861 συνδραμόντων
1614 3790 1751 3860 πρὸς
1769 3790 1867 3859 τὴν
1896 3788 2157 3859 ἀκρόασιν
2183 3827 2197 3851 ,
2224 3805 2320 3841 τα-

647 3878 787 3948 χέως
812 3879 1079 3950 ἀνεστάλη
1111 3896 1201 3949 μοι
1224 3878 1304 3948 τῷ
1328 3876 1477 3947 φόϐῳ
1504 3878 1565 3929 τὸ
1594 3876 1828 3947 ῥεῖθρον,
1863 3878 1959 3929 καὶ
1981 3877 2319 3945 ἀνεχαίτισεν

648 3966 713 4020 ἂν
740 3967 822 4029 είς
848 3967 1090 4020 τούπίσω
1115 3966 1183 4020 τά
1214 3966 1432 4036 νάματα
1458 3982 1473 3996 ·
1511 3966 1641 4021 ὅταν
1672 3966 1729 4019 δὲ
1761 3965 1837 4035 μὴ
1867 3963 2150 4033 ποταμῶν,
2185 3963 2320 4033 μηδὲ

650 4054 843 4125 πηγῶν
874 4054 1032 4125 μόνον
1055 4094 1070 4117 ,
1104 4053 1238 4109 ἀλλά
1273 4053 1407 4124 μηδὲ
1437 4053 1671 4122 ψεκάδος
1701 4064 1725 4091 ε
1758 4051 2008 4115 εὐτελοῦς
2048 4049 2323 4115 διασώζω-

654 4158 752 4209 μεν
778 4141 995 4211 μέτρον,
1016 4140 1132 4203 πῶς
1156 4142 1217 4197 οὐ
1238 4140 1355 4203 δέος
1382 4140 1457 4211 μὴ
1478 4143 1570 4194 καὶ
1594 4140 1725 4194 αὐτὸ
1743 4140 1804 4192 τὸ
1829 4139 2025 4210 μικρὸν
2048 4138 2149 4208 τῆς
2173 4139 2322 4208 ἐπιρ-

653 4230 781 4299 ροῆς
814 4230 1038 4301 ἐπιλίπῃ
1070 4228 1149 4299 τῷ
1174 4230 1325 4299 φόϐῳ
1351 4229 1646 4300 ξηρανθέν,
1675 4223 1768 4281 καὶ
1795 4230 2019 4299 γένηται
2049 4227 2262 4292 ταύτὸν,
2289 4227 2319 4281 ὀ

652 4318 745 4371 καὶ
768 4318 979 4370 ἐπὶτῶν
1002 4317 1270 4387 σωμάτων
1294 4317 1612 4387 συμϐαίνειν
1628 4317 1785 4370 εἴωθε
1803 4333 1817 4381 ;
1832 4316 1898 4371 Τί
1919 4317 1974 4370 δὲ
1994 4315 2204 4384 γίνεται
2227 4314 2320 4366 ἐπὶ⁵

651 4405 759 4458 τῶν
785 4405 1083 4474 σωμάτων;
1109 4402 1287 4458 Πολλά
1320 4404 1580 4467 πολλάκις
1609 4404 1930 4474 κατέχοντες
1951 4406 2020 4473 τῇ
2042 4403 2206 4472 χειρὶ,
2229 4403 2323 4455 καὶ

651 4494 762 4555 τοῖς
786 4492 1068 4556 δακτύλοις
1088 4491 1246 4561 ἡμῶν
1276 4493 1612 4561 σφίγγοντες,
1642 4491 1968 4563 πτοηθέντες
2000 4491 2217 4545 ἅπαντα
2237 4491 2325 4555 ἐξ-

652 4580 908 4655 εχέαμεν,
934 4581 1318 4651 χαυνωθέντων
1342 4581 1497 4653 ἡμῶν
1524 4580 1635 4634 τῶν
1660 4581 1885 4652 νεύρων,
1914 4580 2011 4634 καὶ
2048 4579 2140 4632 τοῦ
2171 4578 2324 4631 τόνου

651 4667 750 4738 τῆς
774 4664 975 4737 σαρκὸς
1006 4667 1383 4736 χαλασθέντος.
1416 4668 1588 4722 Τοῦτο
1612 4668 1678 4739 δὴ
1700 4668 1817 4734 δέος
1848 4668 1924 4738 μὴ
1964 4666 2058 4721 καὶ
2087 4665 2325 4736 τήμερον

654 4756 880 4824 γένηται
912 4756 1005 4808 ἐπὶ
1032 4755 1129 4825 τῆς
1160 4754 1337 4826 ψυχῆς
1364 4756 1463 4826 τῆς
1499 4756 1797 4827 ἡμετέρας,
1828 4755 1922 4808 καὶ
1947 4753 1983 4807 ἀ
2023 4753 2162 4824 μετά
2193 4753 2327 4807 πολ-

654 4842 747 4896 λοῦ
797 4842 958 4894 πόνου
1012 4843 1385 4911 συνηγάγομεν
1436 4844 1564 4913 ὑμῖν
1610 4845 1857 4913 νοήματα
1880 4880 1897 4906 ,
1934 4842 2003 4895 τὰ
2048 4842 2220 4913 μικρά
2263 4841 2328 4912 δὴ

654 4929 830 4983 ταῦτα
866 4930 961 4983 καὶ
1002 4929 1214 5000 εὐτελῆ,
1254 4929 1360 4982 ὑπὸ
1402 4930 1504 4999 τῆς
1535 4930 1771 4998 ἀγωνίας
1815 4928 2094 4996 ἐλαθέντα,
2123 4926 2330 4999 φροῦδα

657 5019 981 5088 οίχήσηται,
1026 5017 1122 5070 καὶ
1155 5017 1262 5091 τὴν
1318 5017 1557 5070 διάνοιαν
1602 5016 1757 5088 ήμῶν
1788 5016 1808 5055 ί
1841 5017 2061 5087 ἐρήμην
2106 5014 2331 5069 καταλι-

660 5105 829 5157 πόντα
851 5104 1089 5174 ἀποπτῇ.
1121 5095 1426 5187 ιςιὸέδέομαι
1456 5104 1674 5157 πάντων
1703 5105 1902 5174 ὁμοίως
1933 5103 2108 5173 ὑμῶν,
2140 5103 2333 5175 ἀρχόν-

721 5241 740 5265 ⁸
759 5242 945 5293 Collata
967 5248 1047 5291 est
1066 5255 1177 5290 cum
1194 5242 1361 5291 codice
1381 5242 1515 5292 Colb.
1542 5243 1676 5293 1050.

723 5303 754 5342 δ
776 5302 962 5359 Ὄντως
987 5305 1134 5353 deest
1155 5306 1205 5351 in
1238 5305 1406 5353 codice
1425 5304 1563 5354 Colb.

721 5366 746 5394 θ
772 5364 913 5428 Ωοη),
930 5366 1085 5421 καθὼς
1104 5365 1235 5426 φατέ.
1256 5364 1419 5413 Ταῦτα
1434 5367 1513 5425 δὴ,
1530 5364 1681 5414 ταῦτα
1702 5367 1797 5414 τῶν
1814 5365 2065 5428 ὀνειράτων
2084 5368 2336 5416 ἀπιστότε-

662 5426 834 5489 ραχότι
856 5427 1008 5489 πόλις.

724 5484 755 5524 δ
776 5485 914 5536 Colb.
937 5485 1145 5551 ἀεννάοις
1166 5488 1353 5551 ῥέοντας
1368 5486 1629 5550 ποταμοὺς,
1652 5487 1819 5549 πηγαί.
1842 5486 1977 5536 Edit.
2013 5489 2234 5544 ἀεννάους
2254 5490 2331 5551 E43-

664 5552 768 5613 ῥισν
782 5549 1128 5613 εοεαμρρ,ς-ιειὶ
1145 5548 1310 5613 θεηταί·

726 5620 753 5679 ς
776 5607 922 5679 (12113.;
934 5609 1061 5679 ἀλλά
1077 5607 1304 5679 ψεκάδος.
1328 5608 1507 5679 μοτει.
1538 5613 1594 5657 et
1624 5609 1788 5679 ξεεινίιζ
1804 5610 1927 5679 ἀλλὰ
1962 5610 2083 5671 μηδέ
2108 5612 2330 5673 ψεκάδος.

670 5670 789 5721 Inﬁa
806 5668 953 5731 εφη),
966 5668 1238 5731 ἐπιλείπῃ...
1265 5672 1355 5731 καὶ.Δ
1365 5672 1554 5731 γένηται
1574 5670 1743 5728 ταῦτα,
1762 5671 1795 5717 ἃ
1814 5672 1911 5717 καί.

736 5731 754 5771 ί
780 5730 913 5781 Coll).
938 5728 1209 5788 ἐλασθέντα,
1242 5728 1421 5790 φροῦδα
1453 5732 1651 5792 οἴχεται,
1672 5734 1751 5780 καὶ
1772 5734 1859 5790 τὴν
1880 5733 2088 5779 διάνοιαν
2110 5732 2237 5791 ἡμῖν.

2420 1811 2527 1846 των
2570 1795 2663 1848 καὶ
2710 1793 3049 1862 ἀρχομένων,
3095 1793 3226 1861 ὅσην
3266 1795 3396 1863 ἡμῖν
3442 1794 3683 1863 ἀγωνίαν
3725 1794 4004 1849 ἐνεϐάλετε
4031 1797 4089 1866 τῇ

2420 1879 2689 1948 συνδρομῇ
2740 1882 2807 1949 τῇ
2849 1878 2989 1931 κατά
3030 1880 3129 1949 τὴν
3166 1880 3451 1950 ἀκρόασιν,
3499 1880 3750 1935 τοσοῦτον
3802 1882 4091 1952 ἐμπνεῦσαι

2418 1966 2650 2037 θάρσους
2680 1968 2809 2035 ήμῖν
2838 1964 2925 2017 διὰ
2956 1964 3058 2034 τῆς
3080 1966 3317 2033 σπουδῆς
3347 1966 3449 2035 τῆς
3492 1966 3631 2019 κατὰ
3660 1968 3760 2032 τάς
3793 1970 3978 2039 εὐχὰς,
4010 1970 4093 2022 καὶ

2416 2053 2673 2122 δεηθῆναι
2712 2052 2806 2105 τοῦ
2829 2052 3060 2113 διδόντος
3094 2053 3241 2122 ῥῆμα
3272 2056 3386 2116 τοῖς
3410 2042 3921 2126 εὐαγγελιζομένοις
3947 2057 4094 2109 δυνά-

2420 2157 2511 2209 μει
2542 2139 2733 2209 πολλῇ,
2767 2138 2953 2193 δοῦναι
2983 2140 3078 2192 καὶ
3108 2140 3238 2209 ἡμῖν
3268 2140 3426 2208 λόγον
3452 2142 3510 2194 ἐν
3547 2143 3747 2208 ἀνοίξει
3780 2143 3875 2197 τοῦ
3910 2146 4094 2214 στόμα-

2415 2243 2506 2289 τος
2537 2227 2713 2296 ήμῶν.
2754 2226 2979 2289 Πάντως
3006 2226 3134 2296 ὑμῖν
3164 2227 3324 2289 πόνος
3346 2228 3522 2289 οὐδεὶς
3550 2231 3826 2293 τοσούτοις
3865 2227 3986 2284 οὖσι
4007 2231 4090 2283 καὶ

2416 2312 2773 2381 τηλικούτοις,
2809 2312 2927 2373 ἐνὸς
2975 2313 3334 2381 μειρακίσκου
3372 2313 3550 2384 ψυχὴν
3597 2316 3678 2384 τῷ
3720 2316 3875 2387 φόϐῳ
3923 2317 4091 2369 διαλυ-

2418 2399 2602 2451 θεῖσαν
2643 2398 2963 2466 ἐπισφίγξαι
3012 2398 3207 2451 πάλιν·
3248 2398 3446 2452 δίκαιοι
3493 2401 3552 2453 δὲ
3598 2401 3663 2454 ἀν
3706 2403 3858 2472 εἴητε
3906 2403 4094 2470 ταύτην

2416 2488 2547 2556 ἡμῖν
2573 2487 2879 2555 παρασχεῖν
2920 2483 3018 2554 τὴν
3056 2484 3293 2554 αἴτησιν,
3328 2488 3451 2539 ἐπεὶ
3487 2488 3582 2540 καὶ
3627 2488 3693 2539 δι’
3723 2490 3871 2558 ὑμᾶς
3894 2491 3985 2542 τὸν
4012 2491 4095 2543 κύ.

2416 2572 2510 2625 ϐον
2543 2571 2914 2644 ἀνερρίψαμεν
2967 2570 3175 2634 τοῦτον,
3230 2572 3295 2623 δι’
3340 2573 3484 2642 ὑμᾶς
3532 2573 3625 2625 καὶ
3673 2574 3775 2645 τὴν
3830 2576 4093 2646 ὑμετέραν

2421 2661 2665 2730 ἀγάπην,
2690 2655 2757 2729 ἧς
2786 2658 2937 2710 οὐδὲν
2969 2657 3288 2729 βιαιότερον,
3315 2659 3435 2711 οὐδὲ
3457 2661 3951 2732 τυραννικώτερον,
3976 2664 4093 2715 ὅπου

2417 2766 2480 2816 γε
2522 2748 2617 2800 καὶ
2659 2748 2808 2815 ἡμᾶς
2859 2745 2918 2796 οὐ
2968 2745 3115 2813 μάλα
3163 2745 3443 2817 ἐμπείρως
3484 2746 3707 2817 ἔχοντας
3751 2750 3850 2801 τοῦ
3896 2749 4091 2817 λέγειν,

2416 2836 2593 2903 λέγειν
2636 2835 2918 2901 ἀνέπεισε,
2959 2833 3052 2885 καὶ
3099 2833 3235 2903 πρὸς
3277 2833 3339 2885 τὸ
3371 2834 3470 2903 τῆς
3501 2835 3854 2899 διδασκαλίας
3900 2838 4093 2891 στάδιον

2415 2920 2784 3000 ἀποδύσασθαι
2842 2919 3261 2990 παρεσκεύασε,
3325 2921 3502 2973 καίτοι
3554 2922 3779 2993 μηδέπω
3846 2925 4096 2994 πρότερον

2416 3010 2622 3063 τούτων
2682 3009 3000 3078 ἁψαμένους
3050 3007 3158 3061 τῶν
3210 3007 3629 3078 παλαισμάτων,
3663 3010 3779 3063 ἀλλ’
3834 3012 3924 3065 ἀεὶ
3975 3012 4097 3083 μετὰ

2419 3098 2528 3150 τῶν
2552 3096 2835 3166 ἀκροατῶν
2874 3096 3256 3165 ταττομένους,
3300 3098 3396 3149 καὶ
3434 3097 3535 3166 τῆς
3580 3098 3942 3169 ἀπράγμονος
3973 3101 4098 3151 ἀπο-

2419 3186 2682 3247 λαύοντας
2701 3184 2953 3255 ήσυχίας.
2988 3183 3151 3236 Ἀλλά
3178 3183 3263 3246 τίς
3290 3184 3433 3236 οὕτω
3470 3183 3704 3255 σκληρὸς
3737 3188 3833 3247 καὶ
3863 3187 4098 3254 δυσάγωο

2418 3290 2539 3341 γος,
2564 3271 2641 3334 ὡς
2664 3270 2755 3325 τὸν
2780 3272 3045 3341 ὑμέτερον
3080 3270 3339 3337 σύλλογον
3364 3275 3491 3343 σιγῇ
3521 3273 3836 3343 παρελθεῖν,
3866 3276 3963 3329 καὶ
3988 3275 4099 3345 θερε-
4144 3298 4145 3343 ;

2424 3361 2557 3431 μοὺς
2606 3357 2781 3428 εὑρὼν
2832 3358 3151 3428 ἀκροάσεως
3198 3358 3458 3428 ἐραστὰς,
3496 3360 3570 3430 μὴ
3609 3364 3957 3430 προσειπεῖν.
4012 3360 4099 3414 κᾶν

2418 3448 2676 3501 ἁπάντων
2695 3446 2793 3499 ἀνθ
2804 3444 2998 3515 ρώπων
3024 3446 3364 3516 ἀφωνότερος
3384 3444 3539 3518 [438]
3625 3466 3640 3512 ;
3659 3448 4002 3520 Ἐϐουλόμην
4019 3446 4098 3501 οὖν

2421 3533 2637 3605 πρῶτον
2671 3533 2727 3583 ἐν
2756 3533 3054 3602 Ἐκκλησία
3084 3531 3292 3601 μέλλων
3319 3532 3537 3600 ἀφιέναι
3566 3533 3746 3601 λόγον,
3781 3537 3899 3589 τῶν
3932 3552 4097 3606 προοι-

2424 3622 2561 3691 μίων
2592 3618 2939 3690 ἀπάρξασθαι
2988 3619 3066 3689 τῷ
3110 3620 3209 3689 τὴν
3249 3620 3503 3687 γλῶσσαν
3539 3622 3671 3690 ἡμῖν
3704 3621 3918 3693 ταύτην
3951 3622 4097 3675 δεδωο

2420 3708 2537 3761 κότι
2564 3707 2684 3777 Θεῷ
2703 3724 2716 3736 ·
2746 3708 2841 3759 καὶ⁴
2870 3706 2978 3775 γὰρ
3008 3705 3181 3767 οὓτως
3211 3705 3338 3758 ἔδει.
3373 3706 3450 3758 Οὐ
3476 3707 3585 3778 γάρ
3615 3708 3681 3777 δὴ
3714 3708 3881 3777 μόνον
3910 3708 4098 3769 ἆλωνος

2420 3796 2514 3847 καὶ
2537 3794 2720 3864 ληνοῦ,
2748 3793 2883 3846 ἀλλά
2911 3795 3003 3845 καὶ
3026 3794 3201 3860 λόγων
3227 3793 3570 3862 ἀπάρχεσθαι
3595 3794 3675 3845 δεῖ
3705 3795 3783 3865 τῷ
3816 3794 3988 3866 λόγῳ,
4020 3798 4099 3847 καὶ

2419 3880 2591 3949 λόγων
2616 3880 2796 3951 πολλῷ
2822 3880 3041 3951 μᾶλλον,
3068 3880 3102 3950 ἢ
3136 3881 3484 3949 δραγμάτων.
3522 3882 3631 3934 Καὶ
3653 3882 3764 3953 γὰρ
3790 3885 3892 3935 καὶ
3923 3887 4049 3953 ἡμῖν
4076 3885 4098 3921 ⁸

2419 3969 2747 4039 οἰκειότερος
2777 3963 2934 4030 οὗτος
2988 3969 3018 4021 ὁ
3044 3968 3276 4036 καρπὸς,
3321 3965 3414 4020 καὶ
3458 3968 3611 4039 αὐτῷ
3651 3972 4101 4043 προσφιλέστερος

2418 4055 2497 4126 τῷ
2526 4055 2823 4125 τιμωμένῳ
2839 4053 2986 4125 Θεῷ.
3022 4054 3228 4127 Βότρυν
3260 4057 3357 4124 μὲν
3396 4056 3503 4127 γὰρ
3542 4057 3636 4108 καὶ
3666 4056 3915 4128 άσταχυν
3952 4058 4100 4126 λαγόη

2421 4159 2508 4205 νες
2536 4142 2827 4212 ἐκφέρουσι
2859 4141 2983 4210 γῆς,
3013 4142 3106 4193 καὶ
3143 4141 3434 4211 τρέφουσιν
3466 4141 3997 4214 ὀμϐρωνιέπιρροαὶ,
4022 4145 4101 4197 καὶ

2421 4228 2673 4299 γηπόνων
2731 4226 3093 4299 θεραπεύουσι
3136 4230 3350 4299 χεῖρες’
3407 4228 3576 4297 ὕμνον
3625 4228 3684 4280 δὲ
3732 4230 3885 4298 ἱερὸν
3942 4232 4101 4284 τίκτει

2426 4318 2523 4387 μὲν
2551 4315 2807 4394 εὐλάϐεια
2835 4316 3036 4386 ψυχῆς,
3065 4317 3256 4387 τρέφει
3279 4316 3335 4368 δὲ
3365 4318 3605 4379 συνειδὸς
3646 4318 3877 4385 ἀγαθὸν,
3908 4318 4101 4389 δέχεται

2424 4406 2481 4457 δὲ
2520 4406 2601 4466 εῑς
2646 4406 2715 4456 τά
2753 4407 2976 4474 ταμιεῖα
3011 4404 3122 4457 τῶν
3166 4404 3412 4474 οὐρανῶν
3447 4405 3475 4457 ὁ
3523 4404 3677 4465 Θεός.
3704 4406 3863 4477 Ὅσῳ
3916 4406 3973 4459 δὲ
4017 4406 4103 4473 γῆς

2424 4490 2663 4560 ἀμείνων
2699 4489 2868 4559 ψυχὴ,
2914 4487 3157 4559 τοσούτῳ
3200 4489 3296 4541 καὶ
3348 4488 3485 4560 αῦτη
3540 4487 3769 4559 βελτίων
3816 4491 4037 4561 ἐκείνης
4076 4491 4103 4557 ή

2426 4578 2587 4647 φορά.
2617 4577 2719 4629 Διά
2740 4594 2821 4629 τοι
2854 4576 3013 4629 τοῦτο
3052 4576 3149 4628 καὶ
3187 4575 3295 4627 τῶν
3334 4575 3629 4646 προφητῶν
3661 4595 3769 4640 τις,
3814 4580 3961 4649 ἀνὴρ
3992 4578 4105 4631 θαυ·

2430 4660 2633 4732 μαστὸς
2661 4660 2755 4713 καὶ
2776 4654 2968 4729 μέγας,
3000 4660 3161 4731 Ὠσηὲ
3184 4659 3355 4730 ὄνομα
3377 4660 3545 4730 αὐτῷ,
3566 4663 3682 4725 τοῖς
3703 4662 3784 4731 τῷ
3810 4663 3934 4732 Θεῷ
3956 4665 4104 4733 προσ-

2428 4750 2751 4821 κεκρουκόσι
2812 4748 2906 4800 καὶ
2963 4748 3246 4817 μέλλουσιν
3313 4748 3469 4800 ἴλεων
3522 4752 3897 4819 καταστήσειν
3962 4750 4105 4803 αὐτὸν

2429 4838 2685 4907 παραινεῖ
2712 4835 2898 4907 φέρειν
2936 4836 3055 4905 μεθ’
3087 4835 3298 4888 ἑαυτῶν
3334 4837 3384 4897 δ,
3410 4837 3530 4907 οὐχὶ
3570 4836 3707 4906 βοῶν
3746 4839 3972 4906 ἀγέλας,
4003 4838 4103 4891 οὐδὲ

2431 4924 2763 4995 σεμιδάλεως
2813 4923 2989 4994 μέτρα
3035 4924 3171 4977 τόσα
3223 4925 3318 4976 καὶ
3361 4924 3514 4988 τόσα,
3572 4925 3695 4977 οὐδέ
3738 4929 3983 5001 τρυγόνα
4027 4927 4105 4979 καὶ

2431 5011 2774 5083 περιστερὰν,
2807 5012 2927 5064 οὐδὲ
2960 5011 3088 5064 ἀλλο
3117 5029 3170 5063 τι
3205 5012 3312 5064 τῶν
3341 5012 3598 5064 τοιούτων
3634 5012 3790 5065 οὐδέν
3813 5029 3829 5043 ο
3864 5015 4001 5067 ἀλλά
4026 5014 4104 5077 τίς

2432 5101 2643 5169 Φέρετε
2677 5099 2808 5168 μεθ’
2850 5098 3084 5152 ἑαυτῶν
3115 5102 3361 5167 λόγους,
3413 5099 3569 5169 φησί.
3621 5100 3734 5152 Καὶ
3791 5103 3925 5155 ποία
3969 5100 4106 5155 θυσία

2432 5188 2624 5255 λόγος;
2658 5186 2787 5248 ἴσως
2829 5185 2973 5237 εἴποι
3009 5203 3092 5248 τις
3136 5186 3223 5239 ἄν.
3270 5186 3516 5255 Μεγίστη
3556 5187 3658 5255 μὲν
3695 5181 3814 5250 οὖν,
3847 5189 4103 5257 ἀγαητέ,

2435 5276 2529 5327 καὶ
2564 5272 2888 5343 σεμνοτάτη,
2918 5271 3011 5324 καὶ
3039 5271 3149 5324 τῶν
3178 5271 3353 5325 ἀλλων
3377 5271 3604 5324 ἀπασῶν
3629 5271 3881 5341 βελτίων.
3910 5274 4016 5327 Καὶ
4039 5272 4106 5334 τίς

2436 5358 2609 5415 ταῦτά
2659 5374 2856 5429 φησιν;
2903 5358 3074 5419 Αὐτὸς
3118 5360 3147 5410 ό
3188 5358 3361 5413 ταῦτα
3409 5358 3646 5429 μάλιστα
3702 5361 3927 5416 πάντων
3974 5360 4105 5422 είδὼς

2437 5446 2699 5518 ἀκριϐῶς,
2748 5447 2777 5497 ό
2826 5447 3071 5513 γενναῖος
3115 5446 3210 5497 καὶ
3263 5446 3437 5515 μέγας
3484 5447 3669 5501 Δαυῖδ,
3720 5448 3816 5519 Τῷ
3864 5449 3974 5520 γὰρ
4008 5446 4105 5515 Θεῷ

2442 5551 2571 5587 ποτε
2604 5534 3000 5605 εὐχαριστήρια
3028 5531 3172 5585 θύων
3203 5534 3297 5586 ἐπὶ
3336 5534 3462 5606 νίκῃ
3509 5534 3750 5605 πολέμου
3786 5536 4106 5611 γεγενημένη

2508 5675 2533 5737 β
2718 5673 3018 5737 δραγμάτων,
3047 5674 3149 5737 ὅσῳ
3166 5674 3248 5721 καὶ
3265 5674 3395 5736 ἡμῖν.

2509 5710 2691 5784 ιιέὄὶιῖξ
2716 5710 3447 5799 ςέἓῷὲιῗῦἑὶἷὲὲὧζῖιιῖέξὲὲ”ἑ”ἰὶὲθ’
3470 5710 3665 5789 ἑαυτου.
