4158 6316
643 386 753 440 (395

650 511 894 564 actiones
933 503 1237 561 immolaret
1258 515 1354 571 pro
1382 499 1603 563 victoria
1627 512 1785 568 quam
1825 511 1892 551 ex
1920 496 2074 551 hoste
2098 491 2240 548 tuleo

649 610 774 667 rat,
807 599 876 654 ita
907 596 1073 652 ferme
1102 594 1368 664 loquitur:
1400 588 1645 644 Laudabo
1675 605 1855 667 nomen
1884 578 1984 639 Dei
2009 585 2108 640 mei
2127 601 2244 639 cum

646 661 846 748 cantico
874 707 893 746 :
918 661 1252 760 magniﬁcabo
1278 703 1391 740 eum
1430 685 1483 737 in
1515 683 1665 736 laude
1690 679 1806 753 (Ps.
1839 661 1930 736 68.
1975 679 2090 746 51).
2119 677 2241 731 Mox

652 786 808 855 hujus
837 782 1079 839 sacrificii
1103 780 1461 850 praestantiam
1495 775 1649 830 nobis
1684 773 1963 840 aperiens,
1988 769 2237 840 subjecit,

650 879 716 933 Et
748 876 963 949 placebit
995 873 1099 928 Deo
1130 888 1286 941 supra
1313 869 1523 923 uitulum
1564 865 1816 919 novellum
1842 903 1854 926 ,
1883 878 2074 916 cornua
2121 876 2240 929 pro-

650 973 915 1026 ducentem
944 977 990 1021 et
1031 964 1249 1035 ungulas
1276 960 1380 1034 (Ib.
1427 975 1475 1013 υ.
1505 957 1618 1024 '52).
1662 955 1952 1024 Cupiebam
1996 953 2154 1021 igitur
2185 959 2240 1004 et

648 1065 762 1132 ipse
804 1059 965 1115 hodie
995 1057 1090 1110 bas
1112 1062 1346 1110 mactare
1375 1052 1615 1105 victimas
1634 1091 1647 1112 ,
1695 1058 1748 1102 ct
1777 1046 1942 1100 altare
1964 1043 2239 1113 spirituale

647 1155 796 1208 hisce
821 1157 1100 1206 cruentare
1140 1145 1333 1201 hostiis
1354 1184 1368 1207 ,
1396 1143 1489 1196 sed
1525 1140 1650 1212 quid
1708 1137 1938 1193 faciam?
1969 1135 2063 1190 Vir
2116 1133 2235 1203 qui-

645 1249 769 1299 dam
797 1223 1014 1313 sapiens
1030 1240 1243 1294 obturat
1263 1235 1392 1292 mihi
1411 1250 1493 1300 os,
1513 1233 1851 1300 deterretque
1870 1229 2056 1284 dicens
2079 1244 2091 1279 :
2115 1225 2236 1279 Non

645 1346 717 1391 est
753 1335 978 1405 speciosa
999 1333 1110 1386 laus
1137 1331 1189 1384 iu
1219 1342 1306 1383 ore
1328 1325 1604 1396 peccatoris
1626 1322 1814 1396 (Eccli.
1841 1323 1924 1376 15.
1941 1319 2018 1391 9).
2037 1318 2236 1385 Quem-

641 1426 934 1481 admodum
978 1421 1120 1477 enim
1173 1419 1226 1474 in
1275 1416 1488 1472 coronis
1518 1431 1624 1469 non
1665 1423 1746 1468 sat
1784 1421 1864 1467 est
1908 1410 2066 1465 ﬂores
2119 1424 2236 1464 esse

647 1533 808 1589 puros
829 1561 842 1580 ,
885 1516 986 1569 nisi
1015 1528 1142 1584 pura
1173 1512 1242 1565 sit
1277 1519 1331 1564 et
1364 1522 1554 1563 manus
1594 1521 1689 1588 eas
1733 1513 2056 1558 contexens:
2080 1502 2157 1555 sic
2183 1509 2237 1554 et

647 1616 697 1664 in
721 1607 890 1664 sacris
935 1605 1146 1675 hymnis
1171 1608 1382 1673 oportet
1411 1615 1516 1652 non
1549 1597 1708 1651 verba
1733 1605 1934 1649 tantum
1959 1608 2087 1648 esse
2108 1592 2195 1661 pia
2215 1632 2232 1656 ,

651 1698 1001 1754 verunietiam
1026 1695 1259 1748 animum
1285 1691 1513 1764 hymnos
1535 1687 2007 1743 concinentem.At
2033 1684 2077 1738 is
2104 1684 2232 1737 mihi

647 1796 885 1862 impurus
928 1799 1012 1844 est
1037 1830 1050 1854 ,
1078 1788 1286 1841 ﬁducia:
1314 1800 1512 1839 vacuus
1547 1824 1559 1847 ,
1599 1791 1780 1851 utpote
1809 1780 2094 1858 multorum
2122 1777 2237 1850 ple-

645 1902 745 1941 nus
789 1887 1073 1940 scelerum.
1106 1882 1272 1935 Porro
1315 1879 1393 1933 sic
1431 1877 1636 1932 allectis
1668 1891 1771 1929 nou
1805 1875 1918 1928 haec
1945 1873 2104 1927 modo
2150 1873 2232 1925 lex

643 1979 857 2034 obturat
887 1991 949 2030 os
970 2017 985 2040 ,
1016 1972 1363 2028 verumetiam
1386 1969 1488 2024 alia
1531 1966 1773 2037 quaedam
1815 1965 1902 2020 illa
1931 1964 2193 2018 vetustior
2215 2003 2230 2025 ,

643 2084 697 2126 et
725 2078 851 2125 ante
887 2050 1030 2123 illam
1078 2067 1184 2120 lata
1209 2106 1225 2130 ,
1250 2078 1409 2133 quam
1455 2071 1508 2115 et
1565 2061 1736 2131 ipsam
1787 2057 1984 2126 adjecit
2028 2056 2072 2110 is
2095 2096 2109 2122 ,
2142 2054 2234 2124 qui

645 2164 803 2220 modo
835 2161 988 2216 nobis
1027 2159 1095 2214 de
1143 2155 1703 2224 sacriﬁciisvloquutus
1752 2159 1835 2206 est
1872 2149 2056 2204 David.
2100 2147 2232 2202 Cum

641 2258 784 2311 enim
831 2255 937 2308 ait:
962 2252 1194 2306 Laudate
1219 2250 1490 2304 Dominum
1512 2248 1574 2301 de
1600 2248 1736 2301 uelis
1761 2288 1774 2311 ,
1807 2244 2010 2299 laudate
2036 2260 2151 2298 eum
2180 2243 2233 2294 in

643 2351 850 2404 excelsis
878 2346 1049 2417 (Psal.
1082 2344 1206 2400 MS.
1237 2342 1290 2414 l)
1319 2360 1332 2398 :
1360 2351 1415 2397 et
1460 2341 1618 2410 paulo
1643 2348 1763 2410 post
1793 2353 1976 2392 rursus
1998 2337 2184 2391 dicens
2217 2353 2229 2389 :

649 2439 873 2494 Laudate
902 2436 1175 2491 Dominum
1218 2436 1282 2488 de
1334 2441 1467 2487 terra
1496 2448 1516 2487 :
1558 2447 1679 2486 cum
1722 2438 2002 2499 utramque
2049 2429 2234 2482 invitat

643 2539 972 2596 creaturam,
1005 2536 1059 2582 et
1088 2540 1444 2597 qum-sursum
1476 2530 1578 2589 est,
1607 2531 1662 2577 et
1685 2537 1802 2592 qua:
1831 2519 2061 2585 inferne,
2109 2535 2232 2573 seno

641 2623 850 2677 sibilem
873 2629 1032 2690 atque
1059 2616 1444 2686 iutclligibilem
1465 2658 1479 2682 ,
1511 2614 1853 2682 conspicuam
1883 2622 1936 2666 et
1967 2612 2234 2679 inconspi-

638 2729 816 2778 cuam,
860 2727 981 2782 quae
1009 2725 1170 2780 supra
1211 2708 1372 2763 cazlos
1400 2715 1482 2760 est
1509 2715 1565 2760 et
1607 2721 1726 2775 qua:
1756 2704 1856 2758 sub
1885 2705 2018 2758 caelo
2043 2743 2057 2767 ,
2090 2712 2144 2756 et
2170 2717 2233 2756 ex

644 2817 865 2876 utraque
909 2804 1132 2858 chorum
1176 2801 1451 2856 constituit
1508 2813 1707 2862 unum;
1751 2805 1909 2865 atque
1963 2795 2032 2848 ita
2082 2794 2235 2865 jubet

646 2896 855 2968 hymnis
903 2895 1174 2950 celebrare
1227 2907 1406 2962 regem
1460 2891 1863 2953 universorum,
1899 2902 2232 2957 nequaquam

643 2988 886 3044 invitavit
922 2994 1294 3057 peccatorem,
1343 2982 1439 3037 scd
1487 2990 1541 3035 et
1579 2981 1665 3035 hic
1696 2981 1771 3034 illi
1805 2980 1942 3034 fores
1987 2978 2231 3034 occlusit.

711 3082 767 3135 '2.
801 3078 1048 3132 l’cccator
1093 3077 1159 3130 ad
1190 3074 1505 3129 laudandum
1544 3072 1708 3126 Deum
1735 3089 1836 3126 non
1882 3079 2134 3125 evocatur.
2166 3099 2236 3109 —

641 3174 929 3236 Caeterum,
966 3181 1021 3225 ut
1063 3170 1214 3225 vobis
1245 3169 1383 3239 quod
1423 3167 1546 3221 dico
1579 3168 1666 3220 liat
1713 3165 2032 3229 evidentius,
2060 3165 2234 3234 ipsum

647 3266 906 3334 psalmum
964 3264 1032 3319 ab
1080 3263 1229 3317 initio
1259 3261 1407 3321 vobis
1453 3259 1823 3329 praelegemus.
1860 3257 2090 3310 Laudate
2129 3254 2238 3309 Do-

627 3335 835 3413 ‘minum
879 3359 944 3412 de
993 3351 1161 3422 cretis,
1207 3355 1414 3409 laudate
1479 3369 1592 3407 eum
1648 3352 1701 3405 in
1743 3351 1984 3414 excelsis;
2033 3349 2239 3404 laudate

645 3468 760 3504 eum
809 3465 980 3502 eomes
1020 3448 1185 3517 angeli
1222 3447 1372 3516 ejus;
1401 3445 1605 3498 laudate
1640 3460 1752 3495 eum
1798 3458 1967 3495 omnes
2020 3440 2237 3495 Virtutes

643 3545 774 3614 ejus.
819 3541 978 3596 Vides
1027 3539 1246 3610 angelos
1277 3536 1597 3592 laudantes?
1647 3535 1796 3590 vides
1848 3533 2236 3602 archangelos?

645 3637 795 3691 vides
831 3633 1116 3689 Cherubim
1142 3640 1198 3687 et
1223 3629 1503 3699 Seraphim
1525 3670 1540 3693 ,
1567 3643 1803 3682 summas
1830 3626 1947 3680 illas
1977 3625 2237 3680 virtutes?

643 3730 776 3784 Cum
807 3727 951 3783 enim
978 3727 1072 3792 ait,
1105 3724 1290 3778 Omnes
1328 3721 1546 3776 Virtutes
1576 3722 1704 3793 ejus,
1737 3719 2042 3778 universum
2070 3733 2238 3788 p0pu-

646 3822 752 3875 lum
780 3819 1050 3874 caelestem
1095 3815 1493 3885 complectitur.
1521 3801 1962 3870 Numcubi'vides
1995 3820 2240 3880 peccato-

645 3913 804 3969 rcm?
853 3912 920 3966 Et
948 3910 1217 3981 quomodo
1245 3952 1260 3976 ,
1293 3907 1486 3963 dixerit
1541 3907 1766 3977 aliquis,
1798 3907 1849 3961 in
1876 3905 2010 3961 crelo
2057 3905 2241 3960 videre

648 4006 906 4075 possum?
932 4005 1068 4074 Ergo
1098 4018 1194 4071 age
1223 4002 1274 4055 in
1308 4010 1502 4056 terram
1533 3999 1922 4055 descendamus
1950 4040 1964 4064 ,
1991 3999 2059 4054 ad
2103 3999 2239 4054 alte-

649 4114 760 4152 ram
788 4097 934 4166 chori
968 4104 1171 4166 partem
1209 4103 1544 4155 transeuntes
1566 4135 1578 4155 ,
1610 4107 1709 4146 nec
1754 4091 1838 4145 hic
1868 4106 2053 4145 rursus
2085 4091 2239 4145 vide-

650 4190 729 4244 liis
771 4197 1128 4259 peccatorem.
1174 4184 1403 4238 Laudate
1432 4184 1708 4238 Dominum
1737 4183 1799 4236 de
1828 4193 1961 4236 terra
1999 4183 2242 4236 dracones

648 4291 695 4334 et
744 4295 915 4333 omnes
948 4278 1154 4349 abyssi,
1187 4277 1356 4330 bestia:
1407 4285 1453 4329 et
1495 4277 1661 4353 omnia
1690 4291 1905 4345 pecora,
1937 4275 2138 4344 reptilia
2195 4285 2242 4328 et

649 4373 1136 4440 rolucres'pennataa
1161 4367 1282 4440 (Ps.
1316 4369 1438 4424 “8.
1491 4368 1605 4440 10).
1642 4368 1789 4422 Haud
1847 4368 2039 4422 frustra
2069 4383 2242 4437 neque

651 4476 852 4519 temere
876 4505 891 4531 ,
924 4466 1050 4518 dum
1082 4461 1196 4516 haec
1225 4463 1416 4531 loquor
1439 4503 1453 4526 ,
1487 4461 1748 4515 intersilui
1780 4479 1792 4513 :
1817 4461 1936 4530 quia
1966 4469 2020 4514 et
2050 4461 2242 4515 mentis

649 4557 898 4629 cogitatio
938 4565 1081 4611 metu
1122 4553 1345 4610 confusa
1376 4564 1489 4619 est,
1521 4553 1587 4608 ad
1614 4569 1823 4607 amaras
1868 4568 2036 4623 usque
2067 4553 2241 4624 lacry-

653 4665 767 4705 unas
793 4661 1116 4719 gravemque
1144 4645 1397 4716 ejulatum
1427 4644 1538 4700 fere
1581 4645 1856 4714 perducta.
1885 4644 2021 4712 Quid
2075 4645 2240 4712 enim,

650 4743 878 4797 obsecro
903 4782 918 4806 ,
969 4740 1140 4811 possit
1158 4723 1285 4794 esse
1313 4737 1722 4794 miserabilius?
1750 4737 1988 4807 Scorpii,
2021 4751 2244 4807 serpen-

651 4847 731 4890 tes
767 4848 832 4888 ac
855 4833 1118 4888 dracones
1147 4832 1435 4885 invitantur
1463 4831 1528 4885 ad
1562 4830 1882 4886 laudandum
1911 4847 2032 4888 eum
2064 4847 2095 4886 a
2139 4847 2244 4901 quo

651 4926 852 4983 conditi
897 4934 1022 4980 sunt
1049 4943 1062 4980 :
1089 4924 1237 4990 solus
1283 4932 1536 4996 peccator
1582 4924 1784 4980 ab'hac
1845 4941 1995 4981 sacra
2047 4926 2245 4982 chorea

653 5024 933 5077 submotus
973 5027 1091 5084 est,
1134 5017 1296 5088 idque
1338 5018 1457 5089 jure
1487 5018 1709 5087 optimo.

726 5111 1000 5168 Peccatum
1026 5111 1162 5166 mala
1193 5112 1367 5166 bestia.
1390 5110 1616 5165 ——Mala
1654 5121 1708 5165 et
1747 5111 1908 5167 ell‘era
1950 5110 2118 5166 bestia
2166 5124 2249 5165 est

662 5214 965 5275 peccatum,
997 5218 1106 5258 non
1133 5202 1347 5274 quidem
1388 5203 1443 5257 in
1466 5217 1726 5258 conserva
1775 5218 1998 5273 corpora
2050 5204 2249 5257 malum

662 5297 958 5369 proferens,
1008 5295 1105 5354 sed
1147 5296 1199 5352 in
1235 5297 1410 5369 ipsam
1449 5297 1662 5353 Domini
1705 5298 1926 5369 gloriam
1972 5295 2252 5353 ellundens

664 5390 916 5446 malitiam
937 5408 950 5444 :
971 5389 1191 5462 Pmpter
1209 5407 1317 5456 vos,
1349 5389 1552 5461 inquit,
1599 5406 1781 5445 nomen
1822 5407 1990 5444 meum
2016 5390 2252 5461 blasphe-

665 5489 843 5532 matur
876 5479 930 5531 in
955 5478 1193 5548 gentibus
1225 5477 1383 5548 (lsai.
1422 5479 1512 5533 52.
1545 5478 1615 5547 5;
1648 5479 1800 5534 Rom.
1832 5481 1886 5534 2.
1915 5481 2028 5550 24).
2064 5481 2253 5552 quue

667 5577 1013 5641 peccatorem
1046 5577 1328 5641 tamquam
1358 5585 1388 5626 e
1417 5585 1578 5626 sacra
1604 5573 1781 5641 patria
1817 5573 1995 5644 abegit
2015 5590 2081 5629 ex
2119 5576 2252 5629 orbe

665 5676 934 5721 terrarum
967 5664 1257 5736 propheta,
1294 5674 1352 5720 et
1381 5664 1645 5721 exsulare
1681 5666 1860 5737 coegit
1898 5685 1914 5722 :
1966 5675 2130 5737 atque
2164 5669 2244 5722 uti

669 5756 902 5810 musicus
930 5757 1162 5826 optimus
1197 5771 1228 5810 e
1266 5752 1469 5812 cithara
1522 5755 1657 5810 bene
1701 5757 1967 5810 modulata
1997 5757 2251 5812 cbordam

667 5848 936 5903 dissonam
980 5856 1220 5916 resecat,
1267 5862 1334 5904 ne
1375 5847 1698 5919 reliquarum
1742 5862 1930 5904 vocum
1974 5847 2248 5908 harmonia

1376 381 1432 438 S.
1473 376 1751 437 JOANNIS
1789 374 2262 433 CllllYSOSTOMl
2302 376 2624 435 ARCHIEP.
2663 378 3199 437 CONSTANTINOP.

3842 387 3944 446 696

2352 492 2605 560 vitietur;
2647 503 2701 550 et
2730 496 2928 564 peritus
2953 497 3082 551 artis
3113 496 3351 552 medicus
3380 497 3678 553 membrum
3710 504 3948 572 putrefa-

2348 593 2491 640 ctum
2518 595 2792 656 amputat,
2839 603 2905 641 ne
2945 587 3061 644 haec
3092 589 3204 644 lues
3233 591 3298 644 ad
3323 601 3513 648 caetera
3548 594 3788 648 membra
3819 609 3944 650 sana

2351 679 2916 735 transiliatzeumdem
2964 682 3028 736 ad
3078 682 3291 736 modum
3324 683 3580 753 propheta
3613 685 3772 742 fecit.
3822 687 3942 742 dum

2346 771 2507 824 veluti
2538 771 2794 825 cbordam
2821 772 3090 827 dissonam
3119 789 3182 828 ac
3209 774 3368 829 veluti
3401 777 3706 830 membrum
3742 781 3939 847 irgrmn

2345 865 2412 918 ab
2454 865 2702 920 universo
2750 877 3006 920 creatum
3044 881 3269 935 corpore
3319 877 3653 935 peccatorem
3710 881 3937 924 resecat.

2345 957 2480 1024 Quid
2523 957 2678 1028 igitur
2703 958 2856 1012 nobis
2887 958 3184 1012 faciendum
3213 958 3331 1013 est?
3371 958 3724 1029 Posteaquam
3756 961 3938 1029 rejec1i

2344 1063 2527 1102 sumus
2548 1091 2562 1113 ,
2597 1058 2940 1118 posteaquam
2973 1051 3162 1104 resecti
3194 1064 3412 1118 sumus,
3443 1052 3662 1105 omnino
3688 1053 3940 1107 sileamus

2343 1149 2555 1209 oportet
2585 1159 2597 1192 :
2626 1141 2712 1196 dic
2744 1143 2923 1212 igitur,
2955 1142 3210 1211 obsecro,
3244 1159 3370 1198 num
3401 1144 3739 1217 tacehimus?
3769 1161 3939 1215 neque

2343 1230 2610 1300 qnispiam’
2633 1232 2785 1286 nobis
2813 1233 3082 1301 permittet
3109 1233 3319 1304 hymnis
3347 1233 3622 1290 celebrare
3651 1235 3937 1291 Dominum

2342 1325 2623 1377 nostrum?
2644 1339 2842 1394 ergone
2860 1325 3051 1378 frustra
3073 1334 3280 1378 vestras
3299 1339 3481 1393 preces
3503 1325 3936 1394 imploravimus;

2340 1412 2535 1468 frustra
2582 1415 2647 1469 ad
2704 1424 2877 1469 vestra
2931 1415 3268 1486 confugimus
3320 1416 3649 1485 patrocinia?
3687 1417 3846 1471 Absit
3884 1429 3938 1471 ut

2341 1505 2536 1559 frustra
2563 1525 2576 1561 :
2603 1508 2774 1576 reperi
2804 1508 2944 1561 enim
2968 1549 2982 1572 ,
3014 1508 3190 1576 reperi
3233 1517 3286 1562 et
3334 1507 3559 1562 alterum
3605 1507 3936 1577 glorificamli

2344 1596 2585 1660 modum,
2618 1601 2810 1651 vestris
2837 1598 2887 1651 in
2916 1597 3015 1651 hac
3045 1597 3378 1652 haesitatione
3409 1598 3675 1667 precibus,
3706 1614 3808 1652 ceu
3836 1599 3936 1651 ful-

2338 1687 2557 1756 guribus
2588 1688 2639 1740 in
2667 1688 2891 1757 caligine
2921 1688 3632 1758 apparentibuszconservos
3659 1688 3890 1743 laudabo
3916 1688 3932 1719 '

2340 1777 2442 1833 Fas
2489 1779 2630 1833 enim
2683 1788 2764 1834 est
2816 1789 2870 1833 et
2918 1793 3207 1834 conservos
3254 1787 3466 1832 nostros
3513 1778 3762 1844 laudare,
3815 1780 3933 1849 qni-

2340 1869 2437 1922 bus
2468 1869 2698 1924 laudatis
2731 1870 2868 1923 haud
2898 1869 3113 1924 dubium
3143 1879 3252 1932 est,
3287 1869 3411 1938 quin
3446 1885 3504 1923 ea
3529 1869 3698 1938 gloria
3728 1870 3794 1922 ad
3832 1870 3933 1923 Do-

2337 1961 2539 2014 minum
2571 1971 2804 2015 transeat
2829 1961 3073 2016 omnino.
3104 1961 3253 2026 Quod
3298 1970 3475 2014 autem
3505 1960 3627 2015 hinc
3654 1961 3922 2030 glorifice-

2339 2060 2445 2118 tur,
2478 2054 2634 2105 docet
2664 2054 2773 2121 ipse
2802 2053 3043 2106 Christus
3083 2052 3268 2106 dicens
3301 2070 3312 2104 :
3348 2051 3536 2104 Luceat
3563 2053 3584 2083 ¹
3640 2057 3733 2105 tua:
3771 2064 3935 2106 uestra

2337 2159 2509 2196 coram
2554 2143 2870 2206 hominibus,
2917 2153 2971 2196 ut
3017 2143 3217 2196 videant
3269 2159 3422 2212 opera
3461 2155 3622 2206 vestra
3667 2141 3836 2209 bona,
3883 2155 3929 2196 et

2337 2233 2618 2304 gloriﬁcent
2646 2232 2854 2287 Patrem
2881 2244 3098 2287 uestrum
3125 2235 3212 2304 qui
3249 2234 3302 2286 in
3349 2234 3484 2288 cadis
3515 2244 3586 2287 est
3622 2233 3850 2306 (Matt/1.
3879 2237 3930 2288 5.

2339 2325 2452 2396 16).
2479 2327 2554 2380 En
2578 2326 2713 2380 alter
2743 2327 3068 2397 gloriﬁcandi
3093 2326 3282 2380 modus
3303 2369 3318 2392 ,
3351 2342 3456 2396 quo
3481 2336 3533 2380 ct
3561 2328 3830 2396 peccaturi
3859 2329 3937 2380 fas

2338 2429 2420 2474 est
2464 2421 2574 2484 uti,
2618 2429 2676 2472 ut
2704 2421 2872 2489 legem
2908 2430 3082 2474 tamen
3115 2435 3220 2473 non
3251 2419 3431 2474 violet.

2409 2511 2462 2564 '5.
2510 2509 2816 2563 Flavianum
2861 2510 3172 2580 Episcopum
3216 2509 3693 2575 laudat.—Quetn
3743 2509 3934 2578 igitur,

2337 2616 2538 2670 quem,
2600 2601 2855 2670 inquam,
2916 2615 3294 2655 conservorum
3343 2599 3709 2654 laudabimus?
3767 2600 3936 2664 Quem

2338 2692 2499 2745 alium
2521 2733 2536 2757 ,
2592 2706 2749 2760 quam
2796 2691 2941 2744 illum
2983 2706 3320 2745 communem
3354 2691 3510 2760 hujus
3535 2690 3719 2759 patria:
3749 2691 3938 2746 docto-

2339 2797 2450 2837 rem
2472 2823 2485 2845 ,
2519 2791 2573 2835 et
2604 2798 2698 2851 per
2723 2782 2946 2850 patriam
2975 2779 3210 2835 universi
3240 2780 3383 2835 orbis
3411 2781 3715 2835 terrarum?
3740 2781 3938 2848 Quem-

2339 2875 2623 2929 admodum
2665 2875 2806 2929 enim
2854 2889 2950 2929 vos
2980 2874 3068 2929 ille
3112 2873 3294 2928 docuit
3334 2884 3389 2926 ut
3418 2889 3586 2942 usque
3612 2872 3677 2926 ad
3709 2881 3938 2928 mortem

2340 2983 2435 3037 pro
2474 2961 2696 3023 veritate
2731 2967 2942 3020 staretis
2971 2985 2983 3020 :
3009 2967 3076 3019 ita
3104 2975 3159 3020 et
3187 2980 3282 3019 vos
3309 2966 3444 3019 alios
3466 2965 3716 3020 homines
3747 2964 3938 3020 docui-

2340 3063 2466 3124 stis,
2496 3076 2524 3115 a
2554 3061 2658 3114 vita
2696 3060 2853 3115 citius
2892 3075 3049 3129 quam
3095 3075 3124 3110 a
3170 3059 3364 3127 pietate
3409 3057 3767 3113 recedendum
3795 3072 3936 3112 esse.

2343 3152 2514 3205 Vultis
2558 3152 2718 3220 igitur
2750 3152 2821 3204 illi
2859 3152 3078 3219 posthac
3115 3149 3326 3204 laudum
3353 3165 3578 3204 coronas
3608 3149 3942 3219 plectamus?

2341 3243 2596 3298 Volebam
2623 3242 2867 3312 equidem
2900 3250 2953 3296 et
2992 3242 3105 3310 ipse
3126 3284 3140 3305 ,
3175 3241 3267 3294 sed
3300 3241 3456 3295 video
3488 3252 3632 3295 recte
3672 3241 3940 3295 factorum

2343 3339 2565 3408 pelagus
2607 3337 2881 3390 immensa:
2915 3334 3317 3404 profunditatis,
3351 3350 3645 3404 vereorque
3666 3350 3735 3388 ne
3762 3349 3944 3388 sermo

2342 3438 2524 3483 noster
2543 3428 2609 3481 ad
2634 3426 2855 3481 fundum
2884 3427 3115 3490 delatus,
3130 3441 3241 3496 prae
3263 3426 3625 3481 imbecillitate
3646 3441 3750 3480 non
3771 3427 3945 3496 possit

2341 3521 2393 3574 in
2441 3521 2604 3574 altum
2654 3534 2952 3573 recurrere.
3005 3515 3226 3587 Oportet
3267 3518 3408 3572 enim
3458 3526 3664 3572 vetusta
3716 3532 3942 3572 narrare

2343 3615 2614 3677 facinora,
2657 3613 3145 3682 peregrinationes,
3189 3611 3416 3680 vigilias,
3468 3625 3658 3675 curas,
3700 3609 3942 3680 judicia,

2343 3722 2569 3778 pugnas,
2599 3715 2799 3775 tropaza
2825 3705 3060 3772 tropaeis,
3093 3704 3340 3757 victorias
3363 3703 3597 3757 victoriis
3617 3703 3942 3769 cumulatas,

2342 3814 2430 3852 res
2458 3806 2636 3868 gestas
2665 3812 2774 3851 non
2809 3805 3046 3850 nostram
3078 3795 3237 3850 modo
3257 3837 3271 3858 ,
3304 3794 3398 3850 sed
3424 3805 3476 3850 et
3503 3810 3718 3851 omnem
3753 3795 3947 3850 burna-

2345 3905 2467 3945 nam
2514 3890 2748 3962 linguam
2791 3897 3122 3957 superantes,
3170 3903 3395 3958 qumque
3435 3900 3620 3941 vocem
3664 3889 3947 3958 requirunt

2344 3983 2640 4052 apostolico
2667 3981 2856 4051 spiritu
2884 3982 3240 4046 concitatam,
3291 3979 3378 4049 qui
3412 3988 3585 4049 potest
3612 3981 3790 4034 omnia
3832 3989 3943 4034 tum

2343 4075 2540 4144 eloqui,
2562 4082 2674 4128 tum
2695 4073 2890 4128 docere
2912 4091 2924 4126 :
2947 4071 3041 4126 sed
3067 4073 3201 4125 hanc
3218 4080 3421 4140 partem
3444 4080 3943 4140 praetercurrentes,

2347 4169 2414 4224 ad
2445 4169 2667 4223 alteram
2715 4183 2832 4237 qua:
2886 4165 3062 4220 minus
3107 4158 3267 4219 habet
3315 4165 3535 4234 periculi
3587 4164 3942 4229 accedemus,

2347 4276 2504 4331 quam
2537 4261 2623 4315 vel
2648 4260 2836 4331 exigua
2865 4257 3059 4327 scapha
3091 4257 3216 4312 licet
3243 4257 3545 4326 enavigare.
3616 4247 3620 4250 “

2417 4350 2700 4406 Flavianus
2723 4351 2776 4404 in
2807 4349 2956 4405 domo
2978 4357 3271 4434 sumptuosa
3287 4349 3548 4403 educatus.
3569 4379 3639 4389 ——
3658 4349 3770 4420 Age
3785 4349 3948 4421 igitur

2345 4445 2413 4501 de
2457 4444 2807 4515 temperantia
2847 4443 3029 4498 dicere
3061 4443 3415 4506 tentabimus,
3459 4443 3735 4512 quomodo
3775 4446 3948 4500 ventri

2349 4540 2650 4610 imperarit,
2679 4537 2949 4608 quomodo
2977 4536 3198 4592 delicias
3224 4537 3641 4605 contempserit,
3674 4537 3950 4607 quomodo

2348 4644 2588 4685 mensam
2621 4637 2987 4701 sumptuosam
3013 4627 3294 4694 deriscrit,
3329 4627 3486 4698 idque
3530 4642 3651 4683 cum
3696 4628 3748 4682 in
3786 4613 3951 4684 domo

2348 4731 2659 4794 sumptuosa
2681 4731 2834 4777 esset
2849 4721 3123 4776 educatus.
3149 4720 3280 4774 Nam
3318 4721 3510 4776 mirum
3540 4735 3645 4775 non
3671 4729 3791 4787 est,
3825 4738 3949 4777 eum

2349 4817 2435 4887 qui
2459 4817 2512 4871 in
2532 4823 2841 4885 paupertate
2861 4806 3012 4878 vixit,
3031 4813 3098 4867 ad
3119 4813 3257 4867 hanc
3273 4812 3565 4882 squalidam
3595 4827 3953 4885 asperamque

2350 4910 2533 4962 venire
2554 4907 2736 4973 vitam,
2761 4903 3192 4976 quandoquidem
3217 4905 3260 4959 is
3283 4903 3443 4959 habet
3463 4905 3631 4974 ipsam
3663 4917 3952 4975 pauperta-

2354 5006 2459 5053 tem
2482 4995 2930 5068 peregrinationis
2954 5009 3019 5052 ac
3043 4995 3142 5049 vite
3156 4996 3428 5060 comitem,
3452 5008 3572 5064 qua:
3594 4994 3666 5049 illi
3685 4997 3952 5064 sarcinam

2354 5089 2406 5143 in
2436 5089 2554 5144 dies
2579 5087 2751 5142 reddit
2788 5086 3069 5142 leviorem.
3107 5086 3178 5140 At
3200 5085 3288 5155 qui
3316 5084 3416 5144 fuit
3439 5085 3742 5140 divitiarum
3778 5086 3954 5141 domi-

2355 5197 2455 5236 nus
2475 5222 2489 5245 ,
2531 5179 2674 5234 haud
2694 5215 2698 5218 ι
2715 5179 2870 5234 facile
2898 5193 3021 5234 sese
3047 5178 3114 5233 ab
3139 5178 3352 5232 illarum
3376 5177 3606 5247 explicet
3632 5178 3954 5248 complexu:

2357 5281 2561 5327 tantum
2591 5271 2938 5342 cupiditatum
2963 5284 3187 5325 examen
3205 5268 3440 5324 animam
3463 5270 3606 5324 illam
3631 5269 3958 5325 circumval-

2358 5366 2514 5420 lavit:
2536 5373 2641 5420 tam
2668 5364 2844 5435 gravis
2869 5371 2924 5418 et
2948 5362 3238 5432 caliginosa
3258 5360 3543 5417 aﬂ'ectuum
3567 5362 3736 5417 nubes
3761 5364 3960 5418 mentis

2357 5457 2502 5513 illius
2526 5456 2710 5512 oculos
2736 5454 2974 5522 obducit,
3005 5461 3066 5509 ut
3093 5469 3200 5509 non
3224 5453 3365 5509 sinat
3383 5453 3451 5509 ad
3483 5453 3671 5509 uelum
3701 5453 3959 5509 intuitum

2421 5673 2442 5710 ι
2475 5672 2632 5724 verba
2653 5673 2778 5734 haec,
2801 5684 3049 5724 conservos
3070 5670 3296 5733 laudabo,
3317 5671 3499 5723 desunt
3533 5674 3584 5723 in
3619 5671 3762 5732 Colb,
3777 5685 3882 5734 nec
3905 5674 3964 5723 ab

2359 5741 2633 5799 Interprete
2656 5733 2784 5799 lecta
2807 5736 3047 5799 sunt,_sed
3071 5736 3312 5799 habentur
3328 5735 3378 5783 in
3402 5735 3541 5785 savii.
3568 5744 3621 5785 et
3642 5733 3809 5784 Morel.

2422 5800 2443 5829 ¹
2476 5796 2549 5847 sic
2561 5797 2709 5861 savii.
2738 5806 2789 5861 et
2818 5797 3003 5861 Mor_el_.,
3027 5796 3116 5861 sed
3138 5796 3266 5846 colb.
3289 5807 3340 5849 et
3363 5799 3626 5861 interpres,
3649 5799 3965 5860 Quemadmo-

2363 5861 2481 5911 dum
2503 5859 2650 5924 igitur
2672 5867 2719 5913 et
2743 5860 2843 5924 ipse
2868 5859 2984 5909 dicit
3007 5893 3020 5920 ,
3047 5859 3221 5911 taceat.
3493 5859 3507 5861 ‘
3631 5878 3634 5880 η
