4158 6316
86 423 193 477 695

78 535 284 589 οὑτωσί
313 551 425 598 πως
467 532 681 603 ἔλεγεν·
734 532 956 587 Αἰνέσω
989 532 1057 586 τὸ
1101 533 1289 603 ὄνομα
1329 530 1438 586 τοῦ
1472 530 1623 587 Θεοῦ
1650 549 1771 602 μου

74 625 202 691 μετ’
252 619 447 690 ᾠδῆς·
495 619 817 691 μεγαλυνῶ
868 618 1058 674 αὐτὸν
1098 621 1168 673 ἐν
1210 620 1456 674 αἰνέσει.
1498 616 1631 673 Εἶτα
1675 620 1773 691 τῆς

78 710 278 772 ῡυσίας
314 709 519 772 ταύτης
567 708 665 778 τὴν
705 706 980 776 ὑπεροχὴν
1025 707 1157 776 ἡμῖν
1202 704 1631 776 ἐνδεικνύμενος,
1674 706 1775 759 ἐπ-

78 799 259 866 ήγαγε
278 815 290 827 ·
334 798 445 850 Καὶ
497 796 701 863 ἁρέσει
743 793 824 859 τῷ
864 792 985 859 Θεῷ
1022 793 1175 863 ὑπὲρ
1211 794 1454 863 μόσχον
1489 792 1633 848 νέον
1680 793 1778 846 κέ-

78 899 227 950 pata
263 882 598 952 ἐκφέροντα
631 882 729 935 καί
765 881 982 947 ὁπλάς.
1027 881 1363 952 Ἐϐουλόμην
1400 882 1499 951 μὲν
1545 876 1639 935 οὖν
1682 883 1777 934 καὶ

79 971 243 1034 αὐτὸς
277 970 451 1024 ταῦτα
483 970 724 1041 τήμερον
756 968 1083 1022 καταϐαλεῖν
1110 970 1177 1022 τά
1220 969 1415 1039 ἰερεῖα,
1446 968 1541 1022 καὶ
1582 968 1645 1021 τὸ
1671 967 1778 1022 .θυ-

81 1059 403 1128 σιαστήριον
431 1057 540 1110 ἀπὸ
566 1055 673 1109 τῶν
700 1055 957 1125 θυμάτων
984 1055 1188 1110 τούτων
1206 1053 1436 1126 αἱμάξαι
1455 1055 1516 1107 τὸ
1533 1072 1779 1125 πνευμα-

81 1147 235 1199 τικόν
255 1163 271 1176 ·
295 1145 431 1199 ἀλλά
454 1144 507 1196 τί
532 1144 718 1209 πάθω;
744 1144 913 1212 Σοφός
940 1160 1019 1207 τις
1046 1143 1183 1215 ἀνὴρ
1205 1142 1544 1213 ἐπιστομίζει
1570 1160 1659 1214 με,
1688 1143 1780 1195 καὶ

83 1232 245 1301 φοβεῖ
276 1233 451 1301 λέγων
474 1248 488 1263 -
527 1234 652 1300 οὐχ
682 1230 892 1299 ὡραῖος
927 1226 1095 1296 αἶνος
1129 1231 1200 1283 ὲν
1227 1232 1479 1300 στόματι
1511 1230 1780 1298 ἁμαρτω·

80 1322 217 1377 λοῦ.
272 1322 544 1392 Καθάπερ
586 1322 693 1391 γάρ
748 1319 980 1373 ἐπὶτῶν
1033 1318 1312 1388 στεφάνων
1354 1319 1475 1389 οὐχὶ
1525 1318 1595 1370 τά
1643 1316 1778 1388 ἄνθη

90 1408 251 1481 μόνον
279 1405 419 1462 εἶναι
441 1408 546 1479 χρὴ
582 1406 820 1476 καθαρὰ,
865 1405 1001 1460 άλλά
1025 1407 1120 1459 καὶ
1151 1403 1250 1477 τὴν
1284 1406 1613 1474 ὑφαίνουσαν
1640 1403 1780 1457 αὐτὰ

87 1497 281 1565 χεῖρα·
321 1493 466 1546 οὕτω
512 1495 607 1545 καὶ
645 1493 738 1544 ἐπὶ
785 1492 894 1544 τῶν
930 1491 1114 1562 ὕμνων
1162 1492 1271 1545 τῶν
1310 1489 1470 1563 ἰερῶν
1505 1490 1625 1560 οὐχ)⁵
1654 1490 1782 1551 τοὺς

87 1582 282 1649 λόγους
329 1579 619 1644 εὐλαϐείας
673 1579 922 1649 μετέχειν
967 1579 1073 1650 χρὴ
1128 1578 1308 1649 μόνον,
1363 1576 1500 1632 ἀλλά
1542 1576 1638 1629 καὶ
1684 1574 1781 1647 τὴν

87 1670 399 1723 πλέκουσαν
425 1668 622 1730 αὐτοὺς
654 1666 853 1738 ψυχήν.
892 1667 1053 1736 Ἡμῖν
1084 1666 1141 1719 δέ
1178 1666 1379 1736 ἐναγής
1407 1665 1492 1726 τίς
1523 1666 1658 1724 ἐστι,
1690 1663 1784 1716 καὶ

86 1758 561 1829 ἀπαρρησίαστος,
602 1756 697 1808 καὶ
740 1754 952 1807 πολλῶν
992 1755 1243 1825 γέμουσα
1290 1753 1398 1807 τῶν
1446 1751 1781 1823 ἁμαρτημά-

86 1864 215 1899 των.
248 1847 388 1909 Τοὺς
425 1844 483 1897 δὲ
510 1842 653 1897 οὕτω
681 1842 1059 1913 διακειμένους
1106 1842 1227 1911 οὐχ.
1248 1835 1403 1903 οὗτος
1441 1835 1782 1910 ἐπιστομίζει

92 1932 251 2002 μόνον
278 1935 305 1986 6
333 1931 519 2001 νόμος,
550 1929 687 1984 ἀλλά
715 1930 810 1982 καὶ
838 1929 1024 1999 ἔτερος
1054 1929 1411 1998 ἀρχαιότερος
1448 1927 1659 1980 ἐκείνου
1690 1926 1785 1979 καὶ

90 2020 193 2091 πρὸ
230 2019 444 2073 ἐκείνου
486 2017 685 2081 τεθείς.
725 2016 837 2070 Καὶ
870 2014 978 2087 γὰρ
1022 2017 1116 2069 καὶ
1163 2013 1351 2068 τοῦτον
1391 2015 1707 2084 εἰσήνεγκεν
1757 2014 1786 2064 6

90 2109 216 2177 περὶ
238 2108 349 2160 τῶν
374 2104 579 2159 θυσιῶν
604 2107 636 2175 ή
646 2108 736 2175 μίν
764 2104 889 2176 ἄρτι
910 2103 1211 2174 διαλεχθεὶς
1233 2102 1396 2157 Δαυτδ
1412 2119 1423 2131 ·
1456 2100 1625 2155 εἰπὼν
1652 2101 1783 2172 γὰρ,

90 2195 314 2249 Αἰνεῖτε
357 2195 469 2248 τὸν
506 2194 728 2263 Κύριον
754 2192 823 2245 ἐκ
856 2190 978 2243 τῶν
1009 2188 1307 2258 οὐρανῶν,
1350 2189 1568 2243 αἱνεῖτε
1599 2188 1787 2241 αὐτὸν
1844 2198 1851 2203 ”

89 2286 157 2336 ἐν
179 2283 307 2350 τοῖς
334 2284 624 2352 ὑψίστοις
644 2298 656 2312 ·
682 2282 777 2334 καὶ
816 2282 931 2351 μετ’
960 2280 1117 2348 ὀλίγα
1156 2279 1317 2332 πάλιν
1345 2278 1534 2341 εἰπὼν,
1560 2275 1787 2330 Αἰνεῖτε

92 2377 193 2424 τὸν
220 2372 449 2439 Κύριον
464 2370 537 2423 ἐκ
570 2367 677 2436 τῆς
711 2367 845 2437 γῆς,
874 2368 967 2421 καὶ
1006 2368 1101 2439 τὴν
1127 2367 1305 2420 κτίσιν
1339 2366 1572 2428 καλέσας
1596 2364 1788 2417 ἐκατέ-

94 2479 212 2531 ραν,
240 2460 339 2531 τὴν
372 2460 507 2520 ἄνω,
532 2460 631 2531 τὴν
662 2458 833 2519 κάτω,
857 2457 956 2527 τὴν
989 2456 1275 2526 αἰσθητήν,
1304 2456 1405 2527 τὴν
1435 2454 1655 2524 νοητὴν,
1686 2454 1786 2522 τὴν

91 2548 401 2618 ὁρωμένην,
424 2546 525 2617 τὴν
548 2546 646 2615 οὐχ
667 2544 973 2615 ὁρωμένην,
994 2543 1092 2614 τὴν
1126 2544 1266 2612 ὑπὲρ
1296 2543 1386 2596 τὸν
1415 2542 1664 2612 οὐρανὸν,
1688 2541 1787 2611 τὴν

94 2637 196 2688 ὑπὸ
241 2635 329 2687 τὸν
365 2633 615 2705 οὐρανὸν,
649 2633 745 2685 καὶ
778 2632 937 2703 χορὸν
986 2632 1084 2684 ἕνα
1130 2632 1337 2701 στήσας
1388 2630 1446 2695 ἐξ
1496 2629 1784 2697 ἑκατέρας,

95 2724 183 2775 καὶ
211 2722 354 2775 οὕτω
378 2723 470 2774 τὸν
504 2720 728 2789 βασιλέα
766 2721 877 2773 τῶν
905 2719 1041 2774 ὅλων
1082 2717 1634 2788 παρακελευσάμενος
1660 2717 1788 2769 ἀνυ-

98 2813 267 2879 μνεῖν,
296 2809 537 2879 οὐδαμοῦ
576 2808 667 2861 τὸν
700 2808 1021 2879 ἁμαρτωλὸν
1066 2807 1344 2870 ἐκάλεσεν,
1377 2806 1515 2860 ἀλλά
1559 2807 1654 2859 καὶ
1697 2809 1785 2861 ἐν-

94 2897 263 2950 ταῦθα
288 2896 439 2966 αὐτῷ
468 2897 569 2959 τὰς
598 2895 769 2967 θύρας
798 2894 1109 2953 ἀπέκλεισε,

164 3066 315 3138 [$59]
343 3067 409 3137 β’.
427 3068 537 3118 Καὶ
551 3066 639 3119 ἶνα
657 3066 991 3136 σαφέστερον
1008 3066 1137 3136 ὑμῖν
1156 3064 1380 3134 γένηται
1397 3064 1459 3116 τὸ
1470 3062 1786 3133 λεγόμενον,

96 3156 254 3209 αὐτὸν
298 3157 428 3226 ὑμῖν
464 3154 674 3209 ἄνωθεν
717 3152 1100 3224 ἀναγνώσομαι
1144 3154 1236 3206 τὸν
1276 3152 1512 3223 ψαλμόν.
1560 3150 1789 3206 Αἰνεῖτε

98 3246 200 3297 τὸν
232 3243 457 3312 Κύριον
491 3244 561 3298 ἐκ
603 3241 724 3295 τῶν
764 3242 1058 3310 οὐρανῶν,
1117 3245 1302 3313 φησὶν,
1352 3241 1570 3295 αἱνεῖτε
1600 3239 1789 3293 αὐτὸν

96 3332 159 3383 ἐν
184 3332 308 3397 τοῖς
332 3331 621 3399 ὑψίστοις
640 3348 654 3361 ·
685 3329 904 3383 αἰνεῒτε
947 3330 1155 3392 αὐτὸν,
1201 3329 1425 3395 πάντες
1458 3333 1510 3382 οἰ
1547 3328 1788 3397 ἄγγελοι

98 3418 280 3472 αὑτοῦ
300 3435 312 3447 ·
342 3417 564 3472 αἰνεῖτε
594 3418 800 3482 αὐτὸν,
834 3414 1025 3470 πᾶσαι
1054 3421 1112 3470 αἰ
1143 3413 1429 3485 δυνάμεις
1466 3416 1673 3469 αὑτοῦ.
1700 3411 1788 3467 Εἴ-

98 3507 181 3569 δες
231 3506 501 3574 ἀγγέλους
549 3504 853 3568 αἰνοῦντας,
898 3501 1036 3567 εἶδες
1093 3505 1490 3575 ἀρχαγγέλους,
1535 3500 1675 3567 εἶδες
1718 3502 1789 3555 τά

99 3593 375 3665 Χερουϐὶμ
431 3594 528 3646 καὶ
581 3592 651 3646 τὰ
699 3592 971 3664 Σεραφίμ,
1022 3592 1122 3656 τὰς
1170 3593 1447 3665 ἀνωτέρας
1493 3591 1785 3662 δυνάμεις;

102 3682 265 3734 Ὅταν
294 3680 407 3751 γὰρ
434 3680 587 3752 εἴπῃ,
616 3680 812 3735 Πᾶσαι
846 3683 904 3734 αἰ
937 3680 1223 3749 δυνάμεις
1256 3680 1467 3740 αὑτοῦ,
1494 3680 1673 3733 πάντα
1697 3678 1788 3731 τὸν

100 3766 205 3820 ἂνω
230 3767 648 3839 παραλαμϐάνει
670 3767 863 3838 δῆμον.
896 3770 986 3838 Μή
1014 3786 1116 3821 που
1141 3768 1233 3835 τὸν
1261 3766 1584 3839 ἁμαρτωλὸν
1612 3764 1785 3831 εἷδεςς

103 3856 203 3906 Καὶ
233 3855 352 3918 πῶς
378 3851 449 3925 ἦν
478 3867 505 3894 ι
538 3856 596 3906 ἐν
624 3854 838 3925 οὐρανῷ
862 3855 1085 3910 δυνατὸν
1118 3855 1382 3925 ὀφθῆναι;
1404 3854 1571 3927 φησίν
1598 3869 1619 3883 ’ν
1644 3854 1788 3908 Οὐκ-

101 3941 188 3994 οῦν
226 3942 389 4012 δεῦρο
429 3943 527 3995 πα)⁵
580 3944 659 4006 εἰς
694 3943 794 4014 τὴν
840 3944 941 4014 γῆν
992 3960 1052 3997 σε
1104 3942 1529 4013 καταγάγωμεν,
1561 3941 1700 4012 πρὸς
1725 3941 1790 3994 τὸ

102 4031 282 4101 ἕτερον
318 4030 411 4084 τοῦ
465 4029 629 4101 χοροῦ
677 4032 1119 4101 μεταστήσαντες
1168 4031 1359 4102 μέρος·
1406 4030 1503 4083 καὶ
1540 4030 1660 4083 οὐδὲ
1702 4030 1789 4082 ἐν-

100 4118 271 4173 ταῦθα
304 4118 467 4173 αὐτὸν
500 4117 620 4187 ὄψει
656 4117 839 4172 πάλιν.
887 4116 1115 4172 Αἰνεῖτε
1157 4117 1266 4171 τὸν
1307 4118 1530 4186 Κύριον
1566 4117 1636 4169 ἐκ
1677 4117 1789 4186 τῆς

104 4204 230 4274 τῆς,
270 4205 597 4274 δράκοντες
635 4207 731 4259 καί
787 4204 976 4260 πᾶσαι
1014 4206 1307 4269 ἄϐυσσοι,
1352 4206 1425 4259 τὰ
1476 4207 1650 4273 θηρία
1686 4207 1787 4260 καὶ

104 4292 294 4346 πάντα
329 4293 402 4347 τὰ
434 4291 647 4358 κτήνη,
687 4293 907 4361 ἑρπετὰ
953 4294 1051 4346 καὶ
1111 4293 1351 4347 πετεινὰ
1397 4290 1682 4360 πτερωτά.
1712 4293 1787 4345 Οὐ

110 4381 298 4451 μάτην,
326 4381 448 4434 οὐδὲ
482 4382 604 4451 εἰκῇ
649 4380 851 4451 μεταξὺ
894 4380 1067 4434 ταῦτα
1114 4382 1292 4446 λέγων
1339 4380 1600 4450 ἐσίγησα·
1650 4378 1789 4433 ἀλλὰ

106 4469 207 4537 γὰρ
235 4468 503 4539 συνεχύθη
532 4469 560 4508 δ
594 4486 683 4538 μοι
708 4469 810 4536 τῆς
840 4469 1077 4532 διανοίας
1105 4471 1133 4520 6
1155 4468 1432 4537 λογισμὸς,
1467 4468 1560 4520 καὶ
1590 4467 1788 4538 πικρὸν

109 4554 302 4623 ἐπῆλθε
341 4553 610 4626 δακρῦσαι
643 4558 742 4609 καὶ·
778 4555 1011 4626 οἰμῶξαι
1053 4557 1213 4626 μέγα.
1248 4556 1312 4606 Τί
1347 4554 1457 4624 γὰρ
1494 4558 1555 4611 ἂν
1590 4555 1787 4621 γένοιτ·

109 4638 478 4712 ἐλεεινότερον;
505 4642 627 4694 εἰπέ
663 4659 788 4711 μοι·
832 4643 1090 4711 Σκορπίοι
1120 4642 1219 4694 καὶ
1259 4640 1403 4710 ἔχεις
1434 4642 1528 4692 καὶ
1559 4640 1789 4709 δράκον-

110 4740 190 4786 τες
220 4726 358 4794 πρὸς
389 4725 490 4796 τὴν
516 4726 796 4795 εὐφημίαν
841 4727 1131 4781 καλοῦνται
1177 4725 1271 4780 τοῦ
1301 4725 1662 4795 πεποιηκότος
1690 4728 1789 4780 αὐ-

111 4814 242 4876 τοὺς,
279 4813 437 4883 μόνος
465 4813 522 4865 δὲ
554 4815 582 4865 6
616 4814 939 4884 ἁμαρτωλὸς
975 4814 1073 4885 τῆς
1101 4816 1252 4886 ἱερᾶς
1288 4813 1493 4883 ταύτης
1524 4828 1789 4885 χοροστα-

113 4899 220 4961 σίας
252 4899 609 4953 ἀπολείπεται
629 4917 645 4931 ·
683 4899 779 4955 καὶ
808 4901 1052 4962 εἰκότως.

173 4986 370 5056 Θηρίον
408 4988 520 5059 γάρ
558 4990 675 5041 ἐστι
724 4988 959 5060 πονηρὸν
991 4990 1024 5058 ή
1067 4988 1314 5059 ἁμαρτία
1347 4990 1440 5041 καὶ¹
1487 4991 1787 5063 ἀνήμερον,

113 5073 199 5124 οὐκ
233 5074 319 5137 εἰς
344 5074 414 5128 τὰ
445 5075 704 5129 σύνδουλα
740 5076 849 5129 τῶν
892 5077 1159 5147 σωμάτων
1206 5077 1307 5147 τὴν
1348 5078 1549 5131 κακίαν.
1585 5080 1788 5133 ἐπιδει-

116 5160 385 5231 κνύμενον,
445 5162 561 5214 ἀλλ’
596 5166 676 5225 εἰς
717 5164 815 5232 τὴν
860 5163 1016 5229 δόξαν
1062 5164 1162 5232 τὴν
1197 5165 1524 5237 δεσποτικὴν
1561 5167 1651 5219 τὸν
1708 5168 1785 5220 ἰὸν

114 5246 199 5315 τῆς
246 5250 514 5320 πονηρίας
563 5250 772 5319 ἐκχέον.
819 5251 898 5303 Δι’
930 5250 1087 5321 ὑμᾶς
1115 5250 1245 5321 γὰρ,
1277 5254 1434 5321 φησὶ,
1482 5254 1550 5306 τὸ
1597 5254 1788 5323 ὄνομά

118 5350 213 5403 μου
245 5336 700 5405 βλασφημεῖται
745 5336 818 5389 ἐν
861 5339 988 5401 τοῖς
1024 5337 1247 5392 ἔθνεσι.
1286 5339 1384 5390 Διά
1426 5340 1585 5392 τοῦτο
1623 5342 1786 5394 αὐτὸν

117 5417 289 5491 ὥσπερ
318 5420 379 5486 ἐξ
416 5424 569 5493 ἰερᾶς
614 5424 892 5493 πατρίδος,
934 5424 1035 5493 τῆς
1070 5425 1394 5493 οἰκουμένης
1436 5427 1714 5495 ἀπήλασεν
1757 5430 1786 5480 6

124 5509 419 5579 προφήτης,
466 5510 562 5563 καί⁵
610 5512 746 5582 πρὸς
789 5511 889 5580 τὴν
936 5508 1231 5582 ὑπερορίαν
1280 5508 1580 5579 ἀπῴκισεν.
1628 5512 1784 5565 Οὐτω

119 5606 203 5648 που
245 5598 339 5649 καὶ
390 5598 419 5649 6
466 5598 725 5668 μουσικὸς
777 5598 999 5669 ἀριστος
1039 5597 1381 5669 εὐαρμόστου
1416 5597 1645 5668 κιθάρας
1684 5600 1783 5672 τὴν

172 5789 346 5855 ξαοψ-
374 5792 519 5855 εῖδεςς
544 5794 647 5855 πῶς
667 5794 755 5855 γὰρ
776 5793 850 5855 iv-

170 5849 193 5887 δ
213 5852 345 5917 ιςᾳιὴ.
382 5849 607 5917 ἀλλὰκαὶ
626 5849 873 5917 συνεχύθη.
900 5853 1009 5902 Mox
1035 5854 1163 5903 Idem
1184 5852 1595 5917 πικρὸν-προῆλθε.
1623 5850 1778 5903 Paulo

120 5913 355 5973 putidam
383 5915 598 5977 τκὸρπιοι
621 5917 702 5977 μὶν
722 5913 799 5962 καὶ
826 5916 963 5977 ἔχεις.

1044 417 1297 487 εειωο,
1337 417 1479 474 CUM
1518 415 1929 475 PRESBYTER
1969 416 2130 474 FUIT
2170 416 2591 476 0RDINATUS.

3452 416 3574 472 ωδ

1879 531 2199 604 ἀπηχοῦσαν
2242 532 2449 604 νευρὰν
2485 532 2803 603 ἀποτέμνει,
2849 532 2989 587 ῶστε
3022 534 3099 607 μὴ
3127 532 3333 606 τῇ,τῶν
3360 530 3574 585 λοιπῶν

1877 620 2131 691 φθόγγων
2164 621 2402 693 ἁρμονίᾳ
2432 621 2773 693 λυμήνασθαι
2792 638 2816 652 ι
2843 620 3001 675 οὕτω.
3026 622 3118 675 καὶ
3162 620 3345 693 ἰατρὸς
3390 636 3567 687 τεχνι-

1876 708 1971 771 κὸς
2013 707 2074 761 τὸ
2118 708 2355 780 σεσηπὸς
2406 709 2664 762 ἐκκόπτει
2715 708 2897 779 μέλος,
2944 707 3087 762 ὥστε
3128 707 3209 780 μὴ
3230 708 3328 780 τὴν
3357 707 3568 761 ικεῖοεν

1876 794 2055 867 λύμην
2098 799 2165 868 τῇ
2212 796 2323 850 τῶν
2352 796 2555 850 λοιπῶν
2597 795 2774 867 μελῶν
2808 795 2993 868 εὐεξίᾳ
3030 796 3382 868 ἐπιδραμεῖν·
3425 793 3571 848 οὕτω

1877 882 1973 936 καὶ
2022 884 2053 935 6
2095 884 2381 955 προφήτης
2434 882 2688 955 ἐποίησεν
2745 882 2934 953 ὥσπερ
2982 881 3305 953 ἀπηχοῦσαν
3346 880 3568 952 νευρὰν.

1878 970 1973 1023 καὶ
2022 970 2213 1042 ὥσπερ
2254 970 2415 1043 μέλος
2447 972 2764 1043 νενοσηκὸς,
2810 973 2904 1027 τοῦ
2949 973 3150 1035 παντὸς
3188 970 3441 1042 σώματος
3472 971 3569 1039 τῆς

1879 1058 2111 1122 κτίσεως
2152 1059 2246 1112 τὸν
2288 1060 2613 1130 ἁμαρτωλὸν
2669 1060 2970 1129 ἀποκόψας.
3026 1058 3093 1113 Τί
3142 1059 3321 1112 τοίνυν
3367 1056 3451 1110 ἀνι
3484 1055 3568 1122 εῖη

1882 1146 2154 1216 πρακτέον
2179 1148 2337 1217 ήμῖν;
2381 1146 2568 1219 ἐπειδὴ
2594 1147 2703 1219 γάρ
2729 1148 3140 1219 ἅπεῤῥίφημεν,
3165 1143 3357 1215 ἐπειδὴ
3390 1142 3571 1208 ἐξεκόε

1881 1243 2084 1303 πημεν,
2098 1234 2309 1305 ἀνάγκη
2330 1234 2546 1298 πάντως
2565 1235 2743 1304 σιγᾷν.
2758 1228 3171 1305 Σιγήσομενοῦν
3184 1231 3327 1295 ςείπέ
3348 1246 3467 1299 μοι·
3480 1228 3572 1281 καὶ

1864 1319 2055 1383 οὐδεὶς
2069 1321 2200 1389 ἡμῖν
2218 1322 2567 1392 συγχωρήσει
2592 1320 2683 1375 τὸν
2704 1320 2982 1389 Δεσπότην
3006 1318 3247 1390 ὑμνῆσαι
3269 1316 3361 1370 τὸν
3378 1315 3580 1387 ἡμέτε-

1885 1423 1999 1477 ρον,
2017 1406 2132 1460 ἀλλ’
2154 1410 2277 1480 είκῆ
2299 1410 2397 1473 τὰς
2416 1410 2689 1480 ὑμετέρας
2711 1409 3053 1481 ἐκαλέσαμεν
3069 1406 3263 1477 εὐχάς;
3287 1404 3411 1474 είκῆ
3436 1402 3573 1473 πρὸς

1882 1494 1983 1558 τὰς
2006 1495 2279 1567 ὑμετέρας
2303 1496 2686 1568 κατεφύγομεν
2715 1497 3047 1569 πρεσϐείας;
3071 1496 3188 1549 υύκ
3211 1493 3455 1562 είκῆ,,μὴ
3482 1489 3572 1558 γέ-

1883 1598 2047 1635 νοιτο.
2086 1575 2259 1654 Εὗρον
2286 1583 2415 1656 γὰρ,
2446 1576 2612 1657 εὗρον
2644 1585 2738 1639 καὶ
2770 1584 2958 1654 ἕτερον
2997 1580 3303 1648 δοξολογίας
3348 1576 3572 1649 τρόπον.

1884 1669 2064 1723 αὐτῶν
2099 1670 2211 1722 τῶν
2238 1671 2522 1742 ὑμετέρων
2549 1672 2737 1743 εὐχῶν
2756 1670 2959 1743 μεταξὺ
2989 1681 3011 1710 ο
3043 1669 3145 1740 τῆς
3178 1666 3412 1735 ἀπορίας
3443 1664 3575 1720 ταύ-

1882 1772 2002 1825 της,
2039 1756 2229 1829 ὥσπερ
2265 1760 2322 1811 ὲν
2359 1761 2540 1813 σκότει
2588 1758 2863 1828 φανεισῶν
2906 1750 3239 1829 ἀστραπῶν·
3286 1752 3573 1805 ἐπαινέσας

1888 1860 1987 1913 μαι
2019 1844 2146 1908 τοὺς
2189 1846 2526 1909 συνδούλους.
2558 1847 2773 1913 Ἔξεστι
2799 1845 2910 1918 γάρ
2955 1846 3049 1898 καὶ
3087 1843 3213 1905 τοὺς
3250 1838 3576 1910 ὁμοδούλους

1886 1934 2129 1985 ἐπαινεῖν
2149 1949 2162 1962 ·
2198 1922 2404 1988 τούτων
2431 1934 2492 1987 δὲ
2526 1933 2954 2003 ἐπαινουμένων,
2990 1934 3070 1996 εἰς
3099 1930 3191 1984 τὸν
3230 1928 3509 1998 Δεσπότην
3538 1928 3572 1995 ἡ

1885 2018 2011 2083 δόξα
2040 2018 2355 2091 διαϐήσεται
2387 2021 2626 2086 πάντως.
2650 2022 2775 2075 Ὅτι
2796 2020 2852 2074 δέ
2880 2021 2973 2073 καὶ
2997 2017 3244 2073 ἐντεῦθεν
3272 2014 3575 2083 δοξάζεται.

1886 2109 2127 2162 δείκνυσι
2170 2108 2265 2162 καὶ
2314 2111 2477 2173 αὐτὸς
2517 2111 2546 2163 6
2582 2110 2818 2180 Χριστὸς
2868 2108 3070 2178 λέγων·
3120 2104 3422 2176 Λαμψάτω
3447 2102 3575 2165 dri»

1886 2194 2014 2263 φῶς
2037 2196 2203 2264 ὑμῶν
2225 2196 2569 2267 ἔμπροσθεν
2593 2195 2712 2250 τῶν
2734 2195 3081 2265 ἀνθρώπων,
3112 2194 3274 2260 ὅπως
3303 2193 3476 2245 ἰδωσι
3503 2192 3577 2243 τὰ

1887 2281 2046 2335 καλὰ
2077 2282 2222 2352 ἔργα
2254 2281 2442 2352 ὑμῶν,
2489 2282 2588 2336 καί
2637 2280 2944 2347 δοξάσωσι
2990 2281 3101 2334 τὸν
3138 2277 3373 2346 Πατέρα
3410 2274 3578 2344 ὑμῶν

1885 2369 1993 2423 τὸν
2020 2370 2090 2423 ὲν
2117 2370 2241 2436 τοῖς
2267 2371 2566 2438 οὐρανοῖς.
2611 2370 2744 2424 Ἰδοὺ
2785 2369 2973 2423 λοιπὸν
3016 2369 3111 2423 καὶ
3148 2369 3334 2438 ἕτερος
3370 2364 3579 2430 δοξολο-

1886 2458 2012 2526 γίας
2041 2458 2262 2529 τρόπος,
2309 2459 2370 2511 ὃν
2414 2459 2509 2512 καὶ
2552 2457 2864 2531 ἀμαρτωλῷ
2891 2453 3113 2532 δυνατὸν
3146 2458 3345 2521 εἰπεῖν,
3376 2456 3471 2509 καὶ
3504 2454 3579 2525 μὴ

1887 2546 2204 2615 παραλῦσαι
2228 2547 2321 2601 τὸν
2345 2546 2532 2619 νόμον.

1958 2677 2005 2738 7'
2014 2712 2025 2723 .
2045 2670 2179 2723 Τίνα
2203 2666 2317 2734 οῦν,
2337 2670 2456 2724 τίνα
2473 2671 2581 2725 τῶν
2602 2670 2900 2726 συνδούλων
2922 2668 3318 2740 ἐπαινεσόμεθα
3337 2688 3351 2735 ;
3371 2668 3505 2721 Τίνα
3523 2667 3582 2720 δὲ

1886 2757 2065 2821 ἄλλον,
2092 2758 2205 2811 ἀλλ’
2234 2759 2267 2829 ἦ
2296 2759 2386 2812 τὸν
2414 2759 2589 2812 κοινὸν
2627 2758 2727 2830 τῆς
2767 2759 3025 2828 πατρίδος
3054 2758 3395 2821 διδάσκαλον,
3427 2754 3579 2827 [M0]

1887 2847 1983 2899 καλ⁸
2008 2846 2096 2899 διὰ
2128 2846 2228 2916 τῆς
2262 2847 2519 2917 πατρίδος
2546 2848 2644 2917 τῆς
2678 2848 3007 2919 οἰκουμένης
3034 2846 3273 2918 ἀπάσης.
3309 2845 3583 2915 Καθάπερ

1887 2936 1995 3005 γὰρ
2024 2935 2166 3006 ὑμᾶς
2200 2930 2353 2999 οὗτος
2378 2935 2665 2988 ἐπαίδευσε
2693 2935 2855 3007 μέχρι
2894 2936 3126 2989 θανάτου
3152 2935 3293 3006 ὑπὲρ
3323 2934 3424 3006 τῆς
3456 2932 3583 3003 ἀλη-

1889 3021 2039 3085 θείας
2079 3022 2414 3097 ὲνίστασθαι,
2446 3021 2621 3085 οὕτως
2654 3022 2813 3093 ὑμεῖς
2856 3024 2983 3085 τούς
3024 3022 3218 3085 ἄλλους
3260 3018 3583 3091 ἀνθρώπους

1887 3109 2161 3175 ἐδιδάξατε
2178 3110 2278 3179 τῆς
2302 3109 2481 3180 ψυχῆς
2510 3110 2710 3181 μᾶλλον
2737 3110 2768 3180 ἢ
2791 3113 2890 3181 τῆς
2917 3110 3198 3175 εὐσεϐείας
3224 3108 3577 3178 ἀφίστασθαι.

1889 3196 2153 3251 Βούλεσθε
2189 3193 2283 3252 οὖν
2321 3197 2573 3251 ἐντεῦθεν
2606 3197 2754 3268 αὐτῷ
2783 3197 3064 3268 πλέξωμεν
3096 3198 3227 3260 τοὺς
3258 3197 3368 3251 τῶν
3404 3196 3581 3263 ἐγκωο

1891 3285 2028 3353 μίων
2080 3284 2412 3353 στεφάνους;
2449 3283 2785 3356 Ἐϐουλόμην
2826 3285 2921 3337 καὶ
2960 3284 3143 3348 αὐτὸς,
3190 3282 3304 3337 ἀλλ’
3338 3282 3450 3355 ὁρῶ
3492 3282 3588 3336 πέ-

1887 3372 2052 3439 λαγος
2091 3371 2290 3443 ἀχανὲς
2329 3370 2792 3443 κατορθωμάτων,
2831 3372 2924 3425 καὶ
2964 3371 3181 3425 δέδοικα
3212 3371 3287 3442 μὴ
3322 3368 3461 3441 πρὸς
3488 3370 3582 3423 τὸν

1890 3458 2142 3530 πυθμένα
2181 3458 2527 3528 κατενεχθεὶς
2572 3460 2600 3512 6
2642 3458 2798 3527 λόγος
2832 3458 3107 3529 ἀσθενήσῃ
3142 3457 3305 3512 πάλιν
3348 3456 3583 3527 ἀναδραο

1891 3548 2032 3615 μεῖν.
2077 3545 2316 3616 Ἀνάγκη
2352 3544 2462 3617 γάρ
2500 3545 2707 3599 παλαιὰ
2745 3546 3112 3617 διηγήσασθαι
3159 3543 3601 3617 κατορθώματαῂ

1889 3634 2219 3705 ἀποδημίας,
2253 3633 2582 3705 ἀγρυπνίας,
2616 3635 2925 3705 φροντίδας,
2955 3632 3203 3704 γνώμας,
3229 3633 3428 3704 μάχας,
3460 3634 3582 3703 τρό-

1890 3739 2026 3775 παια
2063 3722 2347 3793 τροπαίοις
2393 3722 2485 3774 καὶ
2533 3721 2690 3785 νίκας
2732 3722 2913 3784 νίκαις
2965 3723 3390 3793 συναπτομένας.
3434 3722 3580 3794 πρά-

1854 3827 2074 3881 .γματα
2114 3811 2235 3879 οὐχὶ
2275 3810 2372 3879 τῆς
2416 3810 2693 3881 ήμετέρας
2729 3810 2912 3880 μόνον,
2952 3808 3089 3863 ἀλλὰ
3136 3812 3231 3863 καὶ
3264 3810 3444 3879 πάσης
3487 3811 3582 3863 άν-

1890 3894 2169 3966 θρωπίνης
2196 3899 2418 3966 μείζονα
2450 3898 2717 3969 γλώττης,
2746 3898 3110 3970 ἀποστολικῆς
3136 3899 3366 3972 δεόμενα
3394 3899 3580 3969 φωνῆς

1890 3984 2162 4055 πνεύματι
2210 3985 2558 4056 κινουμένης,
2601 3981 2646 4055 ᾧ
2701 3988 2878 4042 πάντα
2914 3988 3009 4042 καὶ
3032 3989 3213 4041 εἰπεῖν
3244 3988 3338 4042 καὶ
3372 3986 3581 4055 διδάξαι

1888 4072 2130 4129 δυνατόν.
2176 4072 2339 4127 Ἀλλά
2397 4073 2557 4126 τοῦτο
2615 4074 3065 4151 παραδραμόντες
3120 4076 3181 4129 τὸ
3232 4076 3431 4147 μέρος,
3492 4076 3580 4145 ἐφ’

1888 4161 2074 4233 ἕτερον
2105 4160 2509 4239 ἀσφαλέστερον
2541 4162 2767 4233 ἥξομεν,
2800 4163 2830 4217 δ
2879 4167 2973 4218 καὶ
3008 4163 3221 4238 ἀκατίῳ
3257 4165 3582 4219 διαπλεῦσαι

1801 4280 1807 4285 -
1886 4247 1969 4301 ενι
2001 4248 2204 4320 μικρῷ.

1964 4370 2100 4440 Φέρε
2152 4365 2245 4422 οὖν
2298 4370 2425 4434 τοὺς
2468 4374 2598 4444 περὶ
2638 4373 2739 4443 τῆς
2776 4373 3099 4443 ἐγκρατείας
3136 4376 3447 4446 κινήσωμεν
3494 4376 3582 4430 λόγ-

1889 4474 2039 4525 γους,
2084 4458 2176 4510 καὶ
2205 4458 2450 4528 εἴπωμεν
2490 4459 2605 4521 πῶς
2646 4459 2919 4530 ἐκράτησε
2958 4462 3213 4532 γαστρὸς,
3257 4462 3373 4525 πῶς
3408 4463 3581 4535 ὑπερ-

1888 4546 1993 4598 εῖδε
2045 4545 2302 4617 τρυφῆς,
2360 4545 2479 4609 πῶς
2521 4547 2855 4613 κατεγέλασε
2900 4548 3178 4619 τραπέζης
3233 4550 3578 4615 πολυτελοῦς,

1890 4632 1982 4684 καὶ
2032 4632 2206 4685 ταῦτα
2248 4634 2305 4686 ἐν
2355 4634 2618 4707 μεγάλῃε
2656 4637 2885 4706 τραφεὶς
2937 4638 3105 4707 οἰκίᾳ.
3167 4637 3269 4689 Ίὸν
3324 4638 3423 4708 μὲν
3471 4640 3579 4710 γὰρ

1889 4722 1948 4773 ὲν
1986 4721 2229 4793 πτωχείᾳ
2269 4722 2573 4791 βεϐιωκότα
2622 4723 2933 4794 θαυμαστὸν
2988 4726 3137 4778 οὐδὲν
3172 4726 3305 4796 πρὸς
3358 4726 3450 4779 τὸν
3484 4728 3581 4780 αὐ-

1889 4807 2115 4878 χμῶντα
2152 4809 2341 4862 τοῦτον
2380 4811 2472 4863 καὶ
2506 4810 2741 4881 σκληρὸν
2777 4811 2891 4882 βίον
2938 4812 3144 4865 ἐλθεῖν·
3189 4813 3303 4885 ἔχει
3333 4813 3442 4885 γὰρ
3478 4815 3580 4884 τὴν

1889 4894 2079 4949 πενίαν
2118 4896 2457 4966 συνέμπορον
2502 4900 2596 4950 καὶ
2640 4899 3039 4970 συνοδοιπόρον,
3069 4900 3127 4952 τὸ
3168 4903 3386 4971 φορτίον
3428 4902 3581 4974 αὑτῷ

1890 4985 2006 5035 κατ’
2031 4984 2268 5053 ἑκάστην
2312 4984 2771 5052 ἐπικουφίζονσαν
2804 4987 2903 5055 τὴν
2930 4987 3177 5058 ἡμέραν·
3204 4990 3232 5043 6
3268 4989 3321 5043 δὲ
3350 4990 3578 5044 πλούτου

1889 5072 2177 5141 γενόμενος
2222 5071 2443 5142 κύριος,
2497 5074 2599 5127 οὐκ
2640 5074 2714 5128 ἂν.
2753 5077 2953 5147 ῥᾳδίως
3002 5077 3102 5139 τὰς
3157 5078 3367 5131 ἐκεῖθεν
3405 5079 3579 5143 λαϐὰς

1887 5158 2242 5212 ἀποδύσαιτο·
2278 5160 2535 5224 τοσοῦτος
2574 5162 2682 5215 τῶν
2722 5165 3044 5233 νοσημάτων
3077 5166 3244 5235 ἐσμὸς
3279 5165 3377 5237 τὴν
3406 5168 3581 5219 τοιαύο

1888 5263 1985 5315 την
2014 5246 2369 5317 περιίπταται
2401 5249 2597 5320 ψυχήν.
2625 5251 2716 5303 Διὸ
2742 5250 2832 5303 καὶ
2861 5250 3110 5324 καθάπερ
3134 5254 3292 5322 νέφος
3322 5254 3465 5324 παθη
3475 5256 3581 5325 μά-

1884 5350 1994 5386 των
2020 5334 2222 5389 πυκνὸν
2248 5336 2342 5389 καὶ
2370 5337 2645 5406 γνοφῶδες
2682 5336 2701 5377 ί
2728 5339 2826 5402 τὰς
2855 5338 2954 5409 τῆς
2982 5338 3229 5404 διανοίας,
3248 5342 3576 5413 διαφράττον

1946 5542 2133 5614 "_C9‘lb.
2154 5544 2395 5614 ὑμετέρων
2413 5546 2602 5614 τρόπων
2626 5548 2817 5614 μεταξύ..
2843 5548 2969 5614 Infra
2997 5549 3118 5606 haec,
3147 5551 3577 5614 ἐπαινεσομαιτοὺς

1884 5605 2186 5677 ρυγδούλοος,
2209 5605 2393 5677 όρεὶιῃι
2412 5605 2461 5677 ἱιξ
2488 5605 2745 5677 l_j_olb.'_nec
2768 5611 2830 5660 ab
2862 5605 3141 5672 interprete
3172 5613 3298 5659 lecta
3330 5605 3463 5671 srinl,
3485 5618 3575 5662 sed

1883 5664 2135 5713 habentur
2159 5668 2208 5713 in
2235 5667 2387 5715 Savil.
2414 5674 2467 5716 el
2493 5670 2668 5718 Morel.

1945 5724 1972 5762 ιι
2019 5726 2157 5795 Coll}.
2217 5728 2423 5799 πάντως.
2483 5731 2679 5837 ’Ώσπεέ
2729 5733 2810 5781 οὖν
2858 5734 2939 5781 καὶ
2991 5734 3133 5789 αὐτὸς
3186 5752 3343 5797 φησι,
3384 5737 3430 5779 λθ
3447 5736 3573 5799 μψά-

1945 5808 1973 5837 ι.
2004 5795 2057 5836 et
2090 5800 2163 5836 51c
2208 5790 2331 5837 lemt
2356 5792 2623 5837 interm-es.
2649 5828 2660 5837 .
2685 5797 2801 5837 am-
2830 5802 2883 5837 et
2906 5796 3079 5837 Μαι-οι-
3108 5803 3158 5837 nr
3184 5800 3233 5837 in
3262 5802 3419 5837 roum,

1883 5806 1973 5847 τω,
2004 5795 2057 5860 (ξι
2090 5790 2179 5859 εἰς),
2208 5790 2331 5860 {egit
2356 5792 2623 5853 interpres.
2648 5790 2802 5845 Savil.
2830 5802 2883 5845 et
2906 5796 3080 5845 Morel.
3108 5803 3163 5844 ut
3184 5790 3421 5845 fn’lex'lu.

1947 5856 1968 5877 (⁵
1997 5850 2033 5897 ιε,
2071 5849 2271 5906 Savnlm,
2300 5866 2384 5906 pro
2406 5857 2533 5906 vulg.
2561 5857 2822 5905 πολυτελεῖ.
2852 5857 2986 5906 Enn.

1962 5864 1968 5877 ῖ
1997 5864 2033 5897 ιο,
2071 5864 2271 5906 navum,
2300 5866 2384 5906 pro
2406 5864 2533 5906 vulg.
2561 5864 2822 5905 πολυτελεῐ.
2852 5864 2986 5906 Enn.

1950 5866 1967 5877 ·-
1997 5866 2033 5897 ιο,
2071 5866 2271 5906 navum,
2300 5866 2384 5912 pro
2406 5866 2533 5914 vnlg.
2561 5866 2822 5905 πολυτελει.
2852 5866 2986 5906 Enn.

1950 5909 1967 5949 ί
1996 5911 2134 5961 ευιι).
2165 5914 2318 5975 ψυχὴν
2346 5916 2429 5962 καὶ
2451 5919 2585 5978 vim;
2612 5920 2905 5982 παθημάτων
2931 5922 3048 5984 βαρύ
3074 5923 3151 5967 κίκι
3174 5917 3397 5983 imam.
