4198 6324
1839 353 1879 360 Ι

513 422 614 478 697

507 538 677 609 ὄφεις,
717 540 818 592 οὐκ
854 538 1048 608 ἀφίησι
1100 537 1235 608 πρὸς
1284 537 1374 588 τὸν
1413 537 1638 605 οὐρανὸν
1677 537 1824 598 ίδείν,
1863 536 1999 590 ἀλλὰ
2039 537 2192 591 κάτω

501 625 682 680 νεύειν
712 627 976 698 βιάζεται,
1023 629 1117 680 καὶ
1158 628 1293 697 πρὸς
1337 626 1434 695 τὴν
1462 626 1565 695 γῆν
1613 627 1920 694 κεχηνέναι.
1955 628 2064 680 Καὶ
2092 629 2192 681 οὐκ

505 714 672 776 ἐστιν,
713 716 816 768 οὐκ
860 715 1008 768 ἐστιν
1040 715 1194 768 οὐδὲν
1233 714 1419 783 ἕτερον
1461 713 1604 765 οὕτω
1647 712 1876 782 κώλυμα
1919 714 2055 785 πρὸς
2092 715 2191 785 τὴν

506 802 819 870 ἀποδημίαν
863 801 973 857 τῶν
1015 802 1260 866 οὐρανῶν
1309 801 1385 863 ὡς
1429 800 1658 862 πλοῦτος
1699 800 1794 853 καὶ
1833 800 1901 852 τὰ
1943 802 2051 854 ἀπὸ
2095 801 2190 854 τοῦ

506 888 735 941 πλούτου
776 890 943 945 κακά.
979 890 1092 942 Οὐκ
1137 887 1268 958 ἐμὸς
1290 881 1447 950 0610;
1477 890 1505 940 0
1535 887 1712 954 λόγος,
1749 887 1863 940 ἀλλ’
1895 888 2060 941 αὐτοῦ
2095 889 2190 942 106

504 973 744 1047 Χριστοῦ
773 976 950 1046 ψῆφός
988 977 1135 1028 ἐστιν
1162 973 1560 1044 ἐξενηνεγμένη
1608 974 1852 1036 εἰπόντος
1872 992 1884 1003 ’
1915 975 2193 1043 Εὑχολώ-

503 1063 679 1129 τερόν
705 1077 728 1100 ι
758 1064 891 1117 ἐστι
925 1062 1206 1132 κάμηλον
1233 1063 1332 1116 διὰ
1364 1061 1748 1129 τρυπήματος
1773 1062 2031 1129 ῥαφίδος
2064 1064 2188 1115 εἱσ-

502 1149 721 1208 ελθεῖν,
747 1151 784 1216 ἢ
815 1153 1116 1203 πλούσιον
1135 1151 1222 1215 εις
1249 1148 1365 1217 τὴν
1390 1149 1721 1212 βαᾰμίείαν
1746 1147 1865 1201 τῶν
1889 1148 2181 1214 οὐρανῶν.

515 1237 654 1289 Ἀλλ’
691 1237 799 1288 ίδοὺ
835 1236 897 1289 10
939 1236 1197 1289 δύσκολον
1224 1234 1404 1297 τούτο,
1437 1235 1637 1305 μᾶλλον
1683 1235 1738 1286 δέ
1778 1234 2056 1296 ἀδύνατον,
2095 1235 2186 1302 γέ-

499 1339 623 1391 γονε
649 1323 868 1376 δυνατόν
899 1339 913 1351 ·
937 1324 1030 1375 καὶ
1056 1313 1088 1376 0
1108 1323 1272 1376 πάλαι
1308 1324 1512 1392 Πέτρος
1535 1323 1728 1390 ἠπόρει
1763 1322 1899 1392 πρὸς
1925 1322 2014 1378 τὸν
2039 1321 2184 1374 διδάο

503 1407 732 1470 σκαλον,
780 1409 876 1461 καὶ
911 1409 1104 1478 μαθεῖν
1143 1408 1346 1479 ἐζήτει,
1387 1409 1543 1462 τοῦτο
1591 1408 1680 1462 διὰ
1723 1407 1824 1476 τῆς
1867 1408 2060 1476 πείρας
2097 1408 2186 1459 αὐ·

499 1495 599 1563 τῆς
656 1495 900 1565 ἔγνωμεν
958 1495 1215 1559 ἅπαντες,
1275 1495 1477 1565 μᾶλλον
1519 1495 1575 1548 δέ
1621 1495 1715 1547 καὶ
1754 1493 1945 1546 τούτου
2000 1493 2181 1546 πλέον.

501 1583 574 1635 Οὐ
615 1584 724 1653 γὰρ
773 1583 836 1653 δὴ
889 1583 1046 1653 μόνον
1087 1576 1242 1645 οὗτος
1286 1585 1365 1645 εἰς
1407 1583 1497 1636 τὸν
1541 1580 1770 1650 οὐρανὸν
1813 1580 2000 1650 ἀνέϐη,
2050 1580 2186 1633 ἀλλά

501 1671 594 1723 καὶ
651 1671 821 1738 δῆμον
870 1672 1078 1738 εἰσάγει
1127 1671 1403 1733 τοσοῦτον,
1463 1669 1599 1737 μετά
1651 1667 1745 1721 106
1794 1666 2026 1720 πλούτου
2093 1669 2187 1720 καὶ

498 1757 660 1828 ἕτερα
709 1757 899 1810 τούτου
950 1760 1047 1828 οὐχ
1100 1760 1299 1828 ἥττονα
1358 1757 1656 1825 κωλύματα
1710 1755 1888 1826 ἔχων,
1953 1755 2184 1822 νεότητα

496 1845 595 1898 καὶ
623 1844 886 1914 ὀρφανίαν
918 1845 1114 1914 ἄωρον,
1161 1843 1197 1897 ἃ.
1241 1845 1420 1899 πᾶσάν
1452 1844 1590 1896 εἰσιν
1639 1842 1942 1912 ἀνθρώπων
1987 1841 2184 1910 μᾶλλον

499 1931 658 1985 ἰκανά
713 1930 1008 2000 γοητεῦσαι
1059 1931 1275 2000 ψυχήνο
1326 1931 1579 1999 τοιαύτας
1642 1930 1862 1998 ἔχουσιν
1925 1928 2180 1998 ἐπῳδάς,

497 2017 723 2072 τοιαῦτα
748 2019 1220 2082 κατασκευάζουσι
1246 2019 1536 2088 φάρμακα.
1579 2018 1724 2070 Ἀλλ’
1756 2019 1905 2086 ὅμως
1930 2018 2023 2068 καὶ
2053 2015 2182 2067 τού-

497 2121 607 2157 των
635 2097 790 2166 οὗτος
820 2105 1093 2176 ἐκράτησε
1116 2106 1166 2168 h,
1205 2109 1298 2158 καὶ
1329 2105 1438 2157 τῶν
1467 2105 1726 2174 οὐρανῶν,
1746 2102 2065 2166 ἐπελάϐετο,
2088 2101 2184 2154 καὶ

499 2193 637 2262 1190;
666 2194 764 2262 τὴν
817 2194 936 2246 ἐκεῖ
975 2193 1297 2262 φιλοσοφίαν
1337 2193 1636 2263 μετέθηκεν
1669 2177 1864 2244 ἐαυτὺν
1885 2233 1897 2255 ,
1930 2193 2025 2246 καὶ
2059 2191 2184 2244 οὐτε

498 2281 597 2350 τὴν
627 2281 991 2350 λαμπρότητα
1024 2280 1119 2332 τοῦ
1167 2281 1434 2348 παρόντος
1473 2280 1723 2349 ἐνενόησε
1770 2279 1905 2347 βίου,
1944 2277 2068 2330 οὐτε
2104 2279 2184 2340 είς

498 2367 596 2436 τήν
616 2367 724 2418 τῶν
756 2368 1038 2437 προγόνων
1073 2369 1429 2436 περιφάνειαν
1469 2362 1576 2418 εἶδε
1598 2382 1611 2394 ·
1653 2366 1853 2436 μᾶλλον
1878 2365 1938 2416 δὲ
1975 2366 2056 2426 είς
2085 2365 2182 2434 τὴν

499 2454 606 2505 τῶν
643 2455 921 2525 προγόνων
956 2450 1061 2506 εἶδε
1100 2454 1479 2523 περιφάνειαν,
1519 2455 1580 2506 οὐ
1612 2454 1725 2504 ’τῶν
1761 2455 1903 2506 κατά
1948 2453 2183 2522 φυσικὴν

497 2548 556 2600 δὲ
579 2548 824 2614 ἀνάγκην
860 2547 1260 2614 συνδεδεμένων
1291 2545 1460 2614 αὐτῷ.
1495 2544 1629 2596 ἀλλά
1671 2542 1780 2596 τῶν
1817 2543 1956 2595 κατά
1991 2541 2185 2612 προαί-

501 2653 652 2705 ρεσιν
680 2633 960 2698 εὐσεϐείας
991 2633 1140 2702 αὐτῷ
1180 2633 1590 2702 προσηκόντων.
1627 2631 1780 2702 [Ml]
1821 2632 1911 2683 Διὸ
1943 2632 2038 2682 καὶ
2070 2648 2180 2682 τοι-

498 2723 653 2783 0610;
679 2722 914 2788 ἐγένετο.
947 2716 1099 2773 Εἷδεν
1126 2723 1206 2783 είς
1236 2721 1327 2772 10v
1365 2721 1709 2789 πατριάρχην
1745 2718 2014 2788 Ἀϐραὰμ,
2043 2714 2182 2769 εἶδεν

499 2812 581 2872 είς
607 2811 698 2862 τὸν
740 2809 913 2878 μέγαν
955 2809 1220 2878 Μωῡσῆν,
1265 2807 1322 2871 ὃς
1356 2809 1412 2858 ἐν
1446 2807 1593 2877 οἰκίᾳ
1641 2808 1871 2876 τραφεὶς
1907 2804 2180 2873 βασιλικῇ,

501 2897 596 2950 καὶ
624 2895 907 2966 τραπέζης
941 2893 1227 2964 μετασχὼν
1252 2894 1642 2964 Συϐαριτικῆς,
1671 2895 1766 2944 καὶ
1790 2890 1992 2960 μεταξύ
2019 2889 2182 2959 0096-

499 2984 610 3042 ϐων
633 2981 969 3054 ἀποληφθεὶς
999 2981 1386 3047 Αἰγυπτιακῶν
1413 2980 1559 3048 (ίστε
1585 2980 1638 3031 δὲ
1663 2969 1753 3031 οἷα
1777 2977 1843 3030 τά
1867 2976 2180 3047 βαρϐάρων,

499 3074 625 3125 ὅσου
680 3071 853 3138 τύφου
905 3071 998 3122 καὶ
1044 3069 1346 3136 φαντασίας
1397 3067 1629 3135 γέμει),
1667 3065 1845 3116 πάντα
1908 3065 2182 3132 ἀτιμάσας

499 3162 704 3220 ἐκεῖνα,
723 3159 859 3227 πρὸς
882 3158 973 3208 τὸν
1000 3157 1167 3225 πηλὸν
1194 3157 1287 3208 καὶ
1311 3156 1410 3226 τὴν
1435 3155 1713 3206 πλινθείαν
1738 3153 2178 3223 ἀπηυτομόλησε,

499 3249 607 3302 τῶν
639 3248 840 3299 δούλων
873 3247 966 3297 καὶ
989 3242 1352 3314 αἰχμαλώτων
1383 3239 1524 3294 εἶναι
1568 3242 1936 3312 ἐπιθυμήσας,
1967 3241 1993 3292 0
2029 3239 2182 3309 βασι-

499 3337 625 3398 λεύς
648 3336 741 3406 καὶ
770 3335 864 3386 106
914 3332 1176 3403 βασιλέως
1210 3331 1342 3393 υίός.
1376 3330 1667 3400 Τοιγάρτοι
1705 3328 1794 3380 διὰ
1838 3328 1994 3380 τοῦτο
2044 3326 2182 3396 μετά

502 3421 886 3492 λαμπροτέρου
927 3419 1088 3472 πάλιν
1115 3417 1341 3488 ἐπανῄει
1371 3417 1465 3469 τοῦ
1515 3418 1814 3486 σχήματος,
1845 3416 1878 3485 ἢ
1917 3415 2181 3484 πρότερον

504 3509 644 3579 ἔχων
685 3507 948 3567 ἀπέϐαλε.
979 3506 1136 3561 Μετὰ
1162 3503 1271 3573 γάρ
1296 3504 1414 3574 ,τὴν
1451 3504 1630 3572 φυγὴν
1657 3503 1751 3555 καὶ
1789 3503 1886 3571 τὴν
1922 3501 2073 3571 παρά
2102 3499 2180 3569 τῷ

503 3597 736 3668 κηδεστῇ
771 3595 1014 3665 θητείαν,
1056 3595 1151 3656 καὶ
1187 3592 1286 3663 τὴν
1317 3593 1409 3644 ἐπὶ
1441 3593 1541 3662 τῆς
1584 3590 1872 3661 ἀλλοτρίας
1899 3589 2179 3641 ταλαιπω-

505 3685 648 3752 ρίαν,
681 3683 911 3752 ἐπανῄει
946 3680 1040 3733 τοῦ
1074 3680 1339 3750 βασιλέως
1368 3678 1694 3748 ἡγούμενος,
1739 3677 1940 3746 μᾶλλον
1977 3676 2035 3728 δέ
2083 3676 2178 3727 τοῦ

505 3771 771 3840 βασιλέως
802 3770 1092 3838 γενόμενος
1123 3767 1243 3829 θεός
1264 3784 1276 3796 ·
1323 3768 1557 3820 Τέθεικά
1590 3767 1698 3835 γάρ
1728 3781 1822 3828 σε,
1855 3765 2008 3833 φησι,
2041 3765 2180 3818 θεὸν

504 3857 733 3925 (ἵζαραῲ.
769 3858 878 3920 K0).
903 3855 1284 3926 λαμπρότερος
1310 3850 1374 3924 ἦν
1401 3853 1495 3923 ’τοῇ
1533 3852 1818 3922 βασιλέως,
1852 3852 1912 3903 οὐ
1946 3851 2178 3919 διάδημα

502 3946 664 4018 εχων,
686 3944 808 4005 οὐδὲ
838 3942 1134 4014 ἁλουργίδα
1164 3941 1564 4011 περικείμενος,
1585 3939 1918 4010 οὐδέςεύγος
1942 3937 2180 3990 ἐλαύνων

501 4032 758 4106 χρυσοῦν,
787 4031 925 4085 ἀλλά
955 4031 1134 4084 πάντα
1169 4032 1375 4087 ἐκεῖνον
1400 4031 1650 4097 πατήσας
1675 4028 1766 4080 τὸν
1793 4026 1981 4095 τῦφον.
2008 4023 2180 4093 Πᾶσα

499 4122 641 4190 γόῳ,
697 4120 902 4189 φησὶν,
957 4119 1009 4185 ἡ,
1051 4116 1201 4187 δόξα
1240 4113 1348 4182 τῆς
1384 4114 1671 4190 θυγατρὸς
1723 4112 1832 4165 τοῦ
1873 4111 2180 4176 ,ϐασιλέως

499 4207 749 4260 ὶὋ-ωθεν.
812 4203 1070 4272 Ἐπανῄει
1115 4203 1294 4254 τοίνυν
1350 4199 1628 4270 σκῆπτρον
1673 4199 1849 4268 ἔχων,
1901 4199 1968 4250 δι’
2015 4197 2043 4248 ὃ
2080 4197 2180 4248 οὐκ

500 4291 812 4362 ἀνθρώποις
855 4290 1074 4341 ἐκέλευε
1113 4288 1293 4357 μόνον,
1327 4287 1441 4338 ἀλλ’
1478 4286 1693 4356 οὐρανῴ
1725 4287 1817 4338 καὶ
1851 4288 1921 4355 γῇ
1955 4285 2048 4336 καὶ
2081 4283 2179 4334 θα-

499 4376 689 4447 λάττῃ,
719 4375 812 4426 καὶ
863 4373 1040 4443 ἀέρων
1082 4374 1177 4424 κειιῖ⁹
1212 4371 1418 4423 ὑδάτων
1465 4367 1649 4437 φύσει,
1697 4370 1788 4421 καὶ
1834 4368 2052 4437 λίμναις
2087 4368 2180 4419 καὶ

501 4465 705 4531 πηγαῖς
736 4463 829 4514 καὶ
861 4463 1146 4530 ποταμοῖς.
1179 4459 1365 4512 Πάντα
1386 4458 1517 4525 γὰρ,
1544 4458 1641 4509 ὃσα
1677 4456 1929 4508 ἐϐούλετο
1955 4458 1982 4507 0
2013 4457 2178 4509 Μωῡ-

502 4540 623 4619 σῆς,
653 4548 828 4614 ταῦτα
869 4548 1078 4614 ἐγίνετο
1116 4548 1183 4597 τά
1229 4547 1500 4613 στοιχεῖα·
1552 4545 1645 4596 καὶ
1672 4545 1728 4595 ἐν
1766 4545 1886 4605 ταῖς
1933 4542 2088 4612 χερσὶ
2123 4543 2178 4595 δὲ

499 4637 663 4691 αὐτοῦ
701 4633 1203 4705 μετεσχηματίζετο
1240 4633 1400 4685 πάλιν
1441 4633 1473 4701 ἠ
1528 4632 1698 4692 κτίσις
1724 4671 1738 4691 ,
1787 4633 1882 4683 καὶ
1927 4631 2176 4702 καθάπερ

501 4723 806 4792 θεράπαινά
837 4739 922 4783 τις
955 4720 1276 4789 εὐγνώμων,
1306 4720 1568 4771 δεσπότου
1605 4718 1756 4786 φίλον
1791 4717 1973 4770 ἰδοῦσα
2000 4735 2176 4788 παρα-

503 4816 810 4881 γενόμενον,
848 4810 1025 4861 πάντα
1055 4807 1303 4858 ἐπείθετο
1340 4807 1432 4858 καὶ
1469 4807 1710 4875 ὑπήκουε
1746 4803 1998 4875 καθάπερ
2029 4801 2177 4873 αὐτῷ

497 4895 576 4966 τῷ
617 4896 882 4967 Δεσπότῃ.
937 4894 1079 4964 H90;
1112 4893 1300 4945 τοῦτον
1347 4894 1442 4945 καὶ
1491 4887 1640 4953 οὗτος
1688 4889 1810 4941 ίδὼν
1846 4899 1892 4952 ο,

498 4981 726 5049 ἐγίνετο,
758 4983 850 5033 καὶ
882 4980 1055 5032 ταῦτα
1082 4979 1197 5042 νέος
1220 4979 1316 5042 ὢν,
1349 4980 1396 5031 εἰ
1428 4980 1627 5048 δήποτε
1655 4978 1748 5028 καὶ
1775 4976 1991 5043 ἐγένετο
2020 4975 2139 5037 νέος
2159 4993 2172 5006 ·

497 5069 557 5122 οὐ
594 5067 703 5138 γὰρ
737 5068 912 5135 ἐγωγε
966 5067 1259 5145 πείθομαι·
1308 5067 1480 5128 οὐτως
1532 5066 1590 5129 ἐξ
1643 5064 1823 5116 αὐτῶν
1873 5062 2023 5133 αὐτῴ
2067 5061 2175 5114 τῶν

499 5156 829 5229 σπαργάνων
859 5156 1039 5229 πολιὴν
1063 5156 1244 5225 ,φρόνη
1255 5173 1329 5225 μα
1353 5151 1438 5224 ἦν.
1475 5154 1634 5205 Ἀλλά
1665 5153 1756 5204 καὶ
1785 5151 1924 5203 κατά
1958 5151 2049 5202 τὸν
2074 5151 2176 5220 τῆς

497 5228 710 5311 ἡλικίας
739 5242 894 5308 λόγον
918 5228 1043 5318 νέοξ
1059 5229 1154 5305 ὧν,
1186 5243 1366 5311 πάσης
1390 5241 1707 5308 φιλοσοφίας
1733 5238 2046 5298 ἐπελάϐετο,
2082 5239 2175 5290 καὶ

496 5327 832 5398 καταμαθὼν
854 5328 949 5399 τὴν
973 5328 1133 5397 φύσιν
1156 5329 1254 5398 τὴν
1285 5328 1559 5398 ἡμετέραν
1588 5328 1668 5378 ὅτι
1699 5325 1952 5394 καθάπερ
1975 5325 2174 5393 χωρίον

494 5416 645 5468 ἐστὶν
666 5415 984 5486 ὐλομανοῦν,
1001 5415 1070 5467 τά
1089 5417 1187 5482 μέν
1204 5417 1484 5484 νοσήματα
1499 5416 1596 5484 τῆς
1613 5413 1792 5482 ψυχῆς
1818 5411 2053 5482 τῷλόγῳ
2077 5413 2174 5480 τῆς

495 5502 796 5566 εὐσεϐείας,
817 5503 1069 5572 καθάπερ
1087 5503 1326 5573 δρεπάνῃ
1352 5503 1478 5566 τινὶ,
1498 5501 1690 5572 ῥαδίως
1711 5500 1993 5565 ἐξέκοπτε,
2010 5499 2175 5552 καθα-

1940 4890 2176 4951 τοιοῦτος

557 5738 585 5797 ξι
608 5737 859 5786 (Ζοὶί).άλλ’
887 5738 932 5792 ἐξ
955 5739 1110 5784 αὐτῶν
1131 5739 1160 5792 ἡ
1187 5739 1339 5797 ψῆφος
1354 5736 1691 5791 καταϐέϐηκεν·
1710 5733 2167 5796 Εὐκοπώτερονγάρ.

555 5796 584 5838 b
604 5797 736 5859 Colb.
774 5799 893 5846 ἀλλὰ
915 5800 1094 5846 τούτων
1118 5796 1254 5851 0610;
1279 5797 1437 5859 ἐκράτ.

553 5860 582 5894 ο
603 5858 739 5911 Colb.
767 5861 994 5923 δεσπότῃ,
1037 5859 1151 5924 πρὸς
1175 5861 1226 5907 ὃν
1250 5857 1386 5914 οὗτος
1409 5859 1539 5918 ἰδών,
1563 5860 1618 5906 ct
1637 5857 1704 5907 sic
1729 5859 1854 5920 legit
1895 5857 2162 5920 interpres.

1296 422 1354 478 S.
1396 421 1685 478 JOANNIS
1723 420 2219 479 CHRYSOSTOMI
2260 424 2574 480 ARCHIEP.
2619 421 3167 482 CONSTANTINOP.

3871 423 3990 482 698

2296 537 2394 610 90;
2416 537 2669 608 παρέχων
2684 539 2761 609 τῷ
2777 537 3007 609 γεωργῷ
3030 539 3131 602 τὰς
3146 537 3386 610 ἀρούρας
3407 539 3542 610 1:90;
3565 541 3665 612 τὴν
3688 540 3798 596 τῶν
3815 559 3988 612 σπερ-

2296 626 2482 696 μάτων
2514 626 2840 696 καταϐολὴν,
2867 627 2962 678 καὶ
2988 625 3276 696 δεχόμενος
3303 626 3539 690 ἅπαντα,
3558 627 3696 699 πρὸς
3722 629 3785 681 10
3811 628 3992 698 βάθος

2295 714 2692 784 παρέπεμπεν·
2723 713 2867 766 ὥστε
2907 713 3154 766 κάτωθεν
3195 713 3495 784 ριζωθέντα
3532 716 3672 786 μήτε
3713 716 3853 788 πρὸς
3877 716 3992 785 τὴν

2291 800 2390 868 τῆς
2420 802 2638 862 ἀκτῖνος
2662 801 2902 854 ἐνδοῦναι
2926 800 3251 871 προσϐολὴν,
3285 804 3420 872 μήτε
3450 801 3556 855 ὐπὸ
3582 802 3694 855 τῶν
3721 789 3991 857 ἀκανθῶν

2291 885 2659 956 ἀποπνιγῆναι
2713 887 2894 940 πάλιν.
2945 886 3105 943 Ἀλλά
3135 887 3234 957 τὴν
3272 890 3375 957 μὲν.
3412 889 3591 958 ψυχὴν
3642 889 3991 959 ἐθεράπευεν

2290 974 2470 1027 οὐτωε
2508 975 2579 1028 τά
2608 975 2665 1028 δὲ
2711 976 2811 1046 τῆς
2855 976 3055 1046 σαρκὸς
3089 978 3436 1046 σκιρτήματα
3477 980 3591 1040 τοῖς
3637 979 3737 1045 τῆς
3767 979 3990 1048 ἐγκρα-

2289 1062 2441 1125 τείας
2463 1062 2774 1133 φαρμάκοις
2797 1062 3172 1125 κατέστελλεν,
3192 1061 3382 1133 ὥσπερ
3409 1064 3562 1132 ἵππῳ
3585 1065 3693 1117 τινὶ
3712 1064 3986 1135 δυσηνίῳ,

2289 1150 2367 1219 τῷ
2401 1149 2617 1220 σώματι
2663 1150 2754 1202 τὸν
2801 1149 2911 1202 ἀπὸ
2957 1149 3056 1220 τῆς
3103 1149 3356 1218 νηστείας
3404 1149 3620 1220 χαλινὸν
3664 1151 3986 1221 ἐμϐάλλων,

2290 1239 2383 1290 καὶ
2423 1239 2586 1310 μέχρι
2632 1237 2892 1290 τοσούτου
2939 1239 3131 1290 τείνων
3161 1235 3368 1300 ὀπίσω,
3403 1238 3481 1300 ὡς
3527 1239 3670 1291 αὐτά
3698 1238 3808 1290 τῶν
3850 1239 3987 1291 ἐπι-

2289 1324 2500 1395 θυμιῶν
2521 1326 2752 1396 αίμάξαι
2777 1327 2846 1379 τὰ
2876 1326 3120 1397 στόματα
3152 1325 3290 1395 μετά
3312 1326 3412 1395 τῆς
3443 1326 3828 1396 προσηκούσης
3861 1342 3980 1394 φει-

2287 1413 2434 1476 δοῦς.
2472 1414 2613 1468 Οὐτε
2641 1415 2749 1486 γὰρ
2778 1414 3058 1469 κατέτεινε
3095 1413 3158 1467 10
3187 1414 3369 1482 σῶμα,
3414 1413 3558 1466 ὥστε
3594 1413 3671 1484 μὴ
3709 1412 3990 1482 συμποδι-

2289 1498 2485 1554 σθέντα
2529 1503 2622 1553 τὸν
2667 1502 2831 1554 ἵππον
2878 1501 3150 1571 ἄχρηστον
3194 1499 3343 1568 αὐτῷ
3384 1498 3640 1566 γενέσθαι
3689 1499 3827 1569 πρὸς
3875 1499 3986 1568 τὴν

2286 1585 2591 1650 διακονίαν,
2628 1587 2753 1640 οὐτε
2787 1590 2864 1651 είς
2909 1589 3009 1658 τὴν
3049 1588 3190 1656 ἄγαν
3233 1587 3444 1653 εὐεξίαν
3494 1587 3755 1657 ἐμπεσεῖν
3795 1587 3983 1656 ἠφίει,

2291 1677 2498 1744 μήποτε
2537 1675 2966 1746 πολυσαρκήσας
3019 1675 3210 1740 πάλιν,
3259 1675 3634 1746 κατεξαναστῇ
3686 1673 3781 1728 τοῦ
3827 1676 3984 1746 ήνιοο

2289 1759 2510 1830 χοῦντος
2547 1759 2707 1814 αὐτὸν
2747 1760 3031 1831 λογισμοῦ,
3058 1760 3172 1813 ἀλλ’
3198 1760 3333 1830 ὁμοῦ
3371 1762 3466 1813 καὶ
3501 1761 3602 1830 τῆς
3635 1761 3844 1828 ὑγιείας
3873 1759 3981 1814 αὐ-

2285 1847 2380 1900 τοῦ
2411 1850 2507 1901 καὶ
2535 1850 2633 1918 τῆς
2663 1848 2914 1913 εὐταξίας
2948 1844 3284 1919 ἐπεμελεῖτο.
3315 1849 3423 1900 Καὶ
3465 1849 3588 1917 οὐχὶ
3620 1849 3738 1909 νέος
3768 1849 3867 1916 μὲν
3898 1847 3982 1900 ὣν

2285 1936 2528 2000 τοιοῦτος
2564 1932 2655 2006 ἦν,
2689 1937 2880 2007 ἐπειδὴ
2915 1936 2972 1989 δὲ
3023 1935 3273 2006 παρῆλθε
3315 1935 3414 2006 τὴν
3466 1935 3684 2006 ήλικίαν
3729 1935 3978 2004 ἐκείνην.

2287 2022 2382 2074 καὶ
2418 2022 2515 2091 τὴν
2544 2023 2797 2092 πρόνοιαν
2827 2022 3032 2093 ταύτην
3075 2023 3282 2083 ἔλυσεν,
3315 2023 3454 2076 ἀλλά
3489 2023 3584 2075 καὶ
3624 2022 3741 2087 νῦν,
3765 2023 3856 2074 ὅτε
3897 2022 3984 2084 ὡς

2285 2110 2343 2160 ἐν
2377 2109 2537 2178 εὐδίῳ
2566 2108 2745 2179 λιμένι
2796 2109 2875 2178 τῷ
2920 2112 3070 2180 γήρᾳ
3117 2109 3382 2180 κάθηται,
3425 2110 3527 2179 τῆς
3571 2109 3743 2178 αὐτῆς
3786 2108 3981 2180 ἔχεται

2287 2196 2604 2264 ἐπιμελείας
2630 2196 2782 2267 [442]
2815 2197 2998 2249 πάλιν.
3037 2197 3101 2248 Ἦ
3150 2198 3246 2266 μὲν
3285 2197 3395 2267 γὰρ
3438 2197 3650 2266 νεότης,
3696 2197 3979 2265 ἀγαπητὴ

2288 2281 2515 2348 πελάγει
2564 2284 2851 2352 προσέοικε
2898 2275 3253 2354 μαινομένῳ,
3308 2284 3572 2353 κυμάτων
3605 2285 3816 2354 ἀγρίων
3873 2287 3984 2338 καὶ

2288 2369 2614 2436 τωευμάτων
2662 2371 2885 2438 γέμοντι
2938 2371 3222 2440 πονηρῶν·
3279 2373 3311 2442 ἡ
3362 2372 3420 2423 δέ
3453 2371 3616 2424 πολιά
3660 2372 3850 2441 ὥσπερ
3893 2373 3982 2436 εις

2285 2453 2482 2523 λιμένα
2509 2456 2825 2526 ἀκύμαντον
2855 2449 3091 2519 τάςτῶν
3117 2459 3505 2526 γεγηρακότων
3523 2458 3740 2528 ὁρμίζει
3759 2458 3978 2529 ψυχάς,

2287 2543 2603 2610 παρέχουσα
2654 2547 2719 2612 τῇ
2763 2545 2916 2614 παρά
2964 2546 3063 2614 τῆς
3111 2546 3328 2615 ἡλικίας
3361 2547 3634 2615 ἐντρυφᾷν
3674 2546 3978 2618 ἀσφαλείᾳ.

2287 2629 2504 2698 Ταύτης
2534 2632 2626 2681 καὶ
2663 2625 2820 2691 οὐτος
2854 2631 3143 2683 ἀπολαύων
3182 2631 3298 2694 νῦν,
3333 2632 3428 2684 καὶ
3457 2633 3514 2683 ἐν
3543 2633 3622 2702 τῷ
3649 2632 3850 2701 λιμένι,
3896 2634 3983 2696 ὡς

2285 2714 2457 2783 ἔφθην
2502 2715 2710 2778 είπὼν,
2769 2717 3112 2786 καθήμενος,
3164 2717 3273 2770 τῶν
3308 2721 3367 2770 ἐν
3404 2719 3555 2788 μέσῳ
3599 2719 3826 2786 πελάγει
3875 2736 3984 2773 σα-

2284 2801 2548 2854 λευόντων
2571 2803 2669 2873 οὐχ
2692 2800 2856 2873 ἧττόν
2889 2808 3036 2856 ἐστιν
3059 2805 3347 2872 ἐναγώνιος
3369 2822 3382 2834 ⁸
3419 2807 3510 2858 καὶ
3535 2806 3722 2858 τοῦτον
3750 2807 3985 2872 ἐδέξατο

2285 2889 2435 2959 παρά
2473 2890 2566 2942 τοῦ
2598 2891 2811 2944 Παύλου
2845 2892 2937 2943 τὸν
2968 2892 3152 2959 φόϐον,
3193 2893 3251 2954 ὃς
3283 2893 3462 2945 καίτοι
3501 2895 3582 2955 είς
3625 2894 3715 2946 10v
3740 2895 3984 2963 οὐρανὸν

2285 2977 2513 3041 ἀναϐὰς,
2547 2982 2642 3030 καὶ
2670 2978 2762 3030 τὸν
2795 2979 2912 3047 μετ’
2941 2980 3148 3030 ἐκεῖνον
3174 2979 3505 3049 διαδραμὼν,
3533 2984 3629 3032 καὶ
3656 2980 3752 3033 τοῦ
3780 2982 3983 3050 τρίτου

2285 3065 2447 3118 πάλιν
2479 3067 2778 3135 ἁψάμενος,
2805 3066 2959 3136 ἔλεγε
2986 3085 2999 3096 °
3030 3067 3328 3135 Φοϐοῦμαι
3345 3068 3586 3136 μήπως,
3615 3069 3825 3135 ἄλλοις
3855 3088 3984 3139 κη·

2276 3141 2494 3218 ρύξας,
2530 3153 2716 3218 αὐτὸς
2745 3153 3031 3222 ἀδόκιμος
3062 3154 3336 3223 γένωμαι.
3372 3155 3473 3207 Διά
3504 3156 3663 3207 τοῦτο
3689 3157 3779 3208 καὶ
3811 3152 3985 3222 οὗτος

2283 3240 2340 3290 ἐν
2376 3239 2618 3310 διηνεκεῖ
2653 3241 2989 3308 κατέστησεν
3027 3242 3222 3294 ἐαυτὸν
3254 3242 3436 3310 φόϐῳ,
3479 3243 3565 3294 ἵνα
3608 3243 3875 3310 διηνεκῶς
3917 3248 3985 3298 ἐν

2284 3326 2359 3395 τῷ
2392 3327 2616 3398 θαρρεῖν
2659 3325 2713 3401 ᾗ,
2748 3335 2842 3380 καὶ
2878 3331 3114 3398 κάθηται
3143 3332 3235 3380 ἐπὶ
3271 3329 3377 3382 τῶν
3405 3331 3627 3388 οἰάκων,
3659 3332 3758 3383 οὐκ
3801 3333 3979 3386 ἀστέ-

2287 3430 2394 3483 ρων
2418 3413 2444 3453 (1
2473 3416 2729 3479 ἐπιτολὰς
2760 3417 3116 3486 παρατηρῶν,
3144 3416 3264 3476 οὐδέ
3287 3416 3525 3486 ὑφάλους
3555 3419 3648 3470 καὶ
3677 3418 3988 3483 σπιλάδας,-

2283 3500 2418 3552 ἀλλὰ
2446 3501 2718 3569 δαιμόνων
2747 3501 3168 3566 ἐπαναστάσεις,
3200 3506 3296 3556 καὶ
3324 3504 3569 3556 διαϐόλου
3603 3506 3974 3576 κακουργίας,

2283 3588 2376 3638 καὶ
2399 3587 2678 3657 λογισμῶν
2714 3590 2913 3658 μάχας,
2945 3590 3037 3642 καὶ
3067 3589 3251 3659 κύκλῳ
3288 3590 3380 3643 τοῦ
3415 3591 3780 3659 στρατοπέδου
3810 3609 3974 3662 περι-

2285 3675 2398 3737 ιὼν,
2425 3674 2668 3738 ἅπαντας
2701 3678 2757 3727 ἐν
2784 3678 3056 3748 ἀσφαλείᾳ
3085 3679 3428 3749 καθίστησιν.
3468 3680 3542 3731 Οὐ
3573 3678 3680 3749 γὰρ
3713 3680 3859 3740 ὅπως
3891 3681 3974 3751 μὴ

2285 3760 2606 3832 βαπτισθείη
2638 3764 2698 3815 τὸ
2725 3767 2929 3831 σκάφος
2951 3768 3145 3818 σκοπεῖ
3177 3766 3356 3836 μόνον,
3378 3765 3495 3818 ἀλλ’
3525 3767 3672 3828 ὅπως
3697 3767 3830 3834 μηδέ
3853 3768 3974 3820 τῶν

2282 3847 2626 3916 ἐμπλεόντων
2669 3867 2750 3910 τις
2779 3851 3062 3922 πειραθείη
3105 3851 3337 3922 θορύϐου
3366 3852 3539 3913 τινὸς,
3571 3853 3785 3908 ἅπαντα
3819 3870 3974 3922 πρα-

2282 3934 2633 4003 γματεύεται,
2666 3938 2773 4001 Διά,
2787 3937 2974 3989 τοῦτον
3000 3940 3107 3991 καὶ-
3131 3939 3230 4010 τήν
3260 3939 3452 3992 τούτου
3483 3941 3676 4007 σοφίαν
3710 3943 3868 4010 ἡμεῖς
3907 3939 3974 4006 ἐξ

2281 4021 2469 4090 οὐρίας
2511 4022 2745 4092 πλέομεν
2786 4025 3058 4089 ἅπαντες,
3101 4027 3280 4098 πλήρη
3319 4028 3388 4079 τά
3441 4029 3586 4080 ίστία
3628 4029 3972 4092 πετάσαντες

2281 4107 2380 4177 τῆς
2406 4108 2552 4178 νηός,

2351 4289 2411 4341 δ’.
2446 4290 2638 4344 Καίτοι
2669 4307 2733 4358 γε
2755 4291 2843 4342 ὅτε
2866 4293 2958 4343 τὸν
2983 4292 3245 4362 πρότερον
3277 4293 3492 4363 πατέρα
3511 4293 3878 4365 ἀπεϐάλομεν,
3903 4297 3970 4362 ὃς

2282 4377 2376 4428 καὶ
2410 4376 2596 4431 τοῦτον
2639 4371 2767 4448 ήμίν
2801 4380 3126 4460 ἐγέννησεν,
3145 4382 3201 4432 ἐν
3246 4381 3451 4451 ἀπορία
3481 4381 3551 4433 τά
3587 4383 3840 4452 ἡμέτερα
3865 4380 3966 4455 ἦν.

2283 4466 2374 4517 Διὸ
2407 4466 2502 4518 καὶ
2545 4466 2792 4528 ἐλεεινῶς
2831 4467 3193 4538 ἐθρηνοῦμεν,
3217 4469 3291 4531 ὼς
3316 4471 3378 4521 οὐ
3426 4470 3832 4539 προσδοκῶντες
3866 4473 3968 4526 τὸν

2284 4554 2471 4623 θρόνον
2495 4554 2687 4610 ,τοῦτον
2712 4557 2898 4627 ἕτερον
2926 4556 3095 4626 ἄνδρα
3130 4556 3367 4609 τοιοῦτον
3389 4557 3634 4621 δέξεσθαι
3655 4569 3700 4610 ει.
3739 4560 3966 4632 Ἐπειδὴ

2281 4645 2336 4696 δὲ
2370 4639 2525 4707 οὗτος
2559 4647 2732 4715 ἐφάνη
2762 4648 2856 4698 καὶ
2895 4645 3174 4716 παρῆλθεν
3204 4649 3284 4709 είς
3320 4647 3504 4717 μέσον,
3533 4649 3714 4700 πᾶσαν
3741 4648 3968 4718 ἐκείνην

2279 4732 2377 4801 τὴν
2408 4733 2648 4802 ἀθυμίαν
2678 4733 2971 4804 παρελθεῖν
3016 4735 3294 4803 ἐποίησεν,
3337 4734 3528 4804 ῶσπερ
3553 4735 3737 4803 νέφος,
3767 4737 3860 4788 καὶ
3890 4740 3967 4792 τὰ

2282 4817 2580 4889 σκυθρωπά
2625 4819 2938 4889 ἀπέκρυψεν
2970 4820 3204 4886 ἅπαντα,
3239 4821 3300 4874 οὐ
3344 4821 3488 4874 κατά
3522 4822 3718 4890 μικρὸν
3751 4821 3961 4886 ἐξαλεί-

2282 4922 2396 4972 φων
2446 4908 2579 4974 ἡμῖν
2610 4906 2672 4957 10
2719 4907 2946 4969 πένθος,
2991 4907 3105 4960 ἀλλ’
3133 4907 3305 4972 οὕτως
3352 4910 3571 4979 ἀθρόον,
3621 4911 3704 4972 ὡς»
3739 4910 3884 4963 ἀντὶ
3931 4917 3962 4964 0

2284 4993 2556 5064 μακάριος
2584 4995 2744 5056 αὐτὸς
2775 4996 2983 5057 ἐκεῖνος
3017 4996 3127 5046 01:0
3152 4996 3251 5064 τῆς
3285 4996 3554 5065 λάρνακος
3583 4997 3846 5068 ἀναστάς,
3865 4998 3967 5051 ἐπὶ

2279 5082 2370 5133 τὸν
2414 5081 2599 5150 θρόνον
2645 5082 2816 5150 ἀνέϐη
2869 5083 3031 5134 πάλιν
3078 5085 3286 5135 τοῦτον.
3339 5083 3496 5137 Ἀλλά
3539 5085 3658 5154 γὰρ.
3692 5084 3963 5152 ἐλάθομεν

2281 5169 2544 5240 ἐπιθυμίᾳ
2595 5170 2877 5240 πατρικῶν
2924 5171 3361 5241 κατορθωμάτων
3411 5172 3552 5241 πέρα
3602 5171 3697 5224 τοῦ
3755 5172 3962 5241 μέτρου

2280 5258 2404 5319 τοὺς
2432 5257 2623 5324 λόγους
2658 5255 2965 5324 ἐξάγοντες,
3001 5259 3060 5312 οὐ
3093 5258 3184 5309 τοῦ
3225 5258 3424 5327 μέτρου
3465 5257 3573 5310 τῶν
3605 5258 3781 5328 τούτῳ
3823 5276 3963 5322 κατ-

2279 5345 2643 5415 ωρθωμένων,
2677 5347 2880 5397 τούτων
2911 5345 3020 5415 γὰρ
3064 5346 3277 5398 οὐδέπω
3325 5345 3636 5415 ἠρξάμεθα,
3674 5346 3812 5400 άλλά
3857 5347 3960 5400 106

2277 5433 2646 5501 προσήκοντος
2674 5434 2830 5502 ήμῶν
2860 5437 2923 5503 τῇ
2969 5433 3183 5503 νεότητι
3213 5433 3256 5485 τ.
3291 5434 3426 5503 Φέρε
3466 5430 3595 5498 οὖν,
3638 5433 3829 5505 ῶσπερ
3875 5436 3965 5500 εἰς

2340 5669 2365 5737 ἢ
2391 5669 2473 5737 _S_ic
2491 5670 2638 5737 ngil.
2655 5679 2709 5720 et
2733 5675 2870 5722 Colh.
2898 5682 3056 5722 recte.
3082 5676 3255 5722 Morel.
3281 5686 3400 5722 vero
3426 5677 3505 5737 καὶ
3531 5676 3765 5737 ἀστέρων.

2276 5734 2364 5847 8,;
2394 5733 2636 5841 hfl)ore|.el
2662 5736 2808 5783 Savil.
2835 5738 2884 5783 in
2913 5750 3063 5798 marg.
3100 5735 3557 5790 01’550001.Savi|.in
3583 5733 3723 5785 leilu
3749 5743 3799 5785 el
3818 5737 3973 5790 Colb.‘

2305 5809 2326 5841 ε
2353 5809 2414 5841 ασ
2444 5811 2510 5843 αι.

2344 5833 2363 5894 λ’
2394 5833 2580 5907 10-11200
2604 5856 2769 5918 verba,
2788 5863 2845 5920 τῇ
2868 5859 3069 5918 νεότητι,
3093 5857 3274 5907 desinit
3298 5856 3454 5906 Savilf
