4158 6316
671 367 776 422 699

667 481 762 538 sed
816 483 951 538 ultra
1010 482 1425 538 mediocritatem
1471 493 1667 538 nostrae
1717 483 2006 553 iuventutis
2034 485 2075 544 ⁸,
2117 485 2249 554 Age-

667 577 788 627 alum
815 575 971 643 igitur
990 589 1175 627 rursus
1201 573 1342 628 velut
1384 574 1434 626 in
1461 583 1673 644 portum
1711 574 2007 627 orationem
2036 573 2252 628 silentio

664 666 727 719 ad
753 664 983 739 quietem
1005 679 1344 718 revocemus:
1379 653 1628 718 caeterum
1646 679 1710 718 ea
1731 664 1975 719 desinere
1993 679 2094 718 non
2119 663 2249 729 vult,

663 757 754 810 sed
775 772 915 825 mgre
935 754 1057 820 fert,
1074 755 1479 825 indignaturque
1497 755 1716 824 cupiens
1734 763 1845 809 toto
1865 751 2014 824 prato
2025 755 2248 824 expleri.

667 846 858 901 Verum
875 846 925 900 id
952 846 1277 916 impossibile
1294 856 1404 912 est,
1433 862 1465 900 ο
1488 847 1659 916 pueri.
1684 847 1996 902 Desinamus
2013 849 2170 916 igitur
2189 863 2250 900 ea

667 939 942 1008 persequi,
965 955 1084 1009 quae
1117 954 1218 992 non
1252 953 1532 1009 possumus
1552 940 1793 1010 assequi;
1814 938 2252 994 sufficiantnobis

661 1029 725 1083 ad
753 1031 996 1084 solatium
1051 1045 1112 1083 ea
1159 1046 1275 1100 quae
1321 1029 1459 1084 dicta
1510 1040 1652 1085 sunt.
1706 1030 2147 1099 Quandoquidem
2196 1031 2246 1083 in

663 1121 905 1189 pretiosis
933 1123 1215 1191 unguentis
1236 1137 1338 1174 non
1363 1129 1564 1175 tantum
1600 1121 1644 1176 si
1680 1122 1800 1191 quis
1827 1120 2062 1176 effundat
2100 1122 2251 1190 lccy-

662 1213 809 1265 thum
832 1253 846 1277 ,
866 1228 1050 1266 verum
1072 1212 1228 1267 etiam
1256 1213 1299 1266 si
1321 1213 1441 1282 quis
1471 1213 1553 1267 vel
1585 1213 1807 1266 summis
1846 1208 2024 1282 digitis
2066 1227 2251 1281 snper-

662 1304 832 1358 ficiem
859 1305 1082 1374 attingat
1103 1346 1115 1367 ,
1141 1313 1194 1358 et
1215 1319 1396 1358 aerem
1426 1319 1564 1357 novo
1590 1304 1770 1358 colore
1806 1304 1995 1370 tinxit,
2015 1313 2067 1358 et
2092 1312 2250 1372 quoto

659 1404 787 1463 quot
813 1396 1040 1459 adsunt,
1073 1395 1330 1448 suavitate
1373 1393 1672 1464 fragrantia:
1704 1394 1950 1463 replevit.
1994 1391 2146 1459 Quod
2197 1401 2252 1446 et

641 1489 711 1540 ’in
746 1487 1024 1554 praesentia
1056 1486 1304 1552 contigit,
1337 1501 1442 1540 non
1469 1486 1668 1540 viribus
1689 1486 2008 1555 eloquentiae
2029 1495 2248 1549 nostraa,

660 1577 754 1631 sed
804 1585 1018 1646 pr0pter
1045 1577 1150 1630 vim
1201 1577 1268 1630 ab
1318 1577 1422 1633 hoc
1463 1578 1601 1631 bene
1643 1585 1937 1646 gestorum.
1985 1576 2251 1630 Abeamus

660 1669 832 1737 igitur,
882 1669 1134 1722 abeamus
1180 1668 1246 1721 ad
1292 1683 1478 1736 preces
1517 1667 1876 1730 divertentes,
1904 1660 2252 1735 deprecemur

661 1761 824 1813 Deum
848 1801 862 1824 ,
894 1758 1268 1813 utcomtuunis
1295 1767 1463 1812 mater
1494 1767 1674 1810 nostra
1698 1756 1996 1810 illabefacta
2043 1765 2098 1810 et
2147 1756 2250 1809 im-

659 1862 799 1907 mota
821 1861 1048 1916 maneat,
1076 1859 1132 1903 ut
1159 1850 1297 1907 hunc
1332 1858 1559 1918 patrem,
1586 1847 1883 1913 doctorem,
1907 1855 2172 1916 pastorem
2199 1855 2252 1900 et

657 1944 1101 2013 gubernatorem,
1137 1941 1203 1995 ad
1260 1943 1471 2012 longam
1514 1940 1772 2010 producat
1820 1940 2003 1993 vitam.
2035 1938 2091 1993 Si
2142 1953 2246 2007 qua

656 2036 808 2090 vobis
836 2035 995 2089 etiam
1037 2034 1207 2088 nostri
1255 2035 1391 2086 ratio
1431 2024 1545 2096 eSt;
1580 2046 1753 2100 neque
1802 2031 1944 2086 enim
1986 2029 2096 2099 jam
2151 2043 2250 2083 nos

659 2129 802 2195 ipsos
849 2127 902 2180 in
957 2125 1296 2179 sacerdotum
1347 2137 1569 2177 numero
1638 2136 1836 2192 ponere
1905 2120 2245 2188 audebimus,

687 2343 696 2351 _
725 2283 737 2310 ¹
773 2275 823 2325 lu
851 2280 939 2323 Iw:
966 2278 1183 2335 verbum,
1212 2275 1490 2338 jnventutis,
1516 2275 1697 2336 desinit
1734 2274 1874 2326 savii.
1919 2273 2113 2337 Reliqua
2135 2272 2254 2322 deﬂ-

657 2355 729 2392 Clit

1381 369 1437 426 S.
1476 370 1753 427 JOANNIS
1790 371 2263 429 CHRYSOSTOMI
2305 373 2624 437 ARCHIEP.
2665 379 3204 439 CONSTANTINOP.

3833 381 3936 437 700

2358 490 2571 558 quando
2603 507 2701 547 nec
2731 493 2806 550 l‘as
2839 503 2923 549 est
2947 497 3214 551 abortivos
3247 507 3428 567 partus
3453 512 3575 554 cum
3601 499 3862 572 legitimis
3881 516 3938 554 ac

2359 579 2608 647 perfectis
2635 598 2918 639 numerare
2943 602 2957 650 ;
2988 585 3127 656 quod
3155 586 3196 640 si
3229 602 3330 656 qua
3351 629 3366 654 ,
3397 588 3610 658 inquam
3633 631 3649 654 ,
3685 600 3770 645 est
3797 593 3934 650 apud

2358 684 2452 724 vos
2480 680 2532 725 et
2575 675 2741 727 nostri
2773 675 2908 729 ratio
2947 693 3194 746 umquam
3246 677 3383 733 fetus
3427 681 3700 749 cujusdam
3749 682 3936 736 abortu

2357 762 2509 831 ejecti
2532 806 2547 831 ,
2577 774 2726 820 orate
2770 775 2827 821 ut
2873 784 2903 821 e
2925 769 3169 837 supernis
3197 771 3350 825 nobis
3388 773 3586 827 multus
3611 775 3834 830 accedat
3860 776 3938 828 vi-

2356 870 2471 923 gor.
2526 856 2670 926 Opus
2719 858 2931 926 quidem
2964 871 3077 915 erat
3131 863 3281 916 nobis
3319 873 3374 918 et
3405 867 3549 932 prius
3596 867 3780 931 tutela,
3813 867 3936 921 dum

2357 945 2456 999 soli
2483 946 2641 1000 vitam
2673 947 2986 1016 degeremus
3009 962 3038 1004 a
3059 954 3278 1021 negotiis
3302 954 3521 1010 liberam
3546 965 3635 1010 :at
3657 966 3937 1026 postquam

2359 1037 2409 1091 in
2452 1038 2682 1093 medium
2713 1039 2952 1109 producti
3001 1055 3213 1108 sumus;
3245 1044 3433 1098 omitto
3480 1047 3779 1115 quomodo,
3829 1048 3938 1102 sive

2357 1130 2590 1184 humano
2653 1133 2858 1200 studio,
2911 1133 3022 1189 sive
3091 1134 3272 1191 favore
3325 1137 3556 1193 divino:
3611 1139 3746 1193 nihil
3796 1141 3936 1194 enim

2359 1223 2632 1278 vobiscum
2688 1224 2785 1279 hac
2826 1225 2892 1278 de
2944 1241 3001 1280 re
3020 1228 3373 1294 contendam,
3407 1245 3474 1283 ne
3514 1231 3600 1284 cui
3636 1230 3821 1284 videar
3847 1245 3938 1300 per

2356 1313 2831 1369 dissimulationem
2883 1325 2936 1370 et
2968 1317 3190 1372 ironiam
3237 1319 3412 1388 loqui;
3440 1329 3670 1375 attamen
3727 1322 3937 1390 quando

2359 1405 2597 1472 producti
2647 1422 2862 1472 sumus,
2917 1423 2980 1462 ac
3013 1409 3194 1478 jugum
3252 1409 3355 1465 hoc
3398 1411 3627 1465 validum
3674 1427 3938 1480 graveun

2355 1498 2688 1564 suscepimus
2707 1538 2721 1561 ,
2759 1497 2940 1551 multis
2968 1499 3122 1553 nobis
3148 1515 3282 1570 Opus
3305 1511 3387 1556 est
3416 1503 3657 1556 manibus
3676 1541 3694 1568 ,
3721 1502 3938 1556 inlinitis

2360 1588 2604 1654 precibus
2628 1629 2642 1653 ,
2673 1605 2777 1657 quo
2799 1591 3067 1658 possimus
3103 1591 3404 1659 depositum
3458 1594 3661 1647 salvum
3713 1594 3938 1648 reddere

2355 1676 2574 1732 domino
2613 1680 2699 1748 qui
2751 1679 3030 1750 deposuit,
3064 1681 3114 1735 in
3146 1682 3233 1736 die
3263 1684 3385 1748 illo,
3416 1699 3534 1739 cum
3565 1686 3598 1738 ii
3639 1685 3834 1754 quibus
3859 1695 3937 1738 ta-

2357 1772 2497 1826 lenta
2538 1774 2738 1827 credita
2786 1783 2945 1840 sunt,
2983 1776 3305 1837 cilabunlur,
3352 1788 3406 1832 et
3444 1778 3647 1845 judicio
3686 1779 3940 1832 sistentur

2323 1864 2616 1918 rratiouem
2661 1863 2937 1918 reddituri.
2965 1866 3126 1919 Orate
3171 1867 3346 1936 igitur,
3395 1883 3459 1921 ne
3489 1869 3641 1922 nobis
3694 1870 3937 1933 eveniat,

2356 1955 2495 2026 quod
2523 1957 2700 2011 evenit
2722 1956 2824 2010 illis
2849 1957 3076 2026 alligatis
3096 1958 3212 2012 etin
3235 1959 3480 2014 tenebras
3500 1961 3797 2014 exteriores
3815 1976 3941 2014 con-

2353 2048 2542 2117 jectis:
2573 2047 2669 2100 sed
2714 2049 2882 2102 simus
2930 2048 2983 2103 in
3033 2064 3218 2103 eorum
3267 2064 3524 2113 numero,
3553 2051 3644 2120 qui
3694 2059 3942 2120 poterunt

2357 2138 2797 2207 qualemcumque
2825 2139 3034 2207 assequi
3066 2140 3309 2205 veniam,
3341 2142 3507 2209 gratia
3538 2151 3590 2195 et
3616 2142 3942 2211 benignitate

2360 2229 2570 2284 Domini
2617 2229 2783 2283 nostri
2813 2228 2940 2284 Jesu
2972 2228 3204 2297 Christi,
3231 2231 3312 2284 cui
3343 2230 3512 2300 gloria
3532 2273 3546 2296 ,
3579 2233 3862 2302 imperium
3891 2243 3942 2286 et

2359 2322 2598 2376 adoratio
2620 2321 2672 2374 in
2705 2320 2898 2375 saecula
2919 2321 3258 2375 saeculorum.
3287 2324 3478 2377 Amen.

1545 2881 1623 2939 IN
1661 2879 2056 2940 HOMILIAS
2095 2878 2202 2938 DE
2238 2877 3051 2941 INCOMPREHENSIBILI

733 3203 874 3258 Inter
904 3201 1109 3271 primas
1137 3196 1516 3269 Clirysostomi
1554 3194 1876 3254 conciones,
1907 3205 2004 3244 eas
2053 3187 2247 3243 videli-

660 3317 743 3367 cet
766 3325 904 3378 quas
930 3322 1074 3361 anno
1098 3303 1201 3360 586
1225 3304 1290 3359 ad
1319 3304 1579 3373 populum
1603 3299 2008 3388 Antiochenum
2032 3295 2245 3362 habuit,

664 3418 824 3470 hasce
888 3413 966 3467 De
1020 3409 1534 3480 incomprehensibili
1593 3409 2026 3477 consignamus:
2085 3403 2245 3473 cujus

663 3518 927 3588 temporis
959 3528 1119 3570 notas
1165 3518 1281 3585 ipse
1318 3514 1664 3583 suppeditat;
1697 3527 1888 3566 verum
1939 3511 2245 3576 intricatas,

664 3635 719 3680 et
745 3634 805 3677 ut
833 3623 1228 3693 Chrysostomo
1263 3621 1313 3672 iu
1346 3634 1498 3672 more.
1526 3627 1627 3682 est,
1691 3632 1797 3670 non
1830 3617 1905 3671 ita
1958 3616 2249 3685 diligenter

664 3730 896 3801 positas.
941 3727 1123 3780 Prima
1167 3728 1349 3796 itaque
1396 3734 1524 3779 uota
1572 3726 1773 3794 petitur
1811 3739 1876 3777 ex
1924 3722 2146 3777 homilia
2197 3737 2249 3776 Iv

663 3835 742 3891 De
774 3833 1304 3903 incomprehensibili.
1337 3832 1426 3886 ubi
1461 3832 1540 3884 sic
1569 3831 1804 3900 legitur:
1844 3831 1978 3882 Ante
2027 3829 2119 3883 hos
2158 3829 2250 3882 de-

639 3945 780 3996 ‘cem
813 3958 979 3993 annos
1051 3940 1267 4008 quidam
1333 3928 1664 4005 tyrannidein
1719 3936 2027 4004 a/Tectautes
2062 3935 2250 4003 depre-

672 4047 812 4097 hensi
839 4044 1079 4111 captique
1125 4049 1268 4102 sunt,
1308 4041 1446 4110 quod
1505 4058 1592 4093 vos
1631 4057 1734 4093 non
1794 4041 2070 4109 ignoratis.
2115 4039 2249 4093 Tum

669 4143 864 4214 aliquis
892 4145 948 4196 in
978 4145 1293 4214 magistratu
1316 4146 1657 4206 constitutus.
1690 4146 1930 4200 criminis
1959 4164 2079 4201 reus
2108 4163 2250 4201 com-

662 4261 863 4317 pertus,
891 4267 1007 4302 cum
1039 4251 1109 4302 at!
1149 4259 1369 4302 mortem
1403 4250 1525 4318 fune
1557 4251 1624 4303 ad
1650 4268 1706 4303 os
1750 4251 1976 4321 alligato
2031 4252 2251 4306 ducere-

661 4364 769 4420 tur,
806 4365 916 4407 tota
947 4354 1070 4407 urbs
1097 4355 1165 4406 ad
1197 4354 1596 4421 hippodromum
1637 4358 1895 4416 accurrit,
1946 4357 2250 4426 eductisque

665 4480 691 4516 e
747 4477 954 4515 carcere
1018 4461 1276 4528 captivis,
1338 4461 1496 4513 simul
1583 4470 1726 4513 totus
1816 4463 2040 4530 populus
2102 4479 2246 4516 reum

661 4570 1018 4637 imperatoria:
1050 4568 1262 4631 ultioni,
1303 4567 1400 4620 etsi
1455 4566 1604 4620 nulla
1656 4567 1871 4636 dignum
1925 4568 2091 4633 venia,
2127 4569 2249 4620 sub-

659 4673 830 4724 duxit.
871 4671 1055 4724 Palam
1115 4686 1246 4724 sane
1279 4670 1498 4723 videtur
1535 4685 1654 4725 esse
1709 4671 1799 4725 hic
1849 4670 1916 4724 dc
1973 4669 2248 4727 Theodori

660 4780 1070 4848 conspiratione
1096 4778 1205 4848 agi,
1264 4779 1355 4847 qui
1395 4793 1539 4831 anno
1588 4793 1711 4831 cum
1772 4777 2085 4831 tardissime
2139 4777 2245 4831 574

658 4886 835 4954 capite
867 4884 1059 4953 plexus
1092 4892 1209 4938 est:
1249 4883 1430 4938 missis
1489 4883 1634 4935 enim
1659 4872 1661 4875 ’
1687 4882 1808 4936 aliis
1867 4897 1989 4950 quae
2042 4898 2109 4936 ex
2144 4883 2248 4936 hac

662 4988 1049 5059 Chrysostomi
1084 4989 1404 5042 narratione
1426 4987 1683 5041 oriuntur
1711 4985 2145 5049 difficultatibus,
2187 4988 2242 5041 in

656 5096 776 5164 ejus
813 5093 933 5146 Vita
961 5093 1341 5162 explanandis,
1373 5095 1423 5147 id
1452 5102 1596 5148 certe
1619 5093 1840 5162 planum
1869 5093 2101 5154 videtur,
2137 5109 2243 5147 non

661 5215 828 5270 posse
877 5198 1148 5254 Theodori
1205 5213 1393 5253 necem
1436 5198 1576 5252 ultra
1636 5215 1840 5252 annum
1878 5199 1983 5252 574
2020 5199 2244 5254 differri.

657 5305 777 5372 Quo
811 5307 993 5375 posito
1023 5305 1255 5370 calculo,
1294 5319 1404 5359 non
1450 5314 1573 5358 ante
1615 5305 1707 5358 hos
1747 5305 1945 5367 decem,
1995 5306 2078 5358 vel
2127 5315 2248 5358 ante

661 5415 748 5465 l.os
784 5412 1060 5464 duodecim
1095 5426 1269 5464 annos
1323 5412 1569 5465 dicturus
1617 5419 1736 5465 erat
1793 5410 2244 5481 Cbrysostomus,

661 5526 720 5572 ut
752 5517 1072 5587 supputatio
1123 5525 1437 5571 constaret:
1467 5532 1590 5570 nam
1640 5517 1693 5569 in
1740 5517 2116 5586 presbyterum
2149 5517 2247 5571 ad-

658 5622 835 5676 iectus
863 5636 1008 5674 anno
1033 5619 1160 5685 586,
1197 5622 1399 5689 aliquot
1449 5621 1652 5691 elapsis
1705 5633 1890 5690 postea
1936 5622 2240 5693 mensibus,

653 5729 767 5784 haec
799 5728 1245 5785 concionabatur.

2426 3187 2664 3241 Alteram
2727 3199 2910 3244 notam
2946 3200 3264 3247 mutuamur
3297 3208 3360 3248 ex
3409 3194 3637 3250 homilia
3699 3199 3945 3268 quadam

2357 3305 2543 3348 contra
2569 3293 2788 3349 Iudaeos
2842 3313 2987 3353 anno
3033 3299 3136 3352 587
3177 3300 3397 3364 habita,
3455 3301 3547 3355 ubi
3616 3303 3746 3357 talia
3802 3304 3952 3359 fatur

2355 3393 2819 3467 Cbrysostomus:
2860 3381 3012 3464 Quod
3043 3417 3161 3454 vero
3204 3402 3322 3470 jam
3354 3403 3596 3457 dicturus
3627 3421 3744 3458 sum
3785 3408 3950 3460 etiam

2355 3503 2644 3556 admodum
2671 3505 2950 3573 juvenibus
2980 3517 3056 3560 est
3086 3507 3286 3560 clarum
3319 3526 3381 3562 ac
3423 3512 3781 3579 perspicuum.
3823 3511 3950 3566 Non

2355 3608 2494 3660 enim
2524 3618 2726 3677 gestum
2763 3619 2840 3662 est
2871 3610 2966 3663 sub
3015 3610 3252 3664 Adriano
3306 3621 3398 3663 aut
3437 3611 3817 3686 Constantino.
3861 3617 3950 3669 sed

2356 3713 2450 3766 sub
2483 3715 2796 3781 imperatore
2833 3715 2926 3783 qui
2961 3715 3064 3783 fuit
3091 3724 3244 3769 celate
3289 3725 3470 3769 nostra
3505 3726 3625 3771 ante
3664 3734 3835 3772 annos
3870 3720 3949 3771 vi-

2359 3817 2514 3886 ginti.
2542 3819 2754 3871 Etenim
2781 3835 2897 3871 cum
2928 3817 3204 3887 Julianus,
3238 3821 3328 3891 qui
3380 3821 3718 3889 imperatores
3764 3840 3946 3878 omnes

2357 3925 2624 3992 superavit
2659 3925 2951 3994 impietate,
2989 3937 3194 3980 uocaret
3246 3926 3368 3980 illos
3403 3927 3472 3980 ad
3524 3928 3946 3996 sacriﬁcandum

2357 4028 2535 4094 idolis,
2577 4038 2707 4095 etc.,
2732 4031 2824 4083 ubi
2855 4045 3037 4098 parem
3073 4031 3476 4102 ἀναχρονισμόν
3511 4032 3943 4087 animadvertas.

2356 4130 2606 4188 Julianus
2645 4133 2790 4187 enim
2832 4149 2978 4189 anno
3029 4134 3135 4189 565
3168 4136 3475 4191 exstinctus
3523 4147 3626 4204 est,
3675 4153 3704 4191 a
3752 4153 3869 4207 quo
3899 4138 3946 4194 si

2359 4235 2682 4304 supputatio
2707 4235 3022 4301 duceretur,
3076 4253 3222 4291 anno
3259 4238 3364 4292 585
3411 4241 3528 4294 hzec
3583 4240 3948 4295 concionatns

2357 4352 2505 4399 esset
2531 4342 2980 4414 Chrysostomus.
3013 4344 3178 4416 Atqui
3212 4356 3342 4401 tunc
3372 4347 3638 4403 diaconus
3679 4349 3769 4403 ille
3805 4357 3948 4415 erat,

2357 4466 2536 4520 neque
2575 4452 2742 4506 ullam
2785 4452 2851 4506 ad
2882 4454 3144 4522 populum
3182 4455 3505 4510 concionem
3554 4454 3746 4509 habuit
3791 4466 3948 4512 ante-

2359 4571 2522 4624 quam
2561 4556 2842 4628 presbyter
2876 4558 3247 4622 ordinaretur,
3281 4568 3341 4613 ut
3383 4559 3501 4629 ipse
3533 4560 3587 4614 in
3632 4562 3814 4631 prima
3847 4577 3947 4617 sua

2360 4658 2585 4712 homilia
2643 4661 2967 4736 testiﬁcatur
3022 4678 3229 4733 supra:
3282 4664 3568 4719 ordinatus
3617 4674 3800 4721 autem
3865 4677 3946 4722 est

2354 4783 2498 4823 anno
2534 4767 2658 4833 586,
2696 4778 2754 4822 ut
2789 4767 2930 4839 saepe
2989 4770 3230 4825 diximus
3262 4780 3315 4825 et
3349 4771 3601 4841 pluribus
3651 4787 3945 4826 common-

2354 4875 2621 4928 strabitur
2647 4876 2701 4928 in
2726 4874 2848 4928 Vita
2875 4876 2997 4946 ejus
3020 4876 3087 4930 ad
3109 4877 3317 4930 calcem
3337 4875 3576 4946 Operum
3599 4876 3942 4934 adornanda.

2354 4981 2408 5038 In
2457 5000 2661 5039 annum
2716 4984 2902 5054 itaque
2937 4983 3043 5039 586
3103 4983 3205 5038 has
3257 4983 3512 5040 homilias
3563 4983 3942 5042 conferimus:

2353 5107 2529 5161 neque
2571 5101 2829 5160 putamus
2872 5099 3050 5144 tamen
3085 5090 3251 5144 hasce
3283 5099 3467 5143 contra
3499 5089 3778 5143 Anomwos
3832 5090 3946 5146 dis-

2349 5197 2685 5265 ereptationes
2740 5196 2928 5250 eodem
2965 5196 3248 5250 absolutas
3272 5211 3418 5250 anno
3440 5210 3582 5259 esse,
3616 5194 3709 5248 sed
3729 5233 3743 5257 ,
3784 5204 3844 5247 ut
3874 5195 3940 5248 de

2352 5305 2594 5359 bomiliis
2637 5315 2820 5357 contra
2860 5303 3082 5357 Judazos
3115 5303 3255 5358 infra
3293 5303 3540 5370 dicetur,
3574 5319 3710 5372 quas
3757 5318 3943 5371 cmpe-

2349 5421 2433 5463 rat
2468 5425 2612 5464 anno
2643 5410 2770 5474 586,
2807 5425 2952 5464 anno
2982 5410 3232 5479 sequenti
3263 5409 3486 5463 ineunte
3520 5407 3774 5463 absolvit.
3819 5406 3935 5461 llu-

2347 5515 2437 5585 jus
2471 5532 2599 5570 vero
2633 5516 3003 5585 chronoiogiae,
3038 5516 3180 5570 ratio
3223 5514 3499 5570 constabit
3545 5530 3612 5568 ex
3663 5513 3764 5580 iis,
3817 5529 3941 5583 quae

2348 5623 2399 5676 iu
2438 5622 2642 5679 Mouito
2681 5624 2745 5679 ad
2783 5623 3048 5680 Homilias
3097 5631 3284 5678 contra
3324 5623 3539 5677 Juda'os
3577 5621 3718 5677 infra
3756 5620 3941 5676 dicen-

2349 5740 2452 5784 llll‘.
