4198 6324
117 395 218 453 699

117 514 326 584 λιμένα,
357 515 523 572 «at»
551 522 617 590 τῇ
649 520 775 590 σιγῇ
811 521 938 586 τοὺς
966 521 1158 590 λόγους
1192 523 1616 593 ἀναπαύσωμεν.
1647 523 1787 576 Ἀλλ’

115 601 214 655 οὐκ
250 603 528 659 ἐθέλουσιν
557 608 907 675 ἀφίστασθαι,
942 609 1078 663 ἀλλὰ
1106 610 1513 681 δυσχεραίνουσι
1540 611 1634 663 καὶ
1655 612 1789 677 ἁγα-

118 689 409 756 νακτοῦσι,
458 693 675 757 πάντως
721 696 1098 767 ἐμπλησθῆναι
1145 697 1238 750 τοῦ
1292 698 1556 768 λειμῶνος
1599 697 1789 750 ἐπιθυ-

121 775 368 844 μοῦντες.
409 778 571 834 Ἀλλά
600 783 760 834 τοῦτο
791 785 1091 854 ἀμήχανον,
1127 778 1171 836 ὧ
1203 785 1410 846 παῖδες.
1444 782 1792 854 Παυσὼμεθα

117 859 209 917 οὖν
270 866 557 932 διώκοντες
611 870 876 940 ἀκίχητα·
927 873 1088 943 ἀρκεῖ
1127 875 1207 935 εἰς
1259 873 1614 945 παραμυθίαν
1661 874 1791 942 ἡμῖν

118 953 212 1005 καὶ
251 953 322 1007 τὰ
350 955 648 1026 εἰρημένα·
680 960 803 1010 ἐπεὶ
848 960 940 1011 καὶ
984 959 1077 1012 ἐπὶ
1119 960 1226 1012 τῶν
1271 959 1457 1032 μύρων
1486 960 1594 1012 τῶν
1625 961 1790 1012 πολυ-

113 1040 302 1104 τελῶν,
342 1042 444 1095 οὐκ
492 1042 587 1096 ὲάν
617 1044 709 1097 τὸν
752 1044 955 1116 λέϐητα
1001 1046 1100 1120 χέῃ
1141 1064 1226 1111 τις
1278 1047 1456 1117 μόνον,
1504 1047 1639 1100 ἀλλά
1687 1048 1792 1100 κᾶν

115 1128 293 1199 ἄκρας
323 1130 423 1199 τῆς
467 1131 789 1199 ἐπιφανείας
839 1134 1043 1203 ἅψηται
1090 1137 1205 1196 τοῖς
1255 1134 1572 1198 δακτύλοις,
1611 1135 1700 1188 τόν
1732 1153 1790 1188 τε

113 1214 254 1285 ἀέρα
296 1217 606 1286 ἀνέχρωσε,
634 1220 729 1272 καὶ
786 1222 910 1282 τοὺς
965 1221 1240 1288 παρόντας
1286 1222 1384 1292 τῆς
1429 1222 1658 1284 εὐωδίας
1706 1224 1793 1273 ὲνι

113 1299 354 1371 έπλησεν
401 1303 680 1367 ἅπαντας·
713 1305 741 1358 ὃ
787 1306 850 1376 δὴ
909 1307 1004 1358 καὶ
1036 1305 1132 1359 νῦν
1161 1308 1420 1375 γέγονεν,
1469 1309 1529 1361 ού
1574 1309 1662 1363 διὰ
1693 1309 1792 1379 τὴν

112 1386 344 1458 δύναμιν
368 1390 476 1444 τῶν
507 1393 792 1464 ἡμετέρων
825 1392 1021 1460 λόγων,
1057 1395 1193 1448 ἀλλά
1221 1394 1309 1448 διὰ
1330 1395 1427 1466 τὴν
1461 1395 1660 1466 ἀρετὴν
1685 1397 1792 1448 τῶν

112 1474 304 1528 τούτου
336 1478 796 1549 κατορθωμάτων.
829 1481 1106 1552 Ἀπίωμεν
1140 1480 1254 1547 οὖν,
1294 1483 1546 1553 ἀπίωμεν
1587 1484 1666 1545 είς
1703 1484 1792 1535 εὑ-

113 1565 215 1634 χὰς
252 1565 696 1631 καταλύσαντες·
733 1568 1017 1640 δεηθῶμεν
1065 1569 1207 1622 ὥστε
1259 1571 1362 1640 τὴν
1409 1571 1592 1640 κοινὴν
1637 1571 1792 1641 ἡμῶν

118 1652 331 1721 μητέρα
358 1654 653 1708 ἀσάλευτον
685 1656 868 1725 μένειν
898 1657 992 1709 καὶ
1027 1657 1305 1729 ἀκίνητον,
1339 1659 1548 1712 καὶτὸν
1581 1661 1793 1731 πατέρα

117 1741 325 1804 τοῦτον,
366 1741 458 1794 τὸν
486 1743 826 1806 διδάσκαλον,
867 1744 959 1798 τὸν
1005 1745 1262 1814 ποιμένα,
1305 1747 1397 1800 τὸν
1425 1747 1790 1818 κυϐερνήτην,

115 1827 249 1896 πρὸς
279 1831 625 1900 μακροτέραν
644 1829 986 1901 ἐξενεχθῆναι
1011 1831 1252 1900 (minam
1272 1851 1355 1897 τις
1372 1834 1499 1903 ὑμῖν
1524 1835 1618 1887 καὶ
1634 1837 1665 1905 ή
1675 1835 1791 1905 μῶν

111 1913 302 1983 λόγος·
340 1917 402 1968 ού
427 1918 537 1988 γὰρ
571 1917 634 1988 δὴ
664 1919 801 1988 μετά
838 1918 948 1971 τῶν
984 1919 1172 1990 ἱερέων
1201 1921 1424 1990 ἑαυτοὺς
1469 1923 1792 1990 καταλέγειν

109 1990 474 2073 τολμήσομεν,
499 2003 651 2078 [445]
674 2005 858 2076 ἐπειδὴ
883 1997 1016 2076 μηδὲ
1038 2005 1197 2075 θέμις
1215 2007 1285 2061 τὰ
1301 2007 1629 2079 ὲκτρώματα
1653 2011 1793 2080 μετά

111 2088 220 2142 τῶν
260 2090 594 2162 ἀρτιοτόκων
627 2093 882 2165 ἀριθμεῖν
902 2109 915 2124 ·
944 2092 993 2145 εἰ
1029 2091 1086 2146 δέ
1125 2109 1210 2156 τις
1241 2094 1368 2166 ὑμῖν
1395 2096 1488 2150 καὶ
1532 2096 1668 2168 ὲμοῦ
1697 2097 1789 2150 λό-

1061 406 1316 475 SERMO,
1355 408 1502 466 CUM
1539 405 1950 464 PRESBYTER
1991 406 2152 464 FUIT
2191 408 2612 468 0RDINATUS.

3457 407 3567 462 “.700

1891 540 2010 591 γος,
2050 524 2240 597 ῶσπερ
2283 525 2684 598 ἀμϐλωθριδίου
2713 525 2892 588 τινὸς,
2932 524 3160 596 δεήθητε
3201 521 3403 593 πολλὴν
3439 523 3573 592 ἡμῖν

1891 611 2097 665 ἄνωθεν
2143 613 2394 680 γενέσθαι
2436 614 2536 683 τὴν
2580 613 2771 682 ῥοπήν.
2821 611 2967 664 Ἔδει
3013 612 3110 681 μὲν
3149 610 3259 681 γὰρ
3289 613 3422 680 ἡμῖν
3475 610 3572 662 καὶ

1892 699 2157 769 πρότερον
2181 699 2501 768 ἀσφαλείας,
2524 701 2612 752 ὅτε
2637 698 2759 752 καθ’
2778 700 3007 762 ἑαυτοὺς
3037 697 3248 768 ἐζῶμεν
3269 697 3361 750 τὸν
3390 694 3572 766 ἀπρά-

1892 803 2070 857 γμονα
2112 786 2255 858 βίον·
2291 787 2488 857 ἐπειδὴ
2517 787 2572 858 δὲ
2618 790 2694 851 εἰς
2748 786 2911 857 μέσον
2944 785 3221 857 ιἢχθημεν·
3254 783 3316 837 τὸ
3355 784 3412 837 δὲ
3451 783 3570 846 πῶς

1893 854 2152 943 παρίημι,
2172 874 2281 926 εἴτε
2305 854 2622 945 ἀνθρωπίνῃ
2650 854 2875 944 σπουδῇ,
2901 854 3012 925 εἴτε
3040 854 3221 944 χάριτι
3245 872 3391 942 θείᾳ·
3418 869 3571 924 οὐδὲν

1893 960 2002 1032 γὰρ
2033 963 2165 1030 ἡμῖν
2197 962 2509 1030 φιλονεικῶ,
2532 962 2620 1014 ἵνα
2651 963 2837 1032 μῆτις
2867 962 2960 1014 καὶ
2987 959 3374 1032 εἰρωνεύεσθαι
3405 959 3571 1027 φαίη·

1894 1049 2034 1119 πλὴν
2077 1048 2194 1100 ἀλλ’
2234 1049 2422 1119 ἐπειδὴ
2452 1050 2737 1120 ήχοημεν,
2769 1049 2865 1101 καὶ
2911 1049 3002 1102 τὸν
3045 1047 3211 1115 ζυγὸν
3244 1047 3435 1101 τοῦτον
3474 1046 3578 1098 ὐπ-

1893 1133 2091 1205 έδυμεν
2118 1136 2208 1188 τὸν
2237 1137 2455 1207 ἰσχυρὸν
2483 1137 2574 1189 καὶ
2610 1136 2798 1206 βαρὺν,
2832 1135 3044 1195 πολλῶν
3071 1136 3202 1206 ἡμῖν
3235 1134 3317 1186 δεῖ
3353 1131 3575 1203 χειρῶν.

1897 1225 2108 1295 μυρίων
2157 1225 2354 1295 εὐχῶν,
2400 1224 2542 1278 ὥστε
2594 1225 2888 1295 δυνηθῆναι
2937 1225 3037 1295 τὴν
3100 1221 3578 1293 παρακαταθήκην

1893 1313 2188 1366 ἀποδοῦναι
2219 1312 2364 1365 σώαν
2393 1312 2470 1383 τῷ
2501 1311 3016 1384 παρακαταθεμένῳ
3042 1311 3287 1381 Δεσπότῃ
3314 1309 3454 1362 κατά
3479 1308 3578 1378 τὴν

1893 1403 2110 1474 ἡμέραν
2153 1403 2388 1472 ἐκείνην,
2417 1403 2547 1454 ὅταν
2577 1403 2626 1454 οἱ
2672 1402 2739 1454 τὰ
2780 1401 3020 1454 τάλαντα
3058 1397 3440 1460 πιστευθέντες
3481 1413 3580 1449 κα-

1896 1492 2094 1546 Λῶνται
2122 1492 2216 1545 καὶ
2247 1491 2594 1560 εἰσάγωνται,
2633 1491 2725 1543 καὶ
2756 1489 2855 1550 τὰς
2884 1487 3115 1550 εὐθύνας
3149 1487 3412 1557 ὑπέχωσι.
3441 1485 3579 1554 Δεήα

1896 1578 2028 1650 θητε
2060 1577 2236 1632 τοίνυν
2259 1578 2333 1648 μὴ
2358 1577 2466 1630 τῶν
2495 1576 2794 1646 δεδεμένων
2821 1577 2968 1644 ἡμᾶς
2991 1573 3270 1642 γενέσθαι,
3305 1571 3440 1642 μηδὲ
3467 1569 3579 1622 τῶν

1895 1668 1977 1730 είς
2004 1667 2066 1719 τὸ
2098 1665 2290 1727 σκότος
2315 1663 2752 1734 ἐκϐαλλομένων,
2779 1662 2916 1716 ἀλλά
2954 1663 3062 1714 τῶν
3094 1660 3410 1730 δυναμένων
3448 1672 3580 1723 συγ-

1901 1749 2125 1819 γνώμης
2159 1748 2290 1816 γοῦν
2340 1749 2566 1818 μετρίας
2609 1749 2816 1815 τυχεῖν,
2849 1744 3031 1815 χάριτι
3067 1743 3161 1796 καὶ
3195 1738 3580 1811 φιλανθρωπίᾳ.

1897 1840 1993 1891 τοῦ
2040 1838 2246 1909 Κυρίου
2293 1838 2452 1908 ήμῶν
2496 1835 2671 1906 Ἰησοῦ
2723 1834 2984 1906 Χριστοῦ,
3031 1826 3076 1900 ᾧ
3107 1834 3140 1902 ἡ
3189 1830 3319 1897 δόξα
3365 1827 3462 1880 καὶ
3515 1825 3579 1879 τὸ

1899 1925 2098 1997 κράτος
2125 1926 2219 1979 καὶ
2247 1927 2280 1996 ἡ
2307 1923 2679 1996 προσκύνησις
2700 1921 2780 1985 εἰς
2806 1922 2932 1986 τοὺς
2967 1919 3169 1984 αἰῶνας
3200 1918 3310 1972 τῶν
3341 1915 3572 1971 αἰώνων.

1650 2791 2049 2853 MONITUM.

269 3112 425 3186 [444]
476 3113 722 3169 Primam
752 3132 882 3171 vero
910 3117 1137 3172 absente
1161 3115 1422 3170 Flaviano
1446 3114 1703 3185 episcOpo
1731 3115 1798 3167 ad

209 3219 478 3288 pupulum
518 3219 730 3274 habuit.
765 3218 905 3274 Hinc
939 3221 1170 3276 solerter
1197 3221 1289 3275 ille
1325 3218 1583 3273 laudandi
1614 3226 1800 3288 pasto-

208 3320 287 3372 ris
327 3336 522 3375 ansam
584 3321 815 3391 arripit;
867 3333 1055 3392 postea
1100 3323 1425 3394 jampridem
1473 3322 1801 3376 destinatam

209 3436 406 3480 contra
438 3427 743 3483 Anommos
787 3444 1025 3498 pugnam
1067 3429 1206 3483 init:
1239 3444 1402 3499 quam
1442 3443 1500 3483 se
1532 3427 1659 3483 ideo
1690 3438 1801 3480 tar-

211 3529 338 3584 dius
393 3529 710 3599 suscepisse
763 3541 1183 3596 commemorat,
1224 3531 1368 3602 quod
1419 3531 1622 3584 multos
1651 3531 1802 3583 Ann-

217 3647 494 3686 mmorum
522 3634 730 3688 videret
757 3636 1121 3691 concionibus
1166 3636 1360 3691 adesse
1407 3637 1544 3701 suis,
1577 3652 1642 3692 ac
1678 3652 1804 3691 cum

214 3738 499 3804 voluptate
526 3754 690 3794 aures
720 3740 823 3794 sibi
856 3741 1095 3810 praebere
1123 3759 1136 3796 :
1166 3742 1522 3811 quamobrem
1569 3757 1637 3796 ne
1666 3757 1805 3811 pra:-

210 3841 336 3892 dam
383 3843 640 3912 abigeret,
667 3844 743 3897 ait
773 3844 883 3910 ille,
914 3852 1100 3914 utpote
1132 3845 1375 3915 ipsorum
1427 3848 1641 3900 animos
1676 3847 1809 3900 irre-

212 3947 366 4012 tiret,
403 3947 647 4017 linguam
676 3949 746 4003 ab
791 3949 1112 4019 huiusmodi
1155 3950 1549 4005 certaminibus
1587 3964 1809 4004 coerce-

210 4049 328 4103 bat.
379 4049 607 4138 D‘emum
652 4051 998 4109 hortantibus
1038 4052 1148 4109 illis
1192 4055 1325 4124 ipsis
1359 4063 1418 4109 ut
1482 4055 1536 4108 in
1580 4069 1804 4109 arenam

216 4156 603 4221 descenderet,
647 4157 1041 4214 Anomoeurum
1074 4176 1289 4216 errores
1341 4161 1604 4231 impetere
1645 4175 1807 4216 orsus

208 4269 318 4321 est,
342 4260 525 4315 amico
548 4269 731 4317 tamen
759 4264 965 4332 animo,
998 4265 1108 4320 non
1137 4275 1194 4321 ut
1226 4265 1569 4322 adversarios
1591 4266 1800 4332 feriret,

209 4364 309 4418 sed
342 4375 400 4418 ut
424 4364 675 4433 iacentes
700 4367 951 4439 erigeret.

289 4467 598 4523 Secundam
621 4481 807 4524 contra
838 4473 1120 4527 Auamma:
1166 4474 1447 4529 homiliam
1483 4475 1807 4545 interposito

209 4575 516 4628 multorum
573 4573 788 4631 dierum
853 4579 1032 4648 spatio
1084 4581 1502 4649 pronuntiavit:
1563 4582 1805 4652 plurima

207 4679 361 4734 enim
392 4679 848 4751 Chrysostomum
891 4699 921 4738 a
971 4685 1242 4741 destinato
1282 4703 1447 4742 cursu
1495 4690 1809 4760 interpella-

213 4794 386 4839 runt:
425 4795 614 4839 contra
653 4785 871 4844 Judzeos
919 4805 1116 4860 nempe
1167 4792 1374 4858 habita,
1408 4809 1584 4865 eaque
1615 4797 1808 4851 admo-

212 4891 346 4944 dum
392 4891 704 4946 necessaria
744 4896 1112 4951 concertatio:
1152 4895 1376 4952 Patrum
1436 4903 1806 4968 quorumdam

211 4995 609 5064 spiritualium,
661 4999 741 5054 sic
771 5000 890 5067 ille,
917 5003 1221 5058 adventus:
1262 5006 1364 5060 hos
1389 5021 1554 5074 porro
1589 5005 1805 5063 vicinos

207 5101 488 5171 quosdam
522 5102 812 5173 episcopos
840 5104 1010 5161 fuisse
1033 5107 1167 5162 dicit
1201 5109 1270 5176 is,
1309 5109 1404 5178 qui
1435 5109 1657 5180 titulum
1705 5112 1807 5166 ho-

213 5205 386 5260 miliae
428 5205 818 5275 concinnavit;
859 5226 1049 5266 verum
1093 5213 1197 5268 hac
1238 5214 1305 5268 de
1335 5230 1394 5269 re
1445 5214 1701 5284 pluribus
1753 5217 1807 5272 in

223 5303 353 5361 Vita
391 5305 777 5378 CbrYsostomi
804 5330 816 5365 :
842 5313 1065 5368 demum
1101 5315 1209 5370 illis
1235 5315 1302 5370 ad
1330 5316 1448 5370 loca
1481 5333 1581 5373 sua
1621 5335 1807 5374 rever-

210 5413 309 5476 sis.
344 5421 601 5466 sanctum
630 5429 932 5482 pracocem
973 5434 1237 5489 excepere
1275 5424 1556 5477 memoria
1599 5431 1806 5495 marty-

207 5532 332 5571 rum
395 5517 750 5589 frequentes,
811 5523 1011 5592 quibus
1066 5525 1356 5582 celebratis
1423 5531 1796 5586 intermissam

206 5625 687 5680 eoncertationem
716 5628 948 5698 repetiit.

1981 3112 2038 3165 lu
2073 3113 2231 3166 tertia
2258 3112 2400 3166 idem
2427 3123 2812 3182 argumentum
2857 3117 2921 3167 de
2947 3113 3501 3184 incomprehensibili-

1907 3229 2012 3270 tate
2043 3216 2140 3270 Dei
2189 3226 2376 3271 contra
2425 3218 2722 3272 Anommox.
2751 3218 3136 3288 prosequitur:
3175 3207 3280 3273 sdb
3333 3218 3496 3271 tinem

1910 3339 2042 3377 vero
2107 3323 2161 3376 in
2215 3323 2495 3377 auditores
2541 3323 2897 3377 vehementer
2951 3323 3266 3388 invehitur,
3315 3324 3498 3391 quod,

1909 3429 2181 3484 concione
2205 3428 2293 3482 cui
2326 3428 2582 3482 alacriter
2613 3443 2833 3497 operam
2868 3428 3072 3481 dabant
3126 3428 3328 3493 soluta,
3376 3442 3502 3482 sese

1911 3533 2098 3589 statim
2139 3531 2531 3596 subducerent,
2562 3540 2615 3587 et
2642 3531 2814 3586 sacris
2843 3531 3120 3603 mysteriis
3166 3547 3289 3602 qua:
3324 3531 3503 3586 conti-

1911 3656 2022 3695 nuo
2053 3619 2477 3695 celebrabantur
2505 3655 2613 3693 non
2641 3639 2992 3694 interessent.

1977 3743 2034 3797 ln
2069 3751 2285 3814 quarta,
2317 3750 2441 3811 post
2465 3741 2656 3796 solitas
2689 3748 2878 3795 contra
2904 3740 3189 3795 luereticos
3230 3739 3503 3795 velitatio-

1910 3865 2030 3914 nes,
2079 3849 2246 3904 εαξιυὶ
2301 3848 2608 3917 gratulatur
2653 3848 2799 3917 quod
2846 3847 3072 3901 monitis
3117 3846 3235 3902 suis
3292 3861 3504 3900 morem

1911 3948 2145 4018 gesserit
2182 3962 2520 4017 pravamque
2546 3956 2674 4002 ante
2708 3963 2864 4002 sacra
2917 3947 3176 4018 mysteria
3209 3947 3505 4004 recedendi

1911 4053 2372 4110 consuetudinem
2421 4052 2720 4122 abjecerit:
2761 4052 2907 4106 dolet
2954 4061 3136 4107 tamen
3177 4053 3323 4122 quod
3361 4067 3509 4106 mar-

1912 4159 2199 4230 supiorum
2252 4164 2498 4212 sectores
2537 4156 2760 4226 quidam
2803 4156 3128 4211 concionem
3172 4155 3508 4211 interturba-

1912 4275 2058 4332 rent,
2091 4271 2390 4334 monetque
2415 4280 2484 4318 ne
2516 4279 2710 4318 aurum
2740 4272 3099 4335 argentumve
3122 4261 3178 4316 in
3206 4261 3507 4331 marsupiis

1912 4371 2182 4438 deferant,
2213 4371 2258 4425 si
2296 4370 2462 4425 velint
2491 4370 2651 4425 talem
2681 4378 2891 4440 pestem
2921 4369 3161 4439 abigere.

1982 4475 2042 4531 In
2081 4477 2272 4547 quinta
2318 4475 2574 4541 demum,
2613 4474 2683 4528 iis
2731 4473 2967 4528 breviter
3015 4473 3331 4529 retractatis
3381 4487 3506 4542 quae

1911 4583 2068 4654 prius
2100 4583 2336 4647 dixerat,
2391 4594 2534 4635 nova
2588 4577 2745 4632 aﬁ‘ert
2781 4585 2971 4632 contra
3005 4577 3297 4632 Anomaaos
3344 4592 3509 4645 argu-

1913 4696 2120 4742 menta.
2155 4685 2213 4739 ln
2243 4684 2331 4740 his
2356 4698 2524 4754 porro
2565 4681 2928 4747 concionibus
2969 4681 3147 4736 elucet
3181 4681 3507 4750 Chrysosto-

1912 4790 1986 4843 mi
2009 4805 2117 4844 non
2148 4790 2324 4844 solum
2365 4786 2702 4857 eloquentia,
2738 4786 2832 4840 sed
2877 4786 3046 4839 etiam
3089 4785 3363 4856 ἐνέργεια,
3404 4799 3503 4839 seu

1910 4896 1996 4950 vis
2033 4901 2532 4965 argumentorum:
2571 4907 2673 4946 nec
2719 4892 2904 4944 minus
2953 4889 3320 4960 suspicienda:
3373 4899 3504 4944 sunt

1916 5001 2304 5072 responsiones
2333 4998 2398 5054 ad
2435 4998 2649 5068 objecta
2682 4997 3101 5062 haereticorum;
3136 4995 3210 5048 ita
3263 5003 3324 5050 ut
3361 4993 3507 5047 haud

1913 5121 1944 5169 a
1976 5120 2107 5159 vero
2137 5106 2355 5160 aberret
2389 5103 2436 5158 si
2465 5104 2591 5173 quis
2634 5104 2735 5158 has
2765 5101 3020 5156 homilias
3047 5100 3190 5154 inter
3241 5108 3510 5169 praestan-

1915 5210 2131 5265 tissima
2163 5206 2337 5264 sancti
2373 5206 2619 5261 doctoris
2651 5221 2817 5277 opera
2849 5203 3268 5275 computaverit.

1981 5312 2495 5384 lnterpretationem
2545 5325 2712 5380 porro
2762 5307 3039 5364 Theodori
3085 5307 3274 5382 Gazae,
3317 5316 3505 5376 utpote

1912 5417 2386 5488 παραφραστικῶς
2433 5416 2790 5480 adornatam,
2853 5413 3039 5469 verbis
3100 5421 3156 5468 et
3208 5412 3510 5481 aliquando

1913 5523 2202 5580 sententiis
2231 5522 2654 5589 redundantem,
2688 5521 3008 5592 rejecimus,
3039 5534 3348 5590 novamque
3386 5517 3506 5572 edi-

1910 5630 2118 5688 dimus.
