4198 6324
178 406 283 466 ἸΜ

183 616 1631 643 μ-ι-ψ--υ--ιιι--ρ

1120 405 1211 460 DE
1247 394 1947 460 INCOMPREHENSIBILI
1986 396 2095 451 DEI
2131 393 2439 453 NATURA.
2481 398 2521 451 l.

3358 391 3465 447 70%

1639 610 3462 637 Μ

419 963 1134 1093 EJUSDEM
1246 963 1444 1095 DE
1561 954 3259 1122 INCOMPREHENSIBILI,

541 1432 1016 1527 CONTRA
1107 1427 1767 1534 ANOM(EOS,
1860 1427 2391 1517 ABSENTE
2493 1420 3121 1516 EPISCOPO.

743 2083 960 2126 ποιιιιλ
1000 2086 1184 2125 ΡΙΠΙΔ.

235 2198 288 2252 1.
305 2196 554 2268 Quidest
576 2197 681 2254 hoc
695 2199 720 2251 ἲ
741 2208 921 2268 pastor
947 2200 1121 2273 abest,
1141 2208 1195 2255 et
1224 2209 1401 2255 tamen
1418 2214 1547 2255 oves
1568 2208 1773 2255 rectum

160 2285 414 2342 ordinem
429 2289 678 2359 apprime
701 2302 936 2355 servant.
962 2292 1103 2348 Sane
1127 2292 1178 2356 id
1205 2308 1420 2363 quoque
1436 2292 1561 2347 boni
1589 2302 1773 2362 pasto-

162 2378 237 2443 ris
290 2377 529 2435 ofﬁcium
548 2390 654 2443 est,
692 2392 749 2435 ut
799 2398 903 2436 non
939 2392 1144 2437 tantum
1186 2384 1302 2453 ipso
1360 2394 1647 2453 prasente,
1677 2384 1772 2438 sed

159 2467 322 2521 etiam
342 2469 589 2536 absente,
609 2486 824 2525 onmem
848 2473 989 2527 ovile
1006 2473 1335 2542 diligentiam
1352 2473 1775 2528 exhibeatJrra-

162 2557 447 2615 tionahiles
478 2546 677 2633 quippe
705 2578 851 2629 oves,
878 2566 1083 2629 cumis,
1105 2566 1193 2635 qui
1218 2566 1284 2620 ad
1311 2580 1504 2634 pascua
1534 2566 1769 2621 eductu-

158 2665 255 2705 rus
295 2662 400 2716 est,
430 2652 606 2719 abest,
642 2653 778 2708 intra
823 2664 975 2724 septa
1030 2671 1250 2711 manere
1295 2671 1518 2711 necesse
1544 2668 1660 2720 est;
1684 2658 1770 2712 vel

159 2741 203 2792 si
234 2740 440 2811 absque
466 2752 685 2811 pastore
707 2760 737 2799 e
757 2746 907 2800 caula
926 2746 1243 2815 prodierint,
1262 2747 1418 2817 longe
1438 2746 1695 2802 aberrant
1715 2760 1769 2803 et

156 2840 421 2901 vagantur
452 2851 465 2886 :
502 2834 588 2889 hic
616 2845 791 2890 autem
818 2823 951 2908 nihil
977 2838 1303 2908 huiusmodi,
1334 2840 1428 2893 sed
1455 2841 1617 2894 etiam
1643 2841 1767 2895 abs-

155 2934 283 2977 ente
319 2935 535 2993 pastore
554 2967 568 2990 ,
602 2927 705 2981 ritu
734 2937 788 2982 et
816 2929 1005 2985 ordine
1032 2932 1200 2985 multo
1229 2932 1385 2985 solita
1426 2947 1624 3001 pascua
1665 2933 1764 2987 ad-

155 3012 313 3066 iistis.
344 3013 457 3069 lmo
488 3016 662 3084 potius
694 3028 873 3086 pastor
901 3020 1073 3085 adest,
1102 3022 1205 3075 etsi
1230 3038 1335 3078 non
1361 3038 1545 3091 carne,
1572 3025 1763 3079 saltem

153 3101 349 3183 alfectu
376 3106 392 3135 ¹
418 3121 433 3169 ;
465 3106 565 3160 etsi
594 3123 697 3163 non
750 3111 1033 3177 priesentia
1066 3126 1325 3180 corporea
1347 3155 1363 3178 ,
1392 3114 1477 3171 vel
1508 3114 1623 3184 ipso
1649 3116 1760 3168 sal-

154 3201 263 3247 tem
305 3204 413 3248 tam
468 3206 798 3268 congruente
848 3202 1025 3271 gregis
1068 3201 1278 3256 ordine.
1327 3203 1558 3275 Ideoque
1592 3207 1761 3277 magis

152 3283 304 3335 illum
334 3284 575 3339 admiror
605 3287 923 3359 beatumque
955 3291 1209 3359 pudico,
1256 3293 1400 3363 quod
1431 3302 1641 3351 tantum
1664 3312 1761 3350 vo-

151 3371 549 3429 his’studium
608 3377 793 3432 indere
834 3380 1090 3448 potuerit.
1140 3380 1275 3435 Nam
1331 3384 1602 3439 exercitus
1654 3386 1757 3440 du-

147 3477 268 3516 rem
294 3473 406 3518 tum
435 3467 666 3523 maxime
691 3470 1032 3539 suspicimus,
1059 3488 1182 3527 cum
1226 3476 1392 3529 etiam
1420 3477 1511 3530 illo
1535 3478 1757 3534 absente

147 3555 320 3623 copim
349 3571 507 3611 suum
548 3571 765 3613 servant
793 3561 1058 3617 ordinem.
1084 3563 1197 3618 Hoc
1219 3567 1484 3621 etPanlus
1511 3569 1561 3621 in
1590 3569 1754 3623 disci-

148 3648 290 3715 pulis
308 3650 603 3717 quaerebat,
625 3666 745 3706 cum
767 3653 966 3709 diceret
990 3655 1222 3728 :ltaque,
1244 3660 1430 3729 fratres
1452 3664 1551 3720 mei
1564 3662 1605 3723 ³,
1623 3664 1755 3717 sicut

142 3755 346 3807 semper
378 3742 632 3808 obedistis,
666 3756 845 3799 nonut
873 3748 925 3801 in
947 3751 1217 3818 prazsentia
1261 3753 1359 3805 mei
1390 3764 1586 3807 tantum
1614 3774 1635 3821 ;
1662 3759 1754 3809 sed

142 3829 305 3882 multo
327 3832 492 3902 magis
521 3833 573 3886 in
603 3834 830 3895 absentia
879 3854 1010 3891 mea.
1064 3840 1246 3907 Quare
1296 3842 1465 3896 Multo
1508 3850 1669 3917 magis
1696 3849 1752 3901 in

139 3921 374 3975 absentia
401 3939 514 3976 mea
547 3925 564 3997 (
593 3924 899 3999 Philipp.2.
930 3929 998 3983 η
1024 3929 1043 4002 )
1066 3931 1089 3984 ?
1109 3932 1243 4000 Quia
1274 3946 1539 4003 prmsente
1558 3946 1744 4007 pasto-

140 4025 217 4071 re,
242 4010 409 4065 etiam
438 4013 484 4066 si
511 4014 668 4082 lupus
692 4030 911 4087 gregem
936 4019 1174 4085 invadat,
1202 4024 1360 4079 facile
1401 4028 1587 4093 procul
1634 4010 1748 4081 ovi-

137 4101 240 4156 bus
266 4105 566 4172 repellitur,
619 4108 840 4165 absente
882 4127 1013 4167 vero
1058 4114 1230 4184 majus
1292 4126 1566 4174 certamen
1613 4122 1748 4178 inire

134 4209 359 4264 gregem
381 4211 605 4253 necesse
630 4210 733 4267 est,
760 4204 974 4258 nemine
997 4217 1273 4263 Servante.
1293 4208 1373 4263 Ad
1417 4209 1531 4266 haec
1561 4222 1740 4267 autem

136 4295 325 4354 pastor
349 4301 472 4341 cum
494 4304 655 4361 grege
690 4296 1018 4363 mercedem,
1079 4298 1123 4351 si
1169 4315 1409 4368 prmsens
1450 4302 1542 4371 sit,
1572 4308 1742 4374 parti-

134 4387 254 4445 tur;
277 4380 363 4433 sin
393 4381 553 4449 absit,
588 4392 759 4439 totum
790 4387 939 4457 gregi
984 4388 1107 4443 boni
1136 4392 1317 4459 operis
1368 4396 1619 4450 meritum
1653 4414 1741 4452 re-

131 4470 384 4541 linquere
408 4472 637 4528 videtur.
666 4475 760 4531 llis
790 4494 888 4532 nos
928 4479 1216 4550 alloquitur
1240 4492 1296 4537 et
1321 4483 1511 4539 doctor
1532 4497 1737 4557 noster,

129 4572 184 4617 et
209 4564 536 4634 ubicumque
563 4568 774 4623 tandem
803 4573 893 4638 sit,
922 4588 1019 4628 nos
1036 4574 1145 4642 jam
1158 4588 1512 4648 nostrumque
1537 4589 1735 4636 emtum

129 4664 318 4708 mente
350 4655 595 4722 revolvit,
618 4674 718 4713 nec
739 4669 845 4714 tam
885 4676 981 4718 eos
1020 4664 1468 4737 quilmscumjam
1501 4686 1739 4739 prmsens

131 4756 384 4801 versatur
402 4763 561 4818 quam
584 4764 684 4806 nos
707 4754 957 4813 absentes
984 4758 1219 4827 reSpicit.

199 4836 349 4890 Laus
372 4836 631 4894 Flaviani.
654 4871 726 4882 -
749 4842 889 4898 Novi
922 4844 1218 4903 ferventem
1257 4850 1731 4931 illius‘caritatem,

126 4928 346 4997 igneam
376 4929 542 4998 illam,
585 4932 863 4989 ardentem
910 4946 1074 5007 atque
1104 4928 1547 5012 insuperabilem,
1569 4962 1731 5016 quam

124 5019 323 5079 intimo
351 5020 515 5074 animi
559 5023 668 5079 alte
693 5024 1138 5096 deﬁxambabct,
1193 5048 1498 5105 magnoque
1551 5040 1730 5093 studio

121 5110 279 5163 colit.
311 5109 488 5179 Probe
514 5114 710 5195 quippe
737 5117 882 5179 novit
909 5120 1079 5189 ipsam
1106 5138 1227 5180 esse
1248 5137 1409 5195 caput
1457 5130 1722 5187 bonorum

123 5201 394 5267 omnium,
424 5194 681 5273 radicem,
710 5199 923 5263 fontem.
947 5221 1003 5267 et
1040 5222 1289 5281 matrem,
1316 5194 1435 5287 qua
1457 5219 1729 5280 destitutis

124 5300 450 5363 exterarum
474 5295 626 5362 nulla
652 5297 806 5354 nobis
834 5301 1057 5369 utilitas.
1106 5304 1232 5366 llaec
1258 5308 1401 5371 enim
1430 5310 1728 5382 discipulo-

121 5398 263 5446 rum,
294 5382 502 5447 Domini
547 5387 723 5459 imago
749 5400 854 5460 est,
884 5407 1166 5458 servorum
1196 5398 1288 5454 Dei
1316 5400 1613 5470 character,
1640 5408 1726 5461 in-

120 5474 322 5528 dicium
339 5477 704 5545 apostolorum
730 5498 743 5534 :
770 5480 837 5535 In
866 5482 978 5551 hoc,
1009 5484 1200 5557 inquit,
1234 5504 1535 5561 cognoscent
1551 5512 1726 5553 omnes

186 5614 207 5693 ἶ
849 5617 1021 5693 saltent
1041 5624 1233 5686 affectu,
1256 5626 1438 5693 desunt
1461 5630 1509 5680 in
1535 5634 1723 5693 Morel.,

118 5672 207 5758 senii

182 5736 202 5805 ξ
240 5732 341 5805 alii,
370 5734 819 5805 ηρζήεηαιὶὶηιυῡὶτέ

184 5796 203 5825 ³
243 5792 349 5846 Alii.
372 5797 541 5851 dilecti
564 5792 675 5849 mei.

1884 2065 2022 2135 quod
2045 2044 2283 2135 discipuli
2307 2082 2404 2121 met
2425 2074 2543 2125 estis
2569 2065 2588 2137 (
2612 2065 2793 2123 'Joan.
2842 2067 2929 2122 l3.
2970 2067 3040 2123 55
3070 2069 3088 2135 )
3116 2083 3131 2121 :
3164 2066 3217 2121 in
3247 2065 3495 2153 quondic

1886 2156 2065 2210 mihi?
2103 2172 2233 2210 num
2262 2155 2405 2225 quod
2446 2164 2687 2211 mortuos
2741 2156 3034 2221 suscitetis,
3064 2156 3308 2226 leprosos
3332 2172 3489 2212 mun-

1882 2246 2041 2310 datis,
2074 2255 2167 2301 ant
2208 2245 2482 2301 daemones
2527 2247 2810 2316 expellatis
2842 2247 3131 2312 ?Minimc,
3165 2246 3359 2317 inquit,
3391 2246 3489 2301 sed

1883 2334 1966 2391 his
1989 2337 2238 2391 omnibus
2282 2338 2679 2405 prmtermissis.
2712 2337 2777 2392 In
2804 2339 2919 2405 hoc,
2948 2338 3142 2408 inquit,
3185 2350 3490 2410 cognoscent

1879 2426 2053 2483 omnes
2072 2428 2207 2499 quod
2230 2428 2472 2498 discipuli
2499 2430 2598 2483 mei
2623 2430 2766 2494 estis,
2808 2430 2850 2490 si
2876 2446 2961 2483 vos
2989 2431 3203 2489 invicem
3232 2430 3478 2502 diligatis.

1948 2517 2031 2571 Ad
2046 2519 2309 2572 caritatem
2324 2520 2547 2573 humana
2563 2519 2830 2589 diligentia
2844 2520 3319 2587 requiritur.—llla
3333 2523 3482 2591 quip-

1878 2609 2124 2678 penuius
2151 2623 2399 2678 supernae
2418 2610 2605 2679 gratiae
2644 2610 2787 2665 dona
2833 2620 2984 2675 sunt,
3023 2611 3127 2673 hoc
3173 2622 3355 2671 autem
3382 2612 3484 2671 hu-

1877 2715 2051 2754 mana;
2103 2700 2264 2755 etiam
2309 2700 2604 2769 diligentiae
2634 2709 2717 2755 est
2743 2716 2900 2770 opus.
2933 2700 3271 2757 Generosum
3300 2712 3481 2758 autem

1875 2806 1983 2845 non
2006 2800 2113 2844 tam
2132 2791 2336 2845 cmlitns
2355 2790 2478 2845 data
2507 2806 2731 2845 munera
2777 2807 3064 2848 secernere
3090 2793 3288 2861 solent,
3316 2810 3481 2865 quam

1871 2883 2105 2951 propriis
2128 2881 2400 2937 laboribus
2438 2881 2581 2937 edita
2614 2897 2777 2953 opera
2825 2901 2838 2936 :
2875 2899 3044 2955 quare
3073 2900 3179 2940 non
3201 2902 3233 2940 a
3281 2886 3473 2957 signis,

1872 2970 2338 3031 sedadilectione
2388 2970 2681 3041 discipulos
2719 2986 2848 3028 suos
2883 2973 3179 3031 internosci
3226 2975 3477 3034 Christus

1869 3062 1964 3115 ait.
1986 3048 2107 3115 'llae
2130 3061 2275 3115 enim
2300 3072 2583 3131 praesente,
2609 3063 2759 3120 nulla
2785 3063 3144 3138 philosophiae
3176 3084 3300 3138 pars
3332 3064 3462 3141 pos-

1868 3151 2062 3207 sidenti
2083 3151 2301 3219 deﬁcit;
2331 3152 2424 3209 sed
2451 3155 2760 3214 universam
2810 3157 2902 3213 ille
2926 3148 3334 3231 perfectamque
3360 3162 3474 3215 vir-

1869 3250 2038 3300 tutem
2065 3244 2290 3312 obtinet,
2309 3246 2761 3315 quemadmodum
2787 3247 3013 3303 absente
3060 3264 3263 3305 vacuus
3314 3249 3475 3306 bonis

1866 3334 2117 3389 omnibus
2135 3342 2236 3395 est.
2268 3335 2607 3405 Quapropter
2632 3336 2830 3397 Paulus
2859 3337 3030 3406 ipsam
3048 3339 3233 3394 laudat
3256 3342 3471 3395 verbis-

1865 3439 1972 3494 que
1997 3425 2249 3491 extollit;
2287 3426 2395 3478 imo
2424 3427 2766 3495 quantumvis
2790 3426 3011 3496 dixerit,
3044 3442 3155 3485 non
3183 3428 3272 3485 ad-
3293 3430 3462 3501 digni-

1866 3523 2035 3571 tatem
2056 3516 2172 3585 ejus
2188 3516 2416 3588 attingit.

1932 3606 1987 3659 2.
2017 3606 2156 3673 Quid
2182 3608 2328 3663 enim
2352 3608 2477 3663 huic
2515 3623 2613 3678 par
2637 3623 2760 3665 esse
2800 3611 2990 3680 possit,
3022 3627 3142 3682 qua)
3168 3613 3464 3683 prophetas

1864 3709 2137 3769 totamque
2163 3701 2334 3771 legem
2363 3705 2622 3767 continet,
2649 3712 2705 3761 et
2730 3703 2848 3758 sine
2870 3719 2974 3773 qua
3006 3718 3113 3759 non
3162 3704 3316 3770 ﬁdes,
3349 3722 3457 3762 non

1860 3792 2104 3857 scientia,
2127 3808 2232 3846 non
2260 3793 2640 3863 mysteriorum
2696 3795 2951 3864 cognitio,
2984 3810 3090 3851 non
3114 3796 3288 3865 ipsum
3319 3813 3461 3852 mar-

1861 3881 2075 3952 tyrium.
2103 3899 2221 3945 non,
2239 3883 2387 3940 aliud
2439 3884 2712 3953 quidpiam
2739 3885 2820 3941 his
2864 3872 3092 3955 petitum
3121 3901 3340 3943 servare
3361 3905 3459 3942 va-

1858 3973 2015 4037 leat,?
2043 3974 2181 4038 Nam
2208 3978 2251 4029 si
2295 3976 2573 4044 tradidero,
2620 3978 2812 4047 inquit,
2860 3994 3049 4050 corpus
3074 3997 3242 4039 meum
3292 3983 3365 4035 ita
3401 3994 3458 4037 ut

1856 4064 2369 4131 ardeam,.caritatem
2394 4076 2563 4121 autem
2588 4085 2688 4122 non
2713 4068 2957 4137 habuero,
2977 4071 3109 4124 nihil
3133 4072 3259 4125 mihi
3285 4074 3419 4143 prod
3433 4105 3455 4115 -

1855 4165 1927 4217 est
1954 4159 1972 4225 (
2006 4156 2058 4210 l.
2090 4156 2209 4210 Cor.
2234 4158 2319 4212 l5.
2356 4158 2391 4212 '5
2420 4156 2557 4228 )7.‘Et
2590 4158 2717 4214 alibi
2760 4174 2990 4217 rursum.
3023 4176 3141 4216 eam
3197 4162 3452 4219 omnibus

1856 4245 2219 4315 majorem,_ct
2244 4246 2506 4306 bonorum
2570 4262 2693 4309 esse
2738 4257 2901 4323 caput
2940 4250 3178 4306 ostendit
3226 4251 3452 4309 dicens:

1854 4336 1973 4391 Sive
2016 4338 2296 4406 prophetia:
2340 4338 2739 4403 euacuabuntur,
2779 4340 2887 4402 sive
2932 4342 3125 4418 lingua
3158 4343 3447 4412 cessabunt,

1849 4429 1954 4482 sive
2005 4429 2226 4492 scientia,
2261 4416 2543 4491 destruetur
2571 4429 2757 4502 (Ibid.
2793 4432 2898 4487 v.8
2922 4432 2965 4504 ).
3014 4416 3229 4497 Manent
3281 4446 3452 4491 autent

1848 4520 1995 4589 ﬁdes,
2026 4537 2139 4589 spes
2160 4530 2207 4574 et
2251 4521 2457 4583 caritas,
2508 4522 2607 4581 tria
2644 4522 2755 4586 Itan:
2776 4541 2798 4588 ,1
2819 4526 2986 4592 major
3022 4535 3189 4584 autem
3220 4528 3453 4584 omnibus

1848 4624 1922 4672 est
1945 4614 2134 4673 can'tas
2160 4614 2178 4681 (
2204 4613 2289 4667 Ib.
2317 4631 2365 4667 υ.
2392 4616 2461 4673 15
2481 4614 2522 4685 ).
2554 4614 2661 4669 Sed
2685 4616 3077 4677 non-modicam
3107 4619 3265 4674 nobis
3288 4636 3443 4697 qua:-

1846 4704 2074 4765 stionem
2098 4703 2214 4762 hinc
2230 4704 2300 4767 de
2338 4707 2563 4760 caritate
2610 4706 2764 4767 dicta,
2801 4707 3094 4768 inducunt:
3126 4724 3247 4765 nam
3296 4711 3441 4780 quod

1845 4794 2141 4863 prephetim
2165 4804 2497 4858 evacnenttu'
2542 4806 2611 4859 et
2646 4798 2841 4873 linguae
2878 4810 3114 4867 cessent,
3150 4801 3284 4856 nihil
3306 4802 3434 4858 inde

1841 4885 2068 4947 durum;
2098 4900 2219 4939 eum
2237 4888 2379 4952 enim
2404 4888 2519 4951 haec
2541 4899 2789 4957 munera,
2804 4901 3090 4961 postquam
3117 4909 3273 4947 suum
3308 4909 3445 4963 prae-

1843 4978 2077 5048 stiterint
2094 4994 2187 5032 usu
2196 4995 2266 5042 In,
2288 4988 2468 5048 postea
2485 4964 2949 5047 cessabuiil,n1liil
2964 4986 3127 5041 verbo
3151 5000 3447 5041 noeumen-

1844 5070 1879 5122 ti
1908 5068 2102 5127 αἰτεῖτε
2125 5079 2391 5138 poterunt,
2425 5071 2690 5141 siquidem
2740 5072 2860 5147 jam.
2884 5075 3162 5143 prophetia
3195 5091 3301 5130 non
3334 5086 3436 5142 est,

1841 5161 2508 5231 noulinguarummunus,
2537 5166 3040 5236 attamenpietatis
3078 5168 3303 5225 verbum
3333 5182 3443 5233 non

1839 5254 2163 5322 ἱειψρᾱὶιυει.

1912 5346 2180 5410 Quomodo
2203 5347 2515 5419 intelligam!
2567 5348 2722 5415 illud,
2752 5352 2973 5410 scientia
3010 5352 3340 5416 destruetur.
3361 5383 3433 5397 -

1835 5438 1990 5506 Quod
2007 5442 2430 5505 autemrscientia
2454 5442 2876 5514 destruatur,ng
2927 5446 3031 5505 illo,
3053 5448 3281 5515 quaestio
3304 5463 3424 5503 mo-

1836 5545 2013 5592 vetur.
2042 5535 2173 5590 Cum
2204 5536 2617 5602 euimdixisset,
2648 5538 2769 5592 Sive
2798 5539 3083 5608 prophetia:
3103 5539 3431 5601 evacuatur

1834 5639 1938 5695 tur,
1962 5631 2066 5684 sive
2093 5631 2282 5702 lingua:
2301 5635 2585 5700 cessabunt,
2612 5635 2813 5698 intulit,
2835 5620 2961 5695 Sive}
2978 5636 3189 5697 scientia
3208 5636 3440 5691 destrue-

1835 5732 1936 5773 tur.
1961 5720 2017 5775 Si
2043 5732 2219 5778 autem
2252 5724 2485 5779 futurum
2538 5737 2619 5781 est
2648 5735 2706 5780 ut
2758 5727 2981 5781 scicntia
3012 5735 3209 5789 cesset,
3234 5741 3340 5779 non
3372 5727 3429 5781 in

1833 5811 2041 5880 melius,
2070 5813 2164 5870 sed
2215 5814 2268 5870 in
2318 5815 2468 5886 peius
2518 5833 2607 5873 res
2653 5827 2857 5875 nostra:
2904 5818 3096 5879 cedent
3129 5833 3142 5869 :
3176 5818 3293 5874 sine
3338 5814 3426 5872 illa
