4174 6336
664 400 772 458 705

666 511 866 579 quippe
895 507 944 563 id
976 523 1190 579 quoque
1213 509 1354 579 quod
1400 508 1641 564 homines
1671 509 1859 574 simus,
1903 506 2209 560 amittemus
2238 522 2252 559 :

667 599 834 655 Deum
864 602 1006 656 enim
1032 643 1046 666 ,
1077 604 1265 672 inquit,
1301 603 1436 668 time,
1468 613 1513 655 et
1559 588 1799 655 mandata
1849 602 1960 667 ejus
2012 600 2216 653 observa
2243 613 2259 651 :

671 694 765 745 hoc
797 703 866 746 est
892 693 1026 745 enim
1077 694 1240 747 omnis
1293 693 1440 745 Itonia
1469 691 1486 764 (
1513 692 1683 746 Eccle.
1706 691 1794 745 12.
1830 689 1954 761 15).
1983 690 2042 745 Si
2084 692 2259 758 itaque

669 784 831 845 homo
860 770 981 838 esse
1009 784 1147 837 idem
1179 786 1247 837 sit
1283 784 1423 852 quod
1457 785 1616 836 Deum
1651 784 1856 847 limere,
1891 784 2046 835 timor
2080 791 2256 835 autem

672 879 862 932 Deiex
904 877 1124 932 scientia
1176 877 1414 947 prodeat,
1467 878 1794 945 scientiaque
1842 876 2168 940 destruatur,
2207 883 2262 927 ut

672 971 749 1022 ait
802 970 991 1024 beatus
1037 969 1273 1032 Paulus,
1313 978 1440 1022 tunc
1480 967 1714 1022 funditus
1768 968 2083 1037 peribimus,
2139 981 2259 1020 cum

684 1063 906 1116 scientia
941 1079 1044 1116 non
1073 1065 1194 1129 erit,
1224 1065 1508 1134 omniaque
1528 1071 1708 1118 nostra
1735 1063 1988 1128 deiluent,
2009 1077 2070 1116 ac
2096 1062 2262 1115 brutis

679 1154 844 1207 nihilo
863 1155 1100 1208 melioris
1127 1156 1346 1220 erimus,
1377 1156 1482 1208 imo
1510 1157 1677 1208 multo
1706 1154 1900 1223 pejoris
1919 1151 2259 1207 conditionis.

679 1248 791 1301 Ilac
815 1249 956 1300 enim
987 1264 1044 1301 re
1074 1264 1175 1301 una
1207 1249 1308 1310 illis
1345 1257 1658 1317 praestamus
1683 1289 1696 1313 ,
1733 1258 1788 1300 ut
1816 1249 1866 1299 in
1915 1246 2032 1298 aliis
2078 1245 2258 1298 omni-

676 1339 775 1391 bus
790 1339 1063 1406 corporeis
1092 1339 1159 1392 ab
1191 1338 1254 1391 iis
1277 1339 1432 1407 longe
1475 1352 1811 1405 superemur.
1835 1335 1972 1403 Quid
2007 1335 2164 1404 igitur
2184 1342 2265 1387 est

678 1427 746 1483 de
764 1444 870 1498 quo
897 1429 1130 1497 loquitur
1154 1428 1369 1489 Paulus,
1401 1443 1520 1482 cum
1552 1429 1644 1490 ait,
1679 1427 1906 1481 Scientia
1933 1428 2214 1480 destruetur
2243 1425 2266 1478 ?

677 1520 791 1574 Nan
819 1521 888 1575 de
914 1521 1224 1586 universali,
1258 1520 1351 1573 sed
1376 1520 1441 1574 de
1486 1519 1788 1590 partieulari
1821 1518 2047 1588 quadam
2087 1518 2264 1571 scien-

680 1591 748 1664 tia
776 1612 1027 1681 loquitur,
1059 1612 1473 1666 destructionem
1500 1626 1696 1665 vocans
1715 1625 2056 1679 progressum
2076 1609 2124 1661 in
2151 1623 2265 1663 me—

680 1701 781 1755 lius
813 1719 825 1754 :
864 1703 936 1755 ita
960 1711 1018 1755 ut
1055 1703 1388 1772 particularis
1420 1703 1508 1756 illa
1545 1703 1838 1766 destructa,
1882 1717 1987 1753 non
2036 1699 2264 1767 amplius

680 1793 749 1846 sit
789 1792 1145 1861 particularis,
1179 1791 1276 1845 sed
1328 1792 1580 1860 perfecta.
1623 1790 2082 1858 Quemadmodum
2125 1790 2266 1845 enim

681 1883 896 1951 puerilis
921 1893 1051 1936 a'tas
1104 1883 1415 1947 destruitur,
1463 1900 1565 1937 non
1594 1885 1772 1937 deleta
1824 1884 2145 1947 substantia,
2171 1881 2264 1936 sed

678 1983 832 2029 aucta
860 1985 1059 2029 statura
1087 1976 1217 2029 etin
1248 1975 1417 2029 virum
1448 1968 1740 2044 perfectum
1793 1974 2078 2042 evadente,
2119 1973 2195 2026 sic
2216 1982 2270 2026 et

681 2069 732 2121 in
764 2068 985 2122 scientia
1016 2069 1210 2122 evenit.
1243 2068 1426 2131 Parva,
1454 2068 1641 2136 inquit,
1672 2067 1784 2120 Iuec
1807 2082 1913 2119 non
1948 2065 2078 2118 ultra
2109 2080 2267 2133 parva

686 2160 808 2224 erit,
841 2158 1054 2228 quando
1083 2159 1335 2227 deinceps
1375 2173 1563 2228 magna
1629 2157 1931 2211 efﬁcietur:
1962 2156 2038 2210 sic
2071 2154 2266 2209 intelli-

679 2233 910 2320 gendum
929 2249 1076 2311 illud,
1106 2248 1387 2302 destruetur
1410 2264 1429 2302 :
1457 2247 1596 2316 quod
1629 2249 1822 2301 clarius
1848 2248 1899 2300 in
1923 2245 2270 2315 sequentibus

679 2341 980 2412 explicavit.
1015 2340 1264 2406 Utenim,
1295 2355 1415 2394 cum
1450 2341 1600 2394 audis
1631 2340 1929 2402 destruetur,
1964 2352 2069 2390 non
2091 2336 2268 2390 omni-

681 2433 892 2488 modam
924 2431 1342 2487 destructionem
1395 2448 1515 2486 esse
1567 2443 1781 2502 putares
1801 2472 1814 2494 ,
1848 2430 1941 2484 sed
1970 2430 2271 2484 incremen-

683 2534 793 2577 tum
820 2522 1109 2592 quoddam,
1155 2531 1209 2576 et
1251 2536 1589 2591 progressum
1631 2522 1682 2574 in
1729 2521 1941 2584 melius,
1988 2527 2269 2588 postquam

681 2615 907 2678 dixerat,
950 2615 1256 2681 destruetur,
1283 2613 1484 2668 addidit
1517 2631 1530 2664 :
1562 2611 1644 2666 Ex
1683 2623 1824 2683 parte
1853 2611 1983 2665 enim
2009 2610 2270 2681 cognosci-

681 2724 812 2771 mus,
838 2715 885 2761 el
911 2722 974 2760 ea:
994 2715 1138 2776 parte
1165 2706 1522 2777 praplictamus
1541 2723 1560 2758 :
1586 2721 1698 2774 eum
1724 2716 1890 2757 autent
1937 2705 2118 2757 venerit
2138 2703 2273 2772 quod

682 2800 956 2868 perfectum
982 2806 1073 2863 est,
1095 2807 1210 2849 tunc
1236 2796 1554 2849 evacuabitur
1571 2795 1706 2865 quod
1733 2812 1792 2848 ea:
1819 2806 1961 2866 parte
1983 2803 2054 2847 est
2075 2811 2096 2860 ;
2125 2796 2191 2847 ita
2217 2803 2274 2846 ut

684 2905 788 2943 non
821 2890 959 2944 ultra
1007 2904 1073 2944 ex
1109 2901 1259 2957 parte
1281 2890 1367 2952 sit,
1392 2889 1483 2942 sed
1508 2886 1824 2956 perfectum.
1846 2887 2028 2956 Itaque
2067 2885 2271 2954 imper-

685 2981 845 3035 fectio
869 2980 983 3048 ejus
1006 2981 1314 3044 destruitur,
1367 2989 1422 3033 ut
1475 2994 1582 3032 non
1607 2979 1742 3032 ultra
1769 2980 1837 3032 sit
1867 2976 2262 3045 imperfectum,

681 3073 776 3128 sed
805 3073 1118 3144 perfectum.
1160 3074 1461 3128 Destructio
1507 3073 1662 3141 igitur
1686 3081 1767 3126 est
1797 3071 2271 3140 complementum,

682 3173 736 3218 et
767 3166 820 3218 in
855 3164 1026 3234 majus
1055 3174 1418 3234 augmentum.

756 3257 808 3310 3.
841 3257 1017 3324 Atque
1043 3255 1406 3309 animadverte
1428 3255 1555 3309 mihi
1575 3253 1721 3307 Pauli
1751 3251 2085 3323 prudentiam
2115 3270 2127 3305 :
2159 3267 2267 3305 non

682 3347 824 3399 enim
855 3347 1008 3410 dixit,
1063 3348 1273 3400 Partem
1323 3347 1725 3416 cognoscimus;
1757 3341 1873 3410 sed,
1910 3343 1990 3397 Ea:
2013 3353 2157 3414 parte
2174 3359 2262 3395 co-

682 3438 971 3508 gnoscimus
1005 3439 1024 3509 (
1056 3438 1106 3492 ‘l.
1141 3425 1264 3491 Cor.
1295 3438 1381 3491 15.
1410 3437 1442 3491 9
1464 3437 1504 3507 ),
1533 3435 1819 3489 ostendens
1841 3449 1939 3488 nos
1971 3434 2134 3503 partis
2163 3448 2277 3503 par-

687 3539 792 3583 tem
827 3538 1030 3584 tenere.
1063 3528 1316 3582 Fortasse
1359 3528 1545 3582 audire
1593 3528 1808 3597 optatis,
1861 3537 2112 3596 quantam
2147 3526 2274 3579 reti-

688 3633 908 3672 neamus
927 3619 1542 3689 parten'i,’quantamque
1572 3619 1954 3687 relinquamus,
1985 3628 2036 3671 et
2062 3633 2128 3670 an
2158 3632 2274 3670 ma-

683 3712 855 3781 jorem
889 3714 1219 3766 minoremve
1241 3721 1446 3782 partem
1477 3721 1771 3766 teneamus.
1793 3709 1861 3765 Ut
1891 3713 2067 3778 itaque
2097 3709 2274 3764 discas

689 3813 740 3856 te
780 3803 1039 3857 minorem
1076 3814 1257 3857 tenere
1285 3811 1512 3871 partem,
1537 3811 1590 3855 et
1620 3817 1725 3854 non
1752 3811 1955 3854 tantum
1988 3801 2270 3868 minorem,

687 3893 802 3956 sed,
836 3903 894 3946 ut
921 3893 991 3945 itu
1013 3893 1206 3960 dicam,
1225 3893 1593 3958 centesimam,
1612 3893 1703 3944 aut
1717 3892 1895 3945 decies
1913 3891 2245 3947 millesimam
2261 3932 2276 3958 ,

688 3985 811 4040 audi
866 4001 986 4054 quae
1033 3996 1372 4056 sequuntur:
1417 3985 1498 4039 vel
1556 3985 1731 4053 potius
1789 3993 2076 4054 antequam
2122 3986 2277 4039 vobis

689 4077 1035 4146 apostolicam
1051 4091 1234 4130 vocem
1263 4077 1521 4145 legamus,
1551 4076 1860 4143 exemplum
1889 4074 2135 4139 referam,
2166 4091 2274 4143 quo

690 4167 840 4222 vobis
870 4167 1189 4231 declaretur,
1241 4176 1297 4219 ut
1338 4167 1584 4234 exemplo
1633 4166 1748 4219 fieri
1794 4174 1990 4235 potest,
2019 4175 2275 4234 quantum

691 4259 933 4312 relictum
957 4259 1047 4324 sit,
1071 4267 1124 4311 et
1163 4266 1419 4326 quantum
1475 4259 1543 4311 sit
1586 4256 1727 4326 quod
1771 4271 1912 4310 nunc
1959 4258 2272 4310 retinemus.

697 4351 963 4415 Quantum
991 4350 1149 4420 igitur
1189 4351 1477 4404 discrimen
1508 4359 1590 4404 est
1625 4350 1941 4414 inteream,
1973 4365 2092 4417 quae
2121 4350 2274 4403 nobis

697 4440 750 4492 in
794 4439 973 4494 futuro
1017 4440 1264 4507 dabitur,
1289 4441 1598 4506 scientiam,
1628 4449 1681 4493 et
1710 4442 2061 4509 praisentem?
2091 4442 2273 4506 Quan-

697 4543 808 4585 tum
864 4536 1001 4586 inter
1046 4534 1215 4587 virum
1263 4533 1552 4602 perfectum
1603 4540 1657 4586 et
1700 4531 1983 4586 lactentem
2061 4550 2074 4586 :
2122 4541 2276 4601 aeque

695 4625 838 4678 enim
872 4633 1091 4694 prmstat
1120 4624 1367 4694 praesenti
1410 4625 1585 4683 futura
1614 4625 1854 4678 scientia.
1890 4625 2043 4691 Quod
2092 4636 2274 4679 autem

690 4716 744 4770 id
801 4732 985 4771 verum
1035 4718 1125 4781 sit,
1152 4731 1320 4785 eaque
1370 4717 1440 4770 sit
1480 4716 1622 4770 illius
1670 4716 2048 4784 praecellentia,
2083 4717 2275 4772 Paulus

692 4807 886 4862 iterum
913 4806 1178 4861 declarat:
1203 4822 1320 4860 cum
1352 4806 1492 4860 enim
1516 4806 1737 4860 dixisset
1763 4846 1777 4870 ,
1804 4805 1887 4858 Ex
1915 4815 2059 4875 parte
2084 4822 2274 4875 cogno-

692 4899 898 4962 scimus,
933 4906 986 4951 et
1025 4897 1183 4951 vellet
1209 4897 1491 4952 ostendere
1530 4914 1593 4950 ex
1621 4906 1815 4966 quanta
1868 4909 2038 4965 parte,
2072 4913 2275 4968 nosque

693 4987 1060 5042 brevissimam
1085 5003 1227 5041 nunc
1257 4995 1460 5052 tenere,
1492 4988 1666 5041 intulit
1699 5006 1711 5040 :
1744 4987 1868 5040 Cum
1901 5004 2057 5040 essem
2086 5005 2276 5055 paruu-

692 5081 790 5142 lus,
816 5077 1054 5148 loquebar
1081 5088 1133 5130 ut
1159 5078 1419 5148 parvulus,
1468 5078 1724 5146 sapiebam
1751 5087 1805 5130 ut
1844 5078 2105 5146 parvulus,
2139 5081 2251 5150 cogi
2260 5105 2278 5117 -

692 5169 863 5222 tabam
890 5178 944 5221 ut
972 5168 1213 5238 paruulus
1227 5183 1398 5240 ⁸;,,‹;ιιηι
1425 5180 1592 5222 autem
1613 5173 1776 5238 factus
1798 5185 1909 5221 smn
1941 5169 2033 5233 vir,
2060 5185 2278 5222 evacua-

692 5263 736 5315 υἱ
766 5276 882 5330 qua:
900 5271 1040 5314 erant
1063 5257 1306 5329 paruuli(
1341 5260 1422 5314 Ib.
1456 5278 1503 5314 υ.
1536 5263 1592 5315 ll
1628 5260 1645 5331 )
1678 5279 1693 5315 :
1739 5278 1859 5317 cum
1891 5272 2029 5316 statu
2065 5264 2276 5331 parvuli

691 5367 1014 5424 praesentem
1050 5358 1346 5418 scientiam,
1368 5373 1486 5410 cum
1515 5358 1733 5427 perfecti
1757 5357 1854 5412 viri
1885 5367 2023 5413 statu
2047 5359 2278 5415 futuram

691 5462 1026 5516 comparans.
1051 5448 1235 5518 Neque
1281 5449 1433 5511 dixit,
1467 5447 1599 5502 Cum
1653 5465 1824 5503 essem
1881 5466 2047 5520 puer:
2082 5468 2202 5505 nam
2229 5461 2282 5507 et

693 5537 976 5594 duodecim
1006 5554 1269 5592 annorum
1301 5541 1314 5570 ¹
1362 5556 1491 5608 puer
1543 5539 1774 5604 dicitur;
1803 5541 1894 5594 sed
1919 5581 1934 5606 ,
1968 5540 2092 5595 Cum
2124 5560 2282 5596 essem

696 5631 957 5698 paruulus,
987 5630 1038 5685 id
1071 5640 1171 5696 est,
1206 5631 1409 5685 lactens
1439 5641 1492 5686 et
1545 5631 1736 5687 iulans.
1781 5632 1932 5702 Quod
1961 5636 2101 5688 cnim
2132 5636 2280 5692 Scri-

764 5846 775 5876 ’
817 5863 933 5905 ires
956 5863 1081 5916 Mss,
1112 5857 1276 5908 decem
1298 5870 1546 5909 armorum.

1387 396 1444 453 S.
1486 392 1763 451 JOANNIS
1798 390 2274 449 CHRYSOSTOMI
2315 390 2636 447 ARCHIEP.
2677 390 3217 457 CONSTANTINOP.

3855 389 3956 443 706

2371 515 2521 574 ptura
2550 507 2708 560 talem
2727 515 2882 561 vocet
2907 506 3187 572 infantem,
3214 503 3334 560 audi
3357 504 3624 559 Psalmum
3650 503 3916 559 dicentem
3944 523 3954 556 :

2366 594 2584 648 Domine
2620 594 2873 650 Dominus
2902 607 3091 660 noster,
3141 611 3293 664 quam
3318 595 3616 648 adimrabile
3663 605 3736 647 est
3775 610 3954 646 nomen

2363 698 2504 738 tamn
2536 685 2587 738 in
2615 687 2848 739 universa
2879 697 3011 740 terra
3035 686 3055 739 .'
3085 685 3336 750 Quoniam
3383 685 3573 738 elevata
3603 696 3674 738 est
3705 684 3952 754 magniﬁ-

2362 777 2525 828 centia
2557 786 2642 829 tua
2665 793 2818 846 super
2838 778 2987 830 cwlos
3012 792 3029 830 :
3051 793 3113 830 ea:
3164 793 3251 829 ore
3285 775 3556 842 infantium
3594 788 3639 828 et
3667 775 3960 828 lacteutium

2366 868 2618 936 perfecisti
2661 867 2864 920 laudem
2892 869 2909 936 (
2938 866 3080 921 Psal.
3122 866 3174 921 8.
3213 865 3264 919 2.
3293 866 3380 934 5).
3428 865 3586 920 Vides
3617 865 3729 934 jam
3762 879 3960 935 parvu-

2369 960 2471 1011 luni
2507 973 2599 1026 pro
2620 958 2850 1013 lactente
2878 959 3070 1028 ubique
3093 957 3286 1012 vocari.
3321 956 3457 1011 Tum
3509 957 3702 1026 Spil'ilu
3749 956 3960 1025 prospi-

2369 1052 2517 1102 ciens
2548 1049 2847 1102 futurorum
2897 1049 3170 1102 hominum
3218 1047 3599 1116 impudentiam
3619 1088 3634 1111 ,
3664 1063 3839 1114 neque
3864 1046 3963 1100 hoc

2370 1154 2474 1190 uno
2510 1149 2792 1193 contentus
2833 1139 3105 1208 exemplo,
3137 1137 3429 1193 secundum
3459 1138 3616 1191 etiam
3646 1152 3708 1190 ac
3743 1137 3960 1190 tertiqu

2367 1233 2430 1285 ad
2483 1232 2943 1286 continuationem
2991 1232 3212 1286 addidit.
3289 1230 3750 1299 Qneinadntmlnni
3819 1231 3964 1282 enim

2367 1325 2576 1396 Moyses
2601 1340 2720 1379 cuni
2746 1325 2810 1378 ad
2861 1324 3078 1378 Judmos
3131 1326 3448 1388 mitteretur,
3487 1323 3643 1375 trium
3686 1322 3963 1391 signorum

2370 1420 2619 1472 indicium
2653 1419 2984 1489 accipiebam
3013 1418 3180 1473 Exod.
3210 1420 3244 1473 5
3277 1422 3316 1488 ),
3356 1430 3409 1472 ιιι
3430 1421 3473 1473 si
3505 1418 3676 1488 primo
3705 1435 3813 1474 non
3842 1433 3963 1473 crc-

2369 1512 2574 1577 dereut,
2595 1512 2814 1566 secundi
2836 1528 3019 1566 vocem
3049 1512 3326 1574 audirent;
3355 1511 3437 1565 sin
3466 1513 3625 1566 etiam
3653 1513 3753 1566 hoc
3777 1527 3968 1580 asper-

2371 1610 2644 1666 narentur,
2676 1602 2833 1656 tertio
2861 1601 3125 1670 pudefacti
3157 1602 3469 1671 prOphetain
3521 1602 3828 1671 reciperent
3853 1618 3868 1653 :
3892 1601 3962 1653 ita

2335 1692 2423 1748 'ct
2467 1694 2553 1747 hic
2598 1694 2692 1746 tria
2751 1693 2899 1762 ponit
2944 1692 3277 1762 exempla‘;
3327 1693 3553 1761 prinnnn
3594 1709 3658 1746 ex
3711 1693 3970 1761 parvulo,

2369 1785 2494 1838 dum
2521 1785 2614 1848 ait,
2639 1781 2767 1839 Cum
2807 1800 2962 1838 essent
2993 1783 3234 1854 paruulus
3254 1823 3270 1848 ,
3301 1783 3557 1854 sapiebam
3588 1794 3642 1836 ut
3679 1785 3929 1850 paruulus
3948 1799 3968 1838 ε

2370 1878 2662 1931 secundum
2681 1892 2748 1930 ex
2773 1876 3011 1947 speculo,
3028 1876 3242 1931 tertium
3262 1891 3328 1930 ex
3348 1876 3650 1945 atuigmate.
3676 1874 3970 1945 Postquam

2371 1968 2580 2023 dixerat
2597 1969 2738 2024 enim
2759 2009 2775 2035 ,
2804 1967 2929 2023 Cum
2959 1984 3117 2022 essem
3147 1968 3419 2038 parvulus,
3446 1967 3640 2031 intulit,
3683 1967 3922 2022 Videmus
3947 1969 3973 1998 ’

2370 2072 2537 2113 autem
2565 2079 2699 2115 nunc
2722 2079 2812 2131 per
2832 2063 3096 2132 speculum
3131 2062 3182 2114 in
3227 2062 3513 2132 aenigmate.
3549 2061 3623 2114 [in
3651 2061 3850 2130 quippe
3879 2075 3973 2115 se-

2371 2151 2606 2205 cundum
2648 2152 2950 2220 exemplum
2997 2150 3322 2205 infirmitatis
3359 2153 3641 2220 praesentis
3677 2170 3696 2205 ζ
3719 2152 3979 2220 quodque

2374 2244 2684 2314 imperfecta
2715 2246 2785 2298 sit
2811 2245 3031 2300 scientia
3053 2287 3066 2308 ,
3098 2245 3255 2299 tertio
3283 2244 3539 2313 probatur
3565 2243 3647 2298 his
3674 2245 3874 2306 verbis,
3909 2243 3975 2298 lu

2372 2338 2660 2407 (enigmata.
2691 2335 2932 2405 Namque
2967 2336 3219 2405 parvulus
3248 2335 3414 2389 multa
3447 2334 3659 2405 quidem
3681 2335 3848 2399 videt,
3875 2351 3974 2388 au-

2375 2426 2451 2479 dit
2483 2435 2536 2480 et
2584 2426 2815 2494 loquitur
2845 2443 2857 2478 :
2891 2425 3021 2479 nihil
3071 2437 3246 2480 tamen
3288 2424 3520 2480 dilucide
3562 2425 3643 2478 vel
3675 2425 3860 2489 videt,
3891 2426 3977 2481 vel

2375 2512 2543 2584 audit,
2568 2519 2650 2572 vel
2676 2518 2911 2587 loquitur
2936 2533 2952 2572 :
2977 2528 3030 2572 et
3052 2518 3189 2588 sapit
3213 2517 3448 2588 quidem,
3473 2516 3564 2571 sed
3587 2516 3719 2571 nihil
3743 2517 3980 2586 integre.

2376 2612 2450 2665 Ita
2479 2621 2537 2666 et
2577 2626 2676 2681 ego
2706 2611 2818 2666 scio
2860 2611 3076 2680 quidem
3122 2612 3284 2665 multa
3305 2651 3321 2676 ,
3367 2610 3459 2664 sed
3487 2625 3672 2665 eorum
3704 2625 3813 2665 non
3846 2611 3982 2665 novi

2377 2704 2614 2758 modum.
2665 2704 2831 2758 Deum
2863 2705 3004 2758 enim
3051 2702 3243 2773 ubique
3273 2717 3393 2758 esse
3437 2703 3597 2767 novi,
3631 2712 3798 2757 totum
3846 2703 3979 2758 item

2377 2795 2575 2864 ubique
2594 2809 2714 2849 esse
2742 2796 2895 2858 novi;
2923 2793 3193 2864 quomodo
3219 2802 3416 2855 autem,
3443 2794 3620 2847 nescio
3646 2811 3658 2846 :
3687 2792 3805 2847 sine
3831 2794 3983 2862 priu-

2375 2888 2547 2958 cipio,
2593 2903 2695 2941 non
2742 2889 3015 2957 genitum,
3061 2887 3449 2955 sempiternum
3495 2886 3654 2950 novi;
3702 2886 3983 2956 quomodo

2375 2987 2573 3043 autem,
2624 2980 2827 3033 nescio.
2878 2978 3065 3048 Neque.
3110 2977 3338 3031 humana
3385 2975 3524 3030 ratio
3568 2991 3761 3044 capere
3807 2977 3981 3044 valet,

2376 3069 2646 3139 quomodo
2675 3071 2845 3138 possit
2873 3084 2994 3124 esse
3042 3069 3339 3124 substantia
3365 3110 3380 3135 ,
3430 3083 3548 3137 qure
3577 3083 3676 3122 nec
3711 3083 3740 3121 a
3773 3068 3980 3136 seipsa,

2379 3177 2478 3216 nec
2521 3163 2589 3216 ab
2633 3163 2736 3215 alio
2773 3162 3024 3231 quopiam
3066 3176 3185 3215 esse
3214 3161 3499 3229 acceperit.
3529 3160 3652 3214 Scio
3680 3161 3855 3228 ipsum
3887 3177 3985 3230 ge-

2378 3256 2558 3308 nuisse
2585 3253 2810 3320 Filium;
2840 3252 3107 3322 quomodo
3145 3260 3344 3317 autem,
3378 3252 3564 3320 ignoro
3597 3269 3609 3302 :
3645 3252 3767 3305 novi
3796 3251 3982 3320 Spiri-

2378 3357 2489 3399 tum
2512 3361 2575 3400 ex
2605 3346 2721 3413 ipso
2748 3359 2904 3410 esse;
2937 3342 3205 3414 quomodo
3227 3353 3403 3398 autem
3428 3358 3495 3396 ex
3521 3342 3636 3412 ipso
3657 3341 3742 3404 sit,
3770 3343 3984 3396 nescio.

2376 3439 2538 3494 Cibos
2597 3437 2898 3502 comedo';
2941 3453 3047 3506 quo
3109 3445 3264 3505 pacto
3324 3445 3501 3490 autem
3561 3435 3867 3489 dividantur
3925 3436 3981 3490 in

2379 3530 2641 3598 pituitam,
2667 3529 3002 3598 sanguinem,
3023 3527 3302 3581 humorem
3325 3535 3377 3580 et
3405 3527 3573 3591 bilim,
3592 3527 3799 3596 ignoro.
3825 3526 3980 3592 Haec,

2378 3635 2495 3689 qua:
2521 3619 2757 3688 quotidie
2777 3619 3124 3674 comedentes
3148 3604 3420 3678 videmus,
3436 3616 3740 3686 ignoramus
3770 3624 3989 3682 tamen,

2377 3721 2432 3764 et
2460 3710 2554 3764 Dei
2581 3709 2932 3764 substantiam
2962 3710 3172 3763 curiose
3207 3708 3549 3763 scrutamur?

2447 3811 2502 3858 4.
2531 3804 2716 3857 Contra
2739 3804 3002 3856 Anomaeos
3028 3801 3267 3872 loquitur.
3295 3830 3369 3840 ——
3397 3799 3496 3856 Ubi
3522 3807 3646 3853 sunt
3676 3799 3856 3869 igitur,
3887 3802 3990 3870 qui

2378 3910 2437 3949 se
2463 3903 2623 3948 totam
2655 3893 2930 3948 scientiam
2952 3893 3225 3962 accepisse
3261 3891 3465 3958 dicunt,
3495 3891 3690 3960 quique
3713 3901 3893 3945 tamen
3928 3893 3982 3946 in

2379 3985 2686 4039 barathrum
2713 3983 3026 4054 ignorantiae
3047 3983 3248 4050 delapsi
3271 3980 3431 4036 sunt?
3448 3980 3588 4035 Nam
3608 3981 3696 4050 qui
3723 3996 3868 4034 nunc
3892 3981 3983 4036 di-

2377 4084 2505 4130 cunt
2524 4093 2580 4132 se
2603 4084 2769 4129 totum
2791 4074 3080 4142 accepisse,
3107 4074 3157 4126 in
3187 4071 3362 4126 futuro
3389 4087 3447 4126 se
3469 4070 3776 4125 omnimodo
3797 4071 3982 4126 scien-

2381 4170 2448 4223 tia
2496 4183 2691 4222 vacuos
2729 4168 3079 4220 constituunt.
3127 4164 3242 4234 Ego
3281 4165 3476 4233 quippe
3499 4163 3589 4232 qui
3625 4163 3744 4218 dico
3781 4178 3870 4218 me
3914 4181 3986 4219 ex

2381 4269 2530 4329 parte
2559 4271 2884 4327 cognoscere
2908 4299 2922 4321 ,
2955 4256 3054 4309 etsi
3084 4255 3256 4308 dicam
3288 4253 3424 4308 hanc
3451 4252 3726 4307 scientiam
3757 4252 3984 4308 destruo

2378 4361 2521 4405 ctum
2561 4349 2626 4403 iri
2652 4390 2665 4413 ,
2713 4349 2764 4401 in
2805 4348 2997 4401 melius
3025 4361 3087 4400 ac
3114 4345 3400 4416 perfectius
3429 4343 3760 4414 progredior,
3788 4352 3992 4413 utpote

2377 4456 2523 4507 cum,
2549 4441 2813 4494 destructa
2836 4437 3135 4506 particulari
3154 4436 3392 4499 scientia,
3413 4434 3698 4504 perfectior
3722 4434 3984 4488 accedat:

2379 4533 2465 4587 ille
2491 4546 2622 4585 vero
2647 4529 2737 4600 qui
2762 4529 2889 4583 dicit
2915 4543 2973 4582 se
3001 4537 3186 4592 totam,
3216 4524 3574 4579 omnimodam
3599 4534 3654 4580 et
3680 4523 3988 4594 perfectam-

2381 4625 2577 4679 habere
2621 4621 2896 4677 scientiam
2923 4662 2937 4687 ,
2979 4629 3032 4673 et
3072 4627 3251 4688 postea
3283 4617 3473 4671 fatetur
3497 4618 3663 4686 ipsam
3711 4617 3762 4668 in
3797 4615 3986 4670 futuro

2381 4716 2706 4771 destructum
2748 4715 2847 4779 iri,
2875 4727 2934 4767 se
2961 4710 3184 4784 scientia
3213 4723 3437 4764 vacuum
3469 4707 3702 4761 futurum
3729 4722 3850 4762 esse
3883 4708 3984 4761 de~

2346 4800 2349 4801 7
2381 4810 2548 4865 clarat
2568 4851 2581 4874 ,
2612 4824 2732 4863 cum
2757 4809 2871 4862 inec
2898 4805 3217 4862 destruenda
3237 4847 3254 4872 ,
3280 4804 3530 4874 niillaque
3556 4803 3657 4857 alia
3687 4801 3987 4872 perfectior

2382 4901 2679 4957 inducenda
2705 4899 2776 4953 sit
2802 4918 2814 4954 :
2843 4898 3103 4968 siquidem
3129 4896 3244 4951 haec
3267 4895 3560 4950 secundum
3591 4895 3713 4948 illos
3741 4894 3987 4964 perfecni

2383 4995 2605 5049 scientia
2639 5002 2741 5047 est.
2780 4991 3055 5046 Videtisne
3091 5003 3197 5059 quo
3228 4997 3416 5057 pacto,
3446 4986 3572 5041 dum
3612 5001 3671 5040 se
3693 4995 3861 5039 totum
3899 4985 3991 5041 hic

2383 5087 2582 5140 habere
2606 5083 2953 5148 contendunt,
2976 5095 3148 5151 neque
3171 5079 3256 5133 hic
3279 5078 3573 5142 obtineant,
3605 5085 3763 5147 atque
3789 5077 3904 5131 illic
3931 5094 3992 5130 se

2383 5187 2495 5234 toto
2521 5175 2853 5232 destituant?
2883 5173 3111 5228 Tantum
3154 5171 3357 5225 scilicet
3397 5170 3591 5224 malum
3630 5177 3713 5223 est
3741 5168 3891 5224 intra
3924 5171 3986 5223 li-

2449 5356 2467 5386 ι
2505 5351 2589 5402 Alii
2631 5359 2773 5414 post,
2799 5351 3050 5415 exempla,
3086 5347 3267 5415 addunt
3286 5381 3301 5404 ,
3327 5342 3620 5415 confirmans
3660 5344 3790 5414 quod
3839 5345 3990 5415 voluit

2383 5408 2652 5470 ostendere.
2681 5422 2729 5463 In
2751 5408 2910 5464 Morel.
2932 5408 3063 5472 haec,
3083 5409 3371 5474 conﬁrmans
3394 5408 3523 5472 quod
3548 5408 3690 5457 voluit
3706 5408 3983 5467 ostendere,

2383 5478 2741 5530 desiderantur.

2450 5546 2469 5572 ²
2504 5550 2604 5590 Duo
2766 5539 2987 5602 habent:
3023 5535 3246 5587 Videmus
3277 5545 3390 5584 uero
3414 5545 3583 5602 _uune__
3605 5545 3693 5602 per
3731 5532 3987 5591 speculum

2385 5612 2430 5656 et
2470 5603 2766 5674 wnigmaJm
2789 5601 2932 5673 habes
2955 5607 3209 5671 utrumque
3231 5594 3506 5674 exemplum
3528 5593 3994 5674 tibipdemonstrpns

2389 5655 2534 5729 quam
2551 5655 2838 5729 imperfecta
2859 5662 2919 5713 sit
2942 5655 3142 5712 scientia
3165 5655 3434 5729 (animantis
3457 5655 3641 5729 speculi
3662 5664 3707 5729 et
3731 5670 3810 5717 pm
3829 5658 3944 5729 nuli.

2452 5733 2473 5764 ³
2505 5721 2640 5778 cibos
2660 5721 2952 5790 conroderet
2975 5726 3232 5790 sequentia
3261 5735 3419 5790 usque
3442 5722 3499 5771 ad
3510 5755 3536 5790 .,
3560 5721 3872 5790 seruauitnrl’
3895 5722 3987 5768 de-

2389 5803 2500 5844 sunt
2525 5792 2574 5839 in
2601 5790 2784 5848 Morel.,
2809 5788 2898 5838 sed
2922 5784 3164 5845 habentur
3188 5789 3233 5838 in
3257 5786 3395 5836 satil.
3434 5794 3482 5835 et
3510 5784 3554 5831 in
3581 5784 3794 5832 maxima
3816 5795 3985 5830 mauu-

2391 5856 2671 5918 scriptorum
2689 5868 2739 5916 pa
2750 5860 2844 5903 τις.
