4198 6324
111 406 218 462 703

105 538 293 592 τματα
314 540 332 555 ⁸
359 521 489 576 ἄνευ
515 520 624 592 γὰρ
656 520 864 592 ταύτης
889 520 983 574 καὶ
1006 520 1068 574 rb
1096 516 1237 575 εῖναι
1276 519 1555 591 ἄνθρωποι
1598 533 1795 572 παντε-

106 608 214 673 λῶς
245 610 556 680 ἀπολοῦμεν
576 626 590 639 ·
626 610 739 662 Τὸν
774 608 883 680 γὰρ
914 607 1085 670 Θεὸν,
1128 607 1284 677 φησὶ.
1311 605 1522 675 φοϐοῦ,
1552 604 1651 658 καί
1686 609 1795 671 τὰς

103 696 361 763 ἐντολὰς
388 696 579 750 αὐτοῦ
610 697 926 764 φύλασσε,
964 693 1055 747 ὅτι
1082 693 1258 747 τοῦτο
1297 691 1418 758 πᾶς
1459 691 1813 760 ἄνθρωπος.·

24 764 29 781 ’
104 783 165 836 Εἰ
202 784 386 838 τοίνυν
410 782 568 838 τοῦτό
596 786 743 836 ἐστιν
770 782 1077 854 ἄνθρωπος,
1103 783 1164 834 rb
1194 779 1475 851 φοϐεῖσθαι
1513 780 1603 833 τὸν
1634 780 1786 843 Θεὸν,

102 871 163 923 rb
199 870 260 924 δὲ
289 870 577 939 φοϐεῖσθαι
602 876 607 883 “
628 870 720 924 τὸν
767 869 901 923 Θεὸν
943 869 1053 922 ἀπὸ
1087 867 1345 945 γνώσεως
1378 868 1611 935 γίνεται,
1665 869 1699 939 ἡ
1733 868 1791 921 δὲ

102 959 305 1026 γνῶσις
331 959 518 1030 μέλλει
544 958 962 1032 καταργεῖσθαι,
988 957 1173 1022 καθὼς
1198 960 1227 1012 ό
1251 955 1465 1020 Παῦλός
1488 975 1643 1028 φησι,
1667 958 1790 1011 τότε

102 1048 385 1112 παντελῶς
414 1046 787 1119 ἀπολούμεθα,
820 1045 1077 1116 γνώσεως
1102 1046 1203 1100 οὐκ
1236 1045 1425 1118 οῦσης,
1459 1046 1555 1099 καὶ
1572 1045 1643 1098 τὰ
1668 1045 1788 1098 καθ’

96 1136 247 1205 ἡμᾶς
268 1135 327 1189 δὲ
358 1136 538 1191 πάντα
561 1136 866 1208 οἰχήσεται,
894 1134 1119 1188 καὶτῶν
1144 1134 1355 1202 ἀλόγων
1382 1134 1536 1187 οὐδὲν
1564 1133 1789 1204 ἄμεινον

97 1222 487 1296 διακεισόμεθα
505 1266 520 1289 ,
544 1224 680 1279 ἀλλὰ
704 1221 885 1293 πολλῷ
904 1225 1106 1293 χεῖρον.
1145 1223 1234 1275 Ἐν
1260 1221 1437 1293 τούτῳ
1458 1221 1568 1293 γὰρ
1597 1222 1787 1274 πλεον-

98 1311 368 1382 εκτοῦμεν
398 1311 581 1367 αὐτῶν
602 1351 616 1373 ,
643 1314 721 1375 ὡς
752 1313 865 1374 τοῖς
904 1326 968 1379 γε
998 1310 1181 1372 ἄλλοις
1224 1308 1395 1363 ἅπασι
1438 1312 1552 1372 τοῖς
1598 1326 1787 1379 σωμα-

96 1401 267 1464 τικοῖς
290 1400 359 1453 ἐκ
384 1398 582 1453 πολλοῦ
611 1398 705 1451 τοῦ
735 1398 1020 1469 περιόντος
1044 1398 1229 1461 αὐτοῖς
1262 1396 1564 1466 νικώμεθα.
1596 1397 1661 1449 Τί
1691 1392 1785 1450 οῦν

96 1484 240 1539 ἔστιν
274 1488 304 1541 ὃ
332 1504 500 1559 φησιν
529 1489 559 1542 ό
588 1485 821 1549 Παῦλος,
853 1486 949 1540 καί
983 1487 1112 1557 περὶ
1140 1485 1306 1549 τίνος,
1332 1486 1414 1537 ὅτι
1455 1486 1525 1539 'H
1559 1484 1786 1553 γνῶσις

94 1572 651 1643 καταργηθήσεται;
682 1572 757 1626 Οὐ
791 1572 920 1643 περὶ
958 1573 1060 1642 τῆς
1097 1571 1427 1635 παντελοῦς.
1474 1571 1610 1625 ἀλλὰ
1654 1573 1785 1642 περὶ

90 1660 190 1729 τῆς
223 1660 464 1731 μερικῆς
491 1659 651 1714 τοῦτό
683 1677 839 1732 φησι,
872 1660 1217 1731 κατάργησιν
1244 1658 1344 1730 τὴν
1372 1658 1467 1711 ἐπὶ
1490 1659 1553 1712 τὸ
1574 1657 1784 1729 βέλτιον

91 1747 318 1816 πρόοδον
343 1747 541 1816 λέγων.
579 1749 656 1811 ὡς
687 1746 785 1818 τὴν
819 1747 1053 1819 μερικὴν
1086 1746 1545 1817 καταργουμένην
1582 1748 1784 1818 μηκέτι

88 1830 229 1888 εἶναι
266 1835 500 1907 μερικὴν
530 1848 580 1900 ι,
620 1828 759 1889 ἀλλὰ
799 1835 1036 1889 τελείαν.
1070 1834 1341 1906 Καθάπερ
1380 1835 1552 1906 γὰρὴ
1595 1834 1783 1905 ἡλικία

86 1920 180 1975 τοῦ
204 1922 436 1987 ⁴παιδίου
469 1926 848 1996 καταργεῖται,
878 1925 979 1977 οὐκ
1008 1922 1416 1994 ἀφανιζομένης
1443 1922 1544 1993 τῆς
1568 1922 1779 1986 οὐσίας,

87 2010 202 2063 ἀλλ’
245 2010 627 2083 αὐξανομένης
669 2012 770 2083 τῆς
799 2012 1049 2082 ἡλικίας,
1101 2011 1195 2065 καὶ
1242 2013 1323 2075 εἰς
1370 2010 1541 2082 ἄνδρα
1573 2010 1782 2064 τέλειον

87 2095 475 2170 ἐκϐαινούσης·
522 2098 667 2153 οὕτω
712 2100 808 2154 καὶ
846 2100 939 2153 ἐπὶ⁵
986 2101 1086 2171 τῆς
1125 2097 1383 2168 γνώσεως
1425 2099 1658 2166 γίνεται.
1716 2099 1782 2151 Ἠ

90 2189 283 2257 μικρὰ,
315 2187 501 2257 φησὶν,
544 2186 683 2258 αῦτη
711 2187 896 2241 οὐκέτι
936 2186 1002 2241 ἂν
1037 2187 1121 2258 εἴη
1154 2189 1352 2258 μικρὰ,
1387 2185 1477 2239 διὰ
1512 2184 1624 2239 τῶν
1652 2182 1780 2256 ἐξῆς

86 2274 356 2346 γενομένη
415 2275 627 2345 μεγάλη
654 2291 667 2305 ·
716 2274 875 2328 τοῦτο
926 2275 1043 2328 ἐστι
1086 2275 1183 2338 rb,
1226 2273 1636 2345 καταργεῖται·
1684 2274 1780 2327 καὶ

86 2360 245 2414 τοῦτο
265 2360 356 2416 διὰ
382 2361 493 2415 τῶν
520 2362 649 2432 ἐξῆς
672 2362 1005 2432 σαφέστερον
1036 2363 1168 2432 ἡμῖν
1199 2362 1492 2433 ἐδήλωσεν.
1522 2363 1642 2414 Ἵνα
1667 2360 1779 2431 γὰρ

82 2448 328 2512 ἀκούσας
370 2449 455 2501 δτι
486 2452 880 2521 καταργεῖται,
924 2450 999 2521 μὴ
1052 2448 1351 2503 κατάλυσιν
1404 2449 1648 2519 παντελῆ
1690 2466 1779 2502 νο-

86 2534 257 2609 μίσῃς
278 2532 441 2601 εἶναι,
476 2536 593 2590 ἀλλ’
623 2535 855 2607 αὔξησίν
880 2554 1003 2591 τινα
1025 2538 1121 2591 καὶ
1152 2537 1288 2608 πρὸς
1317 2537 1379 2590 rb
1415 2532 1624 2607 βέλτιον
1653 2536 1778 2589 ἐπί·-

81 2623 252 2689 δοσιν,
283 2624 458 2678 εἰπὼν
485 2624 889 2694 καταργεῖται,
918 2625 1200 2697 ἐπήγαγεν
1221 2644 1233 2657 ·
1283 2627 1385 2680 Ἐκ
1409 2624 1635 2694 μέρους
1664 2623 1778 2694 γὰρ

82 2711 483 2783 γινώσκομεν,
510 2713 609 2767 καὶ
641 2715 712 2768 ἐκ
740 2711 964 2782 μέρους
994 2712 1484 2782 προφητεύομεν·
1530 2712 1679 2767 ὅταν
1710 2714 1779 2766 δὲ

80 2799 233 2870 ἔλθῃ
264 2802 331 2855 τὸ
356 2801 610 2871 τέλειον,
638 2803 773 2857 τότε
799 2806 867 2857 τὸ
891 2802 959 2857 ἐκ
980 2805 1207 2873 μέρους
1232 2802 1773 2873 καταργηθήσεται·

79 2890 156 2953 ὠς
199 2891 400 2961 μηκέτι
443 2887 584 2950 εἶναι
615 2891 749 2946 αὐτὸ
785 2892 851 2944 ἐκ
887 2890 1091 2963 μέρους
1114 2931 1129 2955 ,
1164 2890 1302 2944 ἀλλά
1332 2890 1556 2943 τέλειον.
1611 2892 1776 2945 Ὥστε

77 2977 140 3029 τὸ
176 2977 371 3041 ἀτελὲς
399 2977 567 3031 αὐτοῦ
595 2981 956 3049 καταργεῖται
979 3020 994 3045 ,
1036 2978 1112 3042 ὼς
1156 2977 1354 3049 μηκέτι
1388 2973 1529 3031 εἶναι
1562 2979 1773 3047 ἀτελὲς,

78 3064 219 3119 ἀλλά
247 3066 476 3122 τέλειον.
513 3067 577 3119 Ἦ
594 3066 775 3120 τοίνυν
800 3066 1138 3138 κατάργησις
1162 3066 1299 3139 αὕτη
1330 3066 1611 3134 πλήρωσις
1636 3069 1771 3133 ἐστι,

78 3155 173 3205 καὶ
202 3153 346 3225 πρὸς
374 3154 436 3208 rb
470 3154 658 3226 μεῖζον
689 3154 953 3220 ἐπίδοσις.

146 3338 223 3401 Υ.
265 3334 377 3388 Καὶ
408 3334 603 3389 σκόπει
641 3353 731 3408 μοι
767 3334 867 3408 τὴν
890 3335 986 3390 τοῦ
1018 3333 1232 3391 Παύλου
1261 3337 1511 3390 σύνεσιν·
1557 3338 1619 3391 οὐ
1664 3337 1775 3409 γὰρ

77 3417 227 3485 εἷπε,
252 3420 431 3494 Μέρος
459 3422 824 3494 γινώσκομεν,
846 3424 988 3490 ἀλλ’,
1020 3425 1123 3478 Ἐκ
1139 3423 1362 3495 μέρους
1378 3423 1773 3495 γινώσκομεν,

76 3510 256 3579 δηλῶν
283 3513 367 3565 ὅτι
387 3512 483 3567 τοῦ
510 3514 711 3586 μέρους
730 3514 895 3586 μέρος
922 3514 1246 3587 κατέχομεν.
1281 3516 1432 3586 Τάχα
1452 3515 1773 3586 ἐπιθυμεῖτε

78 3596 333 3663 ἀκοῦσαι,
362 3601 457 3654 καὶ
494 3600 664 3654 πόσον
702 3601 870 3674 μέρος
899 3604 1224 3674 κατέχομεν,
1252 3604 1348 3657 καὶ
1377 3605 1543 3658 πόσον
1580 3603 1774 3658 ὑπολέ-

78 3685 319 3749 λειπται,
356 3692 451 3742 καί¹
482 3689 713 3761 πότερον
743 3690 807 3744 rb
839 3691 1003 3745 πλέον
1031 3691 1063 3762 ἢ
1095 3692 1154 3745 τὺ
1181 3691 1403 3746 ἔλαττον
1437 3693 1770 3764 κατέχομεν.

77 3774 289 3830 Οὐκοῦν
338 3775 428 3830 ἵνα
482 3777 663 3852 μάθῃς
709 3779 793 3832 ὅτι
840 3779 903 3832 rb
941 3778 1165 3833 ἔλαττον
1209 3780 1501 3851 κατέχεις,
1543 3782 1637 3837 καί
1674 3770 1773 3851 οὐχ

74 3864 266 3929 ἁπλῶς
301 3866 366 3919 rb
393 3866 638 3930 ἔλαττον.
670 3868 786 3923 ἀλλ’
818 3869 896 3934 ὡς
924 3869 992 3923 ἂν
1027 3869 1172 3923 είποι
1200 3887 1284 3934 τις
1324 3870 1384 3924 rb
1418 3869 1769 3943 έκατοστδνῆ

73 3953 135 4005 rb
170 3954 493 4025 μυριοστὸν,
524 3954 758 4011 ἄκουσον
792 3956 901 4011 τῶν
930 3957 1058 4029 ἑξῆς
1076 3974 1089 3987 ·
1128 3958 1329 4029 μᾶλλον
1357 3958 1415 4011 δὲ
1452 3959 1581 4031 πρὶν
1612 3959 1772 4032 ἢτὴν

73 4041 442 4115 ἀποστολικὴν
474 4044 605 4115 ὑμῖν
640 4046 949 4115 ἀναγνῶναι
976 4045 1180 4118 φωνὴν,
1206 4046 1514 4118 ὑπόδειγμα
1546 4047 1657 4120 ἐρῶ
1682 4047 1773 4101 δυ-

72 4130 310 4201 νάμενον
341 4131 470 4201 ὑμῖν
500 4133 879 4204 παραστῆσαι,
904 4133 981 4197 ὡς
1004 4133 1064 4200 ἐξ
1090 4132 1496 4204 ὑποδείγματος
1518 4132 1769 4196 δυνατὸν,

73 4218 245 4273 πόσον
270 4219 301 4259 δ
331 4218 743 4285 ὑπολέλειπται,
769 4222 865 4276 καὶ
891 4221 1060 4293 πόσον
1089 4221 1239 4276 ἐστὶν
1263 4221 1292 4274 δ
1320 4220 1628 4291 κατέχομεν
1651 4219 1767 4274 νῦν.

73 4306 248 4360 Πόσον
271 4305 457 4361 τοίνυν
485 4308 606 4362 ἐστὶ
632 4308 694 4363 rb
727 4308 893 4381 μέσον
920 4310 1022 4382 τῆς
1053 4309 1359 4382 μελλούσης
1388 4312 1520 4382 ἡμῖν
1547 4308 1773 4381 δοθήσε-

75 4392 203 4449 σθαι
228 4394 513 4464 γνώσεως,
538 4396 758 4468 καὶτῆς
789 4399 1076 4471 παρούσης
1100 4398 1230 4467 νῦν;
1267 4400 1434 4453 Ὅσον
1462 4399 1658 4471 ἀνδρὸς
1683 4416 1773 4452 τε-

70 4484 218 4538 λείου
245 4484 387 4556 πρὸς
413 4484 582 4564 παῖδα
610 4486 914 4559 θηλάζοντα
943 4488 1005 4541 rb
1034 4488 1230 4560 μέσον·
1261 4488 1501 4561 τοσαύτη
1531 4488 1641 4560 γὰρ
1667 4488 1770 4559 τῆς

74 4573 386 4646 μελλούσης
414 4575 673 4645 γνώσεως
700 4579 840 4650 πρὸς
868 4580 969 4650 τὴν
992 4580 1327 4653 παροῦσανή
1363 4582 1631 4653 ὑπεροχή.
1660 4582 1773 4634 Καὶ

73 4664 155 4717 δτι
195 4662 363 4717 τοῦτό
412 4665 563 4719 ἐστιν
611 4665 848 4737 ἀληθὲς,
897 4668 993 4721 καὶ
1029 4667 1285 4736 τοσοῦτον
1329 4668 1513 4741 ἐκείνη
1565 4667 1773 4742 ταύτης

74 4751 282 4823 μείζων
304 4753 478 4816 ἐστὶν,
505 4752 667 4819 αὐτὸς
691 4753 900 4825 λεγέτω
924 4756 1089 4811 πάλιν
1112 4758 1140 4811 ὁ
1166 4756 1398 4822 Παῦλος.
1428 4757 1614 4812 Εἰπὼν
1638 4758 1769 4830 γὰρ,

82 4841 181 4896 ἐκ
219 4840 454 4912 μέρους
493 4841 872 4914 γινώσκομεν
895 4886 910 4911 ,
947 4846 1042 4900 καὶ
1083 4845 1407 4917 βουλόμενος
1445 4846 1617 4913 δεῖξαι
1638 4857 1660 4886 ο
1708 4847 1774 4901 ἐκ

69 4929 245 4984 ¹κόσου
281 4929 520 5001 μέρους.
565 4931 662 4985 καὶ
700 4933 785 4986 δτι
822 4931 884 4986 rb
930 4932 1272 5007 βραχύτατον
1309 4933 1407 4988 νῦν
1442 4935 1768 5006 κατέχομεν,

68 5018 389 5090 ἐπήγαγεν·
424 5020 564 5074 Ὅτε
601 5018 767 5090 ἥμην
807 5020 1061 5090 νήπιος,
1088 5023 1170 5089 ὡς
1207 5023 1424 5092 νήπιος
1462 5022 1732 5078 ἐλάλουν
1756 5064 1770 5089 ,

69 5107 155 5173 ὡς
173 5105 395 5173 νήπιος
418 5104 574 5181 [447]
587 5110 911 5179 ἐφρόνουν,
931 5111 1013 5178 ὡς
1040 5109 1260 5181 νήπιος
1279 5111 1656 5182 ἐλογιζόμην·
1675 5112 1775 5166 ὅτε

69 5194 143 5249 δὲ
163 5194 591 5267 τέγοναανὴρ,
621 5198 974 5271 κατήργηκα
1000 5201 1075 5255 τὰ
1102 5200 1212 5255 τοῦ
1273 5201 1533 5269 νηπίου·
1574 5201 1773 5272 νηπίου

74 5282 175 5355 μὲν
212 5283 331 5350 εξει
364 5285 467 5358 τὴν
510 5286 798 5358 παροῦσαν
827 5288 1068 5359 γνῶσιν,
1102 5288 1298 5361 ἀνδρὸς
1328 5288 1386 5342 δὲ
1430 5289 1643 5343 τελείου
1672 5288 1774 5361 τὴν

69 5371 273 5440 γνῶσιν
300 5372 403 5444 τὴν
435 5371 737 5444 μέλλουσαν
756 5376 1148 5448 παραϐάλλων.
1173 5378 1288 5433 Καὶ
1312 5378 1415 5433 οὐκ
1438 5372 1613 5444 εἶπεν,
1638 5377 1774 5433 Ὅτε

132 5621 152 5645 ⁸
180 5622 328 5699 pun}
345 5624 505 5675 codex
523 5626 730 5699 πρόοδον
750 5629 931 5692 καλῶν,
955 5632 1025 5688 ὥς
1044 5636 1129 5690 τῆς
1148 5636 1345 5697 μρικῆς
1362 5634 1769 5699 καταργουμένης,

70 5685 241 5753 MK?
264 5686 387 5753 εἶναι
422 5685 637 5753 μρικϊμο-
816 5752 819 5753 ,
918 5685 933 5703 "

106 5809 115 5821 ‘
135 5746 337 5824 I:Sav’il.
718 5753 784 5808 ὡς
870 5753 1218 5818 ὑποδείγματος
1241 5756 1457 5818 δυνατὸν,
1482 5757 1601 5808 αὐτὸ
1624 5758 1770 5810 τοῦτο

72 5809 125 5857 τὸ
144 5808 451 5873 ζητούμενον,
472 5811 557 5860 καὶ
579 5808 733 5868 δεῖξαι
751 5808 924 5863 πόσον.
994 5842 1006 5849 ρ

136 5870 159 5902 ⁸
185 5871 409 5933 Ωυιωοι·
431 5884 550 5922 nm.
575 5878 626 5944 ει
644 5871 798 5927 Sari].
818 5876 1019 5934 διδάξαι.

1158 403 1247 457 DE
1289 399 1988 458 INCOMPREIIENSIBILI
2028 397 2136 454 DEI
2163 394 2483 455 ‘NATURA.
2526 400 2567 453 I.

3479 395 3584 453 7M

1899 517 2049 588 ήμην
2083 518 2240 578 παῖς·
2276 515 2405 577 παῖς
2434 514 2542 582 γὰρ
2568 512 2663 565 καὶ
2684 512 2714 564 ό
2742 490 3080 582 δωδεκαέτης
3108 507 3137 549 ά
3168 508 3383 578 λέγεται
3442 510 3582 575 ἀλλ’,

1899 602 2037 656 ’Ὅτε
2052 599 2461 670 ἥμηννήπιυς,
2479 600 2570 651 τὸν
2588 597 2809 668 ὑπομάζ
2814 614 2890 649 ιον
2907 598 3002 650 καὶ
3021 596 3099 649 ἔτι
3117 597 3583 667 γαλακτοτροφούο

1898 706 2057 761 μενον
2084 678 2177 742 καὶ
2200 686 2503 758 θηλάζοντα
2531 687 2663 756 ἡμῖν
2695 685 2996 754 ἐμφαίνων.
3033 684 3158 737 Ὅτι
3189 686 3355 757 γάρή
3387 686 3581 759 Γραφὴ

1892 775 2082 829 τοῦτόν
2110 791 2243 845 φησι
2270 774 2488 843 νήπιον,
2518 771 2750 825 ἄκουσον
2778 771 2874 825 τοῦ
2904 771 3122 842 ψαλμοῦ
3150 772 3430 841 λέγοντος·
3459 776 3577 829 Κύ-

1885 880 2001 931 ριε,
2033 866 2066 917 ό
2095 861 2312 929 Κύριος
2338 859 2526 929 ἡμῶν,
2558 860 2638 931 ώς
2667 858 3019 929 θαυμαστὸν
3047 859 3113 911 τὸ
3145 859 3335 929 ὄνομά
3363 877 3482 916 σου
3510 862 3583 917 ἐν

1891 949 2060 1019 πάσῃ
2086 947 2162 1017 τῇ
2185 946 2280 1018 rii-
2309 947 2399 1000 ὅτι
2425 945 2656 1015 ἐπήρθη
2686 946 2724 1012 ῂ
2746 945 3230 1015 μεγαλοπρέπεια
3260 964 3377 1003 σου
3399 953 3582 1013 ὑπερ-

1891 1032 2014 1085 άνω
2041 1030 2160 1085 τῶν
2183 1028 2474 1099 οὐρανῶν·
2497 1029 2565 1082 ὲκ
2590 1030 2889 1098 στόματος
2913 1030 3148 1097 νηπίων
3168 1032 3266 1084 καί
3290 1035 3581 1100 θηλαζόν-

1890 1137 2010 1173 των
2038 1119 2378 1187 κατηρτίσω
2406 1118 2515 1171 τὸν
2545 1113 2741 1173 αἶνον.
2789 1118 2952 1189 Ὁρᾷς
2985 1119 3067 1172 ὅτι
3096 1118 3188 1173 τὸν
3220 1121 3414 1192 νήπιον
3443 1140 3582 1181 παν-ο

1890 1207 2058 1277 ταχοῦ
2091 1207 2180 1260 rbv
2208 1205 2511 1276 θηλάζοντα
2540 1204 2727 1269 καλεῖς
2755 1201 2887 1258 Εἶτα
2910 1204 2988 1276 τῷ
3020 1208 3294 1277 πνεύματι
3328 1196 3579 1280 προορῶν

1888 1294 1997 1367 τῶν
2035 1294 2335 1365 μελλόντων
2368 1290 2578 1363 ἀνδρῶν
2622 1292 2722 1363 τὴν
2756 1293 3162 1363 ἀναισχυντίαν,
3205 1295 3327 1374 ούχὶ
3369 1296 3448 1367 τῷ
3497 1298 3580 1351 ἐνὶ

1891 1383 2296 1453 παραδείγματι
2328 1381 2504 1455 τούτῳ
2539 1382 2700 1451 μόνον
2730 1380 2999 1452 ἠρκέσθη,
3040 1383 3179 1437 ἀλλὰ
3216 1374 3311 1437 καὶ
3335 1383 3579 1457 δευιτέρῳ

1888 1471 1984 1522 καὶ⁹
2022 1470 2192 1540 τρίτῳ
2224 1468 2393 1545 τοῦτο,
2431 1466 2667 1537 βέϐαιον
2697 1470 2830 1540 ήμῖν
2875 1470 3117 1538 ἐποίησε.
3163 1471 3434 1544 Καθάπερ
3470 1471 3580 1544 γὰρ

1887 1557 1916 1608 ό
1958 1558 2199 1626 Μωῦσῆς
2246 1557 2382 1627 πρὸς
2430 1556 2719 1620 Ἰουδαίους
2750 1557 3218 1628 ἀποστελλόμενος
3260 1558 3430 1629 τριῶν
3477 1576 3580 1630 σην

1892 1645 2060 1714 μείων
2113 1644 2418 1715 ἐλάμϐανεν
2465 1644 2777 1711 ἀπόδειξιν,
2817 1646 2924 1709 ἵνα,
2974 1645 3073 1699 ἐὰν
3111 1648 3461 1719 ἀπιστήσωσι
3498 1647 3578 1717 τῷ

1888 1733 2160 1807 προτέρῳ,
2190 1732 2290 1801 τῆς
2317 1729 2412 1783 τοῦ
2439 1733 2694 1804 δευτέρου
2726 1732 2912 1802 φωνῆς
2944 1733 3245 1797 ἀκούσωσι,
3285 1736 3351 1788 ἂν
3388 1735 3446 1788 δέ
3482 1737 3577 1789 καὶ

1885 1819 2091 1889 ταύτης
2130 1818 2591 1891 καταφρονήσωσι
2618 1862 2631 1884 ,
2674 1820 2737 1873 rb
2766 1820 2948 1891 τρίτον
2984 1821 3372 1891 αἰσχυνθέντες
3403 1839 3581 1876 κατα-

1883 1906 2141 1971 δέξωνται
2175 1907 2268 1961 τὸν
2302 1909 2625 1980 προφήτην·
2666 1906 2811 1960 οὕτω
2849 1909 2944 1963 καὶ
2988 1902 3144 1970 οὗτος
3185 1910 3316 1980 τρία
3361 1908 3577 1982 τίθησιν

1885 1994 2286 2064 ὑποδείγματα·
2329 1993 2387 2047 ἒν
2429 1995 2528 2066 μὲν
2560 2006 2583 2035 ο
2629 1995 2691 2047 rb
2738 1993 2831 2048 τοῦ
2883 1996 3122 2061 παιδίου,
3173 1996 3374 2065 λέγων,
3433 1998 3574 2052 Ὅτε

1884 2082 2046 2151 ἢμην
2074 2082 2311 2149 νήπιος,
2349 2084 2429 2149 ὡς
2470 2083 2689 2149 νήπιος
2713 2083 3017 2151 ἐφρόνουν
3037 2100 3051 2114 ·
3080 2083 3337 2155 δεύτερον
3381 2085 3442 2139 rb
3476 2084 3576 2139 τοῦ

1883 2162 2185 2242 ἐσόπτρου·
2216 2172 2309 2225 καὶ
2345 2171 2529 2242 τρίτον
2565 2171 2627 2224 rb
2668 2169 2762 2223 τοῦ
2810 2170 3156 2249 αἰνίγματος.
3208 2171 3396 2226 Εἰπὼν
3440 2174 3575 2247 γὰρ,

1886 2256 2016 2309 Ὅτε
2052 2255 2217 2327 ἤμην
2252 2258 2489 2326 νήπιος,
2530 2261 2804 2331 ἐπήγαγε·
2840 2257 3155 2328 Βλέπομεν
3179 2259 3298 2313 νῦν
3328 2259 3405 2314 δι’
3432 2262 3574 2316 ἐσό-

1882 2359 2071 2412 πτρου
2091 2344 2160 2397 ἐν
2183 2346 2501 2416 alt-[mam
2549 2347 2679 2400 Ἰδοὺ
2710 2346 2819 2417 γὰρ
2850 2346 3105 2418 δεύτερον
3135 2347 3443 2420 ὑπόδειγμα
3472 2351 3575 2420 τῆς

1881 2428 2165 2504 παρούσης
2188 2433 2509 2498 ἀσθενείας,
2546 2435 2641 2488 καὶ
2679 2434 2773 2487 τοῦ
2804 2434 2971 2505 ἀτελῆ
3004 2434 3104 2507 τὴν
3144 2436 3347 2504 γνῶσιν
3389 2432 3533 2493 εἶναι
3562 2457 3572 2467 ·

1879 2519 2060 2591 τρίτον
2087 2520 2248 2574 πάλιν
2277 2522 2337 2575 rb
2379 2520 2483 2575 Ἐν
2506 2522 2828 2591 αἰνίγματι.
2863 2523 2975 2575 Καὶ
3001 2525 3111 2594 γὰρ
3136 2524 3198 2577 rb
3229 2525 3439 2578 παιδίον
3470 2512 3573 2596 ὁρᾷ

1884 2606 1982 2676 μὲν
2010 2606 2181 2660 πολλὰ
2218 2609 2311 2661 καὶ
2349 2608 2535 2661 ἀκούει
2566 2609 2661 2661 καὶ
2692 2608 3030 2677 φθέγγεται,
3073 2610 3274 2681 τρανὸν
3314 2612 3373 2665 δὲ
3417 2612 3572 2665 οὐδὲν

1878 2691 2004 2746 οὕτε
2040 2695 2176 2765 ὁρᾷ,
2217 2692 2341 2747 οὔτε
2380 2693 2603 2760 ἀκούει,
2656 2694 2781 2747 οὔτε
2836 2695 3175 2764 φθέγγεται·
3232 2697 3328 2750 καὶ
3383 2704 3575 2771 φρονεί

1883 2780 2002 2851 μὲν,
2020 2781 2171 2834 οὐδὲν
2188 2781 2245 2834 δέ
2261 2781 2691 2854 διηρθρωμένον.
2712 2780 2869 2835 Οὕτω
2885 2782 2982 2836 καὶ
3002 2781 3113 2851 ἐγὼ
3129 2780 3245 2838 οἶδα
3256 2784 3360 2855 μὲν
3379 2786 3571 2849 πολλὰ,

1878 2868 1979 2920 οὐκ
2004 2867 2307 2939 ἐπίσταμαι
2336 2870 2394 2922 δὲ
2419 2869 2601 2921 αὐτῶν
2629 2868 2722 2922 τὸν
2750 2870 2972 2940 τρόπον.
3008 2870 3130 2923 Ὀτι
3167 2871 3267 2941 μὲν
3293 2872 3402 2942 γὰρ
3434 2890 3572 2928 παν-

1876 2953 2042 3025 ταχοῦ
2082 2954 2231 3008 ἐστιν
2269 2954 2312 3009 ό
2341 2956 2474 3020 Θεὸς
2517 2953 2655 3020 οἴδα,
2697 2958 2791 3010 καὶ
2833 2958 2915 3011 ὅτι
2949 2956 3086 3018 ὅλως
3130 2957 3248 3012 ἐστι
3293 2958 3571 3035 πανταχοῦ

1876 3038 1992 3094 οἴδα
2012 3057 2026 3073 ·
2056 3044 2117 3096 τὸ
2138 3044 2196 3097 δέ
2227 3043 2345 3107 πῶς
2378 3044 2478 3097 οὐκ
2504 3040 2648 3097 οῖδα·
2686 3045 2768 3098 ὅτι
2801 3043 3041 3115 άναρχός
3065 3045 3182 3098 ἐστι
3208 3045 3303 3098 καὶ
3334 3046 3572 3119 ἀγέννη-

1876 3147 1967 3193 τος
1988 3131 2084 3186 καὶ
2109 3133 2300 3198 ἀΐδιος,
2333 3129 2451 3186 οἴδα
2472 3150 2484 3164 ·
2508 3133 2570 3186 rb
2591 3133 2648 3186 δέ
2677 3133 2795 3196 πῶς
2819 3134 2921 3193 οὐκ
2942 3128 3089 3186 οἶδα·
3123 3135 3185 3188 ού
3215 3133 3326 3207 γὰρ
3352 3134 3572 3205 δέχεται

1876 3217 2136 3293 λογισμὸς
2165 3219 2361 3279 εἰδέναι
2392 3220 2511 3283 πῶς
2551 3214 2663 3273 οἷόν
2695 3236 2755 3272 τε
2805 3220 2994 3275 οὐσίαν
3029 3216 3202 3282 εἶναι,
3251 3221 3391 3293 μήτε
3439 3225 3573 3293 παρ’

1876 3289 2075 3377 ἑαυτῆς
2099 3308 2236 3377 μήτε
2262 3307 2391 3376 παρ’
2416 3307 2603 3379 ἐτέρου
2628 3306 2691 3360 rb
2708 3303 2846 3361 εἶναι
2874 3306 3126 3378 ἔχουσαν.
3155 3289 3289 3360 Οἶδα
3314 3289 3397 3361 δτι
3424 3289 3576 3377 ἐγέν-

1875 3408 2039 3463 νησεν
2064 3393 2213 3459 Υἰὸν,
2236 3394 2296 3448 rb
2322 3394 2379 3447 δέ
2406 3394 2520 3459 πῶς
2547 3394 2728 3463 ἀγνοῶ
2745 3390 2905 3469 χοῐδα
2933 3397 3017 3448 ὅτι
3046 3395 3109 3447 rb
3135 3394 3362 3466 Πνεῦμα
3385 3396 3445 3462 ἐξ
3476 3398 3575 3452 αὐ-

1874 3480 1991 3547 τοῦ,
2009 3482 2070 3535 τὸ
2090 3482 2147 3536 δέ
2170 3473 2534 3548 πῶςέξαὺτοῦ
2558 3484 2659 3536 οὐκ
2681 3483 3001 3555 ἐπίσταμαι·
3025 3482 3294 3555 βρώματα
3326 3483 3494 3538 ἐσθίω
3520 3484 3570 3549 ί,

1874 3569 1935 3623 τὸ
1964 3569 2019 3623 δὲ
2054 3571 2171 3634 πῶς
2202 3571 2515 3645 μερίζονται
2549 3572 2629 3635 εἰς
2662 3572 2905 3642 φλέγμα,
2938 3574 3018 3636 είς
3060 3566 3234 3644 αἷμα,
3264 3575 3344 3636 εἰς
3373 3574 3570 3644 χυμὸν,

1876 3658 1955 3721 εἰς
1987 3658 2170 3729 χολὴν,
2198 3659 2396 3728 ἀγνοῶ.
2435 3659 2622 3714 Ταῦτα
2661 3660 2806 3734 άπερ
2856 3660 3131 3732 βλέπομεν
3164 3661 3287 3715 καθ’
3330 3662 3572 3733 ἑκάστην

1875 3744 2090 3816 ἡμέραν
2116 3745 2390 3811 ἐσθίοντες
2430 3748 2737 3820 ἀγνοοῦμεν
2758 3791 2773 3817 ,
2803 3749 2899 3803 καὶ
2937 3748 3036 3820 τὴν
3080 3750 3272 3803 οὐσίαν
3308 3750 3405 3805 τοῦ
3433 3750 3571 3805 Θεοῦ

1878 3832 2445 3906 πολυπραγμονοῦμεν
2465 3851 2480 3901 ;

1946 3969 2009 4024 δ’.
2035 3971 2147 4025 Ποῦ
2172 3972 2353 4027 τοίνυν
2370 3974 2510 4028 εἰσὶν
2529 3976 2579 4028 οἰ
2600 3975 2660 4029 rb
2678 3978 2787 4031 πᾶν
2804 3976 3170 4049 ἀπειληφέναι
3190 3976 3293 4049 τῆς
3318 3976 3577 4047 γνώσεως

1873 4057 2147 4127 λέγοντες,
2183 4061 2233 4113 οί
2280 4062 2419 4134 πρὸς
2470 4062 2533 4116 rb
2586 4063 2861 4138 βάραθρον
2894 4067 2994 4137 τῆς
3024 4066 3301 4135 ἀγνωσίας
3326 4084 3575 4121 καταπε-

1875 4147 2097 4214 σόντες;
2136 4150 2198 4203 OE
2229 4148 2340 4221 γὰρ
2363 4152 2507 4205 κατὰ
2537 4152 2598 4206 rb
2630 4153 2806 4225 παρὸν
2837 4153 3089 4224 λέγοντες
3116 4154 3484 4227 ἀπειληφέναι
3512 4158 3575 4210 rb

1873 4236 2006 4300 πᾶν,
2032 4238 2113 4301 εἰς
2142 4237 2203 4291 τὸ
2232 4237 2425 4309 μέλλον
2454 4240 2696 4310 ἐρήμους
2726 4241 2954 4308 ἑαυτοὺς
2985 4243 3085 4314 τῆς
3108 4243 3413 4308 παντελοῦς
3440 4245 3575 4299 καθ-

1878 4324 2064 4379 ιστῶσι
2098 4326 2537 4399 γνώσεως.Ἐγὼ
2572 4332 2671 4402 μὲν
2700 4333 2812 4404 γὰρ
2856 4334 2885 4385 ό
2932 4331 3126 4402 λέγων,
3162 4334 3245 4388 ὅτι
3277 4337 3343 4388 ἐκ
3374 4334 3573 4406 μέρους

1874 4416 2153 4483 γινώσκω,
2183 4417 2287 4473 κᾶν
2310 4419 2473 4485 είπω,
2494 4422 2576 4474 ὅτι
2599 4426 2959 4495 καταργεῖται
2980 4426 3012 4496 ἡ
3033 4425 3235 4494 γνῶσις
3256 4424 3420 4497 αῦτη,
3435 4427 3575 4500 πρὸς

1875 4502 1937 4558 rb
1989 4504 2199 4576 βέλτιον
2247 4510 2343 4561 καὶ
2387 4509 2723 4581 τελειότερον
2770 4511 2960 4573 ὁδεύω,
2994 4512 3438 4585 καταργηθείσης
3471 4515 3574 4586 τῆς

1878 4593 2114 4665 μερικῆς
2155 4594 2250 4648 καὶ
2282 4597 2585 4669 γενομένης
2617 4598 2960 4669 τελειοτέρας
2978 4616 2991 4630 ·
3021 4601 3231 4664 ἐκεῖνος
3253 4601 3311 4656 δὲ
3341 4603 3372 4655 ὁ
3395 4601 3572 4671 λέγων

1875 4682 2115 4753 παντελῆ
2152 4684 2246 4736 καὶ
2291 4672 2588 4758 ὁλόκληρον
2640 4687 2737 4741 καὶ
2784 4687 2999 4742 τελείαν
3042 4688 3187 4760 ἔχειν
3212 4690 3315 4763 τὴν
3342 4689 3568 4760 γνῶσιν,

1875 4764 1994 4823 εἶτα
2014 4770 2293 4841 ὁμολογῶν
2326 4772 2497 4845 αὐτὴν
2523 4776 2920 4847 καταργεῖσθαι
2952 4779 3011 4832 ἐν
3037 4776 3115 4850 τῷ
3142 4778 3415 4851 μέλλοντι,
3439 4780 3572 4851 ἔρη-

1878 4873 1978 4926 μον
2020 4857 2215 4912 ἐαυτὸν
2263 4861 2559 4931 ἀποφαίνει
2591 4861 2742 4936 [448]
2776 4863 2880 4936 τῆς
2918 4864 3432 4940 γνώσεωςμταύτης
3468 4870 3569 4939 μὲν

1876 4947 2352 5021 καταργουμένης,
2381 4950 2576 5022 ἐτέρας
2613 4951 2670 5005 δὲ
2698 4951 3039 5027 τελειοτέρας
3064 4955 3167 5008 οὐκ
3199 4956 3569 5029 ἐπεισαγομέ-

1874 5052 2001 5123 νης·
2059 5036 2220 5110 εἴπερ
2279 5038 2420 5112 αὕτη
2482 5042 2600 5096 ἐστὶ
2646 5044 2768 5097 κατ’
2807 5044 3008 5110 αὐτοὺς
3048 5046 3082 5118 ή
3134 5046 3335 5102 τελεία.
3368 5048 3566 5123 Ὁρᾶτε

1878 5120 1997 5187 πῶς
2033 5124 2468 5195 φιλονεικοῦντες
2505 5130 2744 5186 ἐνταῦθα
2781 5133 2843 5187 rb
2882 5134 2990 5189 πᾶν
3031 5134 3197 5207 ἔχειν,
3229 5136 3355 5191 οὔτε
3383 5120 3449 5194 rb
3474 5143 3566 5195 ἐν·

1876 5209 2052 5264 ταῦθα
2081 5212 2286 5284 έχουσι,
2315 5217 2410 5270 καὶ
2443 5218 2564 5271 ἐκεῖ
2592 5218 2685 5273 τοῦ
2715 5221 2918 5287 παντὸς
2945 5223 3172 5289 ἑαυτοὺς
3199 5225 3560 5298 ἐκδάλλουσι;

1939 5377 1967 5453 (ξ
1990 5380 2251 5453 ’ξτες-ωδε.
2275 5392 2331 5453 _el
2351 5386 2467 5438 Sav.
2484 5388 2568 5453 καὶ
2589 5391 2616 5439 ό
2639 5391 2882 5452 δεκαέτης.

1943 5444 2098 5525 Hui
2110 5447 2687 5525 FT‘°§“M“P‘.5“‘53_
2710 5453 2739 5502 δ
2779 5444 3053 5525 έσὲὶρρδασξ
3076 5456 3242 5525 δεῖξαι.
3275 5460 3325 5510 ιν
3358 5462 3460 5525 μένα
3504 5462 3559 5513 In

1875 5503 2045 5578 Morel.
2070 5507 2194 5567 hec,
2221 5503 2427 5578 βεβαιῶν
2452 5503 2479 5560 8
2506 5512 2781 5578 ἐσπούδασε
2819 5503 2984 5578 δείξαι,
3004 5503 3559 5576 Ηεᾶἰᾶἒὲοἶύτῗ-Ιίευῖδ

1873 5569 2765 5656 222‘21'.‘1".:?§}P¥3‘2&51§%é99.651
2778 5569 3114 5656 ιςάευιράυμαι
3128 5569 3558 5656 ⁷αινίῇἐᾶὲεέςῖ3ῖερὗ

1871 5631 2260 5711 ἀιεὲῗθῗερεεκειέ
2286 5634 2349 5682 τά
2363 5631 2696 5711 Ρθτεδξίγμάτα
2715 5631 3033 5711 τάηδτιλρῧντά
3062 5660 3143 5693 σοι
3160 5631 3251 5711 1όῦ
3257 5631 3556 5711 [(ἔὶἑῆῑὲἇῆ

1872 5646 2117 5752 αμφοττερα
2135 5646 2257 5707 εχεις
2286 5646 2349 5682 τα
2363 5646 2696 5706 Ρποδείγματα
2715 5646 3033 5711 τὰηδηλοῦντά
3062 5660 3143 5693 σοι
3163 5646 3389 5708 τοῦίεὶα)
3410 5649 3491 5700 ἀτι

1872 5692 2049 5773 abigam
2074 5708 2392 5773 νγνωσιντευ
2409 5695 2683 5773 αἰνίγματος
2711 5716 2798 5773 τοι»
2819 5702 3073 5767 ἐσόπτρου,
3092 5706 3178 5773 καὶ
3198 5705 3287 5773 τοῦ
3303 5708 3491 5767 νηπίου.

1942 5750 1961 5789 ι
2262 5756 2430 5834 ξρθίοξ,
2473 5750 2809 5834 σίζ’ξεξιιξεοιίι
2849 5750 3562 5834 υῃυξήέᾱζτὸᾱῦτὶράὲξὶᾶἱὸε-

1873 5832 1957 5879 μεν
1977 5817 2159 5889 de'supt
2182 5820 2235 5867 in
2262 5817 2467 5889 Morel},
2488 5821 2579 5872 sed
2600 5817 2848 5875 Habentur
2880 5817 2938 5876 iu'
2970 5826 3124 5880 Savil.
3166 5836 3221 5882 et
3248 5817 3561 5889 ιιῖίιίιᾞὶίῖιῖι

1870 5881 2312 5943 manuscript.on
2338 5887 2498 5943 parte.
