4198 6324
687 375 791 428 τΓ5

679 487 948 542 Τοσοῦτόν
973 492 1088 542 ἐστι
1120 493 1290 545 κακὸν
1321 492 1382 543 τὸ
1417 492 1492 560 μὴ
1514 494 1709 562 ,μένειν
1735 494 1866 546 εἴσω
1894 493 2003 545 τῶν
2032 494 2172 561 ὅρων
2200 485 2275 544 ὧν
2307 490 2365 552 ἐξ

680 575 854 645 ἀρχῆς
905 576 1094 642 ἔταξεν
1140 579 1270 647 ἡμῖν
1314 578 1526 642 ό,Θεός.
1560 578 1720 631 Οὐτω
1768 581 1863 633 καὶ
1908 581 1936 631 6
1971 580 2143 647 ’Λδὰμ
2188 578 2365 629 ἐλπίδι

679 661 926 723 πλείονος
949 661 1117 730 τιμῆς
1161 662 1254 714 καὶ
1287 663 1384 731 τῆς
1430 662 1597 730 οὐσης
1636 663 1924 727 ἐξέπεσεν·
1957 663 2108 716 οὓτω
2148 664 2242 716 καὶ
2274 662 2366 713 ἐπὶ

680 745 788 800 τῶν
814 747 1163 818 φιλαργύρων
1188 748 1395 816 γίνεται
1420 764 1432 776 ·
1463 749 1648 801 πολλοὶ
1674 750 1930 812 πολλάκις
1957 750 2220 818 μειζόνων
2244 750 2365 799 ἐπι-

681 834 980 911 θυμοῦντες
1015 824 1108 888 καὶ
1152 836 1219 890 τά
1252 837 1494 906 παρόντα
1527 837 1850 890 ἀπώλεσαν·
1893 837 2037 890 οὕτω
2081 836 2176 892 καὶ
2217 828 2362 887 οὗτοι

681 922 1090 992 προσδοκῶντες
1106 920 1354 980 ,ἐνταῦθα
1387 924 1448 976 τὸ
1478 926 1585 976 πᾶν
1617 924 1781 994 ἔχειν,
1807 924 1900 977 καὶ
1935 925 2028 976 τοῦ
2059 918 2258 994 μέρους
2279 921 2337 985 ἐξ

681 1010 898 1062 ἑπεσον.
931 1009 1023 1061 Διὸ
1070 1009 1323 1078 παραινῶ
1356 1010 1582 1078 φεύγειν
1612 1011 1791 1063 αὐτῶν
1824 1012 1921 1079 τὴν
1957 1011 2187 1080 μανίαν·
2245 1026 2356 1078 μαι-

680 1095 798 1157 νίας
849 1096 959 1166 γὰρ
1011 1097 1245 1167 ἐσχάτης
1286 1097 1651 1165 φιλονεικεῖνι
1687 1097 1885 1150 εἰδέναι
1939 1097 1992 1149 τί
2042 1096 2140 1166 τὴν
2173 1095 2362 1148 οὐσίαν

678 1183 827 1235 ἐστὶν
854 1186 883 1235 6
911 1184 1062 1246 Θεός.
1097 1185 1204 1236 Καὶ
1240 1183 1327 1237 ἵνα
1370 1186 1548 1255 μάθῃς
1575 1187 1656 1238 ὅτι
1691 1186 1887 1256 μανίας
1917 1184 2151 1254 ἐσχάτης
2182 1182 2360 1249 τοῦτο,

679 1269 788 1322 ἀπὸ
822 1269 930 1322 τῶν
965 1272 1263 1342 προφητῶν
1293 1274 1426 1342 ὑμῖν
1443 1273 1603 1326 τοῦτο
1633 1274 1845 1342 ποιήσω
1878 1272 2109 1344 φανερόν
2131 1290 2144 1302 ·
2176 1273 2224 1322 οἱ
2253 1269 2362 1340 γὰρ

681 1359 960 1426 προφῆται
984 1358 1043 1409 οὐ
1082 1359 1239 1428 μόνον
1266 1359 1319 1411 τί
1358 1361 1456 1428 τὴν
1486 1360 1677 1412 οὐσίαν
1709 1358 1856 1412 ἐστὶν
1890 1361 2214 1428 ἀγνοοῦντες
2239 1356 2362 1425 φαί-

678 1460 882 1506 νονται,
913 1445 1050 1497 ἀλλὰ
1080 1446 1175 1497 καὶ
1203 1447 1331 1518 περὶ
1368 1448 1468 1517 τῆς
1504 1449 1694 1516 σοφίας
1723 1447 1887 1500 αὐτοῦ
1923 1449 2064 1516 πόση
2101 1448 2185 1508 τίς
2212 1448 2362 1498 ἐστιν

678 1531 981 1601 ἀποροῦσι·
1012 1532 1189 1585 καίτοι
1224 1549 1288 1600 γε
1320 1536 1420 1604 οὐχ
1447 1536 1480 1604 ή
1509 1534 1668 1588 οὐσία
1687 1536 1796 1588 ἀπὸ
1823 1536 1920 1604 τῆς
1948 1536 2159 1602 σοφίας,
2189 1534 2304 1587 ἀλλ’
2328 1535 2360 1604 ὴ

681 1617 842 1684 σοφία
876 1620 940 1670 ἐκ
969 1619 1068 1687 τῆς
1091 1619 1483 1684 οὐσίας.“οταν
1509 1622 1567 1673 δὲ
1596 1620 1728 1690 μηδέ
1755 1621 1956 1691 ταύτην
1983 1621 2243 1674 δύνωνται
2264 1637 2362 1672 κα-

676 1703 1047 1772 ταλαμϐάνειν
1084 1707 1134 1758 oi
1178 1708 1456 1777 προφῆται
1481 1708 1598 1777 μετ’
1630 1707 1936 1779 ἀκριϐείας,
1978 1708 2152 1778 πόσης
2180 1707 2246 1760 ἂν
2272 1706 2359 1777 εἴη

681 1790 878 1858 μανίας
904 1792 965 1843 τὸ
1005 1794 1104 1864 τήν
1138 1793 1323 1847 οὐσίαν
1355 1795 1527 1866 αὐτὴν
1561 1795 1804 1866 νομίζειν
1841 1796 2104 1849 δύνασθαι
2145 1798 2265 1857 τοῖς
2285 1797 2362 1846 οί-

678 1876 845 1939 κείοις
871 1878 1193 1933 ὑποϐάλλειν
1219 1880 1529 1950 λογισμοῖς;
1574 1882 1921 1952 Ἀκούσωμεν
1954 1884 2132 1934 τοίνυν
2177 1883 2229 1934 τί
2260 1899 2350 1951 φη-

680 1982 764 2016 σιν
791 1967 819 2017 6
848 1967 1136 2036 προφήτης
1166 1971 1297 2038 περὶ
1324 1965 1493 2038 αὐτῆς
1514 1985 1530 1998 ·
1578 1969 2031 2037 Ἔθαυμαστώθη
2064 1967 2101 2035 ἡ
2139 1965 2363 2036 γνιῐὺίς

677 2067 796 2102 σου
821 2050 892 2115 ἐξ
919 2053 1084 2120 ἐμοῦ.
1126 2052 1342 2106 Μᾶλλον
1374 2057 1430 2107 δὲ
1461 2056 1720 2124 ἀνωτέρω
1748 2056 1836 2107 τὸν
1857 2055 2014 2122 λόγον
2041 2055 2358 2124 ἀγάγωμεν.

692 2133 1245 2208 Ἑξομολογήσομαί
1287 2158 1408 2205 σοι,
1437 2141 1526 2193 ὅτι
1575 2140 1838 2208 φοϐερῶς
1875 2141 2358 2209 ἐθαυμαστώθης.

677 2224 745 2277 Τί
773 2225 888 2276 ἐστι
915 2225 1217 2294 φοϐερῶς;
1240 2227 1419 2280 Πολλὰ
1448 2227 1802 2301 θαυμάζομεν
1829 2227 1944 2289 νῦν,
1976 2227 2091 2280 ἀλλ’
2123 2229 2182 2279 οὐ
2225 2230 2362 2297 μετά

680 2312 868 2381 φόϐου.
904 2310 1016 2366 οἷον
1064 2315 1261 2367 κιόνων
1309 2315 1518 2386 κάλλη,,
1559 2316 1746 2369 τύπων
1799 2315 2185 2386 ζωγραφίαςὶι,
2226 2315 2361 2386 ἄνθη

681 2399 951 2468 σωμάτων
969 2417 984 2430 ·
1016 2401 1376 2471 θαυμάζομεν
1404 2403 1566 2455 πάλιν
1591 2403 1692 2472 τῆς
1724 2402 2000 2471 θαλάσσης
2024 2403 2085 2455 τὺ
2112 2402 2360 2473 μέγεθος,

680 2487 891 2538 καὶτὸν
919 2487 1147 2557 ἄπειρον
1181 2488 1361 2557 βυθὸν,
1398 2490 1534 2541 ἀλλά
1580 2489 1717 2560 μετά
1746 2488 1936 2556 φόϐου,
1967 2491 2095 2541 ὅταν
2131 2490 2269 2557 πρὸς
2305 2490 2365 2541 τὸ

683 2574 846 2642 βάθος
880 2574 1307 2644 κατακύψωμεν.
1344 2575 1502 2628 Οὐτω
1527 2576 1705 2628 τοίνυν
1734 2577 1879 2629 καὶὸ
1913 2577 2198 2646 προφήτης
2229 2576 2366 2647 πρὸς

678 2663 741 2715 τὸ
769 2665 996 2733 ἄπειρον
1020 2663 1117 2714 καὶ
1143 2663 1347 2733 ἀχανὲς
1371 2663 1609 2732 πέλαγος
1629 2664 1730 2732 τῆς
1756 2663 1850 2716 τοῦ
1877 2663 2016 2716 Θεοῦ
2046 2663 2366 2732 κατακύψας

680 2750 894 2819 σοφίας,
935 2752 1029 2802 καὶ
1079 2751 1407 2818 ίλιγγιάσας,
1464 2752 1600 2822 μετά
1641 2751 1806 2820 φόβου
1847 2749 2039 2803 πολλοῦ
2082 2751 2367 2820 θαυμάσας

679 2837 994 2907 ἀνεχώρησε
1025 2836 1164 2906 βοῶν
1195 2839 1289 2890 καὶ
1321 2837 1496 2905 λέγων
1516 2857 1527 2867 ·
1571 2838 2120 2908 Ἐξομολοτήσομαι
2147 2853 2245 2891 σοι
2277 2836 2366 2890 ὄτι

681 2923 948 2994 φοϐερῶς
967 2924 1438 2993 ἐθαυμαστώθης
1455 2943 1470 2956 ·
1499 2925 1802 2995 θαυμάσια
1833 2928 1904 2979 τὰ
1933 2929 2078 2996 ἔργα
2100 2941 2216 2980 σου
2236 2943 2249 2956 ·
2275 2928 2370 2979 καὶ

682 3012 844 3066 πάλιν
864 3027 879 3042 ο
927 3013 1390 3080 Ἐθαυμαστώθη
1421 3013 1460 3080 ἡ
1495 3014 1720 3080 γνῶσίς
1746 3028 1863 3067 σου
1896 3013 1967 3078 ἐξ
1996 3011 2165 3082 ἐμοῦ,
2193 3013 2369 3081 ἐκρα-

679 3098 918 3165 ταιώθη,
949 3099 1022 3151 οὐ
1051 3097 1137 3166 μὴ
1164 3097 1429 3168 δύνωμαι
1481 3099 1632 3167 πρὸς
1673 3099 1887 3168 αὐτήν.

752 3184 894 3255 Ὅρα
927 3182 1349 3254 εὐγνωμοσύνην
1386 3183 1618 3238 οἰκέτου·
1664 3183 2017 3256 Εὐχαριστῶ
2059 3201 2180 3249 σοι,
2213 3185 2367 3256 φησὶ,

679 3271 768 3324 διὰ
790 3271 967 3334 τοῦτο,
989 3270 1071 3323 ὅτι
1094 3271 1480 3340 ἀκατάληπτον
1505 3273 1613 3342 ἔχω
1634 3273 1938 3343 Δεσπότηνι
1954 3274 2014 3327 οὐ
2039 3273 2165 3343 περὶ
2183 3273 2368 3332 οὐσίας

682 3356 916 3411 ἐνταῦθα
942 3356 1135 3425 λέγων·
1157 3356 1333 3411 ἐκεῖνο
1359 3357 1458 3428 μὲν
1484 3359 1590 3429 γὰρ
1620 3356 1694 3422 ὡς
1719 3355 2138 3430 ὡμολογημένον
2161 3359 2370 3413 ἀκατά-

678 3445 886 3516 ληπτον
901 3439 1042 3498 εἶναι
1072 3445 1312 3518 παρῆκε·
1341 3463 1406 3497 πε
1416 3447 1470 3516 ρὶ
1492 3445 1548 3498 δὲ
1574 3446 1667 3498 τοῦ
1697 3446 1972 3517 πανταχοῦ
2004 3447 2253 3517 παρεῖναι
2281 3445 2371 3498 τὸν

678 3533 817 3585 Θεὸν
846 3532 1020 3588 ταῦτά
1043 3551 1202 3604 φησι,
1238 3532 1450 3597 δεικνὺς
1479 3533 1562 3587 ὅτι
1588 3532 1709 3587 οὐδὲ
1744 3535 1875 3588 αὐτὸ
1906 3535 2064 3587 τοῦτο
2093 3528 2224 3596 οἶδε,
2253 3533 2371 3596 πῶς

683 3621 963 3690 πανταχοῦ
1001 3623 1287 3693 πάρεστιν.
1319 3620 1441 3675 Ὀτι
1481 3622 1588 3692 γάρ
1615 3623 1743 3689 περὶ
1773 3622 1963 3675 τούτου
1997 3623 2181 3692 φησὶν,
2206 3621 2371 3674 ἀκουε

678 3705 791 3760 τῶν
820 3707 969 3777 ἐξῆς.
989 3706 1123 3760 Ἐὰν
1143 3704 1343 3762 ἀνασῶ
1369 3710 1456 3772 εἰς
1477 3708 1586 3763 τὸν
1609 3708 1888 3777 οὐρανὸν.
1917 3710 1998 3763 σὺ
2024 3709 2152 3762 ἐκεῖ
2170 3705 2244 3763 εἷ·
2266 3707 2374 3762 ἐὰν

684 3794 920 3849 καταϐῶ
941 3798 1029 3860 είς
1055 3794 1165 3848 τὸν
1186 3794 1361 3862 ᾅδην,
1387 3795 1581 3863 πάρει.
1605 3793 1758 3858 Εἶδες
1787 3793 1904 3860 πῶς
1930 3795 2204 3867 πανταχοῦ
2233 3797 2374 3868 πάρ-

684 3898 864 3943 εστιν;
910 3881 1052 3934 Ἀλλ’
1086 3883 1115 3933 6
1169 3882 1459 3951 προφήτης
1511 3883 1613 3934 οὐκ
1662 3879 1822 3948 οἶδεν,
1850 3873 1989 3935 ’ἀλλ’
2026 3884 2232 3954 ίλιγγιᾷ
2279 3885 2374 3936 καὶ

682 3969 882 4039 ἀπορεῖ
921 3969 1014 4021 καὶ
1045 3968 1292 4036 φοϐεῖται
1336 3969 1495 4038 μόνον
1515 3983 1536 4008 ε
1584 3971 1663 4032 είς
1690 3969 1815 4022 νοῦν
1845 3971 1976 4024 αὐτὸ
2007 3970 2219 4034 λαϐώνέ
2248 3972 2373 4034 Πῶς

684 4050 779 4108 οὗν
826 4056 927 4108 οὐκ
970 4055 1206 4126 ἐσχάτης
1244 4056 1430 4119 ἀνοίας
1477 4051 1605 4119 τούς
1636 4057 1892 4110 τοσοῦτον
1929 4057 2230 4127 ἀπέχοντας
2271 4058 2373 4127 τῆς

690 4141 903 4194 ἐκείνου
939 4142 1160 4212 χάριτος
1187 4142 1358 4213 αὐτὴν
1383 4143 1478 4196 τοῦ
1507 4142 1642 4196 Θεοῦ
1665 4144 2141 4215 πολυπραγμονεῖν
2166 4137 2266 4214 τὴν
2285 4145 2376 4197 οὐ·

688 4229 812 4283 σίαν
835 4247 849 4293 ;
887 4229 1084 4283 Καίτοι
1109 4221 1269 4292 οὗτός
1291 4231 1438 4284 ἐστιν
1463 4233 1492 4286 6
1513 4231 1802 4302 προφήτης
1833 4233 1861 4284 ό
1893 4230 2066 4300 λέγων
2085 4249 2098 4261 ·
2130 4230 2209 4285 Τὰ
2231 4220 2375 4299 ἇδηὲ

683 4320 768 4371 ,ια
795 4315 999 4370 καὶτὰ
1031 4314 1254 4386 κρύφια
1299 4316 1412 4384 τῆς
1451 4319 1672 4386 σοφίας
1716 4335 1834 4372 σου
1875 4317 2193 4387 ἐδήλωσὰς
2225 4337 2332 4388 μοι

685 4405 804 4458 ἀλλ’
833 4405 986 4475 ὅμως
1031 4403 1102 4482 τά
1149 4402 1320 4474 άδηλα
1364 4405 1460 4458 καὶ
1510 4407 1580 4458 τὰ
1625 4402 1831 4477 κρύφια
1861 4407 1960 4478 τῆς
1989 4400 2180 4476 σοφίας
2208 4405 2374 4460 αὐτοῦ

688 4489 908 4563 μαθὼν,
945 4492 1078 4562 περὶ
1107 4491 1278 4562 αὐτῆς
1327 4490 1464 4563 φησὶ
1500 4492 1727 4564 ταύτης,
1756 4492 1838 4547 ὅτι
1885 4489 2112 4565 ἄπειρός
2141 4493 2226 4556 τίς
2257 4495 2374 4547 ἐστι

644 4572 648 4604 ³
687 4582 784 4634 καὶ
810 4579 1219 4651 ἀκατάληπτος.
1240 4578 1444 4651 Μέγας
1470 4578 1579 4652 γὰρ
1601 4585 1634 4637 ὃ
1661 4578 1900 4652 Κύριος,
1925 4581 2080 4650 φησὶ,
2105 4583 2202 4636 καὶ
2220 4578 2374 4654 [449]

684 4667 917 4738 μεγάλη
946 4669 986 4736 ἠ
1009 4666 1194 4736 ἰσχὺς
1218 4667 1427 4732 αὑτοῦ,
1451 4669 1550 4724 καὶ
1579 4668 1687 4738 τῆς
1709 4667 2019 4735 συνέσεως
2044 4665 2232 4724 αὐτοῦ
2262 4666 2376 4724 οὐκ

685 4756 864 4810 ἐστιν
897 4754 1170 4824 ἀριθμὸς,
1201 4756 1503 4819 τουτέστιν,
1529 4753 1629 4810 οὐκ
1669 4754 1787 4810 ἐστι
1830 4757 2156 4828 κατάληψις.
2185 4757 2252 4810 Τί
2283 4753 2373 4810 λέ-

688 4859 843 4911 Tac;
885 4844 920 4914 ή
965 4842 1129 4912 σοφία
1159 4841 1545 4916 ἀκατάληπτος
1576 4844 1654 4915 τῷ
1687 4845 1963 4916 προφήτῃ,
1994 4845 2090 4898 καὶ
2137 4845 2174 4915 ἦ
2215 4845 2376 4898 οὐσία

688 4935 826 5004 ἡμῖν
856 4929 1216 5002 καταληπτή;
1252 4927 1363 5005 ἀρα
1405 4928 1466 4985 οὐ
1494 4932 1706 5004 φανερὰ
1737 4930 1876 5003 αὐτη
1901 4935 1935 5004 ή
1971 4933 2139 5003 μανία
2161 4941 2177 4997 ;'
2202 4933 2255 5004 ﬂ
2278 4951 2376 5004 με-

689 5018 983 5089 γαλωσύνη
1027 5015 1194 5072 αὐτοῦ
1238 5020 1339 5074 οὐκ
1366 5017 1480 5091 ἔχει
1511 5019 1704 5092 πέρας,
1729 5021 1822 5074 καὶ
1856 5021 1955 5091 τήν
1991 5015 2176 5075 οὐσίαν
2206 5015 2374 5076 αὐτοῦ

691 5105 1062 5178 περιγράφεις
1081 5122 1098 5174 ;

763 5270 827 5318 ε’.
849 5261 1039 5317 Ταῦτα
1063 5261 1160 5316 καὶ
1177 5263 1206 5314 6
1239 5256 1471 5338 Ἡσαΐας
1494 5261 1799 5332 φιλοσοφῶν
1825 5263 2002 5338 ἔλεγε·
2023 5264 2143 5331 Τὴν
2164 5263 2378 5334 γενεὰν

691 5349 882 5410 αὑτοῦ
915 5351 1009 5416 τίς
1035 5344 1389 5421 διηγήσεται
1402 5367 1424 5416 ;
1450 5346 1566 5426 Οὐκ
1594 5345 1715 5404 εἶπε
1737 5368 1750 5380 ·
1780 5351 1875 5415 Τίς
1902 5352 2190 5424 διηγεῖται,
2215 5347 2373 5417 ἀλλά,

757 5560 784 5622 ξ
812 5557 920 5622 Quo
939 5571 1057 5607 mss.
1083 5558 1252 5622 μανίαν
1271 5559 1362 5622 γὰρ
1555 5557 1687 5620 οἶμαι
1708 5557 1916 5622 ἐσχάτην
1938 5560 1996 5608 τὸ
2014 5560 2312 5622 φιλονεικεῖν.

759 5618 788 5683 β
815 5621 988 5669 ιωθι.
1011 5618 1283 5683 «Quidam
1683 5618 1964 5683 ζωγραφίας,
1993 5618 2166 5683 Savil.
2204 5630 2258 5670 el
2291 5622 2376 5670 alii

694 5682 1178 5756 taixm‘ltypap‘av.
1206 5680 1362 5731 Paulo
1381 5685 1492 5742 post
1517 5683 1716 5742 quidam
1741 5680 1859 5732 risu;
1887 5682 2130 5739 θαλάσσης
2149 5683 2208 5730 τὸ
2225 5684 2376 5731 πέλα-

697 5761 785 5840 γοὲ
801 5744 1047 5855 ging
1069 5803 1268 5863 quidam
1293 5789 1510 5852 ωδςξκαῑ
1533 5805 1745 5868 διαπορεῖ
1767 5806 1845 5853 καὶ
1868 5807 2129 5867 θορυϐεῖται
2153 5805 2312 5866 μόνον.

1469 378 1526 435 S.
1563 377 1846 435 JOANNIS
1883 373 2372 435 CHRYSOSTOMI
2413 373 2740 431 ARCIIIEP.
2783 376 3339 433 CONSTANTINOP.
4044 371 4138 424 706

2481 491 2575 556 Τίς
2606 493 2978 562 διηγήσεται,
3010 494 3103 545 καὶ
3130 492 3189 542 τὸ
3219 491 3409 561 μέλλον
3441 489 3754 541 ἀπέκλεισε.
3789 487 3900 539 Καὶ
3943 487 3971 536 6
4008 487 4099 554 μὲν
4119 488 4142 523 ἀ

2472 580 2634 633 Δαυῖδ
2662 597 2854 649 φησιν·
2910 577 3364 646 Ἐθαυμαστὼθη
3391 577 3429 642 ή
3467 575 3690 645 γνῶσίς
3717 591 3836 628 σου
3872 573 3942 637 ἐξ
3970 573 4142 638 ἐμοῦ·

2471 668 2499 718 6
2533 666 2591 718 δὲ
2627 667 2852 726 Ἡσαΐας
2885 667 2986 718 οὐκ
3016 667 3108 730 ἀφ’
3133 664 3326 718 ἑαυτοῦ
3357 665 3516 733 μόνον
3541 665 3726 731 φησὶν,
3757 659 3896 713 ἀλλά
3921 660 4018 711 καὶ
4049 660 4150 710 ἀπὸ

2473 753 2655 820 πάσης
2694 753 2795 822 τῆς
2831 751 3183 822 ἀνθρωπίνης
3218 754 3433 820 φύσεως
3463 748 3886 803 ἀποκεκλεῖσθαι
3916 748 4018 816 τὴν
4042 746 4152 813 διή-

2470 854 2634 904 γησιν
2665 837 2892 906 ταύτην.
2913 838 3053 890 Ἀλλ’
3086 837 3306 906 ίδωμεν,
3341 838 3549 906 μήποτε
3582 838 3609 887 6
3633 834 3846 895 Παῦλος
3874 827 4037 892 οἶδεν,
4058 831 4150 883 ἀτε

2469 924 2533 994 δὴ
2573 925 2819 993 μείζονος
2857 923 3245 986 ἀπολελαυκὼς
3275 925 3497 994 χάριτος
3519 941 3530 950 ·
3566 923 3728 982 αὐτὸς
3762 922 3859 990 μὲν
3887 916 3982 972 οὖν
4012 921 4151 970 ἐστιν

2469 1013 2496 1062 6
2527 1011 2700 1078 λέγων
2717 1028 2730 1041 ·
2772 1013 2867 1065 Ἐκ
2891 1012 3115 1080 μέρους
3133 1013 3526 1081 γινώσκομεν,
3552 1011 3647 1063 καί
3677 1010 3746 1060 ἐκ
3770 1007 3996 1076 μέρους
4018 1022 4150 1072 προ-

2469 1100 2829 1166 φητεύομεν.
2862 1100 2974 1152 Kal
3012 1101 3112 1151 οὐκ
3151 1098 3382 1152 ἐνταῦθα
3415 1099 3594 1168 μόνον,
3619 1096 3754 1149 ἀλλά
3781 1095 3877 1147 καὶ
3898 1091 4149 1161 ἀλλαχοῦ,

2468 1186 2529 1236 οὐ
2564 1172 2694 1256 περὶ
2717 1185 2927 1249 οὐσίας,
2952 1185 3090 1238 ἀλλὰ
3130 1186 3256 1256 περὶ
3285 1184 3475 1254 σοφίας
3524 1185 3619 1236 καὶ
3646 1183 3809 1245 αὐτὸς
3839 1181 4153 1247 διαλεγόμεο

2468 1288 2558 1333 νος
2593 1272 2691 1340 τῆς
2725 1274 2785 1324 ἐν
2813 1275 2878 1342 τῇ
2911 1273 3139 1342 προνοίᾳ⁵
3185 1273 3538 1342 φαινομένης,
3569 1271 3630 1323 οὐ
3663 1271 3762 1337 τῆς
3808 1267 4044 1321 καθόλου
4074 1267 4151 1316 λέ-

2468 1375 2569 1425 γω,
2606 1359 2729 1410 καθ’
2759 1360 2826 1428 ἣν
2855 1360 3106 1427 ἀγγέλων
3133 1361 3226 1412 καὶ
3248 1358 3608 1429 ἀρχαγγέλων
3637 1357 3730 1409 καὶ
3752 1357 3862 1407 τῶν
3885 1356 4000 1408 άνω
4025 1369 4150 1421 7.90-

2467 1449 2580 1498 νοεῖ
2605 1447 2909 1516 δυνάμεων,
2939 1448 3053 1499 ἀλλ’
3077 1449 3254 1500 ἐκεῖνο
3277 1448 3376 1516 τῆς
3404 1445 3660 1516 προνοίας
3689 1446 3751 1497 τὸ
3783 1443 3950 1514 μέρος
3973 1440 4152 1505 ἐξετά·

2469 1533 2598 1596 ζων,
2635 1529 2756 1591 καθ’
2775 1535 2804 1586 ὂ
2834 1537 3056 1605 προνοεῖ
3076 1535 3183 1588 τῶν
3207 1535 3265 1586 ἐν
3293 1537 3360 1604 τῇ
3389 1536 3460 1603 γῇ
3487 1531 3817 1606 ἀνθρώπων,
3839 1532 3937 1582 καὶ
3957 1528 4153 1593 ταύτης

2469 1622 2643 1689 αὐτῆς
2675 1621 2838 1675 πάλιν
2873 1622 3057 1692 μέρος.
3089 1621 3222 1673 Οὐδὲ
3246 1620 3354 1690 γὰρ
3383 1621 3553 1690 αὐτὴν
3581 1619 3708 1688 ὃλην
3739 1617 4009 1680 ἐξετάζει,
4038 1612 4149 1665 καθ’

2473 1707 2540 1776 ἣν
2567 1709 2849 1762 ἀνατέλλει
2877 1709 2968 1761 τδν
3004 1709 3175 1779 ἣλιον,
3211 1708 3334 1760 καθ’
3360 1709 3427 1776 ἠν
3471 1706 3650 1777 ψυχὰς
3691 1707 3908 1776 ἐμπνεῖ.
3939 1702 4062 1754 καθ’
4093 1701 4150 1767 ἣν

2472 1793 2702 1862 σώματα
2752 1795 3093 1858 διαπλάττει,
3131 1794 3252 1846 καθ’
3283 1795 3349 1863 ἣν
3397 1795 3586 1864 τρέφει
3631 1794 3759 1853 τοὺς
3794 1792 3890 1843 ἐπὶ
3926 1790 4034 1859 γῆς
4065 1787 4150 1838 ἀν-

2469 1879 2739 1947 θρώπους,
2769 1883 2890 1934 καθ’
2919 1882 2984 1952 ἣν
3017 1885 3315 1952 συγκρατεί
3334 1891 3356 1918 ε
3406 1881 3495 1933 τὸν
3548 1879 3775 1948 κόσμον,
3806 1876 3928 1929 καθ’
3957 1877 4028 1945 ἣν
4065 1875 4151 1934 τὰς

2470 1968 2722 2036 ἐτησίους
2772 1968 2958 2021 δίδωσι
3006 1969 3215 2039 τροφάς
3236 1985 3248 1996 ·
3279 1969 3414 2022 ἀλλά
3438 1968 3613 2021 ταῦτα
3640 1966 3819 2019 πάντα
3851 1964 4035 2031 ἀφεὶς,
4069 1962 4151 2012 καὶ

2473 2055 2668 2124 μικρόν
2715 2072 2766 2106 τι
2817 2057 2985 2124 μέρος
3033 2055 3299 2118 ἐξετάσας
3330 2055 3431 2124 τῆς
3468 2053 3725 2125 προνοίας
3769 2049 3960 2113 αὐτοῦ,
3987 2048 4152 2100 καθ“ὂ

2469 2142 2594 2204 τοὺς
2625 2143 2722 2210 μὲν
2757 2142 3048 2206 Ἰουδαίους
3075 2142 3324 2207 ἐξέϐαλε,
3357 2144 3484 2204 τοὺς
3513 2141 3572 2194 δὲ
3601 2140 3659 2205 ἐξ
3686 2137 3860 2190 ἐθνῶν
3887 2136 4153 2199 εἰσεδέξα-

2469 2243 2549 2288 το,
2581 2230 2674 2281 καὶ
2706 2229 2842 2300 πρὸς
2871 2230 3003 2281 αὐτὸ
3038 2229 3197 2281 τοῦτο
3243 2230 3303 2282 τὺ
3356 2229 3553 2299 μικρὸν
3588 2227 3775 2298 μέρος,
3811 2225 4002 2296 ὥσπερ
4029 2225 4150 2291 πρὸς

2472 2314 2708 2382 πέλαγος
2765 2316 2991 2387 ἄπειρον
3042 2317 3370 2384 ἰλιγγιάσας,
3417 2318 3512 2368 καὶ
3560 2315 3722 2384 βάθος
3770 2312 3894 2365 ἰδὼν
3939 2312 4147 2396 ἀχῆνὲς.

2471 2403 2825 2473 ἀπεπήδησεν
2853 2405 3078 2468 ε’ὐθέως,
3107 2406 3199 2457 καὶ
3232 2406 3376 2474 μέγα
3399 2403 3694 2473 ἀνεϐόησεν
3725 2400 3926 2454 είπὼν⁴
3956 2395 4151 2462 *θ’βὰ-

2472 2494 2575 2554 θος
2599 2494 2869 2546 πλούτου
2907 2493 3006 2545 καὶ
3049 2493 3265 2561 σοφίας
3303 2493 3401 2545 καί
3436 2491 3713 2561 γνώσεως
3744 2489 3916 2556 Θεοῦ,
3948 2491 4030 2552 ὠς
4058 2487 4150 2539 ἀν-

2456 2578 2839 2644 νεξερεύνητα
2889 2580 2960 2640 τὰ
2999 2581 3255 2649 κρίματα
3305 2580 3517 2632 αὐτοῦ.
3549 2577 3666 2632 Οὐκ
3700 2573 3886 2638 εἶπεν,
3933 2573 4152 2627 ’Δκατὰσ

2472 2667 2672 2736 ληπτα,
2703 2666 2849 2728 ἀλλ’,
2884 2669 3356 2738 Ἀνεεερςύνητω
3377 2668 3506 2722 Είδὲ
3526 2665 3886 2738 ἐρευνηθῆναι
3917 2663 3981 2715 οὐ
4010 2663 4150 2714 δύνα-

2473 2771 2583 2815 ται,
2620 2755 2800 2823 πολλῷ
2832 2754 3033 2824 μᾶλλον
3067 2754 3485 2825 καταληφθῆναι
3519 2754 3806 2807 ἀδύνατον.
3829 2752 3944 2804 Καὶ
3992 2749 4150 2810 ἀνεξ-

2476 2843 2776 2908 ιχνίαστοι
2807 2845 2868 2894 αἱ
2913 2842 3041 2896 ὁδοὶ
3081 2843 3288 2896 αὑτοῦ.
3318 2844 3383 2895 Αἱ
3429 2842 3537 2895 ὁδοὶ
3575 2840 3740 2892 αὐτοῦ
3769 2838 4149 2908 ἀνεξιχνίαστοι

2478 2930 2572 2980 καὶ
2605 2930 2768 2991 αὐτὸς
2795 2927 3308 2999 καταληπτός;είπέ
3343 2948 3460 3000 μοι.
3496 2929 3606 2981 Καὶ
3636 2929 3686 2981 τί
3719 2928 3863 2995 λέγω
3888 2927 4023 2996 περὶ
4056 2926 4149 2976 τῶν

2473 3015 2646 3078 ὁδῶν;
2683 3018 2750 3068 τὰ
2801 3017 3012 3069 ἔπαθλα
3064 3017 3132 3069 τὰ
3180 3018 3516 3087 ἀποκείμενα
3567 3018 3700 3087 ἡμῖν
3759 3014 4143 3082 ἀκατάληπτα·

2489 3103 2818 3171 Ὀφθαλμὸς
2844 3103 2955 3173 γὰρ
3003 3103 3144 3157 αὐτὰ
3187 3107 3299 3157 οὐκ
3337 3104 3522 3167 εἶδεν,
3565 3103 3708 3157 οὐδὲ
3737 3098 3848 3168 οὖς
3874 3101 4145 3169 ἤκουσεν.

2477 3190 2622 3242 οὐδὲ
2655 3190 2757 3242 ἐπὶ
2789 3191 3044 3259 καρδίαν
3069 3192 3385 3258 ἀνθρώπου
3428 3193 3631 3258 ἀνέϐη,
3685 3191 3725 3244 ἂ
3769 3192 4096 3259 ἡτοίμασεν
4124 3189 4145 3236 c'-

2481 3277 2625 3342 Θεὸς
2657 3277 2782 3342 τοῖς
2806 3278 3124 3347 ἀγαπῶσιν
3159 3281 3366 3334 αὐτόν.
3386 3279 3544 3332 ’Λλλά
3576 3281 3669 3333 καὶ
3701 3281 3733 3351 ή
3779 3278 3962 3349 δωρεά
4005 3273 4144 3328 αὐτοῦ

2478 3367 2872 3437 ἀνεκδιήγητος
2899 3383 2911 3398 ·
2947 3367 3130 3435 Χάρις
3161 3367 3268 3437 γὰρ
3311 3367 3390 3432 τῷ
3434 3367 3576 3432 Θεῷ,
3611 3369 3796 3436 φησὶν,
3827 3365 3927 3419 ἐπὶ
3963 3363 4038 3432 τῇ
4063 3365 4144 3416 ἀι·-

2477 3466 2808 3544 εκδιηγήτφ
2841 3469 3032 3522 αὐτοῦ
3069 3467 3276 3535 δωρεᾷ,
3309 3469 3407 3521 καί
3440 3466 3478 3534 ἡ
3511 3469 3718 3536 εἰρήνη
3756 3467 3952 3520 αὐτοῦ
3998 3469 4146 3531 ὑπερ·

2478 3568 2603 3634 έχει
2637 3569 2833 3621 πάντα
2871 3569 3040 3623 νοῦν.
3078 3569 3143 3620 Τί
3174 3569 3383 3635 λέγεις;
3413 3567 3484 3620 τά
3525 3568 3768 3638 κρίματα
3809 3565 3978 3619 αὐτοῦ
4015 3563 4144 3626 ἀνεξ-

2479 3655 2771 3726 ερεύνητα,
2792 3657 2849 3708 αἱ
2877 3657 2988 3709 ὁδοὶ
3014 3655 3180 3708 αὐτοῦ
3207 3655 3619 3724 ἀνεξιχνίαστοι,
3636 3658 3668 3723 ἠ
3695 3655 3887 3725 είρήνη
3911 3653 4146 3720 ὑπερέχει

2480 3743 2660 3796 πάντα
2686 3742 2830 3806 νοῦν,
2859 3745 2892 3814 ἡ
2921 3743 3100 3813 δωρεά
3127 3732 3541 3812 ἀνεκδιήγητος,
3576 3741 3612 3795 ἀ
3639 3743 3944 3813 ἡτοίμασεν
3975 3747 4006 3794 6
4041 3739 4146 3797 Θεὸς

2478 3831 2592 3892 τοῖς
2626 3830 2917 3897 ἀγαπῶσιν
2947 3829 3111 3883 αὐτὸν
3135 3829 3237 3882 οὐκ
3263 3830 3433 3900 ἀνέϐη
3465 3829 3560 3882 ἐπὶ
3593 3830 3820 3900 καρδίαν
3856 3825 4144 3898 ἀνθρώπους

2481 3919 2514 3988 ἡ
2564 3918 2924 3989 μεγαλωσύνη
2975 3918 3150 3989 πέρας
3197 3918 3299 3970 οὐκ
3339 3916 3533 3987 ἐχει,ή
3568 3917 3782 3978 σύνεσις
3811 3911 4047 3985 ἀριθμὸν
4071 3912 4147 3962 οὐκ

2481 4017 2618 4089 ἔχει,
2659 4018 2836 4072 πάντα
2861 4019 3245 4089 ἀκατάληπτα,
3280 4018 3375 4071 καὶ
3407 4017 3570 4080 αὐτὸς
3603 4016 3763 4088 μόνος
3788 4012 4146 4084 καταληπτόςζ

2481 4118 2592 4172 Καὶ
2626 4116 2785 4171 ποίαν
2815 4120 2916 4172 οὐκ
2946 4118 3012 4172 ἀν
3039 4118 3151 4191 ἔχοι
3179 4119 3337 4172 τοῦτο
3377 4119 3575 4190 μανίας
3616 4116 3970 4188 ὑπερϐολήν;
4023 4116 4146 4167 Κάτ-

2481 4224 2575 4276 εχε
2606 4205 2702 4260 τδν
2730 4206 3034 4278 αἱρετικόν·
3074 4206 3150 4278 μὴ
3183 4204 3330 4279 ἀφῇς
3365 4206 3721 4278 ἀναχωρῆσαι
3741 4221 3755 4233 ·
3790 4205 3912 4257 εἰπέ
3933 4223 3947 4235 ο
3972 4203 4034 4256 Τί
4062 4219 4145 4269 φη-

2485 4311 2569 4348 σιν
2597 4296 2626 4346 ό
2657 4293 2899 4359 Παῦλος;
2943 4294 3039 4348 Ἐκ
3080 4293 3305 4364 μέρους
3353 4295 3748 4364 τικώσκομεν.
3780 4293 3856 4345 Οὐ
3903 4292 4031 4362 περὶ
4070 4289 4147 4353 τῆς

2481 4393 2671 4460 οὐσίας
2713 4394 2875 4448 τοῦτο
2915 4395 3086 4465 λέγει,
3124 4396 3310 4465 φησὶν,
3340 4393 3478 4448 ἀλλά
3520 4394 3650 4464 περὶ
3688 4388 3798 4447 τῶν
3823 4389 4144 4458 οἰκονομιῶν.

2481 4494 2736 4549 Μάλιστα
2765 4495 2889 4565 μὲν,
2917 4497 2966 4548 εί
2991 4494 3088 4548 καὶ
3116 4494 3246 4565 περὶ
3273 4493 3382 4548 τῶν
3409 4493 3732 4566 οἰκονομιῶν
3755 4489 3824 4566 ἦν
3853 4491 3882 4547 6
3907 4493 4079 4560 λόγος,
4099 4490 4147 4539 ἐκ

2482 4583 2728 4646 πλείονος
2747 4583 2879 4653 ἡμῖν
2901 4582 3218 4653 περιουσίας
3242 4580 3336 4635 καὶ
3364 4579 3508 4635 οὕτω
3538 4581 3607 4635 τά
3635 4576 3930 4653 νικητήρια
3951 4599 3965 4610 ·
3989 4580 4036 4632 εί
4057 4576 4144 4645 γὰρ

2483 4672 2540 4725 αί
2571 4669 2874 4740 οἰκονομίαι
2902 4669 3298 4753 ἀκαςτάληπτοι,
3332 4668 3511 4746 πολλῷ
3550 4668 3752 4740 μᾶλλον
3779 4668 3947 4731 αὐτός
3968 4685 3982 4698 ·
4007 4668 4083 4720 ὅτι
4101 4663 4145 4714 δὲ

2482 4758 2720 4812 ἐνταῦθα
2742 4758 2805 4812 οὐ
2840 4757 2972 4830 περὶ⁵
3003 4758 3115 4812 τῶν
3148 4757 3478 4829 οἰκονομιῶν
3510 4775 3700 4828 φησιν,
3737 4756 3874 4811 ἀλλά
3899 4757 4031 4829 περὶ
4062 4753 4142 4806 αὺ-

2481 4846 2577 4900 τοῦ
2611 4845 2707 4899 τοῦ
2741 4843 2899 4910 Θεοῦ,
2924 4846 3157 4900 ἄκουσον
3180 4845 3290 4899 τῶν
3311 4845 3439 4916 ἑξῆς
3455 4862 3468 4875 ·
3500 4834 3655 4917 [450]
3681 4843 3851 4897 εἰπὼν
3879 4843 3991 4914 γάρ
4012 4857 4026 4872 ο
4069 4839 4143 4891 Ἐκ

2475 4931 2700 5003 μέρους
2747 4932 3144 5003 γινώσκομεν,
3171 4932 3272 4986 καί
3317 4933 3388 4986 ἐκ
3427 4933 3652 5002 μέρους
3690 4932 4140 5001 προφητεύομεν.

2483 5035 2766 5104 ἐπήγαγεν
2781 5049 2797 5063 ·
2826 5034 2984 5102 Ἄρτι
3011 5034 3292 5103 γινώσκω
3307 5034 3377 5087 ἐκ
3403 5032 3654 5103 μέρους,
3678 5035 3814 5088 τότε
3834 5032 3903 5086 δὲ
3923 5029 4141 5100 ἐπιγνώ-

2481 5153 2666 5204 σομαι
2696 5135 2888 5201 καθὼς
2915 5136 3014 5190 καὶ
3041 5135 3455 5205 ἐπεγνώσθην.
3472 5137 3610 5191 Ὑπὸ
3641 5137 3788 5201 τίνος
3812 5131 3906 5191 οὖν
3933 5131 4139 5202 ἐπεγνώ-

2485 5223 2741 5294 σθη;ὐπὺ
2784 5222 2881 5276 τοῦ
2919 5223 3078 5286 Θεοῦ,
3119 5224 3154 5295 ἢ
3198 5225 3302 5278 ὑπὸ
3349 5225 3460 5278 τῶν
3498 5223 3856 5294 οίκονομιῶν;
3892 5222 4027 5278 Ύπὺ
4063 5215 4138 5272 τοῦ

2482 5311 2618 5364 Θεοῦ
2650 5311 2928 5381 δηλονότι·
2968 5312 3160 5364 τοῦτον
3189 5307 3283 5366 οὖν
3315 5313 3406 5367 καὶ
3437 5315 3503 5367 ἐκ
3527 5312 3728 5384 μέρους
3770 5310 4042 5380 γινώσκει.
4059 5309 4137 5360 Ἐκ

2479 5408 2704 5478 μέρους
2727 5408 2786 5461 δὲ
2815 5405 2989 5473 εἶπεν,
3015 5408 3114 5478 οὐχ
3145 5409 3227 5461 ὅτι
3255 5407 3316 5460 τὸ
3347 5409 3446 5478 μὲν
3469 5407 3634 5461 αὐτοῦ
3659 5407 3759 5479 τῆς
3789 5407 3980 5470 οὐσίας
4002 5399 4134 5472 γινώ-

2485 5514 2626 5560 σκει,
2651 5497 2713 5549 τὺ
2748 5496 2805 5549 δὲ
2833 5497 3021 5565 ἀγνοεῖ
3059 5495 3298 5566 (ἁπλοῦς
3323 5495 3433 5568 γὰρ
3459 5499 3488 5549 6
3511 5497 3644 5560 Θεός
3660 5496 3700 5566 )·
3733 5494 3850 5548 ἀλλ’
3879 5491 4055 5562 ἐπειδὴ
4073 5489 4133 5540 ὅτι

2547 5740 2575 5778 ιι
2600 5738 2698 5787 Alii
2721 5739 2810 5801 ὅρα
2826 5740 2929 5801 πῶς
2945 5739 3001 5786 τὸ
3023 5713 3201 5800 μέλλοᾶ
3210 5739 3462 5791 ἀπέκλεισε
3485 5741 3571 5797 τήν
3591 5737 3826 5800 διήγησιν·
3850 5737 3932 5786 καὶ
3954 5737 3978 5785 ι
3997 5711 4083 5796 εἶιν-

2553 5803 2575 5829 e
2607 5801 2639 5848 [ἶ
2650 5815 2740 5849 nus
2756 5800 2911 5849 habet
2934 5801 3203 5862 συγκροτεῖ.
