4174 6336
259 343 370 398 71ιό

255 460 419 514 mites
445 473 549 512 non
584 473 832 522 manere,
861 473 996 528 quos
1034 473 1065 511 a
1093 461 1357 529 principio
1394 460 1668 533 constituit
1695 462 1848 516 nobis

251 563 424 605 nens.
455 551 543 605 Sic
569 560 621 604 et
644 549 810 604 Adam
842 564 937 620 spe
971 551 1243 620 amplioris
1267 593 1283 617 ,
1311 567 1469 621 quem
1497 553 1732 608 habebat
1755 553 1856 608 ho-

252 655 447 694 norem
470 640 718 709 perdidit.
748 640 978 709 ldipsum
1005 650 1060 695 et
1085 643 1258 697 avaris
1284 643 1476 697 accidit
1499 661 1511 696 :
1536 644 1686 698 multi
1712 660 1857 712 smpe

253 731 463 802 majora
488 732 784 800 cupientes,
814 733 1097 802 prazsentia
1117 735 1436 788 amiserunt.
1464 735 1668 790 Eodem
1691 736 1856 790 modo

250 831 315 877 et
344 823 428 876 isti
455 822 582 876 dum
609 837 667 878 se
691 831 860 876 totum
891 822 979 878 hic
1002 825 1216 893 aSsequi
1244 839 1402 894 posse
1430 835 1678 895 sperant,
1704 837 1857 896 parte

251 927 474 980 quoque
499 912 584 966 illa
611 912 885 967 excidunt.
909 913 1266 980 Quamobrem
1291 913 1484 969 hortor
1509 931 1693 971 eorum
1715 915 1858 969 insa-

253 1007 403 1060 niam
444 1004 653 1076 fugiatis
670 1017 963 1062 e-cxtrema:
1011 1008 1207 1077 quippe
1253 1008 1473 1062 insania:
1515 1018 1598 1062 est
1638 1018 1856 1063 conten-

253 1096 392 1151 dere
418 1099 456 1162 ⁸,
479 1096 602 1166 quid
636 1097 776 1151 Deus
801 1097 1094 1151 substantia
1128 1097 1198 1150 sit
1225 1112 1284 1150 se
1315 1097 1478 1165 probe
1507 1097 1739 1152 scire.Ut
1765 1113 1861 1151 au-

255 1197 373 1241 tem
404 1187 549 1242 scias
593 1187 649 1242 id
690 1196 944 1243 extremae
987 1188 1272 1244 dementiae
1310 1202 1468 1252 esse,
1512 1192 1556 1241 a‘
1586 1188 1862 1258 prophetis

252 1277 660 1334 demonstrabo.
699 1278 982 1347 Propheta:
1017 1279 1214 1348 quippe
1234 1293 1353 1355 inon
1384 1277 1544 1332 modo
1572 1279 1698 1348 quid
1727 1280 1857 1333 sub-

253 1367 458 1421 stantia
483 1367 557 1421 sit
579 1368 828 1436 ignorare
853 1368 1119 1432 videmur,
1145 1368 1241 1424 sed
1264 1379 1319 1422 et
1340 1368 1407 1423 de
1432 1369 1691 1439 sapientia
1718 1371 1858 1439 ejus,

257 1469 462 1527 quanta
477 1459 678 1513 scilicet
697 1460 785 1524 sit,
813 1462 1018 1513 haerent
1041 1477 1054 1512 :
1079 1475 1401 1529 quamquam
1420 1475 1524 1513 non
1549 1474 1580 1513 a
1603 1461 1859 1530 sapientia

257 1552 593 1618 substantia,
622 1551 717 1606 sed
744 1568 774 1605 a
802 1553 1097 1606 substantia
1123 1553 1382 1623 sapientia
1408 1552 1497 1608 sit.
1526 1553 1658 1607 Cum
1682 1562 1861 1608 autem

262 1658 336 1698 ne
373 1643 511 1697 hanc
548 1643 763 1712 quidem
807 1645 1083 1713 prophetm
1122 1653 1371 1698 accurate
1399 1659 1592 1714 capere
1621 1647 1859 1712 possint,

259 1744 479 1803 quanta:
497 1734 783 1789 dementia:
804 1735 961 1790 fuerit
982 1736 1288 1791 existimare
1303 1737 1606 1807 quempiam
1630 1751 1688 1792 se
1709 1753 1864 1806 posse

260 1825 436 1892 ipsam
464 1826 812 1880 substantiam
840 1825 1070 1896 propriis
1097 1826 1365 1896 subjicere
1397 1828 1726 1882 ratiociniis?
1755 1830 1863 1882 Au-

259 1915 476 1971 diamus
510 1916 671 1987 igitur
706 1917 834 1986 quid
873 1917 942 1971 de
973 1917 1063 1970 illa
1107 1918 1363 1986 propheta
1393 1918 1536 1973 dicat
1564 1937 1577 1972 :
1606 1918 1863 1973 Mirabilis

263 2012 402 2077 facta
429 2017 503 2061 est
522 2003 734 2062 "scientia
762 2019 849 2060 tua
871 2025 936 2062 ei:
964 2025 1043 2062 me
1066 2007 1247 2082 (Psal.
1285 2010 1406 2064 158.
1437 2009 1532 2080 6).
1563 2009 1656 2064 Vel
1690 2012 1864 2080 potius

260 2099 427 2153 altius
451 2114 754 2154 sermonem
781 2108 1081 2168 repetamus
1111 2117 1123 2152 :
1157 2098 1442 2168 Conﬁtcbor
1467 2101 1553 2152 tibi
1573 2103 1691 2171 quia
1721 2103 1887 2155 terri;

263 2189 436 2242 biliter
459 2191 813 2260 magniﬁcatus
834 2206 886 2244 cs
913 2189 931 2257 (
961 2188 1042 2243 Ib.
1072 2206 1120 2243 υ.
1153 2190 1279 2258 14).
1307 2190 1441 2256 Quid
1474 2201 1553 2246 est
1583 2193 1732 2258 illud,
1764 2204 1865 2247 ter-

262 2279 479 2332 ribiliter
498 2280 525 2332 ?
552 2280 709 2333 Multa
742 2296 881 2334 nunc
910 2282 1188 2346 miramur,
1217 2281 1311 2334 sed
1341 2296 1444 2335 non
1473 2297 1595 2336 cum
1628 2284 1819 2339 timore
1849 2300 1864 2348 ;

263 2371 416 2425 verbi
443 2372 610 2441 gratia
641 2371 1010 2426 columnarum
1049 2374 1500 2444 pulchritudinem
1522 2417 1536 2438 ,
1581 2377 1866 2446 figurarum

264 2461 530 2530 picturam
555 2463 577 2494 ³
600 2504 618 2529 ,
652 2462 813 2519 ﬂores
860 2479 1147 2534 corporum
1181 2484 1195 2519 :
1229 2466 1489 2521 miramur
1531 2468 1659 2522 item
1705 2471 1866 2524 maris

263 2552 709 2622 magnitudinem,
729 2555 1127 2626 immensosque
1141 2559 1397 2628 gurgites,
1417 2559 1512 2613 scd
1534 2574 1653 2613 cum
1678 2562 1867 2616 timore

261 2635 482 2712 quando
499 2645 914 2714 profunditatem
936 2647 1050 2716 ejus
1076 2649 1408 2717 inspicimus.
1428 2650 1518 2704 Sic
1536 2651 1714 2720 itaque
1739 2665 1866 2720 pro-

264 2735 429 2804 pheta
459 2737 512 2791 in
549 2747 758 2792 vastum
785 2747 841 2792 ct
873 2739 1193 2794 immensum
1226 2741 1318 2795 Dei
1350 2743 1625 2811 sapientia:
1651 2744 1869 2814 pelagus

263 2829 562 2908 inspiciens
586 2869 603 2897 ,
631 2844 731 2886 ceu
760 2832 1020 2902 vertigine
1043 2842 1230 2902 captus
1255 2875 1271 2898 ,
1303 2849 1423 2888 cum
1457 2834 1648 2890 timore
1673 2851 1869 2906 magno

263 2924 494 2990 stupens
543 2922 768 3001 recessit
818 2922 1057 2978 clamans
1083 2963 1098 2987 ,
1128 2922 1414 2993 ϐοηριεὸον
1441 2925 1551 2992 tibi,
1573 2927 1693 2995 quia
1719 2929 1868 2980 terri-

261 3013 435 3069 biliter
457 3016 813 3085 magniﬁcatus
839 3032 913 3083 es,
941 3019 1192 3072 mirabilia
1215 3035 1369 3090 opera
1394 3030 1519 3087 tua;
1540 3035 1603 3075 ac
1629 3037 1866 3085 rursum,

265 3104 526 3160 Mirabilis
549 3105 688 3175 facta
716 3116 791 3159 est
817 3108 1025 3161 scientia
1054 3118 1139 3163 tua
1163 3127 1225 3165 ea:
1253 3128 1352 3179 me,
1374 3117 1666 3183 confortata
1710 3121 1800 3179 est,
1825 3125 1870 3166 et

261 3210 371 3251 non
396 3205 568 3266 potero
596 3197 664 3250 ad
689 3213 802 3250 eam
823 3195 928 3269 (Ib.
950 3215 998 3253 υ.
1017 3195 1103 3271 6).

342 3283 467 3338 Non
495 3285 774 3340 substantia
800 3286 899 3341 Dei
924 3296 1118 3342 tantum
1137 3331 1154 3356 ,
1189 3291 1278 3344 sed
1315 3292 1464 3345 etiam
1488 3293 1737 3361 sapientia
1761 3295 1872 3364 ejus

270 3373 546 3445 Prophetis
587 3377 1129 3448 incomprehensibilis.
1167 3381 1393 3436 —-Vide
1435 3391 1646 3452 gratum
1688 3384 1870 3438 famuli

261 3467 506 3521 animum
534 3486 548 3522 :
575 3467 698 3523 Ideo
721 3470 922 3539 gratias
948 3471 1040 3525 tibi
1063 3485 1182 3541 ago,
1207 3471 1397 3541 inquit,
1424 3475 1546 3543 quia
1572 3474 1872 3544 incompre-

265 3557 584 3613 hensibilem
609 3560 780 3616 habeo
801 3561 1102 3617 Dominum.
1123 3562 1242 3618 Non
1260 3563 1329 3619 de
1354 3565 1652 3622 substantia
1680 3567 1765 3622 hic
1787 3567 1869 3623 lo-

262 3650 483 3718 quitur:
502 3651 554 3705 id
578 3654 744 3720 enim,
767 3655 920 3724 quasi
941 3656 996 3710 in
1018 3655 1264 3711 confesso
1289 3668 1432 3712 esset
1458 3658 1870 3729 incomprehen-

264 3741 429 3796 sibile
452 3757 592 3810 esse,
615 3747 989 3813 praetermisit:
1009 3747 1104 3804 sed
1122 3748 1203 3802 his
1226 3747 1464 3803 declarat
1489 3750 1654 3804 Deum
1677 3751 1873 3822 ubique

264 3847 393 3888 esse
412 3873 428 3897 ,
453 3836 742 3891 ostendens
776 3850 835 3892 se
859 3852 1033 3907 neque
1057 3853 1249 3907 capere
1277 3853 1434 3909 posse
1456 3841 1726 3910 quomodo
1754 3843 1875 3895 ubi-

265 3939 379 3994 que
399 3926 489 3980 sit.
516 3926 649 3982 Nam
669 3929 810 3999 quod
839 3929 938 3986 hac
965 3931 1033 3987 de
1061 3948 1118 3986 re
1143 3933 1390 4003 loquatur
1408 3935 1534 3988 audi
1563 3935 1616 3988 in
1647 3950 1877 4005 sequen-

267 4016 417 4071 tibus
446 4035 460 4071 :
489 4018 553 4073 Si
578 4022 848 4075 ascendero
875 4023 929 4076 in
955 4026 1157 4090 calum,
1187 4035 1240 4077 tu
1264 4025 1371 4080 illic
1397 4042 1483 4091 es;
1505 4027 1549 4081 si
1573 4028 1874 4082 descendero

264 4108 330 4160 in
356 4108 609 4177 infernum
627 4152 642 4175 ,
680 4113 823 4168 ades.
855 4114 1040 4170 Viden’
1077 4117 1349 4186 quomodo
1377 4119 1574 4188 ubique
1601 4119 1778 4175 adsit?
1806 4122 1876 4175 At

268 4199 379 4255 hoc
408 4201 665 4272 pr0pheta
692 4219 798 4259 non
829 4206 977 4261 novit
1001 4248 1018 4274 ,
1037 4260 1042 4266 .
1059 4207 1153 4262 sed
1181 4209 1409 4279 caligine
1435 4208 1681 4279 perfusus
1707 4211 1876 4266 hzcret

267 4300 333 4343 et
367 4292 519 4347 timet
543 4291 628 4347 vel
660 4309 726 4348 ex
762 4297 872 4366 ipsa
911 4298 988 4353 rei
1025 4298 1370 4369 cogitatione.
1406 4299 1688 4368 Quomodo
1718 4301 1877 4371 igitur

266 4395 382 4436 non
413 4398 639 4439 summa:
667 4384 952 4442 dementia:
980 4388 1178 4451 fuerit,
1207 4404 1303 4445 eos
1326 4391 1416 4461 qui
1441 4391 1511 4446 ab
1539 4392 1678 4446 illius
1703 4394 1874 4461 gratia

267 4481 480 4527 tantum
497 4477 691 4530 absunt
709 4476 878 4547 ipsam
903 4479 994 4533 Dei
1016 4481 1366 4536 substantiam
1382 4483 1591 4538 curiose
1610 4485 1834 4538 scrutari
1854 4484 1877 4537 ?

268 4563 346 4618 Et
373 4572 550 4620 tamen
591 4565 681 4622 hic
719 4568 835 4637 ipse
868 4579 952 4624 est
994 4571 1252 4641 pr0pheta
1288 4572 1377 4641 qui
1418 4571 1567 4638 dicit,
1596 4571 1803 4628 Incerta
1830 4583 1876 4627 et

267 4658 474 4710 occulta
495 4661 759 4727 sapientia
787 4676 887 4715 tua:
911 4664 1244 4734 manifestasti
1271 4664 1396 4717 mihi
1425 4665 1443 4736 (
1468 4663 1613 4719 Psal.
1636 4665 1726 4721 50.
1769 4665 1803 4721 8
1831 4666 1873 4736 ).

267 4751 529 4803 Attamen
556 4764 676 4804 cum
707 4750 909 4807 incerta
947 4763 1002 4809 et
1035 4756 1240 4809 occulta
1284 4757 1560 4826 sapientia:
1603 4757 1718 4827 ejus
1757 4757 1876 4813 edi-

265 4839 528 4907 dicisset,
567 4841 711 4896 illam
752 4844 920 4913 ipsam
960 4845 1090 4902 dicit
1123 4846 1438 4910 immensam
1475 4857 1531 4904 et
1569 4850 1875 4920 incompre-

268 4928 596 4986 liensibilem
626 4947 766 4988 esse.
807 4933 940 4989 Nam
979 4951 1195 5008 magnus
1236 4936 1521 5006 Dominus,
1569 4941 1784 5011 inquit,
1829 4952 1877 4996 et

271 5035 474 5095 magna
493 5022 654 5078 virtus
671 5025 782 5096 ejus
797 5067 814 5092 ,
840 5037 886 5080 et
911 5029 1260 5099 intelligentia:
1282 5032 1392 5101 ejus
1415 5048 1518 5086 non
1541 5044 1616 5087 est
1636 5051 1876 5089 numerus

269 5115 288 5182 (
316 5111 472 5170 Psal.
504 5114 620 5173 144.
653 5116 688 5171 5
709 5117 762 5186 );
790 5116 843 5172 id
868 5129 986 5187 est,
1023 5105 1256 5177 non'est
1280 5125 1707 5193 comprehensio.
1737 5126 1876 5194 Quid

239 5203 450 5259 'dicis?
474 5207 734 5291 sapientia
761 5209 861 5277 ipsi
892 5210 1166 5281 pr0phetas
1184 5215 1744 5283 incomprehensibilis
1768 5226 1871 5284 est,

266 5304 327 5349 et
352 5296 656 5352 substantia
686 5300 840 5354 nobis
868 5311 953 5357 est
980 5307 1521 5373 comprehensibilis?
1550 5323 1731 5363 annon
1761 5311 1874 5364 haec

264 5383 462 5454 aperta
488 5385 694 5446 insania
712 5391 834 5445 est?
884 5391 1200 5462 magnitudo
1239 5398 1357 5466 ejus
1377 5412 1482 5451 non
1506 5398 1667 5453 habet
1694 5404 1877 5455 termi-

267 5494 431 5546 num,
463 5489 515 5534 et
543 5488 598 5535 tu
627 5481 980 5540 substantiam
1009 5487 1125 5556 ejus
1149 5488 1588 5546 circumscribis?

338 5679 356 5749 ξ
392 5683 498 5749 91³0
521 5687 648 5749 ᾔειν
928 5685 1057 5737 enim
1078 5689 1228 5740 credo
1263 5693 1551 5749 extremam,
1568 5692 1871 5743 contendere.

334 5741 357 5771 ³
389 5740 620 5815 storelet
633 5740 837 5815 quidam
873 5755 1003 5811 uss,
1036 5749 1307 5815 ﬁgurarum
1345 5740 1612 5815 picturam,
1646 5740 1874 5805 siniiéi

271 5801 371 5863 alii,
397 5802 644 5865 parietinis
660 5801 922 5868 picturam.

1198 341 1287 396 DE
1328 339 2008 398 lNCOMl‘REllENSIBZLI
2049 341 2161 398 DEI
2199 340 2504 398 NATURA.
2549 342 2590 395 Ι.

3454 346 3560 402 7οί

2035 461 2088 514 5.
2130 460 2257 514 llmc
2283 460 2447 514 Isaias
2479 475 2691 528 quoque
2732 460 3203 529 philosOphabbtur
3229 464 3315 519 his
3341 465 3519 521 verbis
3546 482 3561 516 τ

1964 551 2347 606 Cencrationent
2364 552 2474 620 ejus
2488 551 2598 620 quis
2615 551 3030 623 enarrabit(lsai.
3049 553 3140 608 53.
3158 555 3217 624 8)
3233 555 3256 608 ?
3272 555 3387 610 Non
3402 556 3559 620 dixit,

1961 641 2091 712 Quis
2120 644 2374 698 enarrat?
2399 643 2514 709 sed,
2540 644 2667 710 Quis
2691 645 2964 710 enarrabit,
2994 657 3050 700 ut
3075 646 3312 701 futurum
3336 663 3562 716 prorsus

1963 735 2270 790 excluderet
2287 736 2326 786 ¹.
2356 734 2520 788 David
2533 734 2752 802 quidem
2773 734 2868 798 ait,
2889 735 3140 790 Mirabilts
3155 737 3293 806 facta
3307 749 3382 793 est
3396 740 3563 792 scien-

1965 825 2035 878 tia
2049 834 2134 878 tua
2150 840 2212 878 ea:
2225 840 2301 878 me
2323 821 2494 893 (Psal.
2510 823 2634 878 158.
2654 824 2732 896 6);
2751 824 3058 902 ιεειίεεινοτο
3074 841 3181 880 non
3198 840 3228 880 a
3246 827 3421 897 seipso
3443 836 3564 882 tan-

1965 925 2099 979 tum,
2131 914 2225 969 sed
2255 929 2284 967 a
2311 924 2418 968 tota
2445 914 2678 968 humana
2704 924 2890 968 natura
2916 916 3057 970 hac
3081 917 3440 970 narrationem
3472 931 3563 972 se-

1964 1005 2103 1060 cludi
2123 1006 2290 1060 ait.At
2311 1005 2586 1060 videamus
2603 1021 2729 1060 num
2749 1006 2965 1072 Paulus,
2986 1014 3170 1076 utpote
3191 1009 3450 1076 majorem
3471 1024 3565 1063 na-

1965 1106 2084 1152 ctus
2100 1098 2346 1168 gratiam,
2363 1097 2415 1151 id
2433 1097 2660 1152 novcrit.
2677 1097 2776 1150 llic
2796 1112 2927 1152 sane
2945 1106 3027 1152 est
3043 1100 3133 1167 qui
3154 1098 3304 1162 dicit,
3325 1097 3408 1152 Ea:
3420 1110 3569 1167 parte

1966 1188 2333 1258 cognoscimus,
2351 1196 2398 1240 et
2413 1204 2476 1242 ea:
2487 1197 2630 1257 parte
2644 1187 3006 1257 prapltetamus
3020 1187 3066 1260 (l
3081 1227 3095 1242 .
3114 1188 3234 1243 Cor.
3255 1190 3341 1244 1⁸5.
3361 1188 3439 1261 9).
3457 1189 3562 1244 Ne-

1966 1271 2080 1348 que
2094 1277 2182 1332 hic
2205 1285 2412 1331 tantum
2429 1319 2443 1342 ,
2469 1277 2563 1332 sed
2588 1277 2711 1333 alibi
2736 1291 2954 1347 quoque
2971 1317 2990 1343 ,
3021 1294 3127 1332 non
3151 1280 3222 1334 de
3244 1280 3568 1341 substantia.

1965 1368 2061 1423 sed
2094 1367 2162 1423 de
2201 1368 2462 1438 sapientia
2510 1368 2737 1439 loquens
2789 1368 2908 1432 illa,
2959 1383 3080 1438 qua:
3126 1368 3178 1422 in
3229 1367 3566 1438 prdvidentia

1966 1459 2311 1528 conspicitur.
2339 1458 2534 1532 nonde
2561 1458 2865 1532 univegali,
2889 1473 2992 1528 qua
3019 1458 3242 1528 angelis,
3267 1458 3566 1528 archange-

1966 1551 2032 1605 lis
2057 1563 2113 1607 et
2139 1551 2388 1620 supernis
2418 1550 2777 1606 Pmestatibus
2810 1551 3104 1620 prospicit,
3137 1550 3233 1605 sed
3265 1551 3409 1604 illam
3438 1565 3567 1620 pro-

1968 1645 2217 1699 videntia:
2246 1655 2450 1713 partem
2481 1644 2792 1713 expendens
2817 1684 2832 1710 ,
2865 1658 2968 1713 qua
3005 1642 3314 1697 hominibus
3343 1645 3396 1696 iu
3426 1653 3569 1698 terra

1969 1735 2228 1804 providet.
2259 1734 2442 1804 Neque
2473 1743 2649 1789 tamen
2676 1733 2815 1788 hanc
2841 1743 3006 1788 totam
3033 1734 3327 1796 examinat,
3354 1749 3456 1804 qua
3479 1749 3572 1788 so-

1968 1829 2072 1883 lem
2105 1827 2232 1881 oriri
2271 1826 2430 1893 facit,
2471 1842 2572 1895 qua
2599 1827 2805 1882 animas
2833 1828 3074 1896 inspirat,
3103 1842 3209 1897 qua
3235 1843 3462 1897 corpora
3488 1828 3571 1882 ef-

1967 1918 2181 1982 format,
2209 1933 2314 1987 qua
2340 1918 2586 1972 homines
2613 1918 2708 1972 alit
2738 1918 2789 1971 in
2820 1926 2982 1984 terra,
3012 1933 3115 1988 qua
3143 1917 3400 1973 mundum
3433 1934 3572 1973 cono

1969 2012 2213 2074 servat’,
2236 2027 2340 2080 qua
2385 2026 2616 2064 annuam
2679 2011 2880 2079 praebet
2913 2025 3091 2065 escam
3112 2052 3127 2076 ,
3153 2011 3248 2065 sed
3281 2010 3367 2065 his
3392 2010 3573 2065 missis

1969 2102 2237 2168 omnibus,
2267 2116 2498 2170 expensa
2539 2101 2766 2171 quadam
2805 2101 3014 2156 modica
3062 2101 3412 2170 providentia:
3452 2101 3573 2172 ejus

1971 2200 2142 2260 parte,
2184 2208 2286 2259 qua
2321 2191 2536 2247 Judzcos
2574 2192 2752 2260 ejecit,
2785 2193 3117 2262 gentilesque
3145 2195 3383 2260 recepit,
3411 2203 3465 2248 et
3503 2195 3571 2248 ad

1971 2283 2114 2336 illius
2143 2283 2314 2337 solum
2345 2284 2510 2352 partis
2529 2285 2678 2353 quasi
2709 2284 2776 2338 ad
2809 2285 3057 2338 immensi
3091 2285 3261 2354 pelagi
3292 2293 3571 2353 aspectum

1971 2374 2196 2442 caligine
2228 2375 2490 2443 repletus.
2521 2389 2585 2429 ac
2612 2375 2657 2429 si
2687 2383 2895 2428 vastum
2925 2375 3189 2444 gurgitem
3231 2375 3524 2442 inspiceret
3551 2417 3568 2438 ,

1971 2468 2147 2519 statim
2179 2467 2389 2532 resiliil,
2415 2474 2470 2522 et
2497 2482 2629 2520 voce
2656 2481 2847 2536 magna
2873 2465 3157 2519 clamavit:
3184 2465 3230 2520 0
3249 2466 3464 2519 altitudo
3493 2467 3574 2519 di-

1970 2556 2206 2609 vitiarum
2234 2557 2499 2636 sapientitc
2520 2567 2568 2610 et
2593 2558 2816 2610 scientiae
2853 2555 2984 2622 Dei,
3025 2573 3178 2626 quam
3221 2557 3571 2611 inscrutabilia

1972 2654 2089 2699 sunt
2120 2647 2325 2716 judicia
2352 2647 2461 2718 ejus
2491 2645 2685 2716 (Rom.
2719 2647 2807 2700 li.
2837 2648 2908 2701 55
2929 2647 2981 2715 )l
3014 2646 3130 2701 Non
3161 2645 3329 2709 dixit,
3362 2645 3572 2702 Incom-

1973 2737 2370 2805 prehensibilia,
2397 2736 2514 2803 sed,
2540 2735 2900 2790 Inscrutabilia
2929 2752 2946 2789 :
2971 2736 3114 2805 quod
3138 2735 3181 2790 si
3209 2737 3435 2791 scrutari
3465 2751 3570 2789 non

1977 2827 2262 2895 possimus.
2291 2828 2457 2882 multo
2484 2828 2659 2881 minus
2687 2826 3144 2897 comprehendere
3169 2841 3472 2895 possumus.
3502 2824 3573 2880 Et

1973 2916 2341 2987 investigabiles
2365 2918 2462 2970 viae
2485 2919 2614 2987 ejus.
2645 2915 2760 2972 Vite
2790 2919 2906 2986 ejus
2937 2918 3356 2987 investigabiles,
3377 2928 3432 2971 et
3457 2919 3572 2986 ipsc

1975 3008 2473 3079 comprehensibilis
2496 3053 2510 3072 .
2545 3010 2631 3063 dic
2673 3009 2848 3063 mihi?
2889 3009 3092 3080 Ecquid
3122 3010 3188 3064 de
3218 3011 3318 3076 viis
3340 3011 3576 3079 loquor!

1976 3091 2200 3156 Prmmia
2229 3103 2383 3158 nobis
2406 3104 2640 3172 reposita
2668 3105 3226 3174 incomprehensibilia
3253 3115 3411 3159 sunt:
3437 3102 3575 3159 Ocu-

1976 3192 2055 3246 lus
2084 3193 2227 3247 cnim
2254 3210 2354 3247 non
2379 3195 2525 3259 vidit,
2558 3211 2648 3248 nec
2676 3196 2815 3250 auris
2840 3195 3063 3252 audivit.
3095 3212 3186 3248 nec
3210 3196 3262 3249 in
3290 3212 3380 3248 cor
3403 3196 3571 3249 homi-

1977 3285 2054 3338 nis
2081 3286 2436 3349 ascenderunt,
2479 3303 2593 3357 qua:
2632 3289 2936 3357 praeparavit
2982 3287 3119 3342 Deus
3158 3286 3482 3358 diligentibus
3521 3305 3575 3342 se

1978 3376 2053 3444 (i.
2079 3375 2196 3430 Cor.
2227 3378 2279 3430 2.
2313 3377 2405 3447 9).
2437 3378 2542 3433 Sed
2571 3379 2768 3433 donum
2799 3378 2916 3448 ejus
2946 3379 3299 3434 inenarrabile
3328 3396 3340 3432 :
3369 3377 3576 3432 Gratias

1975 3467 2117 3522 enim
2148 3466 2254 3521 Deo
2277 3509 2293 3535 ,
2324 3469 2510 3538 inquit,
2545 3469 2608 3523 de
2632 3469 2962 3523 inenarrabili
2990 3471 3100 3542 ejus
3144 3470 3279 3523 dono
3325 3470 3344 3538 (
3370 3470 3426 3524 2.
3453 3469 3575 3524 Cor.

1975 3555 2028 3612 9.
2051 3558 2162 3623 15);
2186 3569 2259 3623 et,
2284 3557 2400 3612 Pax
2419 3561 2527 3629 ejus
2546 3570 2750 3628 superat
2769 3577 2967 3614 omnem
2982 3561 3289 3615 intellectum
3310 3560 3574 3632 (Philipp.

1977 3648 2030 3701 4.
2059 3649 2138 3718 7).
2166 3649 2301 3714 Quid
2327 3650 2427 3715 ais,
2452 3651 2648 3721 judicia
2674 3653 2793 3721 ejus
2816 3651 3201 3716 itiscrutabilia,
3228 3653 3329 3708 via:
3347 3652 3463 3722 ejus
3491 3655 3575 3709 in-

1978 3741 2316 3810 vestigabiles
2340 3783 2354 3807 ,
2403 3757 2505 3811 pax
2531 3743 2648 3811 ejus
2686 3751 2906 3814 superat
2942 3747 3158 3797 omnem
3197 3743 3525 3799 intellectum
3553 3785 3570 3809 ,

1976 3831 2173 3885 donum
2202 3832 2556 3888 inenarrabile
2579 3843 2681 3900 est,
2705 3849 2823 3904 qua:
2845 3835 3163 3905 praiparavit
3189 3835 3330 3890 Deus
3353 3835 3579 3905 diligen-

1978 3923 2119 3976 tibus
2142 3937 2219 3988 se,
2249 3923 2304 3977 in
2329 3937 2422 3977 cor
2452 3924 2685 3979 hominis
2712 3940 2817 3979 non
2844 3926 3221 3991 ascenderunt,
3246 3927 3574 3997 magnitudi-

1979 4017 2060 4070 nis
2085 4016 2201 4086 ejus
2219 4032 2325 4071 non
2348 4026 2430 4072 est
2455 4017 2598 4083 linis,
2619 4018 2913 4087 prudentiae
2933 4019 3049 4087 ejus
3067 4034 3172 4073 non
3195 4028 3278 4073 est
3299 4033 3576 4080 numerus.

1978 4109 2158 4162 omnia
2183 4109 2768 4179 incomprehensibilia,
2798 4112 2912 4180 ipse
2941 4112 3090 4164 solus
3117 4111 3577 4182 comprehensibi-

1978 4200 2083 4254 lis?
2103 4202 2286 4271 ecquis
2307 4201 2392 4257 hic
2408 4211 2492 4259 est
2516 4202 2708 4258 furoris
2725 4203 3014 4259 excessus?
3031 4204 3226 4260 Retine
3241 4205 3576 4269 bzereticum,

1980 4307 2049 4348 ne
2075 4294 2220 4347 sinas
2244 4293 2392 4351 abire
2417 4313 2430 4350 :
2454 4295 2559 4362 dic,
2583 4295 2718 4364 Quid
2742 4298 2816 4349 ait
2844 4296 3083 4351 Paulus?
3104 4296 3189 4350 Ea:
3213 4308 3359 4366 parte
3386 4313 3579 4367 cogno-

1979 4382 2188 4436 scimus.
2225 4383 2342 4438 Non
2381 4384 2452 4440 de
2496 4385 2791 4440 substantia
2814 4428 2830 4452 ,
2872 4387 3081 4457 inquit,
3113 4385 3168 4441 id
3197 4386 3359 4454 dicit,
3390 4387 3486 4442 sed
3513 4386 3581 4442 de

1979 4473 2483 4546 dispensationibus.
2497 4478 2730 4548 Optime,
2743 4479 2788 4533 si
2805 4477 2872 4533 de
2891 4479 3380 4548 dispensationibus
3399 4494 3582 4533 sermo

1981 4574 2144 4633 esset,
2177 4567 2350 4637 major
2380 4568 2536 4623 nobis
2564 4577 2776 4638 pateret
2804 4568 2870 4622 ad
2903 4569 3183 4624 victoriam
3211 4568 3420 4623 aditus:
3455 4583 3581 4624 nam

1981 4659 2025 4712 si
2050 4659 2477 4730 dispensationes
2503 4662 3072 4732 incomprehensibiles
3097 4673 3243 4729 sunt,
3270 4663 3442 4718 multo
3465 4678 3580 4717 ma-

1981 4753 2062 4823 gis
2103 4754 2217 4823 ipse
2255 4771 2268 4807 :
2309 4754 2450 4824 quod
2494 4763 2670 4809 autem
2713 4753 2803 4809 hic
2847 4770 2954 4809 non
2988 4753 3059 4810 de
3090 4753 3583 4824 dispensationibus

1983 4845 2253 4915 loquatur,
2286 4845 2380 4899 sed
2405 4845 2471 4899 de
2497 4845 2614 4916 ipso
2637 4847 2744 4900 Deo
2764 4887 2781 4913 ,
2813 4846 2936 4900 audi
2960 4861 3079 4917 qua“.
3098 4856 3417 4916 sequuntur.
3444 4845 3580 4902 Cum

1981 4937 2377 4997 enimdixisset
2399 4979 2414 5000 ,
2447 4935 2531 4991 Ea:
2558 4946 2701 5008 parte
2723 4939 3093 5010 cognoscimus,
3123 4947 3172 4993 et
3196 4954 3261 4993 ea:
3285 4948 3432 5010 parte
3458 4955 3583 5009 pro-

1984 5031 2266 5100 phetamus,
2294 5031 2492 5097 intulit,
2524 5031 2677 5087 Nunc
2701 5048 2950 5102 cognosco
2970 5048 3036 5086 ea:
3057 5041 3200 5101 parte
3221 5074 3237 5100 ,
3261 5041 3383 5085 tunc
3405 5042 3578 5086 autem

1982 5141 2280 5197 cognoscant
2305 5127 2434 5179 sicut
2463 5135 2509 5179 et
2537 5127 2770 5197 cognitus
2795 5142 2929 5181 sum.
2953 5125 2996 5180 A
3026 5140 3134 5196 quo
3153 5127 3314 5196 igitur
3331 5124 3580 5194 cognitus

1982 5218 2110 5272 est?
2150 5232 2180 5271 a
2228 5219 2338 5272 Deo
2364 5259 2382 5283 ,
2423 5233 2490 5272 an
2534 5234 2562 5271 a
2611 5217 3137 5283 dispensationibus?
3163 5219 3204 5271 A
3248 5217 3361 5272 Deo
3398 5231 3577 5272 sane:

1985 5308 2150 5363 Deum
2179 5309 2337 5378 igitur
2356 5323 2428 5364 ex
2455 5319 2606 5378 parte
2625 5310 2918 5378 cognoscit.
2963 5307 3046 5362 Ea:
3085 5317 3230 5378 parte
3253 5323 3383 5362 vero
3408 5307 3578 5373 dixit,

1983 5415 2090 5454 non
2119 5399 2260 5469 quod
2289 5399 2432 5455 aliud
2466 5415 2534 5456 ex
2577 5400 2695 5470 ejus
2739 5399 3036 5455 substantia
3072 5408 3398 5469 cognoscat,
3429 5397 3576 5454 aliud

1985 5494 2193 5563 ignoret
2219 5492 2238 5564 (
2265 5493 2406 5548 Deus
2424 5493 2570 5549 enim
2596 5494 2822 5564 simplex
2845 5491 2968 5568 est)
2993 5509 3010 5560 ;
3054 5493 3149 5549 sed
3187 5491 3330 5564 quod
3361 5489 3579 5564 quidem

2045 5734 2064 5767 ί
2099 5732 2205 5792 Alii,
2222 5733 2332 5784 vids
2356 5737 2589 5795 quonwdo
2614 5739 2832 5786 tatarum
2855 5733 3210 5814 narrationem
3231 5733 3516 5785 excluserit.

2047 5820 2067 5851 ι
2103 5825 2236 5875 unus
2251 5819 2420 5880 habet,
2446 5819 2582 5883 regit.
