4198 6324
666 377 770 434 ῚΟἹ

667 496 799 549 sciat
839 494 1002 550 Deum
1034 511 1188 564 esse,
1218 495 1342 566 quid
1365 495 1750 566 antem‘quoad
1799 496 2150 550 substantiam
2195 496 2264 550 sit

668 595 879 655 ignoret
901 605 914 642 :
938 586 1245 656 Sapientem
1271 603 1392 642 esse
1415 589 1534 651 scil,
1553 587 1648 642 sed
1673 597 1928 656 quantum
1955 588 2023 641 sit
2050 588 2281 655 sapiens.

669 677 840 732 nescit
879 695 893 733 :
941 694 1189 748 magnum
1234 694 1354 734 esse
1403 694 1508 732 non
1555 680 1763 748 ignorat
1791 719 1804 739 ,
1841 667 2096 748 quantum
2139 692 2264 730 vero

670 785 891 839 magnus
912 810 926 834 ,
954 780 1009 824 et
1047 781 1240 839 quanta
1270 771 1338 823 sit
1376 770 1492 839 ejus
1531 769 1838 839 magnitudo
1871 768 2038 822 nescit
2066 785 2081 821 :
2123 767 2263 835 quod

668 862 865 932 ubique
903 867 972 916 sit
1017 865 1186 937 novit,
1226 879 1332 933 quo
1383 871 1537 933 pacto
1602 871 1780 916 autem
1808 902 1822 928 ,
1879 861 2087 915 nescit:
2123 860 2264 929 quod

675 953 970 1021 provideat,
997 954 1140 1024 quod
1166 955 1342 1007 omnia
1365 954 1633 1008 contineat
1662 962 1716 1006 et
1748 963 1993 1007 accurate
2022 939 2201 1006 servet
2221 954 2261 1016 ί,

670 1063 774 1100 non
817 1049 1023 1108 nescit;
1063 1063 1172 1117 quo
1197 1057 1375 1102 autem
1405 1047 1565 1100 modo
1612 1047 1662 1100 id
1693 1046 1846 1099 faciat
1873 1087 1888 1111 ,
1920 1045 2109 1098 nescit.
2139 1043 2264 1097 Ideo

672 1138 922 1204 dicebat,
980 1138 1060 1192 Ea:
1094 1150 1239 1208 parte
1275 1141 1644 1207 cognoscimus,
1692 1148 1734 1192 et
1758 1155 1822 1191 ea:
1864 1147 2009 1207 parte
2039 1135 2263 1206 prophe-

675 1240 856 1282 lamus.

741 1324 795 1376 6.
839 1323 1089 1393 Snpernis
1119 1324 1270 1376 etiam
1323 1321 1601 1377 Virtutibus
1640 1321 2160 1393 incomprehensibilis
2196 1328 2268 1374 est

676 1414 832 1468 Deus.
866 1445 934 1456 —
961 1415 1176 1480 Verum,
1205 1416 1247 1470 si
1284 1415 1475 1485 placet,
1520 1416 1741 1469 dimisso
1765 1415 1928 1469 Paulo
1957 1425 2115 1483 atque
2143 1429 2266 1483 pro-

674 1507 884 1574 phetis,
923 1507 1275 1561 ascendamns
1301 1508 1351 1560 in
1381 1507 1549 1562 caelos
1589 1523 1602 1559 :
1645 1523 1709 1559 an
1750 1506 1883 1560 forte
1920 1506 2154 1574 quipiam
2196 1504 2266 1557 ibi

673 1597 781 1650 sint
814 1596 904 1663 qui
936 1596 1026 1649 Dei
1059 1597 1407 1650 substantiam
1440 1597 1613 1649 norint
1641 1613 1654 1659 ;
1698 1596 1820 1649 licet
1859 1595 1902 1647 si
1941 1597 2030 1663 qui
2063 1591 2133 1647 ibi
2162 1594 2268 1646 sint

671 1689 759 1756 qui
784 1688 981 1753 norint,
1003 1690 1130 1741 nihil
1162 1704 1444 1744 commune
1475 1689 1748 1742 nobiscum
1769 1688 1965 1742 habent
1986 1706 1998 1741 :
2019 1702 2266 1756 magnum

673 1778 821 1831 enim'
842 1779 1127 1832 discrimen
1159 1780 1378 1848 angelos
1406 1779 1543 1832 inter
1581 1789 1635 1832 et
1675 1777 1938 1832 homines.
1971 1778 2170 1832 Verum
2213 1788 2269 1831 ut

673 1885 738 1922 ex
776 1869 1065 1923 abundanti
1092 1870 1287 1934 discas,
1322 1870 1522 1923 nullam
1556 1870 1625 1923 ibi
1655 1878 1884 1924 creatam
1911 1870 2171 1924 Virtutem
2215 1869 2266 1922 id

674 1976 830 2015 nosse
861 2002 875 2025 ,
925 1962 1068 2029 ipsos
1095 1963 1371 2017 audiamus
1416 1963 1656 2030 angelos.
1688 1962 1823 2028 Quid
1873 1961 2076 2030 igitur?
2106 1977 2173 2014 an
2202 1960 2270 2014 de

673 2051 970 2105 substantia
999 2052 1086 2106 illa
1106 2053 1172 2106 ibi
1198 2053 1487 2116 disserunt,
1512 2062 1564 2106 et
1589 2054 1936 2121 qumstionem
1964 2053 2268 2105 mutuo’ha-

676 2143 846 2196 bent?
871 2142 1120 2215 Minime;
1150 2143 1242 2197 sed
1268 2142 1428 2212 quid?
1455 2143 1783 2206 Glorilicant,
1813 2144 2057 2208 adorant,
2081 2144 2271 2197 trium-

677 2233 852 2302 phalia
875 2243 927 2288 et
958 2235 1178 2304 mystica
1207 2237 1410 2288 cantica
1457 2247 1714 2305 perpetuo
1742 2245 1794 2290 et
1819 2250 1938 2289 cum
1969 2235 2135 2288 multo
2161 2246 2269 2287 Ire-

677 2334 824 2377 more
857 2315 1106 2377 emittunt
1139 2342 1150 2376 :
1183 2333 1235 2378 et
1269 2326 1356 2379 alii
1384 2328 1598 2395 quidem
1639 2326 1859 2391 dicunt,
1904 2324 2081 2378 Gloria
2108 2326 2160 2377 in
2189 2328 2269 2377 ηι-

677 2414 880 2467 tissimis
906 2413 1016 2468 Deo
1048 2414 1210 2484 (Luc.
1233 2417 1288 2468 ‘2.
1325 2418 1430 2487 14)
1461 2433 1475 2481 ;
1508 2417 1788 2487 Seraphim
1813 2432 1940 2472 vero
1966 2459 1980 2483 ,
2015 2417 2234 2471 Sanctus
2257 2458 2269 2481 ,

675 2516 899 2572 sanctus,
923 2519 1125 2561 sanctus
1160 2508 1326 2578 (lsai.
1353 2511 1406 2562 6.
1435 2511 1469 2564 5
1497 2508 1540 2581 ),
1570 2519 1623 2563 et
1649 2511 1831 2563 oculos
1860 2518 2126 2576 avertunt,
2149 2525 2270 2562 cum

682 2598 771 2652 Dei
805 2599 944 2653 illam
973 2603 1473 2670 attemperationem
1505 2619 1571 2657 ne
1602 2603 1744 2658 ferre
1774 2603 1988 2672 quidem
2018 2604 2229 2656 valeant
2256 2620 2268 2667 ;

674 2687 961 2744 Cherubim
1001 2703 1180 2746 autem
1205 2735 1220 2758 ,
1258 2693 1532 2748 Benedicta
1566 2695 1730 2765 gloria
1772 2696 1882 2764 ejus
1930 2711 1992 2748 ea:
2032 2695 2139 2748 loco
2166 2695 2274 2764 ejus

676 2781 694 2851 (
725 2781 909 2836 Ezech.
943 2784 995 2838 5.
1025 2784 1091 2839 12
1115 2784 1156 2855 ).
1185 2785 1299 2839 Νοη
1341 2787 1481 2855 quod
1521 2788 1640 2841 loco
1667 2803 1800 2855 Opus
1829 2789 1899 2840 sit
1929 2788 2056 2851 Deo,
2086 2788 2224 2842 absit
2257 2805 2270 2852 ;

676 2873 771 2929 sed
800 2885 853 2928 ut
876 2874 1109 2931 humano
1137 2893 1286 2932 more
1312 2879 1574 2945 dicamus,
1598 2880 1915 2950 ubicumque
1944 2882 2034 2945 sit,
2059 2891 2111 2936 et
2142 2898 2271 2952 quo-

677 2965 1067 3037 modocumque
1095 2970 1164 3022 sit
1192 2986 1205 3022 :
1237 2969 1279 3022 si
1311 2979 1484 3022 tamen
1511 2970 1638 3024 illud
1660 2970 1726 3025 de
1750 2972 1857 3025 Deo
1887 2980 2000 3026 tuto
2023 2973 2124 3026 dici
2151 2991 2273 3042 pos-

678 3058 748 3110 sit
777 3056 1134 3123 ,humanam
1176 3061 1371 3129 quippe
1420 3061 1654 3131 linguam
1712 3061 1990 3118 habemus.
2020 3059 2276 3116 Vidistin’

678 3157 908 3216 quantus
936 3149 1099 3204 timor
1126 3152 1176 3204 in
1207 3153 1372 3215 caelis,
1402 3163 1631 3221 quantus
1656 3166 1992 3223 contemptus
2013 3156 2064 3209 in
2094 3156 2273 3210 terra?

678 3239 754 3294 Illi
787 3242 1089 3310 glorificant
1111 3285 1126 3309 ,
1169 3244 1220 3296 hi
1248 3246 1458 3300 curiose
1486 3246 1758 3316 inquirunt
1785 3265 1799 3309 ;
1828 3248 2046 3303 laudant
2075 3249 2146 3302 illi
2173 3291 2187 3314 ,
2221 3250 2269 3301 hi

676 3334 868 3386 multas
899 3345 1114 3390 movent
1156 3339 1481 3406 quaestiones
1502 3341 1556 3402 ¹;
1584 3340 1657 3392 illi
1692 3340 1872 3393 oculos
1899 3341 2154 3409 ohtegunt
2175 3383 2189 3404 ,
2222 3340 2272 3394 hi

677 3424 731 3477 in
759 3423 980 3492 gloriam
1010 3425 1418 3480 inenarrabilem
1444 3428 1707 3497 inspicere
1731 3429 2067 3497 impudenter
2083 3445 2274 3485 conan-

678 3523 784 3567 tur.
825 3515 953 3579 Quis
996 3532 1102 3569 non
1153 3519 1510 3587 ingemuerit?
1539 3521 1658 3589 quis
1699 3537 1802 3574 non
1852 3523 2042 3576 luxerit
2088 3538 2272 3578 eorum

679 3603 941 3658 insaniam
965 3617 1366 3678 extremamque
1391 3612 1676 3664 amentiam
1696 3613 1719 3666 ?
1738 3611 1993 3667 Volebam
2019 3629 2131 3668 rem
2155 3631 2276 3684 pro—

678 3694 836 3750 lixius
871 3713 1031 3766 agere
1062 3716 1073 3751 :
1107 3699 1202 3753 sed
1227 3701 1441 3769 quando
1485 3717 1625 3756 nunc
1667 3705 1894 3772 primum
1926 3703 1980 3757 in
2013 3705 2126 3758 haec
2153 3721 2272 3759 cer-

678 3789 876 3843 tamina
914 3789 1166 3846 descendi
1193 3832 1208 3857 ,
1247 3809 1278 3846 e
1321 3809 1379 3847 re
1414 3795 1566 3848 vobis
1596 3793 1709 3862 fpre
1740 3804 1866 3864 puto
1898 3796 1940 3849 si
1983 3797 2275 3866 praemissis

674 3880 911 3935 coiitenti
958 3882 1073 3935 sitis
1095 3924 1108 3947 ,
1150 3899 1216 3936 ne
1246 3898 1430 3938 eorum
1460 3901 1578 3954 quae
1603 3886 1826 3940 dicenda
1866 3897 2152 3956 supersunt
2179 3904 2273 3942 co-

676 3969 764 4040 pia
785 4011 799 4036 ,
833 3973 1003 4025 nmlto
1031 3973 1228 4043 impetu
1256 3976 1550 4030 succedens
1579 4018 1593 4039 ,
1621 3993 1805 4030 eorum
1840 3979 2150 4032 memoriam
2176 3979 2274 4034 de—

679 4061 871 4116 trahat.
906 4062 1071 4117 Plane
1096 4105 1110 4130 ,
1151 4065 1194 4118 si
1225 4066 1364 4119 Deus
1395 4069 1697 4134 permiserit
1723 4110 1736 4131 ,
1769 4071 1868 4122 hoc
1898 4081 2271 4138 argumentum

676 4150 769 4204 diu
801 4154 1164 4210 tractabimus.
1191 4155 1450 4225 Equidem
1473 4158 1580 4228 jam
1614 4160 1815 4226 pridem
1842 4162 1993 4215 vobis
2021 4165 2117 4215 hos
2144 4178 2275 4217 con-

679 4243 818 4297 ferre
867 4259 1144 4301 sermones
1197 4248 1473 4315 cupiebam
1508 4292 1522 4316 ,
1575 4251 1668 4305 sed
1709 4254 2005 4312 .cunctabar
2053 4264 2107 4307 et
2156 4270 2276 4322 pro-

677 4335 1032 4390 crastinabam
1055 4382 1068 4403 ,
1099 4339 1220 4408 quia
1253 4342 1448 4395 multos
1475 4358 1539 4396 eo
1561 4344 1748 4397 morbo
1776 4344 2080 4399 lahorantes
2128 4347 2275 4399 vide-

678 4428 798 4481 bam
854 4431 1006 4484 nobis
1049 4446 1170 4484 cum
1215 4416 1483 4502 voluptate
1532 4451 1689 4488 aures
1730 4436 1968 4504 praebere
2004 4454 2017 4490 :
2051 4453 2276 4508 cmnque

679 4521 875 4574 nollem
904 4521 1141 4590 prmdam
1165 4523 1398 4593 abigere,
1428 4525 1642 4579 interim
1676 4527 1907 4597 linguam
1936 4530 2003 4581 ab
2031 4528 2110 4582 his
2141 4545 2274 4583 con-

675 4611 1058 4668 certationibus
1085 4618 1420 4679 cocrcebam,
1448 4629 1505 4671 ut
1530 4633 1649 4672 cum
1692 4619 1811 4673 illos
1841 4619 2043 4674 firmius
2065 4620 2274 4673 detine-

675 4720 812 4772 rem,
838 4715 961 4760 tunc
991 4707 1042 4760 in
1066 4722 1282 4761 arenam
1307 4710 1710 4765 descenderem.
1741 4713 2002 4777 Quoniam
2029 4727 2156 4766 vero
2182 4728 2284 4781 per-

677 4795 772 4851 bei
793 4798 1014 4866 gratiam
1047 4798 1165 4852 illos
1186 4800 1362 4853 audivi
1391 4800 1684 4868 hortantes,
1711 4811 1766 4856 ut
1794 4803 1844 4855 in
1877 4804 1977 4856 hoc
2003 4813 2272 4858 certamen

677 4887 1058 4944 descenderem
1084 4930 1098 4953 ,
1125 4904 1212 4944 mc
1241 4891 1455 4945 deruunt
1487 4892 1657 4946 fidens
1683 4893 1748 4946 ad
1784 4909 2010 4962 pugnam
2043 4895 2270 4957 accinxi,

675 4997 929 5052 armaque
973 4983 1169 5050 arripui
1214 4984 1321 5048 illa,
1355 5000 1473 5054 quae
1496 4994 1726 5055 purgant
1772 4988 2033 5040 rationem
2058 4995 2111 5039 et
2153 5002 2273 5038 om-

679 5088 801 5127 nem
843 5073 1218 5140 eelsitndinbm
1269 5092 1388 5145 quae
1447 5077 1720 5130 extollitur
1761 5088 1945 5130 contra
1993 5078 2271 5130 scientiam

681 5165 796 5219 Dei.
824 5165 947 5220 llaec
968 5181 1130 5234 porro
1154 5169 1416 5236 assumpsi
1442 5184 1610 5234 arma,
1631 5184 1733 5223 non
1759 5179 1814 5222 ut
1840 5169 2056 5223 ferirem
2081 5169 2274 5222 adver-

675 5258 846 5312 sarios
878 5301 892 5324 ,
937 5260 1032 5315 sed
1073 5272 1130 5314 ut
1173 5263 1415 5330 jacentes
1456 5264 1736 5332 erigerem.
1795 5263 1920 5318 Hmc
1964 5274 2045 5318 est
2095 5273 2271 5318 autem

661 5363 945 5422 armorum
977 5351 1278 5422 hujusmodi
1311 5355 1388 5407 vis
1415 5395 1428 5417 ,
1459 5363 1514 5407 ut
1540 5355 1904 5408 contentiosos
1936 5353 2151 5419 feriant,
2181 5369 2273 5408 eos

675 5457 805 5498 vero
850 5443 939 5516 qui
984 5442 1252 5501 benevolo
1301 5445 1525 5500 audiunt
1577 5447 1755 5501 animo
1799 5461 1922 5501 cum
1969 5445 2137 5500 multa
2188 5447 2271 5501 di-

743 5623 757 5688 f
797 5620 900 5688 Ahi,
929 5635 1094 5688 secure
1117 5632 1272 5688 regat.

722 5686 757 5750 θ’
793 5685 885 5753 “sic
905 5686 1044 5753 savll.
1073 5693 1125 5737 et
1146 5685 1352 5753 maxima
1373 5699 1492 5753 pars
1525 5693 1630 5738 Mss.
1657 5686 1818 5738 Morel.
1847 5694 1899 5738 et
1941 5687 2134 5753 quidam
2156 5687 2273 5753 alii.

679 5740 732 5793 hi
756 5740 1077 5814 rilipendunt.
1099 5757 1167 5814 At
1196 5749 1276 5799 hic
1315 5740 1580 5813 legendum
1606 5765 1738 5811 esse,
1761 5740 1973 5801 morent‘
1994 5740 2278 5814 questions

671 5812 861 5870 multas,
892 5823 954 5859 ex
981 5812 1113 5860 serie
1139 5810 1308 5875 liquet.

1377 383 1436 438 S.
1477 380 1759 438 JOANNIS
1793 376 2268 436 CllBYSOSTOMl
2308 378 2626 437 ARCHIEP.
2667 383 3207 442 CONSTANTINOP.

3863 383 3972 445 708

2372 493 2586 564 ligentia
2629 507 2818 552 curent
2851 515 2863 550 :
2893 499 3116 554 vulnera
3169 515 3273 556 non
3320 500 3582 572 inﬂigunt,
3635 501 3729 560 sed
3754 516 3970 556 curant.

2444 586 2495 640 7.
2529 586 2602 639 Ne
2634 586 2793 657 igitur
2817 588 3071 644 adversus
3102 591 3220 645 illos
3247 590 3587 657 ferociamus,
3617 609 3683 646 ne
3709 607 3832 646 cum
3866 591 3962 645 t‘u-

2371 692 2492 730 rore
2520 677 2639 730 illos
2667 679 3004 744 adoriamur,
3038 681 3131 734 sed
3165 683 3408 737 modeste
3433 698 3555 737 cum
3589 684 3693 737 illis
3728 683 3970 736 dissera-

2373 782 2490 819 mus
2516 784 2527 818 :
2559 768 2690 821 nihil
2721 756 2916 839 quippe
2947 773 3206 827 modestia
3235 781 3289 827 et
3309 775 3719 829 mansuetudine
3743 774 3976 827 validius

2371 866 2472 912 est.
2503 858 2858 924 Quamobrem
2888 863 3078 916 Paulus
3100 878 3221 917 cum
3248 864 3413 917 multo
3435 866 3613 919 studio
3643 867 3757 920 hzcc
3781 866 3975 920 obser-

2371 964 2497 1003 vare
2536 949 2688 1018 jubet
2735 951 2818 1005 his
2847 954 3057 1018 verbis,
3092 955 3307 1008 Servum
3350 955 3557 1009 Domini
3596 973 3697 1009 non
3743 973 3979 1026 pugnare

2374 1053 2588 1110 Oportet,
2609 1046 2696 1098 sed
2715 1057 3030 1100 mansuetum
3058 1064 3163 1103 esse
3182 1067 3304 1119 erga
3325 1067 3496 1104 omnes
3524 1049 3599 1120 (2.
3619 1049 3755 1103 Tim.
3774 1050 3826 1106 Ξ.
3848 1050 3951 1119 Ἡ)
3966 1082 3979 1099 .

2371 1132 2487 1187 Non
2531 1136 2658 1189 dixit
2683 1177 2697 1200 ,
2733 1137 2869 1207 Erga
2916 1138 3110 1194 fratres
3154 1151 3390 1206 tantum,
3435 1140 3528 1194 sed
3553 1181 3568 1204 ,
3603 1139 3742 1210 Erga
3773 1157 3976 1194 omnes.

2373 1229 2450 1279 Ac
2489 1241 2706 1303 rursus,
2742 1227 2994 1282 Modestiu
3038 1239 3201 1283 vestra
3240 1218 3358 1282 nota
3403 1232 3466 1283 sit
3499 1230 3765 1301 (Philipp.
3790 1232 3843 1284 4.
3877 1231 3977 1301 5),

2375 1332 2480 1369 non
2513 1316 2784 1385 fratribus,
2820 1321 2913 1374 sed
2943 1321 3170 1373 omnibus
3198 1321 3504 1374 hominibus.
3538 1320 3668 1387 Qua:
3695 1321 3837 1375 enim
3867 1321 3979 1375 uti-

2379 1412 2498 1466 litas
2538 1422 2621 1465 est
2650 1453 2664 1475 ,
2709 1413 2935 1480 iuquit‘,
2979 1415 3021 1466 si
3054 1428 3149 1467 eos
3189 1414 3423 1482 diligitis,
3458 1417 3548 1482 qui
3577 1428 3674 1468 vos
3703 1413 3978 1479 diligunt?

2377 1501 2432 1556 Si
2462 1503 2639 1572 itaque
2668 1503 2913 1557 amicitiae
2944 1519 3130 1558 eorum
3162 1503 3486 1558 detrimento
3514 1505 3639 1570 sint,
3671 1513 3725 1559 et
3761 1505 3826 1557 ad
3875 1505 3978 1557 im-

2376 1593 2587 1661 pietatis
2613 1595 2919 1658 societatem
2949 1595 3281 1662 pertrahant,
3313 1594 3437 1649 licet
3463 1595 3538 1647 illi
3571 1603 3816 1663 parentes
3842 1595 3976 1658 sint,

2377 1684 2580 1738 resilias
2600 1693 2848 1752 Oportet;
2879 1686 2922 1737 si
2946 1685 3131 1738 oeulus
3149 1686 3238 1749 sit,
3263 1701 3390 1739 erue
3418 1685 3586 1738 illum.
3621 1685 3682 1739 Si
3703 1687 3871 1749 enim,
3892 1686 3979 1738 in—

2375 1775 2699 1844 quit,oculus
2728 1784 2842 1827 tuus
2870 1774 3043 1828 dexter
3070 1776 3385 1828 scandalizat
3417 1786 3483 1837 te,
3504 1772 3975 1842 erneeumﬂlatth.

2378 1867 2429 1919 5.
2455 1864 2584 1933 29):
2618 1880 2720 1918 non
2759 1865 2808 1918 id
2847 1864 2913 1919 de
2941 1880 3166 1933 corpore
3188 1865 3370 1919 dicens
3403 1884 3416 1918 :
3452 1880 3559 1933 quo
3595 1874 3751 1935 pacto
3786 1868 3930 1919 enim
3955 1868 3979 1917 τ

2377 1955 2506 2008 Nam
2526 1957 2567 2008 si
2588 1957 2636 2008 id
2658 1956 2724 2009 de
2743 1957 2984 2024 corporis
3007 1966 3191 2010 natura
3211 1957 3452 2019 dixisset,
3472 1958 3673 2011 crimen
3695 1957 3745 2010 in
3766 1969 3976 2010 natura:

2376 2044 2715 2101 Conditorem
2743 2048 3154 2101 transferretur:
3184 2049 3315 2102 alias
3338 2065 3440 2100 non
3463 2064 3628 2102 unum
3663 2050 3776 2102 erui
3807 2063 3980 2117 opor-

2385 2148 2562 2192 teret:
2595 2139 2719 2191 licet
2761 2141 2902 2192 enim
2948 2140 3164 2193 sinister
3208 2140 3628 2210 relinqueretur,
3671 2141 3782 2208 pari
3815 2139 3983 2194 modo

2379 2231 2472 2284 ille
2516 2231 2785 2286 hominem
2831 2232 3240 2286 scandalizaret.
3290 2233 3395 2286 Sed
3438 2242 3494 2286 ut
3537 2233 3714 2287 discas
3758 2248 3866 2286 non
3911 2233 3982 2286 de

2379 2322 2535 2374 oculo
2582 2337 2882 2376 sermonem
2915 2339 3032 2376 esse
3053 2363 3068 2387 ,
3102 2323 3348 2377 dextrum
3380 2323 3607 2392 adjecit,
3649 2338 3756 2393 quo
3796 2333 3984 2378 osteno

2381 2411 2553 2475 deret,
2587 2422 2644 2466 ut
2672 2413 2716 2466 si
2744 2414 2974 2467 amicum
3005 2416 3310 2484 quempiam
3343 2415 3481 2468 oculi
3519 2414 3692 2467 dextri
3734 2414 3856 2467 loco
3887 2414 3985 2467 ha-

2382 2503 2506 2556 beas
2529 2545 2542 2568 ,
2570 2503 2626 2557 et
2658 2501 2798 2557 hunc
2825 2505 3005 2572 cjicias
3031 2514 3086 2558 et
3121 2505 3187 2557 ab
3214 2503 3447 2558 amicitia
3482 2513 3567 2557 tua
3596 2504 3901 2566 exscindas,
3934 2505 3985 2557 si

2380 2605 2432 2650 te
2474 2595 2815 2649 scandalizet.
2867 2596 3004 2664 Quid
3048 2598 3190 2651 enim
3230 2595 3382 2665 juvat
3424 2597 3638 2658 oculum
3682 2594 3885 2650 habere
3928 2595 3988 2649 in

2383 2690 2671 2758 perniciem
2706 2689 2894 2759 reliqui
2943 2688 3229 2758 corporis?
3273 2688 3329 2742 Si
3372 2689 3546 2758 itaque
3590 2687 3840 2742 amicitia:
3883 2702 3989 2741 no-

2379 2791 2568 2848 ceant,
2602 2782 2866 2851 fugiamus
2893 2790 2947 2837 et
2977 2783 3312 2846 resiliamus;
3360 2781 3441 2834 sin
3475 2780 3629 2834 nobis
3658 2780 3722 2833 ad
3766 2780 3989 2849 pietatis

2379 2874 2641 2926 rationem
2674 2874 2875 2927 nullum
2899 2873 3151 2926 damnum
3183 2872 3439 2935 inferant,
3471 2872 3618 2940 ipsos
3648 2872 3712 2924 ad
3741 2886 3838 2924 nos
3865 2871 3992 2925 alli-

2382 2966 2585 3018 ciamus
2615 2974 2671 3019 et
2703 2964 3107 3033 pertrahamus;
3137 2964 3278 3033 quod
3307 2963 3351 3016 si
3379 2964 3510 3016 nihil
3542 2963 3691 3016 illum
3715 2961 3906 3030 juves,
3930 2971 3990 3016 et

2382 3059 2449 3111 ab
2495 3061 2609 3128 ipso
2650 3059 2862 3113 hedaris
2889 3100 2902 3123 ,
2946 3058 2999 3111 id
3046 3058 3178 3111 lucri
3219 3056 3421 3111 referas
3459 3065 3518 3109 ut
3564 3071 3657 3125 per
3687 3055 3989 3109 sectionem

2381 3151 2498 3203 sine
2539 3149 2747 3217 jactura
2790 3163 3022 3202 maneas.
3076 3147 3142 3201 Et
3187 3148 3306 3217 fuge
3352 3148 3561 3200 illorutn
3608 3145 3905 3210 amicitias,
3942 3147 3990 3198 si

2381 3253 2611 3298 noceant
2641 3260 2652 3296 :
2686 3243 2803 3310 fuge
2834 3251 3068 3307 tantum,
3099 3255 3195 3294 nec
3225 3255 3447 3308 pugnes,
3470 3253 3642 3308 neque
3669 3248 3989 3299 concertes;

2382 3337 2459 3388 sic
2491 3334 2686 3388 Paulus
2732 3318 2915 3387 menct
2961 3332 3042 3385 his
3073 3332 3252 3386 verbis
3285 3351 3298 3384 :
3332 3332 3392 3385 Si
3435 3331 3672 3400 possibile
3697 3339 3770 3383 est
3795 3371 3808 3394 ,
3847 3330 3993 3398 quod

2381 3442 2444 3479 ex
2473 3427 2609 3479 vobis
2640 3436 2744 3489 est,
2789 3441 2903 3477 cum
2947 3423 3178 3477 omnibus
3217 3423 3504 3474 hominibus
3537 3438 3714 3492 pacem
3743 3422 3993 3475 habentes

2386 3516 2560 3586 (Rom.
2592 3515 2680 3570 12.
2716 3516 2827 3584 18).
2871 3515 3069 3570 Servus
3099 3531 3158 3570 es
3186 3515 3278 3569 Dei
3322 3516 3465 3583 pacis
3498 3531 3510 3566 :
3547 3514 3637 3568 ille
3666 3514 3752 3582 qui
3782 3513 3990 3567 daemo-

2383 3623 2479 3662 nes
2506 3608 2756 3676 ejiciebat
2781 3616 2833 3660 et
2863 3609 3143 3661 innumera
3171 3607 3493 3676 operabatur
3522 3606 3680 3667 bona,
3708 3620 3831 3658 cum
3861 3620 3991 3658 eum

2381 3701 2766 3755 dmmoniaenm
2810 3701 3174 3770 appellarent,
3224 3716 3331 3753 non
3377 3699 3577 3753 fulmen
3619 3697 3834 3762 emisit.
3877 3714 3991 3751 non

2381 3793 2773 3846 conviciatores
2799 3793 3083 3855 contrivit,
3112 3807 3220 3844 non
3246 3791 3478 3860 linguam
3506 3791 3649 3844 illam
3688 3790 3992 3844 combussit

2384 3899 2551 3953 usque
2573 3885 2708 3938 adeo
2723 3884 3100 3953 impudentem
3122 3897 3176 3937 et
3203 3883 3485 3952 ingratam,
3509 3881 3634 3936 licet
3661 3881 3777 3935 hLec
3803 3882 3988 3935 omnia

2383 3979 2557 4032 facere
2578 3986 2788 4046 posset;
2813 3977 2905 4030 sed
2928 3978 3322 4030 accusationem
3346 3976 3515 4029 solum
3538 3974 3745 4042 depulit
3765 3974 3990 4028 dicens:

2383 4070 2495 4140 Ego
2527 4070 2829 4137 dwntonium
2857 4085 2955 4121 non
2987 4068 3165 4131 habeo,
3195 4067 3282 4120 sed
3311 4067 3590 4133 honoriﬁco
3617 4082 3728 4118 eum
3749 4105 3763 4128 ,
3791 4066 3878 4132 qui
3909 4082 3994 4118 me

2382 4163 2515 4215 misit
2539 4160 2714 4232 (Jonn.
2737 4143 2789 4215 8.1
2813 4160 2926 4227 49).
2955 4159 3087 4212 Cum
3112 4169 3287 4212 autent
3317 4173 3501 4212 servus
3533 4157 3797 4228 p0ntilicis
3825 4157 3982 4209 illum

2383 4256 2664 4324 percussit,
2690 4253 2814 4320 quid
2839 4253 2954 4304 ait?
2988 4252 3047 4306 Si
3071 4251 3201 4303 male
3226 4251 3460 4319 loquutus
3481 4266 3614 4314 sum,
3642 4250 3989 4302 testimonium

2385 4345 2588 4414 perhibe
2635 4344 2698 4396 de
2727 4343 2897 4408 malo;
2930 4343 2972 4395 si
3000 4353 3167 4408 autem
3195 4342 3316 4393 bene
3336 4383 3349 4404 ,
3381 4341 3503 4410 quid
3536 4359 3614 4394 me
3631 4336 3984 4407 cmdionan.

2385 4440 2468 4491 ts.
2500 4436 2633 4507 25)?
2670 4435 2819 4500 Quod
2850 4437 2892 4487 si
2927 4436 3182 4487 Dominus
3212 4433 3522 4501 angelorum
3554 4446 3612 4484 se
3642 4440 3861 4484 excusat
3883 4471 3897 4488 .
3931 4441 3990 4485 et

2383 4531 2644 4584 rationem
2674 4529 2871 4582 fanmlo
2903 4527 3111 4592 reddit,
3153 4543 3258 4578 non
3287 4541 3423 4594 opus
3451 4527 3694 4591 oratione
3728 4523 3984 4592 longiori.

2386 4625 2507 4677 "(BC
2535 4626 2708 4676 solum
2740 4622 2898 4675 verba
2933 4631 3111 4674 mente
3139 4619 3360 4672 revolve
3381 4659 3394 4680 ,
3432 4632 3496 4669 ac
3524 4603 3833 4685 frequenter
3863 4632 3988 4670 me-

2381 4715 2587 4777 ditare,
2629 4723 2682 4767 et
2725 4713 2850 4766 dic:
2888 4712 2949 4766 Si
2995 4713 3127 4763 male
3170 4712 3403 4775 loquutus
3447 4725 3592 4771 sum,
3641 4707 3989 4760 testimonium

2382 4806 2582 4876 perhibe
2623 4805 2685 4858 de
2725 4805 2897 4870 malo;
2929 4805 3166 4856 siautem
3221 4802 3377 4866 bene,
3418 4801 3540 4870 quid
3567 4817 3644 4853 me
3684 4799 3884 4853 cwdis?
3923 4801 3992 4854 Et

2379 4899 2552 4968 cogita
2580 4899 2695 4966 quis
2721 4899 2984 4966 loquatur,
3014 4895 3078 4948 ad
3107 4910 3263 4963 quem
3292 4894 3636 4960 loquatur,et
3663 4906 3767 4960 qua
3795 4890 3861 4944 de
3887 4905 3986 4954 re;

2381 4999 2642 5060 eruntque
2681 4989 2774 5042 tibi
2803 4988 2959 5042 verba
2996 4986 3181 5040 istbtec
3209 4985 3445 5040 divinum
3474 4981 3745 5051 quoddam
3773 4990 3991 5051 etper-

2383 5095 2596 5151 pctuum
2625 5082 2913 5142 canticum,
2957 5088 3116 5146 atque
3142 5091 3354 5129 omnem
3390 5073 3553 5126 animi
3593 5083 3852 5126 tumorem
3887 5085 3989 5126 se-

2381 5174 2507 5227 dare
2551 5179 2802 5241 poterunt
2843 5187 2857 5223 :
2889 5169 3062 5238 cogita
3093 5167 3404 5235 dignitatem
3437 5163 3588 5234 ejus,
3631 5163 3719 5232 qui
3751 5159 3982 5222 affectus

2381 5275 2460 5318 est
2490 5264 2808 5318 contumelia
2829 5304 2844 5328 ,
2880 5260 3125 5315 laedentis
3153 5259 3409 5312 vilitatem
3431 5299 3446 5322 ,
3489 5255 3826 5310 contumelia:
3856 5269 3989 5323 gra-

2381 5360 2621 5411 vitatem.
2672 5356 2787 5410 Non
2831 5354 2973 5409 enim
3021 5350 3341 5406 contumelia
3389 5348 3569 5403 affecit
3609 5353 3855 5410 tantum,
3886 5347 3990 5399 sed

2381 5451 2676 5520 percussit;
2709 5465 2813 5501 non
2838 5446 3102 5518 percussit
3126 5453 3352 5510 tantum,
3376 5442 3472 5497 sed
3493 5450 3547 5496 et
3572 5441 3779 5509 alapam
3803 5435 3986 5492 dedit:

2381 5539 2687 5611 hujusmodi
2743 5549 2922 5594 autem
2965 5535 3315 5608 percussione
3362 5533 3492 5588 nihil
3550 5530 3986 5603 ignominiosius.

2382 5636 2629 5688 Attamen
2658 5632 2840 5686 omnia
2880 5630 3036 5698 tulit,
3078 5639 3137 5684 ut
3181 5627 3371 5698 majori
3413 5624 3665 5695 exemplo
3705 5621 3992 5679 moderate

2447 5816 2464 5846 ι
2499 5815 2695 5873 (nudam
2729 5819 2857 5872 uss,
2884 5807 3039 5871 qualis
3076 5810 3224 5867 enim,
3252 5808 3424 5869 innxiis,
3444 5805 3572 5860 vobis
3593 5804 3771 5869 gratio,
3800 5814 3896 5853 etc.
