4198 6324
601 351 702 405 709

595 467 688 518 ἐπὶ
722 466 829 518 τῶν
859 465 1035 537 ἔργων
1083 468 1387 535 ἐπιδείξατέ
1436 488 1525 540 μοι
1569 472 1664 524 τὸν
1699 471 1939 530 ἔπαινον.
1976 477 2088 530 Καὶ
2125 478 2284 547 γάρὸ

595 553 898 626 παλαιστὴς
946 558 1004 607 ἐν
1058 558 1122 626 τῇ
1183 556 1493 629 παλαίστρᾳ
1531 561 1892 630 γυμνάζεται,
1934 564 2022 616 ἵνα
2056 566 2285 619 ἐπὶτῶν

594 641 824 708 ἀγώνων
855 641 1001 713 δείξῃ
1036 643 1131 713 τῆς
1164 643 1281 697 ἐκεῖ
1308 637 1618 716 γυμνασίας
1649 648 1746 718 τὴν
1773 650 2066 719 ὼφέλέιάψ
2098 655 2192 706 καὶ
2221 657 2314 722 σὺ,

593 730 772 783 τοίνυν
792 731 890 801 τῆς
914 731 1146 784 ἐνταῦθα
1166 733 1506 804 ἀκροάσεως,
1533 737 1660 790 ὅταν
1682 739 1887 811 ἐπέλθῃ
1906 740 2097 813 θυμὸς,
2116 743 2287 807 δεῖξον

594 815 654 867 τὸ
682 816 893 888 κέρδος,
931 817 1026 870 καὶ
1059 817 1216 872 τοῦτο
1243 821 1486 892 συνεχῶς
1514 822 1638 891 λέγε
1665 825 1724 878 τὸ
1759 826 1931 896 ῥῆμα,
1958 830 1999 879 Ε
2006 829 2024 881 ί
2049 828 2169 898 μὲν
2186 846 2289 883 κα-

594 903 714 968 κῶς
755 903 1055 973 ἐλάλησα,
1099 908 1493 978 μαρτύρησον
1541 913 1674 980 περί
1719 913 1825 968 τοῦ
1874 915 2088 969 κακοῦ·
2133 917 2292 974 εἰδὲ

594 991 814 1058 καλῶς,
857 993 913 1045 τί
944 1011 1022 1062 με
1060 995 1286 1063 δέρεις-ς
1329 998 1500 1051 Τοῦτο
1530 999 1808 1072 ἔγγραψον
1841 1005 1911 1074 τῇ
1934 1003 2164 1074 διανοίξι⁹
2200 1003 2289 1060 διὰ

594 1079 753 1132 τοῦτο
791 1074 909 1154 ’γὰρ
961 1083 1203 1153 συνεχῶς
1252 1085 1662 1158 ὑπομιμνήσκω
1712 1089 1920 1144 τούτων
1963 1090 2074 1144 τῶν
2113 1092 2287 1161 λόγων

593 1168 757 1238 ὑμεῖς.
791 1169 931 1224 ὥστε
964 1173 1245 1243 ἐντεθῆναι
1268 1175 1424 1245 ὑμῶν
1445 1179 1509 1248 τῇ
1533 1178 1678 1249 ψυχῇ
1709 1178 1778 1232 τὰ
1808 1179 2078 1250 εἰρημένα
2108 1181 2284 1234 ἀπαν-

593 1274 681 1318 τα,
713 1257 853 1313 ὥστε
883 1261 1272 1327 ἀνεξάλειπτον
1307 1267 1485 1334 μεῖναι
1516 1267 1616 1335 τήν
1645 1267 1888 1338 μνήμην,
1931 1269 2025 1320 καὶ
2054 1270 2153 1339 τὴν
2180 1269 2285 1322 ἀπὸ

593 1344 702 1414 τῆς
724 1348 946 1418 μνήμης
979 1349 1265 1418 ὠφέλειαν.
1304 1354 1402 1405 Ἂν
1447 1352 1556 1424 γὰρ
1589 1353 1808 1425 ἔχωμεν
1850 1357 2284 1429 ἐγγεγραμμένα

592 1434 659 1486 τὰ
689 1437 909 1506 ῥήματα
939 1437 1112 1490 ταῦτα
1147 1439 1240 1492 ἐπί
1275 1440 1334 1493 τὸ
1368 1441 1570 1506 πλάτος
1602 1441 1704 1512 τῆς
1742 1442 1986 1507 διανοίας
2017 1443 2115 1514 τῆς
2142 1445 2281 1515 ἤρε’·

780 1574 864 1583 .--

1330 352 1386 408 S.
1431 353 1721 411 JOANNIS
1779 348 2636 418 CHRYSOSTOMl-AHCHIEP.
2674 365 3236 422 CONSTANTINOP.

2385 479 2569 550 τέρας,
2591 479 2765 543 οὐδεὶς
2788 480 2931 533 οὕτω
2952 481 3153 545 λίθινος
3174 482 3270 534 καὶ
3298 479 3571 550 ἀγνώμων
3601 481 3694 532 καὶ
3725 478 4063 550 ἀναίσθητος,
4150 491 4151 554 ξ

2385 566 2461 631 ὡς
2492 565 2844 636 ἐξενεχθῆναι
2875 585 3006 620 ποτε
3037 568 3174 639 πρὸς
3199 569 3392 639 ὀργὴνο
3416 568 3538 622 ἀντὶ
3562 569 3670 637 γὰρ
3693 565 3916 637 χαλινοῦ
3943 584 4071 620 παν-

2389 655 2477 716 τὸς
2508 653 2602 706 καί
2625 654 2806 724 πάσης
2827 656 3003 724 ἡνίας,
3028 659 3128 728 τὴν
3148 655 3398 724 γλῶτταν
3422 657 3553 726 ἡμῖν
3580 656 3724 726 πέρα
3749 653 3848 707 τοῦ
3877 655 4068 724 μέτρου

2388 741 2483 794 καὶ
2515 740 2610 794 τοῦ
2638 743 3011 812 προσήκοντος
3035 743 3414 815 ἐκφερομένην
3440 741 3613 795 ταῦτα
3636 745 3889 812 ἐπισχεῖν
3915 742 4060 811 δυνή-

2392 844 2544 880 σεται
2582 828 2653 881 τά
2688 830 2932 899 ῥήματα,
2969 829 3063 882 καὶ
3105 831 3206 900 τήν
3235 829 3475 884 διάνοιαν
3509 828 3758 882 οἰδοῦσαν
3787 829 4067 881 καταστεῖ·

2389 914 2497 977 λαι,
2530 916 2624 969 καὶ
2658 916 2886 986 ποιῆσαι
2918 929 2944 957 ει
2974 917 3290 988 μετριάζειν
3323 917 3608 988 διηνεκῶς,
3650 917 3746 970 καὶ
3782 915 4068 985 ὀλόκληρον

2388 1005 2522 1072 ἡμῖν
2567 1004 2948 1073 ἐγκατοικίσαι
2992 1006 3094 1076 τὴν
3145 1007 3392 1077 εἰρήνην·
3441 1000 3510 1076 ἧς
3542 1006 3753 1073 γένοιτο
3785 1004 4067 1064 διαπαντὸς

2387 1092 2536 1160 ἡμᾶς
2580 1091 2898 1155 ἀπολαύειν,
2948 1093 3132 1160 χάριτι
3180 1094 3275 1147 καὶ
3317 1092 3700 1165 φιλανθρωπίᾳ
3738 1091 3834 1146 τοῦ
3867 1092 4064 1162 Κυρίου
4150 1137 4151 1152 ,

2386 1179 2544 1248 ἡμῶν
2587 1179 2765 1248 Ἰησοῦ
2815 1180 3078 1250 Χριστοῦ,
3131 1181 3252 1251 μεθ’
3275 1175 3338 1234 οὐ
3366 1180 3446 1252 τῷ
3473 1182 3652 1253 Πατρλ⁵
3679 1181 3776 1235 καὶ
3809 1180 3890 1250 τῷ
3934 1197 4066 1249 αγιῳ

2389 1266 2672 1335 Πνεύματι
2704 1268 2736 1336 ἡ
2766 1265 2895 1330 δόξα
2925 1269 3018 1321 καὶ
3046 1269 3107 1320 τὸ
3134 1269 3338 1340 κράτος
3372 1271 3469 1323 καὶ
3494 1271 3527 1341 ἡ
3555 1269 3949 1340 προσκύνησις,
3979 1269 4066 1322 νῦν

2385 1354 2481 1407 καὶ
2508 1353 2616 1416 ἀεὶ,
2658 1353 2755 1406 καὶ
2783 1355 2864 1417 εἰς
2889 1355 3013 1418 τοὺς
3044 1354 3248 1420 αἰῶνας
3270 1356 3381 1410 τῶν
3407 1356 3640 1412 αἰώνων.
3690 1358 3882 1430 Ἀμήν.

2446 1455 2472 1484 ⁸
2493 1454 2646 1504 Savil.
2673 1459 2722 1504 et
2743 1456 2942 1518 quidam
2964 1457 3048 1508 alii
3070 1460 3152 1508 καὶ
3173 1461 3337 1509 πεῖσαι
3359 1461 3638 1526 μετρῐάζειν.

870 1576 3982 1608 _______.__________________________________

592 1765 707 1818 ,Τοῦ
720 1768 906 1821 αὐτοῦ
924 1769 1036 1838 πρὸ
1055 1769 1300 1824 πολλῶν
1315 1771 1555 1840 ἡμερῶν
1565 1773 1717 1841 πρὸς
1731 1747 2070 1842 Ἆνομοίουο
2083 1770 2379 1836 εἰπόντος,
2394 1765 2520 1824 εἶτα
2536 1771 2685 1840 πρὸς
2700 1770 3052 1838 Ἰουδαίους,
3069 1768 3195 1826 εἷτα
3212 1773 3583 1845 σιγήσαντος
3594 1774 3691 1829 διὰ
3707 1772 4040 1844 παρα-(δίαν
4150 1749 4151 1756 ί

695 1860 1157 1936 ἐπισκώπτωνκαί
1173 1865 1490 1933 μαρτύρων
1506 1865 1748 1936 μνήμας
1787 1863 2040 1920 πολλῶν
2058 1862 2406 1936 γενομένας,
2444 1863 2563 1918 νῦν
2587 1864 2777 1919 πάλιν
2804 1864 2954 1934 πρὸς
2989 1866 3329 1936 Ἆνομοίους
3354 1868 3486 1938 περί
3514 1868 3968 1935 ἀκαταλήπτου.

1167 2185 1357 2254 Λόγος
1396 2187 1694 2258 δεύτερος.

661 2276 729 2321 α’.
756 2270 890 2342 Φέρε
913 2269 975 2341 δὴ
999 2270 1159 2324 πάλιν
1184 2271 1322 2343 πρὸς
1346 2275 1473 2338 τοὺς
1502 2276 1768 2345 ἀπίστους
1809 2283 2121 2354 Ἀνομοίους
2145 2287 2283 2340 ἀπο·
2345 2284 2347 2286 ’

589 2357 904 2428 δυσὼμεθα·
938 2361 986 2411 εἰ
1017 2357 1072 2410 δέ
1096 2359 1500 2428 ἀγανακτοῦσιν
1526 2364 1746 2421 ἄπιστοι
1777 2369 2126 2442 καλούμενοι,
2153 2390 2286 2441 φευ-

590 2446 838 2512 γέτωσαν
867 2445 928 2499 τὸ
956 2449 1210 2517 πρᾶγμα,
1252 2448 1409 2516 κάγὼ
1450 2452 1678 2523 κρύπτω
1709 2456 1771 2508 τὸ
1808 2457 1997 2528 ὄνομα·
2043 2462 2286 2532 ἀποστή-

498 2539 502 2544 ’
587 2551 771 2585 τωσαν
792 2535 890 2605 τῆς
922 2534 1151 2587 ἀπίστου
1177 2535 1437 2599 διανοίας,
1468 2540 1563 2592 καὶ
1593 2541 1902 2614 ἀφίσταμαι
1935 2549 2035 2618 τῆς
2065 2550 2285 2601 ἐπονει-

587 2621 771 2674 δίστου
802 2623 1200 2694 προσηγορίας.
1233 2622 1294 2676 Εἰ
1328 2624 1385 2678 δὲ
1415 2625 1570 2680 αὐτοὶ
1604 2627 1691 2682 διὰ
1726 2631 1836 2684 τῶν
1865 2631 2045 2704 ἔργων
2076 2635 2284 2705 ἀτιμά-

590 2712 777 2777 ζοντες
801 2713 902 2784 τὴν
926 2713 1130 2780 πίστιν,
1160 2715 1253 2767 καὶ
1275 2716 1507 2781 ἑαυτοὺς
1539 2720 1996 2790 καταισχύνοντες
2024 2724 2084 2777 οὐ
2114 2741 2286 2778 κατα-

587 2801 825 2866 δύονται,
859 2802 1005 2864 τίνος
1038 2802 1223 2856 ἕνεκεν
1255 2803 1394 2876 πρὸς
1424 2807 1575 2875 ἡμᾶς
1607 2806 2022 2879 δυσχεραίνουσι
2054 2811 2142 2865 διὰ
2175 2811 2284 2866 τῶν

592 2890 852 2959 ῥημάτων
873 2889 1242 2958 ἐγκαλοῦντας
1275 2893 1459 2956 αὐτοῖς
1480 2893 1514 2947 ἂ
1539 2893 1626 2948 διὰ
1652 2896 1760 2948 τῶν
1784 2895 1964 2967 ἔργων
1987 2900 2143 2953 αὐτοὶ
2167 2903 2287 2953 ἐπι-

588 2978 928 3042 δείκνυνται;
978 2978 1180 3050 Πρώην
1214 2980 1312 3050 μὲν
1359 2981 1471 3052 γὰρ
1501 2982 1668 3052 ἡνίκα
1715 2985 1795 3047 είς
1835 2986 1896 3038 τὸ
1932 2987 2144 3042 στάδιον
2175 2987 2285 3040 τῶν

590 3065 763 3134 λόγων
810 3067 1018 3120 τούτων
1051 3067 1203 3140 [455]
1253 3069 1579 3141 καθήκαμεν
1627 3073 1877 3136 ἑαυτοὺς,
1924 3075 2178 3146 καθάπερ
2219 3076 2284 3148 δὴ

593 3155 897 3226 μέμνησθε,
947 3158 1043 3209 καὶ
1085 3157 1196 3210 τῶν
1241 3157 1422 3212 αὐτῶν
1465 3156 1727 3229 ἡψάμεθα
1777 3152 2196 3234 παλαισμάτων,
2237 3167 2284 3218 οἰ

590 3243 728 3313 πρὸς
761 3243 1048 3308 Ἰουδαίους
1073 3247 1223 3315 ἡμᾶς
1248 3245 1450 3310 εὐθέως
1478 3247 1782 3314 διεδέξαντο
1804 3250 2035 3319 ἀγῶνες,
2067 3252 2163 3306 καὶ
2185 3253 2285 3306 οὐκ

587 3328 657 3402 ἦν
687 3332 929 3401 ἀσφαλὲς
959 3334 1020 3387 τὸ
1053 3336 1229 3388 οἰκεῖα
1259 3335 1398 3407 μέλη
1433 3338 1766 3409 νενοσηκότα
1795 3341 2186 3412 παρατρέχειν.
2221 3342 2284 3394 Ol

594 3423 694 3492 μὲν
734 3425 843 3496 γὰρ
881 3426 1019 3495 πρὸς
1059 3425 1374 3496 ’Λνομοίους
1406 3426 1554 3495 λόγοι
1580 3429 1666 3481 ἀεὶ
1700 3429 1895 3500 καιρὸν
1921 3429 2127 3500 ἔχουσι·
2158 3432 2283 3486 τότε

588 3512 648 3566 δέ
681 3513 809 3576 τοὺς
845 3513 1269 3585 ἀρρωστοῦντας
1306 3514 1416 3568 τῶν
1451 3516 1697 3585 ἀδελφῶν
1729 3517 1839 3572 τῶν
1873 3518 2158 3590 ἡμετέρων
2190 3521 2285 3572 καὶ

589 3600 658 3654 τά
697 3601 968 3654 Ἰουδαῖκὰ
997 3602 1291 3666 νοσοῦντας
1313 3604 1362 3656 εἰ
1391 3604 1466 3674 μὴ
1501 3604 1872 3674 προλαϐόντες
1895 3606 2098 3671 εὐθέως
2127 3607 2288 3680 ἐξηρ-

590 3689 852 3759 πάσαμεν
884 3689 985 3752 τῆς
1018 3691 1200 3762 πυρᾶς
1237 3690 1334 3761 τῆς
1385 3691 1706 3762 Ἰουδαϊκῆς,
1739 3693 1891 3747 οὐδὲν
1925 3693 2118 3763 ὄφελος
2156 3697 2286 3765 ἡμῖν

591 3776 780 3829 λοιπὸν
805 3776 1014 3844 ἐγίνετο
1038 3779 1137 3846 τῆς
1167 3778 1566 3849 παραινέσεως,
1591 3781 1692 3850 τῆς
1717 3781 2123 3853 ἁμαρτίας-τῆς
2145 3783 2287 3836 κατά

590 3864 691 3934 τήν
717 3865 972 3934 νηστείαν
1005 3867 1448 3937 προχωρησάσης
1477 3867 1678 3931 αὐτοῖς.
1719 3869 1876 3922 Μετὰ
1909 3869 1966 3921 δὲ
1993 3871 2122 3934 τοὺς
2149 3872 2288 3943 πρὸς

592 3950 839 4015 ἐκείνους
893 3953 1111 4020 ἀγῶνας
1167 3953 1329 4007 πάλιν
1387 3953 1658 4018 διεδέξατο
1706 3957 1962 4027 πατέρων
2015 3959 2286 4028 παρουσία

593 4040 985 4108 πνευματικῶν
1033 4041 1240 4094 πολλῶν
1285 4041 1620 4112 πολλαχόθεν
1661 4042 1901 4097 ἐνταῦθα
1943 4044 2286 4114 ἀφιγμένων,

593 4128 689 4180 καὶ
732 4127 853 4181 οὐδέ
892 4129 1012 4181 τότε
1048 4128 1305 4201 εὐκαιρον
1339 4127 1429 4202 ῆν,
1480 4131 1740 4184 ἁπάντων
1776 4133 2000 4186 ἐκείνων
2032 4134 2288 4206 καθάπερ

593 4216 757 4269 τινῶν
800 4217 1062 4288 ποταμῶν
1118 4219 1198 4282 είς
1246 4218 1347 4289 τὴν
1391 4221 1769 4290 πνευματικὴν
1810 4220 2015 4293 ταύτην
2055 4222 2288 4292 ῥεόντων

594 4303 890 4368 Θάλασσαν,
923 4304 1014 4357 τὸν
1038 4305 1304 4376 ἡμέτερον
1330 4305 1672 4360 ἐκτείνεσθαι
1697 4307 1874 4376 λόγον·
1905 4311 2002 4362 καὶ
2031 4310 2169 4380 μετά
2189 4311 2288 4382 τὴν

593 4392 820 4446 ἐκείνων
866 4394 924 4446 δέ
974 4393 1286 4465 ἀποδημίαν
1319 4393 1612 4466 μαρτύρων
1645 4397 1964 4467 ἀπήντησαν
1997 4398 2287 4467 ἐπάλληλοι

596 4481 810 4551 μνῆμαι
860 4483 956 4535 καὶ
994 4486 1258 4553 συνεχεῖς,
1295 4484 1389 4536 καὶ
1438 4486 1535 4538 οὐκ
1585 4485 1692 4539 ἔδει
1743 4487 2158 4557 καταφρονῆσαι
2189 4488 2289 4558 τῆς

591 4569 701 4621 τῶν
733 4567 984 4639 ἀθλητῶν
1013 4570 1239 4624 ἐκείνων
1267 4571 1536 4640 εὐλογίας.
1577 4571 1765 4626 Ταῦτα
1794 4573 1851 4626 δὲ
1889 4574 2033 4642 λέγω
2060 4575 2154 4627 καὶ
2179 4576 2286 4627 ἀπ-

593 4655 961 4727 αριθμοῦμαι,
992 4658 1079 4712 ἵνα
1117 4659 1190 4730 μὴ
1232 4659 1492 4729 νομίσητε
1534 4660 1594 4724 ἐξ
1624 4661 1785 4714 ὖκνου
1819 4661 1962 4725 τινὸς
1998 4663 2090 4714 καί
2121 4663 2284 4733 9460-

596 4748 725 4816 μίας
751 4749 882 4817 ἡμῖν
907 4746 1162 4814 γενέσθαι
1187 4747 1285 4818 τὴν
1318 4748 1586 4820 ἀναϐολὴν
1621 4749 1731 4802 τῶν
1755 4748 1982 4818 ἀγώνων
2007 4748 2116 4803 τῶν
2149 4751 2288 4821 πρὸς

593 4836 857 4896 ἐκείνους.
900 4833 1016 4887 Νῦν
1048 4833 1180 4901 γοῦν
1211 4835 1400 4907 ἐπειδὴ
1434 4837 1658 4906 καὶτῆς
1689 4837 1828 4908 πρὸς
1865 4838 2148 4902 Ἰουδαίους
2172 4838 2285 4890 λοι-

595 4925 696 4977 πὸν
730 4914 1131 4995 ἀπηλλάγημεν
1161 4925 1362 4995 μάχης,
1395 4926 1489 4978 καί
1515 4926 1564 4978 οἱ
1597 4925 1835 4997 πατέρες
1864 4926 2004 4997 πρὸς
2033 4926 2134 4991 τὰς
2161 4927 2286 4980 ἐαυ-

591 5011 702 5064 τῶν
729 5011 1032 5080 ἐπανῆλθον
1069 5013 1358 5080 πατρίδας,
1398 5015 1491 5067 καὶ
1521 5017 1620 5086 τῆς
1655 5015 1904 5083 εὐλογίας
1934 5015 2043 5069 τῶν
2073 5015 2284 5088 μαρτύ-

597 5119 705 5170 ρων
738 5101 1139 5171 ἀπηλαύσαμεν
1173 5101 1393 5166 ἱκανῶς,
1427 5101 1560 5171 φέρε
1595 5101 1658 5171 δὴ
1695 5101 1882 5155 λοιπὸν
1919 5105 2017 5173 τὴν
2061 5102 2284 5172 χρονίαν

595 5191 756 5243 ὠδῖνα
780 5191 877 5259 τῆς
906 5188 1186 5259 ἡμετέρας
1212 5188 1531 5259 ἀκροάσεως
1559 5188 1833 5258 λύσωμεν.
1863 5183 1936 5243 Εὖ
1957 5187 2066 5259 γὰρ
2088 5183 2184 5243 οἷδ’
2203 5189 2283 5242 ὅτι

595 5279 729 5350 ἐμοῦ
759 5280 852 5332 τοῦ
876 5278 1129 5346 λέγοντος
1157 5277 1256 5345 οὐκ
1285 5277 1503 5331 ἔλαττον
1525 5277 1757 5341 ἕκαστος
1778 5277 1932 5349 ὑμῶν
1953 5277 2136 5330 ὠδίνει
2158 5280 2284 5341 τοὺς

597 5366 972 5438 περὶτούτων
989 5365 1219 5419 ἀκοῦσαι
1262 5359 1474 5432 λόγους·
1507 5365 1569 5418 τὸ
1596 5366 1651 5418 δέ
1682 5367 1877 5430 αἴτιον,
1916 5365 2282 5436 φιλόχριστος·

598 5458 729 5526 ἡμῖν
768 5454 975 5510 ἀνωθεν
1008 5457 1040 5525 ἡ
1081 5454 1233 5518 πόλις
1267 5454 1406 5517 ἐστὶ,
1453 5455 1548 5506 καὶ
1583 5453 1842 5524 πατρῴαν
1873 5454 2077 5525 ταύτην
2117 5453 2285 5506 διεδέ-

597 5541 761 5606 ξασθε
784 5541 1172 5614 κληρονομίαν,
1205 5541 1476 5613 μηδέποτε
1503 5543 1772 5613 περιορᾷν
1796 5540 1866 5595 τὰ
1884 5541 1984 5613 τῆς
2006 5540 2286 5604 εὐσεϐείας

595 5631 843 5700 δόγματα
899 5629 1248 5699 νοθευόμενα.
1301 5629 1472 5684 Πόθεν
1520 5628 1680 5683 τοῦτο
1724 5629 1916 5700 δῆλον;
1959 5629 2286 5699 Κατέὸησάν

598 5734 742 5780 τινες
790 5717 898 5771 ἀπὸ
943 5718 1042 5786 τῆς
1099 5717 1362 5782 Ἰουδαίας
1409 5718 1538 5771 ποτέ
1585 5719 1677 5772 ἐπὶ
1721 5717 1832 5771 τῶν
1869 5717 2150 5789 προγόνων
2179 5717 2288 5773 τῶν

663 5810 689 5841 ⁸
713 5811 808 5860 Alii
832 5812 910 5859 καὶ
934 5810 1289 5867 ἀπελαύνοντες.

2237 5939 2288 5994 ἒξ

2384 2201 2690 2274 ὑμετέρων,
2720 2203 3102 2267 ἐπιθολουντες
3133 2202 3202 2256 τά
3231 2200 3452 2274 καθαρά
3475 2201 3578 2272 τῆς
3604 2199 3977 2272 ἀποιῆολικῆς
4000 2201 4074 2254 δι-
4150 2183 4151 2214 ί

2382 2294 2684 2359 δασκαλίας
2724 2294 2994 2366 δόγματα,
3033 2295 3130 2350 καὶ
3165 2293 3482 2358 κελεύοντες
3523 2291 3952 2364 περιτέμνεσθαι
3982 2292 4073 2344 καὶ

2383 2383 2572 2452 τηρεῖν
2597 2381 2690 2434 τὸν
2720 2382 2884 2452 νόμον
2913 2381 3216 2446 Μωῦσέως.
3259 2380 3480 2450 Ταύτην
3512 2381 3614 2432 οὐκ
3659 2381 3900 2450 ’ήνεγκαν
3947 2380 4070 2446 σιγῇ
4150 2395 4151 2454 j

2383 2469 2483 2539 τὴν
2515 2470 2873 2540 καινοτομίαν
2904 2471 2952 2522 οἰ
2986 2469 3108 2522 τότε
3135 2468 3236 2540 τήν
3259 2467 3417 2521 πόλιν
3441 2467 3598 2537 ὑμῶν
3627 2467 3930 2528 οἰκοῦντες
3963 2464 4070 2518 ἀλλ’
4150 2457 4151 2460 “

2384 2556 2578 2628 ὥσπερ
2607 2561 2848 2626 γενναῖοι
2882 2556 3154 2620 σκύλακες
3194 2556 3395 2618 λύκους
3429 2554 3668 2626 ὁρῶντες
3705 2554 4070 2615 ἐπεισιόντας.

2387 2643 2483 2696 καὶ
2514 2644 2612 2715 τήν
2651 2644 2888 2714 ποίμνην
2932 2644 3151 2698 ἃπασαν
3185 2642 3621 2713 διαφθείροντας,
3655 2639 3831 2702 οὕτως
3869 2639 4074 2708 ἐπιπηο
4150 2653 4151 2698 1

2389 2731 2654 2802 δήσαντες
2678 2733 2910 2794 ἐκείνοις
2937 2733 2999 2785 οὐ
3029 2731 3298 2802 πρότερον
3325 2730 3646 2802 ἀπέστησαν
3677 2725 3968 2791 σοϐοῦντες
3990 2726 4077 2780 αὐ·
4150 2719 4151 2736 1

2389 2819 2516 2882 τοὺς
2544 2817 2808 2872 πάντοθεν
2833 2819 2926 2871 καλ⁵
2947 2819 3264 2882 ἐλαύνοντες
3283 2830 3329 2882 δ,
3353 2818 3460 2881 ἐως
3478 2815 3903 2888 παρεσκεύασαν
3930 2814 4075 2883 παρὰ

2386 2902 2497 2955 τῶν
2539 2901 2854 2954 ἀποστόλων
2902 2900 3182 2970 πανταχοῦ
3231 2901 3330 2972 τῆς
3381 2899 3708 2970 οἰκουμένης
3753 2897 4075 2968 πεμφθῆναι
4150 2907 4151 2972 1

2388 2984 2641 3055 δόγματα
2666 2983 3082 3055 ἀποτειχίζοντα
3114 2984 3390 3048 κάκείνοις
3423 2983 3519 3037 καὶ
3548 2985 3659 3046 τοῖς
3688 2981 3804 3053 μετ’
3830 2982 4074 3043 ἐκείνους
4150 2981 4151 3040 1

2391 3071 2565 3125 ἀπασι
2589 3070 2686 3141 τὴν
2720 3071 2976 3140 τοιαύτην
3008 3069 3150 3124 κατὰ
3183 3070 3290 3123 τῶν
3325 3071 3534 3124 πιστῶν
3559 3069 3768 3137 ἔφοδον.
4150 3083 4151 3138 ξ

2464 3159 2528 3230 β’.
2563 3159 2732 3212 Πόθεν
2759 3154 2852 3211 οὖν
2879 3160 3009 3229 ἡμῖν
3038 3159 3268 3228 ἀρκτέον
3297 3157 3406 3211 τῶν
3436 3157 3571 3229 πρὸς
3595 3156 3838 3219 ἐκείνους
3867 3155 4072 3224 λόγων;
4150 3165 4151 3230 γ

2388 3246 2560 3301 Πόθεν
2596 3245 2820 3300 ἄλλοθεν
2857 3245 2973 3298 ἀλλ’
3010 3246 3042 3318 ἢ
3080 3247 3188 3300 ἀπὸ
3220 3247 3320 3315 τῆς
3361 3245 3504 3300 κατά
3544 3245 3644 3316 τήν
3680 3245 3948 3299 ἀπιστίαν
3986 3262 4077 3298 κα-

2387 3336 2692 3409 τηγορίας;
2751 3335 2939 3390 Πάντα
2990 3337 3100 3408 γὰρ
3159 3336 3371 3390 ποιοῦσι
3418 3336 3515 3391 καί⁵
3567 3335 4077 3407 πραγματεύονται,

2389 3425 2532 3479 ὥστε
2555 3423 2864 3495 ἐξωσθῆσαι
2885 3425 2988 3494 τῆς
3011 3423 3120 3478 τῶν
3140 3424 3452 3478 ἀκουόντων
3477 3423 3719 3488 διανοίας
3742 3423 3843 3495 τὴν
3871 3422 4075 3485 πίστιν,

2389 3508 2450 3568 οὗ
2476 3514 2527 3566 τί
2553 3513 2750 3581 γένοιτ’
2783 3511 2850 3566 ἀν
2883 3513 3068 3584 μεῖζον
3103 3512 3360 3576 ἀσεϐείας
3389 3511 3673 3584 ἐγκλημας
3708 3513 3883 3565 Ὅταν
3911 3512 4024 3582 γὰρ
4053 3513 4079 3566 ό

2388 3600 2521 3664 Θεὸς
2552 3599 2924 3671 ἀποφαίνηται
2960 3617 3033 3664 τι,
3081 3599 3334 3670 δέχεσθαι
3368 3599 3475 3671 χρὴ
3507 3601 3720 3663 πιστῶς
3757 3600 3820 3653 τὸ
3862 3600 4077 3672 λεχθὲν,
4150 3621 4151 3672 γ

2386 3689 2448 3742 οὐ
2498 3687 2958 3761 περιεργάζεσθαι
3007 3687 3319 3760 τολμηρῶς.
3390 3687 3450 3741 '0
3505 3688 3833 3759 βουλόμενος
3895 3689 4078 3744 αὐτῶν

2388 3780 2624 3833 καλείτω
2664 3796 2731 3850 με
2780 3778 3030 3844 ἄπιστον,
3063 3779 3166 3833 οὐκ
3214 3777 3534 3846 ἀγανακτῶ.
3567 3777 3669 3832 Διὰ
3709 3777 3802 3843 τί;
3839 3779 3946 3834 Διὰ
3975 3779 4078 3851 γὰρ

2386 3871 2496 3923 τῶν
2525 3869 2701 3940 ἔργων
2724 3866 3108 3936 ἐπιδείκνυμαι
3135 3865 3232 3938 τὴν
3261 3866 3659 3938 προσηγορίαν.
3690 3865 3804 3919 Καὶ
3830 3866 3885 3918 τί
3908 3866 4076 3934 λέγω,

2389 3958 2623 4012 καλείτω
2671 3974 2738 4027 με
2769 3956 3034 4018 ἀπιστονζ
3073 3956 3314 4009 καλείτω
3361 3973 3429 4026 με
3481 3956 3576 4009 καὶ
3621 3955 3807 4026 μωρὸν
3840 3955 3905 4007 ἐν
3950 3956 4079 4025 Χρι-

2391 4040 2499 4111 στῷ
2523 4057 2535 4069 ·
2573 4041 2666 4092 καὶ
2709 4041 2801 4092 ἐπὶ
2834 4040 3011 4110 τούτῳ
3045 4039 3235 4110 ῶσπερ
3277 4039 3370 4092 ἐπὶ
3405 4039 3656 4109 στεφάνῳ
3706 4038 3873 4091 πάλιν
3917 4037 4080 4106 ἀγάλ-

2386 4129 2585 4198 λομαι·
2639 4127 2878 4197 καὶγὰρ
2915 4126 3052 4197 μετὰ
3096 4125 3314 4180 Παύλου
3368 4125 3612 4180 κοινωνῶ
3644 4126 3743 4197 τῆς
3797 4141 4078 4197 προσηγοο
4150 4125 4151 4166 1

2392 4216 2512 4287 ρίας
2541 4215 2766 4286 ταύτης.
2834 4217 3073 4278 Ἐκεῖνος
3103 4215 3210 4286 γάρ
3267 4232 3463 4286 φησιν’
3515 4213 3718 4285 Ἡμεῖς
3762 4214 3956 4285 μωροὶ
3989 4213 4080 4269 διὰ
4150 4227 4151 4287 ξ

2389 4304 2668 4371 Χριστόν.
2711 4303 2900 4372 Πάσης
2958 4304 3150 4371 σοφίας
3195 4303 3336 4374 αὕτη
3372 4305 3404 4374 ἡ
3444 4304 4074 4377 μωρίανφρονιμωτέρα.
4150 4303 4151 4328 ξ

2396 4394 2463 4446 Ἃ
2485 4393 2592 4463 γὰρ
2617 4393 2716 4445 οὐκ
2747 4392 2967 4461 ἴσχυσεν
2999 4394 3030 4461 ἡ
3059 4391 3262 4456 ἔξωθεν
3298 4393 3482 4463 εὑρεῖν
3517 4393 3701 4461 σοφία,
3724 4391 4075 4466 ταῦτα

2390 4479 2754 4550 κατώρθωσεν
2807 4481 2839 4550 ἡ
2888 4480 3133 4550 μωρίαή
3178 4479 3323 4533 κατά
3354 4481 3625 4552 Χριστόν*
3679 4479 3822 4551 αὕτη
3856 4482 3924 4534 τὸ
3957 4482 4077 4535 σκό-

2388 4585 2479 4632 τος
2508 4568 2607 4638 τῆς
2650 4567 2982 4637 οἰκουμένης
3018 4567 3324 4637 ἀπήλασεν,
3360 4568 3502 4639 αὕτη
3532 4569 3593 4622 τὸ
3639 4568 3755 4637 φῶς
3798 4570 3905 4640 τῆς
3942 4570 4079 4638 γνώ-

2393 4673 2530 4719 σεως
2570 4657 2907 4726 ἐπανήγαγε.
2963 4656 3028 4708 Τί
3068 4656 3125 4708 δέ
3179 4659 3297 4710 ἐστι
3359 4657 3543 4728 μωρία
3589 4659 3730 4711 κατὰ
3792 4658 4076 4728 Χριστόν;

2394 4744 2561 4796 Ὅταν
2582 4745 2708 4805 τοὺς
2749 4742 2984 4805 οἰκείους
3013 4742 3311 4813 λογισμοὺς
3355 4743 3669 4808 λυττῶντας
3698 4745 3952 4817 ἀκαίρως
3984 4763 4054 4803 κα
4150 4745 4151 4762 ‘

2388 4832 2790 4901 ταστέλλωμεν,
2842 4832 2971 4885 ὅταν
3029 4831 3234 4905 ἔρημον
3297 4833 3393 4885 καὶ
3449 4833 3612 4904 κενήν
3645 4833 3747 4901 τὴν
3794 4835 4078 4907 ἡμετέραν

2387 4920 2627 4974 διάνοιαν
2654 4920 2752 4989 τῆς
2781 4918 2981 4983 ἔξωθεν
3009 4920 3254 4988 ποιῶμεν
3295 4921 3656 4984 παιδεύσεως,
3685 4922 3794 4986 ἵνα,
3831 4923 3968 4977 ὅταν
3991 4923 4082 4994 δέῃ

2388 5008 2459 5060 τὰ
2479 5009 2572 5061 τοῦ
2598 5007 2837 5078 Χριστοῦ
2864 5006 3139 5078 δέχεσθαι,
3165 5008 3535 5079 σχολάζουσαν
3558 5011 3652 5063 καὶ
3686 5013 4081 5084 σεσαρωμένην
4150 5023 4151 5040 ‘

2390 5096 2561 5167 αὐτὴν
2589 5095 2725 5166 πρὸς
2750 5095 3020 5167 ὑποδοχὴν
3051 5096 3159 5148 τῶν
3185 5096 3348 5150 θείων
3374 5097 3550 5165 λόγων
3580 5097 3946 5169 παρέχωμεν.

2463 5185 2570 5238 Καὶ
2609 5184 2719 5255 γὰρ
2752 5185 2880 5238 ὅταν
2907 5184 3278 5257 ἀποφαίνηταί
3309 5203 3362 5239 τι
3393 5187 3421 5239 δ
3452 5186 3608 5250 Θεὸς,
3643 5187 3671 5240 δ
3707 5186 3782 5258 μὴ
3808 5186 4082 5241 δεῖπολυ-
4150 5183 4151 5204 ί

2393 5271 2852 5343 πραγμονεῖσθαι,
2875 5274 3057 5326 πίστει
3079 5272 3480 5344 παραδέχεσθαι
3501 5274 3712 5344 χρή.Τὺ
3731 5275 3841 5345 γάρ
3861 5276 3966 5329 ἐπὶ⁵
3981 5276 4082 5328 τῶν

2390 5362 2646 5414 τοιούτων
2689 5360 3153 5432 περιεργάζεσθαι
3199 5361 3300 5425 τὰς
3335 5361 3516 5425 αἰτίας
3550 5362 3646 5414 καί⁵
3676 5363 3942 5418 ἀπαιτεῖν
3990 5365 4079 5427 τὰς
4150 5357 4151 5360 “

2390 5451 2641 5513 εὐθύνας,
2690 5451 2782 5504 καὶ
2815 5451 2905 5504 τὸν
2945 5451 3146 5523 τρόπον
3179 5450 3483 5521 ἐπιζητεῖν,
3518 5450 3946 5522 τολμηροτάτης
3991 5456 4072 5507 κειΣ

2395 5537 2767 5610 ῥιψοκινδύνου
2803 5537 3007 5610 ψυχῆς.
3044 5537 3154 5592 Καὶ
3190 5537 3350 5592 τοῦτο
3382 5539 3546 5593 πάλιν
3595 5539 3691 5592 ἀπ’
3747 5540 3937 5594 αὐτῶν
3978 5542 4076 5594 τῶν
4150 5593 4151 5596 η

2395 5626 2628 5698 Γραφῶν
2663 5626 3013 5698 παραστῆσαι
3041 5626 3395 5699 πειράσομαι.
3428 5627 3707 5700 Ζαχαρίας
3731 5645 3819 5692 τις
3847 5625 3916 5701 ῆν
3945 5629 4076 5700 ἀνὴρ
4150 5637 4151 5640 “

2396 5715 2709 5787 θαυμαστὸς
2736 5715 2828 5769 καὶ
2859 5716 3055 5786 μέγας,
3091 5714 3474 5788 ἀρχιερωσύνη
3507 5717 3901 5789 τετιμημένος,
3933 5719 4076 5790 παρὰ
4150 5771 4151 5780 ,

3973 365 4063 418 ’³η
4150 359 4151 408 ἲ
