4174 6336
350 410 450 466 709
1283 413 1370 471 DE
1409 415 2095 510 INCOMPREHENSBILI
2139 417 2246 474 DEI
2284 418 2592 477 NA‘I’UR.\.
2635 421 2700 478 11.
3545 431 3654 488 710

2052 531 2424 590 recordatione
2468 535 2674 590 utilitas
2705 547 2978 609 sequatur.
3009 537 3140 595 Nam
3182 541 3224 595 si
3266 541 3381 597 hare
3407 543 3568 600 verba
3597 547 3652 602 in

2050 621 2331 678 latitudine
2360 626 2555 679 mentis
2595 635 2793 682 nostra:
2833 629 3100 700 descripta
3130 631 3426 688 habeamus
3445 675 3462 701 ,
3491 650 3654 691 nemo

2049 713 2119 768 ita
2163 715 2403 785 lapideus
2447 727 2502 772 et
2531 718 2772 788 ingratus
2796 730 2958 792 atque
3003 739 3196 780 sensus
3223 739 3453 796 expers,
3482 737 3541 783 ut
3573 729 3651 785 ira

2044 806 2298 862 eﬁ'tu‘atur
2327 825 2340 861 :
2371 823 2494 863 nam
2536 811 2652 865 vice
2689 809 2842 866 frami
2884 823 2940 867 et
2985 811 3312 870 habenarum
3343 816 3462 873 haec
3485 821 3649 874 verba

2044 899 2300 970 linguam,
2333 903 2470 958 ultra
2499 905 2714 980 modum
2745 914 2799 960 et
2826 908 3086 961 terminos
3119 919 3433 981 evagantem
3453 953 3465 975 ,
3492 927 3649 968 coer-

2039 1005 2163 1046 cere
2204 1004 2490 1061 poterunt,
2521 1007 2864 1066 mentemque
2908 1008 3200 1054 tumentem
3234 1000 3565 1072 reprimere,
3591 1013 3644 1061 et

2039 1083 2092 1137 in
2122 1084 2400 1138 moderato
2429 1087 2558 1140 vita!
2579 1103 2774 1156 genere
2804 1099 3064 1158 perpetuo
3090 1094 3391 1160 continere,
3432 1110 3646 1165 pacem-

2035 1192 2140 1244 que
2172 1177 2223 1230 in
2256 1179 2409 1232 nobis
2442 1181 2700 1250 integrann
2732 1185 3063 1240 constituere
3095 1204 3106 1239 :
3137 1202 3242 1256 qua
3270 1189 3474 1244 utinam
3501 1205 3644 1244 sem-

323 1255 466 1320 bene,
498 1258 623 1326 quid
653 1275 731 1311 me
757 1259 1377 1331 cwdis(luatt.18.23)?
1405 1263 1516 1318 Hoc
1543 1265 1594 1318 in
1626 1275 1806 1320 mente
1832 1265 1930 1320 dc-
2035 1282 2131 1337 per
2157 1267 2415 1335 fruamur,
2440 1273 2610 1338 gratia
2639 1282 2693 1327 et
2724 1275 3056 1331 humanitate
3086 1255 3297 1332 Domini
3319 1283 3490 1335 nostri
3512 1281 3640 1337 Jcsu

320 1346 519 1402 scribe.
550 1347 682 1402 Nam
716 1350 834 1404 ideo
866 1351 1018 1404 vobis
1057 1351 1172 1407 tunc
1217 1354 1382 1407 verba
1423 1353 1734 1425 frequenter
1775 1372 1926 1411 com-
2016 1363 2250 1443 Christi,
2283 1366 2498 1434 quicum
2531 1369 2698 1433 Patri,
2728 1370 2995 1441 simulque
3023 1383 3210 1427 sancto
3235 1373 3493 1443 Spiritui,
3522 1376 3640 1445 glo-

320 1453 601 1503 memoro,
634 1447 692 1493 ut
727 1442 904 1493 omnia
936 1457 1054 1513 qua:
1085 1444 1224 1498 dicta
1255 1456 1415 1512 sunt,
1455 1447 1507 1499 in
1540 1457 1720 1503 mente
1761 1465 1922 1518 repo-
2016 1442 2141 1518 yria,
2190 1455 2474 1526 imperium
2515 1469 2568 1514 et
2596 1461 2861 1526 adoratio,
2909 1478 3053 1518 nunc
3095 1475 3151 1520 et
3193 1481 3441 1536 semper,
3486 1477 3541 1522 et
3584 1469 3636 1522 itt

317 1540 550 1595 nantur,
582 1540 635 1583 et
666 1548 954 1603 numquam
988 1550 1050 1588 ex
1095 1537 1353 1590 memoria
1401 1537 1715 1606 deleantur,
1745 1555 1921 1611 exque
2027 1547 2222 1600 secula
2252 1551 2591 1604 saeculorum.
2625 1553 2818 1607 Amen.

315 1665 3629 1708 Ἢ

312 1758 445 1800 CUI
490 1761 662 1803 ANTE
703 1761 953 1806 IIULTOS
997 1763 1138 1806 DIES
1180 1764 1433 1809 CONTRA
1476 1767 1806 1812 ANOH‘EOS
1852 1770 2170 1828 DIXISSET,
2219 1775 2461 1818 DEINDE
2504 1778 2754 1823 CONTRA
2798 1782 3091 1840 JUDEOS,
3138 1787 3291 1831 ηικε
3337 1788 3624 1833 PROPTER

391 1861 836 1907 EPISCOPORUM
880 1846 899 1879 ¹
945 1866 1391 1922 PRESENTIAM,
1439 1869 1882 1923 MULTORUIQU

1992 1874 2333 1920 KARTYRUK
2388 1877 2834 1927 INTERJECTAII
2878 1885 3229 1931 HEHORIAII
3274 1890 3620 1946 SILUISSET,

387 1964 560 2011 NUNC
604 1967 866 2014 BURSUII
911 1971 1162 2017 CONTRA
1202 1972 1534 2019 ANOHCEOS
1577 1974 1660 2016 DE
1705 1974 2378 2024 INCOMPREHENSIBILL

343 539 505 594 agere
531 522 790 580 disceres.
818 515 942 579 HJ‘C
968 537 1072 580 non
1098 519 1200 581 hoc
1229 535 1432 582 tantum
1457 528 1576 584 loco
1600 529 1946 600 philosophe-

342 629 486 675 ntur.
515 615 611 670 sed
641 630 740 669 suo
769 626 1010 685 tempore
1040 618 1230 672 horum
1264 621 1629 676 recordemur.
1659 621 1941 676 Laudastis

337 719 403 760 ea
431 722 552 774 qua:
593 706 736 760 dicta
775 717 934 773 sunt,
981 708 1074 761 sed
1120 709 1373 778 Operibus
1412 711 1620 766 laudem
1664 712 1938 769 exhibete.

337 798 557 852 Athleta
583 798 780 869 quippe
820 799 870 853 in
901 800 1146 867 palmstra
1177 812 1488 870 exercetur,
1522 815 1578 860 ut
1605 804 1658 858 in
1688 807 1940 859 certami-

335 891 496 945 nibus
539 893 941 947 exercitationis
985 894 1270 949 utilitatem
1319 907 1722 953 commonstret.
1772 899 1838 954 Et
1881 908 1936 954 tu

330 997 463 1052 ergo
493 998 681 1037 eorum
713 999 832 1054 qua:
874 984 1103 1048 audisti,
1134 986 1418 1043 invadente
1457 987 1571 1055 ira,
1601 990 1807 1045 lucrum
1837 1007 1932 1045 ex-

330 1075 456 1130 hibe
485 1093 499 1128 :
529 1086 583 1130 et
606 1076 710 1132 hoc
735 1077 941 1132 dictum
976 1078 1282 1149 frequenter
1307 1081 1362 1135 in
1388 1096 1484 1137 ore
1513 1083 1649 1137 habe
1675 1102 1686 1136 :
1714 1084 1778 1137 Si
1801 1083 1936 1137 male

325 1166 567 1234 loquutus
595 1184 708 1222 sum
727 1210 742 1234 ,
785 1169 1126 1223 testimonium
1156 1171 1361 1238 perhibe
1385 1173 1448 1226 de
1471 1174 1647 1237 malo;
1687 1176 1732 1228 si
1759 1185 1929 1228 autem

1905 2110 2000 2124 -α

846 2182 1020 2222 δειυιο
1059 2185 1343 2226 SECUNDUS.

377 2293 428 2348 1.
462 2295 575 2365 Age
603 2297 794 2352 iterum
837 2300 1094 2356 adversus
1135 2302 1378 2358 inﬁdeles
1409 2305 1701 2361 Anomteos
1728 2316 1902 2362 certa-

299 2401 421 2441 men
446 2389 690 2444 ineamus
714 2408 728 2444 :
751 2392 838 2461 qui
864 2394 906 2445 si
931 2392 1145 2465 indigne
1167 2396 1338 2449 ferant
1357 2410 1415 2450 se
1438 2397 1681 2452 inﬁdeles
1699 2400 1897 2464 vocari,

297 2495 411 2533 rem
441 2481 542 2550 ipsi
589 2483 822 2553 fugiant,
855 2496 903 2539 et
933 2501 1034 2556 ego
1075 2504 1269 2542 nomen
1311 2489 1580 2559 obtegam.
1625 2491 1898 2545 Absistant

294 2573 362 2627 ab
392 2573 594 2629 inﬁdeli
623 2586 805 2632 mente
827 2621 840 2642 ,
877 2589 932 2632 et
967 2579 1218 2634 absistam
1248 2596 1277 2634 a
1309 2582 1703 2637 contumelioso
1731 2597 1896 2637 voca-

293 2663 439 2718 bulo.
488 2665 582 2719 Sin
629 2678 807 2722 autem
853 2669 951 2739 ipsi
993 2673 1247 2740 operibus
1285 2671 1444 2727 ﬁdem
1489 2673 1892 2740 inhonorantes,

291 2768 460 2826 seque
482 2757 580 2827 ipsi
609 2760 935 2829 turpitudine
958 2764 1232 2832 replentes
1251 2765 1399 2818 nullo
1425 2765 1629 2835 pudore
1653 2766 1893 2822 afﬁciun-

290 2858 396 2912 tur,
425 2849 679 2905 cur1nihi
710 2863 1082 2921 succenseant,
1113 2856 1158 2912 sl
1180 2858 1359 2914 verbis
1385 2873 1445 2912 ea
1473 2858 1744 2928 objiciam,
1772 2874 1892 2929 quae

289 2941 545 3010 operibus
593 2943 691 3012 ipsi
736 2944 1033 3000 exhibent?
1079 2946 1262 3018 Nuper
1297 2949 1440 3004 enim
1477 2965 1600 3004 eum
1647 2950 1700 3003 in
1735 2950 1891 3020 hujus

286 3030 669 3101 disputationis
694 3050 913 3090 arenam
943 3037 1347 3104 descendimus,
1384 3054 1439 3095 ut
1469 3042 1808 3109 meministis,
1835 3054 1891 3097 et

283 3121 472 3176 eadem
504 3127 796 3179 certamina
827 3127 1096 3194 inivimus,
1122 3146 1310 3201 pugnae
1336 3143 1518 3187 contra
1546 3135 1760 3190 Judaeos
1790 3151 1888 3190 nos

282 3217 463 3270 statim
513 3229 872 3288 exceperunt,
921 3224 1060 3291 quod
1111 3234 1281 3279 tutum
1327 3241 1434 3281 nor.
1478 3238 1622 3282 esset
1672 3231 1885 3298 propria

281 3308 525 3362 membra
556 3313 869 3380 aegrotantia
916 3317 1203 3386 negligere.
1239 3318 1366 3379 Nam
1394 3336 1671 3376 sermones
1696 3332 1883 3378 contra

279 3399 577 3455 Anommos
617 3418 836 3473 semper
880 3410 1163 3475 opportuni
1208 3420 1334 3465 sunt
1363 3429 1376 3464 :
1407 3420 1530 3467 tunc
1558 3425 1736 3469 autem
1772 3416 1880 3470 fra-

280 3497 392 3543 tres
422 3501 641 3547 nostros
676 3495 935 3562 quosdam
963 3509 1315 3568 aegrotantes,
1361 3511 1416 3557 et
1442 3503 1665 3559 Judaico
1692 3508 1881 3562 morbo

279 3577 620 3646 laborantes,
667 3583 768 3638 nisi
813 3601 1252 3659 praeoccupantes
1291 3595 1471 3648 statim
1520 3611 1586 3650 ex
1631 3597 1882 3654 incendio

275 3668 497 3725 Iudaico
545 3674 906 3742 eruissemus,
957 3679 1087 3732 nihil
1129 3681 1320 3750 juvare
1367 3683 1625 3754 deinceps
1671 3699 1879 3756 poterat

274 3760 595 3830 admonitio,
632 3779 753 3819 cum
789 3767 898 3836 jam
932 3770 1060 3826 illud
1107 3784 1381 3842 peccatum
1427 3778 1569 3832 circa
1613 3778 1874 3850 jejunium

274 3850 640 3908 admisissent.
693 3856 818 3913 Post
861 3863 1147 3918 commissa
1195 3865 1454 3923 adversus
1501 3871 1620 3926 illos
1667 3875 1871 3941 praalia,

275 3955 372 3995 nos
401 3945 625 3999 Patrum
656 3948 1010 4017 spiritualium
1051 3955 1278 4012 diversis
1307 3974 1374 4013 ex
1417 3961 1549 4016 locis
1583 3963 1875 4020 adventan-

274 4032 403 4085 tium
452 4033 749 4105 frequentia
793 4056 1004 4097 rursum
1049 4049 1259 4116 excepit
1289 4031 1516 4121 :'neque
1559 4057 1702 4108 enim
1749 4067 1874 4114 tunc

269 4135 632 4193 opportunum
657 4130 872 4201 fuisset,
902 4136 1007 4190 illis
1032 4153 1130 4194 ceu
1161 4139 1469 4199 ﬂuminibus
1499 4145 1548 4199 in
1582 4146 1683 4201 hoc
1708 4151 1868 4218 spiri-

270 4217 412 4271 tuale
457 4235 607 4275 mare
653 4223 1078 4293 conﬂuentibus,
1126 4240 1366 4286 nostrum
1414 4217 1868 4295 sermonemicx-

268 4306 436 4360 tendi.
484 4309 612 4364 Post
657 4312 867 4368 illorum
913 4317 1208 4387 profectum
1255 4334 1546 4395 martyrum
1593 4333 1868 4386 memorire

266 4395 577 4467 frequentes
614 4403 1012 4474 adventarunt;
1045 4411 1364 4467 athletarum
1410 4418 1712 4485 hujusmodi
1749 4423 1862 4475 lau-

263 4487 385 4542 dem
419 4492 611 4563 negligi
655 4510 761 4550 non
801 4501 1056 4566 Oportuit.
1099 4503 1224 4559 llaac
1263 4515 1440 4561 autent
1482 4510 1602 4564 dico
1633 4523 1686 4566 et
1726 4528 1864 4566 enu-

262 4597 416 4638 mero
437 4625 452 4650 ,
487 4602 554 4639 ne
586 4593 783 4655 putetis
814 4607 912 4646 nos
940 4609 1008 4648 ex
1048 4598 1271 4666 segnitie
1300 4609 1355 4653 et
1394 4602 1598 4657 desidia
1632 4607 1862 4673 quadam

260 4676 559 4729 certamina
591 4678 679 4732 illa
719 4680 1014 4740 distulisse.
1042 4687 1192 4743 Nunc
1224 4690 1401 4762 itaque
1427 4696 1858 4766 quandoquidem

260 4781 289 4817 a
317 4782 494 4837 pugna
521 4785 641 4825 cum
673 4772 874 4831 Iudaeis
903 4777 1055 4833 liberi
1097 4796 1313 4846 sumus,
1348 4795 1633 4857 patresque
1677 4790 1728 4843 in
1762 4805 1859 4859 pa-

260 4861 417 4914 triam
458 4877 609 4919 suam
655 4871 857 4922 reversi
899 4882 1022 4926 sunt
1047 4915 1061 4940 ,
1108 4889 1170 4927 ac
1207 4886 1500 4948 martyrum
1546 4881 1731 4937 laudes
1761 4898 1858 4938 nos

258 4953 391 5007 satis
431 4955 765 5015 delectarunt
798 4980 810 5015 :
841 4978 938 5032 age
974 4965 1283 5023 diuturnum
1327 4981 1560 5027 vestrum
1605 4976 1855 5031 audiendi

256 5045 585 5104 desiderium
613 5055 923 5122 expleamus
951 5076 965 5112 :
995 5061 1158 5128 probe
1179 5043 1375 5132 quippe
1400 5067 1520 5119 novi
1549 5082 1653 5141 non
1681 5071 1856 5125 minus

258 5152 355 5190 vos
408 5138 506 5194 hac
551 5141 619 5195 de
660 5161 717 5198 re
754 5147 940 5203 audire
983 5165 1202 5220 cupere,
1232 5171 1389 5222 quam
1434 5173 1522 5212 me
1563 5138 1851 5219 disserere.

251 5227 421 5300 Cujus
449 5235 524 5309 rei
555 5250 714 5289 causa
747 5249 851 5304 est,
884 5244 1024 5310 quod
1057 5245 1185 5300 urbs
1217 5259 1397 5302 nostra
1423 5250 1626 5318 jamdiu
1653 5253 1852 5312 Christi

252 5336 444 5377 amans
468 5325 538 5379 sit
581 5345 594 5381 :
631 5328 764 5385 hanc
809 5348 969 5401 porro
1008 5348 1283 5406 paternam
1316 5341 1664 5401 hereditatem
1693 5365 1851 5406 acce-

253 5414 429 5481 pistis,
459 5426 514 5470 ut
539 5433 825 5490 numquam
856 5426 1126 5497 religionis
1161 5432 1408 5502 dogmata
1434 5436 1721 5496 adulterari
1753 5459 1850 5512 pa-

253 5507 479 5562 tiamini.
524 5510 675 5568 Unde
715 5515 766 5570 id
807 5517 1013 5588 liquet?
1056 5523 1432 5583 Descenderam
1473 5532 1600 5586 olim
1640 5507 1848 5603 quidam

314 5659 930 5751 1.3.“119ﬂ3239953tvr
953 5677 1196 5751 ςιίίεορρίν.
1210 5680 1256 5751 tn
1280 5687 1514 5751 contem
1529 5686 1847 5751 Chrysostomi

384 5715 397 5719 _
497 5726 506 5734 _
541 5728 549 5734 ,
662 5715 674 5717 -
712 5715 919 5723 νην-ν.-.
956 5715 1180 5739 vra-ww,
1210 5715 1256 5728 -ι
1280 5715 1845 5751 υνιιισιωυωδδυθωωι

731 5734 1052 5808 appellantur.
1080 5743 1378 5808 tti_videnu1r
1400 5749 1559 5808 potius
1585 5749 1731 5802 fuisse
1756 5770 1845 5803 re-

465 5784 472 5785 κ
617 5791 622 5796 .
763 5784 805 5796 ..
945 5784 1368 5794 --s------_-_._.
1400 5784 1838 5808 remum...

248 5784 1025 5869 iffff..'.“f’,9?9}la‘l,“i."iﬁl‘m"?
1048 5805 1304 5855 mtiochiae
1335 5809 1515 5858 vicinas
1549 5811 1838 5869 ίηουιειιειιι.

244 5837 350 5890 Hae
363 5844 428 5894 de
450 5859 508 5895 re
525 5837 753 5909 pluribus

2013 2193 2045 2230 α
2072 2175 2258 2232 Ιιιάωα
2299 2178 2442 2249 (Act.
2477 2182 2563 2236 15.
2591 2182 2655 2256 1)
2699 2185 2964 2255 majorum
3007 2198 3308 2246 vestrorum
3351 2201 3614 2264 tempore,

2010 2282 2140 2336 pura
2169 2271 2477 2338 apostolicae
2507 2273 2765 2331 doctrinae
2790 2278 3040 2349 dogmata
3075 2282 3352 2339 turbantes
3373 2325 3386 2349 ,
3419 2289 3616 2356 prmci-

2011 2359 2323 2432 pientesque
2367 2363 2827 2422 circumcisionem
2868 2385 2931 2425 ac
2975 2371 3106 2441 legis
3147 2372 3394 2429 Mosaicae
3422 2375 3612 2432 obser-

2009 2455 2281 2509 vationem
2309 2473 2323 2509 :
2347 2473 2507 2527 quam
2534 2459 2762 2514 novandi
2785 2462 3090 2532 cupidinem
3113 2464 3272 2520 silere
3295 2482 3400 2520 non
3425 2477 3616 2538 potue-

2005 2555 2132 2600 runt
2159 2548 2250 2618 qui
2280 2557 2405 2604 tunc
2440 2551 2625 2606 urbem
2658 2562 2890 2609 vestram
2921 2556 3227 2613 incolebant
3258 2577 3272 2613 :
3301 2561 3396 2616 sed
3425 2577 3615 2632 quem-

2001 2637 2292 2693 admodum
2337 2643 2584 2711 generosi
2611 2659 2793 2711 canes,
2816 2648 2904 2716 qui
2947 2649 3102 2718 lupos
3130 2651 3377 2706 viderent
3405 2653 3613 2710 irruere

2001 2737 2057 2783 et
2104 2738 2272 2786 totum
2315 2748 2532 2802 gregem
2580 2735 2898 2803 devastare;
2951 2740 3028 2795 sic
3079 2741 3200 2797 illos
3238 2743 3410 2800 adorti
3437 2787 3451 2809 .
3499 2762 3607 2799 non

2004 2822 2149 2890 prius
2191 2825 2515 2882 destiterunt
2560 2829 2679 2885 illos
2712 2832 2940 2902 abigere
2983 2843 3039 2889 et
3078 2837 3386 2905 erpellere,
3433 2838 3607 2894 donec.

1999 2925 2250 2970 curarent
2287 2925 2348 2972 ut
2389 2919 2457 2973 ab
2488 2923 2746 2990 apostolis
2789 2924 3037 2994 dogmata
3069 2942 3164 2996 per
3205 2927 3394 2982 orbem
3431 2938 3603 2985 terra-

1997 3022 2116 3062 rum
2146 3024 2580 3079 quoquoversum
2609 3015 2978 3083 mitterentur,
3016 3034 3136 3086 qure
3165 3034 3288 3073 cum
3321 3021 3461 3084 illos,
3490 3030 3602 3077 tum

1997 3111 2117 3170 post
2143 3116 2461 3160 accessuros
2490 3121 2703 3172 omnes,
2734 3108 2894 3162 talem
2918 3110 3180 3165 adversus
3211 3111 3398 3168 ﬁdeles
3425 3114 3603 3169 incur-

1995 3209 2112 3247 sum
2143 3195 2420 3265 suscipere
2448 3213 2629 3264 ausos,
2662 3213 2998 3256 coercerent.

2064 3287 2120 3340 2.
2175 3286 2453 3342 Undenam
2499 3290 2662 3360 igitur
2706 3293 3124 3362 disputationem
3174 3297 3433 3353 adversus
3477 3300 3599 3355 illos

1991 3378 2312 3434 ordiemur?
2358 3380 2535 3445 Unde,
2579 3382 2817 3451 inquam,
2861 3386 2963 3439 nisi
3010 3387 3077 3439 ah
3116 3389 3440 3444 infidelitatis
3485 3392 3596 3445 eri-

1989 3469 2177 3526 mine?
2213 3471 2358 3527 Nihil
2390 3474 2533 3528 enim
2564 3491 2670 3528 non
2707 3485 2869 3546 agunt
2894 3485 2951 3531 et
2988 3480 3297 3546 moliuntur,
3343 3492 3399 3536 ut
3434 3482 3595 3539 ﬁdem

1986 3565 2056 3618 ab
2095 3564 2399 3619 auditorum
2446 3576 2629 3622 mente
2671 3569 3002 3635 excludant,
3044 3586 3152 3641 quo
3195 3574 3422 3629 crimine
3462 3577 3594 3645 quid

1985 3656 2199 3728 gravius
2245 3665 2433 3710 contra
2478 3659 2789 3728 religionem
2839 3677 2962 3717 esse
3011 3665 3222 3733 possit?
3266 3665 3400 3719 Cum
3443 3669 3587 3722 enim

1988 3748 2125 3802 Deus
2147 3749 2416 3819 quidpiam
2443 3753 2637 3818 sancit,
2666 3753 2809 3822 quod
2835 3754 3031 3809 dicitur
3059 3756 3286 3814 ﬁdeliter
3317 3763 3588 3832 accipien-

1983 3841 2110 3894 dum
2133 3850 2236 3910 est,
2264 3858 2364 3897 nec
2385 3842 2642 3898 audacter
2661 3845 3086 3915 disquirendum.
3116 3850 3283 3905 Vocet
3306 3868 3391 3907 me
3413 3855 3588 3923 quivis

1981 3947 2045 3987 ex
2091 3934 2195 3988 illis
2240 3935 2505 4003 infidelem
2533 3977 2550 4003 ,
2595 3954 2701 3991 non
2747 3939 2964 4010 indigne
3005 3940 3140 3997 fero.
3182 3943 3405 4014 Quare?
3447 3947 3584 4014 Quia

1979 4028 2231 4094 operibus
2271 4028 2360 4097 qui
2401 4030 2502 4082 sim
2543 4031 2891 4098 appellandus
2934 4034 3180 4089 ostendo.
3214 4037 3280 4089 Et
3306 4038 3430 4108 quid
3461 4039 3584 4094 dico

1978 4126 2134 4170 vocet
2161 4133 2246 4171 me
2276 4119 2545 4173 inﬁdelem
2568 4120 2591 4172 1
2617 4137 2704 4175 me
2733 4123 2952 4176 stultum
2983 4125 3034 4178 in
3062 4125 3278 4181 Christo
3308 4131 3574 4199 appellet:

1976 4222 2025 4263 ct
2059 4212 2158 4264 hac
2184 4214 2250 4266 de
2280 4229 2339 4267 re
2363 4215 2515 4282 quasi
2546 4215 2615 4269 de
2644 4230 2843 4271 corona
2880 4218 3154 4286 gloriabor
3181 4238 3194 4275 :
3225 4224 3422 4276 etenim
3452 4239 3575 4278 cum

1978 4303 2140 4357 Paulo
2191 4305 2242 4357 in
2290 4315 2495 4373 partem
2545 4307 2787 4376 ejusdem
2840 4311 3216 4380 appellationis
3260 4316 3461 4368 venio:
3505 4319 3581 4371 ait

1973 4396 2170 4464 quippe
2202 4414 2214 4448 :
2243 4394 2356 4450 Nos
2395 4398 2538 4451 stulti
2569 4412 2774 4469 propter
2799 4401 3058 4455 Christum
3096 4402 3116 4476 (
3143 4405 3190 4458 1.
3221 4405 3339 4459 Cor.
3367 4409 3421 4462 4.
3454 4409 3575 4480 10).

1973 4489 2099 4542 Hrec
2127 4491 2346 4544 stultitia
2378 4493 2523 4546 omni
2553 4495 2813 4563 sapientia
2845 4497 3158 4565 prudentior
3179 4511 3263 4554 est
3291 4519 3304 4554 :
3336 4517 3455 4555 nam
3485 4519 3571 4568 ea,

1970 4597 2088 4651 qua:
2120 4592 2340 4636 externa
2371 4585 2631 4654 sapientia
2672 4589 2915 4643 invenire
2956 4606 3062 4644 non
3097 4593 3288 4662 potuit,
3337 4593 3452 4648 haec
3484 4612 3573 4648 se-

1968 4672 2200 4726 cundum
2231 4671 2502 4729 Christum
2547 4678 2769 4733 stultitia
2820 4679 3044 4748 perfecit
3093 4702 3106 4735 :
3157 4683 3272 4738 hate
3323 4687 3573 4741 tenebras

1968 4765 2145 4835 abegit
2169 4782 2235 4819 ex
2265 4768 2430 4830 orbe,
2473 4766 2587 4823 inec
2619 4771 2798 4826 lumen
2841 4774 3079 4830 scientirc
3109 4779 3399 4832 revocavit.
3432 4779 3569 4846 Quid
3663 4829 3676 4840 ,

1967 4872 2128 4926 porro
2147 4865 2234 4912 est
2257 4860 2479 4916 stultitia
2505 4864 2799 4919 secundum
2826 4865 3139 4922 Christum?
3165 4869 3299 4924 Cum
3323 4873 3569 4941 proprias

1965 4949 2318 5019 cogitationes
2388 4953 2762 5025 intempestive
2832 4958 3071 5014 furentes
3137 4964 3564 5031 eomprimimus,

1962 5057 2084 5095 cum
2113 5051 2347 5098 mentem
2376 5055 2613 5100 nostram
2643 5063 2862 5104 enerna
2895 5052 3176 5122 disciplina
3202 5070 3422 5109 vacuam
3451 5055 3567 5110 efﬁ-

1961 5135 2167 5199 cimus;
2199 5146 2258 5191 ut
2281 5153 2402 5192 cum
2424 5144 2723 5210 oportuerit
2743 5145 2938 5199 Christi
2962 5147 3260 5202 doctrinam
3289 5154 3562 5220 excipere,

1961 5236 2238 5281 vacantem
2271 5229 2412 5282 illam
2436 5239 2493 5285 ct
2521 5233 2831 5288 mundatam
2859 5251 2958 5307 pro
2987 5241 3182 5294 divinis
3211 5240 3561 5298 admittendis

1958 5319 2136 5374 verbis
2163 5322 2527 5379 exhibeamus.

2030 5412 2182 5479 Fide,
2231 5434 2328 5470 non
2374 5419 2662 5486 ratiocinio,
2709 5425 2952 5478 utendum
2996 5427 3046 5480 in
3093 5430 3295 5484 divinis.
3327 5463 3392 5471 υ
3425 5432 3555 5485 Nam

1956 5521 2075 5560 cum
2113 5508 2251 5563 Deus
2277 5511 2477 5576 aliquid
2509 5516 2716 5582 sancit,
2754 5518 2895 5585 quod
2928 5535 3032 5572 non
3060 5521 3253 5576 debeat
3290 5526 3554 5580 curiosius

1955 5600 2242 5668 explorari,
2277 5602 2379 5657 ﬁde
2419 5604 2710 5675 accipiatur
2739 5617 2969 5678 oportet.
3019 5611 3231 5667 Etenim
3271 5615 3337 5670 de
3372 5618 3554 5687 hujus-

1956 5693 2098 5746 modi
2126 5695 2289 5749 rebus
2315 5698 2526 5752 curiose
2557 5701 2866 5771 perquirere
2889 5715 2942 5759 et
2970 5707 3206 5761 rationes
3232 5722 3548 5778 exposcere.

1955 5785 2275 5857 modumque
2303 5790 2585 5858 sciscitari,
2624 5794 2964 5850 andacissimi
3001 5808 3055 5852 et
3088 5801 3356 5854 temerarii
3382 5803 3547 5856 animi

1952 5887 2051 5929 est.
2099 5879 2250 5946 Quod
2299 5891 2349 5935 et
2398 5882 2569 5952 ipsum
2621 5901 2684 5941 ex
2733 5889 2901 5945 sacris
2928 5889 3221 5962 Scripturis
3247 5894 3540 5961 explanare
