4198 6324
530 436 626 491 ἨΙ

526 543 763 600 tentabo.
810 543 1099 601 Zacharias
1136 544 1215 602 vir
1258 546 1470 616 quidam
1515 554 1629 601 erat
1670 544 2012 600 admirandus
2052 553 2106 598 et

525 649 779 705 magnus,
809 650 1021 690 summo
1044 634 1340 691 sacerdotio
1369 644 1609 701 ornatus,
1642 636 1727 690 cui
1757 650 1785 688 a
1814 631 1925 689 Deo
1952 635 2113 689 totius

526 727 709 798 populi
738 726 1058 797 prmfectura
1087 728 1370 782 commissa
1403 726 1589 781 fuerat.
1625 728 1673 781 ls
1704 727 1758 780 in
1784 734 1964 779 sancta
1991 740 2116 778 sau-

526 826 734 871 ctorurn
782 819 834 871 in
876 818 1097 887 ipsaque
1142 816 1300 889 adyta
1332 818 1349 848 ί
1380 816 1683 887 ingressus,
1730 831 1851 885 qua:
1892 815 1991 885 ipsi
2022 814 2112 867 uni

526 904 610 960 fas
637 914 753 961 erat
778 906 1021 976 aspicere
1054 906 1315 979 (intellige
1338 921 1463 961 eum
1492 907 1755 960 universa:
1791 902 2115 959 multitudini

529 1013 712 1069 parem
745 1000 929 1064 fuisse,
976 999 1050 1053 ita
1095 1008 1151 1053 ut
1194 999 1608 1069 supplicationes
1656 1012 1752 1066 pro
1781 994 2117 1050 multitudine

534 1098 645 1145 tota
691 1089 911 1161 oﬁ'erret
954 1090 1087 1156 Deo,
1135 1098 1193 1145 et
1240 1090 1521 1144 Dominum
1570 1088 1783 1142 famulis
1829 1086 2116 1157 propitium

531 1180 778 1236 redderet
814 1179 1087 1254 {vidistin’
1116 1180 1323 1235 ﬁducia:
1373 1178 1789 1251 magnitudinem
1810 1179 1831 1210 ²
1855 1174 1915 1249 ?]
1969 1176 2120 1246 qua<i

1258 428 1311 488 5.
1351 430 1627 487 JOANNIS
1664 429 2133 487 CIIRYSOSTOMI
2174 429 2492 489 ARCHIEP.
2521 430 3052 491 CONSTANTINOP.

3696 434 3803 489 712

2217 546 2418 615 inquit,
2458 561 2597 601 nunc
2623 561 2834 617 pugnam
2862 548 3077 614 accipe;
3111 560 3338 615 cumque
3364 545 3523 600 rebus
3551 546 3678 617 ipsis
3704 563 3805 602 ve-

2218 638 2427 693 ritatem
2454 638 2894 707 comprobavere,
2927 647 3050 692 tunc
3080 638 3209 691 iram
3236 638 3439 691 solvam
3468 654 3482 689 :
3510 652 3631 691 cum
3666 637 3807 692 didi-

2216 731 2357 785 ceris
2385 740 2437 783 te
2458 730 2580 799 jure
2608 730 2816 799 plexum
2844 729 3025 794 fuisse,
3057 737 3181 782 tunc
3207 743 3235 781 a
3267 741 3421 796 penna
3455 737 3509 783 te
3538 728 3806 782 liberabo.

2218 821 2452 877 Audiant
2494 822 2739 877 Anomaai
2760 864 2775 889 ,
2805 831 3060 892 quantum
3092 821 3351 875 irascatur
3382 822 3555 885 Deus,
3584 835 3705 875 cum
3736 820 3810 875 de

2220 930 2279 969 se
2302 914 2561 969 curiosius
2588 914 2885 983 inquiritur.
2898 912 3049 981 Quod
3071 912 3114 966 si
3138 912 3245 978 ille,
3263 910 3384 980 quia
3407 911 3619 965 mortali
3645 926 3811 981 gene-

2221 1003 2412 1058 ratioui
2439 1018 2542 1057 non
2571 1002 2833 1068 crederet,
2857 1002 3106 1071 plectitur
3138 1017 3154 1053 ε
3185 1009 3239 1054 tu
3265 1000 3355 1069 qui
3384 1014 3634 1053 arcanam
3662 998 3814 1053 illam

2222 1105 2277 1151 et
2303 1110 2588 1167 supernam
2618 1094 3005 1165 perserutaris,
3034 1092 3301 1163 quomodo
3326 1090 3644 1161 supplicium
3672 1090 3817 1145 eﬁ‘u-

2221 1187 2354 1257 gies,
2377 1185 2463 1240 dic
2492 1184 2662 1240 mihi?
2690 1184 2780 1239 Ille
2809 1182 2941 1238 nihil
2969 1182 3218 1248 asseruit,
3242 1180 3336 1236 sed
3359 1181 3601 1235 ediscere
3625 1179 3818 1243 voluit,

531 1269 797 1327 mediator
844 1269 1059 1340 quidam
1106 1269 1201 1339 Dei
1245 1279 1300 1324 et
1343 1269 1660 1334 hominum;
1702 1268 1832 1322 vidit
1872 1266 2119 1337 angelum
2164 1276 2544 1346 )veniamque
2589 1284 2949 1345 consequutus
2993 1289 3098 1327 non
3136 1282 3219 1327 εει
3258 1289 3273 1325 ε
3316 1281 3371 1326 ιιι
3400 1285 3528 1325 vero
3566 1285 3663 1336 ea,
3695 1286 3820 1340 qua,

535 1362 681 1416 intus
708 1369 959 1426 stantem,
1005 1370 1060 1415 et
1088 1362 1211 1431 quia
1245 1363 1330 1415 hic
1370 1370 1617 1429 aspectus
1644 1360 1814 1413 virum
1846 1359 1896 1412 in
1933 1368 2121 1426 stupo-

536 1468 651 1509 rem
683 1454 929 1525 conjecit,
960 1454 1035 1507 ait
1063 1454 1175 1521 ille,
1208 1452 1290 1506 Ne
1317 1453 1492 1506 timeas
1513 1450 1815 1515 ,;Zachaiia
1836 1492 1848 1514 ,
1881 1450 2002 1519 quia
2029 1465 2122 1501 er-

536 1544 714 1597 audita
760 1552 831 1597 est
875 1543 1037 1597 oratio
1081 1553 1207 1608 tua;
1248 1552 1295 1595 et
1336 1559 1446 1610 ecce
1474 1543 1647 1613 gignes
1685 1542 1847 1609 ﬁlium
1878 1538 2041 1609 (Luc.
2070 1540 2124 1595 i.

539 1633 610 1687 15
628 1634 667 1702 ).
698 1632 949 1701 Qumnam
976 1632 1090 1686 hzec
1118 1632 1510 1702 consequutio?
1536 1647 1633 1702 pro
1663 1631 1858 1699 pepulo
1883 1630 2125 1699 rogabat,

540 1739 639 1793 pro
662 1724 869 1781 delictis
893 1723 1246 1793 supplicabat,
1271 1724 1476 1777 veniam
1495 1721 1794 1790 postulabat
1818 1721 2125 1786 conservis;

541 1824 631 1881 et,
667 1813 794 1867 Noli
822 1815 1022 1877 timere,
1052 1814 1256 1882 inquit,
1299 1812 1588 1879 Zacharia,
1629 1812 1865 1866 exaudita
1890 1822 1962 1865 est
1998 1813 2130 1865 enim

544 1908 707 1960 oratio
735 1916 854 1973 tua,
894 1916 946 1959 et
976 1906 1148 1975 ipsum
1190 1905 1496 1959 exauditum
1527 1903 1689 1960 fuisse
1717 1905 1841 1959 inde
1881 1920 2129 1974 compro—

546 1999 656 2063 bat,
680 1997 819 2067 quod
846 1999 1151 2052 nasciturus
1173 2007 1313 2051 esset
1340 1996 1441 2066 ipsi
1467 1997 1605 2051 ﬁlius
1626 1998 1841 2051 nomine
1864 1996 2134 2051 Joannes?

548 2093 624 2144 Ac
650 2091 770 2157 jure
795 2092 1008 2161 quidem
1049 2090 1261 2145 merito.
1293 2090 1426 2158 Quia
1468 2091 1609 2145 enim
1641 2102 1737 2159 pro
1778 2091 2005 2159 peccatis
2036 2104 2129 2158 po-

551 2181 659 2249 puli
685 2182 920 2251 rogabat,
953 2182 1119 2235 filium
1146 2181 1386 2236 editurus
1414 2190 1551 2246 erat,
1580 2181 1669 2250 qui
1699 2183 1975 2245 clamaret,
2004 2179 2136 2233 Ecce

556 2287 725 2338 agnus
752 2270 867 2334 Dei,
911 2273 1000 2339 qui
1041 2272 1179 2324 tollit
1213 2283 1486 2339 peccatum
1518 2275 1699 2327 mundi
1723 2272 1911 2343 (Joan.
1944 2276 1990 2329 l.
2025 2275 2140 2344 29),

548 2362 677 2430 jure
707 2362 820 2427 ait,
850 2360 1127 2421 Exaudita
1149 2373 1226 2415 est
1269 2366 1442 2418 oratio
1492 2375 1582 2417 tua
1605 2405 1618 2427 ,
1661 2374 1709 2419 et
1738 2366 1912 2433 gigues
1955 2366 2137 2431 ﬁlium

550 2450 688 2517 Quid
719 2452 878 2522 igitur
922 2452 1054 2507 ille?
1098 2452 1250 2521 Quod
1298 2452 1443 2507 enim
1493 2452 1837 2520 proponimus
1885 2454 1988 2508 tale
2033 2464 2135 2521 est,

556 2543 752 2597 nullam
776 2544 984 2599 veniam
1016 2544 1131 2598 dari
1161 2546 1259 2610 eis,
1284 2545 1373 2613 qui
1402 2544 1614 2597 modum
1644 2546 1979 2599 oraculorum
2006 2546 2139 2600 divi-

557 2649 747 2689 norum
789 2636 1052 2689 curiosius
1094 2645 1437 2701 scrutantur;
1482 2636 1575 2689 sed
1607 2651 1791 2690 eorum
1821 2638 2139 2692 sententiam

558 2726 662 2781 fide
690 2727 1052 2796 accipiendam
1092 2742 1233 2781 esse.
1268 2727 1492 2783 Videbat
1531 2738 1742 2783 tetatem
1776 2743 1962 2793 suam,-
1992 2730 2140 2783 cani-

559 2821 705 2884 tiem,
734 2832 931 2887 corpus
954 2818 1275 2873 imbecillum
1303 2837 1315 2872 :
1340 2818 1551 2873 videbat
1581 2820 1706 2873 item
1730 2819 1910 2873 uxoris
1939 2820 2140 2873 sterili-

559 2920 756 2974 tatem;
789 2909 1003 2963 modum
1028 2908 1235 2965 discere
1264 2909 1447 2975 voluit,
1472 2918 1524 2963 et
1552 2909 1660 2975 ait,
1689 2908 1835 2964 Unde
1862 2910 1957 2962 hoc
1984 2911 2142 2963 sciam

560 2998 725 3069 (Luc.
756 3000 808 3054 1.
834 2999 974 3070 18)2
1002 2998 1281 3065 Quomodo
1310 2998 1437 3054 illud
1478 3000 1621 3054 erit?
1650 2999 1767 3054 lam
1806 3000 2061 3054 consenui
2090 3008 2146 3055 et

560 3090 793 3155 incanui,
823 3098 878 3145 et
902 3104 1036 3165 uxor
1063 3104 1181 3145 mea
1205 3089 1422 3155 sterilis,
1450 3099 1701 3159 provecta
1729 3090 1781 3145 in
1807 3090 1993 3144 diebus
2011 3090 2141 3154 suis,

562 3188 691 3236 tetas
724 3183 896 3251 inepta
917 3221 934 3248 ,
978 3192 1163 3235 natura
1207 3182 1467 3237 imbecilla
1504 3198 1519 3236 :
1560 3197 1660 3251 qua
1692 3182 1895 3237 ratione
1924 3190 2149 3252 possunt

538 3274 765 3344 "expleri
793 3274 1091 3343 promissa?
1117 3290 1215 3345 ego
1252 3275 1341 3344 qui
1370 3289 1544 3330 seram
1574 3274 1833 3339 inlirmus,
1866 3291 1983 3345 qua:
2009 3275 2145 3329 seri-

566 3377 652 3421 tur
688 3367 901 3421 sterilis.
930 3370 1123 3421 Annon
1155 3367 1397 3421 videatur
1420 3369 1570 3421 venia
1598 3364 1799 3437 'diguus
1841 3367 1927 3435 qui
1970 3381 2146 3420 rerum

565 3459 1039 3526 consequutionem
1080 3467 1318 3527 quaerat,
1363 3472 1483 3512 cum
1528 3472 1559 3511 e
1588 3473 1645 3511 re
1686 3457 1827 3526 loqui
1866 3456 2151 3510 videatur?

567 3550 635 3602 At
662 3563 768 3602 non
793 3549 900 3604 Deo
920 3548 1112 3617 dignus
1134 3550 1287 3605 venia
1308 3548 1455 3621 visus
1478 3558 1590 3613 est;
1623 3558 1677 3602 et
1702 3550 1889 3603 merito
1914 3548 2151 3618 quidem.

569 3638 702 3693 Cum
732 3637 873 3693 enim
902 3639 1041 3693 Deus
1069 3640 1388 3694 sententiam
1414 3639 1564 3706 dicit,
1594 3655 1701 3693 non
1724 3649 1906 3693 contra
1939 3640 2154 3692 ratioci-

572 3732 831 3798 nandum,
861 3746 1033 3801 neque
1063 3748 1241 3785 rerum
1270 3734 1616 3802 consequutio
1636 3732 1719 3786 vel
1743 3740 1946 3785 natura:
1970 3746 2157 3785 neces-

573 3823 705 3877 sitas
729 3822 1023 3892 ohjicienda
1040 3831 1358 3897 est,_neque
1378 3822 1679 3892 hujusmodi
1702 3822 1968 3892 quidpiam
1996 3838 2157 3891 agen-

573 3913 701 3967 dum
734 3912 861 3967 :his
889 3913 1085 3983 quippe
1126 3914 1375 3968 omnibus
1415 3914 1656 3984 superior
1684 3922 1765 3967 est
1810 3914 2000 3967 divinae
2032 3928 2159 3967 sen-

577 4006 755 4060 tentiae
793 4006 909 4071 vis,
954 4006 1083 4059 nulli
1125 4006 1357 4069 obnoxia
1403 4006 1797 4075 impedimento.
1842 4005 1977 4072 Quid
2022 4006 2157 4074 agis,

578 4096 783 4152 homo?
830 4097 971 4151 Deus
1013 4098 1325 4166 pollicetur,
1358 4107 1422 4151 et
1458 4097 1523 4151 ad
1564 4106 1773 4151 :etatem
1804 4095 2076 4163 confugis,
2109 4104 2165 4149 et

579 4196 909 4244 senectutem
938 4187 1168 4257 obiicis?
1198 4203 1323 4241 num
1354 4187 1621 4257 potentior
1642 4196 1891 4240 senectus
1923 4186 2013 4239 Dei
2043 4201 2163 4254 pro-

580 4279 874 4333 missione?
913 4294 1039 4333 num
1068 4278 1290 4332 validior
1312 4288 1506 4339 natura
1533 4288 1776 4331 creatore
1814 4276 1954 4329 suo?
1992 4276 2167 4331 nescis

583 4371 737 4425 fortia
764 4384 883 4425 esse
905 4371 1186 4424 verborum
1214 4370 1329 4438 ejus
1352 4369 1560 4437 opera?
1589 4369 1809 4421 verbum
1838 4368 1953 4435 ejus
1976 4369 2166 4421 ezelum

584 4461 891 4527 constituit,
922 4460 1143 4514 verbum
1171 4459 1286 4529 ejus
1315 4467 1611 4515 creaturam
1644 4457 1918 4527 produxit,
1948 4456 2167 4511 verbum

587 4553 702 4620 ejus
731 4552 948 4621 angelos
974 4550 1117 4615 fecit,
1148 4558 1202 4605 et
1231 4558 1284 4603 tu
1308 4548 1374 4603 de
1404 4548 1496 4602 filii
1523 4549 1892 4617 procreatione
1922 4547 2171 4600 dubitas?

589 4641 711 4695 Ideo
750 4642 1051 4712 indignatus
1092 4649 1175 4695 est
1214 4641 1465 4709 angelus,
1498 4653 1668 4707 neque
1706 4636 1987 4692 sacerdotii
2013 4652 2171 4691 causa

590 4733 825 4803 pepercit
849 4751 864 4799 ;
895 4733 1001 4786 imo
1030 4748 1155 4786 vero
1186 4730 1254 4785 ob
1282 4732 1507 4801 idipsum
1536 4731 1832 4800 graviorem
1863 4730 2037 4784 intulit
2063 4745 2174 4798 pa:-

592 4838 735 4878 nam.
767 4823 897 4877 Nam
925 4838 1047 4877 eum
1068 4863 1083 4889 ,
1111 4823 1199 4892 qui
1227 4822 1343 4889 plus
1372 4824 1581 4876 caeteris
1618 4820 1891 4875 obtinebat
1932 4820 2172 4885 honoris,

593 4916 797 4985 majore
842 4930 1003 4985 quam
1056 4914 1145 4967 alii
1196 4915 1298 4968 fide
1346 4914 1660 4967 instructum
1708 4926 1828 4966 esse
1873 4913 2174 4981 oportebat.

592 5008 723 5073 Quis
748 5016 925 5063 autem
966 5022 1141 5077 plena:
1169 5006 1400 5061 modus?
1442 5003 1576 5058 Ecce
1609 5006 1709 5058 erit
1747 5012 1947 5068 tacens,
1992 5014 2038 5057 et
2078 5020 2178 5057 non

597 5101 781 5171 poteris
809 5099 942 5169 loqui
1002 5096 1160 5166 (ibid.
1190 5114 1236 5151 υ.
1260 5097 1376 5167 20).
1405 5096 1606 5167 Lingua
1637 5105 1744 5161 tua,
1768 5094 1971 5164 inquit,
2001 5096 2177 5149 incre-

594 5191 835 5247 dulitatis
860 5200 962 5243 tuae
991 5188 1235 5262 ministra
1264 5188 1395 5253 fuit,
1428 5187 1538 5257 ipsa
1583 5186 1965 5240 incredulitatis
1998 5198 2180 5253 prunas

600 5286 711 5339 luet
739 5300 753 5337 :
780 5280 911 5336 Ecce
936 5283 1035 5336 eris
1062 5292 1247 5345 tacens,
1279 5290 1325 5333 et
1350 5296 1451 5332 non
1481 5278 1700 5348 loqueris
1730 5277 1887 5330 donec
1914 5276 2005 5329 illa
2033 5276 2177 5343 ﬁant.

599 5374 977 5431 Animadverte
1008 5374 1386 5443 benignitatem
1413 5371 1643 5425 Domini.
1680 5368 1798 5423 Non
1827 5367 2003 5423 credis
2027 5364 2178 5431 mihi,

672 5568 683 5594 ¹
724 5572 849 5625 tunc,
868 5561 918 5613 in
940 5561 1045 5626 ipsa
1066 5560 1233 5626 adyta,
1260 5559 1325 5626 in
1347 5556 1495 5626 _Savi_l.
1519 5563 1568 5605 et
1602 5555 1661 5626 in.
1686 5554 1866 5624 aliquot
1886 5551 2194 5626 essuries-tut

604 5630 701 5685 hic,
720 5628 807 5675 scd
826 5614 1067 5688 ponuntur
1090 5614 1318 5688 ini'ra’sic,
1339 5618 1617 5688 hominum;
1642 5616 1693 5666 in
1708 5614 2194 5688 ipsdadytatuntnin-

1304 5671 1681 5752 ὺυοεῌθοιίμδ·
1718 5671 1860 5752 sane
1901 5671 2193 5752 Imm

609 5698 958 5752 gressus,vtau
1092 5698 1277 5735 etum...
1304 5698 1435 5739 υυω
1482 5698 1681 5729 rectius.
1719 5698 1860 5748 ventu
1912 5698 2021 5735 μυοι
2060 5698 2063 5718 ι

609 5752 843 5802 ιιηὲιιενδαε
1189 5756 1357 5809 parem
1392 5743 1557 5805 fuisse,
1589 5741 1770 5790 desunt
1806 5750 1857 5786 tn
1902 5732 2063 5784 Morel.

675 5814 695 5843 ¹
728 5820 837 5863 ttzee
856 5850 869 5871 ,
894 5812 1104 5862 vidistin’
1128 5810 1327 5875 ﬁducia:
1351 5811 1763 5875 magnitudinem?
1785 5813 1964 5863 desunt
1982 5811 2031 5862 in
2053 5809 2191 5863 Savil.

611 5880 664 5923 et
688 5876 731 5921 in
759 5876 1044 5939 quibusdam
1063 5881 1170 5925 Msa.

2226 1374 2475 1427 omnibus
2500 1371 2783 1427 invisibilia
2816 1366 3479 1438 incomprehensibiliaque
3505 1374 3652 1429 sunt,
3677 1362 3828 1415 affir-

2228 1482 2416 1532 mans,
2463 1481 2623 1536 quam
2666 1463 2887 1518 habebis
2930 1458 3338 1517 defensionem?
3384 1455 3527 1527 quod
3573 1470 3680 1509 non
3725 1453 3823 1507 tibi

2231 1559 2507 1630 pertrahes
2531 1556 2896 1626 supplicium?

2301 1652 2354 1705 5.
2384 1649 2613 1705 Anomaei
2641 1647 2870 1701 dicebant
2897 1662 2949 1701 se
2970 1643 3135 1699 Deum
3161 1658 3306 1697 nosse
3330 1649 3384 1694 ut
3403 1639 3566 1709 seipse
3590 1646 3823 1692 noverat.

2231 1742 2499 1796 --Verum
2524 1740 2639 1794 hme
2664 1740 2730 1794 de
2754 1737 3097 1810 generatione
3116 1732 3402 1803 diSputatio
3427 1746 3580 1786 suum
3608 1730 3659 1784 in
3686 1739 3831 1783 tem—

2234 1851 2333 1906 pus
2361 1842 2685 1900 reservetur,
2710 1834 3027 1903 interimque
3050 1830 3195 1900 prius
3216 1837 3587 1898 argumentum
3608 1833 3827 1893 repeta-

2236 1944 2375 1994 mus,
2404 1926 2557 1996 cujus
2582 1941 2751 1995 nuper
2772 1925 3025 1994 reliquias
3051 1921 3373 1986 dimisimus,
3390 1919 3526 1981 ,dum
3557 1916 3827 1989 pernicio~

2235 2034 2348 2073 sam
2380 2019 2523 2072 illam
2550 2019 2806 2082 radicem,
2838 2010 3074 2069 omnium
3107 2012 3367 2066 malorum
3401 2018 3648 2073 matrem,
3680 2005 3832 2060 evel-

2239 2108 2349 2162 lere
2374 2122 2715 2172 conaremur,
2748 2104 3015 2159 undenam
3044 2104 3149 2157 illis
3188 2103 3302 2156 haac
3330 2100 3575 2169 dogmata
3607 2097 3834 2151 suborta

2240 2210 2381 2255 sunt.
2415 2200 2671 2267 Quzenam
2700 2198 2786 2251 illa
2820 2196 2971 2250 radix
3007 2194 3268 2249 malorum
3300 2190 3582 2245 omnium?
3626 2187 3838 2241 credite

2238 2293 2394 2356 mihi,
2427 2306 2513 2345 me
2540 2291 2681 2344 illam
2716 2289 3178 2358 pronuntiaturum
3224 2284 3415 2338 horror
3456 2290 3681 2349 occupat
3706 2297 3719 2333 :
3749 2279 3838 2347 pi-

2240 2392 2327 2453 get
2356 2398 2417 2438 ea
2445 2396 2663 2436 narrare
2686 2396 2805 2451 qum
2832 2380 2907 2433 illi
2934 2393 3146 2447 semper
3186 2376 3529 2429 meditantur.
3573 2373 3836 2440 Quaenam

2244 2476 2405 2544 igitur
2429 2482 2511 2528 est
2540 2474 2729 2527 horum
2776 2472 3037 2525 malorum
3078 2466 3271 2523 radix?
3318 2468 3491 2520 Ausus
3540 2473 3622 2517 est
3673 2464 3842 2515 homo

2244 2566 2444 2629 dicere,
2480 2565 2647 2618 Deum
2680 2563 2824 2627 novi,
2856 2570 2914 2615 ut
2938 2563 3053 2631 ipse
3087 2561 3225 2613 Deus
3244 2558 3477 2627 seipsum
3501 2554 3665 2609 novit.
3686 2550 3843 2608 llaec—

2245 2658 2363 2711 cine
2426 2654 2789 2709 confutatione
2843 2652 3079 2722 indigent
3111 2691 3127 2717 ,
3201 2648 3433 2703 haeccine
3498 2645 3846 2700 demonstra-

2246 2746 2434 2801 tione?
2462 2734 2639 2799 annon
2691 2744 2821 2797 satis
2874 2750 2957 2797 est
2994 2740 3110 2795 haec
3164 2738 3333 2793 solum
3384 2735 3546 2792 verba
3576 2734 3843 2804 proferre,

2248 2845 2306 2891 ut
2358 2845 2468 2891 tota
2532 2848 2720 2889 eorum
2783 2833 3031 2903 impietas
3083 2828 3386 2884 reveletur?
3440 2825 3654 2881 Eten'nn
3725 2823 3848 2878 haec

2248 2927 2453 2981 insania
2532 2933 2615 2979 est
2685 2924 2963 2993 perspicua
3009 2963 3024 2989 ,
3099 2919 3330 2974 amentia
3410 2915 3787 2971 inexcusabilis
3826 2954 3846 2977 ,

2250 3032 2421 3073 novus
2487 3015 2777 3086 impietatis
2820 3013 3045 3068 modus.
3094 3011 3262 3065 Nemo
3327 3008 3597 3079 quidpiam
3658 3005 3852 3073 hujus-

2251 3108 2395 3165 modi
2436 3108 2521 3163 vel
2575 3117 2754 3163 mente
2809 3104 3114 3174 concipere,
3167 3100 3252 3157 vel
3281 3101 3455 3170 lingua
3484 3096 3724 3167 proferre
3750 3112 3852 3148 au-

2252 3216 2343 3256 sus
2365 3208 2467 3256 est.
2496 3199 2704 3269 Cogita,
2754 3197 2918 3252 miser
2966 3204 3021 3249 et
3071 3193 3274 3255 infelix,
3324 3190 3568 3260 quisnam
3616 3188 3732 3251 sis,
3786 3195 3851 3240 et

2253 3308 2539 3365 quemnam
2572 3300 2678 3345 tam
2707 3290 2917 3344 curiose
2939 3285 3191 3342 scruteris
3223 3302 3237 3336 :
3270 3283 3430 3361 homo
3460 3294 3583 3335 cum
3613 3279 3705 3342 sis,
3744 3278 3853 3331 De-

2257 3400 2343 3438 um
2371 3380 2657 3452 exploras?
2689 3379 2782 3433 Vel
2803 3378 3014 3430 nomina
3040 3390 3181 3428 mera
3206 3373 3335 3427 satis
3355 3379 3498 3436 sunt,
3526 3378 3583 3424 ut
3609 3366 3854 3421 stultitia:

2258 3473 2677 3545 magnitudinem
2704 3470 2975 3524 declarent
3003 3486 3015 3521 :
3048 3468 3207 3519 homo
3231 3472 3371 3518 terra
3412 3470 3467 3515 et
3506 3460 3675 3525 cinis,
3721 3472 3855 3511 caro

2258 3565 2576 3637 ct‘sanguis,
2606 3561 2807 3616 fteuum
2835 3570 2888 3613 et
2918 3557 3015 3611 llos
3043 3556 3190 3617 fatui,
3222 3554 3427 3617 umbra,
3457 3550 3656 3614 fumus,
3691 3547 3849 3600 vani-

2262 3670 2363 3723 tas,
2395 3667 2450 3712 et
2476 3656 2521 3711 si
2547 3654 2673 3724 quid
2704 3652 2784 3706 his
2816 3651 3096 3705 obscurius
3120 3656 3175 3701 et
3203 3645 3377 3697 vilius.
3428 3641 3609 3711 Neque
3654 3637 3858 3709 putetis

2263 3751 2378 3805 haec
2404 3744 2712 3803 incusanda:
2734 3752 2938 3797 natura:
2967 3753 3126 3795 causa
3156 3736 3259 3790 diei
3289 3754 3301 3789 :
3359 3747 3531 3805 neque
3559 3732 3701 3786 enim
3727 3744 3855 3798 ego,

2264 3842 2357 3897 sed
2388 3838 2662 3911 propheta:
2693 3837 2763 3889 ita
2806 3832 3268 3904 philosophantur,
3301 3842 3406 3881 non
3440 3835 3497 3877 ut
3543 3838 3708 3893 genus
3757 3836 3862 3874 no-

2264 3943 2435 3988 strum
2468 3928 2732 3985 dedecore
2760 3924 3013 3985 afficiant,
3040 3920 3134 3975 sed
3164 3927 3224 3973 ut
3251 3919 3559 3972 insanorum
3590 3923 3860 3975 tumorem

2266 4024 2664 4095 comprimaut;
2696 4034 2802 4073 non
2831 4025 2888 4070 ut
2916 4024 3157 4068 naturam
3206 4018 3443 4064 nostram
3486 4010 3860 4068 contemnant,

2268 4118 2363 4174 sed
2405 4124 2463 4169 ut
2509 4114 2829 4167 furiosorum
2880 4104 3236 4175 arrogantiam
3280 4099 3551 4168 dejiciant.
3605 4095 3737 4151 Nam
3788 4094 3861 4160 si,

2271 4218 2552 4279 postquam
2584 4204 2659 4258 illi
2689 4212 2766 4256 tot
2794 4209 3044 4267 tantaque
3066 4196 3273 4257 dixere,
3302 4190 3499 4259 reperti
3531 4195 3707 4241 tamen
3736 4192 3868 4239 sunt

2273 4301 2363 4370 qui
2385 4298 2674 4353 verborum
2696 4292 2983 4364 petulantia
3006 4288 3181 4356 ipsum
3205 4281 3477 4337 diabolum
3505 4284 3861 4347 superarunt:

2274 4394 2319 4447 si
2369 4392 2501 4446 nihil
2548 4385 2811 4458 ejusmodi
2841 4385 3039 4438 dictum
3072 4379 3275 4441 fuisset,
3303 4388 3409 4444 quo
3439 4372 3653 4427 tandem
3680 4384 3869 4421 amen-

2276 4488 2363 4541 tiae
2394 4500 2499 4539 non
2528 4477 2940 4553 prorupissent‘l
2970 4474 3025 4529 Si
3052 4471 3349 4549 appositam
3395 4466 3653 4519 habentes
3696 4460 3869 4514 medi-

2276 4582 2475 4646 cinam,
2502 4577 2674 4631 adhuc
2705 4584 2879 4627 tamen
2905 4566 3179 4627 inﬂantur,
3224 4576 3331 4646 (ιιξο
3374 4559 3590 4613 demum
3643 4553 3870 4608 tumeris

2279 4634 2333 4728 et
2360 4634 2675 4741 arrogantia:
2706 4679 2811 4719 non
2841 4658 3248 4731 processissent,
3281 4634 3389 4706 °nisi
3418 4650 3542 4704 talia
3593 4646 3667 4699 illi
3722 4645 3869 4697 circa

2282 4736 2523 4821 naturam
2556 4762 2841 4814 humanam
2865 4747 3251 4823 protulissent?
3284 4744 3417 4798 Audi
3448 4742 3607 4811 igitur
3634 4736 3757 4807 quid
3801 4737 3871 4789 de

2282 4859 2459 4927 seipse
2482 4851 2809 4919 diealjustus
2835 4847 2923 4900 ille
2952 4840 3271 4911 patriarcha,
3304 4835 3415 4904 Ego
3439 4842 3603 4885 autem
3629 4845 3740 4882 sum
3764 4836 3867 4879 ter-

2282 4966 2342 5001 ra
2365 4923 2414 5000 et
2445 4945 2571 4997 cinis
2593 4940 2743 5013 (Gen.
2778 4937 2863 4991 18.
2882 4935 2949 4988 27
2970 4934 3009 5003 ).
3038 4933 3171 4985 Cum
3201 4929 3308 4981 Deo
3334 4923 3668 4993 loquebatur,
3698 4934 3875 4987 neque

2286 5051 2463 5095 tamen
2490 5032 2809 5091 conﬁdentia
2841 5024 3161 5082 efferebatur
3187 5038 3201 5087 ;
3234 5020 3342 5073 imo
3372 5016 3453 5070 vel
3484 5014 3589 5068 hoc
3616 5014 3787 5081 ipsum
3815 5020 3876 5063 ut

2286 5131 2563 5186 moderate
2593 5132 2775 5195 ageret
2800 5120 2899 5190 ipsi
2930 5114 3206 5171 suadebat.
3237 5110 3303 5165 Hi
3330 5124 3478 5172 vero,
3536 5106 3627 5176 qui
3657 5117 3877 5195 neum-

2288 5224 2381 5278 bra
2405 5216 2795 5291 quidemillius
2821 5210 2968 5281 digni
2994 5216 3143 5271 sunt,
3179 5219 3237 5259 se
3258 5200 3461 5271 angelis
3488 5198 3618 5268 ipsis
3645 5194 3879 5263 majores

2290 5329 2407 5370 esse
2430 5319 2657 5383 putant:
2704 5303 2844 5377 quod
2886 5311 3145 5356 extrema:
3189 5292 3475 5349 dementia:
3505 5296 3879 5383 argumentum

2291 5418 2392 5463 est.
2419 5378 2657 5460 Dcnmne
2684 5396 2961 5459 scrutaris,
2990 5394 3076 5447 die
3104 5388 3271 5453 mihi,
3317 5389 3407 5455 qui
3451 5385 3569 5437 sine
3618 5378 3883 5449 principio

2292 5507 2391 5563 est,
2428 5492 2759 5550 invariabilis
2782 5528 2796 5552 ,
2848 5487 3236 5554 incorporeus,
3284 5472 3701 5557 incorruptibilis
3724 5510 3739 5533 ,
3790 5470 3884 5537 qui

2294 5590 2489 5657 ubique
2515 5585 2687 5649 adest,
2718 5578 2969 5637 etomnia
2998 5580 3234 5643 superat,
3260 5570 3612 5632 universaque
3634 5569 3885 5657 creatura

2295 5652 2539 5751 superior
2568 5675 2688 5731 est?
2720 5671 2859 5727 Audi
2909 5667 3035 5739 quid
3086 5664 3155 5719 de
3208 5662 3298 5717 illo
3327 5652 3887 5751 prephetzephiloso-

2296 5745 2547 5845 phentur,
2578 5779 2633 5825 et
2658 5775 2837 5822 metue
2868 5782 2880 5816 :
2915 5761 3013 5826 Qui
3033 5754 3235 5825 respicit
3254 5763 3461 5817 terram,
3514 5757 3560 5802 et
3592 5745 3724 5845 facit
3772 5758 3889 5795 eant

2300 5840 2509 5924 tremere
2537 5860 2707 5937 (ρςαι.
2742 5852 2989 5924 105.32)
3011 5870 3024 5908 :
3054 5849 3263 5921 aspexit
3286 5845 3481 5911 solum,
3513 5852 3566 5898 ct
3592 5840 3735 5896 illam
3764 5848 3888 5893 tan-
