4174 6336
271 409 364 462 7-H
1310 404 1400 460 DE
1441 383 2140 461 INCOMPREIIE'NSIBILI
2184 404 2294 461 DEI
2332 403 2642 458 NATURA.
2687 400 2749 458 11.

262 521 360 576 τοῦ
404 520 544 576 Θεοῦ
570 521 671 592 τὴν
709 519 1045 590 προστασίαν
1081 519 1592 591 ἐμπεπιστευμένος
1637 520 1732 573 τοῦ
1774 520 1951 591 δήμου

263 611 492 674 παντός·
530 601 689 671 οὗτος
717 611 744 660 0
784 607 1061 678 Ζαχαρίας
1113 607 1373 660 εἰσελθὼν
1408 610 1490 670 εἰς
1535 607 1606 660 τά
1655 608 1793 676 ἆγια
1840 608 1952 663 τῶν

264 699 457 766 ἁγίων,
501 699 582 761 είς
625 696 766 750 αὑτά
804 696 874 749 τέι
905 697 1072 750 ἀδυτα
1107 707 1155 760 ι,
1186 694 1227 750 ἃ.
1265 695 1412 768 μόνῳ
1455 697 1565 749 τῶν
1603 697 1820 750 πάντων
1857 697 1954 750 ἀν-

263 787 498 858 θρώ-των
533 786 725 857 ἐκείνῳ
765 781 932 856 ’θέμις
969 781 1038 857 ἦν
1083 785 1205 838 τότε
1249 785 1383 856 όρᾷν
1431 785 1548 855 (καὶ
1595 786 1787 858 σκόπει
1834 783 1952 848 πῶς

261 874 360 926 καὶ
386 873 476 926 τοῦ
514 873 751 944 πλήθους
785 873 984 937 παντὸς
1029 872 1358 944 ἀντίρῥοπος
1401 869 1492 944 ἦν,
1544 873 1619 937 ὡς
1655 873 1750 926 καὶ
1796 871 1952 936 λιτάς

261 960 408 1031 ὑπὲρ
434 959 529 1015 τοῦ
560 960 799 1033 πλήθους
836 960 1039 1023 παντὸς
1067 961 1364 1030 ἀναφέρειν
1394 958 1472 1029 τῷ
1514 958 1656 1030 Θεῷ,
1697 961 1794 1012 καὶ
1823 958 1952 1012 ἵλεω

259 1049 440 1101 ποιεῖν
466 1048 558 1103 τὸν
584 1047 865 1118 Δεσπότην
890 1049 1004 1111 τοῖς
1028 1047 1269 1110 οἰκέταις
1307 1042 1469 1117 (εἶδες
1503 1046 1820 1118 παρρησίας
1856 1047 1951 1117 μέ-

258 1134 471 1205 γεθος;)
506 1135 760 1206 καθάπερ
796 1134 1024 1206 μεσίτης
1053 1152 1138 1199 τις
1169 1133 1246 1188 ὢν
1278 1132 1414 1188 Θεοῦ
1465 1135 1560 1188 καὶ
1594 1132 1946 1205 ἀνθρώπων),

256 1217 402 1275 εἶδεν
421 1223 650 1290 ἀγγελον
681 1220 827 1275 ἐνδον
855 1221 1089 1286 ἐστῶτα,
1114 1223 1209 1276 καὶ
1233 1221 1418 1293 ἐπειδὴ
1446 1221 1744 1292 ἐξέπληξεν
1770 1224 1802 1291 ή
1828 1221 1950 1291 ὄψις

258 1309 354 1361 τὸν
399 1309 708 1380 ἄνθρωπον,
764 1311 929 1380 φησὶν
977 1310 1218 1373 ἐκεῖνος’
1270 1309 1368 1377 Μὴ
1408 1310 1620 1379 φοϐοῦ,
1655 1310 1948 1378 Ζαχαρία,

256 1395 412 1450 διότι
438 1397 812 1465 εἰσηκούσθη
847 1397 885 1464 ἡ
917 1395 1129 1464 δέησίς
1160 1411 1298 1460 σου,
1336 1396 1435 1450 καί
1469 1396 1602 1450 ἰδοὺ
1620 1396 1765 1466 τέξῃ
1789 1398 1945 1451 υἱόν.

257 1484 372 1538 Καὶ
405 1485 532 1539 ποία
569 1482 718 1555 αὕτη
757 1483 1076 1548 ἀκολουθίας
1131 1485 1269 1556 ὑπὲρ
1302 1483 1397 1536 τοῦ
1438 1483 1570 1536 λαοῦ
1622 1484 1946 1555 παρεκάλει,

258 1570 403 1642 ὑπὲρ
445 1569 558 1624 τῶν
586 1569 1003 1641 ἁμαρτημάτων
1046 1570 1247 1635 ἐδεῖτο,
1304 1570 1638 1642 συγγνώμην
1681 1571 1801 1642 ᾔτει
1833 1573 1948 1634 τοῖς

257 1657 587 1721 συνδούλοις,
630 1658 723 1711 καὶ
766 1656 937 1726 λέγει,
969 1655 1066 1725 Μὴ
1106 1657 1316 1726 φοϐοῦ,
1350 1658 1636 1727 Ζαχαρία,
1669 1659 1946 1727 ἠκούσθη

255 1745 368 1816 γὰρ
421 1747 459 1815 ἠ
504 1745 720 1815 δέησις
771 1761 922 1799 σου·
989 1746 1081 1799 καὶ
1130 1745 1225 1798 τοῦ
1286 1745 1622 1816 ἀκουσθῆναι
1674 1746 1950 1813 ἀπόδειξιν

255 1836 499 1889 ποιεῖται
532 1834 594 1887 τὸ
613 1833 982 1904 τεχθήσεσθαι
1017 1834 1183 1886 παῖδα
1214 1832 1364 1903 αὑτῷ
1387 1833 1479 1885 τὸν
1516 1832 1805 1904 Ἰωάννην;
1839 1835 1948 1888 Καὶ

258 1923 413 1993 μάλα
454 1921 704 1986 εἰκότως.
749 1920 971 1991 Ἐπειδὴ
1014 1920 1123 1991 γάρ
1154 1921 1182 1960 ιι
1213 1919 1354 1992 ὑπὲρ
1389 1920 1496 1974 τῶν
1541 1921 1825 1991 ἁμαρτιῶν
1853 1921 1945 1974 τοῦ

254 2009 390 2064 λαοῦ
429 2009 749 2080 παρεκάλει,
772 2008 965 2079 ἔμελλε
993 2009 1050 2062 δέ
1087 2009 1296 2061 τίκτειν
1328 2009 1441 2061 υἱὸν
1469 2008 1680 2080 βοῶντα
1701 2025 1716 2040 ⁸
1754 2009 1868 2063 Ἴδε
1913 2013 1946 2064 ό

252 2097 450 2166 ἀμνὸς
481 2096 587 2151 τοῦ
617 2096 766 2152 Θεοῦ
797 2100 829 2151 ό
867 2097 1054 2165 αἴρων
1080 2096 1197 2164 τὴν
1224 2097 1519 2166 ἁμαρτίαν
1549 2097 1656 2151 τοῦ
1687 2096 1942 2166 κόσμου,

254 2185 508 2248 εἰκότως,
548 2184 730 2255 φησὶν,
756 2184 1145 2253 Είσηκούσθη
1169 2185 1208 2253 ἠ
1254 2183 1466 2252 δέησίς
1495 2199 1634 2248 σου,
1665 2186 1766 2238 καὶ
1800 2185 1944 2254 τέξῃ

253 2271 417 2326 υιόν.
451 2271 516 2324 Τί
556 2268 649 2325 οὖν
681 2273 922 2338 ἐκεῖνος;
957 2271 1032 2325 T0
1060 2271 1170 2343 γάρ
1211 2270 1548 2343 ζητούμενον
1581 2270 1742 2326 τοῦτό
1771 2276 1942 2339 ἐστιν,

252 2359 339 2412 ὅτι
371 2359 437 2412 τὸ
471 2358 932 2432 περιεργάζεσθαι
979 2359 1214 2430 τρόπους
1263 2360 1531 2431 χρησμῶν
1566 2359 1726 2414 θείων
1772 2361 1946 2430 ἀσύγ-

252 2446 499 2514 γνωστόν
528 2449 666 2512 ἐστι,
708 2448 809 2510 τάς
845 2447 904 2501 δὲ
949 2447 1255 2516 ἀποφάσεις
1289 2448 1469 2501 πίστει
1514 2448 1764 2519 δέχεσθαι
1813 2451 1940 2522 χρή.

252 2530 410 2587 Εἷδεν
440 2535 522 2597 είς
548 2535 648 2604 τὴν
680 2534 900 2606 ἠλικίαν
932 2534 1031 2606 τὴν
1074 2534 1294 2601 ἑαυτοῦ,
1340 2537 1420 2598 είς
1460 2536 1561 2608 τὴν
1598 2537 1813 2600 πολιάν,
1863 2539 1944 2602 είς

250 2622 317 2675 τὺ
340 2623 500 2693 σῶμα
549 2623 611 2677 τὸ
661 2622 1060 2694 ὲξησθενηκός·
1146 2617 1285 2676 εἶδεν
1362 2625 1444 2687 είς
1489 2623 1587 2694 τὴν
1657 2625 1943 2698 στείρωσιν

250 2709 356 2779 τῆς
389 2710 670 2779 γυναικὸς,
720 2711 815 2764 καὶ
868 2709 1214 2782 διηπίστησε,
1285 2711 1505 2764 καὶτὸν
1564 2711 1768 2784 τρόπον
1816 2711 1944 2785 ἐζή-

254 2812 390 2869 τησε
434 2798 648 2869 μαθεῖν,
710 2799 806 2853 καὶ
844 2793 1002 2852 εἶπε⁸
1071 2797 1234 2852 Κατὰ
1287 2799 1344 2852 τί
1391 2800 1688 2869 γνώσομαι
1734 2801 1942 2866 τοῦτο;

252 2886 402 2952 Πῶς,
450 2889 615 2959 φησὶν
639 2930 654 2952 ,
707 2887 860 2950 ἔσται
898 2887 1099 2954 τοῦτοί⁴
1154 2889 1285 2949 ’1δοὺ
1346 2887 1457 2957 ἐγὼ
1508 2891 1796 2964 χεγήρακα
1850 2894 1944 2947 καὶ

251 2975 627 3054 πεπολίωμαι,
679 2977 774 3037 καὶ
814 2977 1008 3051 ήιγυνή
1061 2992 1168 3046 μου,
1210 2979 1399 3048 στεῖρα
1456 2978 1833 3048 προϐεϐηκυῖα
1879 2982 1943 3054 ,ἐν

249 3065 374 3126 ταῖς
401 3051 639 3139 ἡμέραις
687 3064 891 3133 αὑτῆς⁸
935 3065 968 3133 ἡ
1009 3061 1196 3134 ήλικία
1247 3062 1446 3132 ἄωρος,
1481 3066 1524 3134 ἡ
1566 3063 1728 3132 φύσις
1767 3051 1943 3137 ἀχρη-
1988 3096 1997 3106 ο

254 3167 417 3214 στος⁸
457 3151 575 3214 πῶς
609 3150 721 3222 ἔχει
756 3151 914 3220 λόγον
934 3150 1002 3204 τὰ
1041 3150 1468 3221 ἐπηγγελμένας
1502 3151 1613 3221 ἐγὼ
1645 3155 1687 3212 ὁ,
1703 3156 1943 3226 σπείρων

251 3237 493 3309 ἀσθενής
512 3255 526 3268 ⁸
556 3239 590 3309 ἡ
624 3238 835 3310 ἄρουρα
871 3240 1083 3309 ἄγονος.
1111 3235 1239 3311 τΑρ’
1269 3238 1330 3292 οὑ
1357 3239 1505 3293 δοκεῖ
1540 3259 1650 3294 τισι
1697 3240 1945 3310 συγγνώ-

254 3347 368 3399 μης
390 3329 540 3395 ἄξιος
585 3326 722 3384 εἶναι
769 3331 1112 3403 πραγμάτων
1152 3331 1478 3386 ἀκολουθίαν
1507 3333 1804 3405 ἐπιζητῶν,
1848 3333 1944 3388 καὶ

248 3418 428 3472 δοκῶν
465 3437 518 3472 τι
563 3419 742 3488 λέγειν
787 3421 967 3488 είκός;
1024 3421 1167 3477 Ἀλλ’
1196 3423 1258 3476 οὑ
1290 3421 1369 3493 τῷ
1412 3422 1530 3493 Θεῷ
1573 3422 1752 3490 ἔδοξεν
1795 3424 1943 3490 ἄξιος

249 3501 428 3560 εἶναι⁸
470 3509 565 3561 καὶ
594 3507 740 3580 μάλα
766 3508 1014 3572 εἰκότως.
1054 3509 1222 3564 ’Όταν
1256 3511 1363 3582 γὰρ
1397 3513 1423 3564 0
1455 3510 1588 3574 Θεὸς
1630 3512 1943 3585 ἀποφαίνη-

250 3611 367 3656 ται,
399 3593 696 3665 λογισμοὺς
722 3599 892 3649 κινεῖν
919 3597 980 3651 οὑ
1011 3598 1139 3670 χρὴ,
1177 3598 1302 3652 οὑδέ
1346 3600 1690 3670 πραγμάτων
1716 3601 1945 3654 ἀκολου-

251 3681 400 3749 θίαν,
441 3684 563 3737 οὑδὲ
594 3684 811 3754 φύσεως
835 3686 1081 3758 ἀνάγκην
1109 3686 1533 3758 προϐάλλεσθαι,
1562 3688 1685 3742 ούδέ
1735 3689 1864 3743 ἀλλο
1889 3707 1944 3744 τι

250 3771 366 3824 τῶν
411 3771 667 3825 τοιούτων
695 3772 848 3826 οὐδέν
869 3790 883 3804 ⁸
938 3776 1157 3829 πάντων
1187 3775 1294 3846 γάρ
1327 3775 1534 3830 τούτων
1568 3777 1817 3850 ἀνωτέρα
1845 3780 1944 3850 τῆς

251 3859 589 3927 ἀποφάσεως
630 3861 663 3927 ἡ
700 3859 929 3932 δύναμις
971 3861 1148 3915 οὑδενὶ
1174 3862 1578 3935 διακοπτομένη
1633 3864 1940 3936 κωλύματι.

252 3947 323 4000 Τί
357 3951 553 4014 ποιεῖς,
594 3949 878 4021 ἀνθρωπε;
908 3953 936 4003 0
963 3951 1096 4015 Θεὸς
1131 3953 1550 4022 ἐπαγγέλλεται,
1586 3957 1681 4009 καὶ
1709 3957 1804 4010 ἐπὶ
1827 3958 1946 4029 ήλι-

249 4035 382 4090 κίαν
417 4037 806 4106 καταφεύγεις,
849 4039 1005 4113 [455]
1037 4042 1132 4095 καὶ
1161 4044 1337 4113 γῆρας
1375 4045 1689 4120 προϐάλλῃς
1728 4048 1802 4118 μὴ
1836 4051 1944 4122 γάρ

253 4124 612 4195 ἰσχυρότερον
656 4126 719 4178 τὸ
764 4130 945 4200 γῆρας
983 4128 1085 4198 τῆς
1128 4131 1464 4199 ἐπαγγελίας
1501 4132 1595 4186 τοῦ
1651 4134 1820 4202 Θεοῦ;
1868 4139 1943 4208 μὴ

245 4213 363 4283 γὰρ
394 4213 740 4286 δυνατωτέρα
771 4216 806 4286 ἡ
846 4215 1007 4284 φύσις
1035 4217 1128 4280 τοῦ
1168 4218 1506 4290 δημιουργοῦ
1545 4223 1646 4291 τῆς
1691 4223 1940 4293 φύσεως;

246 4304 353 4358 οὑκ
402 4299 552 4367 οἶδας
601 4305 684 4358 ὅτι
740 4307 939 4377 ίσχυρά
981 4306 1126 4379 ἔργα
1178 4308 1352 4377 λόγων
1405 4310 1601 4376 αὑτοῦ;
1667 4313 1726 4367 'U
1778 4315 1936 4384 λόγος

247 4390 420 4446 αὑτοῦ
445 4393 538 4445 τὸν
584 4393 811 4464 οὐρανὸν
859 4394 1107 4466 ἔστησεν·
1149 4400 1177 4450 0
1205 4397 1364 4466 λόγος
1404 4398 1572 4453 αὑτοῦ
1615 4401 1714 4472 τὴν
1763 4403 1942 4456 κτίσιν

247 4478 614 4554 παρήγαγὲνο
661 4484 691 4537 0
746 4483 902 4551 λόγος
959 4484 1124 4538 αὑτοῦ
1195 4486 1464 4554 ἀγγέλους
1530 4489 1792 4560 ἐποίησε,
1851 4493 1945 4545 καὶ

248 4571 319 4624 σὺ
369 4573 500 4642 περὶ
563 4572 873 4644 γεννήσεως
945 4573 1348 4643 ἀμφιϐάλλειςς
1400 4576 1500 4630 Διά
1555 4579 1731 4632 ταῦτα
1769 4580 1942 4649 ἠγαν-

245 4656 491 4728 ἀκτησεν
537 4659 566 4712 0
608 4659 860 4728 ἄγγελος,
913 4661 1006 4719 καὶ
1051 4661 1172 4714 οὑδὲ
1209 4660 1300 4715 διά
1325 4663 1426 4734 τὴν
1475 4663 1778 4736 ἱερωσύνην
1806 4682 1936 4719 συν-

245 4744 424 4811 έγνω·
489 4745 577 4800 διὰ
621 4747 827 4816 ταύτην
880 4747 977 4816 μὲν
1025 4743 1117 4802 οὖν
1167 4748 1262 4802 καί⁵
1320 4749 1615 4815 ἐκολάζετο
1654 4752 1939 4819 μειζόνως.

245 4831 356 4884 Τδν
386 4833 505 4904 γάρ
543 4832 704 4888 πλέον
744 4834 854 4887 τῶν
885 4834 1066 4894 ἀλλων
1099 4837 1179 4899 είς
1212 4837 1380 4910 τιμῆς
1413 4837 1608 4910 ἔχοντα
1651 4839 1809 4908 λόγον
1848 4842 1944 4895 καὶ

245 4922 382 4993 περὶ
418 4921 518 4992 τὴν
561 4923 744 4979 πίστιν
773 4925 881 4977 τῶν
916 4925 1092 4979 ἀλλων
1142 4925 1492 4981 πλεονεκτεῖν
1539 4929 1668 4986 ἔδει.
1719 4931 1829 4985 Καὶ
1860 4932 1944 4996 τίς

243 5010 276 5063 6
316 5009 521 5080 τρόπος
550 5011 648 5082 τῆς
691 5014 1000 5079 κολάσεως;
1044 5014 1203 5068 Ἰδοὺ
1243 5015 1360 5084 ἔσῃ
1402 5017 1667 5084 σιωπῶν,
1724 5020 1823 5073 καὶ
1859 5022 1941 5088 μὴ

243 5095 590 5168 δυνάμενος
623 5101 839 5155 λαλεῖν
876 5113 924 5155 ο.
972 5103 1039 5156 Ἡ
1070 5103 1294 5172 γλῶσσά
1323 5121 1440 5169 σου,
1476 5107 1663 5176 φησὶν,
1694 5107 1728 5178 ἢ
1753 5109 1940 5179 διηκο-

285 5287 339 5358 1⁸
362 5287 501 5360 Περ,
528 5292 592 5348 είς
615 5293 735 5341 αὐτὰ
753 5294 813 5360 τρι
835 5294 1011 5360 ᾷδυτα,
1029 5297 1077 5345 in
1100 5297 1319 5346 Savil.et
1342 5296 1388 5346 in
1409 5299 1598 5360 aliquo:
1619 5313 1732 5349 mss.
1759 5303 1942 5355 desunt

241 5348 349 5424 ιιξς,
373 5350 466 5398 sed
498 5356 900 5424 ροηιῃιιυνςληιη
919 5348 1037 5424 Ξὶέτ
1057 5360 1138 5407 καὶ
1163 5360 1439 5424 ἀνθρώπων·
1477 5348 1942 5424 έιςάῡτᾱςτάῐεῦξαὶ

239 5416 408 5489 ἶοίνυγ
428 5416 693 5489 ςαρελθὼν,
734 5417 873 5489 εξδενζ
919 5419 1074 5489 Ρδυις)
1108 5427 1219 5489 p9§t
1251 5416 1377 5489 hgec,
1401 5424 1502 5489 πῶς
1525 5416 1606 5489 καὶ
1626 5423 1713 5471 τοῦ
1736 5426 1941 5489 πλήθους

247 5477 425 5542 παντὸς
447 5477 724 5542 ἁντίῤῥοπος
745 5478 822 5538 ἦν,
844 5479 1025 5529 desunt
1050 5477 1124 5530 in'
1143 5481 1339 5542 Morel.,
1366 5477 1455 5532 'sed
1481 5477 1731 5534 habentur
1748 5488 1797 5535 in
1819 5477 1936 5538 inss:

243 5521 458 5604 maligni:
480 5521 1939 5609 Iug-.355."135012,?Eaéfﬁlimﬁ'zﬁé."iiagééﬁﬂ'ﬁdﬁg

243 5563 458 5604 ηις-δέω.
480 5563 564 5645 gf:
577 5563 641 5586 ιε.
693 5563 844 5589 raum
885 5563 993 5602 pus:
1018 5563 1215 5604 qumam
1243 5563 1357 5593 mss.
1384 5563 1530 5609 αναφε
1565 5564 1648 5606 ειν,
1687 5563 1739 5596 e:
1767 5563 1939 5609 postea

241 5609 421 5672 ποιξιν,
446 5611 476 5672 μ
519 5611 532 5646 ι
573 5599 749 5672 ῌοςει.
793 5602 954 5672 _hab¢t_
971 5604 1217 5672 0:10:90ng
1241 5613 1294 5672 εί,
1316 5609 1484 5672 ποιῷ-ν.
1515 5563 1622 5657 ﬁgox
1646 5607 1792 5670 illud,
1819 5612 1939 5670 εἶδες

242 5654 922 5754 ’.μέτγὶῖἶοςνηόεβεῐ
942 5664 990 5714 in
1015 5654 1168 5754 δέξῂ.
1198 5675 1252 5754 εξ
1276 5669 1326 5716 in
1348 5654 1779 5754 qlzibehs—aér-hﬁngg.

240 5719 573 5840 in;
593 5719 711 5773 mss.
743 5719 995 5788 Ἰωάννηνς
1020 5729 1101 5776 καὶ
1129 5730 1313 5793 σφόδρα
1331 5719 1482 5789 πολλή
1503 5733 1584 5780 καὶ
1607 5733 1934 5798 εὐπρόσωπος·

271 5795 418 5846 πετοῃ
435 5795 545 5846 ταρ-

241 5906 301 5952 ει
319 5841 513 5954 ἒέξῗςῗξ
548 5847 628 5896 καὶ
650 5849 713 5908 μὴ
735 5850 987 5903 δυνάμενος
1006 5851 1184 5906 λαλεῖν,
1217 5853 1398 5906 dcsun:
1419 5855 1468 5905 in
1502 5856 1791 5921 quibusdam
1818 5875 1929 5911 mss.

415 5919 424 5926 ‘
447 5927 459 5954 Α
485 5922 534 5954 υ.

362 5919 534 5956 anno.

3645 399 3750 453 7l2

2061 539 2191 591 νησε
2241 522 2378 592 πρὸς
2423 518 2521 590 τὴν
2571 518 2678 570 τῶν
2725 517 2986 587 ῥημάτων
3037 515 3315 579 ἀπιστίαν,
3357 515 3496 586 αῦτη
3541 515 3751 579 δέξεται

2059 613 2155 663 καὶ
2192 610 2288 680 τὴν
2325 609 2418 661 ἐπὶ
2457 609 2523 677 τῇ
2553 606 2784 676 ἀπιστίᾳ.
2813 604 3117 675 τιμωρίαν⁸
3169 602 3318 656 Ἰδοὺ
3351 602 3469 671 ἔσῃ
3507 602 3756 656 σιωπῶν

2059 697 2160 750 καί
2203 695 2290 765 μὴ
2339 694 2568 759 λαλῶν,
2604 692 2716 758 ἕως
2750 692 2828 745 ἂν
2882 692 3131 760 γένηται
3183 691 3392 744 ταῦτα.
3464 690 3754 759 Ἐννόησον

2060 781 2471 853 φιλανθρωπίαν
2495 779 2767 832 Δεσπότου
2790 795 2802 810 ⁸
2840 779 3118 840 Ἀπιστεῖς
3141 794 3255 848 μοι,
3277 777 3412 846 φησί
3433 793 3449 807 ⁸
3475 775 3570 830 νῦν
3592 777 3752 846 δέχου

2057 870 2156 941 τὴν
2201 869 2443 932 κόλασιν,
2482 868 2576 920 καὶ
2611 867 2738 919 ὅταν
2785 864 2874 918 διὰ
2924 864 3036 916 τῶν
3083 864 3431 935 πραγμάτων
3481 864 3754 934 παράσχω

2057 958 2158 1030 τὴν
2197 956 2492 1021 ἀπόδειξιν,
2529 953 2650 1007 τότε
2697 952 2810 1006 λύω
2850 953 2950 1024 τὴν
2997 953 3205 1023 ὀργήν·
3237 953 3368 1004 ὅταν
3419 951 3620 1024 μάθῃς,
3670 951 3755 1003 ὅτι

2057 1040 2284 1102 δικαίως
2325 1037 2647 1109 ἐκολάσθης,
2677 1037 2799 1090 τότε
2834 1037 2894 1089 σέ
2928 1035 3257 1089 ἀπαλλάττω
3306 1037 3410 1105 τῆς
3453 1035 3753 1106 τιμωρίας.

2068 1128 2444 1201 Ἀκουέτωσαν
2467 1128 2516 1178 οί
2559 1125 2829 1195 Ἀνόμοιοι
2855 1123 2974 1187 πῶς
3005 1125 3308 1192 ἀγανακτεῖ
3353 1123 3756 1195 πολυπραγμο-

2057 1213 2315 1284 νούμενος
2355 1215 2383 1268 0
2430 1213 2583 1277 Θεός.
2638 1214 2702 1266 EE
2745 1213 2802 1266 δὲ
2847 1213 3056 1274 ἐκεῖνος
3106 1213 3417 1282 ἀπιστήσας
3463 1215 3530 1283 τῇ
3578 1213 3752 1284 θνητῇ

2056 1303 2306 1373 γεννήσει
2346 1301 2654 1366 κολάζεται,
2707 1301 2770 1352 σὺ
2814 1301 2842 1352 0
2872 1299 2969 1369 τὴν
3014 1300 3328 1372 ἀπόρρητον
3359 1301 3454 1353 καὶ
3495 1300 3597 1370 τὴν
3639 1300 3754 1354 ἀνω

2056 1389 2560 1461 περιεργαζόμενος
2613 1388 2731 1451 πῶς
2778 1387 3049 1460 διαφεύξῃ
3096 1387 3410 1458 τιμωρίαν,
3452 1387 3576 1441 είπέ
3625 1403 3751 1459 μοις

2069 1479 2311 1542 Ἐκεῖνος
2344 1479 2445 1531 οὑκ
2475 1478 2818 1549 ἀπεφήνατο,
2851 1475 2988 1528 ἀλλά
3018 1475 3212 1546 μαθεῖν
3238 1475 3495 1545 ἠθέλησε,
3528 1477 3623 1530 καὶ
3650 1477 3754 1530 οὑκ

2057 1566 2213 1637 ἔτυχε
2251 1564 2583 1635 συγγνώμης
2607 1582 2621 1596 ⁸
2657 1565 2721 1617 σὺ
2753 1564 2810 1616 δὲ
2839 1565 2866 1615 0
2910 1565 3004 1616 καὶ⁵
3043 1563 3244 1616 είδέναι
3281 1564 3756 1635 διισχυριζόμενος

2054 1654 2122 1707 τά
2151 1657 2317 1708 πᾶσιν
2349 1653 2557 1708 ἀθέατα
2601 1653 2697 1706 καὶ
2745 1651 3133 1722 ἀκατάληπτα,
3185 1651 3349 1705 ποίαν
3381 1653 3524 1717 ἐξεις
3550 1652 3751 1707 ἀπολο-

2055 1743 2214 1812 γίαν;
2243 1744 2366 1796 τίνα
2390 1743 2448 1796 δέ
2487 1743 2588 1796 οὑκ
2617 1741 2902 1813 ἐπισπάσῃ
2932 1741 3074 1794 κατά
3103 1739 3306 1794 σαυτοῦ
3349 1742 3661 1812 τιμωρίαν;

2125 1839 2196 1901 γ’.
2215 1833 2355 1884 Ἀλλ’
2386 1833 2433 1884 οἱ
2465 1833 2562 1901 μὲν
2591 1847 2658 1884 πε
2664 1831 2720 1901 ρὶ
2740 1833 3050 1901 γεννήσεως
3066 1829 3215 1898 λόγοι
3232 1830 3356 1894 τοὺς
3376 1831 3756 1901 προσήκοντας

2055 1920 2477 1990 ἀναμενέτωσαν
2507 1919 2732 1988 καιρούς
2752 1933 2766 1948 ⁸
2799 1918 2940 1982 τέως
2966 1918 3025 1971 δέ
3058 1918 3166 1989 ὁδῷ
3193 1918 3501 1989 βαδίζωμεν
3533 1920 3626 1974 ἐπὶ
3646 1918 3748 1988 τὴν

2056 2009 2326 2080 προτέραν
2361 2008 2640 2071 ὑπόθεσιν,
2671 2002 2740 2079 ἦς
2769 2008 2962 2078 πρῴην
2990 2004 3062 2066 τά
3091 2007 3334 2080 λείψανα,
3357 2007 3751 2077 κατελίπομεν,

2052 2099 2152 2167 τὴν
2179 2097 2430 2168 ὀλεθρίαν
2456 2096 2731 2150 ὲκσπάσαι
2755 2097 2912 2166 ῥίζαν
2942 2095 3375 2166 ἐπιχειροῦντες,
3405 2095 3507 2166 τὴν
3531 2095 3755 2148 πάντων

2058 2185 2268 2256 μητέρα
2293 2185 2403 2237 τῶν
2443 2184 2647 2245 κακῶν,
2683 2185 2778 2238 καὶ
2817 2184 2945 2237 ὅθεν
2971 2184 3158 2247 αὑτοῖς
3188 2182 3258 2238 τά
3283 2183 3536 2252 δόγματα
3570 2181 3752 2255 ταῦτα

2054 2273 2376 2344 ἐϐλάστησε.
2407 2273 2618 2326 Ποίαδέ
2647 2274 2679 2344 ή
2715 2272 2843 2339 ῥίζα
2869 2271 2995 2325 τῶνα
3015 2271 3202 2334 κακῶν
3234 2272 3458 2325 πάντων
3486 2287 3501 2337 ;
3532 2269 3762 2328 Πιστεύ-

2055 2377 2184 2416 σατε
2203 2377 2218 2392 ⁸
2247 2359 2416 2431 φρίκη
2446 2377 2514 2430 με
2541 2361 2766 2430 κατέχει
2793 2358 3059 2430 μέλλοντα
3085 2358 3259 2430 αὑτὴν
3284 2358 3533 2412 ὲκλαλεῖν
3555 2375 3570 2389 ⁸
3606 2358 3755 2411 ὀκνῶ

2052 2449 2160 2522 γάρ
2188 2447 2276 2502 διά
2297 2446 2545 2519 γλώττης
2569 2449 2826 2520 ἐκφέρειν
2853 2447 2906 2506 ἀ,
2934 2447 3235 2519 μελετῶσιν
3260 2449 3355 2500 ἐπὶ
3380 2448 3480 2519 τῆς
3506 2447 3754 2509 διανοίας

2053 2537 2251 2592 ἐκεῖνοι
2274 2535 2585 2599 διαπαντός.
2615 2535 2712 2600 Τίς
2736 2531 2830 2589 οὖν
2869 2537 3015 2589 ἐστιν
3044 2537 3076 2607 ή
3109 2530 3233 2607 ῥίζα
3261 2534 3613 2589 τούτωντῶν
3650 2553 3756 2588 κα-

2053 2625 2196 2689 κῶν;
2249 2624 2579 2696 Ἐτόλμησεν
2627 2622 2917 2695 ἄνθρωπος
2966 2626 3142 2678 εἰπεῖν
3188 2625 3293 2691 ὅτι,
3341 2623 3476 2677 Θεὸν
3504 2619 3645 2686 οῖδα,
3677 2623 3755 2687 ὡς

2052 2713 2214 2776 αὐτὸς
2252 2714 2281 2768 0
2321 2712 2454 2775 Θεὸς
2495 2714 2690 2769 ἐαυτὸν
2735 2709 2866 2766 οἶδε.
2911 2712 3098 2768 Ταῦτα
3145 2711 3239 2768 οὖν
3284 2713 3514 2782 ἐλέγχου
3557 2713 3753 2776 δεῖται;

2050 2801 2223 2855 ταῦτα
2248 2800 2607 2865 ἀποδείξεως;
2638 2801 2941 2872 οὑκξὰρκιεῖ,
2971 2800 3109 2871 μόνη
3140 2802 3172 2872 ὴ
3205 2801 3460 2872 προφορά
3504 2800 3613 2853 τῶν
3663 2803 3757 2871 ῥη-

2057 2890 2240 2960 μάτων
2267 2889 2439 2953 δεῖξαι
2471 2889 2652 2943 πᾶσαν
2681 2887 2863 2942 αὐτῶν
2899 2888 2999 2959 τὴν
3031 2888 3324 2954 ἀσέϐειαν;
3361 2888 3472 2941 Καὶ
3506 2888 3615 2960 γὰρ
3651 2905 3757 2959 μα-

2051 2977 2267 3040 νίατίς
2315 2978 2432 3030 ἐστι
2476 2975 2653 3029 ταῦτα
2689 2975 2888 3047 σαφὴς,
2932 2975 3289 3047 παραπληξία
3333 2976 3748 3046 ἀσύγγνωστος,

2053 3062 2366 3134 καινότερος
2391 3061 2650 3125 ἀσεϐείας
2683 3061 2885 3133 τρόπος
2904 3078 2918 3092 ⁸
2941 3062 3128 3125 οὐδείς’
3144 3061 3389 3116 τοιοῦτον
3422 3064 3575 3116 οὐδὲν
3592 3063 3749 3117 οὑδέ-

2052 3168 2185 3208 ποτε
2222 3149 2345 3205 οὔτε
2369 3152 2449 3213 είς
2467 3149 2903 3220 νοῦν-βαλέσθαι,
2925 3149 3051 3204 οὔτε
3076 3151 3164 3205 διὰ
3202 3153 3305 3222 τῆς
3344 3151 3595 3223 γλώττης
3619 3169 3757 3222 προ-

2051 3239 2296 3307 ενεγκεῖν
2325 3237 2644 3308 ἐτόλμησεν.
2684 3238 2988 3308 Ἐννόησον,
3013 3238 3164 3292 ἀθλιε
3185 3241 3279 3292 καὶ
3301 3240 3641 3313 ταλαίπωρε,
3668 3242 3756 3307 τίς

2050 3321 2229 3389 εἴ,καὶ
2253 3324 2378 3379 τίνα
2401 3323 2743 3397 περιεργάζῃ
2758 3343 2771 3356 ⁸
2799 3324 2893 3380 ἀνθ
2904 3344 3086 3399 ρωπος
3108 3325 3184 3380 ῶν
3205 3327 3338 3382 Θεὸν
3359 3329 3756 3401 πολυπραγμο-

2052 3415 2198 3480 νεῖς;
2239 3414 2423 3484 Ἀρκεῖ
2444 3414 2550 3484 γὰρ
2580 3415 2649 3468 τά
2686 3414 2927 3485 ὀνόματα
2966 3414 3097 3484 ψιλά
3122 3415 3221 3485 τῆς
3243 3417 3429 3481 ἀνοίας
3455 3416 3620 3482 δεῖξαι
3653 3418 3755 3490 τὴν

2053 3500 2381 3573 ὑπερϐολὴν,
2409 3501 2504 3556 ἀνθ
2515 3519 2694 3573 ρωπος
2718 3503 2788 3573 γῆ
2820 3502 2915 3564 καὶ
2952 3503 3145 3567 σποδὸς
3167 3505 3452 3576 ὑπάρχων,
3497 3505 3632 3577 σάρξ
3652 3506 3751 3561 καὶ

2052 3585 2226 3660 αἷμα,
2271 3589 2464 3661 χόρτος
2505 3591 2598 3642 καὶ
2631 3589 2790 3654 ἄνθος
2833 3590 3052 3664 χόρτου,
3101 3593 3227 3645 σκιά
3267 3594 3363 3646 καὶ
3399 3595 3607 3659 καπνὸς
3654 3595 3753 3650 καὶ

2057 3676 2374 3748 ματαιότης,
2394 3677 2490 3729 καὶ
2517 3676 2644 3730 εἴτι
2671 3678 2878 3732 τούτων
2899 3680 3291 3752 ἀδρανὲστερον
3313 3680 3407 3735 καὶ
3435 3681 3752 3738 εὑτελὲστε-

2057 3781 2166 3835 ρον.
2209 3765 2319 3818 Καὶ
2358 3764 2432 3834 μὴ
2462 3765 2726 3836 νομίσητε
2755 3767 3095 3838 κατηγορίαν
3121 3763 3259 3822 εἶναι
3300 3769 3400 3838 τῆς
3442 3769 3657 3839 φύσεως
3684 3773 3754 3828 τὰ

2053 3851 2324 3922 λεγόμενα
2351 3868 2365 3880 ⁸
2388 3852 2510 3905 οὑδὲ
2549 3852 2658 3924 γὰρ
2697 3852 2807 3921 ἐγὼ
2835 3854 3010 3908 ταῦτα
3041 3855 3206 3924 λέγω,
3250 3856 3366 3910 ἀλλ’
3396 3859 3446 3910 οί
3474 3859 3755 3931 προφῆται

2053 3939 2228 3994 ταῦτα
2271 3941 2672 4011 φιλοσοφοῦσιν,
2723 3942 2823 3996 οὑκ
2869 3943 3228 4014 ἀτιμάζοντες
3270 3945 3431 4016 ήμῶν
3467 3946 3530 3999 τὸ
3571 3949 3750 4016 γένος,

2053 4033 2188 4088 ἀλλά
2215 4033 2664 4097 καταστέλλοντες
2683 4034 2791 4088 τῶν
2812 4036 3054 4106 ἀνοήτων
3085 4036 3144 4088 τδ
3173 4036 3404 4108 φύσημα
3425 4055 3438 4068 ⁸
3474 4040 3576 4092 οὐκ
3601 4040 3754 4105 ἐξευ-

2051 4124 2355 4187 τελίζοντες
2393 4125 2550 4195 ήμῶν
2582 4125 2678 4195 τὴν
2707 4125 2891 4194 φύσιν,
2923 4126 3059 4180 ἀλλά
3083 4129 3471 4194 ταπεινοῦντες
3495 4130 3602 4184 τῶν
3628 4150 3754 4202 μαι-

2052 4214 2296 4283 νομένων
2350 4212 2448 4280 τὴν
2495 4213 2775 4271 ἀπόνοιαν.
2825 4215 2886 4266 Εἰ
2929 4213 3038 4285 γὰρ
3091 4215 3332 4269 τοσαῦτα
3383 4218 3479 4272 καὶ
3531 4218 3755 4272 τοιαῦτα

2054 4305 2357 4376 εἰρηκότων
2395 4303 2550 4376 [456]
2595 4305 2820 4360 ἐκείνων
2867 4307 3019 4376 ὅμως
3051 4308 3333 4377 ἐφάνησάν
3369 4326 3516 4374 τινες
3560 4311 3608 4362 οἱ
3655 4310 3751 4364 τοῦ

2053 4394 2302 4448 διαϐόλου
2327 4395 2426 4466 τὴν
2460 4394 2868 4466 μεγαληγορίαν
2900 4397 3246 4466 νικήσαντες,
3270 4402 3318 4451 εί
3347 4399 3515 4470 μηδὲν
3542 4399 3753 4453 τούτων

2053 4486 2262 4557 εἴρητο,
2296 4485 2400 4538 ποῦ
2421 4486 2521 4538 οὑκ
2547 4485 2612 4539 ἂν
2646 4485 3000 4550 ἐξελάκτισαν
3025 4488 3460 4562 ἀπονοίαςλιείπέ
3511 4506 3626 4559 μοι.
3687 4489 3752 4543 Εί

2053 4576 2234 4643 ἔχουσι
2262 4574 2323 4627 τὸ
2347 4575 2641 4644 φάρμακον
2669 4575 3018 4644 ἐπικείμενον
3062 4577 3155 4629 καὶ
3195 4575 3276 4629 ἐτι
3309 4577 3748 4646 φλεγμαίνουσι,

2054 4664 2156 4718 ποῦ
2199 4665 2301 4718 οὑκ
2339 4664 2405 4718 ἂν
2431 4666 2598 4732 ὄγκου
2627 4664 2721 4717 καὶ
2760 4664 3019 4729 ἀπονοίας
3056 4664 3475 4738 ἐξεφυσήθησαν
3507 4665 3556 4732 ἀ,
3592 4667 3642 4718 εἰ
3676 4668 3750 4736 μὴ

2051 4752 2288 4807 τοσαῦτα
2319 4754 2413 4807 καὶ
2442 4752 2666 4806 τοιαῦτα
2707 4754 3062 4824 ἀπεφήναντο
3104 4755 3234 4826 περὶ
3268 4755 3367 4825 τῆς
3399 4754 3617 4823 φύσεως
3651 4756 3751 4826 τῆς

2050 4840 2401 4912 ἀνθρωπίνης
2433 4842 2667 4905 ἐκεῖνοι;
2721 4843 2994 4894 ’Ἄκουσον
3019 4841 3152 4911 γοῦν
3183 4842 3236 4894 τί
3266 4859 3433 4912 φησιν
3473 4845 3501 4895 0
3542 4843 3750 4906 δίκαιος

2052 4928 2405 4998 πατριάρχης
2453 4928 2582 4997 περὶ
2618 4929 2848 4982 ἐαυτοῦ·
2889 4927 3030 4997 Ἐγὼ
3074 4929 3142 4982 δέ
3187 4932 3304 4998 ειμι
3351 4929 3429 4999 γῆ
3460 4929 3558 4983 καί
3593 4945 3750 4983 σπο-

2050 5013 2178 5081 δός.
2211 5014 2330 5086 Θεῴ
2355 5015 2646 5084 διελέγετο,
2673 5017 2769 5070 καὶ
2796 5017 2898 5069 οὑκ
2923 5017 3127 5089 ἐπῆρεν
3165 5018 3326 5071 αὑτὸν
3361 5019 3393 5089 ή
3426 5018 3710 5089 παρρησία
3731 5035 3745 5049 ⁸

2051 5100 2191 5174 αὕτη
2229 5103 2326 5172 μέν
2365 5097 2480 5167 οὖν,
2530 5102 2668 5172 αὕτη
2704 5102 3020 5175 μετριάζειν
3052 5105 3214 5158 αὑτὸν
3241 5104 3549 5159 ἀνέπειθεν.
3586 5097 3749 5159 Οὗτοι

2048 5189 2106 5241 δὲ
2133 5189 2255 5243 ούδέ
2276 5191 2374 5259 τῆς
2409 5192 2568 5253 σκιᾶς
2591 5191 2744 5256 ὄντες
2768 5191 2909 5256 ἄξιοι
2949 5193 3046 5264 τῆς
3081 5193 3318 5258 ἐκείνου,
3359 5192 3469 5247 τῶν
3495 5195 3748 5264 ἀγγέλων

2049 5275 2230 5330 αὑτῶν
2274 5278 2494 5348 μείζους
2528 5280 2759 5342 ἑαυτοὺς
2794 5275 2935 5332 εἶναι
2966 5280 3304 5349 νομίζουσιν,
3341 5282 3479 5353 ὅπερ
3507 5280 3749 5354 ἐσχάτης

2049 5364 2166 5416 ἐστὶ
2201 5366 2400 5436 μανίας
2441 5365 2734 5431 ἀπόδειξις.
2767 5367 2920 5428 Θεὸν,
2959 5369 3080 5448 εἰπέ
3117 5387 3228 5440 μοι,
3262 5370 3606 5443 περιεργάζῃ
3651 5371 3746 5425 τὸν

2048 5451 2301 5523 ἄναρχον,
2337 5454 2428 5505 τὸν
2455 5453 2835 5517 ἀναλλοίωτον,
2859 5457 2948 5509 τὸν
2969 5457 3285 5527 ἀσώματον,
3320 5459 3410 5512 τὸν
3440 5459 3744 5531 ἄφθαρτον,

2047 5543 2137 5595 τὸν
2156 5545 2425 5613 πανταχοῦ
2461 5544 2720 5615 παρόντα,
2737 5547 2848 5601 καὶ·
2860 5547 3036 5602 πάντα
3063 5549 3462 5621 ὑπερϐαίνοντα
3481 5554 3574 5606 καὶ
3598 5553 3744 5607 ἀνω-

2045 5629 2189 5700 τέρω
2217 5632 2314 5700 τῆς
2349 5632 2578 5702 κτίσεως
2607 5634 2826 5704 ἀπάσης
2853 5636 3002 5690 ὅντα.
3046 5639 3313 5692 ’Λκουσον
3342 5639 3396 5692 τί
3426 5640 3746 5710 φιλοσοφοῦ-

2048 5735 2132 5772 σιν
2149 5720 2197 5771 οί
2218 5719 2498 5791 προφῆται
2518 5739 2584 5774 πε
2591 5723 2646 5793 ρὶ
2669 5723 2857 5790 αὑτοῦ,
2878 5726 2970 5779 καὶ
2997 5726 3282 5801 φοϐήθητι·
3323 5729 3385 5784 '0
3402 5728 3746 5784 ἐπιϐλέπων

2108 5925 2132 5962 ιι
2164 5921 2260 5974 Alii
2292 5924 2528 5988 ἐφυσηθηο
2539 5944 2610 5977 αν.
