  <div class='ocr_page' id='page_1' title='image "/cluster/home/n/w/nwhite01/storage/ocr_20150623/48/pst.000005712458/200.png"; bbox 0 0 4198 6324; ppageno 0'>
   <div class='ocr_carea' id='block_1_1' title="bbox 288 438 397 494">
    <p class='ocr_par' dir='ltr' id='par_1_1' title="bbox 288 438 397 494">
     <span class='ocr_line' id='line_1_1' title="bbox 288 438 397 494; baseline 0.018 -2"><span class='ocrx_word' id='word_1_1' title='bbox 288 438 397 494; x_wconf 71' lang='grc'><strong><em>715</em></strong></span> 
     </span>
    </p>
   </div>
   <div class='ocr_carea' id='block_1_2' title="bbox 278 547 1868 625">
    <p class='ocr_par' dir='ltr' id='par_1_2' title="bbox 278 547 1868 625">
     <span class='ocr_line' id='line_1_2' title="bbox 278 547 1868 625; baseline 0.005 -25"><span class='ocrx_word' id='word_1_2' title='bbox 278 560 391 601; x_wconf 86' lang='lat' dir='ltr'><strong><em>tam</em></strong></span> <span class='ocrx_word' id='word_1_3' title='bbox 413 554 621 603; x_wconf 82' lang='lat' dir='ltr'><strong><em>terram</em></strong></span> <span class='ocrx_word' id='word_1_4' title='bbox 644 547 950 604; x_wconf 89' lang='lat' dir='ltr'><strong><em>concussit.</em></strong></span> <span class='ocrx_word' id='word_1_5' title='bbox 970 550 1075 616; x_wconf 89' lang='lat' dir='ltr'><strong><em>Qui</em></strong></span> <span class='ocrx_word' id='word_1_6' title='bbox 1097 554 1267 621; x_wconf 86' lang='lat' dir='ltr'><strong><em>tangit</em></strong></span> <span class='ocrx_word' id='word_1_7' title='bbox 1295 565 1516 619; x_wconf 90' lang='lat' dir='ltr'><strong><em>montes,</em></strong></span> <span class='ocrx_word' id='word_1_8' title='bbox 1536 565 1584 609; x_wconf 91' lang='lat' dir='ltr'><strong><em>et</em></strong></span> <span class='ocrx_word' id='word_1_9' title='bbox 1604 556 1868 625; x_wconf 80' lang='lat' dir='ltr'><strong><em>fumigant</em></strong></span> 
     </span>
    </p>
   </div>
   <div class='ocr_carea' id='block_1_3' title="bbox 275 639 1872 712">
    <p class='ocr_par' dir='ltr' id='par_1_3' title="bbox 275 639 1872 712">
     <span class='ocr_line' id='line_1_3' title="bbox 275 639 1872 712; baseline 0.005 -19"><span class='ocrx_word' id='word_1_10' title='bbox 275 639 473 711; x_wconf 77' lang='lat' dir='ltr'><strong><em>(Ibid.)</em></strong></span> <span class='ocrx_word' id='word_1_11' title='bbox 493 657 512 693; x_wconf 91' lang='lat'><strong><em>:</em></strong></span> <span class='ocrx_word' id='word_1_12' title='bbox 529 643 863 709; x_wconf 86' lang='lat' dir='ltr'><strong><em>quiconcutit</em></strong></span> <span class='ocrx_word' id='word_1_13' title='bbox 879 652 1079 696; x_wconf 81' lang='lat' dir='ltr'><strong><em>terram</em></strong></span> <span class='ocrx_word' id='word_1_14' title='bbox 1097 661 1128 696; x_wconf 91' lang='lat' dir='ltr'><strong><em>a</em></strong></span> <span class='ocrx_word' id='word_1_15' title='bbox 1146 643 1591 712; x_wconf 82' lang='lat' dir='ltr'><strong><em>fundamentis,et</em></strong></span> <span class='ocrx_word' id='word_1_16' title='bbox 1613 650 1872 703; x_wconf 73' lang='lat' dir='ltr'><strong><em>columna:</em></strong></span> 
     </span>
    </p>
   </div>
   <div class='ocr_carea' id='block_1_4' title="bbox 270 734 1867 812">
    <p class='ocr_par' dir='ltr' id='par_1_4' title="bbox 270 734 1867 812">
     <span class='ocr_line' id='line_1_4' title="bbox 270 734 1867 812; baseline 0.007 -27"><span class='ocrx_word' id='word_1_17' title='bbox 270 734 390 801; x_wconf 79' lang='lat' dir='ltr'><strong><em>ejus</em></strong></span> <span class='ocrx_word' id='word_1_18' title='bbox 409 744 623 788; x_wconf 86' lang='lat' dir='ltr'><strong><em>nutant:</em></strong></span> <span class='ocrx_word' id='word_1_19' title='bbox 642 736 731 804; x_wconf 86' lang='lat' dir='ltr'><strong><em>qui</em></strong></span> <span class='ocrx_word' id='word_1_20' title='bbox 746 738 984 788; x_wconf 87' lang='lat' dir='ltr'><strong><em>minatur</em></strong></span> <span class='ocrx_word' id='word_1_21' title='bbox 998 740 1155 800; x_wconf 89' lang='lat' dir='ltr'><strong><em>mari,</em></strong></span> <span class='ocrx_word' id='word_1_22' title='bbox 1175 750 1223 792; x_wconf 89' lang='lat' dir='ltr'><strong><em>et</em></strong></span> <span class='ocrx_word' id='word_1_23' title='bbox 1243 741 1405 792; x_wconf 87' lang='lat' dir='ltr'><strong><em>siccat</em></strong></span> <span class='ocrx_word' id='word_1_24' title='bbox 1427 742 1560 793; x_wconf 86' lang='lat' dir='ltr'><strong><em>illud</em></strong></span> <span class='ocrx_word' id='word_1_25' title='bbox 1592 741 1712 812; x_wconf 83' lang='lat' dir='ltr'><strong><em>(Job</em></strong></span> <span class='ocrx_word' id='word_1_26' title='bbox 1732 742 1867 811; x_wconf 86' lang='lat'><strong><em>9.6):</em></strong></span> 
     </span>
    </p>
   </div>
   <div class='ocr_carea' id='block_1_5' title="bbox 272 825 1874 901">
    <p class='ocr_par' dir='ltr' id='par_1_5' title="bbox 272 825 1874 901">
     <span class='ocr_line' id='line_1_5' title="bbox 272 825 1874 901; baseline 0.006 -25"><span class='ocrx_word' id='word_1_27' title='bbox 272 826 383 890; x_wconf 80' lang='lat' dir='ltr'><strong><em>Qui</em></strong></span> <span class='ocrx_word' id='word_1_28' title='bbox 402 826 531 878; x_wconf 88' lang='lat' dir='ltr'><strong><em>dicit</em></strong></span> <span class='ocrx_word' id='word_1_29' title='bbox 549 825 1106 894; x_wconf 79' lang='lat' dir='ltr'><strong><em>abysso.Desolaberis</em></strong></span> <span class='ocrx_word' id='word_1_30' title='bbox 1126 828 1481 901; x_wconf 58' lang='lat' dir='ltr'><strong><em>(Isa.4i.‘27);</em></strong></span> <span class='ocrx_word' id='word_1_31' title='bbox 1505 832 1653 886; x_wconf 78' lang='lat' dir='ltr'><strong><em>Mare</em></strong></span> <span class='ocrx_word' id='word_1_32' title='bbox 1670 833 1874 897; x_wconf 84' lang='lat' dir='ltr'><strong><em>vidit,et</em></strong></span> 
     </span>
    </p>
   </div>
   <div class='ocr_carea' id='block_1_6' title="bbox 270 913 1876 982">
    <p class='ocr_par' dir='ltr' id='par_1_6' title="bbox 270 913 1876 982">
     <span class='ocr_line' id='line_1_6' title="bbox 270 913 1876 982; baseline 0.007 -16"><span class='ocrx_word' id='word_1_33' title='bbox 270 915 439 982; x_wconf 80' lang='lat' dir='ltr'><strong><em>fugit;</em></strong></span> <span class='ocrx_word' id='word_1_34' title='bbox 458 913 720 969; x_wconf 72' lang='lat' dir='ltr'><strong><em>Iordanis</em></strong></span> <span class='ocrx_word' id='word_1_35' title='bbox 744 934 1023 973; x_wconf 83' lang='lat' dir='ltr'><strong><em>conversus</em></strong></span> <span class='ocrx_word' id='word_1_36' title='bbox 1045 929 1123 973; x_wconf 89' lang='lat' dir='ltr'><strong><em>est</em></strong></span> <span class='ocrx_word' id='word_1_37' title='bbox 1142 931 1459 975; x_wconf 87' lang='lat' dir='ltr'><strong><em>retrorsum:</em></strong></span> <span class='ocrx_word' id='word_1_38' title='bbox 1476 933 1678 976; x_wconf 81' lang='lat' dir='ltr'><strong><em>montes</em></strong></span> <span class='ocrx_word' id='word_1_39' title='bbox 1694 924 1876 978; x_wconf 77' lang='lat' dir='ltr'><strong><em>exsul-</em></strong></span> 
     </span>
    </p>
   </div>
   <div class='ocr_carea' id='block_1_7' title="bbox 269 1008 1866 1085">
    <p class='ocr_par' dir='ltr' id='par_1_7' title="bbox 269 1008 1866 1085">
     <span class='ocr_line' id='line_1_7' title="bbox 269 1008 1866 1085; baseline 0.008 -28"><span class='ocrx_word' id='word_1_40' title='bbox 269 1015 518 1059; x_wconf 85' lang='lat' dir='ltr'><strong><em>taverunt</em></strong></span> <span class='ocrx_word' id='word_1_41' title='bbox 537 1008 675 1061; x_wconf 90' lang='lat' dir='ltr'><strong><em>sicut</em></strong></span> <span class='ocrx_word' id='word_1_42' title='bbox 694 1010 907 1070; x_wconf 81' lang='lat' dir='ltr'><strong><em>arietes,</em></strong></span> <span class='ocrx_word' id='word_1_43' title='bbox 931 1021 979 1064; x_wconf 88' lang='lat' dir='ltr'><strong><em>et</em></strong></span> <span class='ocrx_word' id='word_1_44' title='bbox 1005 1012 1166 1066; x_wconf 87' lang='lat' dir='ltr'><strong><em>colles</em></strong></span> <span class='ocrx_word' id='word_1_45' title='bbox 1184 1013 1322 1067; x_wconf 84' lang='lat' dir='ltr'><strong><em>sicut</em></strong></span> <span class='ocrx_word' id='word_1_46' title='bbox 1347 1016 1471 1084; x_wconf 85' lang='lat' dir='ltr'><strong><em>agni</em></strong></span> <span class='ocrx_word' id='word_1_47' title='bbox 1493 1015 1666 1067; x_wconf 84' lang='lat' dir='ltr'><strong><em>avium</em></strong></span> <span class='ocrx_word' id='word_1_48' title='bbox 1693 1014 1866 1085; x_wconf 86' lang='lat' dir='ltr'><strong><em>(Psal.</em></strong></span> 
     </span>
    </p>
   </div>
   <div class='ocr_carea' id='block_1_8' title="bbox 273 1099 1879 1173">
    <p class='ocr_par' dir='ltr' id='par_1_8' title="bbox 273 1099 1879 1173">
     <span class='ocr_line' id='line_1_8' title="bbox 273 1099 1879 1173; baseline 0.006 -22"><span class='ocrx_word' id='word_1_49' title='bbox 273 1100 295 1151; x_wconf 87' lang='grc'><strong>1</strong></span> <span class='ocrx_word' id='word_1_50' title='bbox 314 1099 539 1167; x_wconf 74' lang='grc'><strong><em>15.5.4).</em></strong></span> <span class='ocrx_word' id='word_1_51' title='bbox 558 1099 751 1155; x_wconf 85' lang='lat' dir='ltr'><strong><em>Omnis</em></strong></span> <span class='ocrx_word' id='word_1_52' title='bbox 772 1111 1025 1159; x_wconf 78' lang='lat' dir='ltr'><strong><em>creatura</em></strong></span> <span class='ocrx_word' id='word_1_53' title='bbox 1049 1114 1319 1173; x_wconf 79' lang='lat' dir='ltr'><strong><em>movetur,</em></strong></span> <span class='ocrx_word' id='word_1_54' title='bbox 1346 1108 1561 1173; x_wconf 79' lang='lat' dir='ltr'><strong><em>metuit,</em></strong></span> <span class='ocrx_word' id='word_1_55' title='bbox 1581 1107 1879 1161; x_wconf 89' lang='lat' dir='ltr'><strong><em>contremi-</em></strong></span> 
     </span>
    </p>
   </div>
   <div class='ocr_carea' id='block_1_9' title="bbox 270 1190 1880 1267">
    <p class='ocr_par' dir='ltr' id='par_1_9' title="bbox 270 1190 1880 1267">
     <span class='ocr_line' id='line_1_9' title="bbox 270 1190 1880 1267; baseline 0.007 -26"><span class='ocrx_word' id='word_1_56' title='bbox 270 1190 400 1243; x_wconf 89' lang='lat' dir='ltr'><strong><em>scit:</em></strong></span> <span class='ocrx_word' id='word_1_57' title='bbox 418 1192 470 1242; x_wconf 93' lang='lat' dir='ltr'><strong><em>hi</em></strong></span> <span class='ocrx_word' id='word_1_58' title='bbox 487 1192 589 1245; x_wconf 89' lang='lat' dir='ltr'><strong><em>soli</em></strong></span> <span class='ocrx_word' id='word_1_59' title='bbox 617 1193 952 1263; x_wconf 84' lang='lat' dir='ltr'><strong><em>despiciunt.</em></strong></span> <span class='ocrx_word' id='word_1_60' title='bbox 976 1198 1277 1267; x_wconf 77' lang='lat' dir='ltr'><strong><em>negligant,</em></strong></span> <span class='ocrx_word' id='word_1_61' title='bbox 1299 1199 1531 1254; x_wconf 79' lang='lat' dir='ltr'><strong><em>salutem</em></strong></span> <span class='ocrx_word' id='word_1_62' title='bbox 1551 1214 1704 1253; x_wconf 89' lang='lat' dir='ltr'><strong><em>suam</em></strong></span> <span class='ocrx_word' id='word_1_63' title='bbox 1723 1195 1880 1264; x_wconf 85' lang='lat' dir='ltr'><strong><em>parvi</em></strong></span> 
     </span>
    </p>
   </div>
   <div class='ocr_carea' id='block_1_10' title="bbox 268 1280 1875 1362">
    <p class='ocr_par' dir='ltr' id='par_1_10' title="bbox 268 1280 1875 1362">
     <span class='ocr_line' id='line_1_10' title="bbox 268 1280 1875 1362; baseline 0.009 -29"><span class='ocrx_word' id='word_1_64' title='bbox 268 1280 514 1336; x_wconf 82' lang='lat' dir='ltr'><strong><em>faciunt:</em></strong></span> <span class='ocrx_word' id='word_1_65' title='bbox 537 1300 645 1338; x_wconf 87' lang='lat' dir='ltr'><strong><em>non</em></strong></span> <span class='ocrx_word' id='word_1_66' title='bbox 660 1287 802 1340; x_wconf 88' lang='lat' dir='ltr'><strong><em>enim</em></strong></span> <span class='ocrx_word' id='word_1_67' title='bbox 824 1289 1375 1355; x_wconf 83' lang='lat' dir='ltr'><strong><em>dixerim,Dominum</em></strong></span> <span class='ocrx_word' id='word_1_68' title='bbox 1390 1292 1661 1346; x_wconf 90' lang='lat' dir='ltr'><strong><em>omnium.</em></strong></span> <span class='ocrx_word' id='word_1_69' title='bbox 1686 1291 1875 1362; x_wconf 81' lang='lat' dir='ltr'><strong><em>Nuper</em></strong></span> 
     </span>
    </p>
   </div>
   <div class='ocr_carea' id='block_1_11' title="bbox 267 1378 1876 1459">
    <p class='ocr_par' dir='ltr' id='par_1_11' title="bbox 267 1378 1876 1459">
     <span class='ocr_line' id='line_1_11' title="bbox 267 1378 1876 1459; baseline 0.009 -32"><span class='ocrx_word' id='word_1_70' title='bbox 267 1388 370 1428; x_wconf 90' lang='lat' dir='ltr'><strong><em>eos</em></strong></span> <span class='ocrx_word' id='word_1_71' title='bbox 388 1390 418 1428; x_wconf 87' lang='lat' dir='ltr'><strong><em>a</em></strong></span> <span class='ocrx_word' id='word_1_72' title='bbox 442 1391 809 1445; x_wconf 88' lang='lat' dir='ltr'><strong><em>supernarum</em></strong></span> <span class='ocrx_word' id='word_1_73' title='bbox 836 1378 1124 1459; x_wconf 23' lang='lat' dir='ltr'><strong><em>Virtutum.</em></strong></span> <span class='ocrx_word' id='word_1_74' title='bbox 1142 1385 1395 1453; x_wconf 77' lang='lat' dir='ltr'><strong><em>exemplo</em></strong></span> <span class='ocrx_word' id='word_1_75' title='bbox 1417 1384 1876 1451; x_wconf 86' lang='lat' dir='ltr'><strong><em>admonebamus,</em></strong></span> 
     </span>
    </p>
   </div>
   <div class='ocr_carea' id='block_1_12' title="bbox 266 1466 1877 1544">
    <p class='ocr_par' dir='ltr' id='par_1_12' title="bbox 266 1466 1877 1544">
     <span class='ocr_line' id='line_1_12' title="bbox 266 1466 1877 1544; baseline 0.009 -27"><span class='ocrx_word' id='word_1_76' title='bbox 266 1466 1191 1541; x_wconf 70' lang='lat' dir='ltr'><strong><em>angelis,archangelis,Cherubim</em></strong></span> <span class='ocrx_word' id='word_1_77' title='bbox 1208 1481 1261 1527; x_wconf 92' lang='lat' dir='ltr'><strong><em>et</em></strong></span> <span class='ocrx_word' id='word_1_78' title='bbox 1276 1471 1587 1544; x_wconf 86' lang='lat' dir='ltr'><strong><em>Serephim,</em></strong></span> <span class='ocrx_word' id='word_1_79' title='bbox 1616 1492 1763 1531; x_wconf 90' lang='lat' dir='ltr'><strong><em>nunc</em></strong></span> <span class='ocrx_word' id='word_1_80' title='bbox 1785 1491 1877 1531; x_wconf 86' lang='lat' dir='ltr'><strong><em>ve-</em></strong></span> 
     </span>
    </p>
   </div>
   <div class='ocr_carea' id='block_1_13' title="bbox 274 1558 1880 1632">
    <p class='ocr_par' dir='ltr' id='par_1_13' title="bbox 274 1558 1880 1632">
     <span class='ocr_line' id='line_1_13' title="bbox 274 1558 1880 1632; baseline 0.007 -23"><span class='ocrx_word' id='word_1_81' title='bbox 274 1572 340 1610; x_wconf 88' lang='lat' dir='ltr'><strong><em>ro</em></strong></span> <span class='ocrx_word' id='word_1_82' title='bbox 354 1558 424 1611; x_wconf 90' lang='lat' dir='ltr'><strong><em>ab</em></strong></span> <span class='ocrx_word' id='word_1_83' title='bbox 439 1559 749 1614; x_wconf 84' lang='lat' dir='ltr'><strong><em>insensibili</em></strong></span> <span class='ocrx_word' id='word_1_84' title='bbox 768 1570 1022 1616; x_wconf 76' lang='lat' dir='ltr'><strong><em>creatura</em></strong></span> <span class='ocrx_word' id='word_1_85' title='bbox 1044 1581 1057 1617; x_wconf 91' lang='lat'>:</span> <span class='ocrx_word' id='word_1_86' title='bbox 1076 1578 1255 1632; x_wconf 90' lang='lat' dir='ltr'><strong><em>neque</em></strong></span> <span class='ocrx_word' id='word_1_87' title='bbox 1272 1574 1455 1618; x_wconf 90' lang='lat' dir='ltr'><strong><em>tamen</em></strong></span> <span class='ocrx_word' id='word_1_88' title='bbox 1470 1566 1550 1620; x_wconf 88' lang='lat' dir='ltr'><strong><em>sic</em></strong></span> <span class='ocrx_word' id='word_1_89' title='bbox 1568 1565 1880 1621; x_wconf 70' lang='lat' dir='ltr'><strong><em>adiciuntur</em></strong></span> 
     </span>
    </p>
   </div>
   <div class='ocr_carea' id='block_1_14' title="bbox 268 1649 1878 1728">
    <p class='ocr_par' dir='ltr' id='par_1_14' title="bbox 268 1649 1878 1728">
     <span class='ocr_line' id='line_1_14' title="bbox 268 1649 1878 1728; baseline 0.007 -27"><span class='ocrx_word' id='word_1_90' title='bbox 268 1649 503 1717; x_wconf 88' lang='lat' dir='ltr'><strong><em>pudore.</em></strong></span> <span class='ocrx_word' id='word_1_91' title='bbox 546 1652 745 1707; x_wconf 84' lang='lat' dir='ltr'><strong><em>Annon</em></strong></span> <span class='ocrx_word' id='word_1_92' title='bbox 780 1656 935 1710; x_wconf 80' lang='lat' dir='ltr'><strong><em>vides</em></strong></span> <span class='ocrx_word' id='word_1_93' title='bbox 960 1655 1067 1710; x_wconf 92' lang='lat' dir='ltr'><strong><em>hoc</em></strong></span> <span class='ocrx_word' id='word_1_94' title='bbox 1101 1658 1296 1711; x_wconf 62' lang='lat' dir='ltr'><strong><em>caelum</em></strong></span> <span class='ocrx_word' id='word_1_95' title='bbox 1323 1696 1338 1720; x_wconf 91' lang='lat'><strong><em>,</em></strong></span> <span class='ocrx_word' id='word_1_96' title='bbox 1368 1673 1531 1727; x_wconf 88' lang='lat' dir='ltr'><strong><em>quam</em></strong></span> <span class='ocrx_word' id='word_1_97' title='bbox 1562 1658 1878 1728; x_wconf 84' lang='lat' dir='ltr'><strong><em>pulchrum,</em></strong></span> 
     </span>
    </p>
   </div>
   <div class='ocr_carea' id='block_1_15' title="bbox 272 1749 1882 1817">
    <p class='ocr_par' dir='ltr' id='par_1_15' title="bbox 272 1749 1882 1817">
     <span class='ocr_line' id='line_1_15' title="bbox 272 1749 1882 1817; baseline 0.008 -24"><span class='ocrx_word' id='word_1_98' title='bbox 272 1756 444 1809; x_wconf 87' lang='lat' dir='ltr'><strong><em>quam</em></strong></span> <span class='ocrx_word' id='word_1_99' title='bbox 467 1758 753 1813; x_wconf 86' lang='lat' dir='ltr'><strong><em>magnum,</em></strong></span> <span class='ocrx_word' id='word_1_100' title='bbox 778 1761 941 1817; x_wconf 90' lang='lat' dir='ltr'><strong><em>quam</em></strong></span> <span class='ocrx_word' id='word_1_101' title='bbox 964 1750 1120 1803; x_wconf 90' lang='lat' dir='ltr'><strong><em>vario</em></strong></span> <span class='ocrx_word' id='word_1_102' title='bbox 1146 1749 1316 1804; x_wconf 89' lang='lat' dir='ltr'><strong><em>choro</em></strong></span> <span class='ocrx_word' id='word_1_103' title='bbox 1346 1750 1627 1805; x_wconf 91' lang='lat' dir='ltr'><strong><em>stellarum</em></strong></span> <span class='ocrx_word' id='word_1_104' title='bbox 1647 1764 1882 1805; x_wconf 89' lang='lat' dir='ltr'><strong><em>corona-</em></strong></span> 
     </span>
    </p>
   </div>
   <div class='ocr_carea' id='block_1_16' title="bbox 269 1832 1877 1913">
    <p class='ocr_par' dir='ltr' id='par_1_16' title="bbox 269 1832 1877 1913">
     <span class='ocr_line' id='line_1_16' title="bbox 269 1832 1877 1913; baseline 0.008 -29"><span class='ocrx_word' id='word_1_105' title='bbox 269 1840 415 1887; x_wconf 86' lang='lat' dir='ltr'><strong><em>tum:</em></strong></span> <span class='ocrx_word' id='word_1_106' title='bbox 439 1843 710 1904; x_wconf 90' lang='lat' dir='ltr'><strong><em>quantum</em></strong></span> <span class='ocrx_word' id='word_1_107' title='bbox 734 1842 1000 1909; x_wconf 88' lang='lat' dir='ltr'><strong><em>temporis</em></strong></span> <span class='ocrx_word' id='word_1_108' title='bbox 1020 1840 1331 1896; x_wconf 83' lang='lat' dir='ltr'><strong><em>duraverit?</em></strong></span> <span class='ocrx_word' id='word_1_109' title='bbox 1347 1841 1479 1897; x_wconf 87' lang='lat' dir='ltr'><strong><em>Plus</em></strong></span> <span class='ocrx_word' id='word_1_110' title='bbox 1492 1832 1743 1913; x_wconf 80' lang='lat' dir='ltr'><strong><em>quinque</em></strong></span> <span class='ocrx_word' id='word_1_111' title='bbox 1760 1841 1877 1899; x_wconf 91' lang='lat' dir='ltr'><strong><em>mil-</em></strong></span> 
     </span>
    </p>
   </div>
   <div class='ocr_carea' id='block_1_17' title="bbox 269 1924 1865 2005">
    <p class='ocr_par' dir='ltr' id='par_1_17' title="bbox 269 1924 1865 2005">
     <span class='ocr_line' id='line_1_17' title="bbox 269 1924 1865 2005; baseline 0.008 -27"><span class='ocrx_word' id='word_1_112' title='bbox 269 1924 420 1981; x_wconf 88' lang='lat' dir='ltr'><strong><em>libus</em></strong></span> <span class='ocrx_word' id='word_1_113' title='bbox 440 1930 603 1983; x_wconf 90' lang='lat' dir='ltr'><strong><em>annis</em></strong></span> <span class='ocrx_word' id='word_1_114' title='bbox 627 1931 804 1994; x_wconf 75' lang='lat' dir='ltr'><strong><em>stetit,</em></strong></span> <span class='ocrx_word' id='word_1_115' title='bbox 820 1942 872 1986; x_wconf 88' lang='lat' dir='ltr'><strong><em>et</em></strong></span> <span class='ocrx_word' id='word_1_116' title='bbox 890 1932 1230 1987; x_wconf 83' lang='lat' dir='ltr'><strong><em>diuturnitas</em></strong></span> <span class='ocrx_word' id='word_1_117' title='bbox 1250 1934 1514 2003; x_wconf 85' lang='lat' dir='ltr'><strong><em>temporis</em></strong></span> <span class='ocrx_word' id='word_1_118' title='bbox 1531 1934 1739 1989; x_wconf 90' lang='lat' dir='ltr'><strong><em>nullam</em></strong></span> <span class='ocrx_word' id='word_1_119' title='bbox 1760 1934 1865 2005; x_wconf 85' lang='lat' dir='ltr'><strong><em>ipsi</em></strong></span> 
     </span>
    </p>
   </div>
   <div class='ocr_carea' id='block_1_18' title="bbox 274 2012 1875 2086">
    <p class='ocr_par' dir='ltr' id='par_1_18' title="bbox 274 2012 1875 2086">
     <span class='ocr_line' id='line_1_18' title="bbox 274 2012 1875 2086; baseline 0.005 -22"><span class='ocrx_word' id='word_1_120' title='bbox 274 2023 612 2066; x_wconf 81' lang='lat' dir='ltr'><strong><em>senectutem</em></strong></span> <span class='ocrx_word' id='word_1_121' title='bbox 639 2013 841 2068; x_wconf 75' lang='lat' dir='ltr'><strong><em>invexit</em></strong></span> <span class='ocrx_word' id='word_1_122' title='bbox 869 2033 883 2071; x_wconf 88' lang='lat'><strong>:</strong></span> <span class='ocrx_word' id='word_1_123' title='bbox 915 2016 1009 2070; x_wconf 90' lang='lat' dir='ltr'><strong><em>sed</em></strong></span> <span class='ocrx_word' id='word_1_124' title='bbox 1035 2016 1174 2071; x_wconf 89' lang='lat' dir='ltr'><strong><em>sicut</em></strong></span> <span class='ocrx_word' id='word_1_125' title='bbox 1194 2031 1393 2086; x_wconf 91' lang='lat' dir='ltr'><strong><em>corpus</em></strong></span> <span class='ocrx_word' id='word_1_126' title='bbox 1419 2012 1660 2086; x_wconf 78' lang='lat' dir='ltr'><strong><em>juvenile</em></strong></span> <span class='ocrx_word' id='word_1_127' title='bbox 1690 2027 1745 2072; x_wconf 93' lang='lat' dir='ltr'><strong><em>et</em></strong></span> <span class='ocrx_word' id='word_1_128' title='bbox 1787 2034 1875 2072; x_wconf 85' lang='lat' dir='ltr'><strong><em>ro-</em></strong></span> 
     </span>
    </p>
   </div>
   <div class='ocr_carea' id='block_1_19' title="bbox 275 2101 1876 2175">
    <p class='ocr_par' dir='ltr' id='par_1_19' title="bbox 275 2101 1876 2175">
     <span class='ocr_line' id='line_1_19' title="bbox 275 2101 1876 2175; baseline 0.004 -19"><span class='ocrx_word' id='word_1_129' title='bbox 275 2101 491 2156; x_wconf 84' lang='lat' dir='ltr'><strong><em>bustum</em></strong></span> <span class='ocrx_word' id='word_1_130' title='bbox 530 2102 721 2159; x_wconf 81' lang='lat' dir='ltr'><strong><em>florem</em></strong></span> <span class='ocrx_word' id='word_1_131' title='bbox 742 2106 914 2161; x_wconf 68' lang='lat' dir='ltr'><strong><em>aetatis</em></strong></span> <span class='ocrx_word' id='word_1_132' title='bbox 946 2107 1293 2175; x_wconf 83' lang='lat' dir='ltr'><strong><em>vigoremque</em></strong></span> <span class='ocrx_word' id='word_1_133' title='bbox 1317 2119 1528 2175; x_wconf 84' lang='lat' dir='ltr'><strong><em>servat;</em></strong></span> <span class='ocrx_word' id='word_1_134' title='bbox 1559 2108 1629 2162; x_wconf 88' lang='lat' dir='ltr'><strong><em>ita</em></strong></span> <span class='ocrx_word' id='word_1_135' title='bbox 1672 2118 1728 2163; x_wconf 86' lang='lat' dir='ltr'><strong><em>et</em></strong></span> <span class='ocrx_word' id='word_1_136' title='bbox 1770 2123 1876 2163; x_wconf 64' lang='lat' dir='ltr'><strong><em>ca:-</em></strong></span> 
     </span>
    </p>
   </div>
   <div class='ocr_carea' id='block_1_20' title="bbox 274 2186 1873 2268">
    <p class='ocr_par' dir='ltr' id='par_1_20' title="bbox 274 2186 1873 2268">
     <span class='ocr_line' id='line_1_20' title="bbox 274 2186 1873 2268; baseline 0.006 -21"><span class='ocrx_word' id='word_1_137' title='bbox 274 2194 408 2258; x_wconf 89' lang='lat' dir='ltr'><strong><em>lum,</em></strong></span> <span class='ocrx_word' id='word_1_138' title='bbox 441 2210 603 2265; x_wconf 92' lang='lat' dir='ltr'><strong><em>quam</em></strong></span> <span class='ocrx_word' id='word_1_139' title='bbox 643 2186 713 2251; x_wconf 77' lang='lat' dir='ltr'><strong><em>ab</em></strong></span> <span class='ocrx_word' id='word_1_140' title='bbox 756 2197 906 2252; x_wconf 90' lang='lat' dir='ltr'><strong><em>initio</em></strong></span> <span class='ocrx_word' id='word_1_141' title='bbox 954 2198 1139 2254; x_wconf 85' lang='lat' dir='ltr'><strong><em>habuit</em></strong></span> <span class='ocrx_word' id='word_1_142' title='bbox 1164 2199 1620 2268; x_wconf 68' lang='lat' dir='ltr'><strong><em>pulchritudinem</em></strong></span> <span class='ocrx_word' id='word_1_143' title='bbox 1650 2216 1873 2256; x_wconf 87' lang='lat' dir='ltr'><strong><em>conser-</em></strong></span> 
     </span>
    </p>
   </div>
   <div class='ocr_carea' id='block_1_21' title="bbox 276 2288 1874 2358">
    <p class='ocr_par' dir='ltr' id='par_1_21' title="bbox 276 2288 1874 2358">
     <span class='ocr_line' id='line_1_21' title="bbox 276 2288 1874 2358; baseline 0.006 -20"><span class='ocrx_word' id='word_1_144' title='bbox 276 2288 444 2355; x_wconf 80' lang='lat' dir='ltr'><strong><em>vovit,</em></strong></span> <span class='ocrx_word' id='word_1_145' title='bbox 478 2302 578 2341; x_wconf 90' lang='lat' dir='ltr'><strong><em>nec</em></strong></span> <span class='ocrx_word' id='word_1_146' title='bbox 592 2291 849 2358; x_wconf 89' lang='lat' dir='ltr'><strong><em>temporis</em></strong></span> <span class='ocrx_word' id='word_1_147' title='bbox 877 2288 1231 2346; x_wconf 90' lang='lat' dir='ltr'><strong><em>diuturnitate</em></strong></span> <span class='ocrx_word' id='word_1_148' title='bbox 1257 2292 1525 2346; x_wconf 87' lang='lat' dir='ltr'><strong><em>ullatenus</em></strong></span> <span class='ocrx_word' id='word_1_149' title='bbox 1554 2292 1874 2347; x_wconf 86' lang='lat' dir='ltr'><strong><em>imbecillius</em></strong></span> 
     </span>
    </p>
   </div>
   <div class='ocr_carea' id='block_1_22' title="bbox 276 2378 1869 2452">
    <p class='ocr_par' dir='ltr' id='par_1_22' title="bbox 276 2378 1869 2452">
     <span class='ocr_line' id='line_1_22' title="bbox 276 2378 1869 2452; baseline 0.004 -21"><span class='ocrx_word' id='word_1_150' title='bbox 276 2378 448 2432; x_wconf 76' lang='lat' dir='ltr'><strong><em>evasit</em></strong></span> <span class='ocrx_word' id='word_1_151' title='bbox 473 2395 487 2430; x_wconf 87' lang='lat'><strong>:</strong></span> <span class='ocrx_word' id='word_1_152' title='bbox 518 2378 615 2433; x_wconf 86' lang='lat' dir='ltr'><strong><em>sed</em></strong></span> <span class='ocrx_word' id='word_1_153' title='bbox 645 2379 773 2434; x_wconf 91' lang='lat' dir='ltr'><strong><em>illud</em></strong></span> <span class='ocrx_word' id='word_1_154' title='bbox 801 2380 870 2434; x_wconf 83' lang='lat' dir='ltr'><strong><em>ita</em></strong></span> <span class='ocrx_word' id='word_1_155' title='bbox 917 2380 1201 2451; x_wconf 89' lang='lat' dir='ltr'><strong><em>pulchrum</em></strong></span> <span class='ocrx_word' id='word_1_156' title='bbox 1222 2424 1239 2449; x_wconf 94' lang='lat'><strong><em>,</em></strong></span> <span class='ocrx_word' id='word_1_157' title='bbox 1301 2398 1552 2452; x_wconf 86' lang='lat' dir='ltr'><strong><em>magnum</em></strong></span> <span class='ocrx_word' id='word_1_158' title='bbox 1580 2424 1595 2448; x_wconf 95' lang='lat'><strong><em>,</em></strong></span> <span class='ocrx_word' id='word_1_159' title='bbox 1650 2383 1829 2437; x_wconf 81' lang='lat' dir='ltr'><strong><em>laetum</em></strong></span> <span class='ocrx_word' id='word_1_160' title='bbox 1854 2425 1869 2450; x_wconf 95' lang='lat'><strong><em>,</em></strong></span> 
     </span>
    </p>
   </div>
   <div class='ocr_carea' id='block_1_23' title="bbox 273 2471 1866 2543">
    <p class='ocr_par' dir='ltr' id='par_1_23' title="bbox 273 2471 1866 2543">
     <span class='ocr_line' id='line_1_23' title="bbox 273 2471 1866 2543; baseline 0.003 -19"><span class='ocrx_word' id='word_1_161' title='bbox 273 2471 448 2525; x_wconf 86' lang='lat' dir='ltr'><strong><em>stellis</em></strong></span> <span class='ocrx_word' id='word_1_162' title='bbox 472 2480 745 2538; x_wconf 87' lang='lat' dir='ltr'><strong><em>ornatum,</em></strong></span> <span class='ocrx_word' id='word_1_163' title='bbox 767 2483 1102 2543; x_wconf 88' lang='lat' dir='ltr'><strong><em>perpetuum,</em></strong></span> <span class='ocrx_word' id='word_1_164' title='bbox 1130 2475 1329 2530; x_wconf 89' lang='lat' dir='ltr'><strong><em>tamdiu</em></strong></span> <span class='ocrx_word' id='word_1_165' title='bbox 1352 2476 1673 2543; x_wconf 86' lang='lat' dir='ltr'><strong><em>consistens,</em></strong></span> <span class='ocrx_word' id='word_1_166' title='bbox 1704 2476 1866 2542; x_wconf 91' lang='lat' dir='ltr'><strong><em>Deus,</em></strong></span> 
     </span>
    </p>
   </div>
   <div class='ocr_carea' id='block_1_24' title="bbox 274 2562 1867 2629">
    <p class='ocr_par' dir='ltr' id='par_1_24' title="bbox 274 2562 1867 2629">
     <span class='ocr_line' id='line_1_24' title="bbox 274 2562 1867 2629; baseline 0.007 -20"><span class='ocrx_word' id='word_1_167' title='bbox 274 2576 434 2627; x_wconf 89' lang='lat' dir='ltr'><strong><em>quem</em></strong></span> <span class='ocrx_word' id='word_1_168' title='bbox 469 2571 521 2614; x_wconf 92' lang='lat' dir='ltr'><strong><em>tu</em></strong></span> <span class='ocrx_word' id='word_1_169' title='bbox 552 2562 765 2617; x_wconf 83' lang='lat' dir='ltr'><strong><em>curiose</em></strong></span> <span class='ocrx_word' id='word_1_170' title='bbox 793 2565 1050 2618; x_wconf 85' lang='lat' dir='ltr'><strong><em>scrutaris</em></strong></span> <span class='ocrx_word' id='word_1_171' title='bbox 1070 2608 1084 2629; x_wconf 89' lang='lat'><strong><em>,</em></strong></span> <span class='ocrx_word' id='word_1_172' title='bbox 1133 2576 1183 2619; x_wconf 90' lang='lat' dir='ltr'><strong><em>et</em></strong></span> <span class='ocrx_word' id='word_1_173' title='bbox 1213 2566 1621 2619; x_wconf 91' lang='lat' dir='ltr'><strong><em>ratiociniorum</em></strong></span> <span class='ocrx_word' id='word_1_174' title='bbox 1652 2574 1867 2627; x_wconf 89' lang='lat' dir='ltr'><strong><em>tuorum</em></strong></span> 
     </span>
    </p>
   </div>
   <div class='ocr_carea' id='block_1_25' title="bbox 274 2652 1871 2730">
    <p class='ocr_par' dir='ltr' id='par_1_25' title="bbox 274 2652 1871 2730">
     <span class='ocr_line' id='line_1_25' title="bbox 274 2652 1871 2730; baseline 0.006 -26"><span class='ocrx_word' id='word_1_175' title='bbox 274 2652 530 2707; x_wconf 87' lang='lat' dir='ltr'><strong><em>limitibus</em></strong></span> <span class='ocrx_word' id='word_1_176' title='bbox 556 2654 778 2723; x_wconf 90' lang='lat' dir='ltr'><strong><em>subjicis</em></strong></span> <span class='ocrx_word' id='word_1_177' title='bbox 799 2697 814 2722; x_wconf 91' lang='lat'><strong><em>,</em></strong></span> <span class='ocrx_word' id='word_1_178' title='bbox 848 2656 917 2710; x_wconf 88' lang='lat' dir='ltr'><strong><em>ita</em></strong></span> <span class='ocrx_word' id='word_1_179' title='bbox 950 2657 1104 2712; x_wconf 84' lang='lat' dir='ltr'><strong><em>facile</em></strong></span> <span class='ocrx_word' id='word_1_180' title='bbox 1129 2658 1387 2722; x_wconf 88' lang='lat' dir='ltr'><strong><em>condidit,</em></strong></span> <span class='ocrx_word' id='word_1_181' title='bbox 1414 2674 1477 2713; x_wconf 85' lang='lat' dir='ltr'><strong><em>ac</em></strong></span> <span class='ocrx_word' id='word_1_182' title='bbox 1503 2660 1545 2713; x_wconf 91' lang='lat' dir='ltr'><strong><em>si</em></strong></span> <span class='ocrx_word' id='word_1_183' title='bbox 1568 2660 1687 2730; x_wconf 84' lang='lat' dir='ltr'><strong><em>quis</em></strong></span> <span class='ocrx_word' id='word_1_184' title='bbox 1714 2668 1871 2730; x_wconf 79' lang='lat' dir='ltr'><strong><em>tugu-</em></strong></span> 
     </span>
    </p>
   </div>
   <div class='ocr_carea' id='block_1_26' title="bbox 274 2744 1870 2817">
    <p class='ocr_par' dir='ltr' id='par_1_26' title="bbox 274 2744 1870 2817">
     <span class='ocr_line' id='line_1_26' title="bbox 274 2744 1870 2817; baseline 0.006 -20"><span class='ocrx_word' id='word_1_185' title='bbox 274 2744 411 2797; x_wconf 88' lang='lat' dir='ltr'><strong><em>rium</em></strong></span> <span class='ocrx_word' id='word_1_186' title='bbox 434 2744 627 2799; x_wconf 88' lang='lat' dir='ltr'><strong><em>ludens</em></strong></span> <span class='ocrx_word' id='word_1_187' title='bbox 654 2756 988 2801; x_wconf 85' lang='lat' dir='ltr'><strong><em>construeret</em></strong></span> <span class='ocrx_word' id='word_1_188' title='bbox 1016 2766 1029 2801; x_wconf 91' lang='lat'><strong>:</strong></span> <span class='ocrx_word' id='word_1_189' title='bbox 1060 2764 1216 2817; x_wconf 86' lang='lat' dir='ltr'><strong><em>quam</em></strong></span> <span class='ocrx_word' id='word_1_190' title='bbox 1261 2766 1372 2805; x_wconf 91' lang='lat' dir='ltr'><strong><em>rem</em></strong></span> <span class='ocrx_word' id='word_1_191' title='bbox 1397 2750 1474 2805; x_wconf 92' lang='lat' dir='ltr'><strong><em>sic</em></strong></span> <span class='ocrx_word' id='word_1_192' title='bbox 1503 2751 1741 2807; x_wconf 87' lang='lat' dir='ltr'><strong><em>declarat</em></strong></span> <span class='ocrx_word' id='word_1_193' title='bbox 1769 2752 1870 2807; x_wconf 89' lang='lat' dir='ltr'><strong><em>lsa-</em></strong></span> 
     </span>
    </p>
   </div>
   <div class='ocr_carea' id='block_1_27' title="bbox 272 2836 1873 2909">
    <p class='ocr_par' dir='ltr' id='par_1_27' title="bbox 272 2836 1873 2909">
     <span class='ocr_line' id='line_1_27' title="bbox 272 2836 1873 2909; baseline 0.007 -19"><span class='ocrx_word' id='word_1_194' title='bbox 272 2836 352 2891; x_wconf 88' lang='lat' dir='ltr'><strong><em>ias</em></strong></span> <span class='ocrx_word' id='word_1_195' title='bbox 384 2836 641 2905; x_wconf 82' lang='lat' dir='ltr'><strong><em>prapheta</em></strong></span> <span class='ocrx_word' id='word_1_196' title='bbox 672 2854 685 2889; x_wconf 92' lang='lat'>:</span> <span class='ocrx_word' id='word_1_197' title='bbox 721 2838 823 2904; x_wconf 90' lang='lat' dir='ltr'><strong><em>Qui</em></strong></span> <span class='ocrx_word' id='word_1_198' title='bbox 847 2843 1022 2894; x_wconf 86' lang='lat' dir='ltr'><strong><em>statuit</em></strong></span> <span class='ocrx_word' id='word_1_199' title='bbox 1042 2844 1220 2896; x_wconf 65' lang='lat' dir='ltr'><strong><em>calum</em></strong></span> <span class='ocrx_word' id='word_1_200' title='bbox 1243 2845 1373 2897; x_wconf 88' lang='lat' dir='ltr'><strong><em>sicut</em></strong></span> <span class='ocrx_word' id='word_1_201' title='bbox 1394 2862 1667 2909; x_wconf 89' lang='lat' dir='ltr'><strong><em>cameram,</em></strong></span> <span class='ocrx_word' id='word_1_202' title='bbox 1701 2855 1749 2901; x_wconf 89' lang='lat' dir='ltr'><strong><em>et</em></strong></span> <span class='ocrx_word' id='word_1_203' title='bbox 1785 2863 1873 2901; x_wconf 78' lang='lat' dir='ltr'><strong><em>ea:-</em></strong></span> 
     </span>
    </p>
   </div>
   <div class='ocr_carea' id='block_1_28' title="bbox 272 2927 1867 3007">
    <p class='ocr_par' dir='ltr' id='par_1_28' title="bbox 272 2927 1867 3007">
     <span class='ocr_line' id='line_1_28' title="bbox 272 2927 1867 3007; baseline 0.008 -29"><span class='ocrx_word' id='word_1_204' title='bbox 272 2927 433 2980; x_wconf 88' lang='lat' dir='ltr'><strong><em>tendit</em></strong></span> <span class='ocrx_word' id='word_1_205' title='bbox 460 2928 590 2981; x_wconf 87' lang='lat' dir='ltr'><strong><em>illud</em></strong></span> <span class='ocrx_word' id='word_1_206' title='bbox 613 2931 743 2982; x_wconf 86' lang='lat' dir='ltr'><strong><em>sicut</em></strong></span> <span class='ocrx_word' id='word_1_207' title='bbox 761 2932 1143 2987; x_wconf 85' lang='lat' dir='ltr'><strong><em>tabernaculum</em></strong></span> <span class='ocrx_word' id='word_1_208' title='bbox 1169 2951 1324 3004; x_wconf 83' lang='lat' dir='ltr'><strong><em>super</em></strong></span> <span class='ocrx_word' id='word_1_209' title='bbox 1365 2946 1550 2989; x_wconf 89' lang='lat' dir='ltr'><strong><em>terram</em></strong></span> <span class='ocrx_word' id='word_1_210' title='bbox 1577 2936 1731 3007; x_wconf 89' lang='lat' dir='ltr'><strong><em>(Isai.</em></strong></span> <span class='ocrx_word' id='word_1_211' title='bbox 1774 2938 1867 2993; x_wconf 72' lang='grc'><strong><em>40.</em></strong></span> 
     </span>
    </p>
   </div>
   <div class='ocr_carea' id='block_1_29' title="bbox 277 3017 1869 3101">
    <p class='ocr_par' dir='ltr' id='par_1_29' title="bbox 277 3017 1869 3101">
     <span class='ocr_line' id='line_1_29' title="bbox 277 3017 1869 3101; baseline 0.009 -28"><span class='ocrx_word' id='word_1_212' title='bbox 277 3017 403 3087; x_wconf 75' lang='lat'><strong><em>2‘2).</em></strong></span> <span class='ocrx_word' id='word_1_213' title='bbox 422 3020 588 3075; x_wconf 86' lang='lat' dir='ltr'><strong><em>Visne</em></strong></span> <span class='ocrx_word' id='word_1_214' title='bbox 635 3032 830 3077; x_wconf 89' lang='lat' dir='ltr'><strong><em>terram</em></strong></span> <span class='ocrx_word' id='word_1_215' title='bbox 858 3040 1070 3095; x_wconf 88' lang='lat' dir='ltr'><strong><em>quoque</em></strong></span> <span class='ocrx_word' id='word_1_216' title='bbox 1099 3028 1330 3083; x_wconf 87' lang='lat' dir='ltr'><strong><em>intueri?</em></strong></span> <span class='ocrx_word' id='word_1_217' title='bbox 1358 3028 1498 3085; x_wconf 87' lang='lat' dir='ltr'><strong><em>hanc</em></strong></span> <span class='ocrx_word' id='word_1_218' title='bbox 1530 3032 1690 3085; x_wconf 88' lang='lat' dir='ltr'><strong><em>etiam</em></strong></span> <span class='ocrx_word' id='word_1_219' title='bbox 1714 3033 1869 3101; x_wconf 89' lang='lat' dir='ltr'><strong><em>quasi</em></strong></span> 
     </span>
    </p>
   </div>
   <div class='ocr_carea' id='block_1_30' title="bbox 270 3111 1871 3187">
    <p class='ocr_par' dir='ltr' id='par_1_30' title="bbox 270 3111 1871 3187">
     <span class='ocr_line' id='line_1_30' title="bbox 270 3111 1871 3187; baseline 0.009 -24"><span class='ocrx_word' id='word_1_220' title='bbox 270 3112 402 3165; x_wconf 80' lang='lat' dir='ltr'><strong><em>nihil</em></strong></span> <span class='ocrx_word' id='word_1_221' title='bbox 432 3111 577 3167; x_wconf 88' lang='lat' dir='ltr'><strong><em>fecit.</em></strong></span> <span class='ocrx_word' id='word_1_222' title='bbox 606 3112 737 3167; x_wconf 83' lang='lat' dir='ltr'><strong><em>Nam</em></strong></span> <span class='ocrx_word' id='word_1_223' title='bbox 770 3115 838 3170; x_wconf 89' lang='lat' dir='ltr'><strong><em>de</em></strong></span> <span class='ocrx_word' id='word_1_224' title='bbox 868 3116 959 3171; x_wconf 93' lang='lat' dir='ltr'><strong><em>illo</em></strong></span> <span class='ocrx_word' id='word_1_225' title='bbox 980 3118 1195 3187; x_wconf 89' lang='lat' dir='ltr'><strong><em>quidem</em></strong></span> <span class='ocrx_word' id='word_1_226' title='bbox 1222 3119 1331 3173; x_wconf 89' lang='lat' dir='ltr'><strong><em>ait:</em></strong></span> <span class='ocrx_word' id='word_1_227' title='bbox 1370 3119 1469 3186; x_wconf 88' lang='lat' dir='ltr'><strong><em>Qui</em></strong></span> <span class='ocrx_word' id='word_1_228' title='bbox 1492 3122 1665 3175; x_wconf 86' lang='lat' dir='ltr'><strong><em>statuit</em></strong></span> <span class='ocrx_word' id='word_1_229' title='bbox 1689 3123 1871 3177; x_wconf 70' lang='lat' dir='ltr'><strong><em>calum</em></strong></span> 
     </span>
    </p>
   </div>
   <div class='ocr_carea' id='block_1_31' title="bbox 270 3203 1869 3279">
    <p class='ocr_par' dir='ltr' id='par_1_31' title="bbox 270 3203 1869 3279">
     <span class='ocr_line' id='line_1_31' title="bbox 270 3203 1869 3279; baseline 0.011 -26"><span class='ocrx_word' id='word_1_230' title='bbox 270 3203 695 3279; x_wconf 77' lang='lat' dir='ltr'><strong><em>sicutcameram,</em></strong></span> <span class='ocrx_word' id='word_1_231' title='bbox 728 3215 774 3260; x_wconf 88' lang='lat' dir='ltr'><strong><em>et</em></strong></span> <span class='ocrx_word' id='word_1_232' title='bbox 798 3208 1021 3261; x_wconf 75' lang='lat' dir='ltr'><strong><em>extendit</em></strong></span> <span class='ocrx_word' id='word_1_233' title='bbox 1058 3210 1190 3263; x_wconf 88' lang='lat' dir='ltr'><strong><em>illud</em></strong></span> <span class='ocrx_word' id='word_1_234' title='bbox 1233 3211 1365 3265; x_wconf 85' lang='lat' dir='ltr'><strong><em>sicut</em></strong></span> <span class='ocrx_word' id='word_1_235' title='bbox 1391 3213 1772 3268; x_wconf 88' lang='lat' dir='ltr'><strong><em>tabernaculum</em></strong></span> <span class='ocrx_word' id='word_1_236' title='bbox 1816 3216 1869 3270; x_wconf 87' lang='lat' dir='ltr'><strong><em>in</em></strong></span> 
     </span>
    </p>
   </div>
   <div class='ocr_carea' id='block_1_32' title="bbox 278 3294 1870 3377">
    <p class='ocr_par' dir='ltr' id='par_1_32' title="bbox 278 3294 1870 3377">
     <span class='ocr_line' id='line_1_32' title="bbox 278 3294 1870 3377; baseline 0.008 -30"><span class='ocrx_word' id='word_1_237' title='bbox 278 3294 841 3366; x_wconf 81' lang='lat' dir='ltr'><strong><em>deserto(lbid.):de</em></strong></span> <span class='ocrx_word' id='word_1_238' title='bbox 899 3298 998 3355; x_wconf 89' lang='lat' dir='ltr'><strong><em>hac</em></strong></span> <span class='ocrx_word' id='word_1_239' title='bbox 1051 3316 1202 3365; x_wconf 84' lang='lat' dir='ltr'><strong><em>vero,</em></strong></span> <span class='ocrx_word' id='word_1_240' title='bbox 1255 3304 1355 3368; x_wconf 85' lang='lat' dir='ltr'><strong><em>Qui</em></strong></span> <span class='ocrx_word' id='word_1_241' title='bbox 1404 3306 1625 3359; x_wconf 81' lang='lat' dir='ltr'><strong><em>continet</em></strong></span> <span class='ocrx_word' id='word_1_242' title='bbox 1685 3323 1870 3377; x_wconf 82' lang='lat' dir='ltr'><strong><em>gyrum</em></strong></span> 
     </span>
    </p>
   </div>
   <div class='ocr_carea' id='block_1_33' title="bbox 269 3387 1868 3467">
    <p class='ocr_par' dir='ltr' id='par_1_33' title="bbox 269 3387 1868 3467">
     <span class='ocr_line' id='line_1_33' title="bbox 269 3387 1868 3467; baseline 0.009 -30"><span class='ocrx_word' id='word_1_243' title='bbox 269 3395 437 3450; x_wconf 66' lang='lat' dir='ltr'><strong><em>terra,</em></strong></span> <span class='ocrx_word' id='word_1_244' title='bbox 466 3387 553 3458; x_wconf 82' lang='lat' dir='ltr'><strong><em>qui</em></strong></span> <span class='ocrx_word' id='word_1_245' title='bbox 591 3387 708 3457; x_wconf 81' lang='lat' dir='ltr'><strong><em>fecit</em></strong></span> <span class='ocrx_word' id='word_1_246' title='bbox 772 3398 958 3444; x_wconf 88' lang='lat' dir='ltr'><strong><em>terram</em></strong></span> <span class='ocrx_word' id='word_1_247' title='bbox 1019 3392 1164 3462; x_wconf 87' lang='lat' dir='ltr'><strong><em>quasi</em></strong></span> <span class='ocrx_word' id='word_1_248' title='bbox 1206 3394 1356 3448; x_wconf 82' lang='lat' dir='ltr'><strong><em>nihil.</em></strong></span> <span class='ocrx_word' id='word_1_249' title='bbox 1414 3395 1644 3450; x_wconf 79' lang='lat' dir='ltr'><strong><em>Videsne</em></strong></span> <span class='ocrx_word' id='word_1_250' title='bbox 1674 3397 1689 3427; x_wconf 85' lang='grc'>¹</span> <span class='ocrx_word' id='word_1_251' title='bbox 1733 3413 1868 3467; x_wconf 87' lang='lat' dir='ltr'><strong><em>quo-</em></strong></span> 
     </span>
    </p>
   </div>
   <div class='ocr_carea' id='block_1_34' title="bbox 269 3477 1797 3556">
    <p class='ocr_par' dir='ltr' id='par_1_34' title="bbox 269 3477 1797 3556">
     <span class='ocr_line' id='line_1_34' title="bbox 269 3477 1797 3556; baseline 0.008 -25"><span class='ocrx_word' id='word_1_252' title='bbox 269 3477 432 3532; x_wconf 85' lang='lat' dir='ltr'><strong><em>modo</em></strong></span> <span class='ocrx_word' id='word_1_253' title='bbox 462 3479 590 3532; x_wconf 88' lang='lat' dir='ltr'><strong><em>nihil</em></strong></span> <span class='ocrx_word' id='word_1_254' title='bbox 619 3479 816 3535; x_wconf 81' lang='lat' dir='ltr'><strong><em>dixerit</em></strong></span> <span class='ocrx_word' id='word_1_255' title='bbox 848 3491 1051 3536; x_wconf 90' lang='lat' dir='ltr'><strong><em>tantum</em></strong></span> <span class='ocrx_word' id='word_1_256' title='bbox 1099 3494 1312 3554; x_wconf 90' lang='lat' dir='ltr'><strong><em>tamque</em></strong></span> <span class='ocrx_word' id='word_1_257' title='bbox 1340 3486 1527 3556; x_wconf 80' lang='lat' dir='ltr'><strong><em>ingens</em></strong></span> <span class='ocrx_word' id='word_1_258' title='bbox 1554 3489 1797 3556; x_wconf 87' lang='lat' dir='ltr'><strong><em>corpus?</em></strong></span> 
     </span>
    </p>
   </div>
   <div class='ocr_carea' id='block_1_35' title="bbox 338 3568 1872 3648">
    <p class='ocr_par' dir='ltr' id='par_1_35' title="bbox 338 3568 1872 3648">
     <span class='ocr_line' id='line_1_35' title="bbox 338 3568 1872 3648; baseline 0.008 -25"><span class='ocrx_word' id='word_1_259' title='bbox 338 3568 396 3623; x_wconf 71' lang='grc' dir='ltr'><strong><em>ι.</em></strong></span> <span class='ocrx_word' id='word_1_260' title='bbox 436 3569 622 3638; x_wconf 81' lang='lat' dir='ltr'><strong><em>Cogita</em></strong></span> <span class='ocrx_word' id='word_1_261' title='bbox 652 3580 907 3640; x_wconf 89' lang='lat' dir='ltr'><strong><em>quantam</em></strong></span> <span class='ocrx_word' id='word_1_262' title='bbox 952 3574 1212 3628; x_wconf 84' lang='lat' dir='ltr'><strong><em>montium</em></strong></span> <span class='ocrx_word' id='word_1_263' title='bbox 1240 3577 1473 3643; x_wconf 86' lang='lat' dir='ltr'><strong><em>molem,</em></strong></span> <span class='ocrx_word' id='word_1_264' title='bbox 1526 3588 1657 3648; x_wconf 88' lang='lat' dir='ltr'><strong><em>quot</em></strong></span> <span class='ocrx_word' id='word_1_265' title='bbox 1697 3579 1872 3635; x_wconf 84' lang='lat' dir='ltr'><strong><em>homi-</em></strong></span> 
     </span>
    </p>
   </div>
   <div class='ocr_carea' id='block_1_36' title="bbox 268 3662 1866 3734">
    <p class='ocr_par' dir='ltr' id='par_1_36' title="bbox 268 3662 1866 3734">
     <span class='ocr_line' id='line_1_36' title="bbox 268 3662 1866 3734; baseline 0.009 -22"><span class='ocrx_word' id='word_1_266' title='bbox 268 3675 397 3713; x_wconf 90' lang='lat' dir='ltr'><strong><em>num</em></strong></span> <span class='ocrx_word' id='word_1_267' title='bbox 430 3662 711 3728; x_wconf 89' lang='lat' dir='ltr'><strong><em>nationes,</em></strong></span> <span class='ocrx_word' id='word_1_268' title='bbox 755 3671 887 3733; x_wconf 90' lang='lat' dir='ltr'><strong><em>quot</em></strong></span> <span class='ocrx_word' id='word_1_269' title='bbox 933 3664 1233 3734; x_wconf 90' lang='lat' dir='ltr'><strong><em>plantarum</em></strong></span> <span class='ocrx_word' id='word_1_270' title='bbox 1264 3669 1577 3724; x_wconf 83' lang='lat' dir='ltr'><strong><em>varietatem</em></strong></span> <span class='ocrx_word' id='word_1_271' title='bbox 1606 3680 1661 3725; x_wconf 88' lang='lat' dir='ltr'><strong><em>et</em></strong></span> <span class='ocrx_word' id='word_1_272' title='bbox 1689 3673 1866 3726; x_wconf 82' lang='lat' dir='ltr'><strong><em>altitu-</em></strong></span> 
     </span>
    </p>
   </div>
   <div class='ocr_carea' id='block_1_37' title="bbox 266 3750 1866 3831">
    <p class='ocr_par' dir='ltr' id='par_1_37' title="bbox 266 3750 1866 3831">
     <span class='ocr_line' id='line_1_37' title="bbox 266 3750 1866 3831; baseline 0.008 -28"><span class='ocrx_word' id='word_1_273' title='bbox 266 3750 483 3814; x_wconf 87' lang='lat' dir='ltr'><strong><em>dinem,</em></strong></span> <span class='ocrx_word' id='word_1_274' title='bbox 526 3761 657 3821; x_wconf 90' lang='lat' dir='ltr'><strong><em>quot</em></strong></span> <span class='ocrx_word' id='word_1_275' title='bbox 687 3753 870 3821; x_wconf 87' lang='lat' dir='ltr'><strong><em>urbes,</em></strong></span> <span class='ocrx_word' id='word_1_276' title='bbox 909 3762 1041 3825; x_wconf 93' lang='lat' dir='ltr'><strong><em>quot</em></strong></span> <span class='ocrx_word' id='word_1_277' title='bbox 1067 3756 1416 3812; x_wconf 79' lang='lat' dir='ltr'><strong><em>:ediliciorum</em></strong></span> <span class='ocrx_word' id='word_1_278' title='bbox 1446 3762 1866 3831; x_wconf 85' lang='lat' dir='ltr'><strong><em>magnitudines,</em></strong></span> 
     </span>
    </p>
   </div>
   <div class='ocr_carea' id='block_1_38' title="bbox 265 3843 1867 3922">
    <p class='ocr_par' dir='ltr' id='par_1_38' title="bbox 265 3843 1867 3922">
     <span class='ocr_line' id='line_1_38' title="bbox 265 3843 1867 3922; baseline 0.009 -26"><span class='ocrx_word' id='word_1_279' title='bbox 265 3851 399 3912; x_wconf 87' lang='lat' dir='ltr'><strong><em>quot</em></strong></span> <span class='ocrx_word' id='word_1_280' title='bbox 427 3843 858 3914; x_wconf 84' lang='lat' dir='ltr'><strong><em>quadrupedum,</em></strong></span> <span class='ocrx_word' id='word_1_281' title='bbox 889 3846 1146 3915; x_wconf 84' lang='lat' dir='ltr'><strong><em>ferarum,</em></strong></span> <span class='ocrx_word' id='word_1_282' title='bbox 1176 3851 1449 3919; x_wconf 88' lang='lat' dir='ltr'><strong><em>reptilium</em></strong></span> <span class='ocrx_word' id='word_1_283' title='bbox 1478 3868 1675 3922; x_wconf 86' lang='lat' dir='ltr'><strong><em>genera</em></strong></span> <span class='ocrx_word' id='word_1_284' title='bbox 1703 3855 1867 3910; x_wconf 91' lang='lat' dir='ltr'><strong><em>dorso</em></strong></span> 
     </span>
    </p>
   </div>
   <div class='ocr_carea' id='block_1_39' title="bbox 265 3935 1867 4015">
    <p class='ocr_par' dir='ltr' id='par_1_39' title="bbox 265 3935 1867 4015">
     <span class='ocr_line' id='line_1_39' title="bbox 265 3935 1867 4015; baseline 0.008 -27"><span class='ocrx_word' id='word_1_285' title='bbox 265 3949 370 3989; x_wconf 88' lang='lat' dir='ltr'><strong><em>suo</em></strong></span> <span class='ocrx_word' id='word_1_286' title='bbox 403 3935 657 3990; x_wconf 87' lang='lat' dir='ltr'><strong><em>sustinet.</em></strong></span> <span class='ocrx_word' id='word_1_287' title='bbox 690 3937 939 3994; x_wconf 77' lang='lat' dir='ltr'><strong><em>Attamen</em></strong></span> <span class='ocrx_word' id='word_1_288' title='bbox 968 3940 1114 3994; x_wconf 88' lang='lat' dir='ltr'><strong><em>illam</em></strong></span> <span class='ocrx_word' id='word_1_289' title='bbox 1147 3942 1311 3997; x_wconf 89' lang='lat' dir='ltr'><strong><em>talem</em></strong></span> <span class='ocrx_word' id='word_1_290' title='bbox 1346 3952 1656 4015; x_wconf 87' lang='lat' dir='ltr'><strong><em>tantamque</em></strong></span> <span class='ocrx_word' id='word_1_291' title='bbox 1684 3946 1753 4001; x_wconf 92' lang='lat' dir='ltr'><strong><em>ita</em></strong></span> <span class='ocrx_word' id='word_1_292' title='bbox 1785 3946 1867 4001; x_wconf 87' lang='lat' dir='ltr'><strong><em>fa-</em></strong></span> 
     </span>
    </p>
   </div>
   <div class='ocr_carea' id='block_1_40' title="bbox 265 4024 1871 4103">
    <p class='ocr_par' dir='ltr' id='par_1_40' title="bbox 265 4024 1871 4103">
     <span class='ocr_line' id='line_1_40' title="bbox 265 4024 1871 4103; baseline 0.01 -25"><span class='ocrx_word' id='word_1_293' title='bbox 265 4024 368 4079; x_wconf 89' lang='lat' dir='ltr'><strong><em>cile</em></strong></span> <span class='ocrx_word' id='word_1_294' title='bbox 392 4025 652 4103; x_wconf 78' lang='lat' dir='ltr'><strong><em>condidit,</em></strong></span> <span class='ocrx_word' id='word_1_295' title='bbox 685 4036 742 4082; x_wconf 91' lang='lat' dir='ltr'><strong><em>ut</em></strong></span> <span class='ocrx_word' id='word_1_296' title='bbox 767 4030 1047 4100; x_wconf 88' lang='lat' dir='ltr'><strong><em>propheta,</em></strong></span> <span class='ocrx_word' id='word_1_297' title='bbox 1076 4046 1197 4087; x_wconf 93' lang='lat' dir='ltr'><strong><em>cum</em></strong></span> <span class='ocrx_word' id='word_1_298' title='bbox 1223 4041 1383 4089; x_wconf 71' lang='lat' dir='ltr'><strong><em>tantae</em></strong></span> <span class='ocrx_word' id='word_1_299' title='bbox 1399 4034 1671 4093; x_wconf 78' lang='lat' dir='ltr'><strong><em>facilitatis</em></strong></span> <span class='ocrx_word' id='word_1_300' title='bbox 1690 4053 1871 4093; x_wconf 74' lang='lat' dir='ltr'><strong><em>exem-</em></strong></span> 
     </span>
    </p>
   </div>
   <div class='ocr_carea' id='block_1_41' title="bbox 265 4116 1866 4207">
    <p class='ocr_par' dir='ltr' id='par_1_41' title="bbox 265 4116 1866 4207">
     <span class='ocr_line' id='line_1_41' title="bbox 265 4116 1866 4207; baseline 0.012 -39"><span class='ocrx_word' id='word_1_301' title='bbox 265 4116 411 4185; x_wconf 89' lang='lat' dir='ltr'><strong><em>plum</em></strong></span> <span class='ocrx_word' id='word_1_302' title='bbox 437 4133 545 4172; x_wconf 87' lang='lat' dir='ltr'><strong><em>non</em></strong></span> <span class='ocrx_word' id='word_1_303' title='bbox 576 4118 819 4188; x_wconf 88' lang='lat' dir='ltr'><strong><em>haberet,</em></strong></span> <span class='ocrx_word' id='word_1_304' title='bbox 853 4122 1051 4178; x_wconf 79' lang='lat' dir='ltr'><strong><em>dixerit</em></strong></span> <span class='ocrx_word' id='word_1_305' title='bbox 1093 4139 1216 4180; x_wconf 90' lang='lat' dir='ltr'><strong><em>eum</em></strong></span> <span class='ocrx_word' id='word_1_306' title='bbox 1251 4126 1445 4184; x_wconf 82' lang='lat' dir='ltr'><strong><em>fecisse</em></strong></span> <span class='ocrx_word' id='word_1_307' title='bbox 1488 4138 1685 4207; x_wconf 79' lang='lat' dir='ltr'><strong><em>terram</em></strong></span> <span class='ocrx_word' id='word_1_308' title='bbox 1713 4134 1866 4201; x_wconf 88' lang='lat' dir='ltr'><strong><em>quasi</em></strong></span> 
     </span>
    </p>
   </div>
   <div class='ocr_carea' id='block_1_42' title="bbox 263 4208 1864 4291">
    <p class='ocr_par' dir='ltr' id='par_1_42' title="bbox 263 4208 1864 4291">
     <span class='ocr_line' id='line_1_42' title="bbox 263 4208 1864 4291; baseline 0.012 -31"><span class='ocrx_word' id='word_1_309' title='bbox 263 4208 416 4262; x_wconf 90' lang='lat' dir='ltr'><strong><em>nihil.</em></strong></span> <span class='ocrx_word' id='word_1_310' title='bbox 445 4208 581 4265; x_wconf 88' lang='lat' dir='ltr'><strong><em>Cum</em></strong></span> <span class='ocrx_word' id='word_1_311' title='bbox 612 4213 755 4267; x_wconf 89' lang='lat' dir='ltr'><strong><em>enim</em></strong></span> <span class='ocrx_word' id='word_1_312' title='bbox 776 4214 1067 4271; x_wconf 87' lang='lat' dir='ltr'><strong><em>visibilium</em></strong></span> <span class='ocrx_word' id='word_1_313' title='bbox 1094 4218 1413 4289; x_wconf 83' lang='lat' dir='ltr'><strong><em>magnitudo</em></strong></span> <span class='ocrx_word' id='word_1_314' title='bbox 1439 4229 1492 4276; x_wconf 87' lang='lat' dir='ltr'><strong><em>et</em></strong></span> <span class='ocrx_word' id='word_1_315' title='bbox 1521 4222 1864 4291; x_wconf 87' lang='lat' dir='ltr'><strong><em>pulchritudo</em></strong></span> 
     </span>
    </p>
   </div>
   <div class='ocr_carea' id='block_1_43' title="bbox 264 4302 1857 4386">
    <p class='ocr_par' dir='ltr' id='par_1_43' title="bbox 264 4302 1857 4386">
     <span class='ocr_line' id='line_1_43' title="bbox 264 4302 1857 4386; baseline 0.013 -32"><span class='ocrx_word' id='word_1_316' title='bbox 264 4316 373 4355; x_wconf 90' lang='lat' dir='ltr'><strong><em>non</em></strong></span> <span class='ocrx_word' id='word_1_317' title='bbox 397 4302 531 4356; x_wconf 87' lang='lat' dir='ltr'><strong><em>satis</em></strong></span> <span class='ocrx_word' id='word_1_318' title='bbox 555 4313 701 4359; x_wconf 87' lang='lat' dir='ltr'><strong><em>esset</em></strong></span> <span class='ocrx_word' id='word_1_319' title='bbox 726 4304 792 4361; x_wconf 90' lang='lat' dir='ltr'><strong><em>ad</em></strong></span> <span class='ocrx_word' id='word_1_320' title='bbox 821 4305 1096 4386; x_wconf 85' lang='lat' dir='ltr'><strong><em>Creatoris</em></strong></span> <span class='ocrx_word' id='word_1_321' title='bbox 1128 4313 1422 4380; x_wconf 89' lang='lat' dir='ltr'><strong><em>potentiam</em></strong></span> <span class='ocrx_word' id='word_1_322' title='bbox 1453 4314 1857 4386; x_wconf 88' lang='lat' dir='ltr'><strong><em>declarandam,</em></strong></span> 
     </span>
    </p>
   </div>
   <div class='ocr_carea' id='block_1_44' title="bbox 261 4384 1864 4477">
    <p class='ocr_par' dir='ltr' id='par_1_44' title="bbox 261 4384 1864 4477">
     <span class='ocr_line' id='line_1_44' title="bbox 261 4384 1864 4477; baseline 0.012 -31"><span class='ocrx_word' id='word_1_323' title='bbox 261 4391 358 4447; x_wconf 80' lang='lat' dir='ltr'><strong><em>sed</em></strong></span> <span class='ocrx_word' id='word_1_324' title='bbox 386 4394 558 4447; x_wconf 91' lang='lat' dir='ltr'><strong><em>multo</em></strong></span> <span class='ocrx_word' id='word_1_325' title='bbox 586 4394 877 4453; x_wconf 85' lang='lat' dir='ltr'><strong><em>intervallo</em></strong></span> <span class='ocrx_word' id='word_1_326' title='bbox 917 4384 1102 4469; x_wconf 78' lang='lat' dir='ltr'><strong><em>procul</em></strong></span> <span class='ocrx_word' id='word_1_327' title='bbox 1129 4413 1273 4458; x_wconf 89' lang='lat' dir='ltr'><strong><em>esset</em></strong></span> <span class='ocrx_word' id='word_1_328' title='bbox 1314 4419 1343 4457; x_wconf 90' lang='lat' dir='ltr'><strong><em>a</em></strong></span> <span class='ocrx_word' id='word_1_329' title='bbox 1395 4408 1761 4477; x_wconf 85' lang='lat' dir='ltr'><strong><em>magnitudine</em></strong></span> <span class='ocrx_word' id='word_1_330' title='bbox 1808 4384 1864 4465; x_wconf 84' lang='lat' dir='ltr'><strong><em>et</em></strong></span> 
     </span>
    </p>
   </div>
   <div class='ocr_carea' id='block_1_45' title="bbox 259 4481 1861 4567">
    <p class='ocr_par' dir='ltr' id='par_1_45' title="bbox 259 4481 1861 4567">
     <span class='ocr_line' id='line_1_45' title="bbox 259 4481 1861 4567; baseline 0.012 -32"><span class='ocrx_word' id='word_1_331' title='bbox 259 4481 461 4538; x_wconf 84' lang='lat' dir='ltr'><strong><em>robore</em></strong></span> <span class='ocrx_word' id='word_1_332' title='bbox 486 4482 601 4553; x_wconf 88' lang='lat' dir='ltr'><strong><em>ejus</em></strong></span> <span class='ocrx_word' id='word_1_333' title='bbox 631 4484 720 4554; x_wconf 87' lang='lat' dir='ltr'><strong><em>qui</em></strong></span> <span class='ocrx_word' id='word_1_334' title='bbox 747 4487 859 4557; x_wconf 89' lang='lat' dir='ltr'><strong><em>ipsa</em></strong></span> <span class='ocrx_word' id='word_1_335' title='bbox 887 4490 1224 4559; x_wconf 86' lang='lat' dir='ltr'><strong><em>condiderat,</em></strong></span> <span class='ocrx_word' id='word_1_336' title='bbox 1257 4495 1421 4549; x_wconf 90' lang='lat' dir='ltr'><strong><em>alium</em></strong></span> <span class='ocrx_word' id='word_1_337' title='bbox 1438 4497 1715 4567; x_wconf 86' lang='lat' dir='ltr'><strong><em>pr0phetae</em></strong></span> <span class='ocrx_word' id='word_1_338' title='bbox 1741 4515 1861 4554; x_wconf 90' lang='lat' dir='ltr'><strong><em>mo-</em></strong></span> 
     </span>
    </p>
   </div>
   <div class='ocr_carea' id='block_1_46' title="bbox 259 4575 1863 4660">
    <p class='ocr_par' dir='ltr' id='par_1_46' title="bbox 259 4575 1863 4660">
     <span class='ocr_line' id='line_1_46' title="bbox 259 4575 1863 4660; baseline 0.014 -33"><span class='ocrx_word' id='word_1_339' title='bbox 259 4575 389 4629; x_wconf 88' lang='lat' dir='ltr'><strong><em>dum</em></strong></span> <span class='ocrx_word' id='word_1_340' title='bbox 418 4576 764 4647; x_wconf 84' lang='lat' dir='ltr'><strong><em>invenerunt,</em></strong></span> <span class='ocrx_word' id='word_1_341' title='bbox 789 4597 895 4650; x_wconf 91' lang='lat' dir='ltr'><strong><em>quo</em></strong></span> <span class='ocrx_word' id='word_1_342' title='bbox 923 4598 1023 4652; x_wconf 89' lang='lat' dir='ltr'><strong><em>pro</em></strong></span> <span class='ocrx_word' id='word_1_343' title='bbox 1053 4584 1305 4642; x_wconf 81' lang='lat' dir='ltr'><strong><em>facultate</em></strong></span> <span class='ocrx_word' id='word_1_344' title='bbox 1348 4603 1443 4643; x_wconf 88' lang='lat' dir='ltr'><strong><em>sua</em></strong></span> <span class='ocrx_word' id='word_1_345' title='bbox 1488 4601 1713 4660; x_wconf 90' lang='lat' dir='ltr'><strong><em>possent</em></strong></span> <span class='ocrx_word' id='word_1_346' title='bbox 1765 4592 1863 4648; x_wconf 67' lang='lat' dir='ltr'><strong><em>alio</em></strong></span> 
     </span>
    </p>
   </div>
   <div class='ocr_carea' id='block_1_47' title="bbox 255 4664 1859 4750">
    <p class='ocr_par' dir='ltr' id='par_1_47' title="bbox 255 4664 1859 4750">
     <span class='ocr_line' id='line_1_47' title="bbox 255 4664 1859 4750; baseline 0.012 -32"><span class='ocrx_word' id='word_1_347' title='bbox 255 4664 387 4734; x_wconf 80' lang='lat' dir='ltr'><strong><em>quid</em></strong></span> <span class='ocrx_word' id='word_1_348' title='bbox 427 4668 664 4736; x_wconf 86' lang='lat' dir='ltr'><strong><em>amplius</em></strong></span> <span class='ocrx_word' id='word_1_349' title='bbox 694 4669 773 4725; x_wconf 88' lang='lat' dir='ltr'><strong><em>.de</em></strong></span> <span class='ocrx_word' id='word_1_350' title='bbox 804 4672 901 4727; x_wconf 92' lang='lat' dir='ltr'><strong><em>Dei</em></strong></span> <span class='ocrx_word' id='word_1_351' title='bbox 946 4677 1185 4743; x_wconf 89' lang='lat' dir='ltr'><strong><em>potentia</em></strong></span> <span class='ocrx_word' id='word_1_352' title='bbox 1232 4678 1525 4735; x_wconf 91' lang='lat' dir='ltr'><strong><em>declarare.</em></strong></span> <span class='ocrx_word' id='word_1_353' title='bbox 1577 4682 1859 4750; x_wconf 85' lang='lat' dir='ltr'><strong><em>Quodnam</em></strong></span> 
     </span>
    </p>
   </div>
   <div class='ocr_carea' id='block_1_48' title="bbox 260 4754 1856 4842">
    <p class='ocr_par' dir='ltr' id='par_1_48' title="bbox 260 4754 1856 4842">
     <span class='ocr_line' id='line_1_48' title="bbox 260 4754 1856 4842; baseline 0.015 -36"><span class='ocrx_word' id='word_1_354' title='bbox 260 4754 431 4809; x_wconf 85' lang='lat' dir='ltr'><strong><em>illud?</em></strong></span> <span class='ocrx_word' id='word_1_355' title='bbox 461 4755 527 4812; x_wconf 90' lang='lat' dir='ltr'><strong><em>Ut</em></strong></span> <span class='ocrx_word' id='word_1_356' title='bbox 559 4774 665 4813; x_wconf 90' lang='lat' dir='ltr'><strong><em>non</em></strong></span> <span class='ocrx_word' id='word_1_357' title='bbox 697 4760 859 4815; x_wconf 90' lang='lat' dir='ltr'><strong><em>modo</em></strong></span> <span class='ocrx_word' id='word_1_358' title='bbox 887 4774 1185 4819; x_wconf 85' lang='lat' dir='ltr'><strong><em>creatarum</em></strong></span> <span class='ocrx_word' id='word_1_359' title='bbox 1218 4783 1396 4822; x_wconf 91' lang='lat' dir='ltr'><strong><em>rerum</em></strong></span> <span class='ocrx_word' id='word_1_360' title='bbox 1430 4772 1856 4842; x_wconf 89' lang='lat' dir='ltr'><strong><em>magnitudinem</em></strong></span> 
     </span>
    </p>
   </div>
   <div class='ocr_carea' id='block_1_49' title="bbox 256 4850 1855 4931">
    <p class='ocr_par' dir='ltr' id='par_1_49' title="bbox 256 4850 1855 4931">
     <span class='ocr_line' id='line_1_49' title="bbox 256 4850 1855 4931; baseline 0.013 -32"><span class='ocrx_word' id='word_1_361' title='bbox 256 4859 621 4916; x_wconf 80' lang='lat' dir='ltr'><strong><em>exponerent,</em></strong></span> <span class='ocrx_word' id='word_1_362' title='bbox 653 4850 746 4905; x_wconf 89' lang='lat' dir='ltr'><strong><em>sed</em></strong></span> <span class='ocrx_word' id='word_1_363' title='bbox 772 4853 931 4907; x_wconf 84' lang='lat' dir='ltr'><strong><em>etiam</em></strong></span> <span class='ocrx_word' id='word_1_364' title='bbox 974 4855 1191 4911; x_wconf 89' lang='lat' dir='ltr'><strong><em>modum</em></strong></span> <span class='ocrx_word' id='word_1_365' title='bbox 1239 4860 1533 4915; x_wconf 89' lang='lat' dir='ltr'><strong><em>erealionis</em></strong></span> <span class='ocrx_word' id='word_1_366' title='bbox 1580 4862 1855 4931; x_wconf 81' lang='lat' dir='ltr'><strong><em>ell‘errent,</em></strong></span> 
     </span>
    </p>
   </div>
   <div class='ocr_carea' id='block_1_50' title="bbox 258 4946 1948 5024">
    <p class='ocr_par' dir='ltr' id='par_1_50' title="bbox 258 4946 1948 5024">
     <span class='ocr_line' id='line_1_50' title="bbox 258 4946 1948 5024; baseline 0.014 -34"><span class='ocrx_word' id='word_1_367' title='bbox 258 4948 317 4991; x_wconf 88' lang='lat' dir='ltr'><strong><em>ut</em></strong></span> <span class='ocrx_word' id='word_1_368' title='bbox 337 4953 405 4991; x_wconf 79' lang='lat' dir='ltr'><strong><em>ex</em></strong></span> <span class='ocrx_word' id='word_1_369' title='bbox 436 4946 660 5009; x_wconf 87' lang='lat' dir='ltr'><strong><em>utraque</em></strong></span> <span class='ocrx_word' id='word_1_370' title='bbox 683 4952 855 5011; x_wconf 86' lang='lat' dir='ltr'><strong><em>parte,</em></strong></span> <span class='ocrx_word' id='word_1_371' title='bbox 873 4959 995 4999; x_wconf 90' lang='lat' dir='ltr'><strong><em>cum</em></strong></span> <span class='ocrx_word' id='word_1_372' title='bbox 1019 4960 1085 5001; x_wconf 79' lang='lat' dir='ltr'><strong><em>ex</em></strong></span> <span class='ocrx_word' id='word_1_373' title='bbox 1108 4949 1475 5018; x_wconf 79' lang='lat' dir='ltr'><strong><em>magnitudine</em></strong></span> <span class='ocrx_word' id='word_1_374' title='bbox 1495 4954 1854 5024; x_wconf 84' lang='lat' dir='ltr'><strong><em>Opiliciorum,</em></strong></span> <span class='ocrx_word' id='word_1_375' title='bbox 1938 4996 1948 5003; x_wconf 85' lang='grc'><strong>-</strong></span> 
     </span>
    </p>
   </div>
   <div class='ocr_carea' id='block_1_51' title="bbox 260 5034 1855 5122">
    <p class='ocr_par' dir='ltr' id='par_1_51' title="bbox 260 5034 1855 5122">
     <span class='ocr_line' id='line_1_51' title="bbox 260 5034 1855 5122; baseline 0.015 -37"><span class='ocrx_word' id='word_1_376' title='bbox 260 5039 374 5085; x_wconf 88' lang='lat' dir='ltr'><strong><em>tum</em></strong></span> <span class='ocrx_word' id='word_1_377' title='bbox 397 5046 465 5087; x_wconf 81' lang='lat' dir='ltr'><strong><em>ex</em></strong></span> <span class='ocrx_word' id='word_1_378' title='bbox 492 5034 780 5090; x_wconf 86' lang='lat' dir='ltr'><strong><em>erealionis</em></strong></span> <span class='ocrx_word' id='word_1_379' title='bbox 802 5035 1059 5095; x_wconf 86' lang='lat' dir='ltr'><strong><em>facilitate</em></strong></span> <span class='ocrx_word' id='word_1_380' title='bbox 1080 5058 1177 5111; x_wconf 87' lang='lat' dir='ltr'><strong><em>pro</em></strong></span> <span class='ocrx_word' id='word_1_381' title='bbox 1202 5053 1363 5114; x_wconf 65' lang='lat' dir='ltr'><strong><em>captu</em></strong></span> <span class='ocrx_word' id='word_1_382' title='bbox 1408 5058 1594 5104; x_wconf 90' lang='lat' dir='ltr'><strong><em>nostro</em></strong></span> <span class='ocrx_word' id='word_1_383' title='bbox 1637 5050 1855 5122; x_wconf 85' lang='lat' dir='ltr'><strong><em>dignam</em></strong></span> 
     </span>
    </p>
   </div>
   <div class='ocr_carea' id='block_1_52' title="bbox 256 5124 1855 5210">
    <p class='ocr_par' dir='ltr' id='par_1_52' title="bbox 256 5124 1855 5210">
     <span class='ocr_line' id='line_1_52' title="bbox 256 5124 1855 5210; baseline 0.016 -35"><span class='ocrx_word' id='word_1_384' title='bbox 256 5124 528 5193; x_wconf 86' lang='lat' dir='ltr'><strong><em>possimus</em></strong></span> <span class='ocrx_word' id='word_1_385' title='bbox 552 5124 621 5181; x_wconf 83' lang='lat' dir='ltr'><strong><em>(le</em></strong></span> <span class='ocrx_word' id='word_1_386' title='bbox 650 5130 884 5197; x_wconf 86' lang='lat' dir='ltr'><strong><em>potentia</em></strong></span> <span class='ocrx_word' id='word_1_387' title='bbox 918 5132 1023 5188; x_wconf 26' lang='lat' dir='ltr'><strong><em>Dei,</em></strong></span> <span class='ocrx_word' id='word_1_388' title='bbox 1044 5136 1285 5190; x_wconf 89' lang='lat' dir='ltr'><strong><em>notitiam</em></strong></span> <span class='ocrx_word' id='word_1_389' title='bbox 1314 5140 1582 5210; x_wconf 89' lang='lat' dir='ltr'><strong><em>accipere.</em></strong></span> <span class='ocrx_word' id='word_1_390' title='bbox 1628 5143 1708 5199; x_wconf 86' lang='lat' dir='ltr'><strong><em>Ne</em></strong></span> <span class='ocrx_word' id='word_1_391' title='bbox 1755 5145 1855 5200; x_wconf 84' lang='lat' dir='ltr'><strong><em>ita-</em></strong></span> 
     </span>
    </p>
   </div>
   <div class='ocr_carea' id='block_1_53' title="bbox 251 5214 1863 5302">
    <p class='ocr_par' dir='ltr' id='par_1_53' title="bbox 251 5214 1863 5302">
     <span class='ocr_line' id='line_1_53' title="bbox 251 5214 1863 5302; baseline 0.017 -36"><span class='ocrx_word' id='word_1_392' title='bbox 251 5228 358 5283; x_wconf 89' lang='lat' dir='ltr'><strong><em>que</em></strong></span> <span class='ocrx_word' id='word_1_393' title='bbox 379 5214 717 5283; x_wconf 86' lang='lat' dir='ltr'><strong><em>opificiorum</em></strong></span> <span class='ocrx_word' id='word_1_394' title='bbox 752 5223 1171 5292; x_wconf 80' lang='lat' dir='ltr'><strong><em>magnitudinem</em></strong></span> <span class='ocrx_word' id='word_1_395' title='bbox 1215 5236 1419 5283; x_wconf 87' lang='lat' dir='ltr'><strong><em>tantum</em></strong></span> <span class='ocrx_word' id='word_1_396' title='bbox 1450 5233 1721 5302; x_wconf 82' lang='lat' dir='ltr'><strong><em>explores,</em></strong></span> <span class='ocrx_word' id='word_1_397' title='bbox 1758 5238 1863 5292; x_wconf 85' lang='lat' dir='ltr'><strong><em>sed</em></strong></span> 
     </span>
    </p>
   </div>
   <div class='ocr_carea' id='block_1_54' title="bbox 247 5306 1851 5391">
    <p class='ocr_par' dir='ltr' id='par_1_54' title="bbox 247 5306 1851 5391">
     <span class='ocr_line' id='line_1_54' title="bbox 247 5306 1851 5391; baseline 0.017 -33"><span class='ocrx_word' id='word_1_398' title='bbox 247 5306 417 5360; x_wconf 80' lang='lat' dir='ltr'><strong><em>etiam</em></strong></span> <span class='ocrx_word' id='word_1_399' title='bbox 467 5309 750 5366; x_wconf 80' lang='lat' dir='ltr'><strong><em>candentis</em></strong></span> <span class='ocrx_word' id='word_1_400' title='bbox 800 5312 1130 5371; x_wconf 87' lang='lat' dir='ltr'><strong><em>facilitatem.</em></strong></span> <span class='ocrx_word' id='word_1_401' title='bbox 1175 5308 1361 5391; x_wconf 77' lang='lat' dir='ltr'><strong><em>Neque</em></strong></span> <span class='ocrx_word' id='word_1_402' title='bbox 1396 5325 1569 5380; x_wconf 90' lang='lat' dir='ltr'><strong><em>solum</em></strong></span> <span class='ocrx_word' id='word_1_403' title='bbox 1615 5328 1668 5382; x_wconf 91' lang='lat' dir='ltr'><strong><em>in</em></strong></span> <span class='ocrx_word' id='word_1_404' title='bbox 1710 5338 1851 5385; x_wconf 88' lang='lat' dir='ltr'><strong><em>terra</em></strong></span> 
     </span>
    </p>
   </div>
   <div class='ocr_carea' id='block_1_55' title="bbox 250 5396 1847 5480">
    <p class='ocr_par' dir='ltr' id='par_1_55' title="bbox 250 5396 1847 5480">
     <span class='ocr_line' id='line_1_55' title="bbox 250 5396 1847 5480; baseline 0.015 -29"><span class='ocrx_word' id='word_1_405' title='bbox 250 5396 356 5453; x_wconf 87' lang='lat' dir='ltr'><strong><em>hoc</em></strong></span> <span class='ocrx_word' id='word_1_406' title='bbox 386 5397 833 5469; x_wconf 81' lang='lat' dir='ltr'><strong><em>deprehenditur,</em></strong></span> <span class='ocrx_word' id='word_1_407' title='bbox 868 5405 962 5460; x_wconf 89' lang='lat' dir='ltr'><strong><em>sed</em></strong></span> <span class='ocrx_word' id='word_1_408' title='bbox 994 5417 1049 5462; x_wconf 87' lang='lat' dir='ltr'><strong><em>et</em></strong></span> <span class='ocrx_word' id='word_1_409' title='bbox 1076 5409 1128 5462; x_wconf 92' lang='lat' dir='ltr'><strong><em>in</em></strong></span> <span class='ocrx_word' id='word_1_410' title='bbox 1158 5410 1272 5480; x_wconf 89' lang='lat' dir='ltr'><strong><em>ipsa</em></strong></span> <span class='ocrx_word' id='word_1_411' title='bbox 1308 5413 1587 5471; x_wconf 85' lang='lat' dir='ltr'><strong><em>hominum</em></strong></span> <span class='ocrx_word' id='word_1_412' title='bbox 1615 5428 1800 5473; x_wconf 89' lang='lat' dir='ltr'><strong><em>natura</em></strong></span> <span class='ocrx_word' id='word_1_413' title='bbox 1832 5439 1847 5474; x_wconf 88' lang='lat'><strong>:</strong></span> 
     </span>
    </p>
   </div>
   <div class='ocr_carea' id='block_1_56' title="bbox 252 5489 1850 5574">
    <p class='ocr_par' dir='ltr' id='par_1_56' title="bbox 252 5489 1850 5574">
     <span class='ocr_line' id='line_1_56' title="bbox 252 5489 1850 5574; baseline 0.015 -31"><span class='ocrx_word' id='word_1_414' title='bbox 252 5489 418 5545; x_wconf 87' lang='lat' dir='ltr'><strong><em>modo</em></strong></span> <span class='ocrx_word' id='word_1_415' title='bbox 441 5493 588 5546; x_wconf 86' lang='lat' dir='ltr'><strong><em>enim</em></strong></span> <span class='ocrx_word' id='word_1_416' title='bbox 616 5495 712 5561; x_wconf 87' lang='lat' dir='ltr'><strong><em>ait,</em></strong></span> <span class='ocrx_word' id='word_1_417' title='bbox 742 5495 842 5562; x_wconf 84' lang='lat' dir='ltr'><strong><em>Qui</em></strong></span> <span class='ocrx_word' id='word_1_418' title='bbox 867 5500 1087 5553; x_wconf 87' lang='lat' dir='ltr'><strong><em>continet</em></strong></span> <span class='ocrx_word' id='word_1_419' title='bbox 1104 5518 1286 5572; x_wconf 78' lang='lat' dir='ltr'><strong><em>gyrum</em></strong></span> <span class='ocrx_word' id='word_1_420' title='bbox 1306 5514 1473 5574; x_wconf 62' lang='lat' dir='ltr'><strong><em>terra,</em></strong></span> <span class='ocrx_word' id='word_1_421' title='bbox 1497 5515 1544 5563; x_wconf 73' lang='grc' dir='ltr'><strong><em>ἐι</em></strong></span> <span class='ocrx_word' id='word_1_422' title='bbox 1566 5508 1850 5567; x_wconf 79' lang='lat' dir='ltr'><strong><em>habitantes</em></strong></span> 
     </span>
    </p>
   </div>
   <div class='ocr_carea' id='block_1_57' title="bbox 247 5582 1849 5669">
    <p class='ocr_par' dir='ltr' id='par_1_57' title="bbox 247 5582 1849 5669">
     <span class='ocr_line' id='line_1_57' title="bbox 247 5582 1849 5669; baseline 0.014 -34"><span class='ocrx_word' id='word_1_423' title='bbox 247 5582 302 5636; x_wconf 88' lang='lat' dir='ltr'><strong><em>in</em></strong></span> <span class='ocrx_word' id='word_1_424' title='bbox 330 5598 394 5637; x_wconf 77' lang='lat' dir='ltr'><strong><em>ea</em></strong></span> <span class='ocrx_word' id='word_1_425' title='bbox 418 5584 569 5654; x_wconf 76' lang='lat' dir='ltr'><strong><em>quasi</em></strong></span> <span class='ocrx_word' id='word_1_426' title='bbox 592 5586 811 5641; x_wconf 89' lang='lat' dir='ltr'><strong><em>locustas</em></strong></span> <span class='ocrx_word' id='word_1_427' title='bbox 833 5587 987 5660; x_wconf 81' lang='lat' dir='ltr'><strong><em>(lsai.</em></strong></span> <span class='ocrx_word' id='word_1_428' title='bbox 1017 5592 1105 5648; x_wconf 73' lang='grc'><strong><em>40.</em></strong></span> <span class='ocrx_word' id='word_1_429' title='bbox 1137 5594 1208 5648; x_wconf 74' lang='grc'>22</span> <span class='ocrx_word' id='word_1_430' title='bbox 1228 5594 1278 5667; x_wconf 89' lang='grc'>);</span> <span class='ocrx_word' id='word_1_431' title='bbox 1310 5598 1489 5664; x_wconf 87' lang='lat' dir='ltr'><strong><em>modo,</em></strong></span> <span class='ocrx_word' id='word_1_432' title='bbox 1526 5600 1690 5669; x_wconf 81' lang='lat' dir='ltr'><strong><em>Quasi</em></strong></span> <span class='ocrx_word' id='word_1_433' title='bbox 1710 5605 1849 5657; x_wconf 84' lang='lat' dir='ltr'><strong><em>stilla</em></strong></span> 
     </span>
    </p>
   </div>
   <div class='ocr_carea' id='block_1_58' title="bbox 248 5674 1844 5766">
    <p class='ocr_par' dir='ltr' id='par_1_58' title="bbox 248 5674 1844 5766">
     <span class='ocr_line' id='line_1_58' title="bbox 248 5674 1844 5766; baseline 0.013 -39"><span class='ocrx_word' id='word_1_434' title='bbox 248 5674 419 5731; x_wconf 73' lang='lat' dir='ltr'><strong><em>situlse</em></strong></span> <span class='ocrx_word' id='word_1_435' title='bbox 464 5693 642 5731; x_wconf 83' lang='lat' dir='ltr'><strong><em>ontnes</em></strong></span> <span class='ocrx_word' id='word_1_436' title='bbox 683 5690 857 5746; x_wconf 86' lang='lat' dir='ltr'><strong><em>gentes</em></strong></span> <span class='ocrx_word' id='word_1_437' title='bbox 884 5682 937 5737; x_wconf 88' lang='lat' dir='ltr'><strong><em>in</em></strong></span> <span class='ocrx_word' id='word_1_438' title='bbox 965 5697 1236 5755; x_wconf 87' lang='lat' dir='ltr'><strong><em>conspectu</em></strong></span> <span class='ocrx_word' id='word_1_439' title='bbox 1273 5690 1385 5759; x_wconf 77' lang='lat' dir='ltr'><strong><em>ejus</em></strong></span> <span class='ocrx_word' id='word_1_440' title='bbox 1423 5690 1583 5760; x_wconf 79' lang='lat' dir='ltr'><strong><em>(Ibid.</em></strong></span> <span class='ocrx_word' id='word_1_441' title='bbox 1616 5710 1664 5749; x_wconf 55' lang='grc' dir='ltr'><strong><em>υη</em></strong></span> <span class='ocrx_word' id='word_1_442' title='bbox 1714 5697 1780 5751; x_wconf 76' lang='grc'><strong>15</strong></span> <span class='ocrx_word' id='word_1_443' title='bbox 1804 5698 1844 5766; x_wconf 85' lang='grc'><strong><em>).</em></strong></span> 
     </span>
    </p>
   </div>
   <div class='ocr_carea' id='block_1_59' title="bbox 312 5834 1849 5907">
    <p class='ocr_par' dir='ltr' id='par_1_59' title="bbox 312 5834 1849 5907">
     <span class='ocr_line' id='line_1_59' title="bbox 312 5834 1849 5907; baseline 0.016 -25"><span class='ocrx_word' id='word_1_444' title='bbox 312 5834 328 5864; x_wconf 77' lang='grc'><strong><em>⁸</em></strong></span> <span class='ocrx_word' id='word_1_445' title='bbox 366 5841 438 5907; x_wconf 70' lang='lat' dir='ltr'><strong><em>sic</em></strong></span> <span class='ocrx_word' id='word_1_446' title='bbox 645 5842 700 5886; x_wconf 86' lang='lat' dir='ltr'><strong><em>et</em></strong></span> <span class='ocrx_word' id='word_1_447' title='bbox 738 5839 930 5907; x_wconf 79' lang='lat' dir='ltr'><strong><em>quidam</em></strong></span> <span class='ocrx_word' id='word_1_448' title='bbox 955 5848 1068 5907; x_wconf 69' lang='lat' dir='ltr'><strong><em>Mss.</em></strong></span> <span class='ocrx_word' id='word_1_449' title='bbox 1101 5850 1149 5907; x_wconf 77' lang='lat' dir='ltr'><strong><em>tu</em></strong></span> <span class='ocrx_word' id='word_1_450' title='bbox 1172 5845 1337 5898; x_wconf 74' lang='lat' dir='ltr'><strong><em>Morel.</em></strong></span> <span class='ocrx_word' id='word_1_451' title='bbox 1351 5863 1467 5901; x_wconf 80' lang='lat' dir='ltr'><strong><em>vero</em></strong></span> <span class='ocrx_word' id='word_1_452' title='bbox 1496 5859 1546 5904; x_wconf 72' lang='lat' dir='ltr'><strong><em>et</em></strong></span> <span class='ocrx_word' id='word_1_453' title='bbox 1592 5852 1697 5905; x_wconf 84' lang='lat' dir='ltr'><strong><em>aliis</em></strong></span> <span class='ocrx_word' id='word_1_454' title='bbox 1744 5856 1849 5907; x_wconf 59' lang='lat' dir='ltr'><strong><em>haec</em></strong></span> 
     </span>
    </p>
   </div>
   <div class='ocr_carea' id='block_1_60' title="bbox 247 5896 1315 5964">
    <p class='ocr_par' dir='ltr' id='par_1_60' title="bbox 247 5896 1315 5964">
     <span class='ocr_line' id='line_1_60' title="bbox 247 5896 1315 5964; baseline 0.01 -18"><span class='ocrx_word' id='word_1_455' title='bbox 247 5896 441 5961; x_wconf 74' lang='lat' dir='ltr'><strong><em>desunt,</em></strong></span> <span class='ocrx_word' id='word_1_456' title='bbox 469 5897 665 5949; x_wconf 72' lang='lat' dir='ltr'><strong><em>videsne</em></strong></span> <span class='ocrx_word' id='word_1_457' title='bbox 688 5896 925 5964; x_wconf 76' lang='lat' dir='ltr'><strong><em>quomoda</em></strong></span> <span class='ocrx_word' id='word_1_458' title='bbox 946 5903 1069 5954; x_wconf 86' lang='lat' dir='ltr'><strong><em>nihil</em></strong></span> <span class='ocrx_word' id='word_1_459' title='bbox 1093 5904 1315 5957; x_wconf 72' lang='lat' dir='ltr'><strong><em>ditarit.&quot;</em></strong></span> 
     </span>
    </p>
   </div>
   <div class='ocr_carea' id='block_1_61' title="bbox 1218 420 2608 494">
    <p class='ocr_par' dir='ltr' id='par_1_61' title="bbox 1218 420 2608 494">
     <span class='ocr_line' id='line_1_61' title="bbox 1218 420 2608 494; baseline -0.014 -1"><span class='ocrx_word' id='word_1_460' title='bbox 1218 437 1304 494; x_wconf 85' lang='lat' dir='ltr'><strong><em>DE</em></strong></span> <span class='ocrx_word' id='word_1_461' title='bbox 1345 422 2026 491; x_wconf 76' lang='lat' dir='ltr'><strong><em>INCOMPREHENSIBILI</em></strong></span> <span class='ocrx_word' id='word_1_462' title='bbox 2061 422 2171 477; x_wconf 83' lang='lat' dir='ltr'><strong><em>DEI</em></strong></span> <span class='ocrx_word' id='word_1_463' title='bbox 2211 420 2517 477; x_wconf 71' lang='lat' dir='ltr'><strong><em>NATURA.</em></strong></span> <span class='ocrx_word' id='word_1_464' title='bbox 2547 420 2608 475; x_wconf 91' lang='lat' dir='ltr'><strong><em>ll.</em></strong></span> 
     </span>
    </p>
   </div>
   <div class='ocr_carea' id='block_1_62' title="bbox 3479 418 3583 475">
    <p class='ocr_par' dir='ltr' id='par_1_62' title="bbox 3479 418 3583 475">
     <span class='ocr_line' id='line_1_62' title="bbox 3479 418 3583 475; baseline -0.019 0"><span class='ocrx_word' id='word_1_465' title='bbox 3479 418 3583 475; x_wconf 76' lang='grc' dir='ltr'><strong><em>ἯΙι</em></strong></span> 
     </span>
    </p>
   </div>
   <div class='ocr_carea' id='block_1_63' title="bbox 1996 536 3583 605">
    <p class='ocr_par' dir='ltr' id='par_1_63' title="bbox 1996 536 3583 605">
     <span class='ocr_line' id='line_1_63' title="bbox 1996 536 3583 605; baseline -0.008 -7"><span class='ocrx_word' id='word_1_466' title='bbox 1996 540 2075 598; x_wconf 85' lang='lat' dir='ltr'><strong><em>Ne</em></strong></span> <span class='ocrx_word' id='word_1_467' title='bbox 2101 554 2276 595; x_wconf 87' lang='lat' dir='ltr'><strong><em>nnnus</em></strong></span> <span class='ocrx_word' id='word_1_468' title='bbox 2297 538 2633 592; x_wconf 85' lang='lat' dir='ltr'><strong><em>considerate</em></strong></span> <span class='ocrx_word' id='word_1_469' title='bbox 2659 536 2759 591; x_wconf 83' lang='lat' dir='ltr'><strong><em>hoc</em></strong></span> <span class='ocrx_word' id='word_1_470' title='bbox 2783 536 2980 591; x_wconf 89' lang='lat' dir='ltr'><strong><em>dictum</em></strong></span> <span class='ocrx_word' id='word_1_471' title='bbox 3013 545 3320 605; x_wconf 75' lang='lat' dir='ltr'><strong><em>prmtcreas,</em></strong></span> <span class='ocrx_word' id='word_1_472' title='bbox 3370 536 3461 589; x_wconf 85' lang='lat' dir='ltr'><strong><em>sed</em></strong></span> <span class='ocrx_word' id='word_1_473' title='bbox 3495 550 3583 588; x_wconf 69' lang='lat' dir='ltr'><strong><em>ex-</em></strong></span> 
     </span>
    </p>
   </div>
   <div class='ocr_carea' id='block_1_64' title="bbox 1983 626 3582 701">
    <p class='ocr_par' dir='ltr' id='par_1_64' title="bbox 1983 626 3582 701">
     <span class='ocr_line' id='line_1_64' title="bbox 1983 626 3582 701; baseline -0.005 -14"><span class='ocrx_word' id='word_1_474' title='bbox 1983 643 2106 688; x_wconf 90' lang='lat' dir='ltr'><strong><em>cute</em></strong></span> <span class='ocrx_word' id='word_1_475' title='bbox 2147 642 2200 687; x_wconf 90' lang='lat' dir='ltr'><strong><em>et</em></strong></span> <span class='ocrx_word' id='word_1_476' title='bbox 2253 632 2472 701; x_wconf 80' lang='lat' dir='ltr'><strong><em>explora</em></strong></span> <span class='ocrx_word' id='word_1_477' title='bbox 2501 650 2513 685; x_wconf 89' lang='lat'>:</span> <span class='ocrx_word' id='word_1_478' title='bbox 2545 639 2728 698; x_wconf 88' lang='lat' dir='ltr'><strong><em>repete</em></strong></span> <span class='ocrx_word' id='word_1_479' title='bbox 2758 644 2943 683; x_wconf 77' lang='lat' dir='ltr'><strong><em>omnes</em></strong></span> <span class='ocrx_word' id='word_1_480' title='bbox 2972 640 3161 699; x_wconf 83' lang='lat' dir='ltr'><strong><em>gentes</em></strong></span> <span class='ocrx_word' id='word_1_481' title='bbox 3184 670 3196 690; x_wconf 88' lang='lat'><strong><em>,</em></strong></span> <span class='ocrx_word' id='word_1_482' title='bbox 3222 629 3386 699; x_wconf 78' lang='lat' dir='ltr'><strong><em>Syros</em></strong></span> <span class='ocrx_word' id='word_1_483' title='bbox 3411 629 3452 692; x_wconf 74' lang='lat'><strong><em>“,</em></strong></span> <span class='ocrx_word' id='word_1_484' title='bbox 3499 626 3582 680; x_wconf 82' lang='lat' dir='ltr'><strong><em>Ci-</em></strong></span> 
     </span>
    </p>
   </div>
   <div class='ocr_carea' id='block_1_65' title="bbox 1990 717 3582 791">
    <p class='ocr_par' dir='ltr' id='par_1_65' title="bbox 1990 717 3582 791">
     <span class='ocr_line' id='line_1_65' title="bbox 1990 717 3582 791; baseline -0.005 -14"><span class='ocrx_word' id='word_1_485' title='bbox 1990 723 2142 784; x_wconf 89' lang='lat' dir='ltr'><strong><em>lices,</em></strong></span> <span class='ocrx_word' id='word_1_486' title='bbox 2178 720 2545 791; x_wconf 77' lang='lat' dir='ltr'><strong><em>Cappadoces,</em></strong></span> <span class='ocrx_word' id='word_1_487' title='bbox 2580 719 2857 791; x_wconf 86' lang='lat' dir='ltr'><strong><em>Bithynos,</em></strong></span> <span class='ocrx_word' id='word_1_488' title='bbox 2892 719 3089 773; x_wconf 79' lang='lat' dir='ltr'><strong><em>Euxini</em></strong></span> <span class='ocrx_word' id='word_1_489' title='bbox 3131 718 3284 772; x_wconf 89' lang='lat' dir='ltr'><strong><em>Ponti</em></strong></span> <span class='ocrx_word' id='word_1_490' title='bbox 3332 717 3540 788; x_wconf 80' lang='lat' dir='ltr'><strong><em>incolas</em></strong></span> <span class='ocrx_word' id='word_1_491' title='bbox 3564 756 3582 782; x_wconf 91' lang='lat'><strong><em>,</em></strong></span> 
     </span>
    </p>
   </div>
   <div class='ocr_carea' id='block_1_66' title="bbox 1986 808 3578 875">
    <p class='ocr_par' dir='ltr' id='par_1_66' title="bbox 1986 808 3578 875">
     <span class='ocr_line' id='line_1_66' title="bbox 1986 808 3578 875; baseline -0.005 -8"><span class='ocrx_word' id='word_1_492' title='bbox 1986 813 2292 875; x_wconf 87' lang='lat' dir='ltr'><strong><em>Thraciam,</em></strong></span> <span class='ocrx_word' id='word_1_493' title='bbox 2323 810 2708 872; x_wconf 82' lang='lat' dir='ltr'><strong><em>Macedoniam.</em></strong></span> <span class='ocrx_word' id='word_1_494' title='bbox 2739 808 3000 865; x_wconf 68' lang='lat' dir='ltr'><strong><em>Graeciam</em></strong></span> <span class='ocrx_word' id='word_1_495' title='bbox 3027 825 3240 863; x_wconf 84' lang='lat' dir='ltr'><strong><em>onmem</em></strong></span> <span class='ocrx_word' id='word_1_496' title='bbox 3268 818 3323 861; x_wconf 89' lang='lat' dir='ltr'><strong><em>et</em></strong></span> <span class='ocrx_word' id='word_1_497' title='bbox 3358 808 3578 868; x_wconf 76' lang='lat' dir='ltr'><strong><em>insulas,</em></strong></span> 
     </span>
    </p>
   </div>
   <div class='ocr_carea' id='block_1_67' title="bbox 1984 902 3582 973">
    <p class='ocr_par' dir='ltr' id='par_1_67' title="bbox 1984 902 3582 973">
     <span class='ocr_line' id='line_1_67' title="bbox 1984 902 3582 973; baseline -0.004 -13"><span class='ocrx_word' id='word_1_498' title='bbox 1984 904 2167 972; x_wconf 84' lang='lat' dir='ltr'><strong><em>Italos,</em></strong></span> <span class='ocrx_word' id='word_1_499' title='bbox 2197 919 2292 959; x_wconf 92' lang='lat' dir='ltr'><strong><em>eos</em></strong></span> <span class='ocrx_word' id='word_1_500' title='bbox 2318 904 2406 973; x_wconf 90' lang='lat' dir='ltr'><strong><em>qui</em></strong></span> <span class='ocrx_word' id='word_1_501' title='bbox 2439 911 2741 971; x_wconf 88' lang='lat' dir='ltr'><strong><em>suntsupra</em></strong></span> <span class='ocrx_word' id='word_1_502' title='bbox 2771 902 3135 957; x_wconf 87' lang='lat' dir='ltr'><strong><em>continentem</em></strong></span> <span class='ocrx_word' id='word_1_503' title='bbox 3183 909 3462 963; x_wconf 86' lang='lat' dir='ltr'><strong><em>nostram,</em></strong></span> <span class='ocrx_word' id='word_1_504' title='bbox 3491 914 3582 954; x_wconf 88' lang='lat' dir='ltr'><strong><em>eos</em></strong></span> 
     </span>
    </p>
   </div>
   <div class='ocr_carea' id='block_1_68' title="bbox 1984 995 3580 1069">
    <p class='ocr_par' dir='ltr' id='par_1_68' title="bbox 1984 995 3580 1069">
     <span class='ocr_line' id='line_1_68' title="bbox 1984 995 3580 1069; baseline -0.004 -16"><span class='ocrx_word' id='word_1_505' title='bbox 1984 1000 2073 1069; x_wconf 89' lang='lat' dir='ltr'><strong><em>qui</em></strong></span> <span class='ocrx_word' id='word_1_506' title='bbox 2103 1000 2156 1053; x_wconf 90' lang='lat' dir='ltr'><strong><em>in</em></strong></span> <span class='ocrx_word' id='word_1_507' title='bbox 2184 998 2373 1053; x_wconf 90' lang='lat' dir='ltr'><strong><em>insulis</em></strong></span> <span class='ocrx_word' id='word_1_508' title='bbox 2396 998 2740 1065; x_wconf 87' lang='lat' dir='ltr'><strong><em>Britannicis,</em></strong></span> <span class='ocrx_word' id='word_1_509' title='bbox 2768 997 3137 1062; x_wconf 89' lang='lat' dir='ltr'><strong><em>Sauromatas,</em></strong></span> <span class='ocrx_word' id='word_1_510' title='bbox 3160 995 3341 1061; x_wconf 87' lang='lat' dir='ltr'><strong><em>Indos,</em></strong></span> <span class='ocrx_word' id='word_1_511' title='bbox 3367 995 3580 1059; x_wconf 84' lang='lat' dir='ltr'><strong><em>Persas,</em></strong></span> 
     </span>
    </p>
   </div>
   <div class='ocr_carea' id='block_1_69' title="bbox 1982 1089 3581 1160">
    <p class='ocr_par' dir='ltr' id='par_1_69' title="bbox 1982 1089 3581 1160">
     <span class='ocr_line' id='line_1_69' title="bbox 1982 1089 3581 1160; baseline -0.003 -16"><span class='ocrx_word' id='word_1_512' title='bbox 1982 1091 2223 1160; x_wconf 90' lang='lat' dir='ltr'><strong><em>aliasque</em></strong></span> <span class='ocrx_word' id='word_1_513' title='bbox 2254 1090 2565 1144; x_wconf 89' lang='lat' dir='ltr'><strong><em>innumeras</em></strong></span> <span class='ocrx_word' id='word_1_514' title='bbox 2591 1098 2779 1159; x_wconf 85' lang='lat' dir='ltr'><strong><em>gentes</em></strong></span> <span class='ocrx_word' id='word_1_515' title='bbox 2801 1099 2855 1144; x_wconf 89' lang='lat' dir='ltr'><strong><em>et</em></strong></span> <span class='ocrx_word' id='word_1_516' title='bbox 2881 1089 3123 1143; x_wconf 89' lang='lat' dir='ltr'><strong><em>nationes</em></strong></span> <span class='ocrx_word' id='word_1_517' title='bbox 3148 1102 3374 1157; x_wconf 88' lang='lat' dir='ltr'><strong><em>quarum</em></strong></span> <span class='ocrx_word' id='word_1_518' title='bbox 3399 1101 3467 1141; x_wconf 91' lang='lat' dir='ltr'><strong><em>ne</em></strong></span> <span class='ocrx_word' id='word_1_519' title='bbox 3490 1101 3581 1140; x_wconf 85' lang='lat' dir='ltr'><strong><em>uo-</em></strong></span> 
     </span>
    </p>
   </div>
   <div class='ocr_carea' id='block_1_70' title="bbox 1984 1169 3576 1251">
    <p class='ocr_par' dir='ltr' id='par_1_70' title="bbox 1984 1169 3576 1251">
     <span class='ocr_line' id='line_1_70' title="bbox 1984 1169 3576 1251; baseline -0.001 -17"><span class='ocrx_word' id='word_1_520' title='bbox 1984 1181 2127 1235; x_wconf 89' lang='lat' dir='ltr'><strong><em>mina</em></strong></span> <span class='ocrx_word' id='word_1_521' title='bbox 2154 1180 2371 1250; x_wconf 90' lang='lat' dir='ltr'><strong><em>quidem</em></strong></span> <span class='ocrx_word' id='word_1_522' title='bbox 2397 1181 2664 1235; x_wconf 87' lang='lat' dir='ltr'><strong><em>novimus.</em></strong></span> <span class='ocrx_word' id='word_1_523' title='bbox 2696 1180 2900 1236; x_wconf 86' lang='lat' dir='ltr'><strong><em>Verum</em></strong></span> <span class='ocrx_word' id='word_1_524' title='bbox 2932 1180 3017 1235; x_wconf 64' lang='lat' dir='ltr'><strong><em>hac</em></strong></span> <span class='ocrx_word' id='word_1_525' title='bbox 3041 1178 3228 1235; x_wconf 87' lang='lat' dir='ltr'><strong><em>Omnes</em></strong></span> <span class='ocrx_word' id='word_1_526' title='bbox 3255 1189 3425 1251; x_wconf 82' lang='lat' dir='ltr'><strong><em>gentes</em></strong></span> <span class='ocrx_word' id='word_1_527' title='bbox 3446 1169 3576 1249; x_wconf 79' lang='lat' dir='ltr'><strong><em>qua-</em></strong></span> 
     </span>
    </p>
   </div>
   <div class='ocr_carea' id='block_1_71' title="bbox 1981 1271 3579 1342">
    <p class='ocr_par' dir='ltr' id='par_1_71' title="bbox 1981 1271 3579 1342">
     <span class='ocr_line' id='line_1_71' title="bbox 1981 1271 3579 1342; baseline -0.002 -16"><span class='ocrx_word' id='word_1_528' title='bbox 1981 1273 2025 1326; x_wconf 89' lang='lat' dir='ltr'><strong><em>si</em></strong></span> <span class='ocrx_word' id='word_1_529' title='bbox 2052 1272 2194 1325; x_wconf 89' lang='lat' dir='ltr'><strong><em>stilla</em></strong></span> <span class='ocrx_word' id='word_1_530' title='bbox 2222 1272 2407 1337; x_wconf 79' lang='lat' dir='ltr'><strong><em>situltc,</em></strong></span> <span class='ocrx_word' id='word_1_531' title='bbox 2438 1272 2635 1341; x_wconf 90' lang='lat' dir='ltr'><strong><em>inquit,</em></strong></span> <span class='ocrx_word' id='word_1_532' title='bbox 2674 1271 2728 1325; x_wconf 91' lang='lat' dir='ltr'><strong><em>in</em></strong></span> <span class='ocrx_word' id='word_1_533' title='bbox 2756 1281 3025 1342; x_wconf 85' lang='lat' dir='ltr'><strong><em>conspectu</em></strong></span> <span class='ocrx_word' id='word_1_534' title='bbox 3064 1279 3193 1342; x_wconf 83' lang='lat' dir='ltr'><strong><em>ejus.</em></strong></span> <span class='ocrx_word' id='word_1_535' title='bbox 3239 1272 3412 1338; x_wconf 85' lang='lat' dir='ltr'><strong><em>Quota</em></strong></span> <span class='ocrx_word' id='word_1_536' title='bbox 3455 1286 3579 1340; x_wconf 86' lang='lat' dir='ltr'><strong><em>pars</em></strong></span> 
     </span>
    </p>
   </div>
   <div class='ocr_carea' id='block_1_72' title="bbox 1982 1362 3580 1433">
    <p class='ocr_par' dir='ltr' id='par_1_72' title="bbox 1982 1362 3580 1433">
     <span class='ocr_line' id='line_1_72' title="bbox 1982 1362 3580 1433; baseline -0.002 -15"><span class='ocrx_word' id='word_1_537' title='bbox 1982 1378 2041 1418; x_wconf 87' lang='lat' dir='ltr'><strong><em>es</em></strong></span> <span class='ocrx_word' id='word_1_538' title='bbox 2081 1362 2195 1431; x_wconf 86' lang='lat' dir='ltr'><strong><em>ejus</em></strong></span> <span class='ocrx_word' id='word_1_539' title='bbox 2217 1362 2373 1417; x_wconf 69' lang='lat' dir='ltr'><strong><em>stilla:</em></strong></span> <span class='ocrx_word' id='word_1_540' title='bbox 2402 1371 2477 1425; x_wconf 90' lang='lat' dir='ltr'><strong><em>tu,</em></strong></span> <span class='ocrx_word' id='word_1_541' title='bbox 2506 1362 2595 1432; x_wconf 91' lang='lat' dir='ltr'><strong><em>qui</em></strong></span> <span class='ocrx_word' id='word_1_542' title='bbox 2620 1362 2792 1418; x_wconf 89' lang='lat' dir='ltr'><strong><em>Deum</em></strong></span> <span class='ocrx_word' id='word_1_543' title='bbox 2824 1363 3082 1418; x_wconf 90' lang='lat' dir='ltr'><strong><em>scrutaris</em></strong></span> <span class='ocrx_word' id='word_1_544' title='bbox 3121 1363 3204 1417; x_wconf 90' lang='lat' dir='ltr'><strong><em>cui</em></strong></span> <span class='ocrx_word' id='word_1_545' title='bbox 3231 1378 3419 1416; x_wconf 87' lang='lat' dir='ltr'><strong><em>omnes</em></strong></span> <span class='ocrx_word' id='word_1_546' title='bbox 3446 1378 3580 1433; x_wconf 88' lang='lat' dir='ltr'><strong><em>geu-</em></strong></span> 
     </span>
    </p>
   </div>
   <div class='ocr_carea' id='block_1_73' title="bbox 1985 1454 3585 1524">
    <p class='ocr_par' dir='ltr' id='par_1_73' title="bbox 1985 1454 3585 1524">
     <span class='ocr_line' id='line_1_73' title="bbox 1985 1454 3585 1524; baseline 0.001 -17"><span class='ocrx_word' id='word_1_547' title='bbox 1985 1463 2063 1508; x_wconf 87' lang='lat' dir='ltr'><strong><em>tes</em></strong></span> <span class='ocrx_word' id='word_1_548' title='bbox 2090 1455 2240 1524; x_wconf 90' lang='lat' dir='ltr'><strong><em>quasi</em></strong></span> <span class='ocrx_word' id='word_1_549' title='bbox 2297 1454 2437 1508; x_wconf 87' lang='lat' dir='ltr'><strong><em>stilla</em></strong></span> <span class='ocrx_word' id='word_1_550' title='bbox 2464 1454 2679 1509; x_wconf 82' lang='lat' dir='ltr'><strong><em>situlae?</em></strong></span> <span class='ocrx_word' id='word_1_551' title='bbox 2733 1454 2935 1523; x_wconf 89' lang='lat' dir='ltr'><strong><em>Ecquid</em></strong></span> <span class='ocrx_word' id='word_1_552' title='bbox 2987 1462 3198 1523; x_wconf 83' lang='lat' dir='ltr'><strong><em>Oportet</em></strong></span> <span class='ocrx_word' id='word_1_553' title='bbox 3247 1454 3314 1509; x_wconf 92' lang='lat' dir='ltr'><strong><em>de</em></strong></span> <span class='ocrx_word' id='word_1_554' title='bbox 3342 1454 3477 1508; x_wconf 74' lang='lat' dir='ltr'><strong><em>czclo</em></strong></span> <span class='ocrx_word' id='word_1_555' title='bbox 3530 1465 3585 1508; x_wconf 68' lang='grc' dir='ltr'><strong>(νι</strong></span> 
     </span>
    </p>
   </div>
   <div class='ocr_carea' id='block_1_74' title="bbox 1984 1544 3584 1615">
    <p class='ocr_par' dir='ltr' id='par_1_74' title="bbox 1984 1544 3584 1615">
     <span class='ocr_line' id='line_1_74' title="bbox 1984 1544 3584 1615; baseline -0.002 -15"><span class='ocrx_word' id='word_1_556' title='bbox 1984 1554 2124 1600; x_wconf 87' lang='lat' dir='ltr'><strong><em>terra</em></strong></span> <span class='ocrx_word' id='word_1_557' title='bbox 2182 1544 2366 1600; x_wconf 90' lang='lat' dir='ltr'><strong><em>dicere</em></strong></span> <span class='ocrx_word' id='word_1_558' title='bbox 2397 1586 2411 1609; x_wconf 93' lang='lat'><strong><em>,</em></strong></span> <span class='ocrx_word' id='word_1_559' title='bbox 2469 1544 2538 1600; x_wconf 90' lang='lat' dir='ltr'><strong><em>de</em></strong></span> <span class='ocrx_word' id='word_1_560' title='bbox 2587 1545 2745 1609; x_wconf 89' lang='lat' dir='ltr'><strong><em>mari,</em></strong></span> <span class='ocrx_word' id='word_1_561' title='bbox 2800 1545 2974 1615; x_wconf 91' lang='lat' dir='ltr'><strong><em>deque</em></strong></span> <span class='ocrx_word' id='word_1_562' title='bbox 3018 1545 3295 1600; x_wconf 89' lang='lat' dir='ltr'><strong><em>hominum</em></strong></span> <span class='ocrx_word' id='word_1_563' title='bbox 3349 1545 3584 1598; x_wconf 81' lang='lat' dir='ltr'><strong><em>natura?</em></strong></span> 
     </span>
    </p>
   </div>
   <div class='ocr_carea' id='block_1_75' title="bbox 1982 1636 3577 1707">
    <p class='ocr_par' dir='ltr' id='par_1_75' title="bbox 1982 1636 3577 1707">
     <span class='ocr_line' id='line_1_75' title="bbox 1982 1636 3577 1707; baseline -0.003 -15"><span class='ocrx_word' id='word_1_564' title='bbox 1982 1637 2355 1692; x_wconf 83' lang='lat' dir='ltr'><strong><em>Ascendamus</em></strong></span> <span class='ocrx_word' id='word_1_565' title='bbox 2393 1636 2445 1690; x_wconf 90' lang='lat' dir='ltr'><strong><em>in</em></strong></span> <span class='ocrx_word' id='word_1_566' title='bbox 2476 1636 2666 1691; x_wconf 74' lang='lat' dir='ltr'><strong><em>caelum</em></strong></span> <span class='ocrx_word' id='word_1_567' title='bbox 2698 1636 2863 1692; x_wconf 90' lang='lat' dir='ltr'><strong><em>verbo</em></strong></span> <span class='ocrx_word' id='word_1_568' title='bbox 2888 1678 2901 1701; x_wconf 93' lang='lat'><strong><em>,</em></strong></span> <span class='ocrx_word' id='word_1_569' title='bbox 2929 1638 3254 1707; x_wconf 87' lang='lat' dir='ltr'><strong><em>angelosque</em></strong></span> <span class='ocrx_word' id='word_1_570' title='bbox 3287 1636 3577 1698; x_wconf 84' lang='lat' dir='ltr'><strong><em>adeamus;</em></strong></span> 
     </span>
    </p>
   </div>
   <div class='ocr_carea' id='block_1_76' title="bbox 1982 1729 3579 1800">
    <p class='ocr_par' dir='ltr' id='par_1_76' title="bbox 1982 1729 3579 1800">
     <span class='ocr_line' id='line_1_76' title="bbox 1982 1729 3579 1800; baseline -0.003 -13"><span class='ocrx_word' id='word_1_571' title='bbox 1982 1732 2131 1787; x_wconf 88' lang='lat' dir='ltr'><strong><em>scitis</em></strong></span> <span class='ocrx_word' id='word_1_572' title='bbox 2154 1731 2295 1785; x_wconf 92' lang='lat' dir='ltr'><strong><em>enim</em></strong></span> <span class='ocrx_word' id='word_1_573' title='bbox 2323 1731 2404 1785; x_wconf 87' lang='lat' dir='ltr'><strong><em>vel</em></strong></span> <span class='ocrx_word' id='word_1_574' title='bbox 2433 1745 2596 1784; x_wconf 90' lang='lat' dir='ltr'><strong><em>unum</em></strong></span> <span class='ocrx_word' id='word_1_575' title='bbox 2624 1730 2869 1799; x_wconf 80' lang='lat' dir='ltr'><strong><em>angelum</em></strong></span> <span class='ocrx_word' id='word_1_576' title='bbox 2893 1746 3078 1800; x_wconf 89' lang='lat' dir='ltr'><strong><em>parem</em></strong></span> <span class='ocrx_word' id='word_1_577' title='bbox 3099 1745 3219 1786; x_wconf 89' lang='lat' dir='ltr'><strong><em>esse</em></strong></span> <span class='ocrx_word' id='word_1_578' title='bbox 3262 1730 3356 1784; x_wconf 90' lang='lat' dir='ltr'><strong><em>toti</em></strong></span> <span class='ocrx_word' id='word_1_579' title='bbox 3387 1729 3579 1783; x_wconf 86' lang='lat' dir='ltr'><strong><em>visibili</em></strong></span> 
     </span>
    </p>
   </div>
   <div class='ocr_carea' id='block_1_77' title="bbox 1981 1822 3581 1893">
    <p class='ocr_par' dir='ltr' id='par_1_77' title="bbox 1981 1822 3581 1893">
     <span class='ocr_line' id='line_1_77' title="bbox 1981 1822 3581 1893; baseline -0.003 -15"><span class='ocrx_word' id='word_1_580' title='bbox 1981 1830 2265 1889; x_wconf 70' lang='lat' dir='ltr'><strong><em>creaturae,</em></strong></span> <span class='ocrx_word' id='word_1_581' title='bbox 2294 1823 2402 1877; x_wconf 92' lang='lat' dir='ltr'><strong><em>imo</em></strong></span> <span class='ocrx_word' id='word_1_582' title='bbox 2419 1824 2578 1893; x_wconf 88' lang='lat' dir='ltr'><strong><em>longe</em></strong></span> <span class='ocrx_word' id='word_1_583' title='bbox 2609 1824 3058 1893; x_wconf 63' lang='lat' dir='ltr'><strong><em>praastantiorem.</em></strong></span> <span class='ocrx_word' id='word_1_584' title='bbox 3087 1822 3217 1878; x_wconf 87' lang='lat' dir='ltr'><strong><em>Nam</em></strong></span> <span class='ocrx_word' id='word_1_585' title='bbox 3246 1824 3290 1878; x_wconf 92' lang='lat' dir='ltr'><strong><em>si</em></strong></span> <span class='ocrx_word' id='word_1_586' title='bbox 3344 1822 3426 1877; x_wconf 89' lang='lat' dir='ltr'><strong><em>vel</em></strong></span> <span class='ocrx_word' id='word_1_587' title='bbox 3474 1838 3581 1875; x_wconf 88' lang='lat' dir='ltr'><strong><em>uno</em></strong></span> 
     </span>
    </p>
   </div>
   <div class='ocr_carea' id='block_1_78' title="bbox 1988 1913 3574 1985">
    <p class='ocr_par' dir='ltr' id='par_1_78' title="bbox 1988 1913 3574 1985">
     <span class='ocr_line' id='line_1_78' title="bbox 1988 1913 3574 1985; baseline -0.001 -16"><span class='ocrx_word' id='word_1_588' title='bbox 1988 1913 2370 1984; x_wconf 88' lang='lat' dir='ltr'><strong><em>hominejusto</em></strong></span> <span class='ocrx_word' id='word_1_589' title='bbox 2399 1925 2539 1968; x_wconf 87' lang='lat' dir='ltr'><strong><em>totus</em></strong></span> <span class='ocrx_word' id='word_1_590' title='bbox 2568 1914 2799 1969; x_wconf 91' lang='lat' dir='ltr'><strong><em>mundus</em></strong></span> <span class='ocrx_word' id='word_1_591' title='bbox 2828 1914 3021 1985; x_wconf 91' lang='lat' dir='ltr'><strong><em>dignus</em></strong></span> <span class='ocrx_word' id='word_1_592' title='bbox 3060 1930 3164 1969; x_wconf 90' lang='lat' dir='ltr'><strong><em>non</em></strong></span> <span class='ocrx_word' id='word_1_593' title='bbox 3192 1915 3279 1980; x_wconf 90' lang='lat' dir='ltr'><strong><em>sit,</em></strong></span> <span class='ocrx_word' id='word_1_594' title='bbox 3300 1914 3574 1968; x_wconf 86' lang='lat' dir='ltr'><strong><em>utPaulus</em></strong></span> 
     </span>
    </p>
   </div>
   <div class='ocr_carea' id='block_1_79' title="bbox 1983 2005 3582 2078">
    <p class='ocr_par' dir='ltr' id='par_1_79' title="bbox 1983 2005 3582 2078">
     <span class='ocr_line' id='line_1_79' title="bbox 1983 2005 3582 2078; baseline -0.004 -15"><span class='ocrx_word' id='word_1_595' title='bbox 1983 2009 2221 2063; x_wconf 87' lang='lat' dir='ltr'><strong><em>ostendit</em></strong></span> <span class='ocrx_word' id='word_1_596' title='bbox 2261 2008 2345 2063; x_wconf 92' lang='lat' dir='ltr'><strong><em>his</em></strong></span> <span class='ocrx_word' id='word_1_597' title='bbox 2384 2008 2583 2073; x_wconf 90' lang='lat' dir='ltr'><strong><em>verbis,</em></strong></span> <span class='ocrx_word' id='word_1_598' title='bbox 2624 2007 2818 2074; x_wconf 89' lang='lat' dir='ltr'><strong><em>Quibus</em></strong></span> <span class='ocrx_word' id='word_1_599' title='bbox 2859 2007 3043 2078; x_wconf 83' lang='lat' dir='ltr'><strong><em>dignus</em></strong></span> <span class='ocrx_word' id='word_1_600' title='bbox 3063 2025 3165 2061; x_wconf 85' lang='lat' dir='ltr'><strong><em>non</em></strong></span> <span class='ocrx_word' id='word_1_601' title='bbox 3212 2018 3320 2061; x_wconf 88' lang='lat' dir='ltr'><strong><em>erat</em></strong></span> <span class='ocrx_word' id='word_1_602' title='bbox 3358 2005 3582 2059; x_wconf 86' lang='lat' dir='ltr'><strong><em>mundus</em></strong></span> 
     </span>
    </p>
   </div>
   <div class='ocr_carea' id='block_1_80' title="bbox 1983 2099 3573 2173">
    <p class='ocr_par' dir='ltr' id='par_1_80' title="bbox 1983 2099 3573 2173">
     <span class='ocr_line' id='line_1_80' title="bbox 1983 2099 3573 2173; baseline -0.002 -20"><span class='ocrx_word' id='word_1_603' title='bbox 1983 2099 2168 2173; x_wconf 84' lang='lat' dir='ltr'><strong><em>(Hebr.</em></strong></span> <span class='ocrx_word' id='word_1_604' title='bbox 2195 2100 2406 2169; x_wconf 66' lang='lat' dir='ltr'><strong><em>H.358).</em></strong></span> <span class='ocrx_word' id='word_1_605' title='bbox 2432 2100 2603 2155; x_wconf 91' lang='lat' dir='ltr'><strong><em>multo</em></strong></span> <span class='ocrx_word' id='word_1_606' title='bbox 2629 2100 2808 2153; x_wconf 89' lang='lat' dir='ltr'><strong><em>minus</em></strong></span> <span class='ocrx_word' id='word_1_607' title='bbox 2832 2099 3023 2170; x_wconf 85' lang='lat' dir='ltr'><strong><em>angelo</em></strong></span> <span class='ocrx_word' id='word_1_608' title='bbox 3053 2099 3245 2169; x_wconf 87' lang='lat' dir='ltr'><strong><em>dignus</em></strong></span> <span class='ocrx_word' id='word_1_609' title='bbox 3267 2099 3369 2153; x_wconf 84' lang='lat' dir='ltr'><strong><em>erit</em></strong></span> <span class='ocrx_word' id='word_1_610' title='bbox 3401 2115 3413 2151; x_wconf 92' lang='lat'><strong>:</strong></span> <span class='ocrx_word' id='word_1_611' title='bbox 3473 2112 3573 2151; x_wconf 89' lang='lat' dir='ltr'><strong><em>an-</em></strong></span> 
     </span>
    </p>
   </div>
   <div class='ocr_carea' id='block_1_81' title="bbox 1980 2176 3581 2264">
    <p class='ocr_par' dir='ltr' id='par_1_81' title="bbox 1980 2176 3581 2264">
     <span class='ocr_line' id='line_1_81' title="bbox 1980 2176 3581 2264; baseline -0.004 -14"><span class='ocrx_word' id='word_1_612' title='bbox 1980 2194 2085 2263; x_wconf 88' lang='lat' dir='ltr'><strong><em>geli</em></strong></span> <span class='ocrx_word' id='word_1_613' title='bbox 2112 2194 2309 2264; x_wconf 90' lang='lat' dir='ltr'><strong><em>quippe</em></strong></span> <span class='ocrx_word' id='word_1_614' title='bbox 2330 2195 2499 2249; x_wconf 90' lang='lat' dir='ltr'><strong><em>multo</em></strong></span> <span class='ocrx_word' id='word_1_615' title='bbox 2528 2176 2930 2263; x_wconf 72' lang='lat' dir='ltr'><strong><em>praestantiores</em></strong></span> <span class='ocrx_word' id='word_1_616' title='bbox 2955 2201 3081 2248; x_wconf 89' lang='lat' dir='ltr'><strong><em>sunt</em></strong></span> <span class='ocrx_word' id='word_1_617' title='bbox 3098 2192 3277 2263; x_wconf 89' lang='lat' dir='ltr'><strong><em>justis.</em></strong></span> <span class='ocrx_word' id='word_1_618' title='bbox 3332 2193 3581 2245; x_wconf 82' lang='lat' dir='ltr'><strong><em>Attamen</em></strong></span> 
     </span>
    </p>
   </div>
   <div class='ocr_carea' id='block_1_82' title="bbox 1980 2286 3580 2361">
    <p class='ocr_par' dir='ltr' id='par_1_82' title="bbox 1980 2286 3580 2361">
     <span class='ocr_line' id='line_1_82' title="bbox 1980 2286 3580 2361; baseline -0.003 -20"><span class='ocrx_word' id='word_1_619' title='bbox 1980 2287 2168 2341; x_wconf 69' lang='lat' dir='ltr'><strong><em>debem</em></strong></span> <span class='ocrx_word' id='word_1_620' title='bbox 2201 2286 2399 2341; x_wconf 88' lang='lat' dir='ltr'><strong><em>millies</em></strong></span> <span class='ocrx_word' id='word_1_621' title='bbox 2422 2286 2561 2341; x_wconf 89' lang='lat' dir='ltr'><strong><em>dena</em></strong></span> <span class='ocrx_word' id='word_1_622' title='bbox 2612 2287 2775 2340; x_wconf 90' lang='lat' dir='ltr'><strong><em>millia</em></strong></span> <span class='ocrx_word' id='word_1_623' title='bbox 2824 2286 3136 2361; x_wconf 65' lang='lat' dir='ltr'><strong><em>angelorum</em></strong></span> <span class='ocrx_word' id='word_1_624' title='bbox 3174 2300 3388 2340; x_wconf 88' lang='lat' dir='ltr'><strong><em>sursum</em></strong></span> <span class='ocrx_word' id='word_1_625' title='bbox 3433 2292 3580 2349; x_wconf 90' lang='lat' dir='ltr'><strong><em>sunt,</em></strong></span> 
     </span>
    </p>
   </div>
   <div class='ocr_carea' id='block_1_83' title="bbox 1981 2376 3581 2449">
    <p class='ocr_par' dir='ltr' id='par_1_83' title="bbox 1981 2376 3581 2449">
     <span class='ocr_line' id='line_1_83' title="bbox 1981 2376 3581 2449; baseline -0.003 -16"><span class='ocrx_word' id='word_1_626' title='bbox 1981 2386 2037 2433; x_wconf 88' lang='lat' dir='ltr'><strong><em>et</em></strong></span> <span class='ocrx_word' id='word_1_627' title='bbox 2062 2378 2226 2431; x_wconf 89' lang='lat' dir='ltr'><strong><em>millia</em></strong></span> <span class='ocrx_word' id='word_1_628' title='bbox 2257 2378 2481 2431; x_wconf 88' lang='lat' dir='ltr'><strong><em>millium</em></strong></span> <span class='ocrx_word' id='word_1_629' title='bbox 2531 2377 3015 2449; x_wconf 86' lang='lat' dir='ltr'><strong><em>archangelorum;</em></strong></span> <span class='ocrx_word' id='word_1_630' title='bbox 3063 2378 3297 2447; x_wconf 89' lang='lat' dir='ltr'><strong><em>itemque</em></strong></span> <span class='ocrx_word' id='word_1_631' title='bbox 3338 2376 3581 2441; x_wconf 88' lang='lat' dir='ltr'><strong><em>Throni,</em></strong></span> 
     </span>
    </p>
   </div>
   <div class='ocr_carea' id='block_1_84' title="bbox 1981 2471 3582 2541">
    <p class='ocr_par' dir='ltr' id='par_1_84' title="bbox 1981 2471 3582 2541">
     <span class='ocr_line' id='line_1_84' title="bbox 1981 2471 3582 2541; baseline -0.002 -16"><span class='ocrx_word' id='word_1_632' title='bbox 1981 2471 2405 2537; x_wconf 78' lang='lat' dir='ltr'><strong><em>nominationes,</em></strong></span> <span class='ocrx_word' id='word_1_633' title='bbox 2438 2472 2776 2541; x_wconf 86' lang='lat' dir='ltr'><strong><em>Principatus</em></strong></span> <span class='ocrx_word' id='word_1_634' title='bbox 2804 2480 2859 2525; x_wconf 92' lang='lat' dir='ltr'><strong><em>et</em></strong></span> <span class='ocrx_word' id='word_1_635' title='bbox 2885 2471 3205 2535; x_wconf 84' lang='lat' dir='ltr'><strong><em>Potestates,</em></strong></span> <span class='ocrx_word' id='word_1_636' title='bbox 3231 2479 3391 2540; x_wconf 87' lang='lat' dir='ltr'><strong><em>atque</em></strong></span> <span class='ocrx_word' id='word_1_637' title='bbox 3422 2471 3582 2523; x_wconf 83' lang='lat' dir='ltr'><strong><em>innu-</em></strong></span> 
     </span>
    </p>
   </div>
   <div class='ocr_carea' id='block_1_85' title="bbox 1980 2560 3571 2632">
    <p class='ocr_par' dir='ltr' id='par_1_85' title="bbox 1980 2560 3571 2632">
     <span class='ocr_line' id='line_1_85' title="bbox 1980 2560 3571 2632; baseline -0.002 -16"><span class='ocrx_word' id='word_1_638' title='bbox 1980 2562 2116 2616; x_wconf 85' lang='lat' dir='ltr'><strong><em>meri</em></strong></span> <span class='ocrx_word' id='word_1_639' title='bbox 2163 2562 2601 2631; x_wconf 86' lang='lat' dir='ltr'><strong><em>incorporearum</em></strong></span> <span class='ocrx_word' id='word_1_640' title='bbox 2636 2562 2902 2617; x_wconf 85' lang='lat' dir='ltr'><strong><em>Virtutum</em></strong></span> <span class='ocrx_word' id='word_1_641' title='bbox 2946 2562 3124 2632; x_wconf 91' lang='lat' dir='ltr'><strong><em>populi</em></strong></span> <span class='ocrx_word' id='word_1_642' title='bbox 3153 2561 3429 2630; x_wconf 84' lang='lat' dir='ltr'><strong><em>tribusque</em></strong></span> <span class='ocrx_word' id='word_1_643' title='bbox 3484 2560 3571 2613; x_wconf 89' lang='lat' dir='ltr'><strong><em>in-</em></strong></span> 
     </span>
    </p>
   </div>
   <div class='ocr_carea' id='block_1_86' title="bbox 1980 2651 3579 2724">
    <p class='ocr_par' dir='ltr' id='par_1_86' title="bbox 1980 2651 3579 2724">
     <span class='ocr_line' id='line_1_86' title="bbox 1980 2651 3579 2724; baseline -0.002 -16"><span class='ocrx_word' id='word_1_644' title='bbox 1980 2653 2351 2708; x_wconf 88' lang='lat' dir='ltr'><strong><em>enarrabiles:</em></strong></span> <span class='ocrx_word' id='word_1_645' title='bbox 2385 2670 2681 2724; x_wconf 89' lang='lat' dir='ltr'><strong><em>onmesque</em></strong></span> <span class='ocrx_word' id='word_1_646' title='bbox 2708 2655 2825 2708; x_wconf 88' lang='lat' dir='ltr'><strong><em>illas</em></strong></span> <span class='ocrx_word' id='word_1_647' title='bbox 2855 2654 3087 2709; x_wconf 76' lang='lat' dir='ltr'><strong><em>Virtutes</em></strong></span> <span class='ocrx_word' id='word_1_648' title='bbox 3108 2669 3233 2708; x_wconf 85' lang='lat' dir='ltr'><strong><em>cum</em></strong></span> <span class='ocrx_word' id='word_1_649' title='bbox 3267 2661 3410 2707; x_wconf 90' lang='lat' dir='ltr'><strong><em>tanta</em></strong></span> <span class='ocrx_word' id='word_1_650' title='bbox 3444 2651 3579 2705; x_wconf 87' lang='lat' dir='ltr'><strong><em>faci-</em></strong></span> 
     </span>
    </p>
   </div>
   <div class='ocr_carea' id='block_1_87' title="bbox 1980 2744 3580 2816">
    <p class='ocr_par' dir='ltr' id='par_1_87' title="bbox 1980 2744 3580 2816">
     <span class='ocr_line' id='line_1_87' title="bbox 1980 2744 3580 2816; baseline -0.001 -17"><span class='ocrx_word' id='word_1_651' title='bbox 1980 2744 2131 2800; x_wconf 88' lang='lat' dir='ltr'><strong><em>litate</em></strong></span> <span class='ocrx_word' id='word_1_652' title='bbox 2179 2745 2440 2811; x_wconf 90' lang='lat' dir='ltr'><strong><em>condidit,</em></strong></span> <span class='ocrx_word' id='word_1_653' title='bbox 2490 2755 2686 2816; x_wconf 87' lang='lat' dir='ltr'><strong><em>quanta</em></strong></span> <span class='ocrx_word' id='word_1_654' title='bbox 2736 2747 2912 2801; x_wconf 90' lang='lat' dir='ltr'><strong><em>nullus</em></strong></span> <span class='ocrx_word' id='word_1_655' title='bbox 2959 2762 3138 2802; x_wconf 89' lang='lat' dir='ltr'><strong><em>sermo</em></strong></span> <span class='ocrx_word' id='word_1_656' title='bbox 3188 2756 3362 2815; x_wconf 85' lang='lat' dir='ltr'><strong><em>potest</em></strong></span> <span class='ocrx_word' id='word_1_657' title='bbox 3404 2746 3580 2815; x_wconf 81' lang='lat' dir='ltr'><strong><em>expri-</em></strong></span> 
     </span>
    </p>
   </div>
   <div class='ocr_carea' id='block_1_88' title="bbox 1979 2836 3579 2907">
    <p class='ocr_par' dir='ltr' id='par_1_88' title="bbox 1979 2836 3579 2907">
     <span class='ocr_line' id='line_1_88' title="bbox 1979 2836 3579 2907; baseline 0 -16"><span class='ocrx_word' id='word_1_658' title='bbox 1979 2852 2149 2892; x_wconf 89' lang='lat' dir='ltr'><strong><em>mere.</em></strong></span> <span class='ocrx_word' id='word_1_659' title='bbox 2180 2836 2324 2892; x_wconf 90' lang='lat' dir='ltr'><strong><em>Satis</em></strong></span> <span class='ocrx_word' id='word_1_660' title='bbox 2353 2839 2496 2892; x_wconf 90' lang='lat' dir='ltr'><strong><em>enim</em></strong></span> <span class='ocrx_word' id='word_1_661' title='bbox 2522 2838 2594 2892; x_wconf 90' lang='lat' dir='ltr'><strong><em>illi</em></strong></span> <span class='ocrx_word' id='word_1_662' title='bbox 2620 2838 2718 2892; x_wconf 87' lang='lat' dir='ltr'><strong><em>fuit</em></strong></span> <span class='ocrx_word' id='word_1_663' title='bbox 2746 2848 2803 2891; x_wconf 91' lang='lat' dir='ltr'><strong><em>ut</em></strong></span> <span class='ocrx_word' id='word_1_664' title='bbox 2830 2840 3013 2903; x_wconf 85' lang='lat' dir='ltr'><strong><em>vellet,</em></strong></span> <span class='ocrx_word' id='word_1_665' title='bbox 3047 2849 3099 2893; x_wconf 92' lang='lat' dir='ltr'><strong><em>et</em></strong></span> <span class='ocrx_word' id='word_1_666' title='bbox 3131 2840 3267 2893; x_wconf 87' lang='lat' dir='ltr'><strong><em>sicut</em></strong></span> <span class='ocrx_word' id='word_1_667' title='bbox 3291 2838 3431 2907; x_wconf 90' lang='lat' dir='ltr'><strong><em>apud</em></strong></span> <span class='ocrx_word' id='word_1_668' title='bbox 3482 2852 3579 2891; x_wconf 88' lang='lat' dir='ltr'><strong><em>nos</em></strong></span> 
     </span>
    </p>
   </div>
   <div class='ocr_carea' id='block_1_89' title="bbox 1980 2928 3577 2999">
    <p class='ocr_par' dir='ltr' id='par_1_89' title="bbox 1980 2928 3577 2999">
     <span class='ocr_line' id='line_1_89' title="bbox 1980 2928 3577 2999; baseline 0 -18"><span class='ocrx_word' id='word_1_669' title='bbox 1980 2929 2226 2983; x_wconf 88' lang='lat' dir='ltr'><strong><em>voluntas</em></strong></span> <span class='ocrx_word' id='word_1_670' title='bbox 2253 2928 2385 2985; x_wconf 80' lang='lat' dir='ltr'><strong><em>nihil</em></strong></span> <span class='ocrx_word' id='word_1_671' title='bbox 2412 2930 2611 2984; x_wconf 85' lang='lat' dir='ltr'><strong><em>laboris</em></strong></span> <span class='ocrx_word' id='word_1_672' title='bbox 2639 2929 2814 2996; x_wconf 76' lang='lat' dir='ltr'><strong><em>atfert,</em></strong></span> <span class='ocrx_word' id='word_1_673' title='bbox 2848 2932 2925 2984; x_wconf 89' lang='lat' dir='ltr'><strong><em>sic</em></strong></span> <span class='ocrx_word' id='word_1_674' title='bbox 2956 2931 3102 2985; x_wconf 90' lang='lat' dir='ltr'><strong><em>nullo</em></strong></span> <span class='ocrx_word' id='word_1_675' title='bbox 3134 2932 3248 2999; x_wconf 88' lang='lat' dir='ltr'><strong><em>ipse</em></strong></span> <span class='ocrx_word' id='word_1_676' title='bbox 3275 2930 3461 2983; x_wconf 86' lang='lat' dir='ltr'><strong><em>labore</em></strong></span> <span class='ocrx_word' id='word_1_677' title='bbox 3501 2938 3577 2982; x_wconf 86' lang='lat' dir='ltr'><strong><em>tot</em></strong></span> 
     </span>
    </p>
   </div>
   <div class='ocr_carea' id='block_1_90' title="bbox 1980 3019 3578 3090">
    <p class='ocr_par' dir='ltr' id='par_1_90' title="bbox 1980 3019 3578 3090">
     <span class='ocr_line' id='line_1_90' title="bbox 1980 3019 3578 3090; baseline -0.002 -15"><span class='ocrx_word' id='word_1_678' title='bbox 1980 3020 2273 3090; x_wconf 86' lang='lat' dir='ltr'><strong><em>tantasque</em></strong></span> <span class='ocrx_word' id='word_1_679' title='bbox 2291 3019 2527 3075; x_wconf 87' lang='lat' dir='ltr'><strong><em>Virtutes</em></strong></span> <span class='ocrx_word' id='word_1_680' title='bbox 2548 3020 2810 3075; x_wconf 90' lang='lat' dir='ltr'><strong><em>condidit.</em></strong></span> <span class='ocrx_word' id='word_1_681' title='bbox 2836 3021 2988 3088; x_wconf 88' lang='lat' dir='ltr'><strong><em>Quod</em></strong></span> <span class='ocrx_word' id='word_1_682' title='bbox 3016 3021 3296 3076; x_wconf 76' lang='lat' dir='ltr'><strong><em>declarans</em></strong></span> <span class='ocrx_word' id='word_1_683' title='bbox 3321 3020 3578 3089; x_wconf 82' lang='lat' dir='ltr'><strong><em>propheta</em></strong></span> 
     </span>
    </p>
   </div>
   <div class='ocr_carea' id='block_1_91' title="bbox 1977 3110 3577 3181">
    <p class='ocr_par' dir='ltr' id='par_1_91' title="bbox 1977 3110 3577 3181">
     <span class='ocr_line' id='line_1_91' title="bbox 1977 3110 3577 3181; baseline -0.002 -15"><span class='ocrx_word' id='word_1_684' title='bbox 1977 3111 2208 3177; x_wconf 81' lang='lat' dir='ltr'><strong><em>dicebat,</em></strong></span> <span class='ocrx_word' id='word_1_685' title='bbox 2237 3111 2424 3164; x_wconf 84' lang='lat' dir='ltr'><strong><em>Omnia</em></strong></span> <span class='ocrx_word' id='word_1_686' title='bbox 2465 3126 2793 3181; x_wconf 66' lang='lat' dir='ltr'><strong><em>quiscumque</em></strong></span> <span class='ocrx_word' id='word_1_687' title='bbox 2818 3112 2972 3165; x_wconf 86' lang='lat' dir='ltr'><strong><em>voluit</em></strong></span> <span class='ocrx_word' id='word_1_688' title='bbox 3003 3112 3120 3179; x_wconf 75' lang='lat' dir='ltr'><strong><em>fecit</em></strong></span> <span class='ocrx_word' id='word_1_689' title='bbox 3168 3111 3221 3165; x_wconf 87' lang='lat' dir='ltr'><strong><em>in</em></strong></span> <span class='ocrx_word' id='word_1_690' title='bbox 3263 3110 3389 3164; x_wconf 77' lang='lat' dir='ltr'><strong><em>ctelo</em></strong></span> <span class='ocrx_word' id='word_1_691' title='bbox 3418 3120 3479 3163; x_wconf 72' lang='lat' dir='ltr'><strong><em>ct</em></strong></span> <span class='ocrx_word' id='word_1_692' title='bbox 3524 3111 3577 3163; x_wconf 89' lang='lat' dir='ltr'><strong><em>iu</em></strong></span> 
     </span>
    </p>
   </div>
   <div class='ocr_carea' id='block_1_92' title="bbox 1979 3200 3577 3273">
    <p class='ocr_par' dir='ltr' id='par_1_92' title="bbox 1979 3200 3577 3273">
     <span class='ocr_line' id='line_1_92' title="bbox 1979 3200 3577 3273; baseline -0.003 -15"><span class='ocrx_word' id='word_1_693' title='bbox 1979 3210 2114 3258; x_wconf 84' lang='lat' dir='ltr'><strong><em>terra</em></strong></span> <span class='ocrx_word' id='word_1_694' title='bbox 2149 3200 2321 3273; x_wconf 88' lang='lat' dir='ltr'><strong><em>(Psal.</em></strong></span> <span class='ocrx_word' id='word_1_695' title='bbox 2353 3202 2474 3257; x_wconf 69' lang='lat' dir='ltr'><strong><em>15L</em></strong></span> <span class='ocrx_word' id='word_1_696' title='bbox 2499 3201 2579 3271; x_wconf 89' lang='lat'><strong><em>6).</em></strong></span> <span class='ocrx_word' id='word_1_697' title='bbox 2614 3201 2802 3257; x_wconf 89' lang='lat' dir='ltr'><strong><em>Viden&#39;</em></strong></span> <span class='ocrx_word' id='word_1_698' title='bbox 2830 3218 2935 3256; x_wconf 91' lang='lat' dir='ltr'><strong><em>non</em></strong></span> <span class='ocrx_word' id='word_1_699' title='bbox 2985 3202 3051 3257; x_wconf 84' lang='lat' dir='ltr'><strong><em>ad</em></strong></span> <span class='ocrx_word' id='word_1_700' title='bbox 3092 3211 3426 3257; x_wconf 88' lang='lat' dir='ltr'><strong><em>terrenarum</em></strong></span> <span class='ocrx_word' id='word_1_701' title='bbox 3457 3210 3577 3255; x_wconf 80' lang='lat' dir='ltr'><strong><em>tau-</em></strong></span> 
     </span>
    </p>
   </div>
   <div class='ocr_carea' id='block_1_93' title="bbox 1978 3293 3579 3357">
    <p class='ocr_par' dir='ltr' id='par_1_93' title="bbox 1978 3293 3579 3357">
     <span class='ocr_line' id='line_1_93' title="bbox 1978 3293 3579 3357; baseline -0.001 -10"><span class='ocrx_word' id='word_1_702' title='bbox 1978 3300 2089 3347; x_wconf 88' lang='lat' dir='ltr'><strong><em>tum</em></strong></span> <span class='ocrx_word' id='word_1_703' title='bbox 2121 3308 2300 3346; x_wconf 91' lang='lat' dir='ltr'><strong><em>rerum</em></strong></span> <span class='ocrx_word' id='word_1_704' title='bbox 2331 3293 2679 3357; x_wconf 90' lang='lat' dir='ltr'><strong><em>creationem,</em></strong></span> <span class='ocrx_word' id='word_1_705' title='bbox 2714 3293 2807 3347; x_wconf 92' lang='lat' dir='ltr'><strong><em>sed</em></strong></span> <span class='ocrx_word' id='word_1_706' title='bbox 2834 3293 2995 3348; x_wconf 90' lang='lat' dir='ltr'><strong><em>etiam</em></strong></span> <span class='ocrx_word' id='word_1_707' title='bbox 3025 3293 3091 3347; x_wconf 92' lang='lat' dir='ltr'><strong><em>ad</em></strong></span> <span class='ocrx_word' id='word_1_708' title='bbox 3134 3294 3463 3349; x_wconf 74' lang='lat' dir='ltr'><strong><em>creationem</em></strong></span> <span class='ocrx_word' id='word_1_709' title='bbox 3491 3309 3579 3347; x_wconf 83' lang='lat' dir='ltr'><strong><em>su-</em></strong></span> 
     </span>
    </p>
   </div>
   <div class='ocr_carea' id='block_1_94' title="bbox 1978 3382 3581 3453">
    <p class='ocr_par' dir='ltr' id='par_1_94' title="bbox 1978 3382 3581 3453">
     <span class='ocr_line' id='line_1_94' title="bbox 1978 3382 3581 3453; baseline -0.001 -16"><span class='ocrx_word' id='word_1_710' title='bbox 1978 3398 2267 3453; x_wconf 84' lang='lat' dir='ltr'><strong><em>peruarum</em></strong></span> <span class='ocrx_word' id='word_1_711' title='bbox 2310 3382 2579 3439; x_wconf 74' lang='lat' dir='ltr'><strong><em>Virtutum</em></strong></span> <span class='ocrx_word' id='word_1_712' title='bbox 2623 3384 2753 3438; x_wconf 84' lang='lat' dir='ltr'><strong><em>satis</em></strong></span> <span class='ocrx_word' id='word_1_713' title='bbox 2803 3383 2967 3438; x_wconf 82' lang='lat' dir='ltr'><strong><em>fuisse</em></strong></span> <span class='ocrx_word' id='word_1_714' title='bbox 3017 3385 3158 3439; x_wconf 90' lang='lat' dir='ltr'><strong><em>illius</em></strong></span> <span class='ocrx_word' id='word_1_715' title='bbox 3208 3386 3581 3438; x_wconf 81' lang='lat' dir='ltr'><strong><em>voluntatem?</em></strong></span> 
     </span>
    </p>
   </div>
   <div class='ocr_carea' id='block_1_95' title="bbox 1976 3465 3577 3545">
    <p class='ocr_par' dir='ltr' id='par_1_95' title="bbox 1976 3465 3577 3545">
     <span class='ocr_line' id='line_1_95' title="bbox 1976 3465 3577 3545; baseline -0.001 -16"><span class='ocrx_word' id='word_1_716' title='bbox 1976 3473 2103 3529; x_wconf 63' lang='lat' dir='ltr'><strong><em>Haec</em></strong></span> <span class='ocrx_word' id='word_1_717' title='bbox 2121 3489 2243 3528; x_wconf 87' lang='lat' dir='ltr'><strong><em>cum</em></strong></span> <span class='ocrx_word' id='word_1_718' title='bbox 2261 3465 2434 3539; x_wconf 84' lang='lat' dir='ltr'><strong><em>audis,</em></strong></span> <span class='ocrx_word' id='word_1_719' title='bbox 2460 3490 2566 3529; x_wconf 92' lang='lat' dir='ltr'><strong><em>non</em></strong></span> <span class='ocrx_word' id='word_1_720' title='bbox 2597 3476 2823 3545; x_wconf 90' lang='lat' dir='ltr'><strong><em>teipsum</em></strong></span> <span class='ocrx_word' id='word_1_721' title='bbox 2855 3475 3127 3545; x_wconf 86' lang='lat' dir='ltr'><strong><em>deploras,</em></strong></span> <span class='ocrx_word' id='word_1_722' title='bbox 3160 3476 3246 3531; x_wconf 90' lang='lat' dir='ltr'><strong><em>die</em></strong></span> <span class='ocrx_word' id='word_1_723' title='bbox 3275 3476 3438 3529; x_wconf 88' lang='lat' dir='ltr'><strong><em>mihi?</em></strong></span> <span class='ocrx_word' id='word_1_724' title='bbox 3468 3489 3577 3528; x_wconf 89' lang='lat' dir='ltr'><strong><em>non</em></strong></span> 
     </span>
    </p>
   </div>
   <div class='ocr_carea' id='block_1_96' title="bbox 1977 3563 3576 3634">
    <p class='ocr_par' dir='ltr' id='par_1_96' title="bbox 1977 3563 3576 3634">
     <span class='ocr_line' id='line_1_96' title="bbox 1977 3563 3576 3634; baseline -0.001 -15"><span class='ocrx_word' id='word_1_725' title='bbox 1977 3564 2098 3619; x_wconf 91' lang='lat' dir='ltr'><strong><em>tein</em></strong></span> <span class='ocrx_word' id='word_1_726' title='bbox 2123 3573 2320 3618; x_wconf 87' lang='lat' dir='ltr'><strong><em>terram</em></strong></span> <span class='ocrx_word' id='word_1_727' title='bbox 2344 3563 2553 3619; x_wconf 87' lang='lat' dir='ltr'><strong><em>defodis</em></strong></span> <span class='ocrx_word' id='word_1_728' title='bbox 2574 3575 2628 3621; x_wconf 91' lang='lat' dir='ltr'><strong><em>et</em></strong></span> <span class='ocrx_word' id='word_1_729' title='bbox 2653 3566 2866 3633; x_wconf 84' lang='lat' dir='ltr'><strong><em>obruis,</em></strong></span> <span class='ocrx_word' id='word_1_730' title='bbox 2914 3582 3035 3621; x_wconf 91' lang='lat' dir='ltr'><strong><em>cum</em></strong></span> <span class='ocrx_word' id='word_1_731' title='bbox 3080 3568 3131 3621; x_wconf 91' lang='lat' dir='ltr'><strong><em>in</em></strong></span> <span class='ocrx_word' id='word_1_732' title='bbox 3184 3576 3385 3634; x_wconf 87' lang='lat' dir='ltr'><strong><em>tantum</em></strong></span> <span class='ocrx_word' id='word_1_733' title='bbox 3426 3580 3576 3619; x_wconf 86' lang='lat' dir='ltr'><strong><em>arro-</em></strong></span> 
     </span>
    </p>
   </div>
   <div class='ocr_carea' id='block_1_97' title="bbox 1975 3655 3575 3728">
    <p class='ocr_par' dir='ltr' id='par_1_97' title="bbox 1975 3655 3575 3728">
     <span class='ocr_line' id='line_1_97' title="bbox 1975 3655 3575 3728; baseline 0.002 -20"><span class='ocrx_word' id='word_1_734' title='bbox 1975 3655 2169 3725; x_wconf 68' lang='lat' dir='ltr'><strong><em>gantiae</em></strong></span> <span class='ocrx_word' id='word_1_735' title='bbox 2200 3657 2528 3724; x_wconf 87' lang='lat' dir='ltr'><strong><em>proruperis,</em></strong></span> <span class='ocrx_word' id='word_1_736' title='bbox 2555 3665 2613 3710; x_wconf 92' lang='lat' dir='ltr'><strong><em>ut</em></strong></span> <span class='ocrx_word' id='word_1_737' title='bbox 2641 3672 2761 3712; x_wconf 91' lang='lat' dir='ltr'><strong><em>eum</em></strong></span> <span class='ocrx_word' id='word_1_738' title='bbox 2789 3673 2948 3727; x_wconf 88' lang='lat' dir='ltr'><strong><em>quem</em></strong></span> <span class='ocrx_word' id='word_1_739' title='bbox 2986 3657 3287 3728; x_wconf 84' lang='lat' dir='ltr'><strong><em>glorificare</em></strong></span> <span class='ocrx_word' id='word_1_740' title='bbox 3311 3666 3365 3711; x_wconf 86' lang='lat' dir='ltr'><strong><em>et</em></strong></span> <span class='ocrx_word' id='word_1_741' title='bbox 3384 3657 3575 3711; x_wconf 87' lang='lat' dir='ltr'><strong><em>adora-</em></strong></span> 
     </span>
    </p>
   </div>
   <div class='ocr_carea' id='block_1_98' title="bbox 1976 3745 3568 3818">
    <p class='ocr_par' dir='ltr' id='par_1_98' title="bbox 1976 3745 3568 3818">
     <span class='ocr_line' id='line_1_98' title="bbox 1976 3745 3568 3818; baseline 0.001 -19"><span class='ocrx_word' id='word_1_742' title='bbox 1976 3760 2034 3801; x_wconf 87' lang='lat' dir='ltr'><strong><em>re</em></strong></span> <span class='ocrx_word' id='word_1_743' title='bbox 2070 3745 2245 3801; x_wconf 90' lang='lat' dir='ltr'><strong><em>solum</em></strong></span> <span class='ocrx_word' id='word_1_744' title='bbox 2286 3745 2365 3801; x_wconf 89' lang='lat' dir='ltr'><strong><em>fas</em></strong></span> <span class='ocrx_word' id='word_1_745' title='bbox 2413 3755 2533 3814; x_wconf 89' lang='lat' dir='ltr'><strong><em>est,</em></strong></span> <span class='ocrx_word' id='word_1_746' title='bbox 2578 3748 2729 3818; x_wconf 90' lang='lat' dir='ltr'><strong><em>quasi</em></strong></span> <span class='ocrx_word' id='word_1_747' title='bbox 2771 3764 2929 3802; x_wconf 90' lang='lat' dir='ltr'><strong><em>unam</em></strong></span> <span class='ocrx_word' id='word_1_748' title='bbox 2968 3748 3347 3803; x_wconf 76' lang='lat' dir='ltr'><strong><em>vilissimorum</em></strong></span> <span class='ocrx_word' id='word_1_749' title='bbox 3390 3763 3568 3802; x_wconf 89' lang='lat' dir='ltr'><strong><em>rerum</em></strong></span> 
     </span>
    </p>
   </div>
   <div class='ocr_carea' id='block_1_99' title="bbox 1975 3837 3575 3911">
    <p class='ocr_par' dir='ltr' id='par_1_99' title="bbox 1975 3837 3575 3911">
     <span class='ocr_line' id='line_1_99' title="bbox 1975 3837 3575 3911; baseline 0.003 -20"><span class='ocrx_word' id='word_1_750' title='bbox 1975 3838 2231 3892; x_wconf 88' lang='lat' dir='ltr'><strong><em>scruteris</em></strong></span> <span class='ocrx_word' id='word_1_751' title='bbox 2258 3847 2311 3892; x_wconf 91' lang='lat' dir='ltr'><strong><em>et</em></strong></span> <span class='ocrx_word' id='word_1_752' title='bbox 2340 3837 2798 3907; x_wconf 87' lang='lat' dir='ltr'><strong><em>comprehendere</em></strong></span> <span class='ocrx_word' id='word_1_753' title='bbox 2826 3839 3080 3911; x_wconf 76' lang='lat' dir='ltr'><strong><em>coneris?</em></strong></span> <span class='ocrx_word' id='word_1_754' title='bbox 3110 3839 3232 3894; x_wconf 84' lang='lat' dir='ltr'><strong><em>Ideo</em></strong></span> <span class='ocrx_word' id='word_1_755' title='bbox 3276 3851 3330 3894; x_wconf 90' lang='lat' dir='ltr'><strong><em>et</em></strong></span> <span class='ocrx_word' id='word_1_756' title='bbox 3376 3839 3575 3895; x_wconf 88' lang='lat' dir='ltr'><strong><em>Paulus</em></strong></span> 
     </span>
    </p>
   </div>
   <div class='ocr_carea' id='block_1_100' title="bbox 1973 3930 3574 4002">
    <p class='ocr_par' dir='ltr' id='par_1_100' title="bbox 1973 3930 3574 4002">
     <span class='ocr_line' id='line_1_100' title="bbox 1973 3930 3574 4002; baseline 0.001 -18"><span class='ocrx_word' id='word_1_757' title='bbox 1973 3930 2142 3985; x_wconf 88' lang='lat' dir='ltr'><strong><em>multa</em></strong></span> <span class='ocrx_word' id='word_1_758' title='bbox 2195 3930 2383 3999; x_wconf 86' lang='lat' dir='ltr'><strong><em>plenus</em></strong></span> <span class='ocrx_word' id='word_1_759' title='bbox 2411 3932 2698 3999; x_wconf 85' lang='lat' dir='ltr'><strong><em>sapientia,</em></strong></span> <span class='ocrx_word' id='word_1_760' title='bbox 2731 3932 3202 4002; x_wconf 86' lang='lat' dir='ltr'><strong><em>incomparabilem</em></strong></span> <span class='ocrx_word' id='word_1_761' title='bbox 3246 3932 3338 3987; x_wconf 83' lang='lat' dir='ltr'><strong><em>Dei</em></strong></span> <span class='ocrx_word' id='word_1_762' title='bbox 3389 3934 3574 3987; x_wconf 69' lang='lat' dir='ltr'><strong><em>excel-</em></strong></span> 
     </span>
    </p>
   </div>
   <div class='ocr_carea' id='block_1_101' title="bbox 1975 4020 3572 4091">
    <p class='ocr_par' dir='ltr' id='par_1_101' title="bbox 1975 4020 3572 4091">
     <span class='ocr_line' id='line_1_101' title="bbox 1975 4020 3572 4091; baseline 0.002 -17"><span class='ocrx_word' id='word_1_763' title='bbox 1975 4020 2221 4088; x_wconf 86' lang='lat' dir='ltr'><strong><em>lentiam,</em></strong></span> <span class='ocrx_word' id='word_1_764' title='bbox 2250 4021 2514 4091; x_wconf 90' lang='lat' dir='ltr'><strong><em>simulque</em></strong></span> <span class='ocrx_word' id='word_1_765' title='bbox 2541 4021 2788 4078; x_wconf 67' lang='lat' dir='ltr'><strong><em>humana:</em></strong></span> <span class='ocrx_word' id='word_1_766' title='bbox 2814 4033 3016 4078; x_wconf 65' lang='lat' dir='ltr'><strong><em>naturae</em></strong></span> <span class='ocrx_word' id='word_1_767' title='bbox 3042 4024 3295 4077; x_wconf 88' lang='lat' dir='ltr'><strong><em>vilitatem</em></strong></span> <span class='ocrx_word' id='word_1_768' title='bbox 3326 4024 3572 4088; x_wconf 86' lang='lat' dir='ltr'><strong><em>intuitus,</em></strong></span> 
     </span>
    </p>
   </div>
   <div class='ocr_carea' id='block_1_102' title="bbox 1974 4112 3573 4185">
    <p class='ocr_par' dir='ltr' id='par_1_102' title="bbox 1974 4112 3573 4185">
     <span class='ocr_line' id='line_1_102' title="bbox 1974 4112 3573 4185; baseline 0.001 -18"><span class='ocrx_word' id='word_1_769' title='bbox 1974 4112 2385 4183; x_wconf 87' lang='lat' dir='ltr'><strong><em>indignatusque</em></strong></span> <span class='ocrx_word' id='word_1_770' title='bbox 2422 4114 2680 4169; x_wconf 70' lang='lat' dir='ltr'><strong><em>adt/ersus</em></strong></span> <span class='ocrx_word' id='word_1_771' title='bbox 2709 4130 2804 4169; x_wconf 90' lang='lat' dir='ltr'><strong><em>eos</em></strong></span> <span class='ocrx_word' id='word_1_772' title='bbox 2834 4116 2923 4185; x_wconf 92' lang='lat' dir='ltr'><strong><em>qui</em></strong></span> <span class='ocrx_word' id='word_1_773' title='bbox 2966 4116 3082 4185; x_wconf 89' lang='lat' dir='ltr'><strong><em>ejus</em></strong></span> <span class='ocrx_word' id='word_1_774' title='bbox 3116 4116 3573 4185; x_wconf 74' lang='lat' dir='ltr'><strong><em>dispensationem</em></strong></span> 
     </span>
    </p>
   </div>
   <div class='ocr_carea' id='block_1_103' title="bbox 1972 4203 3571 4275">
    <p class='ocr_par' dir='ltr' id='par_1_103' title="bbox 1972 4203 3571 4275">
     <span class='ocr_line' id='line_1_103' title="bbox 1972 4203 3571 4275; baseline 0.003 -17"><span class='ocrx_word' id='word_1_775' title='bbox 1972 4203 2238 4259; x_wconf 89' lang='lat' dir='ltr'><strong><em>curiosius</em></strong></span> <span class='ocrx_word' id='word_1_776' title='bbox 2263 4206 2630 4275; x_wconf 80' lang='lat' dir='ltr'><strong><em>explorarent,</em></strong></span> <span class='ocrx_word' id='word_1_777' title='bbox 2654 4222 2766 4260; x_wconf 89' lang='lat' dir='ltr'><strong><em>rem</em></strong></span> <span class='ocrx_word' id='word_1_778' title='bbox 2800 4207 3026 4261; x_wconf 86' lang='lat' dir='ltr'><strong><em>moleste</em></strong></span> <span class='ocrx_word' id='word_1_779' title='bbox 3057 4206 3239 4262; x_wconf 85' lang='lat' dir='ltr'><strong><em>ferens</em></strong></span> <span class='ocrx_word' id='word_1_780' title='bbox 3264 4222 3385 4262; x_wconf 89' lang='lat' dir='ltr'><strong><em>cum</em></strong></span> <span class='ocrx_word' id='word_1_781' title='bbox 3406 4209 3571 4263; x_wconf 84' lang='lat' dir='ltr'><strong><em>multa</em></strong></span> 
     </span>
    </p>
   </div>
   <div class='ocr_carea' id='block_1_104' title="bbox 1970 4294 3575 4371">
    <p class='ocr_par' dir='ltr' id='par_1_104' title="bbox 1970 4294 3575 4371">
     <span class='ocr_line' id='line_1_104' title="bbox 1970 4294 3575 4371; baseline 0.003 -22"><span class='ocrx_word' id='word_1_782' title='bbox 1970 4294 2313 4351; x_wconf 81' lang='lat' dir='ltr'><strong><em>vehementia</em></strong></span> <span class='ocrx_word' id='word_1_783' title='bbox 2343 4296 2591 4351; x_wconf 86' lang='lat' dir='ltr'><strong><em>dicebat:</em></strong></span> <span class='ocrx_word' id='word_1_784' title='bbox 2628 4295 2674 4350; x_wconf 90' lang='lat'><em>0</em></span> <span class='ocrx_word' id='word_1_785' title='bbox 2710 4297 2880 4362; x_wconf 84' lang='lat' dir='ltr'><strong><em>homo,</em></strong></span> <span class='ocrx_word' id='word_1_786' title='bbox 2912 4309 2965 4351; x_wconf 89' lang='lat' dir='ltr'><strong><em>tu</em></strong></span> <span class='ocrx_word' id='word_1_787' title='bbox 2995 4300 3107 4366; x_wconf 87' lang='lat' dir='ltr'><strong><em>quis</em></strong></span> <span class='ocrx_word' id='word_1_788' title='bbox 3128 4316 3179 4352; x_wconf 91' lang='lat' dir='ltr'><strong><em>es</em></strong></span> <span class='ocrx_word' id='word_1_789' title='bbox 3205 4342 3219 4366; x_wconf 89' lang='lat'><strong><em>,</em></strong></span> <span class='ocrx_word' id='word_1_790' title='bbox 3248 4300 3335 4369; x_wconf 62' lang='lat' dir='ltr'><strong><em>qui</em></strong></span> <span class='ocrx_word' id='word_1_791' title='bbox 3361 4316 3575 4371; x_wconf 85' lang='lat' dir='ltr'><strong><em>respon-</em></strong></span> 
     </span>
    </p>
   </div>
   <div class='ocr_carea' id='block_1_105' title="bbox 1971 4385 3569 4461">
    <p class='ocr_par' dir='ltr' id='par_1_105' title="bbox 1971 4385 3569 4461">
     <span class='ocr_line' id='line_1_105' title="bbox 1971 4385 3569 4461; baseline 0.001 -21"><span class='ocrx_word' id='word_1_792' title='bbox 1971 4387 2093 4441; x_wconf 88' lang='lat' dir='ltr'><strong><em>deas</em></strong></span> <span class='ocrx_word' id='word_1_793' title='bbox 2119 4385 2231 4441; x_wconf 89' lang='lat' dir='ltr'><strong><em>Deo</em></strong></span> <span class='ocrx_word' id='word_1_794' title='bbox 2253 4387 2428 4459; x_wconf 85' lang='lat' dir='ltr'><strong><em>(Rom.</em></strong></span> <span class='ocrx_word' id='word_1_795' title='bbox 2460 4386 2514 4442; x_wconf 78' lang='lat'><strong><em>9.</em></strong></span> <span class='ocrx_word' id='word_1_796' title='bbox 2542 4387 2672 4459; x_wconf 72' lang='lat'><strong><em>9.0)?</em></strong></span> <span class='ocrx_word' id='word_1_797' title='bbox 2702 4387 2780 4442; x_wconf 89' lang='lat' dir='ltr'><strong><em>Tu</em></strong></span> <span class='ocrx_word' id='word_1_798' title='bbox 2808 4388 2928 4458; x_wconf 87' lang='lat' dir='ltr'><strong><em>quis</em></strong></span> <span class='ocrx_word' id='word_1_799' title='bbox 2958 4390 3056 4444; x_wconf 81' lang='lat' dir='ltr'><strong><em>es?</em></strong></span> <span class='ocrx_word' id='word_1_800' title='bbox 3084 4391 3255 4461; x_wconf 86' lang='lat' dir='ltr'><strong><em>cogita</em></strong></span> <span class='ocrx_word' id='word_1_801' title='bbox 3287 4392 3433 4461; x_wconf 87' lang='lat' dir='ltr'><strong><em>prius</em></strong></span> <span class='ocrx_word' id='word_1_802' title='bbox 3474 4406 3569 4445; x_wconf 84' lang='lat' dir='ltr'><strong><em>na-</em></strong></span> 
     </span>
    </p>
   </div>
   <div class='ocr_carea' id='block_1_106' title="bbox 1973 4478 3571 4554">
    <p class='ocr_par' dir='ltr' id='par_1_106' title="bbox 1973 4478 3571 4554">
     <span class='ocr_line' id='line_1_106' title="bbox 1973 4478 3571 4554; baseline 0.004 -25"><span class='ocrx_word' id='word_1_803' title='bbox 1973 4486 2145 4530; x_wconf 89' lang='lat' dir='ltr'><strong><em>turam</em></strong></span> <span class='ocrx_word' id='word_1_804' title='bbox 2177 4486 2319 4530; x_wconf 87' lang='lat' dir='ltr'><strong><em>tuam</em></strong></span> <span class='ocrx_word' id='word_1_805' title='bbox 2347 4494 2359 4529; x_wconf 90' lang='lat'><strong>:</strong></span> <span class='ocrx_word' id='word_1_806' title='bbox 2395 4478 2600 4531; x_wconf 89' lang='lat' dir='ltr'><strong><em>nullum</em></strong></span> <span class='ocrx_word' id='word_1_807' title='bbox 2630 4479 2829 4554; x_wconf 77' lang='lat' dir='ltr'><strong><em>quippe</em></strong></span> <span class='ocrx_word' id='word_1_808' title='bbox 2858 4495 3055 4534; x_wconf 88' lang='lat' dir='ltr'><strong><em>nomen</em></strong></span> <span class='ocrx_word' id='word_1_809' title='bbox 3086 4490 3263 4551; x_wconf 88' lang='lat' dir='ltr'><strong><em>potest</em></strong></span> <span class='ocrx_word' id='word_1_810' title='bbox 3310 4492 3452 4536; x_wconf 88' lang='lat' dir='ltr'><strong><em>tuam</em></strong></span> <span class='ocrx_word' id='word_1_811' title='bbox 3492 4484 3571 4535; x_wconf 89' lang='lat' dir='ltr'><strong><em>vi-</em></strong></span> 
     </span>
    </p>
   </div>
   <div class='ocr_carea' id='block_1_107' title="bbox 1969 4566 2499 4624">
    <p class='ocr_par' dir='ltr' id='par_1_107' title="bbox 1969 4566 2499 4624">
     <span class='ocr_line' id='line_1_107' title="bbox 1969 4566 2499 4624; baseline 0.002 -4"><span class='ocrx_word' id='word_1_812' title='bbox 1969 4566 2172 4621; x_wconf 86' lang='lat' dir='ltr'><strong><em>litatem</em></strong></span> <span class='ocrx_word' id='word_1_813' title='bbox 2200 4567 2499 4624; x_wconf 86' lang='lat' dir='ltr'><strong><em>declarare.</em></strong></span> 
     </span>
    </p>
   </div>
   <div class='ocr_carea' id='block_1_108' title="bbox 2039 4657 3571 4735">
    <p class='ocr_par' dir='ltr' id='par_1_108' title="bbox 2039 4657 3571 4735">
     <span class='ocr_line' id='line_1_108' title="bbox 2039 4657 3571 4735; baseline 0.004 -22"><span class='ocrx_word' id='word_1_814' title='bbox 2039 4659 2093 4713; x_wconf 77' lang='lat'><strong><em>5.</em></strong></span> <span class='ocrx_word' id='word_1_815' title='bbox 2127 4657 2443 4713; x_wconf 80' lang='lat' dir='ltr'><strong><em>Contumelia</em></strong></span> <span class='ocrx_word' id='word_1_816' title='bbox 2484 4660 2650 4714; x_wconf 88' lang='lat' dir='ltr'><strong><em>Deum</em></strong></span> <span class='ocrx_word' id='word_1_817' title='bbox 2692 4662 2857 4733; x_wconf 80' lang='lat' dir='ltr'><strong><em>afﬁcit</em></strong></span> <span class='ocrx_word' id='word_1_818' title='bbox 2880 4664 2922 4717; x_wconf 88' lang='lat' dir='ltr'><strong><em>is</em></strong></span> <span class='ocrx_word' id='word_1_819' title='bbox 2948 4665 3035 4735; x_wconf 84' lang='lat' dir='ltr'><strong><em>qui</em></strong></span> <span class='ocrx_word' id='word_1_820' title='bbox 3077 4667 3413 4719; x_wconf 85' lang='lat' dir='ltr'><strong><em>substantiam</em></strong></span> <span class='ocrx_word' id='word_1_821' title='bbox 3460 4667 3571 4734; x_wconf 76' lang='lat' dir='ltr'><strong><em>eius</em></strong></span> 
     </span>
    </p>
   </div>
   <div class='ocr_carea' id='block_1_109' title="bbox 1968 4748 3567 4820">
    <p class='ocr_par' dir='ltr' id='par_1_109' title="bbox 1968 4748 3567 4820">
     <span class='ocr_line' id='line_1_109' title="bbox 1968 4748 3567 4820; baseline 0.006 -19"><span class='ocrx_word' id='word_1_822' title='bbox 1968 4748 2216 4802; x_wconf 85' lang='lat' dir='ltr'><strong><em>curiosius</em></strong></span> <span class='ocrx_word' id='word_1_823' title='bbox 2253 4749 2503 4818; x_wconf 75' lang='lat' dir='ltr'><strong><em>explorat.</em></strong></span> <span class='ocrx_word' id='word_1_824' title='bbox 2535 4780 2609 4790; x_wconf 95' lang='lat'><strong>—</strong></span> <span class='ocrx_word' id='word_1_825' title='bbox 2635 4750 2708 4805; x_wconf 82' lang='lat' dir='ltr'><strong><em>At</em></strong></span> <span class='ocrx_word' id='word_1_826' title='bbox 2751 4751 2920 4820; x_wconf 87' lang='lat' dir='ltr'><strong><em>dices,</em></strong></span> <span class='ocrx_word' id='word_1_827' title='bbox 2944 4754 3119 4809; x_wconf 88' lang='lat' dir='ltr'><strong><em>llomo</em></strong></span> <span class='ocrx_word' id='word_1_828' title='bbox 3155 4771 3271 4809; x_wconf 88' lang='lat' dir='ltr'><strong><em>sum</em></strong></span> <span class='ocrx_word' id='word_1_829' title='bbox 3320 4756 3567 4811; x_wconf 87' lang='lat' dir='ltr'><strong><em>libertate</em></strong></span> 
     </span>
    </p>
   </div>
   <div class='ocr_carea' id='block_1_110' title="bbox 1966 4837 3570 4910">
    <p class='ocr_par' dir='ltr' id='par_1_110' title="bbox 1966 4837 3570 4910">
     <span class='ocr_line' id='line_1_110' title="bbox 1966 4837 3570 4910; baseline 0.006 -18"><span class='ocrx_word' id='word_1_830' title='bbox 1966 4837 2282 4894; x_wconf 90' lang='lat' dir='ltr'><strong><em>honoratus.</em></strong></span> <span class='ocrx_word' id='word_1_831' title='bbox 2306 4840 2466 4910; x_wconf 85' lang='lat' dir='ltr'><strong><em>Atqui</em></strong></span> <span class='ocrx_word' id='word_1_832' title='bbox 2498 4840 2793 4896; x_wconf 86' lang='lat' dir='ltr'><strong><em>honoratus</em></strong></span> <span class='ocrx_word' id='word_1_833' title='bbox 2813 4857 2892 4909; x_wconf 89' lang='lat' dir='ltr'><strong><em>es,</em></strong></span> <span class='ocrx_word' id='word_1_834' title='bbox 2924 4858 3030 4899; x_wconf 90' lang='lat' dir='ltr'><strong><em>non</em></strong></span> <span class='ocrx_word' id='word_1_835' title='bbox 3053 4854 3110 4899; x_wconf 93' lang='lat' dir='ltr'><strong><em>ut</em></strong></span> <span class='ocrx_word' id='word_1_836' title='bbox 3137 4861 3198 4901; x_wconf 86' lang='lat' dir='ltr'><strong><em>ea</em></strong></span> <span class='ocrx_word' id='word_1_837' title='bbox 3224 4847 3470 4901; x_wconf 82' lang='lat' dir='ltr'><strong><em>libertate</em></strong></span> <span class='ocrx_word' id='word_1_838' title='bbox 3499 4849 3570 4902; x_wconf 88' lang='lat' dir='ltr'><strong><em>ad</em></strong></span> 
     </span>
    </p>
   </div>
   <div class='ocr_carea' id='block_1_111' title="bbox 1967 4930 3566 5008">
    <p class='ocr_par' dir='ltr' id='par_1_111' title="bbox 1967 4930 3566 5008">
     <span class='ocr_line' id='line_1_111' title="bbox 1967 4930 3566 5008; baseline 0.006 -24"><span class='ocrx_word' id='word_1_839' title='bbox 1967 4930 2392 5001; x_wconf 89' lang='lat' dir='ltr'><strong><em>repugnandum,</em></strong></span> <span class='ocrx_word' id='word_1_840' title='bbox 2421 4931 2518 4986; x_wconf 83' lang='lat' dir='ltr'><strong><em>sed</em></strong></span> <span class='ocrx_word' id='word_1_841' title='bbox 2561 4941 2621 4987; x_wconf 92' lang='lat' dir='ltr'><strong><em>ut</em></strong></span> <span class='ocrx_word' id='word_1_842' title='bbox 2666 4933 2758 4988; x_wconf 92' lang='lat' dir='ltr'><strong><em>illo</em></strong></span> <span class='ocrx_word' id='word_1_843' title='bbox 2804 4934 3009 4991; x_wconf 90' lang='lat' dir='ltr'><strong><em>honore</em></strong></span> <span class='ocrx_word' id='word_1_844' title='bbox 3052 4937 3118 4990; x_wconf 89' lang='lat' dir='ltr'><strong><em>ad</em></strong></span> <span class='ocrx_word' id='word_1_845' title='bbox 3165 4937 3566 5008; x_wconf 87' lang='lat' dir='ltr'><strong><em>obsequendum</em></strong></span> 
     </span>
    </p>
   </div>
   <div class='ocr_carea' id='block_1_112' title="bbox 1964 5022 3563 5097">
    <p class='ocr_par' dir='ltr' id='par_1_112' title="bbox 1964 5022 3563 5097">
     <span class='ocr_line' id='line_1_112' title="bbox 1964 5022 3563 5097; baseline 0.006 -20"><span class='ocrx_word' id='word_1_846' title='bbox 1964 5022 2285 5088; x_wconf 85' lang='lat' dir='ltr'><strong><em>honoranti,</em></strong></span> <span class='ocrx_word' id='word_1_847' title='bbox 2344 5032 2397 5078; x_wconf 91' lang='lat' dir='ltr'><strong><em>te</em></strong></span> <span class='ocrx_word' id='word_1_848' title='bbox 2438 5026 2689 5080; x_wconf 87' lang='lat' dir='ltr'><strong><em>utereris.</em></strong></span> <span class='ocrx_word' id='word_1_849' title='bbox 2732 5025 3024 5082; x_wconf 85' lang='lat' dir='ltr'><strong><em>llonoravit</em></strong></span> <span class='ocrx_word' id='word_1_850' title='bbox 3070 5037 3123 5083; x_wconf 90' lang='lat' dir='ltr'><strong><em>te</em></strong></span> <span class='ocrx_word' id='word_1_851' title='bbox 3170 5030 3329 5097; x_wconf 89' lang='lat' dir='ltr'><strong><em>Deus,</em></strong></span> <span class='ocrx_word' id='word_1_852' title='bbox 3365 5047 3468 5084; x_wconf 90' lang='lat' dir='ltr'><strong><em>non</em></strong></span> <span class='ocrx_word' id='word_1_853' title='bbox 3511 5044 3563 5087; x_wconf 89' lang='lat' dir='ltr'><strong><em>nt</em></strong></span> 
     </span>
    </p>
   </div>
   <div class='ocr_carea' id='block_1_113' title="bbox 2028 5115 3569 5179">
    <p class='ocr_par' dir='ltr' id='par_1_113' title="bbox 2028 5115 3569 5179">
     <span class='ocr_line' id='line_1_113' title="bbox 2028 5115 3569 5179; baseline 0.003 -17"><span class='ocrx_word' id='word_1_854' title='bbox 2028 5115 2046 5146; x_wconf 74' lang='grc' dir='ltr'>ι</span> <span class='ocrx_word' id='word_1_855' title='bbox 2081 5122 2242 5179; x_wconf 87' lang='lat' dir='ltr'><strong><em>Longe</em></strong></span> <span class='ocrx_word' id='word_1_856' title='bbox 2267 5116 2501 5179; x_wconf 82' lang='lat' dir='ltr'><strong><em>majorem</em></strong></span> <span class='ocrx_word' id='word_1_857' title='bbox 2533 5118 2757 5179; x_wconf 85' lang='lat' dir='ltr'><strong><em>gentium</em></strong></span> <span class='ocrx_word' id='word_1_858' title='bbox 2781 5120 3205 5170; x_wconf 85' lang='lat' dir='ltr'><strong><em>enumerationem</em></strong></span> <span class='ocrx_word' id='word_1_859' title='bbox 3221 5122 3399 5172; x_wconf 81' lang='lat' dir='ltr'><strong><em>extulit</em></strong></span> <span class='ocrx_word' id='word_1_860' title='bbox 3425 5125 3474 5172; x_wconf 77' lang='lat' dir='ltr'><strong><em>in</em></strong></span> <span class='ocrx_word' id='word_1_861' title='bbox 3496 5123 3569 5170; x_wconf 80' lang='lat' dir='ltr'><strong><em>.in-</em></strong></span> 
     </span>
    </p>
   </div>
   <div class='ocr_carea' id='block_1_114' title="bbox 1962 5177 3568 5245">
    <p class='ocr_par' dir='ltr' id='par_1_114' title="bbox 1962 5177 3568 5245">
     <span class='ocr_line' id='line_1_114' title="bbox 1962 5177 3568 5245; baseline 0.004 -19"><span class='ocrx_word' id='word_1_862' title='bbox 1962 5177 2320 5245; x_wconf 79' lang='lat' dir='ltr'><strong><em>terpretatione</em></strong></span> <span class='ocrx_word' id='word_1_863' title='bbox 2337 5177 2427 5226; x_wconf 76' lang='lat' dir='ltr'><strong><em>Sua</em></strong></span> <span class='ocrx_word' id='word_1_864' title='bbox 2447 5177 2732 5245; x_wconf 56' lang='lat' dir='ltr'><strong><em>&#39;l&#39;hebdorus</em></strong></span> <span class='ocrx_word' id='word_1_865' title='bbox 2758 5186 2873 5228; x_wconf 82' lang='lat' dir='ltr'><strong><em>Gaza</em></strong></span> <span class='ocrx_word' id='word_1_866' title='bbox 2894 5194 2909 5240; x_wconf 88' lang='lat'><strong>;</strong></span> <span class='ocrx_word' id='word_1_867' title='bbox 2934 5195 3113 5244; x_wconf 88' lang='lat' dir='ltr'><strong><em>nempe</em></strong></span> <span class='ocrx_word' id='word_1_868' title='bbox 3135 5184 3234 5232; x_wconf 88' lang='lat' dir='ltr'><strong><em>sic:</em></strong></span> <span class='ocrx_word' id='word_1_869' title='bbox 3259 5192 3420 5245; x_wconf 62' lang='grc' dir='ltr'><strong><em>δεμ-οδ,</em></strong></span> <span class='ocrx_word' id='word_1_870' title='bbox 3447 5183 3568 5233; x_wconf 87' lang='lat' dir='ltr'><strong><em>(‘ili-</em></strong></span> 
     </span>
    </p>
   </div>
   <div class='ocr_carea' id='block_1_115' title="bbox 1960 5236 3568 5313">
    <p class='ocr_par' dir='ltr' id='par_1_115' title="bbox 1960 5236 3568 5313">
     <span class='ocr_line' id='line_1_115' title="bbox 1960 5236 3568 5313; baseline 0.005 -26"><span class='ocrx_word' id='word_1_871' title='bbox 1960 5236 2059 5309; x_wconf 75' lang='lat' dir='ltr'><strong><em>ces,</em></strong></span> <span class='ocrx_word' id='word_1_872' title='bbox 2082 5238 2409 5313; x_wconf 66' lang='lat' dir='ltr'><strong><em>Cappadoces,</em></strong></span> <span class='ocrx_word' id='word_1_873' title='bbox 2459 5236 2704 5313; x_wconf 75' lang='lat' dir='ltr'><strong><em>trithynos,</em></strong></span> <span class='ocrx_word' id='word_1_874' title='bbox 2745 5236 2921 5313; x_wconf 74' lang='lat' dir='ltr'><strong><em>Mysos,</em></strong></span> <span class='ocrx_word' id='word_1_875' title='bbox 2966 5236 3206 5313; x_wconf 61' lang='grc' dir='ltr'><strong><em>ΙῖιυτειῃειςἸ</em></strong></span> <span class='ocrx_word' id='word_1_876' title='bbox 3228 5236 3450 5303; x_wconf 60' lang='grc' dir='ltr'><strong><em>Μῶοηεὲ,</em></strong></span> <span class='ocrx_word' id='word_1_877' title='bbox 3480 5255 3568 5313; x_wconf 69' lang='lat' dir='ltr'><strong><em>(.y-</em></strong></span> 
     </span>
    </p>
   </div>
   <div class='ocr_carea' id='block_1_116' title="bbox 1959 5298 3565 5372">
    <p class='ocr_par' dir='ltr' id='par_1_116' title="bbox 1959 5298 3565 5372">
     <span class='ocr_line' id='line_1_116' title="bbox 1959 5298 3565 5372; baseline 0.005 -24"><span class='ocrx_word' id='word_1_878' title='bbox 1959 5302 2088 5372; x_wconf 47' lang='lat' dir='ltr'><strong><em>cies,</em></strong></span> <span class='ocrx_word' id='word_1_879' title='bbox 2102 5298 2426 5372; x_wconf 73' lang='lat' dir='ltr'><strong><em>Pranphylios,</em></strong></span> <span class='ocrx_word' id='word_1_880' title='bbox 2457 5298 2606 5372; x_wconf 69' lang='lat' dir='ltr'><strong><em>Iones,</em></strong></span> <span class='ocrx_word' id='word_1_881' title='bbox 2634 5298 2881 5372; x_wconf 67' lang='lat' dir='ltr'><strong><em>Assyn&#39;os_,__</em></strong></span> <span class='ocrx_word' id='word_1_882' title='bbox 2896 5298 3091 5365; x_wconf 49' lang='lat' dir='ltr'><strong><em>arabes:</em></strong></span> <span class='ocrx_word' id='word_1_883' title='bbox 3098 5298 3291 5366; x_wconf 59' lang='lat' dir='ltr'><strong><em>&quot;Indos,</em></strong></span> <span class='ocrx_word' id='word_1_884' title='bbox 3305 5298 3565 5372; x_wconf 52' lang='lat' dir='ltr'><strong><em>ﬁgi/utilis,</em></strong></span> 
     </span>
    </p>
   </div>
   <div class='ocr_carea' id='block_1_117' title="bbox 1959 5361 3561 5431">
    <p class='ocr_par' dir='ltr' id='par_1_117' title="bbox 1959 5361 3561 5431">
     <span class='ocr_line' id='line_1_117' title="bbox 1959 5361 3561 5431; baseline 0.004 -19"><span class='ocrx_word' id='word_1_885' title='bbox 1959 5361 2430 5431; x_wconf 58' lang='grc' dir='ltr'><strong><em>ΑΞιΙιὶορρδίιιὼηοδ,</em></strong></span> <span class='ocrx_word' id='word_1_886' title='bbox 2473 5361 2740 5431; x_wconf 62' lang='lat' dir='ltr'><strong><em>Hispanos;</em></strong></span> <span class='ocrx_word' id='word_1_887' title='bbox 2772 5361 2948 5427; x_wconf 82' lang='lat' dir='ltr'><strong><em>Gallos,</em></strong></span> <span class='ocrx_word' id='word_1_888' title='bbox 2972 5361 3275 5431; x_wconf 15' lang='grc' dir='ltr'><strong><em>ίσεζκὶηωιοδί</em></strong></span> <span class='ocrx_word' id='word_1_889' title='bbox 3295 5361 3561 5431; x_wconf 55' lang='lat' dir='ltr'><strong><em>sail—tiam,</em></strong></span> 
     </span>
    </p>
   </div>
   <div class='ocr_carea' id='block_1_118' title="bbox 1959 5428 3565 5495">
    <p class='ocr_par' dir='ltr' id='par_1_118' title="bbox 1959 5428 3565 5495">
     <span class='ocr_line' id='line_1_118' title="bbox 1959 5428 3565 5495; baseline 0.006 -23"><span class='ocrx_word' id='word_1_890' title='bbox 1959 5428 2244 5495; x_wconf 58' lang='lat' dir='ltr'><strong><em>Ijannonios,</em></strong></span> <span class='ocrx_word' id='word_1_891' title='bbox 2269 5430 2593 5495; x_wconf 61' lang='lat' dir='ltr'><strong><em>Sauromatas,</em></strong></span> <span class='ocrx_word' id='word_1_892' title='bbox 2617 5434 2926 5490; x_wconf 74' lang='lat' dir='ltr'><strong><em>Massagetas,</em></strong></span> <span class='ocrx_word' id='word_1_893' title='bbox 2946 5428 3150 5495; x_wconf 72' lang='lat' dir='ltr'><strong><em>denique</em></strong></span> <span class='ocrx_word' id='word_1_894' title='bbox 3163 5443 3326 5495; x_wconf 78' lang='lat' dir='ltr'><strong><em>ontnes</em></strong></span> <span class='ocrx_word' id='word_1_895' title='bbox 3351 5430 3565 5495; x_wconf 76' lang='lat' dir='ltr'><strong><em>Scythas,</em></strong></span> 
     </span>
    </p>
   </div>
   <div class='ocr_carea' id='block_1_119' title="bbox 1957 5484 3557 5552">
    <p class='ocr_par' dir='ltr' id='par_1_119' title="bbox 1957 5484 3557 5552">
     <span class='ocr_line' id='line_1_119' title="bbox 1957 5484 3557 5552; baseline 0.004 -16"><span class='ocrx_word' id='word_1_896' title='bbox 1957 5485 2276 5552; x_wconf 72' lang='lat' dir='ltr'><strong><em>degentesqne</em></strong></span> <span class='ocrx_word' id='word_1_897' title='bbox 2298 5484 2427 5552; x_wconf 84' lang='lat' dir='ltr'><strong><em>ultra</em></strong></span> <span class='ocrx_word' id='word_1_898' title='bbox 2440 5485 2722 5552; x_wconf 49' lang='lat' dir='ltr'><strong><em>aquilonem</em></strong></span> <span class='ocrx_word' id='word_1_899' title='bbox 2748 5484 2902 5540; x_wconf 56' lang='lat' dir='ltr'><strong><em>frtem</em></strong></span> <span class='ocrx_word' id='word_1_900' title='bbox 2914 5484 2958 5537; x_wconf 67' lang='grc' dir='ltr'><em>Α</em></span> <span class='ocrx_word' id='word_1_901' title='bbox 2967 5484 3146 5551; x_wconf 71' lang='lat' dir='ltr'><strong><em>iban&#39;os,</em></strong></span> <span class='ocrx_word' id='word_1_902' title='bbox 3158 5492 3336 5552; x_wconf 86' lang='lat' dir='ltr'><strong><em>Iberos,</em></strong></span> <span class='ocrx_word' id='word_1_903' title='bbox 3348 5484 3557 5542; x_wconf 47' lang='lat' dir='ltr'><strong><em>(triatria:</em></strong></span> 
     </span>
    </p>
   </div>
   <div class='ocr_carea' id='block_1_120' title="bbox 1952 5546 3565 5618">
    <p class='ocr_par' dir='ltr' id='par_1_120' title="bbox 1952 5546 3565 5618">
     <span class='ocr_line' id='line_1_120' title="bbox 1952 5546 3565 5618; baseline 0.007 -24"><span class='ocrx_word' id='word_1_904' title='bbox 1952 5546 2324 5618; x_wconf 47' lang='lat' dir='ltr'><strong><em>@3,.Qas}1€08,</em></strong></span> <span class='ocrx_word' id='word_1_905' title='bbox 2362 5546 2547 5610; x_wconf 70' lang='lat' dir='ltr'><strong><em>Medos,</em></strong></span> <span class='ocrx_word' id='word_1_906' title='bbox 2583 5557 2778 5618; x_wconf 71' lang='lat' dir='ltr'><strong><em>Persas,</em></strong></span> <span class='ocrx_word' id='word_1_907' title='bbox 2817 5555 3021 5618; x_wconf 75' lang='lat' dir='ltr'><strong><em>Parthos</em></strong></span> <span class='ocrx_word' id='word_1_908' title='bbox 3038 5586 3055 5611; x_wconf 89' lang='lat'><strong><em>,</em></strong></span> <span class='ocrx_word' id='word_1_909' title='bbox 3102 5546 3348 5605; x_wconf 71' lang='lat' dir='ltr'><strong><em>Armenios</em></strong></span> <span class='ocrx_word' id='word_1_910' title='bbox 3366 5589 3382 5615; x_wconf 90' lang='lat'><strong><em>,</em></strong></span> <span class='ocrx_word' id='word_1_911' title='bbox 3423 5554 3565 5606; x_wconf 71' lang='lat' dir='ltr'><strong><em>Ponti</em></strong></span> 
     </span>
    </p>
   </div>
   <div class='ocr_carea' id='block_1_121' title="bbox 1958 5607 3563 5677">
    <p class='ocr_par' dir='ltr' id='par_1_121' title="bbox 1958 5607 3563 5677">
     <span class='ocr_line' id='line_1_121' title="bbox 1958 5607 3563 5677; baseline 0.006 -19"><span class='ocrx_word' id='word_1_912' title='bbox 1958 5607 2137 5658; x_wconf 72' lang='lat' dir='ltr'><strong><em>Euxini</em></strong></span> <span class='ocrx_word' id='word_1_913' title='bbox 2158 5607 3067 5677; x_wconf 56' lang='lat' dir='ltr'><strong><em>ticirws_qnuws&#39;_etineolds,_1hz‘aces,</em></strong></span> <span class='ocrx_word' id='word_1_914' title='bbox 3094 5607 3401 5677; x_wconf 74' lang='lat' dir='ltr'><strong><em>Macedonas,</em></strong></span> <span class='ocrx_word' id='word_1_915' title='bbox 3426 5624 3563 5667; x_wconf 71' lang='lat' dir='ltr'><strong><em>ara:-</em></strong></span> 
     </span>
    </p>
   </div>
   <div class='ocr_carea' id='block_1_122' title="bbox 1956 5671 3561 5737">
    <p class='ocr_par' dir='ltr' id='par_1_122' title="bbox 1956 5671 3561 5737">
     <span class='ocr_line' id='line_1_122' title="bbox 1956 5671 3561 5737; baseline 0.005 -17"><span class='ocrx_word' id='word_1_916' title='bbox 1956 5683 2036 5737; x_wconf 78' lang='lat' dir='ltr'><strong><em>cos</em></strong></span> <span class='ocrx_word' id='word_1_917' title='bbox 2058 5682 2258 5737; x_wconf 83' lang='lat' dir='ltr'><strong><em>onmes;</em></strong></span> <span class='ocrx_word' id='word_1_918' title='bbox 2280 5671 2412 5722; x_wconf 84' lang='lat' dir='ltr'><strong><em>adde</em></strong></span> <span class='ocrx_word' id='word_1_919' title='bbox 2457 5674 2677 5737; x_wconf 59' lang='lat' dir='ltr'><strong><em>Epirum,</em></strong></span> <span class='ocrx_word' id='word_1_920' title='bbox 2718 5671 2942 5737; x_wconf 60' lang='lat' dir='ltr'><strong><em>Daciam,</em></strong></span> <span class='ocrx_word' id='word_1_921' title='bbox 2982 5671 3297 5737; x_wconf 76' lang='lat' dir='ltr'><strong><em>Dalmatiam,</em></strong></span> <span class='ocrx_word' id='word_1_922' title='bbox 3324 5671 3514 5730; x_wconf 78' lang='lat' dir='ltr'><strong><em>Italiam</em></strong></span> <span class='ocrx_word' id='word_1_923' title='bbox 3542 5691 3561 5728; x_wconf 92' lang='lat'><em>:</em></span> 
     </span>
    </p>
   </div>
   <div class='ocr_carea' id='block_1_123' title="bbox 1954 5731 3559 5802">
    <p class='ocr_par' dir='ltr' id='par_1_123' title="bbox 1954 5731 3559 5802">
     <span class='ocr_line' id='line_1_123' title="bbox 1954 5731 3559 5802; baseline 0.006 -21"><span class='ocrx_word' id='word_1_924' title='bbox 1954 5731 2139 5802; x_wconf 77' lang='lat' dir='ltr'><strong><em>insulas</em></strong></span> <span class='ocrx_word' id='word_1_925' title='bbox 2154 5731 2318 5801; x_wconf 80' lang='lat' dir='ltr'><strong><em>omnes</em></strong></span> <span class='ocrx_word' id='word_1_926' title='bbox 2339 5742 2439 5784; x_wconf 88' lang='lat' dir='ltr'><strong><em>tam</em></strong></span> <span class='ocrx_word' id='word_1_927' title='bbox 2459 5731 2705 5802; x_wconf 71' lang='lat' dir='ltr'><strong><em>interioris</em></strong></span> <span class='ocrx_word' id='word_1_928' title='bbox 2749 5731 2938 5799; x_wconf 37' lang='lat' dir='ltr'><strong><em>maris,’</em></strong></span> <span class='ocrx_word' id='word_1_929' title='bbox 2962 5752 3109 5802; x_wconf 82' lang='lat' dir='ltr'><strong><em>quam</em></strong></span> <span class='ocrx_word' id='word_1_930' title='bbox 3144 5731 3426 5801; x_wconf 75' lang='lat' dir='ltr'><strong><em>exterioris,</em></strong></span> <span class='ocrx_word' id='word_1_931' title='bbox 3459 5754 3559 5791; x_wconf 78' lang='lat' dir='ltr'><strong><em>cte-</em></strong></span> 
     </span>
    </p>
   </div>
   <div class='ocr_carea' id='block_1_124' title="bbox 1955 5796 3562 5861">
    <p class='ocr_par' dir='ltr' id='par_1_124' title="bbox 1955 5796 3562 5861">
     <span class='ocr_line' id='line_1_124' title="bbox 1955 5796 3562 5861; baseline 0.006 -17"><span class='ocrx_word' id='word_1_932' title='bbox 1955 5798 2179 5861; x_wconf 79' lang='lat' dir='ltr'><strong><em>terasque</em></strong></span> <span class='ocrx_word' id='word_1_933' title='bbox 2200 5796 2578 5847; x_wconf 86' lang='lat' dir='ltr'><strong><em>innumerabiles</em></strong></span> <span class='ocrx_word' id='word_1_934' title='bbox 2608 5804 2800 5861; x_wconf 86' lang='lat' dir='ltr'><strong><em>gentes,</em></strong></span> <span class='ocrx_word' id='word_1_935' title='bbox 2846 5796 2944 5851; x_wconf 83' lang='lat' dir='ltr'><strong><em>etc.</em></strong></span> <span class='ocrx_word' id='word_1_936' title='bbox 2975 5796 3075 5851; x_wconf 61' lang='lat' dir='ltr'><strong><em>&#39;Sed</em></strong></span> <span class='ocrx_word' id='word_1_937' title='bbox 3112 5804 3280 5852; x_wconf 88' lang='lat' dir='ltr'><strong><em>nescio</em></strong></span> <span class='ocrx_word' id='word_1_938' title='bbox 3319 5796 3450 5852; x_wconf 81' lang='lat' dir='ltr'><strong><em>unde</em></strong></span> <span class='ocrx_word' id='word_1_939' title='bbox 3474 5816 3562 5853; x_wconf 66' lang='lat' dir='ltr'><strong><em>evo</em></strong></span> 
     </span>
    </p>
   </div>
   <div class='ocr_carea' id='block_1_125' title="bbox 1958 5857 3561 5934">
    <p class='ocr_par' dir='ltr' id='par_1_125' title="bbox 1958 5857 3561 5934">
     <span class='ocr_line' id='line_1_125' title="bbox 1958 5857 3561 5934; baseline 0.008 -32"><span class='ocrx_word' id='word_1_940' title='bbox 1958 5857 2197 5934; x_wconf 41' lang='grc' dir='ltr'><strong><em>ξε</em></strong></span> <span class='ocrx_word' id='word_1_941' title='bbox 2218 5860 2593 5934; x_wconf 58' lang='grc' dir='ltr'><strong><em>ριῃρθετςιυίρρβ</em></strong></span> <span class='ocrx_word' id='word_1_942' title='bbox 2608 5857 2928 5934; x_wconf 60' lang='lat' dir='ltr'><strong><em>itanusqipti,</em></strong></span> <span class='ocrx_word' id='word_1_943' title='bbox 2946 5862 3107 5934; x_wconf 75' lang='lat' dir='ltr'><strong><em>Morel.</em></strong></span> <span class='ocrx_word' id='word_1_944' title='bbox 3129 5871 3181 5934; x_wconf 78' lang='lat' dir='ltr'><strong><em>et</em></strong></span> <span class='ocrx_word' id='word_1_945' title='bbox 3198 5862 3339 5915; x_wconf 63' lang='lat' dir='ltr'><strong><em>savii.</em></strong></span> <span class='ocrx_word' id='word_1_946' title='bbox 3358 5865 3561 5927; x_wconf 76' lang='lat' dir='ltr'><strong><em>idipsum</em></strong></span> 
     </span>
    </p>
   </div>
   <div class='ocr_carea' id='block_1_126' title="bbox 1959 5916 3277 5990">
    <p class='ocr_par' dir='ltr' id='par_1_126' title="bbox 1959 5916 3277 5990">
     <span class='ocr_line' id='line_1_126' title="bbox 1959 5916 3277 5990; baseline 0.008 -24"><span class='ocrx_word' id='word_1_947' title='bbox 1959 5916 2186 5981; x_wconf 66' lang='lat' dir='ltr'><strong><em>ederunt,</em></strong></span> <span class='ocrx_word' id='word_1_948' title='bbox 2215 5918 2348 5971; x_wconf 84' lang='lat' dir='ltr'><strong><em>nullo</em></strong></span> <span class='ocrx_word' id='word_1_949' title='bbox 2370 5916 2664 5986; x_wconf 69' lang='lat' dir='ltr'><strong><em>diScrifnine,</em></strong></span> <span class='ocrx_word' id='word_1_950' title='bbox 2692 5923 2820 5985; x_wconf 81' lang='lat' dir='ltr'><strong><em>quod</em></strong></span> <span class='ocrx_word' id='word_1_951' title='bbox 2844 5916 2897 5975; x_wconf 85' lang='lat' dir='ltr'><strong><em>in</em></strong></span> <span class='ocrx_word' id='word_1_952' title='bbox 2916 5916 3057 5976; x_wconf 66' lang='lat' dir='ltr'><strong><em>testu</em></strong></span> <span class='ocrx_word' id='word_1_953' title='bbox 3081 5926 3277 5990; x_wconf 69' lang='lat' dir='ltr'><strong><em>legitur.</em></strong></span> 
     </span>
    </p>
   </div>
  </div>
