4198 6324
707 370 808 425 ηδ

704 486 850 539 illum
871 481 1191 540 contumelia
1223 482 1480 549 afficeres,
1512 483 1605 538 sed
1638 493 1691 537 ut
1716 484 2070 552 gloriﬁcares;
2104 493 2292 538 contu-

700 575 858 630 melia
889 590 1015 630 vero
1042 574 1204 628 afficit
1246 575 1289 628 is
1336 575 1426 644 qui
1476 574 1823 629 substantiam
1870 574 1988 643 ejus
2029 576 2291 629 curiosius

702 666 967 734 explorat.
990 664 1121 719 Nam
1162 666 1228 732 si,
1267 665 1391 719 dum
1438 666 1695 734 promissa
1734 667 1849 735 ejus
1895 682 1998 731 non
2021 669 2286 737 exploras,

700 756 847 809 illum
879 757 1046 826 gloria
1067 755 1267 822 aflicis;
1295 756 1421 810 dum
1476 757 1725 825 exploras
1763 766 1818 811 et
1864 759 2071 813 curiose
2114 761 2287 829 inqui-

700 847 796 914 ris,
841 862 947 902 non
987 848 1278 902 sententias
1322 847 1480 900 modo
1521 849 1658 915 ejus,
1690 849 1781 901 sed
1822 842 1981 903 etiam
2030 866 2151 903 eum
2198 852 2288 920 qui

697 940 843 1009 ipsas
891 940 1108 1009 protulit
1144 940 1406 995 dedecore
1450 940 1637 994 aflicis.
1691 940 1841 1005 Quod
1891 951 2071 996 autem
2119 944 2285 999 Deum

694 1030 1003 1100 gloriﬁcetis
1027 1032 1117 1100 qui
1158 1033 1273 1101 ejus
1322 1032 1581 1101 promissa
1619 1047 1721 1085 non
1762 1033 1971 1087 curiose
2001 1045 2284 1102 scrutatur,

694 1124 817 1177 audi
834 1122 1054 1177 Paulum
1072 1123 1139 1179 de
1165 1126 1468 1179 Abraliamo
1488 1124 1663 1196 deque
1682 1127 1797 1196 ejus
1818 1126 2119 1181 obedientia
2150 1128 2286 1182 fide-

694 1231 798 1282 que
818 1216 871 1269 in
893 1215 1140 1271 omnibus
1170 1215 1432 1271 dicentem
1467 1235 1479 1269 :
1514 1217 1857 1273 Consideratn't
1884 1218 2084 1287 quidem
2105 1234 2287 1289 corpus

693 1322 840 1360 suum
874 1319 1173 1372 emortuum,
1197 1317 1240 1360 et
1285 1316 1565 1361 emortuam
1591 1310 1790 1362 vulvam
1822 1308 1972 1364 Sara:
1994 1327 2013 1364 :
2037 1326 2205 1364 verum
2232 1311 2286 1364 in

693 1387 1079 1465 repromissione
1117 1398 1212 1451 Dei
1250 1416 1349 1452 non
1387 1400 1633 1459 haesitavit
1683 1400 1991 1471 difﬁdentia,
2038 1402 2127 1455 sed
2163 1418 2286 1456 con-

695 1491 911 1557 fortatus
957 1500 1028 1543 est
1069 1490 1366 1559 ράεῌίουι.
1396 1492 1452 1546 4.
1496 1491 1604 1561 19).
1652 1491 1851 1547 Natura
1895 1501 1948 1547 et
1994 1502 2159 1555 mtas,
2194 1494 2276 1546 in-

691 1578 827 1647 quit,
846 1579 897 1633 in
923 1579 1349 1648 desperationem
1378 1582 1548 1651 ipsum
1593 1580 1967 1652 conjiciebant,
2011 1582 2103 1637 sed
2150 1582 2283 1637 ﬁdes

691 1684 841 1737 spem
884 1669 1077 1724 bonam
1124 1672 1497 1727 substituebat.
1518 1672 1624 1727 Sed
1665 1676 1979 1743 confortatus
1999 1682 2071 1727 est
2100 1674 2153 1726 in
2179 1672 2282 1741 ﬁde

692 1763 821 1813 dans
841 1761 1057 1830 gloriam
1090 1760 1223 1827 Deo,
1258 1771 1303 1815 et
1320 1762 1607 1830 plenissime
1632 1763 1793 1816 sciens
1819 1762 1939 1832 quia
1960 1779 2282 1833 quacumque

692 1852 921 1918 promisit
946 1861 1119 1921 potem
1134 1861 1206 1906 est
1235 1862 1281 1906 et
1321 1855 1486 1923 facere
1506 1852 1669 1923 (Ibid.
1696 1852 1745 1907 ti.
1768 1852 1884 1922 20).
1915 1852 2107 1907 Vident
2135 1868 2277 1918 eum,

689 1943 778 2011 qui
808 1943 1003 1996 certior
1029 1951 1111 1997 est
1134 1942 1203 1998 de
1241 1942 1398 1998 rebus
1428 1958 1456 1996 a
1487 1943 1597 1999 Deo
1639 1942 1880 2014 prolatis,
1906 1944 2128 2014 gloriam
2171 1944 2281 1999 Deo

688 2035 849 2089 dare?
874 2036 930 2091 Si
961 2035 1139 2105 itaque
1165 2036 1341 2103 is,quj
1387 2037 1495 2090 Deo
1536 2036 1729 2101 credit,
1760 2036 1983 2105 gloriam
2026 2037 2123 2106 ipsi
2166 2036 2275 2102 dat,

689 2128 776 2197 qui
807 2143 912 2183 non
938 2118 1109 2182 credit
1148 2128 1265 2197 ipsi,
1298 2128 1672 2181 contuineliam
1703 2129 1848 2182 illam
1890 2130 1940 2182 in
1968 2144 2123 2183 suum
2166 2130 2278 2198 ipse

687 2234 744 2272 ea
753 2228 846 2288 put
860 2221 1141 2291 cqnvertit.
1166 2217 1244 2271 Tu
1263 2218 1372 2286 quis
1393 2234 1462 2282 es,
1482 2219 1565 2288 qui
1591 2217 1695 2271 Deo
1717 2220 2057 2289 respondeas?
2076 2220 2277 2275 Deinde

688 2321 746 2364 ut
770 2310 1015 2365 ostendat
1042 2318 1295 2380 quantum
1326 2310 1395 2363 sit
1432 2310 1597 2365 Deum
1644 2311 1782 2365 inter
1808 2322 1861 2366 et
1890 2312 2157 2367 hominem
2190 2314 2274 2369 in-

687 2404 988 2468 tervallum,
1022 2403 1077 2458 id
1100 2404 1431 2459 demonstrat
1460 2418 1561 2458 non
1598 2404 1809 2473 quidem
1836 2415 2091 2475 quantum
2118 2422 2277 2477 opor-

686 2502 839 2560 teret,
870 2494 964 2549 sed
992 2503 1172 2550 tamen
1194 2509 1263 2549 ex
1294 2495 1566 2567 proposito
1607 2495 1857 2565 exemplo
1904 2496 2060 2566 longe
2105 2496 2276 2567 majus

684 2585 970 2639 discrimen
998 2600 1116 2639 esse
1150 2585 1371 2654 intelligi
1403 2593 1593 2655 potest.
1614 2584 1751 2653 Quid
1784 2587 1941 2655 igitur
1965 2586 2077 2640 ait?
2107 2585 2277 2639 Num-

672 2666 805 2744 ‘quid
824 2676 954 2728 dicet
974 2676 1265 2743 ﬁgmentum
1290 2675 1336 2729 ei
1359 2676 1447 2744 qui
1465 2692 1517 2729 se
1536 2676 1705 2744 ﬁnxit,
1725 2676 1858 2742 Quid
1888 2690 1965 2729 me
1988 2677 2147 2743 fecisti
2167 2676 2273 2732 sic?

684 2768 867 2820 Annon
893 2766 1037 2819 habet
1059 2774 1348 2834 potestatem
1374 2765 1562 2835 ﬁgulus
1584 2767 1676 2820 luti
1696 2783 1759 2820 ea:
1795 2768 1971 2821 eadem
1995 2784 2163 2822 massa
2188 2774 2273 2840 fa-

684 2875 795 2912 cere
816 2858 959 2911 aliud
996 2857 1193 2927 quidem
1231 2873 1317 2911 vas
1358 2858 1410 2911 in
1451 2858 1711 2923 honorem,
1752 2859 1893 2912 aliud
1927 2860 1980 2913 in
2019 2870 2277 2914 contume-

686 2949 805 3001 liam
829 2948 1001 3018 (Rom.
1021 2947 1315 3019 9.20.20?
1340 2947 1475 3013 Quid
1503 2949 1620 3003 ais?
1650 2949 1790 3003 itane
1820 2949 1928 3004 Deo
1957 2949 2129 3005 debeo
2150 2950 2275 3005 sub-

680 3039 789 3109 jici,
823 3049 879 3093 ut
918 3039 1087 3093 lutum
1141 3039 1339 3109 figulo?
1363 3039 1437 3094 ιω
1463 3080 1478 3104 ,
1521 3039 1728 3109 inquit:
1761 3048 1962 3094 tantum
2010 3040 2150 3095 enim
2190 3049 2273 3095 est

687 3133 851 3186 Deum
880 3132 1018 3187 inter
1048 3142 1102 3187 et
1127 3132 1396 3206 hominem
1434 3133 1791 3198 intervallum,
1830 3143 2083 3203 quantum
2131 3136 2274 3188 inter

682 3223 849 3277 lutum
888 3232 942 3278 et
966 3221 1216 3293 ﬁgulum;
1248 3223 1331 3278 vel
1370 3224 1564 3291 potius,
1594 3240 1698 3277 non
1731 3232 1955 3289 tantum,
1984 3224 2079 3279 sed
2107 3224 2274 3280 multo

684 3314 876 3383 majus.
909 3313 1029 3368 Luti
1066 3302 1207 3368 enim
1231 3323 1284 3369 et
1312 3313 1454 3383 ﬁguli
1500 3313 1685 3367 eadem
1733 3314 2028 3368 substantia
2076 3324 2185 3379 est,
2214 3326 2274 3372 ut

682 3404 821 3473 apud
852 3404 951 3459 Job
978 3405 1171 3459 dicitur
1201 3422 1215 3458 :
1246 3403 1395 3470 Sina,
1431 3405 1617 3473 inquit,
1649 3405 1928 3457 habitantes
1970 3405 2146 3458 domos
2187 3404 2272 3458 lu-

687 3507 810 3559 teas,
842 3512 903 3549 ea:
927 3512 1027 3565 quo
1051 3506 1097 3548 et
1124 3494 1223 3566 ipsi
1259 3510 1431 3549 sumus
1462 3510 1525 3549 ea:
1563 3495 1733 3548 eodem
1780 3494 1884 3547 luto
1915 3493 2033 3566 (Job
2079 3496 2131 3549 4.
2158 3496 2269 3564 19).

684 3586 836 3653 Quod
866 3587 911 3642 si
940 3586 1100 3640 homo
1125 3584 1462 3655 praestantior
1483 3584 1594 3639 luto
1614 3594 1665 3638 et
1685 3584 1968 3639 formosior
1996 3592 2268 3654 appareat,

684 3675 1037 3731 diderentiam
1063 3691 1170 3731 non
1197 3675 1481 3731 divPrsitas
1521 3684 1747 3738 naturai,
1780 3674 1873 3729 sed
1918 3674 2135 3729 artificis
2182 3690 2271 3729 sa-

686 3766 881 3835 pientia
907 3766 1030 3821 fecit
1050 3782 1063 3819 :
1082 3765 1137 3821 in
1157 3767 1303 3821 nullo
1316 3767 1509 3836 quippe
1528 3765 1749 3820 ὤσει-δε
1767 3765 1909 3829 luto;
1939 3765 2077 3834 quod
2101 3766 2143 3819 si
2168 3780 2271 3819 non

684 3858 879 3923 credis,
906 3858 956 3912 id
999 3858 1093 3912 tibi
1138 3858 1492 3927 persuadeant
1532 3858 1722 3922 tumuli
1742 3867 1791 3911 et
1826 3872 1971 3911 urna:
2000 3857 2275 3925 sepulcra-

686 3951 782 4006 les.
814 3949 944 4004 Natn
972 3951 1018 4005 si
1048 3951 1289 4021 sepulcra
1320 3951 1580 4021 majorum
1613 3960 1818 4004 tuormn
1847 3950 2036 4014 adeas,
2069 3950 2182 4005 hinc
2202 3952 2271 4005 ita

685 4055 744 4094 se
769 4040 964 4095 habere
993 4040 1385 4111 deprehendes.
1413 4042 1553 4095 lnter
1576 4043 1739 4096 lutum
1772 4042 1948 4111 itaque
1972 4052 2025 4096 et
2046 4041 2273 4112 ligulum

685 4134 981 4188 differentia
1011 4135 1151 4190 nulla
1181 4152 1194 4189 :
1230 4136 1366 4189 inter
1399 4135 1489 4189 Dei
1532 4150 1658 4190 vero
1687 4146 1740 4191 et
1766 4135 1998 4190 hominis
2023 4137 2272 4191 substan-

688 4228 813 4281 tiam
859 4236 1061 4281 tantum
1107 4227 1440 4281 intervallum
1486 4237 1588 4294 est,
1622 4237 1876 4297 quantum
1910 4244 2008 4284 nec
2032 4230 2274 4302 oratione

686 4334 925 4384 narrare,
961 4334 1058 4373 nec
1086 4327 1267 4373 mente
1295 4319 1559 4373 aestimare
1589 4329 1893 4389 possumus.
1917 4304 2274 4388 Quemadmo-

686 4410 810 4465 dum
830 4411 987 4482 igitur
1002 4412 1169 4465 lutum
1194 4411 1335 4481 figuli
1357 4426 1564 4478 manus,
1580 4428 1917 4483 quocumque
1935 4413 2022 4469 ille
2039 4415 2269 4481 duxerit,

686 4504 968 4572 sequitur:
1002 4503 1071 4557 ita
1114 4509 1169 4557 et
1193 4511 1247 4557 tu
1294 4502 1387 4556 luti
1436 4504 1602 4558 instar
1651 4514 1827 4559 mutus
1871 4517 2015 4570 esto,
2061 4508 2274 4576 quando

686 4594 825 4647 Deus
865 4592 1062 4663 aliquid
1101 4592 1409 4663 dispensare
1445 4594 1691 4649 voluerit.
1724 4596 1907 4666 Neque
1948 4607 2124 4652 tamen
2156 4598 2274 4653 ideo

687 4683 883 4738 Paulus
908 4683 1021 4737 haec
1048 4684 1200 4750 dixit,
1230 4692 1288 4737 ut
1317 4684 1619 4740 facultatem
1653 4696 1890 4740 nostram
1922 4688 2152 4754 tolleret,
2182 4698 2275 4743 aut

686 4772 910 4826 liberum
960 4773 1237 4827 arbitrium
1280 4773 1645 4841 labefactaret,
1694 4777 1867 4842 absit;
1919 4779 2011 4833 sed
2042 4788 2098 4832 ut
2121 4795 2272 4835 arro-

684 4866 914 4933 gantiam
946 4874 1182 4919 nostram
1210 4867 1379 4937 magis
1408 4869 1681 4938 magisque
1707 4880 1998 4925 coerceret.
2031 4870 2227 4927 Verum
2256 4916 2271 4941 ,

685 4958 728 5011 si
760 4957 955 5025 placet,
985 4956 1264 5013 videamus
1298 4958 1547 5027 quidnam
1576 4960 1675 5029 ipsi
1704 4960 1943 5015 ediscere
1972 4962 2270 5029 voluerint;

685 5049 757 5101 ita
784 5057 840 5101 ut
876 5048 1023 5117 ipsos
1063 5047 1258 5124 Paulus
1297 5058 1403 5102 tam
1449 5050 1795 5105 vehementer
1833 5052 2160 5109 refraenaret.
2192 5058 2272 5123 An

684 5135 1043 5208 substantiam
1063 5132 1157 5191 Dei
1190 5135 1619 5203 scrutabantur?
1665 5139 2007 5211 Nequaquam
2058 5161 2070 5197 :
2119 5159 2275 5199 nemo

682 5227 823 5280 enim
852 5227 901 5281 id
920 5242 1169 5297 umquam
1199 5236 1361 5283 auSus
1386 5238 1483 5283 est.
1499 5230 1605 5285 Sed
1633 5231 1773 5300 quod
1797 5232 1951 5302 longe
1978 5235 2150 5289 minus
2171 5246 2273 5304 est,

684 5317 799 5384 ejus
825 5318 1248 5390 dispensationes
1273 5321 1682 5388 scrutabantur;
1712 5324 1860 5377 verbi
1899 5326 2087 5393 gratia,
2112 5342 2277 5395 quare

684 5410 834 5463 iilum
854 5411 1083 5479 puniret,
1105 5410 1242 5465 illius
1262 5412 1635 5478 misereretur;
1655 5430 1819 5483 quare
1843 5416 1988 5469 illum
2017 5416 2275 5489 supplicio

684 5502 901 5563 eximat,
920 5500 1062 5571 hunc
1087 5502 1137 5556 in
1169 5503 1425 5575 inrumpis
1454 5506 1623 5570 sinat;
1650 5522 1813 5575 quare
1846 5507 1935 5562 ille
1968 5511 2175 5563 veniam
2206 5511 2276 5566 sit

682 5603 1064 5661 consequutus,
1095 5594 1180 5647 hic
1223 5594 1463 5650 minime.
1499 5594 1623 5650 Haec
1648 5607 1701 5650 et
1726 5599 1917 5654 similia
1938 5601 2269 5669 quaerebant.

686 5680 961 5748 Undenam
1004 5683 1052 5738 id
1088 5684 1321 5754 liqueat?
1360 5686 1437 5741 Ex
1477 5688 1919 5757 prmeedentibus.
1952 5690 2083 5747 Cum
2122 5695 2264 5748 enim

686 5771 906 5831 dixisset
927 5792 938 5827 :
961 5773 1097 5849 Ergo
1112 5792 1257 5857 quem
1281 5777 1382 5842 vult
1405 5779 1744 5849 miseratur,ct
1758 5797 1900 5852 quem
1918 5782 2021 5838 vult
2038 5782 2262 5855 indurat.

1415 370 1469 423 8.
1511 367 1787 425 JOANNIS
1815 367 2293 425 CllRYSOSTOMl
2336 365 2651 425 ARClllEP.
2693 370 3236 431 CONSTANTINOP.

3886 384 3995 441 116

2404 480 2551 536 Dices
2580 484 2747 548 itaque
2773 485 2916 550 mihi,
2953 485 3087 552 Quid
3111 487 3280 541 adhuc
3306 489 3570 554 queritur!
3592 492 3835 550 uoluntati
3856 498 3995 553 enim

2398 575 2505 642 ejus
2526 578 2636 641 quis
2653 576 2836 630 resistit
2859 576 3034 648 (Rom.
3056 578 3108 633 9.
3130 580 3215 636 18.
3240 577 3369 650 l9)?
3392 590 3515 636 tunc
3537 583 3733 651 intulit,
3752 586 3797 639 0
3813 588 3991 659 homo,

2398 672 2451 715 tu
2478 664 2592 731 quis
2635 681 2704 728 es,
2730 666 2814 734 qui
2854 670 3159 738 respondeas
3191 669 3293 724 Deo
3320 668 3426 741 (Ib.
3450 688 3497 726 υ.
3520 670 3656 744 20)?
3684 676 3788 731 Eos
3827 677 3991 747 igitur

2395 755 2487 823 qui
2512 755 2937 825 dispensationes
2966 760 3056 813 Dei
3087 763 3464 817 scrutabantur
3505 766 3988 834 reprimitPaulus.

2396 845 2640 901 Profecto
2669 865 2735 903 ne
2762 850 2813 902 id
2843 850 3054 920 quidem
3080 853 3183 907 illis
3209 855 3470 920 concedit,
3507 866 3559 911 tu
3609 873 3739 913 vero
3777 862 3988 916 beatam

2393 936 2540 991 illam
2574 938 2923 994 substantiam
2965 944 3143 996 omnia
3168 943 3563 1013 dispensantem
3592 949 3803 1004 curiose
3832 966 3988 1010 scru-

2396 1028 2556 1085 taris?
2581 1044 2761 1087 annon
2786 1040 2838 1086 te
2863 1034 3129 1088 sexcentis
3151 1034 3458 1091 fulminibus
3498 1037 3716 1107 dignum
3757 1043 3988 1094 censes?

2392 1119 2660 1187 quomodo
2684 1136 2789 1174 non
2812 1121 2863 1175 id
2890 1132 3142 1180 extrema:
3167 1124 3453 1179 dementiae
3484 1126 3674 1189 luerit?
3704 1128 3840 1183 Audi
3872 1144 3989 1198 pro-

2392 1207 2639 1277 phetam,
2683 1212 2768 1266 vel
2815 1213 2990 1280 potius
3037 1214 3202 1268 Deum
3249 1215 3516 1271 dicentem
3549 1234 3562 1269 :
3595 1217 3659 1273 Si
3701 1218 3858 1273 Pater
3894 1237 3988 1291 ego

2390 1315 2523 1363 sum,
2541 1301 2625 1353 ubi
2643 1311 2713 1354 est
2733 1301 2899 1371 gloria
2919 1320 3027 1357 mea
3044 1305 3070 1357 .’
3090 1314 3135 1358 et
3151 1307 3193 1360 si
3204 1305 3453 1361 Dominus
3468 1324 3557 1379 ego
3578 1325 3709 1377 sum,
3728 1311 3814 1364 ubi
3834 1323 3907 1367 est
3922 1314 3987 1365 ti-

2391 1407 2501 1444 mor
2518 1407 2657 1445 mens
2687 1393 2940 1461 (Maluch.
2963 1397 2987 1449 1
3020 1395 3105 1467 6)?
3130 1398 3228 1464 Qui
3251 1399 3395 1454 enim
3421 1402 3629 1468 metuit,
3649 1418 3753 1456 non
3771 1405 3985 1461 curiose

2388 1491 2673 1549 scrutatur,
2705 1485 2799 1539 sed
2834 1488 3053 1553 adorat;
3083 1505 3187 1543 non
3216 1492 3425 1546 curiose
3455 1492 3697 1562 inquirit,
3725 1495 3821 1550 sed
3865 1496 3984 1554 lau~

2386 1575 2479 1628 dat
2506 1586 2561 1631 et
2580 1577 2857 1646 glorifieat.
2891 1579 3016 1634 Haec
3046 1590 3096 1635 te
3120 1582 3347 1637 doceant
3375 1593 3428 1638 et
3454 1584 3699 1653 superna:
3727 1585 3980 1652 Virtutes,

2387 1673 2439 1718 et
2482 1666 2669 1721 beatus
2709 1667 2905 1723 Paulus
2939 1688 2951 1721 :
2983 1687 3089 1725 non
3131 1672 3273 1727 enim
3322 1687 3443 1727 cum
3491 1673 3592 1729 hac
3638 1676 3706 1730 de
3749 1691 3809 1731 re
3844 1677 3983 1732 alios

2388 1756 2648 1827 increpat,
2668 1759 2781 1827 ipse
2801 1760 2989 1815 eodem
3012 1776 3118 1831 quo
3148 1763 3225 1817 illi
3260 1763 3421 1819 modo
3448 1765 3669 1819 affectus
3695 1777 3798 1821 est.
3843 1769 3982 1823 Audi

2384 1849 2514 1917 quid
2540 1849 2969 1919 Pbilippensibus
3002 1853 3167 1919 dicat,
3196 1867 3318 1908 cum
3344 1854 3580 1909 declarat
3605 1870 3664 1910 se
3692 1857 4011 1925 particulao_

2384 1952 2500 1991 rem
2538 1939 2817 1994 scientiam
2861 1940 3060 1998 habere
3088 1961 3101 1997 :
3128 1944 3574 2013 quemadmodum
3604 1955 3659 2002 et
3685 1946 3981 2006 Corinthiis

2382 2028 2623 2087 scribens
2649 2030 2878 2097 dicebat,
2896 2032 2978 2086 Ea:
2989 2044 3131 2105 parte
3151 2038 3497 2106 cognoscimus
3526 2039 3601 2109 (1.
3631 2038 3749 2094 Cor.
3778 2042 3866 2095 15.
3900 2044 3983 2111 9),

2385 2128 2552 2173 totum
2574 2135 2702 2175 vero
2731 2123 2967 2179 nondum
3003 2143 3017 2179 :
3045 2134 3100 2187 et
3125 2142 3262 2179 nunc
3303 2126 3483 2195 infert,
3521 2128 3751 2195 Fratres,
3782 2149 3875 2201 ego
3904 2149 3983 2189 me

2382 2224 2484 2291 non
2508 2212 2725 2265 arbitror
2752 2216 3185 2284 comprehendisse
3205 2216 3467 2287 (Philipp.
3496 2220 3549 2276 5.
3572 2222 3677 2292 15).
3704 2222 3842 2288 Quid
3880 2224 3983 2284 hac

2381 2290 2619 2371 apertius
2639 2306 2805 2359 voce?
2836 2306 2984 2361 Tuba
3010 2307 3208 2363 clarius
3236 2311 3449 2377 cecinit,
3482 2290 3666 2367 orbem
3700 2322 3867 2367 totum
3899 2314 3981 2370 in-

2378 2392 2628 2460 stituens,
2660 2403 2715 2447 ut
2745 2395 2923 2450 datam
2966 2398 3206 2454 scientias
3248 2415 3552 2455 mensuram
3602 2402 3881 2473 diligerent
3926 2416 3983 2464 et

2379 2484 2851 2553 amplecterentur,
2896 2504 2995 2543 nec
3039 2492 3409 2547 existimarent
3447 2509 3780 2565 umquamse
3808 2504 3980 2553 totum

2379 2577 2673 2646 accepisse.
2703 2577 2840 2645 Quid
2869 2579 2968 2646 ais,
2994 2580 3082 2636 dic
3105 2582 3272 2638 mihi?
3298 2583 3568 2645 Christum
3610 2585 3776 2641 habes
3803 2587 3858 2642 in
3900 2597 3982 2656 is.
4081 2571 4085 2574 ’

2382 2666 2503 2733 ipso
2528 2667 2838 2735 loquentem
2866 2670 2940 2739 (2.
2965 2672 3087 2725 Cor.
3112 2674 3196 2727 15.
3228 2675 3407 2741 l5),et
3428 2674 3601 2730 dicis:
3626 2674 3739 2745 Ego
3762 2692 3844 2729 me
3873 2691 3981 2728 non

2381 2754 2614 2808 arbitror
2632 2759 3109 2827 comprehendisse.
3132 2760 3258 2818 ldeo
3284 2764 3455 2832 enim,
3488 2764 3690 2836 inquit,
3719 2764 3863 2820 dixit
3891 2781 3980 2820 me

2377 2845 2650 2902 Christum
2680 2847 2880 2905 habere
2909 2852 2963 2905 in
2992 2852 3196 2922 meipso
3224 2853 3527 2923 loquentem
3564 2872 3579 2910 :
3608 2860 3724 2926 ipse
3747 2872 3836 2913 me
3860 2856 3980 2913 hzcc

2378 2937 2579 2994 docuit.
2628 2941 2986 3009 Quamobrem
3030 2944 3106 3010 bi,
3139 2946 3240 3001 nisi
3288 2946 3518 3017 Spiritus
3560 2948 3729 3004 sancti
3770 2950 3981 3006 auxilio

2378 3043 2598 3098 prorsus
2628 3034 2777 3087 vacui
2804 3044 3001 3101 essent,
3025 3046 3079 3090 et
3107 3051 3321 3092 omnem
3351 3038 3467 3107 ejus
3500 3040 3869 3110 operationem
3908 3059 3978 3101 ex

2377 3122 2552 3188 anima
2574 3139 2668 3179 sua
2697 3126 3085 3201 eliininassent,
3115 3144 3234 3184 cum
3259 3129 3456 3185 Paulus
3494 3131 3660 3199 dicat,
3683 3132 3805 3188 Non
3832 3136 3978 3189 arbi-

2378 3222 2484 3277 tror
2504 3216 2751 3283 meipsum
2782 3219 3236 3289 comprehendisse,
3280 3237 3387 3277 non
3435 3222 3534 3292 ipsi
3572 3238 3633 3279 se
3663 3225 3978 3299 universum

2376 3305 2848 3374 comprehendisse
2876 3318 3145 3377 putarent.

2449 3397 2501 3452 6.
2530 3397 2803 3454 Undenam
2832 3400 3016 3471 liquet,
3047 3401 3190 3460 dicet
3220 3405 3504 3475 quispiam,
3552 3406 3725 3478 ipsum
3774 3408 3848 3463 ita
3890 3409 3976 3465 lo-

2375 3498 2627 3557 quentem
2658 3490 2725 3546 de
2752 3492 2857 3549 fide
2882 3508 3061 3563 agere,
3088 3494 3156 3550 de
3182 3495 3406 3550 seientia
3436 3507 3489 3551 et
3515 3498 3583 3552 de
3610 3498 3973 3569 dogmatibus,

2376 3587 2431 3632 et
2454 3595 2558 3636 non
2585 3580 2652 3635 de
2676 3582 2800 3636 vitae
2826 3582 3189 3650 institutione,
3221 3585 3374 3655 quasi
3404 3585 3547 3641 dicat
3581 3604 3593 3641 :
3625 3587 3736 3657 Ego
3761 3604 3849 3643 me
3870 3589 3976 3647 im?

2378 3670 2667 3739 perfectum
2698 3687 2818 3728 esse
2842 3674 3072 3729 arbitror
3094 3675 3147 3728 in
3166 3675 3273 3730 vita
3290 3685 3343 3731 et
3362 3677 3729 3733 institutione?
3750 3678 3806 3733 ld
3828 3691 3977 3737 certe

2376 3762 2591 3829 planum
2620 3762 2743 3817 fecit
2768 3778 2889 3818 cum
2919 3764 3051 3819 dixit
3083 3783 3095 3818 :
3126 3764 3323 3819 Bonum
3352 3777 3604 3821 certamen
3627 3770 3833 3834 certavi,
3857 3787 3977 3824 cur-

2374 3868 2487 3906 sum
2525 3856 2885 3916 consummavi,
2910 3856 3062 3922 ﬁdem
3091 3858 3285 3910 servavi
3313 3873 3333 3911 :
3362 3858 3414 3910 in
3439 3856 3630 3927 reliquo
3654 3860 3877 3929 reposita
3901 3871 3975 3915 est

2377 3945 2500 3998 mihi
2539 3962 2723 3999 corona
2745 3947 2962 4016 justitiai
2981 3946 3059 4015 (2.
3080 3946 3213 4001 Tim.
3254 3949 3309 4002 4.
3341 3949 3418 4019 7).
3444 3948 3546 4016 Qui
3570 3965 3698 4005 vero
3722 3966 3975 4006 consum-

2377 4047 2519 4102 mato
2565 4051 2723 4091 CUI‘SU
2771 4051 3025 4091 coronam
3089 4048 3403 4108 accepturus
3460 4050 3577 4108 est,
3636 4056 3975 4113 nequaquam

2376 4128 2597 4194 diceret,
2631 4128 2753 4183 Non
2779 4130 2993 4184 arbitror
3036 4132 3285 4202 meipsum
3326 4134 3784 4204 comprehendisse.
3817 4137 3972 4192 Alio-

2376 4220 2501 4291 quin
2546 4230 2721 4274 autem
2768 4237 2887 4291 qua:
2917 4222 3119 4293 agenda
3146 4234 3199 4278 et
3223 4239 3341 4294 quae
3371 4240 3476 4278 non
3503 4224 3703 4293 agenda
3725 4236 3852 4281 sunt
3873 4243 3972 4283 ne-

2377 4312 2505 4365 tniui
2552 4321 2675 4367 sunt
2718 4313 2953 4377 incerta;
2984 4314 3078 4369 sed
3118 4315 3369 4371 omnibus
3416 4314 3698 4383 manifesta
3738 4326 3794 4372 et
3824 4329 3973 4381 nota,

2377 4412 2431 4457 et
2469 4402 2707 4457 barbaris
2741 4412 2793 4458 et
2837 4404 3050 4467 Persis,
3098 4414 3155 4463 et
3197 4406 3293 4461 toti
3329 4405 3601 4461 hominum
3643 4409 3850 4478 generi.
3904 4408 3977 4465 Ut

2377 4508 2552 4557 autem
2598 4498 2648 4551 id
2696 4497 2895 4552 clarius
2938 4498 3177 4565 reddam,
3217 4515 3336 4568 qum
3382 4500 3519 4554 hanc
3540 4499 3836 4555 clausulam
3881 4517 3976 4557 se-

2377 4598 2610 4657 quuntur
2650 4588 2844 4658 legam.
2874 4589 3158 4658 Postquam
3206 4590 3449 4657 dixisset,
3487 4590 3664 4647 Videte
3698 4609 3872 4658 canes,
3902 4595 3977 4648 vi-

2378 4679 2485 4737 dete
2524 4678 2683 4741 malos
2722 4680 2978 4747 aperarios
3011 4679 3265 4750 (Philipp.
3296 4681 3348 4737 5.
3380 4680 3461 4751 2),
3492 4695 3556 4735 ac
3595 4682 3761 4736 multa
3802 4682 3976 4739 disse-

2378 4768 2571 4823 ruisset
2614 4768 2679 4830 de
2721 4768 2805 4835 iis,
2842 4770 2932 4839 qui
2979 4769 3198 4829 Judaica
3243 4771 3491 4840 dogmata
3545 4773 3924 4843 intempestive
3952 4778 3970 4807 ¹

2382 4857 2671 4925 inducunt,
2716 4858 3027 4927 subjnnxit‘
3059 4876 3071 4912 :
3104 4858 3231 4924 Qua:
3267 4861 3389 4922 mihi
3421 4865 3622 4926 ruerunt
3665 4862 3842 4929 lucra,
3868 4866 3977 4920 lucc

2377 4949 2649 5013 arbitratus
2687 4965 2800 5001 sum
2847 4959 3052 5031 prapter
3094 4949 3349 5011 Christum
3403 4952 3701 5009 detrimenta
3724 4969 3743 5006 :
3771 4971 3978 5008 rerum-

2323 5050 2351 5062 "
2380 5050 2545 5103 tamen
2596 5040 2824 5113 existimo
2871 5042 3041 5093 omnia
3084 5043 3437 5105 detrimentum
3478 5061 3607 5109 esse,
3649 5056 3704 5097 ut
3752 5046 3980 5103 inveniar

2379 5147 2479 5184 non
2501 5131 2687 5194 habens
2722 5134 2975 5205 justitiam
2999 5150 3111 5203 quae
3131 5151 3193 5188 ex
3217 5136 3323 5204 lege
3352 5146 3457 5199 est;
3483 5137 3569 5190 sed
3583 5138 3843 5207 justitiam
3866 5153 3981 5207 qua

2380 5237 2442 5288 ea:
2484 5220 2586 5274 Deo
2630 5232 2739 5287 est,
2768 5239 2882 5293 quin
2925 5241 3013 5292 per
3042 5224 3196 5293 ﬁdem
3227 5225 3352 5279 Iesu
3391 5226 3577 5281 Christi
3618 5237 3691 5281 est
3733 5227 3896 5300 (Ibid.
3926 5246 3977 5282 ο.

2380 5311 2431 5364 7.
2457 5311 2532 5383 9).
2554 5312 2744 5367 Postea
2771 5313 2901 5370 dicit
2921 5315 2987 5379 de
3007 5331 3111 5384 qua
3138 5316 3506 5387 iideloquatur
3529 5336 3542 5371 :
3571 5317 3639 5373 Ut
3664 5336 3780 5373 eum
3800 5336 3986 5391 cogno-

2378 5419 2566 5457 scerem
2586 5447 2601 5471 ,
2644 5415 2688 5458 et
2732 5408 3005 5474 potentiam
3048 5411 3424 5465 resurrectionis
3463 5412 3570 5481 ejus
3612 5420 3657 5465 et
3694 5413 3983 5469 societatem

2381 5496 2670 5565 passionum
2685 5498 2796 5568 ejus
2812 5496 2974 5569 (Ibid.
3001 5511 3051 5554 υ.
3073 5498 3183 5569 10).
3214 5500 3351 5568 Quid
3377 5512 3478 5567 est,
3500 5499 3787 5556 Potentiam
3806 5519 3979 5558 resur-

2444 5674 2742 5752 i-$‘°.$_°7i‘,;
2764 5682 2831 5752 et,
2852 5678 3060 5752 mitma
3096 5690 3209 5752 μη
3246 5681 3697 5752 mann-scriptam
3736 5689 3788 5752 In,
3810 5683 3979 5752 ﬂoret-

2382 5746 2532 5805 γει-ο,
2576 5744 2836 5805 opportune
2875 5740 3158 5801 subjmixit,
3205 5740 3505 5805 anteposits'
3530 5744 3888 5805 virgula._|lox
3928 5740 3981 5797 ὡ

2379 5797 2545 5847 Morel.
2567 5797 2786 5861 quiedam
2805 5797 3029 5867 deerant,
3055 5797 3167 5871 quis
3193 5816 3250 5857 et
3281 5797 3422 5858 δάε-ΙΙ.
3448 5813 3499 5871 et
3521 5797 3634 5856 λιθικῖ
3652 5800 3814 5857 attulit:
3845 5815 3976 5873 sunt.
