4198 6324
82 407 185 464 ‘MS

85 539 266 593 μενος.
304 521 370 575 Εἰ
418 522 530 594 γάρ
563 520 626 574 τὺ
671 517 746 591 μὴ
787 517 1251 591 περιεργάζεσθαι
1285 519 1386 583 τὰς
1430 518 1767 588 ἐπαγγελίας

81 609 246 664 αὑτοῦ
270 609 518 675 δοξάζειν
543 609 709 664 αὐτόν
729 608 874 670 ἐστι,
899 606 961 661 τὸ
1005 606 1491 678 πολυπραγμονεῖν
1523 605 1620 660 καλ⁵
1661 607 1771 659 διε-

85 698 280 769 ρευνᾷν
310 711 339 738 ι
372 697 493 767 οὐχὶ
523 695 626 758 τὰς
659 693 964 764 ἀποφάσεις
989 695 1172 764 μόνον,
1199 693 1336 751 ἀλλά
1363 695 1460 749 καὶ
1487 694 1652 747 αὑτὸν
1676 694 1770 747 τὸν

79 784 507 856 ἀποφηνάμενον
535 779 825 853 ἀτιμάζειν
852 780 1021 838 ἐστίν.
1045 781 1167 835 Ὀτι
1193 779 1332 836 δὲτὸ
1367 781 1443 853 μὴ
1467 779 1770 852 περιεργά-

82 871 275 940 ζεσθαι
320 871 423 935 τὰς
471 869 808 941 ἐπαγγελίας
857 869 1024 926 αὐτοῦ
1072 867 1315 934 δοξάζειν
1373 867 1538 926 αὐτόν
1590 869 1769 931 ἐστιν,

82 959 318 1014 ἄκουσον
352 957 448 1017 τοῦ
506 957 720 1014 Παύλου
761 955 1013 1026 λέγοντος
1047 956 1178 1028 περὶ
1241 956 1336 1010 τοῦ
1390 954 1645 1028 Ἀϐραὰμ
1677 954 1773 1008 κα)⁸

205 1047 461 1117 ὑπακοῆς
498 1045 598 1121 τῆς
643 1044 881 1108 ἐκείνου,
915 1045 1008 1101 καὶ
1052 1044 1151 1117 τῆς
1180 1045 1238 1099 ἐν
1289 1043 1462 1099 ἅπασι
1495 1043 1769 1107 πίστεως·

79 1138 432 1205 Κατενόησε
476 1135 597 1206 μὲν
627 1137 736 1204 γὰρ
757 1174 772 1198 ,
824 1136 992 1205 φησὶ,
1025 1134 1094 1188 τὸ
1127 1133 1354 1188 ἑαυτοῦ
1393 1133 1566 1204 σῶμα
1603 1151 1776 1188 νενε-

80 1223 423 1294 κρωμένον,
461 1223 561 1278 καί
601 1225 720 1293 τὴν
759 1221 1059 1291 νέκρωσιν
1101 1221 1215 1290 τῆς
1236 1221 1471 1292 μήτρας
1506 1222 1770 1291 Σάρῤαςο

81 1314 167 1378 εὶς
195 1311 267 1365 δὲ
317 1311 436 1380 τὴν
481 1310 853 1383 ἐπαγγελίαν
881 1310 988 1364 τοῦ
1045 1310 1217 1383 Θεοῦ,
1250 1312 1323 1364 οὐ
1374 1310 1640 1379 διεκρίθη
1698 1308 1773 1376 τῇ

82 1401 357 1468 ἀπιστίᾳ,
395 1401 536 1456 ἀλλ’
561 1400 985 1470 ἐνεδυναμώθη
1029 1399 1106 1469 τῇ
1141 1401 1366 1457 πίστει.
1399 1400 1464 1452 Ἦ
1494 1399 1656 1483 φύσις
1680 1398 1775 1452 καὶ

83 1491 115 1560 ἡ
149 1489 343 1560 ἡλικία
383 1490 464 1554 είς
498 1489 838 1559 ἀπόγνωσιν,
877 1489 1065 1562 φησὶν,
1102 1487 1410 1551 ἐνέϐαλλον,
1432 1490 1467 1559 h
1502 1488 1561 1541 δέ
1589 1487 1776 1553 πίστις

84 1577 307 1642 ἐλπίδας
350 1577 600 1632 ὐπέτεινε
648 1576 916 1650 χρηστάς.
989 1575 1157 1634 Ἀλλ’
1220 1574 1645 1643 ἐνεδυναμώθη
1696 1573 1774 1644 τῇ

83 1668 284 1724 πίστει
305 1666 454 1733 δοὺς
481 1666 672 1730 δόξαν
694 1664 773 1731 τῷ
813 1663 957 1730 Θεῷ,
988 1663 1090 1720 καί
1120 1662 1611 1734 πληροφορηθεὶς
1631 1702 1647 1727 ,
1683 1661 1774 1716 ὅτι

83 1752 115 1806 6
140 1754 528 1824 ἐπήγγελται,
559 1753 820 1819 δυνατός
845 1752 978 1805 ἐστι
1017 1750 1118 1805 καί
1163 1749 1436 1820 ποιῆσαι.
1500 1750 1664 1822 Ὀρᾷς
1690 1746 1775 1804 δτι

83 1840 653 1913 ὁπληροφορούμενος
699 1839 843 1912 ὑπὲρ
881 1831 957 1893 ὧν
988 1837 1069 1904 ,ἀν
1109 1839 1139 1892 6
1185 1837 1318 1902 Θεὸς
1363 1836 1772 1910 ἀποφαίνηται.

82 1928 240 1993 δόξαν
273 1929 461 1983 δίδωσι
489 1926 568 2000 τῷ
594 1926 743 2003 Θεῷ;
775 1927 841 1983 EI
875 1925 1057 1980 τοίνυν
1086 1925 1245 1991 δόξαν
1268 1924 1454 1979 δίδωσι
1488 1923 1568 1999 τῷ
1597 1923 1719 1994 Θεῷ
1746 1925 1775 1978 6

83 2015 361 2071 πιστεύων
397 2016 571 2088 αὐτῷ,
602 2017 631 2070 6
663 2015 909 2075 ἀπιστῶν
937 2013 1089 2085 αὑτῷ
1118 2013 1214 2086 τὴν
1247 2013 1474 2086 ἀτιμίαν
1501 2013 1669 2068 αὑτοῦ
1694 2013 1777 2080 είς

83 2105 178 2176 τὴν
219 2104 422 2162 ἐαυτοῦ
468 2104 798 2178 περιτρέπει
859 2103 1130 2174 κεφαλήν.
1162 2102 1246 2156 Σὺ
1284 2103 1378 2169 τίς
1426 2098 1485 2157 εἴ
1526 2105 1560 2157 ό
1592 2101 1774 2156 ἀντα-

84 2197 522 2265 ποκρινόμενος
548 2192 628 2260 τῷ
650 2191 772 2260 Θεῷ
784 2209 804 2258 ;
823 2188 956 2246 Εἶτα
985 2191 1310 2262 βουλόμενος
1332 2190 1504 2260 δεῖξαι
1527 2190 1589 2244 τὸ
1611 2189 1778 2260 μέσον

83 2283 202 2336 ὅσον
233 2283 383 2336 ἐστὶν
412 2281 703 2354 ἀνθρώπου
743 2280 840 2334 καὶ⁷
895 2279 1056 2344 Θεοῦ,
1089 2278 1292 2347 ἔδειξεν
1337 2278 1438 2349 οὑχ
1470 2278 1596 2331 ὅσον
1630 2277 1739 2331 ἔδει
1759 2290 1777 2308 ³

84 2370 222 2443 πλὴν
258 2371 364 2426 ἀπὸ
395 2368 492 2424 τοῦ
522 2369 772 2432 δοθέντος
794 2365 1200 2438 ὑποδείγματος
1229 2366 1456 2430 δυνατὸν
1477 2365 1573 2419 καὶ
1598 2363 1778 2438 πολλῷ

87 2459 337 2529 μείζονος
376 2457 646 2528 διαφορᾶς
690 2455 906 2509 ἔννοιαν
940 2453 1148 2510 λαϐεῖν.
1187 2452 1254 2507 Τί
1307 2452 1419 2525 γάρ
1454 2468 1626 2524 φησι;
1677 2450 1793 2520 Μὴ

83 2545 205 2614 ἐρεῖ
245 2545 313 2600 τὸ
337 2543 595 2614 πλάσμα
636 2543 719 2610 τῷ
753 2540 1088 2608 πλάσαντι,
1128 2541 1188 2595 τί
1223 2557 1304 2612 με
1350 2541 1652 2608 ἐποίησας
1679 2539 1780 2593 οὔ·

85 2649 224 2701 τως;
266 2635 345 2688 Ἦ
375 2634 489 2687 οὐκ
521 2631 646 2702 ἔχει
671 2630 970 2695 ἐξουσίαν
998 2631 1032 2684 ὀ
1077 2627 1375 2699 κεραμεὺς
1416 2627 1530 2681 τοῦ
1573 2625 1779 2696 πηλοῦ

85 2722 148 2776 ἐκ
173 2721 288 2776 τοῦ
315 2719 507 2776 αὐτοῦ
553 2717 906 2789 φυράματος
944 2716 1200 2786 ποιῆσαι
1236 2715 1268 2770 ὃ
1296 2715 1416 2786 μὲν
1463 2717 1550 2782 εις
1594 2706 1780 2785 τιμὴν

87 2810 332 2876 σκεῦος,
361 2807 394 2863 6
433 2806 503 2862 δὲ
537 2810 628 2874 είς
663 2807 943 2877 ἀτιμίαν;
972 2805 1040 2858 Τί
1088 2805 1313 2873 λέγεις;
1350 2803 1528 2868 οὕτως
1577 2802 1780 2872 ὀφείλω

89 2897 411 2956 ὑποκεῖσθαι
430 2896 510 2967 τῷ
532 2894 652 2967 Θεῷ
687 2896 764 2959 ὼς
789 2896 818 2947 6
839 2892 1012 2966 πηλὸς
1040 2891 1120 2963 τῷ
1151 2893 1422 2963 κεραμεῖ;
1453 2891 1586 2957 Ναὶ,
1621 2893 1776 2962 φησί·

85 2987 341 3041 τοσοῦτον
367 2985 478 3057 γὰρ
498 2970 751 3054 τὸμέσον
776 2980 1072 3054 ἀνθρώπου
1111 2980 1210 3034 καὶ
1251 2979 1414 3040 Θεοῦ,
1440 2980 1567 3035 ὅσον
1599 2979 1777 3052 πηλοῦ

88 3078 178 3135 καὶ
207 3075 525 3148 κεραμέως·
561 3071 764 3143 μᾶλλον
808 3071 867 3124 δέ
889 3069 1011 3124 οὐδὲ
1043 3068 1298 3123 τοσοῦτον
1318 3070 1380 3123 τὸ
1406 3069 1594 3140 μέσον,
1643 3067 1781 3124 ἀλλά

88 3165 180 3218 καὶ
207 3162 394 3233 πολλῷ
419 3161 604 3216 πλέον.
647 3157 831 3231 Πηλοῦ
863 3159 965 3230 μὲν
1000 3157 1113 3229 γὰρ
1160 3158 1256 3212 καὶ
1293 3158 1590 3230 κεραμέως
1621 3157 1781 3210 οὐσία

92 3256 211 3321 μία,
247 3251 503 3321 καθάπερ
523 3250 620 3302 καὶ
649 3247 802 3320 παρὰ
830 3246 910 3318 τῷ
957 3245 1079 3300 Ἰὼϐ
1110 3246 1351 3316 εἴρηται·
1394 3245 1507 3300 Ἐὧ
1541 3244 1612 3298 δὲ
1637 3244 1781 3312 τοὺς

89 3339 525 3405 κατοικοῦντας
551 3337 744 3400 οίκίας
766 3334 1053 3403 πηλίνας,
1073 3333 1144 3398 ἐξ
1174 3329 1246 3389 οὗ
1270 3333 1369 3387 καί
1390 3335 1564 3389 αὐτοί
1590 3334 1782 3403 ἐσμεν

90 3432 155 3490 ἐκ
204 3430 312 3492 τοῦ
354 3429 543 3490 αὐτοῦ
597 3413 824 3495 πηλοῦ.
881 3426 946 3479 Εἰ
989 3425 1047 3478 δὲ
1098 3422 1341 3495 ἀμείνων
1387 3417 1641 3493 φαίνεται
1685 3423 1782 3477 καὶ

91 3521 531 3593 εὐπρεπέστερος
552 3519 765 3579 ἐκείνου
794 3519 824 3571 ὁ
855 3516 1167 3588 άνθρωπος,
1193 3514 1295 3587 τὴν
1327 3513 1596 3585 διαφοράν
1619 3513 1720 3585 οὐχ
1744 3515 1779 3584 ἠ

94 3607 362 3678 ἐναλλαγὴ
389 3607 493 3686 τῆς
522 3606 762 3676 φύσεως,
812 3604 930 3659 ἀλλ’
969 3606 1002 3674 ή
1047 3603 1212 3673 σοφία
1245 3601 1340 3657 τοῦ
1389 3602 1638 3674 τεχνίτου
1677 3618 1782 3655 πε-

93 3698 306 3768 ποίηκε·
345 3695 500 3770 [459]
533 3695 656 3755 ἐπεὶ
699 3691 872 3763 πηλοῦ
904 3691 1058 3746 οὐδὲν
1086 3691 1404 3763 διέστηκας.
1445 3691 1510 3745 El
1549 3691 1608 3746 δέ
1649 3692 1782 3745 ἀπι-

97 3781 256 3843 στεῖς,
274 3776 618 3834 πειθέτωσάν
650 3792 710 3830 σε
724 3776 780 3836 αἱ
812 3775 963 3848 σοροὶ
984 3775 1078 3839 καὶ
1107 3770 1163 3829 αί
1190 3773 1466 3846 λάρνακες
1486 3792 1502 3807 ·
1540 3776 1636 3828 ἐπί
1667 3775 1782 3846 γὰρ

93 3869 212 3930 τοὺς
247 3869 456 3935 τάφους
479 3862 733 3918 ἀπελθὼν
757 3863 867 3918 τῶν
897 3862 1183 3934 προγόνων
1208 3863 1333 3936 εἴσῃ
1364 3861 1448 3916 ὅτι
1473 3852 1654 3916 ταῦτα
1684 3860 1782 3933 οῦ-

91 3970 195 4018 τως
221 3952 357 4024 ἔχει.
384 3948 566 4023 Πηλοῦ
599 3950 699 4021 μὲν
733 3942 827 4004 οῦν
855 3948 952 4002 καὶ
990 3948 1283 4020 κεραμέως
1310 3946 1465 4002 οὐδὲν
1497 3947 1561 4000 τὸ
1591 3946 1777 4017 μέσον⁹

93 4037 224 4102 Θεοῦ
253 4038 310 4091 δὲ
348 4037 445 4090 καὶ
488 4033 797 4107 ἀνθρώπων
833 4034 936 4104 τῆς
979 4033 1169 4096 οὐσίας
1200 4031 1458 4086 τοσοῦτον
1481 4031 1542 4084 τὸ
1581 4031 1780 4101 μέσον,

91 4128 211 4192 ὅσον
242 4125 363 4180 οὐδὲ
382 4124 543 4193 λόγος
564 4122 916 4196 παραστῆσαι
945 4121 1196 4188 δύναται,
1220 4120 1346 4174 οὐδὲ
1374 4119 1556 4175 ἐννοια
1581 4120 1786 4191 μετρῆ-

76 4227 180 4281 ’σαι
209 4215 402 4286 χωρεῖ.
439 4212 650 4282 Ὠσπερ
688 4206 785 4265 οῦν
827 4211 856 4264 6
886 4209 1059 4282 πηλὸς
1083 4208 1279 4263 ἕπεται
1308 4211 1433 4272 ταῖς
1481 4209 1642 4279 χερσὶ
1685 4208 1783 4286 τοῦ

94 4284 405 4373 κεραμέως,
438 4293 585 4372 ᾗπερ
615 4298 683 4353 ἂν
707 4299 916 4362 ἐκεῖνος
945 4297 1083 4371 ἐλκῃ
1111 4297 1210 4352 καὶ
1231 4315 1300 4350 πε
1309 4296 1496 4369 ριάγῃ·
1518 4295 1663 4352 οὕτω
1688 4284 1785 4350 καὶ

95 4390 156 4444 σὺ
188 4389 335 4457 κατά
372 4389 465 4441 τὸν
495 4386 668 4458 πηλὸν
702 4385 920 4466 ἄφωνος
953 4384 1067 4452 ἐσο,
1103 4387 1237 4440 ὅταν
1265 4386 1294 4439 6
1317 4385 1452 4449 Θεὸς
1476 4386 1785 4454 οἰκονομεῖν

93 4495 142 4544 τι
169 4477 450 4548 βούληται.
486 4473 621 4542 Οὑδέ
643 4473 754 4548 γάρ
779 4471 1191 4544 ἀφαιρούμενος
1216 4471 1317 4546 τὴν
1345 4471 1596 4540 ἐξουσίαν
1625 4472 1786 4546 ἡμῶν

95 4565 192 4639 (μὴ
223 4563 486 4636 γένοιτο),
506 4561 628 4616 οὐδὲ
650 4560 730 4633 τῷ
753 4558 1094 4632 αὐτεξουσίῳ
1146 4560 1575 4633 λυμαινόμενος,
1606 4559 1786 4617 ταῦτα

98 4642 316 4727 εἴρηκεν
343 4655 375 4708 ό
404 4653 644 4719 Παῦλος,
676 4651 794 4706 ἀλλ’
825 4639 910 4705 ἐκ
939 4650 1146 4723 πολλῆς
1180 4651 1284 4722 τῆς
1325 4651 1648 4724 περιουσίας
1686 4653 1786 4725 τὴν

97 4742 386 4806 αὐθάδειαν
431 4741 591 4814 ήμῶν
625 4738 1032 4811 ἐπιστομίζων·
1080 4740 1130 4793 εί
1174 4739 1234 4792 δέ
1271 4739 1455 4802 δοκεῖ,
1491 4740 1590 4794 καὶ
1624 4739 1787 4794 τοῦτο

100 4830 317 4901 ἴδωμεν.
348 4829 415 4882 Τί
445 4846 577 4882 ποτε
611 4828 722 4900 ἄρα
750 4826 1128 4899 ἐϐουλήθησαν
1155 4827 1358 4881 ἐκεῖνοι
1395 4827 1591 4898 μαθεῖν
1612 4868 1628 4893 ,
1686 4828 1785 4881 καὶ

95 4916 234 4971 οὓτω
256 4916 509 4988 σφοδρῶς
549 4916 749 4981 αὐτοὺς
795 4916 1198 4988 ἐπεστόμισεν;
1236 4912 1348 4989 ἀρα
1389 4917 1583 4971 οὐσίαν
1624 4934 1786 4988 περι-

97 5007 444 5081 ειργάζοντο;
473 5004 763 5076 Οὐδαμῶς·
797 5005 974 5068 οὐδεὶς
1004 5005 1116 5078 γάρ
1151 5004 1312 5059 τοῦτο
1352 5005 1654 5084 ἐτόλμησεν
1691 5006 1787 5060 οὐ-

97 5097 304 5158 δέποτε,
341 5094 480 5162 ἀλλά
506 5093 569 5161 τὸ
595 5093 778 5168 πολλῷ
800 5094 1044 5158 ἐλαττον,
1073 5093 1391 5166 οίκονομίας
1423 5094 1652 5167 ἐζήτουν
1690 5093 1785 5150 τοῦ

98 5183 247 5242 Θεοῦ·
265 5179 382 5237 οἷον
419 5182 600 5248 διὰ,τί
632 5182 661 5236 6
697 5182 846 5238 δεῖνα
881 5181 1195 5247 κολάζεται,
1234 5182 1330 5237 καὶ
1361 5181 1452 5236 διὰ
1492 5181 1546 5235 τί
1575 5184 1604 5236 6
1639 5183 1790 5239 δεῖνα

103 5273 347 5328 ἐλεεῖται·
375 5273 464 5327 διὰ
490 5271 545 5338 τί
577 5273 608 5326 6
631 5271 778 5326 δεῖνα
803 5272 1207 5342 ἀπαλλάττεται
1250 5272 1546 5345 τιμωρίας,
1577 5276 1607 5329 6
1647 5275 1703 5329 δέ
1729 5275 1789 5330 ἐν

100 5361 286 5434 δεινοῖς
317 5365 471 5416 ἐστι’
519 5361 615 5432 καὶ
663 5363 692 5415 6
739 5360 838 5432 μὲν
886 5359 1217 5433 συγγνώμης
1253 5360 1474 5434 ἔτυχεν,
1524 5365 1553 5417 6
1583 5363 1641 5417 δὲ
1688 5364 1790 5418 οὐκ

101 5451 271 5522 ἔτυχε.
302 5451 493 5506 Ταῦτα
520 5451 630 5522 γάρ
662 5451 756 5504 καὶ
787 5450 856 5504 τά
885 5435 1112 5505 τοιαῦτα
1143 5450 1390 5522 ἐζήτουν.
1430 5451 1604 5506 Πόθεν
1625 5453 1790 5525 δῆλον

103 5538 286 5605 τοῦτο;
330 5540 427 5594 Ἐκ
449 5537 562 5592 τῶν
587 5537 847 5610 ἀνωτέρω
868 5536 1097 5592 τούτων·
1134 5537 1307 5593 εἰπὼν
1330 5540 1462 5612 γὰρ,
1500 5541 1654 5610 Ἀρα
1671 5537 1790 5599 οὖν

105 5627 170 5692 6r
195 5628 354 5683 θέλει
374 5627 569 5695 ἐλεεῖ,
610 5626 686 5681 ὃν
733 5626 802 5688 δὲ
852 5627 1012 5683 θέλει
1052 5631 1409 5698 σκληρύνει.
1457 5631 1646 5701 Ἐρεῖς
1675 5628 1790 5690 οὖν

101 5731 213 5790 μοι·
248 5715 308 5769 Τί
327 5716 416 5770 ἐτι
440 5714 769 5786 μέμψεως
817 5714 899 5782 τῷ
951 5716 1064 5787 τὰρ
1104 5706 1452 5789 βουλήμὰτι
1479 5719 1669 5778 αὐτοῦ
1697 5721 1790 5786 τις

163 5853 186 5885 ⁸
215 5850 309 5904 Alii
328 5866 440 5904 cum
471 5850 658 5910 Savilio
680 5852 759 5902 καὶ
778 5852 1098 5918 διερευνᾶσθαι

1115 402 1204 458 DE
1240 394 1944 461 INCOMPREHENSIBILI
1984 405 2096 461 DEI
2138 407 2448 466 NATUBA.
2481 412 2545 467 ll.

3456 399 3566 459 ἠδ

1880 522 2256 594 άνθέστηκε;
2283 527 2407 581 τότε
2441 528 2742 599 ἐπήγαγεν,
2790 521 3048 581 Μενοῦν·
3068 539 3157 593 τε,
3184 513 3232 578 ὦ
3258 519 3566 590 ἄνθρωπε,

1876 609 1960 664 σὺ
1985 612 2086 679 τίς
2113 608 2173 667 εἴ
2204 617 2237 669 ό
2275 616 2868 685 ἀνταποκρινόμενος
2900 609 2981 678 τῷ
3020 610 3180 677 Θεῷ;
3234 605 3567 678 οῑκονομίας

1875 699 2056 754 τοίνυν
2080 701 2380 773 ζητοῦντας
2412 702 2872 776 περιεργάζεσθαι
2903 697 3246 770 ἐπιστομίζει
3265 699 3294 751 6
3328 695 3566 759 Παῦλος.

1876 784 2010 841 Εἶτα
2039 790 2270 855 ἐκείνοις
2302 793 2401 863 μέν
2441 794 2562 847 οὐδὲ
2591 791 2767 846 ταῦτα
2799 789 3039 861 ἀφίεται·
3070 790 3135 843 σὺ
3171 787 3228 840 δέ
3259 786 3359 856 τὴν
3387 801 3569 857 μακα-

1878 876 2003 946 ρίαν
2034 878 2224 933 οὐσίαν
2250 880 2348 953 τὴν
2388 881 2569 936 πάντα
2604 878 2998 952 οίκονομοῦσαν
3024 877 3054 917 ι’
3088 870 3574 944 πολυπραγμονῶν

1878 965 1978 1034 οὐχ
2009 964 2118 1036 ἡγῇ
2167 967 2380 1037 μυρίων
2429 966 2579 1032 ἄξιος
2633 963 2774 1021 εἶναι
2822 962 3115 1037 σκηπτῶν;
3161 962 3257 1014 καὶ
3299 957 3420 1023 πῶς
3469 958 3569 1017 οὐκ

1878 1049 2114 1121 ἐσχάτης
2134 1052 2307 1107 ταῦτα
2337 1055 2571 1125 μανίας;
2606 1055 2874 1108 ’Ἄκουσον
2917 1050 3014 1105 τοῦ
3049 1049 3335 1122 προφήτου
3381 1046 3542 1115 λέγον

1876 1154 1988 1202 τος,
2017 1139 2216 1210 μᾶλλον
2243 1141 2300 1194 δέ
2319 1141 2415 1195 τοῦ
2438 1141 2575 1196 Θεοῦ
2611 1141 2676 1224 δις
2701 1141 2934 1194 ἐκείνου·
2959 1141 3030 1194 Εί
3067 1135 3266 1204 πατὴρ
3287 1134 3403 1205 ἐγώ
3426 1136 3568 1224 ειμι,

1877 1228 1996 1282 ποῦ
2026 1229 2202 1284 ἐστιν
2225 1231 2262 1298 ἠ
2286 1230 2437 1296 δόξα
2458 1247 2618 1301 μου;
2659 1222 2759 1285 καί
2795 1232 2847 1284 εί
2889 1229 3106 1296 Κύριος
3135 1225 3250 1298 ἐγώ
3276 1226 3417 1294 ειμι,
3450 1222 3572 1276 ποῦ

1876 1316 2049 1369 ἐστιν
2079 1320 2112 1371 ό
2146 1318 2331 1386 φόϐος
2353 1335 2518 1388 μου;
2561 1320 2620 1372 '0
2651 1318 2761 1389 γάρ
2799 1315 3135 1387 φοϐούμενος
3163 1315 3225 1367 οὐ
3263 1309 3571 1383 περιεργά-

1879 1401 2054 1467 ζεται,
2077 1404 2215 1460 ἀλλά
2244 1409 2561 1479 προσκυνεῖ,
2600 1407 2661 1460 οὐ
2685 1406 3155 1477 πολυπραγμονεῖ,
3181 1401 3299 1456 ἀλλ’
3330 1399 3574 1470 εὐφημεῖ

1880 1491 1974 1545 κα)⁸
2003 1492 2236 1558 δοξάζει.
2271 1494 2687 1551 Διδασκέτωσάν
2731 1511 2790 1547 σε
2839 1491 3014 1547 ταῦτα
3046 1491 3142 1545 καὶ
3179 1491 3238 1543 αἱ
3267 1489 3380 1542 ἄνω
3411 1487 3575 1541 δυνά-

1885 1595 2007 1650 μεις
2039 1581 2135 1634 καλΙ
2164 1583 2192 1635 6
2218 1570 2751 1656 μακάριοςῖΠαῦλος·
2785 1582 2846 1635 o6
2870 1579 2981 1652 γὰρ
3013 1579 3227 1652 ἑτέροις.
3254 1577 3355 1649 μέν
3388 1574 3569 1632 ταῦτα

1881 1667 2221 1740 ἐπιπλήττει,
2244 1671 2407 1734 αὐτὸς
2438 1670 2494 1724 δὲ
2519 1671 2616 1742 οὐχ
2653 1669 2798 1724 οὕτω
2825 1668 3116 1722 διάκειται.
3144 1667 3415 1719 ¹Ἄκουσον
3440 1662 3577 1734 γοῦν

1878 1755 1930 1810 τί
1958 1756 2342 1834 Φιλιππησίοις
2394 1758 2562 1830 φησὶ,
2614 1757 2830 1822 δεικνὺς
2873 1756 2956 1809 ὅτι
3007 1754 3244 1827 μερικὴν
3272 1753 3575 1823 ἐπίγνωσιν

1880 1844 1994 1916 ἔχει
2029 1845 2306 1918 (καθάπερ
2349 1847 2443 1902 καὶ
2489 1845 2801 1919 Κορινθίοις
2834 1844 3064 1921 γράφων
3097 1843 3286 1912 ἑλεγεν
3333 1843 3439 1909 ὃτι,
3475 1842 3576 1895 Ἐκ

1876 1931 2101 2002 μέρους
2137 1934 2572 2006 γινώσκομεν),
2604 1935 2699 1992 καὶ
2726 1934 2822 1988 τοῦ
2854 1932 3056 1996 παντὸς
3095 1932 3329 1987 οὐδέπω·
3354 1931 3450 1985 καὶ
3477 1928 3576 1985 νῦν

1882 2021 2249 2093 ἐπείληπται·
2311 2022 2629 2093 Ἀδελφοί,
2679 2021 2795 2093 ἐγὼ
2843 2019 3111 2092 ἐμαυτὸν
3156 2022 3230 2075 οὐ
3269 2016 3579 2091 λογίζομαι

1861 2111 2324 2180 κατειληφέναι.
2366 2111 2433 2165 Τί
2460 2110 2667 2182 ταύτης
2698 2109 3032 2181 σαφέστερον
3060 2109 3164 2179 τῆς
3186 2106 3407 2180 φωνῆς;
3435 2106 3577 2162 Σάλ-

1882 2214 2082 2269 πιγγος
2130 2198 2510 2274 λαμπρότερον
2578 2199 2774 2271 ἐϐόησε
2826 2197 2925 2269 τὴν
2978 2196 3310 2268 οἰκουμένην
3355 2195 3577 2252 ἃπασαν

1881 2286 2154 2341 παιδεύων
2180 2289 2400 2359 ἀγαπᾷν
2428 2289 2523 2343 καὶ
2549 2288 2799 2361 στέργειν
2842 2285 2921 2357 τῷ
2959 2284 3169 2339 δοθέντι
3198 2285 3296 2354 τῆς
3321 2281 3580 2352 γνώσεως

1884 2373 2092 2446 μέτρῳ,
2139 2377 2233 2429 καὶ
2264 2377 2340 2448 μὴ
2385 2375 2631 2448 νομίζειν
2665 2374 2726 2428 τὸ
2765 2375 2874 2428 πᾶν
2924 2371 3284 2442 ἐπειληφέναι
3324 2368 3482 2424 ποτέ.
3509 2369 3580 2423 Τί

1879 2461 2081 2531 λέγεις,
2104 2457 2227 2520 ε’ίπέ
2253 2481 2378 2538 μοι;
2406 2464 2499 2518 τὸν
2525 2463 2761 2534 Χριστὸν
2786 2462 2931 2534 ἔχεις
2958 2463 3016 2516 ἐν
3046 2458 3262 2531 σεαυτῷ
3285 2455 3576 2524 λαλοῦντα,

1883 2548 1978 2603 καὶ
2001 2549 2181 2619 λέγεις
2218 2552 2322 2615 ὅτι,
2369 2551 2520 2621 Ἐγὼ
2553 2553 2626 2607 οὺ
2651 2549 2956 2621 λογίζομαι
2993 2546 3258 2620 ἐμαυτὸν
3291 2547 3577 2612 κατειλη-

1882 2637 2095 2708 φέναιὶ
2127 2639 2228 2693 Διὰ
2248 2641 2357 2715 γάρ
2386 2641 2522 2696 αὐτὸ
2548 2641 2728 2705 τοῦτο,
2770 2639 2960 2711 φησὶν,
2990 2633 3167 2702 εἶπον,
3196 2637 3282 2691 ὃτι
3310 2634 3405 2689 τδν
3434 2634 3578 2706 Χρι-

1884 2727 2010 2780 στὸν
2039 2727 2147 2798 ἐχω
2166 2728 2224 2782 ἐν
2250 2728 2473 2802 ἐμαυτῷ
2505 2727 2796 2785 λαλοῦντα·
2821 2726 2987 2790 αὑτός
3011 2743 3079 2797 με
3100 2724 3278 2778 ταῦτα
3311 2719 3576 2786 ἐδίδαξεν.

1887 2816 2049 2869 Ὥστε
2080 2816 2175 2869 καὶ
2203 2809 2370 2878 οὗτοι,
2409 2819 2458 2870 εί
2488 2816 2564 2889 μὴ
2596 2816 2877 2879 παντελῶς
2910 2815 3112 2888 ἔρημοι
3145 2812 3246 2883 τῆς
3277 2809 3376 2865 τοῦ
3399 2808 3581 2865 Πνεύο

1885 2908 2055 2974 ματος
2077 2899 2218 2976 ἦσαν
2247 2905 2520 2976 βοηθείας,
2546 2907 2642 2960 καὶ
2663 2905 2764 2978 τὴν
2793 2904 3078 2977 ἐνέργειαν
3107 2900 3274 2956 αὐτοῦ
3305 2901 3491 2954 πᾶσαν
3515 2901 3582 2955 ἐκ

1879 2990 1982 3062 τῆς
2014 2991 2227 3045 ἐαυτῶν
2247 2990 2538 3047 ἀπώσαντο
2564 2993 2766 3064 ψυχῆς,
2815 2992 2917 3046 οὐκ
2943 2990 3031 3055 ἂν,
3059 2988 3276 3045 Παύλου
3301 2987 3577 3056 λέγοντος,

1885 3080 1968 3132 Οὐ
1992 3077 2297 3149 λογίζομαι
2317 3080 2581 3150 ἐμαυτὸν
2603 3079 3055 3151 κατειληφέναι,
3075 3077 3232 3132 αὐτοὶ
3252 3074 3347 3130 τοῦ
3372 3073 3578 3139 παντὸς

1879 3167 2204 3239 ἐπειλῆφθαι
2231 3168 2511 3240 ἐνόμισαν.

1954 3254 2108 3329 [460]
2125 3262 2196 3321 ς’.
2213 3257 2324 3312 Καὶ
2338 3256 2503 3312 πόθεν
2517 3256 2695 3328 δῆλον,
2716 3258 2901 3329 φησὶν,
2916 3258 2997 3311 ὅτι
3011 3256 3141 3328 περὶ
3157 3254 3396 3316 πίστεως
3407 3249 3580 3306 ταῦτα

1881 3344 2029 3414 λέγει
2064 3345 2160 3399 καὶ
2189 3344 2446 3415 γνώσεως
2474 3348 2571 3401 καὶ
2594 3347 2906 3418 δογμάτων,
2931 3346 3026 3400 καὶ⁹
3045 3347 3167 3417 οὐχὶ
3192 3362 3260 3398 πε
3269 3344 3322 3416 pl
3345 3343 3462 3415 βίου
3483 3341 3581 3397 καὶ

1882 3432 2181 3498 πολιτείας·
2199 3434 2281 3486 ὅτι
2303 3432 2467 3504 ἀτελῆ
2493 3433 2729 3505 ἐμαυτὸν
2753 3433 2960 3506 νομίζω
2979 3435 3036 3486 ἐν
3064 3433 3163 3503 βίῳ
3187 3433 3284 3485 καὶ
3306 3429 3578 3500 πολιτείας

1881 3523 2138 3576 Μάλιστα
2156 3521 2255 3593 μέν
2270 3518 2364 3577 οὖν
2388 3520 2548 3577 τοῦτο
2563 3522 2722 3594 δῆλον
2744 3523 3003 3595 ἐποίησεν
3025 3520 3217 3575 είπών·
3243 3519 3358 3574 Τὸν
3371 3515 3582 3588 ἀγῶνα

1881 3608 1992 3664 τὸν
2033 3609 2228 3664 καλὸν
2268 3608 2635 3681 ὴγιὶηρισμαι,
2679 3611 2789 3664 τὸν
2843 3610 3069 3680 δρόμον
3103 3606 3422 3670 τετέλεκα,
3463 3604 3583 3672 τὴν

1883 3698 2095 3753 πίστιν
2107 3698 2408 3767 τετήρηκα
2425 3713 2441 3731 ·
2463 3697 2682 3754 λοιπὸν
2705 3698 3016 3753 ἀπόκειταί
3041 3715 3142 3767 μοι
3159 3699 3193 3751 ό
3222 3695 3335 3763 τῆς
3357 3693 3583 3748 δικαιο-

1883 3787 2085 3854 σύνης
2128 3788 2454 3856 στέφανος.
2506 3787 2564 3841 Ὀ
2629 3786 2687 3840 δέ
2728 3786 2820 3840 τὸν
2868 3787 3139 3855 στέφανον
3201 3782 3414 3858 μέλλων
3441 3783 3584 3837 ἀπο-

1882 3877 2205 3949 λαμϐάνειν,
2238 3878 2333 3930 καὶ
2370 3877 2463 3931 τὸν
2497 3876 2697 3948 δρόμον
2733 3875 2993 3938 τελέσας,
3023 3874 3124 3928 οὐκ
3153 3872 3219 3927 ἂν
3249 3869 3436 3937 εἶπεν,
3492 3873 3576 3925 Οὐ

1881 3964 2188 4036 λογίζομαι
2245 3965 2510 4035 ἐμαυτὸν
2587 3966 3032 4034 κατειληφέναι.
3101 3962 3313 4025 Ἀλλως
3382 3960 3441 4014 δέ
3503 3959 3575 4014 τά

1885 4055 2167 4127 πρακτέα,
2204 4056 2301 4109 καὶ
2341 4054 2413 4109 τά
2452 4054 2528 4127 μὴ
2568 4054 2854 4126 πρακτέα,
2896 4054 3073 4108 οὐδενὶ
3118 4052 3228 4106 τῶν
3267 4049 3576 4122 ἀνθρώπων

1885 4142 2034 4196 ἐστὶν
2063 4153 2085 4180 ο
2119 4142 2301 4214 ἀφανῆ
2322 4182 2337 4205 ,
2365 4143 2504 4196 ἀλλά
2533 4144 2665 4196 πᾶσι
2698 4142 2834 4213 δῆλα
2867 4143 2964 4196 καὶ
3005 4139 3282 4212 γνώριμα,
3308 4139 3402 4192 καὶ
3441 4137 3576 4210 βαρ-

1885 4227 2074 4299 ϐάροις
2115 4228 2212 4283 καὶ
2234 4229 2472 4300 Πέρσαις
2501 4231 2604 4294 καὶ,
2627 4229 2795 4283 παντὶ
2830 4228 2908 4298 τῷ
2937 4228 3049 4281 τῶν
3075 4224 3384 4299 ἀνθρώπων
3411 4225 3582 4294 γένει.

1885 4315 2007 4370 ἰνα
2031 4315 2089 4369 δὲ
2109 4315 2206 4370 καὶ
2238 4316 2574 4388 σαφέστερον
2603 4317 2631 4370 ὃ
2655 4317 2804 4385 λέγω
2834 4315 3048 4386 ποίησω
3067 4356 3082 4381 ,
3131 4315 3304 4386 αὐτῆς
3335 4311 3586 4382 ἀναγνώ-

1887 4419 2055 4475 σομαι
2076 4405 2179 4476 τῆς
2212 4405 2523 4478 περικοπῆς
2553 4405 2908 4460 ἀκολουθίαν·
2942 4404 3114 4458 εἰπὼν
3142 4404 3276 4476 γάρ,
3315 4403 3587 4457 Βλέπετε

1885 4491 2032 4558 τοὺς
2085 4492 2298 4559 κύνας,
2343 4491 2611 4558 βλέπετε
2670 4493 2814 4559 τοὺς
2874 4493 3104 4559 κακοὺς
3145 4491 3401 4562 ἐργάτας
3419 4533 3433 4557 ,
3483 4490 3587 4543 καὶ

1886 4580 2060 4633 πολλά
2087 4579 2391 4651 διαλεχθεὶς
2427 4582 2558 4652 περὶ
2603 4582 2713 4635 τῶν
2752 4582 3090 4650 εἰσαγόντων
3139 4580 3406 4636 Ἰουδαϊκὰ
3457 4579 3586 4649 δόγ-

1890 4686 2037 4743 ματα
2060 4669 2308 4741 ἀκαίρως
2324 4665 2375 4736 δ,
2405 4670 2656 4743 ἐπήγαγε
2684 4669 2860 4740 λέγων
2875 4687 2888 4700 ·
2912 4669 3126 4724 ’Ἀτινα
3149 4664 3229 4739 ἦν
3244 4687 3348 4738 μοι
3375 4667 3583 4737 κέρδη,

1887 4756 2076 4812 ταῦτα
2104 4756 2330 4829 ἥγημαι
2352 4758 2451 4814 διὰ
2478 4759 2588 4814 τὸν
2605 4759 2866 4829 Χριστὸν
2886 4759 3125 4829 ζημίαν·
3149 4759 3313 4812 ἀλλὰ
3333 4756 3453 4827 μὲν
3472 4753 3589 4811 οὖν

1886 4863 1956 4915 τε
1999 4844 2098 4901 καί
2139 4846 2447 4918 ἡγήσομαι
2485 4847 2561 4902 τὰ
2598 4846 2797 4901 πάντα
2833 4847 3067 4917 ζημίαν,
3101 4846 3203 4899 ἵνα
3242 4843 3464 4914 εὑρεθῶ
3495 4842 3585 4913 μὴ

1888 4932 2049 5003 έχων
2078 4933 2480 5004 δικαιοσύνην
2503 4934 2622 5005 τὴν
2639 4936 2709 4989 ἐκ
2744 4936 2955 5004 νόμου,
2983 4934 3144 4988 ἀλλά
3177 4931 3295 5001 τὴν
3329 4932 3399 4985 ἐκ
3436 4930 3586 4986 Θεοῦ

1887 5022 2308 5093 δικαιοσύνην,
2343 5023 2459 5093 τὴν
2496 5020 2597 5078 διὰ
2624 5023 2736 5093 τῆς
2768 5024 3028 5090 πίστεως
3057 5022 3266 5091 Ἰησοῦ
3301 5019 3584 5090 Χριστοῦ.

1889 5107 2025 5165 Εἶτα
2059 5111 2206 5182 λέγει
2243 5112 2404 5176 ποίας
2433 5112 2694 5178 πίστεως,
2735 5113 2844 5167 Τοῦ
2870 5110 3094 5182 γνῶναι
3118 5105 3310 5184 αὑτὸν
3338 5110 3436 5163 καί
3471 5109 3590 5178 τὴν

1889 5199 2151 5272 δύναμιν
2198 5200 2314 5271 τῆς
2364 5200 2764 5267 ἀναστάσεως
2808 5200 2995 5257 αὐτοῦ
3058 5200 3158 5254 καὶ
3212 5196 3332 5268 τὴν
3375 5215 3586 5252 κοινω-

1888 5289 2031 5343 νίαν
2061 5289 2183 5343 τῶν
2209 5287 2579 5359 παθημάτων
2613 5287 2823 5345 αὐτοῦ.
2859 5288 2925 5340 Τί
2969 5281 3116 5353 ἐστι,
3163 5288 3430 5358 δύναμιν
3473 5287 3585 5358 τῆς

1888 5376 2290 5447 ἀναστάσεως
2332 5379 2560 5445 αὑτοῦ;
2601 5378 2805 5442 Καινός
2843 5396 2950 5444 τις,
2995 5377 3195 5450 φησὶν,
3232 5378 3587 5442 ἀναστάσεως

1890 5477 2237 5589 “3361mm
2269 5495 2388 5532 mss.
2410 5483 2498 5541 τήν
2516 5479 2670 5531 ταῦτα
2700 5479 3067 5545 οἰκονομοῦσαν.
3097 5481 3255 5532 Paulo
3283 5462 3583 5531 ante'Savil.

1917 5557 2161 5676 φξιῖῗᾷεερ
2179 5604 2276 5676 τᾷξν
2298 5606 2577 5676 ἀνθρώπων,
2601 5606 2844 5670 ἄνθρωπε,
2866 5606 3013 5676 ἐστίν.

1953 5662 1981 5704 δ
2007 5665 2091 5715 Sic
2114 5664 2264 5731 Savll,
2311 5662 2615 5731 et'maxin'na
2640 5662 2754 5731 μέτε
2803 5662 2920 5718 diss.
2960 5669 3015 5719 In
3058 5667 3234 5719 Morel.
3260 5680 3383 5719 vero
3423 5666 3588 5717 εὐκαῇ

1890 5742 2008 5794 pm:1
2036 5729 2311 5790 anteposita
2335 5731 2542 5794 vjljgula.
2570 5729 2681 5794 Mai;
2704 5731 2951 5794 inrnorel.
2980 5732 3204 5794 quaedam
3229 5733 3587 5791 deerant,un

1890 5789 1952 5858 ει
1977 5789 2090 5858 ἓως.
2105 5789 2480 5858 8(ωῇᾼᾷἀῖῐᾶ
2502 5798 2636 5858 qum.
2655 5793 2810 5845 Paulo
2825 5797 2939 5858 post
2960 5789 3142 5846 Simel
3158 5794 3360 5857 quidam
3371 5789 3586 5852 ωεεξτῆς

1897 5851 2204 5908 ἀναστάσεως
2235 5852 2419 5918 ἐδείχθη
2451 5854 2639 5925 τρόπος.
