4174 6336
642 442 749 496 717

630 562 846 633 ἐδείχθη
874 560 1074 624 τύπος.
1103 560 1296 614 Πολλοὶ
1335 560 1435 630 μὲν
1464 560 1573 630 γὰρ
1602 560 1698 612 καὶ
1732 558 1837 629 πρὸ
1863 557 2074 610 ἐκείνου
2110 554 2310 607 πολλά-

630 670 718 713 κις
752 651 1057 721 ἀνέστησαν
1086 651 1290 719 νεκροὶ,
1323 648 1465 701 οὕτω
1487 648 1543 701 δέ
1574 648 1695 701 ούδέ
1724 641 1825 708 εἷς.
1848 646 1912 698 Ol
1949 644 2045 715 μὲν
2076 643 2186 715 γὰρ
2216 642 2311 697 άλ-

635 737 717 792 λοι
757 740 959 802 πάντες
989 740 1321 802 ἀναστάντες
1352 737 1514 792 πάλιν
1557 738 1637 799 εἰς
1684 734 1783 806 τὴν
1809 735 1912 805 γῆν
1950 732 2309 804 ὑπέστρεφον,

634 829 725 879 καὶ
747 828 882 897 πρὸς
911 828 1102 898 καιρὸν
1125 825 1593 893 ἀπαλλαττόμενοι
1617 824 1718 893 τῆς
1744 822 1837 877 τοῦ
1864 822 2096 877 θανάτου
2121 837 2309 890 τυραν-

633 914 797 978 νίδος,
838 916 944 967 ὑπὸ
984 916 1081 985 τὴν
1113 915 1286 986 ἀρχὴν
1325 915 1486 968 πάλιν
1523 914 1718 982 ῆγοντο
1757 912 1858 981 τὴν
1890 909 2120 963 ἐκείνου·
2165 908 2227 960 τὸ
2255 908 2311 961 δὲ

636 1002 796 1072 σῶμα
828 1004 888 1055 τὸ
921 1003 1241 1057 δεσποτικὸν
1276 1003 1515 1056 ἀναστὰν
1552 1002 1651 1053 οὐκ
1682 1003 1761 1061 εἰς
1788 999 1887 1069 τὴν
1914 998 2015 1068 γῆν
2045 995 2312 1066 ὑπέστρε-

632 1090 753 1157 ψεν.
781 1090 893 1143 ἀλλ’
920 1093 1000 1153 εἰς
1021 1092 1146 1154 τοὺς
1173 1093 1433 1162 οὐρανοὺς
1458 1089 1647 1159 ἀνέϐη,
1673 1087 1765 1140 καὶ
1800 1087 1975 1138 πᾶσαν
1995 1083 2088 1136 τοῦ
2112 1083 2309 1156 ἐχθροῦ

636 1177 900 1229 κατέλυσε
935 1179 1033 1248 τὴν
1076 1180 1386 1249 τυραννίδα,
1418 1179 1511 1231 καὶ
1545 1177 1662 1247 μεθ’
1686 1173 1879 1227 ἐαυτοῦ
1926 1175 2025 1243 τὴν
2056 1170 2312 1240 οἰκουμέ-

636 1280 735 1332 νην
757 1265 1152 1333 συνανέστησεν
1172 1267 1399 1318 ιάπασαν
1431 1265 1523 1318 καὶ
1556 1264 1650 1315 νῦν
1678 1265 1735 1313 ἐν
1768 1262 1843 1329 τῷ
1866 1260 2040 1330 θρόνῳ
2072 1258 2309 1327 κάθηται

632 1351 712 1423 τῷ
736 1353 1017 1424 βασιλικῷ.
1048 1356 1215 1409 Ταῦτ’
1239 1352 1330 1408 οὖν
1353 1355 1568 1409 ἅπαντα
1590 1352 1784 1407 ἐννοῶν
1803 1354 1831 1405 ό
1855 1350 2065 1412 Παῦλος
2088 1347 2180 1401 καὶ
2203 1346 2310 1398 δει-

638 1440 787 1502 κνὺς.
822 1442 903 1493 ὅτι
944 1443 1012 1495 τά
1041 1442 1276 1495 τοσαῦτα
1307 1443 1401 1495 καὶ
1429 1440 1729 1511 τηλικαῦτα
1766 1438 2021 1507 θαύματα
2049 1426 2309 1503 λογισμὸς

638 1528 737 1596 μὲν
760 1530 937 1592 οὐδεὶς
961 1532 1308 1601 παραστῆσαι
1339 1531 1645 1601 δυνήσεται,
1680 1529 1861 1589 πίστις
1891 1527 1948 1578 δέ
1984 1523 2116 1592 μόνη
2145 1522 2307 1575 δύνα-

633 1631 723 1667 ται
758 1616 964 1681 διδάξαι
1004 1619 1098 1671 καὶ
1142 1620 1366 1688 ποιῆσαι
1396 1617 1567 1687 σαφῆ,
1604 1617 1805 1684 ἔλεγεν,
1851 1612 1975 1665 Ἐπὶ
2004 1611 2080 1679 τῇ
2110 1610 2309 1663 πίστει

634 1704 741 1758 τοῦ
770 1706 992 1775 γνῶναι
1022 1707 1138 1773 τὴν
1159 1707 1416 1775 δύναμιν
1445 1705 1553 1773 τῆς
1578 1700 1973 1765 ἀναστάσεως
2001 1698 2210 1754 αὑτοῦ.
2244 1699 2308 1751 Εἰ

633 1793 745 1863 γάρ
775 1793 964 1857 ἀπλῶς
1000 1797 1295 1849 ἀνάστασιν
1327 1796 1386 1847 ού
1420 1794 1642 1846 δύναται
1674 1790 2021 1863 παραστῆσαι
2048 1787 2309 1855 λόγισμός

636 1880 847 1950 (μεῖζον
872 1882 981 1952 γάρ
1007 1882 1162 1935 τοῦτο
1190 1883 1288 1950 τῆς
1315 1880 1660 1952 ἀνθρωπίνης
1687 1879 1921 1949 φύσεως,
1955 1877 2047 1928 καὶ
2073 1873 2174 1943 τῆς
2201 1872 2308 1926 τῶν

634 1971 975 2038 πραγμάτων
1008 1966 1327 2032 ἀκολουθίας
1372 1968 1529 2035 ἐστί),
1566 1968 1665 2036 τὴν
1698 1966 1949 2018 τοσοῦτον
1988 1962 2097 2015 τῶν
2135 1961 2308 2017 ἄλλων

633 2058 982 2112 ἀναστάσεων
1036 2060 1397 2130 διαφέρουσαν
1454 2058 1755 2111 ἀνάστασιν
1812 2056 1963 2115 ποῖος
2016 2052 2308 2121 δυνήσεται

635 2146 985 2217 παραστῆσαι
1016 2148 1306 2217 λογισμός;
1344 2148 1457 2199 Οὐκ
1498 2145 1644 2197 ἐστιν
1670 2142 1862 2205 ούδείς·
1904 2140 2041 2194 ἀλλά
2074 2140 2310 2203 πίστεως

632 2234 763 2304 ἡμῖν
798 2235 877 2287 δεῖ
900 2236 1087 2306 μόνης,
1180 2235 1465 2304 μέλλοιμεν
1488 2240 1516 2270 ⁸
1542 2233 1848 2293 πείθεσθαι,
1880 2233 1961 2284 ὄτι
1995 2230 2153 2300 σῶμα
2182 2228 2311 2299 θνη-

630 2321 724 2373 τὸν
782 2325 875 2375 καί
928 2324 1147 2391 ἀνέστη,
1186 2324 1277 2376 καὶ
1321 2324 1399 2385 εἰς
1430 2322 1577 2393 ζωὴν
1610 2316 1771 2391 ἦλθεν
1814 2319 2101 2380 ἀθάνατον,
2134 2316 2310 2386 πέρας

629 2409 781 2462 ούδέν
809 2410 929 2462 ούδέ
956 2411 1107 2473 τέλος
1137 2410 1385 2481 ἔχουσαν·
1420 2411 1557 2479 ὅπερ
1591 2406 1683 2461 οὖν
1716 2408 1807 2461 καὶ
1841 2405 2073 2476 ἀλλαχοῦ
2104 2404 2307 2473 σημαί-

629 2515 737 2550 νων
764 2497 971 2566 ἔλεγεν·
1013 2499 1067 2550 '0
1102 2494 1357 2566 Χριστός
1387 2498 1647 2566 ἐγερθεὶς
1676 2494 1873 2549 οὐκέτι
1904 2492 2303 2557 ἀποθνήσκει,

631 2586 889 2651 θάνατος
916 2587 1101 2639 αὑτοῦ
1126 2588 1325 2640 οὐκέτι
1359 2588 1634 2653 κυριεύει.
1664 2587 1821 2637 Ὥστε
1852 2582 2069 2636 διπλοῦν
2098 2581 2158 2634 τὸ
2186 2580 2311 2635 θαῦ-

635 2690 732 2744 μα,
766 2673 858 2726 καὶ
889 2673 950 2725 τὸ
977 2675 1291 2743 ἀναστῆναι,
1329 2675 1422 2725 καὶ
1450 2674 1509 2725 τὸ
1528 2673 1700 2735 οὕτως
1723 2671 2039 2739 ἀναστῆναι.
2069 2669 2167 2721 Διά
2193 2668 2309 2721 τοῦ·

630 2778 691 2814 το
726 2747 951 2827 ἔλεγεν,
980 2761 1107 2814 Ἐπὶ
1145 2760 1221 2829 τῇ
1264 2762 1463 2814 πίστει
1508 2760 1612 2813 τοῦ
1642 2758 1868 2828 γνῶναι
1906 2758 2022 2824 τὴν
2050 2756 2309 2825 δύναμιν

628 2848 742 2914 τῆς
762 2848 1155 2913 ἀναστάσεως
1180 2850 1385 2902 αὐτοῦ.
1422 2850 1481 2901 Εἰ
1522 2849 1577 2901 δὲ
1608 2849 1707 2917 τὴν
1736 2846 2030 2899 ἀνάστασιν
2060 2847 2121 2897 οὐ
2150 2844 2307 2898 δυνα-

628 2936 723 2988 τὸν
763 2936 1043 3007 λογισμοῖς
1083 2938 1283 3007 εὑρεῖν,
1341 2938 1489 3007 πόσῳ
1526 2936 1725 3007 μᾶλλον
1770 2937 1867 3003 τὴν
1915 2935 2169 3004 γέννησιν
2208 2932 2307 3003 τὴν

630 3025 774 3090 ἀνω;
804 3027 944 3095 Περὶ
988 3027 1044 3078 δὲ
1086 3026 1290 3079 τούτων
1328 3027 1711 3095 διαλεγόμενος
1739 3027 1767 3079 ό
1800 3024 2013 3088 Παῦλος
2042 3025 2135 3078 καί¹
2178 3025 2307 3095 περὶ

628 3113 724 3166 τοῦ
754 3113 988 3184 σταυροῦ
1022 3120 1113 3167 καὶ
1145 3115 1238 3168 τοῦ
1273 3116 1477 3178 πάθους
1509 3115 1703 3184 λέγων,
1738 3117 1966 3168 κάκεῖνα
1994 3116 2059 3183 τῇ
2090 3112 2191 3181 τῆς
2216 3112 2307 3166 πί-

631 3218 802 3265 στεως
840 3204 1105 3273 ἐπέτρεψε
1141 3205 1389 3274 δυνάμει·
1428 3201 1543 3258 εἶτα
1586 3203 1775 3257 τοῦτον
1821 3204 2038 3256 ἅπαντα
2078 3204 2307 3271 κινήσας

628 3290 719 3344 τὸν
746 3290 921 3360 λόγον,
950 3292 1103 3365 [461]
1130 3293 1331 3363 προῖὼν
1362 3289 1535 3355 εἶπεν,
1589 3289 1876 3359 Ἀδελφοί.
1903 3289 2017 3358 ἐγὼ
2045 3290 2307 3358 ἐμαυτὸν

629 3382 701 3433 οὺ
731 3379 1035 3450 λογίζομαι
1062 3382 1507 3450 κατειληφέναι.
1534 3381 1648 3434 Οὐκ
1670 3376 1841 3443 εἶπεν,
1887 3377 2029 3445 Ἐγὼ
2065 3378 2305 3447 ἐμαυτὸν

626 3469 689 3520 ού
720 3469 1003 3539 λογίζομαι
1030 3470 1248 3529 εἰδέναι.
1281 3471 1417 3524 ἀλλά
1444 3468 1886 3537 κατειληφέναι·
1912 3466 2036 3519 οὕτε
2067 3465 2304 3535 παντελῆ

629 3556 875 3623 ἄγνοιαν,
911 3557 1037 3611 οὔτε
1070 3559 1308 3627 παντελῆ
1335 3558 1535 3627 γνῶσιν
1579 3557 1962 3628 ἐμαρτύρησεν
1995 3554 2195 3624 ἐαυτῷ.
2232 3554 2307 3607 Τὸ

630 3645 739 3715 γὰρ
778 3648 973 3711 εἰπεῖν,
1022 3649 1105 3700 Οὐ
1157 3647 1460 3715 λογίζομαι
1518 3645 1964 3713 κατειληφέναι,
2020 3641 2307 3711 δηλοῦντός

629 3734 799 3799 ἐστιν,
848 3735 928 3786 ὅτι
980 3735 1072 3787 ἐπὶ
1119 3735 1217 3805 τῆς
1249 3735 1371 3788 ὁδοῦ
1400 3737 1535 3796 τέως
1564 3734 1782 3804 ἔστηκε,
1823 3732 1919 3787 καὶ
1950 3730 2175 3801 βαδίξει.
2212 3732 2307 3784 καί⁵

629 3822 843 3892 πρόεισι
878 3825 1205 3893 περαιτέρω,
1238 3824 1331 3876 τοῦ
1373 3825 1431 3877 δέ
1460 3824 1645 3884 τέλους
1686 3822 1905 3882 πάντως
1960 3822 2061 3873 ούκ
2091 3818 2308 3889 ἐπείλη-

629 3930 782 3966 πται.
820 3913 990 3966 Τοῦτο
1032 3914 1125 3965 καὶ
1170 3914 1378 3980 ἐτέροις
1416 3913 1670 3983 παραινεῖ
1688 3910 1861 3976 λέγων
1893 3908 2085 3971 οὕτως·
2130 3908 2305 3960 Ὅσοι

627 4002 866 4063 τέλειοι,
895 4002 1069 4054 τοῦτο
1096 3999 1423 4069 φρονῶμεν·
1452 4000 1548 4053 καὶ
1572 4000 1627 4073 εἴ
1654 4018 1705 4052 τι
1734 3998 1945 4065 ἑτέρως
1963 4000 1990 4037 δ
2010 3997 2304 4066 φρονεῖτε,

630 4090 806 4142 τοῦτο
850 4094 883 4144 ὁ
931 4090 1077 4155 Θεὸς
1115 4090 1257 4157 ὑμῖν
1288 4090 1689 4155 ἀποκαλύψει.
1726 4089 1800 4139 Ub
1834 4086 2114 4156 λογισμὸς,
2160 4081 2302 4150 εἷπε,

625 4178 849 4243 διδάξει,
882 4179 999 4232 ἀλλ’
1028 4180 1056 4231 ό
1076 4180 1208 4241 Θεὸς
1240 4178 1604 4247 ἀποκαλύψει.
1641 4179 1805 4250 Ὀρᾷς
1831 4179 1996 4231 ὅτιόύ
2028 4178 2157 4246 περὶ
2188 4176 2304 4246 βίου

627 4268 724 4321 καὶ
758 4267 1032 4329 πολιτείας
1061 4268 1207 4319 ἐστὶν
1250 4269 1278 4319 ὁ
1316 4266 1493 4333 λόγος,
1538 4266 1674 4318 ἀλλά
1709 4266 1838 4336 περὶ
1869 4264 2157 4335 δογμάτων
2211 4264 2305 4317 καὶ

628 4356 866 4419 πίστεως
892 4372 906 4417 ;
936 4354 1186 4408 Πολιτεία
1218 4355 1326 4425 γὰρ
1360 4356 1451 4407 καὶ
1487 4354 1598 4425 βίος
1626 4356 1725 4407 ούκ
1761 4352 2158 4421 ἀποκαλύψεως
2198 4351 2307 4404 δεῖ-

625 4461 738 4505 ται,
775 4442 912 4496 ἀλλά
944 4443 1188 4511 δόγματα
1218 4445 1308 4495 καὶ
1346 4443 1565 4509 γνῶσις.
1600 4442 1709 4495 Καὶ
1746 4441 1972 4512 ἑτέρωθι
2000 4441 2057 4494 δέ
2085 4440 2147 4493 τὸ
2173 4440 2306 4493 αὐτὸ

625 4532 787 4584 τοῦτο
822 4532 997 4601 δηλῶν
1042 4531 1243 4597 ἔλεγεν·
1279 4530 1352 4583 Εἴ
1384 4548 1475 4594 τις
1502 4529 1672 4583 δοκεῖ
1704 4528 1922 4583 ειδέναι
1963 4547 2036 4591 τι,
2070 4527 2305 4583 οὐδέπω

625 4618 807 4672 οὐδὲν
826 4620 1103 4687 ἔγνωκεν.
1137 4620 1249 4671 Οὐκ
1276 4614 1426 4671 εἶπεν
1455 4618 1657 4679 ἁπλῶς,
1694 4617 1859 4670 Οὐδὲν
1884 4616 2139 4683 ἔγνωκεν,
2168 4616 2305 4671 ἀλλά

626 4706 811 4768 καθὼς
840 4706 919 4758 δεῖ
948 4705 1172 4773 γνῶναι·
1206 4706 1317 4776 ἔχει
1358 4706 1457 4777 μὲν
1489 4705 1597 4777 γάρ
1625 4705 1847 4771 γνῶσιν,
1888 4706 1988 4759 οὐκ
2016 4704 2217 4777 ἀκριϐῆ
2247 4704 2304 4758 δὲ

627 4794 724 4846 καὶ
750 4794 861 4863 άπη
872 4793 1189 4863 ρτισμένην.

698 4884 764 4949 ζ’.
791 4885 897 4937 Καὶ
926 4886 1011 4937 ἵνα
1050 4882 1247 4954 μάθῃς,
1280 4883 1361 4935 ὅτι
1387 4882 1543 4936 τοῦτό
1569 4885 1716 4935 ἐστιν
1742 4882 1959 4951 ἀληθὲς,
1990 4882 2155 4953 μηδὲν
2178 4882 2305 4953 περὶ

625 4972 736 5024 τῶν
774 4972 887 5026 ἄνω
927 4972 1318 5042 διαλεχθῶμεν,
1361 4970 1498 5032 ἀλλ’,
1535 4972 1581 5023 εἰ
1620 4970 1818 5039 βούλει,
1858 4972 2007 5023 κάτω
2039 4972 2176 5041 πρὸς
2202 4970 2302 5040 τὴν

625 5060 912 5131 ὁρωμένην
946 5059 1122 5114 κτίσιν
1156 5060 1247 5113 τὸν
1278 5060 1434 5126 λόγον
1460 5060 1774 5128 ἀγάγωμεν.
1804 5060 1915 5128 Ούχ
1938 5059 2071 5129 ὁρᾷς
2093 5059 2305 5112 τουτον)⁸

622 5148 716 5200 τόν
750 5148 1013 5219 ούρανόν;
1051 5149 1133 5201 ὅτι
1172 5148 1269 5218 μὲν
1312 5147 1567 5218 καμάρας
1608 5148 1791 5199 εἰκόνα
1823 5147 2077 5210 διασώζει
2117 5149 2299 5217 ἴσμεν,

623 5235 905 5290 καὶτοῦτο
939 5236 1069 5289 αὐτὸ
1110 5236 1210 5288 οὐκ
1246 5235 1354 5288 ἀπὸ
1398 5235 1696 5305 λογισμῶν,
1731 5236 1844 5288 ἀλλ’
1878 5235 1988 5289 ἀπὸ
2020 5236 2120 5306 τῆς
2152 5236 2305 5299 θείας

626 5324 849 5394 Γραφῆς
875 5323 1158 5394 μαθόντες·
1194 5324 1290 5377 καὶ
1310 5324 1391 5377 ὃτι
1418 5325 1597 5376 πᾶσαν
1628 5322 2025 5394 περιλαμϐάνει
2050 5324 2149 5395 τὴν
2175 5325 2301 5394 γῆν,

626 5413 722 5465 καὶ
755 5411 912 5464 τοῦτο
949 5410 1127 5481 ίσμεν,
1175 5412 1375 5481 ὁμοίως
1418 5414 1547 5480 παρ’
1574 5412 1789 5479 ἐκείνης
1826 5410 2179 5475 ἀκούσαντες·
2221 5413 2305 5477 τίς

625 5498 681 5552 δὲ
714 5499 811 5569 τὴν
844 5498 1031 5551 οὐσίαν
1061 5508 1083 5535 α
1110 5499 1257 5550 ἐστὶν
1282 5499 1603 5567 ἀγνοοῦμεν.
1630 5500 1691 5551 Εἰ
1727 5499 1783 5552 δέ
1811 5517 1894 5561 τις
1922 5499 2305 5570 διισχυρίζοιτο

625 5589 721 5642 καὶ
747 5586 1099 5657 φιλονεικοίη,
1135 5587 1341 5655 λεγέτω
1379 5588 1431 5641 τί
1464 5588 1561 5658 τὴν
1593 5588 1780 5641 ούσίαν
1812 5589 1958 5641 ἐστὶν
1993 5591 2021 5641 ὁ
2053 5589 2300 5660 οὐρανός·

624 5676 735 5751 ἆρα
775 5678 1112 5751 κρύσταλλος
1143 5677 1440 5749 πεπηγώςς
1488 5676 1600 5750 ἆρα
1642 5678 1804 5747 νέφος
1835 5679 2303 5751 πεπυκνωμένον;

686 5816 704 5880 ξ
734 5818 831 5867 Mil
850 5819 881 5878 ἦ
904 5818 1175 5880 μέλλοιμεν,
1209 5818 1292 5867 alii
1318 5819 1357 5865 εἰ
1386 5818 1654 5879 μέλλοιμεν.

684 5878 715 5918 Β
740 5882 835 5929 Alii
860 5878 964 5927 εἴτι
984 5880 1158 5940 ἕτερον.

658 5942 831 6050 ἰθέὶιὶι
859 5942 929 5997 τίς
957 5942 1006 5989 δὲ
1031 5944 1089 6001 τῇ
1108 5940 1261 6005 οὐσίᾳ.
1314 5941 1438 5990 Infra
1470 5947 1569 5990 lrcs
1598 5952 1709 5987 mss.
1749 5940 1801 5985 ἂν
1849 5940 1945 6003 ἔχοι
1983 5940 2125 6003 σαφὲς
2168 5942 2301 5991 οὐδὲν

632 6020 654 6053 ι
675 6020 793 6051 ’τεὶλη

1434 442 1490 496 S.
1535 439 1820 496 JOANNIS
1859 433 2356 495 CHRYSOSTONII
2398 433 2716 489 ARCIIIEP.
2754 431 3311 491 CONSTANTINOP.

2319 6090 2391 6103 ,—

3997 429 4083 483 718

2418 550 2525 623 ἀρα
2556 554 2664 623 ἀὴρ
2696 551 3037 622 παχύτερος;
3078 550 3219 602 Ἀλλ’
3243 547 3418 611 οὐδεὶς
3445 547 3511 601 ἂν
3544 546 3655 617 ἔχοι
3693 545 3882 614 σαφῶς
3904 546 4080 599 εἰπεῖν·

2418 642 2539 693 Ἔτι
2571 637 2662 693 οῦν
2699 640 3045 705 ἀποδείξεως,
3085 638 3206 691 εἰπέ
3254 655 3362 707 μοι,
3402 636 3580 689 δεῖσθε
3625 635 3764 706 πρὸς
3807 635 3867 687 τὸ
3904 634 4084 705 μαθεῖν

2411 728 2510 798 τὴν
2544 729 2742 799 μανίαν
2777 728 2883 780 τῶν
2915 727 3005 779 τὸν
3032 726 3163 778 Θεὸν
3189 724 3385 780 εἰδέναι
3406 724 3707 793 λεγόντων;
3733 722 3841 776 Τοῦ
3867 724 4081 795 ούρανου

2414 815 2507 867 τοῦ
2540 815 2817 885 ὁρωμένου
2856 814 2976 868 καθ’
3003 813 3217 884 ἡμέραν
3248 813 3350 881 τὴν
3390 812 3550 881 φύσιν
3575 811 3676 863 ούκ
3715 809 3864 879 ἔχεις
3901 811 4082 880 εἰπεῖν,

2414 902 2507 953 καὶ
2542 902 2633 955 τοῦ
2677 899 3089 971 άοράτου,Θεοῦ
3133 900 3270 970 μετά
3315 898 3601 968 ἀκριϐείας
3638 895 3950 965 ἐπαγγέλλῃ
3992 896 4083 963 τὴν

2411 989 2599 1041 ούσίαν
2639 989 2875 1053 εἰδέναι;
2908 988 3015 1041 Καὶ
3046 988 3130 1050 τίς
3166 986 3340 1050 οὕτως
3376 985 3726 1055 ἀναίσθητος,
3773 985 3850 1048 ὡς
3891 984 3965 1055 μὴ
3994 984 4083 1051 τὴν

2412 1077 2649 1146 ἐσχάτην
2696 1075 2806 1128 τῶν
2839 1074 3013 1128 ταῦτα
3058 1074 3325 1143 λεγόντων
3366 1073 3810 1141 καταγινώσκειν
3856 1072 4082 1143 μανίαν;

2484 1162 2582 1215 Διά
2612 1162 2676 1232 δὴ
2707 1160 2879 1214 ταῦτα
2928 1159 3230 1231 παρακαλῶ
3272 1159 3477 1223 πάντας
3507 1160 3653 1228 ὑμᾶς
3682 1158 3935 1230 καθάπερ
3964 1159 4083 1221 τοὺς

2412 1249 2677 1319 φρενίτιδι
2727 1248 3124 1321 περιπεσόντας
3167 1248 3307 1317 νόσῳ
3347 1248 3444 1301 καὶ
3486 1248 3905 1319 παραπαίοντας
3948 1246 4080 1300 κατά

2410 1337 2638 1407 δύναμιν
2658 1337 2755 1407 τὴν
2781 1336 3053 1406 ὑμετέραν
3080 1334 3372 1406 πειρᾶσθαι
3398 1333 3729 1405 θεραπεύειν
3758 1336 3897 1406 μετά
3925 1351 4082 1405 προσ-

2410 1425 2594 1496 ηνείας
2629 1425 2721 1477 καὶ
2750 1425 3048 1487 ἐπιεικείας
3087 1423 3269 1487 αὐτοῖς
3297 1422 3740 1494 διαλεγομένους·
3776 1425 3871 1477 καὶ
3898 1422 4005 1494 γάρ
4029 1422 4081 1489 ἐξ

2410 1513 2670 1576 ἀπονοίας
2711 1514 2894 1576 αὐτοῖς
2936 1513 2996 1565 τὸ
3032 1512 3209 1581 δόγμα
3240 1512 3399 1565 τοῦτο
3430 1511 3647 1582 ἐτέχθη,
3691 1514 3788 1567 καὶ
3835 1512 3968 1567 πολὺ
3993 1512 4085 1581 τῆς

2408 1602 2646 1666 διανοίας
2694 1603 2875 1656 αὐτῶν
2915 1603 2975 1655 τὸ
3023 1603 3271 1672 φύσημα·
3326 1602 3394 1655 τὰ
3440 1602 3497 1655 δὲ
3541 1603 3946 1673 φλεγμαίνοντα
3986 1601 4085 1652 τῶν

2408 1692 2738 1760 τραυμάτων
2773 1691 2893 1744 ούδέ
2932 1691 3191 1762 ἐπιϐολὴν
3239 1691 3423 1762 χειρὸς
3467 1691 3743 1761 ἀνέχεται,
3788 1692 3909 1744 οὐδὲ
3948 1690 4083 1759 ἁφὴν

2412 1779 2675 1847 ὑπομένει
2726 1778 3087 1849 τραχυτέραν.
3125 1778 3227 1831 Διά
3264 1777 3421 1831 τοῦτο
3459 1780 3508 1831 οἰ
3539 1778 3696 1847 σοφοὶ
3738 1778 3849 1831 τῶν
3894 1775 4087 1847 ἰατρῶν

2414 1866 2631 1937 μαλακῇ
2661 1883 2765 1919 τινι
2800 1868 3039 1937 σπογγιᾷ
3074 1865 3143 1919 τά
3170 1865 3393 1919 τοιαῦτα
3428 1866 3845 1937 καταψήχουσιν
3878 1864 3903 1904 ἀ
3936 1864 4080 1933 ἕλκη.

2424 1952 2576 2008 Ἐπεὶ
2603 1949 2695 2007 οὖν
2734 1954 2828 2006 καὶ
2860 1952 3071 2016 τούτοις
3100 1953 3256 2015 ἕλκος
3284 1953 3431 2005 ἐστὶν
3461 1955 3519 2006 ἐν
3546 1956 3611 2023 τῇ
3641 1953 3793 2024 ψυχῇ
3830 1952 4083 2022 φλεγμαῖ-

2409 2057 2520 2103 νον,
2544 2040 2733 2111 ὦσπερ
2765 2040 2946 2111 ἁπαλῇ
2989 2058 3094 2094 τινι
3127 2042 3368 2111 σπογγιᾷ
3392 2040 3664 2111 προσηνὲς
3694 2039 3845 2111 ὕδωρ
3871 2039 3965 2092 καὶ
3994 2038 4085 2090 πό-

2409 2145 2567 2198 τιμον
2614 2130 2880 2192 σπῶντες,
2917 2129 3057 2181 οὕτω
3100 2131 3171 2182 τὰ
3204 2129 3475 2199 εἰρημένα
3511 2128 3752 2192 ᾶπαντα,
3789 2126 4085 2197 καταντλή-

2412 2232 2606 2279 σαντες
2638 2217 2957 2287 πειρώμεθα
2995 2216 3375 2269 καταστέλλειν
3405 2216 3588 2269 αὐτῶν
3619 2215 3681 2268 τό
3713 2216 3968 2287 φύσημα,
4000 2214 4084 2267 καὶ

2409 2306 2501 2358 τὸν
2538 2304 2699 2372 ὄγκον
2726 2303 3007 2375 καθαιρεῖν
3045 2304 3279 2358 ἅπαντα·
3308 2304 3409 2357 κᾶν
3440 2304 3731 2374 ὑϐρίζωσι,
3770 2304 3878 2357 κᾶν
3909 2304 4085 2357 λακτί-

2412 2391 2564 2456 ζωσι,
2599 2392 2700 2445 κᾶν
2728 2392 3030 2461 ἐμπτύωσι,
3056 2392 3156 2445 κᾶν
3188 2391 3364 2445 ὁτιοῦν
3404 2392 3621 2456 ποιῶσι,
3652 2392 3729 2462 μὴ
3757 2391 4085 2463 καταλείπῃς

2409 2480 2510 2547 τὴν
2539 2479 3101 2550 ἰατρείαν,ιάγαπητέ.
3127 2479 3266 2541 Τοὺς
3295 2479 3399 2550 γάρ
3426 2478 3715 2548 ἄνθρωπον
3752 2478 4085 2549 παραπλῆγά

2411 2564 2821 2636 θεραπεύοντας
2873 2566 3085 2637 ἀνάγκη
3140 2564 3308 2618 πολλά
3355 2565 3581 2617 τοιαῦτα
3626 2565 3947 2635 ὑπομένειν·
3983 2564 4082 2617 ἀλλ’

2409 2652 2558 2719 ὅμως
2589 2652 2708 2705 οὐδὲ
2728 2652 2901 2714 οὕτως
2934 2651 3262 2719 ἀφίστασθαι
3292 2652 3419 2722 χρὴ,
3444 2651 3579 2704 ἀλλά
3612 2651 3678 2703 δι’
3708 2652 3853 2704 αύτά
3878 2652 3979 2721 μὲν
4002 2646 4084 2703 οὖν

2408 2739 2578 2793 ταῦτα
2602 2740 2840 2810 μάλιστα
2876 2739 3073 2801 αὐτοὺς
3096 2739 3407 2804 ταλανίζειν
3438 2740 3534 2791 καὶ
3561 2739 3826 2810 δακρύειν
3853 2740 3983 2810 χρὴ,
4013 2740 4085 2792 ὅτι

2408 2826 2648 2879 τοιοῦτον
2676 2826 2853 2880 αὐτῶν
2875 2828 2974 2897 τῆς
2997 2826 3310 2898 ἀρρωστίας
3334 2827 3451 2879 ἐστὶ
3477 2827 3538 2880 τὸ
3561 2824 3720 2891 εἶδος.
3750 2828 3942 2882 Ταῦτα
3964 2828 4085 2898 7.94};

2408 2914 2532 2975 τοὺς
2562 2913 2709 2985 [άϐὶ]
2749 2914 3131 2985 ἰσχυροτέρους
3164 2915 3309 2983 λέγω
3352 2916 3445 2967 καὶ
3485 2916 3961 2988 ἀνεπηρεάστους,
4002 2916 4085 2968 καὶ

2409 2999 2740 3071 δυναμένους
2783 3004 2847 3055 ἐκ
3023 3000 3246 3056 ἐκείνων
3290 3003 3509 3073 ὁμιλίας
3550 3005 3827 3075 μηδεμίαν
3860 3003 4085 3074 παρα.δέ-

2413 3090 2605 3155 ξασθαι
2655 3091 2881 3163 βλάϐην·
2923 3092 2999 3157 ώς
3037 3093 3091 3146 et
3130 3111 3215 3155 τις
3256 3093 3646 3166 ἀσθενέστερος
3691 3096 3804 3168 εἴη,
3849 3098 4083 3166 φευγέτω

2406 3178 2611 3234 τούτων
2642 3180 2739 3244 τάς
2774 3181 3058 3245 συνουσίας
3090 3182 3424 3251 ἀποπηδάτω
3449 3184 3578 3247 τοὺς
3604 3185 3925 3254 συλλόγους,
3958 3186 4083 3239 ὥστε

2411 3268 2484 3337 μὴ
2516 3267 2611 3339 τὴν
2638 3269 2735 3339 τῆς
2763 3268 2946 3337 φιλίας
2973 3268 3230 3323 ὑπόθεσιν
3258 3270 3512 3342 ἀφορμὴν
3534 3272 3794 3336 ἀσεϐείας
3816 3274 4081 3343 γενέσθαι.

2408 3354 2568 3409 Οὕτω
2624 3357 2717 3409 καὶ
2774 3356 2986 3421 Παῦλος
3019 3361 3181 3421 ποιεῖ,
3218 3359 3380 3422 αὐτὸς
3426 3361 3524 3430 μέν
3554 3362 3669 3424 τοῖς
3710 3363 4085 3435 ἀρρωστοῦσιν

2407 3444 2767 3515 ἀναμίγνυται
2797 3446 2891 3499 καὶ
2920 3446 3085 3513 λέγει·
3131 3447 3454 3516 Ἐγενόμην
3480 3448 3603 3517 τοῖς
3647 3451 3990 3519 Ἰουδαίοις,
4017 3453 4085 3517 ὡς

2420 3531 2728 3598 Ἰουδαῖος,
2764 3532 2887 3599 τοῖς
2919 3533 3163 3602 ἀνόμοις
3196 3534 3276 3600 ὡς
3313 3535 3555 3605 ἄνομος·
3586 3540 3714 3602 τοὺς
3753 3540 3813 3593 δέ
3845 3541 4086 3611 μαθητὰς

2407 3618 2502 3671 καὶ
2542 3618 2926 3691 ἀσθενέστερον
2958 3620 3333 3691 διακειμένους
3376 3626 3581 3693 ἀπάγει
3629 3628 3920 3699 παραινῶν
3955 3630 4085 3682 οὕτω

2408 3706 2502 3760 καὶ
2530 3707 2813 3761 διδάσκων·
2849 3711 3203 3779 Φθείρουσιν
3224 3711 3339 3781 ἢθη
3369 3715 3606 3781 χρηστὰ
3626 3719 3857 3785 ὁμιλίαι
3891 3720 4081 3773 κακαί·

2408 3798 2502 3848 καί
2540 3795 2722 3849 πάλιν·
2767 3796 3077 3859 Ἔξέλθετε
3112 3800 3179 3851 ἐκ
3222 3798 3419 3868 μέσου
3466 3800 3691 3867 αὐτῶν,
3739 3806 3840 3858 καὶ
3884 3807 4085 3876 ἀφορί-

2406 3887 2615 3949 σθητε.
2639 3883 2799 3953 λέγει
2835 3886 3068 3953 Κύριος.
3110 3887 3168 3939 ὐ
3206 3888 3304 3947 μὲν
3327 3890 3434 3961 γάρ
3471 3891 3657 3961 ἰατρὸς
3694 3893 3763 3947 ἂν
3799 3894 3931 3967 ἔλθῃ
3963 3896 4085 3967 πρὸς

2405 3971 2497 4025 τὸν
2532 3972 2829 4041 κάμνοντα,
2864 3976 3115 4028 κάκεῖνον
3140 3976 3235 4028 καὶ
3276 3976 3465 4029 ἑαυτὸν
3490 3978 3755 4045 πολλάκις
3780 3983 4082 4055 ὠφέλησεν·

2406 4061 2433 4111 ό
2484 4058 2540 4111 δὲ
2590 4059 2981 4131 ἀσθενέστερος
3031 4063 3127 4117 καί¹
3178 4064 3371 4117 ἐαυτὸν
3425 4067 3521 4119 καὶ
3562 4068 3656 4121 τὸν
3702 4070 4087 4143 ἀρρωστοῦντα

2408 4146 2748 4216 παρέϐλαψε,
2773 4150 2885 4211 τοῖς
2907 4149 3155 4203 νοσοῦσιν
3175 4151 3635 4223 ἀναμιγνύμενος·
3664 4157 3878 4212 ἐκεῖνόν
3900 4176 3961 4212 τε
3990 4158 4087 4229 γὰρ

2405 4233 2556 4286 οὐδὲν
2589 4234 2868 4305 ὠφελῆσαι
2898 4237 3205 4307 δυνήσεται,
3240 4240 3333 4291 καὶ
3363 4240 3528 4304 αὐτὸς
3557 4242 3930 4299 ἐπισπάσεται
3966 4252 4083 4299 πολ-

2407 4321 2506 4392 λὴν
2540 4323 2647 4375 ἀπὸ
2677 4324 2775 4393 τῆς
2812 4325 3125 4395 ἀρρωστίας
3156 4327 3255 4398 τὴν
3291 4326 3516 4399 βλάϐην.
3554 4330 3666 4383 Καὶ
3704 4331 3843 4401 ὅπερ
3871 4335 3923 4387 οί
3962 4335 4085 4403 πρὸς

2407 4412 2532 4474 τοὺς
2560 4410 2975 4481 ὀφθαλμιῶντας
3010 4413 3247 4485 ὁρῶντες
3290 4416 3611 4486 πάσχουσιν.
3656 4419 4014 4491 ἐφελκόμενοί
4036 4438 4083 4474 τι

2407 4500 2505 4569 τῆς
2549 4499 2861 4570 ἀρρωστίας
2893 4500 3127 4569 ἐκείνης,
3176 4501 3335 4557 τοῦτο
3381 4504 3477 4557 καὶ
3514 4505 3563 4557 οἰ
3597 4508 3711 4569 τοῖς
3743 4506 4083 4581 βλασφήμοις

2408 4591 2934 4661 συναναμιγνύμενοι
2970 4590 3179 4656 τούτοις
3224 4593 3609 4664 ὑπομένουσιν,
3654 4596 3721 4650 ἂν
3765 4591 3903 4651 ὦσιν
3933 4600 4081 4653 ἀσθε-

2405 4679 2667 4750 νέστεροι,
2698 4680 2833 4733 πολὺ
2872 4682 2973 4751 τῆς
3002 4681 3258 4744 ἀσεϐείας
3289 4683 3427 4753 πρὸς
3452 4685 3682 4749 ἑαυτοὺς
3713 4688 4083 4761 ἐπισπώμενοι

2408 4768 2699 4837 μέρος.’Ὶν’
2725 4766 2819 4825 οὖν
2845 4780 2919 4838 μη
2948 4768 3018 4821 τά
3053 4769 3286 4838 μέγιστα
3312 4771 3540 4835 ἑαυτοὺς
3566 4775 4019 4848 παραϐλάψωμεν
4042 4787 4080 4837 θ,

2406 4854 2696 4924 φεύγωμεν
2743 4854 2923 4933 αὐτῶν
2965 4855 3063 4919 τὰς
3115 4858 3422 4924 συνουσίας,
3472 4860 3759 4931 εὐχόμενοι
3806 4866 3973 4935 μόνον
4000 4863 4083 4918 καὶ

2406 4944 2849 5017 παρακαλοῦντες
2872 4946 2960 4999 τὸν
2984 4946 3365 5018 φιλάνθρωπον
3397 4950 3551 5016 Θεὸν,
3581 4953 3677 5007 τὸν
3709 4954 3939 5011 θέλοντα
3966 4960 4084 5013 πάν⁴

2404 5051 2503 5097 τας
2525 5032 2849 5105 ἀνθρώπους
2882 5034 3119 5106 σωθῆναι
3150 5037 3245 5089 καὶ
3268 5039 3349 5101 εἰς
3372 5040 3669 5109 ἐπίγνωσιν
3698 5044 3798 5116 τῆς
3832 5047 4081 5118 ἀληθείας

2405 5121 2598 5186 ἐλθεῖν,
2629 5121 2933 5186 ἀπαλλάξαι
2970 5123 3067 5193 μὲν
3112 5124 3310 5188 αὐτοὺς
3338 5126 3439 5196 τῆς
3487 5128 3717 5199 πλάνης,
3750 5134 3972 5204 καὶτῆς
3999 5133 4079 5187 τοῦ

2404 5212 2651 5265 διαϐόλου
2684 5212 2927 5280 παγίδος,
2964 5212 3335 5282 ἐπαναγαγεῖν
3381 5216 3437 5269 δὲ
3479 5217 3573 5271 ἐπὶ
3605 5219 3667 5272 τὸ
3704 5224 3805 5291 τῆς
3836 5224 4081 5291 γνώσεως

2406 5301 2543 5387 φῶς,
2586 5304 2679 5355 ἐπὶ
2708 5301 2799 5355 τὸν
2828 5300 2961 5353 Θεὸν
2994 5302 3086 5354 καὶ
3121 5302 3332 5374 πατέρα
3365 5303 3458 5357 τοῦ
3486 5306 3693 5377 Κυρίου
3717 5310 3877 5379 ἡμῶν
3919 5311 4079 5381 Ἰησοῦ

2406 5390 2663 5461 Χριστοῦ,
2694 5391 2791 5443 σὺν
2815 5388 2892 5459 τῷ
2928 5388 3175 5460 ζωοποιῷ
3216 5391 3311 5443 καὶ
3347 5393 3601 5461 παναγίῳ
3640 5394 3959 5469 Πνεύματιξ
3982 5393 4075 5470 ᾧή

2404 5480 2531 5545 δόξα
2567 5481 2661 5533 καὶ
2693 5479 2754 5531 τὸ
2794 5478 3019 5550 κράτος,
3051 5478 3144 5532 νῦν
3178 5480 3274 5533 καὶ
3318 5480 3428 5545 ἀεὶ,
3469 5484 3563 5536 καὶ
3604 5486 3685 5549 εἰς
3720 5488 3848 5551 τοὺς
3891 5490 4078 5552 αἰῶνας

2404 5567 2513 5621 τῶν
2536 5566 2768 5621 αἰώνων.
2816 5566 3009 5637 Ἀμήν.

2468 5691 2494 5731 ἆ
2520 5693 2937 5757 ᾼΗί-καταψῶσιν.
2959 5691 3086 5741 Infra
3110 5691 3263 5741 Savil.
3293 5698 3347 5741 ει
3370 5694 3453 5743 alii
3478 5696 3867 5757 καταντλοῦντες.

2472 5760 2494 5787 θ
2522 5753 2673 5838 sivi}.
2720 5753 2787 5802 ρι’
2815 5753 3875 5838 αξξ-ιμιριηῐηεςίωπαραξλάπτωμενηΜοτεί.
3913 5768 3967 5811 ει
4003 5762 4074 5838 ειὶι

2405 5818 2808 5890 παραϐλάψωμεν.
2842 5816 2964 5864 Infra
2992 5823 3103 5893 pos}:
3134 5815 3246 5888 hac,
3263 5815 3431 5873 γει-δε,
3455 5820 3531 5867 ἐπὶ
3552 5815 3609 5869 τὸ
3630 5815 3716 5881 τῆς
3732 5825 3955 5885 γνώσεως
3972 5828 4071 5888 φῶς,

2411 5880 2562 5943 Savnl.
2605 5885 2658 5926 et
2700 5880 2900 5943 ιιΙιιιιιρι.Δ
2925 5892 3045 5943 τινες.
3084 5894 3158 5923 ινα
3185 5894 3371 5943 παντες
3390 5882 3684 5943 ὁμοθυμαδὸν
3709 5888 3757 5934 ἐν
3781 5887 3847 5934 ἑνὶ
3888 5888 4072 5943 στόματι

2412 5942 2676 6008 δοξάζωμεν
2704 5940 2795 6008 Ir‘zv
2818 5940 2943 6008 θεὸν
2970 5940 3051 6008 καί
3074 5939 3253 6008 πατέρα
3292 5939 3395 6008 τοῦ
3419 5939 3594 6002 κυρίου
3619 5948 3759 6007 ἡμῶν
3790 5946 3949 6004 Ὶησοῇ
3976 5939 4069 6007 χρι,

2411 6002 2546 6063 ατοῦ,
2578 6008 2673 6051 ctu.
2704 6001 2871 6051 Morel.
2900 6007 2949 6049 cl
2971 6000 3055 6050 alii
3088 6001 3280 6049 mlh-ca
3308 6010 3355 6051 ul
3385 6005 3431 6051 in
3462 6000 3621 6054 léxlu.
