4198 6324
127 441 220 498 7⁸7

128 555 352 610 muanis
390 553 537 626 ejus?
581 550 777 615 Novus,
829 547 1020 617 inquit,
1069 543 1478 601 resurrectionis
1519 539 1710 595 modus

129 658 366 701 ostensus
395 654 498 699 est.
529 643 679 695 Multi
707 639 919 710 quidem
941 648 1097 692 antea
1127 635 1317 689 mortui
1348 647 1710 696 resnrrexere,

131 738 225 792 hoc
270 736 430 790 modo
481 733 679 787 nullus.
714 731 813 785 Alii
859 730 1056 800 quippe
1100 742 1287 780 omnes
1313 735 1592 794 postquam
1623 737 1711 774 re-

130 837 462 882 surrexeranl
486 866 502 890 ,
534 839 742 878 rursum
787 822 840 875 in
893 830 1088 874 terram
1136 820 1432 883 redierunt,
1462 831 1525 869 ac
1559 830 1709 868 mor-

128 921 188 971 tis
216 915 494 988 tyrannide
516 914 581 968 ad
613 925 820 983 tempus
847 911 1076 974 liberati,
1103 925 1288 964 rursus
1315 908 1414 962 sub
1457 907 1574 976 ejus
1615 905 1716 958 im-

129 1009 324 1079 perium
355 1006 557 1061 redacti
587 1019 711 1058 sunt
740 1024 752 1056 :
782 1019 976 1072 corpus
1005 1012 1180 1056 autem
1207 999 1537 1054 Dominicum
1565 1007 1711 1067 post-

126 1115 275 1168 quam
309 1104 695 1155 resurreserat,
730 1109 834 1146 non
867 1094 918 1146 in
950 1101 1148 1146 terram
1170 1090 1346 1154 rediit,
1367 1089 1458 1142 sed
1481 1091 1534 1142 in
1551 1088 1712 1141 caelos

125 1188 376 1251 ascendit,
409 1197 463 1240 et
490 1194 654 1238 totam
699 1184 899 1238 inimici
945 1183 1280 1252 tyrannidem
1327 1181 1506 1242 solvnt,
1553 1188 1713 1245 atque

127 1296 298 1334 secum
349 1288 519 1331 totum
568 1277 752 1330 orbem
802 1275 1098 1336 suscitavit,
1143 1274 1359 1342 jamque
1411 1276 1462 1325 in
1518 1270 1710 1323 throno

128 1373 264 1440 regio
294 1370 463 1424 sedet.
493 1369 617 1422 "me
663 1367 840 1421 omnia
872 1381 992 1420 cum
1021 1375 1198 1417 mente
1228 1364 1462 1416 volveret
1493 1361 1708 1425 Paulus,

125 1475 175 1518 et
199 1462 521 1516 ostendisset
554 1469 630 1513 tot
657 1468 906 1527 tantaque
948 1455 1207 1509 mirabilia
1251 1470 1354 1506 non
1384 1454 1588 1506 ratione
1616 1451 1712 1504 de-

126 1553 305 1608 clatari
336 1567 512 1621 posse,
549 1550 642 1604 sed
689 1550 791 1603 fide
831 1549 1001 1602 solum
1047 1562 1204 1614 posse
1243 1545 1421 1599 doceri
1453 1555 1505 1596 et
1534 1543 1714 1597 decla-

126 1645 243 1707 rari,
275 1643 486 1696 dicebat
521 1660 533 1695 :
568 1638 631 1693 In
661 1641 763 1709 ﬁde
788 1640 856 1692 ad
874 1639 1276 1709 cognoscendum
1317 1637 1589 1706 potentiam
1632 1652 1710 1687 re-

124 1734 436 1786 surrectionis
473 1733 604 1803 ejus.
636 1730 768 1784 Nam
815 1730 859 1783 si
909 1730 1044 1782 ratio
1083 1728 1240 1781 ﬁdem
1289 1727 1562 1780 declarare
1606 1741 1712 1778 non

124 1833 308 1894 potest.
326 1825 448 1893 quia
477 1833 531 1878 et
560 1823 808 1876 humanae
834 1831 1034 1875 natura:
1067 1831 1279 1888 captum
1300 1829 1354 1872 et
1374 1834 1713 1872 communem

124 1932 296 1970 rerum
337 1916 532 1970 seriem
581 1924 836 1984 superat,
868 1915 1315 1969 resurrectionem
1364 1914 1505 1966 illam
1532 1953 1546 1975 ,
1594 1928 1714 1980 qua:

126 2017 262 2060 tanto
289 2006 572 2060 intervallo
597 2006 776 2059 dilfert
797 2005 865 2058 ab
903 2005 1020 2058 aliis
1062 2004 1564 2063 resurrectionibus,
1594 2018 1714 2071 quae

126 2097 309 2165 poterit
337 2098 473 2149 ratio
499 2095 901 2149 demonstrare?
923 2094 1074 2148 Nulla
1100 2103 1248 2148 certe
1278 2113 1290 2146 :
1314 2093 1408 2147 sed
1429 2094 1540 2148 sola
1561 2095 1715 2148 nobis

124 2202 247 2255 opus
265 2195 348 2239 est
366 2187 597 2255 fide,qua
619 2202 930 2255 persuasum
956 2186 1467 2253 habeamus,corpus
1490 2185 1715 2238 mortale

122 2278 491 2337 resurrexisse,
528 2284 581 2329 et
613 2273 968 2329 immortalem
1002 2276 1274 2343 accepisse
1307 2275 1486 2336 vitam,
1509 2275 1714 2328 nullum

125 2368 274 2419 linem
312 2368 394 2420 vel
425 2367 712 2420 terminum
755 2367 1061 2421 habentem.
1093 2367 1246 2432 Quod
1276 2376 1328 2421 et
1352 2367 1476 2421 alibi
1508 2366 1716 2436 signiﬁ-

125 2458 270 2509 cabat
293 2457 374 2510 his
393 2457 571 2510 verbis
593 2475 607 2511 :
633 2456 863 2512 Christus
882 2461 1150 2511 suscitatus
1172 2476 1271 2511 non
1293 2461 1506 2512 moritur
1531 2475 1549 2512 :
1581 2477 1718 2513 mors

123 2548 191 2598 illi
233 2548 372 2600 ultra
407 2565 510 2600 non
542 2549 916 2620 dominabitur(
942 2550 1093 2603 Rom.
1125 2550 1176 2604 6.
1203 2551 1294 2619 9);
1329 2551 1398 2604 ita
1438 2561 1492 2604 ut
1520 2551 1714 2620 duplex

123 2630 270 2683 fuerit
303 2632 652 2697 miraculum,
671 2643 726 2686 et
756 2634 1135 2698 resurrexisse,
1166 2647 1221 2688 et
1243 2635 1333 2687 illo
1351 2635 1508 2688 modo
1537 2652 1717 2690 resur-

123 2721 336 2774 rexisse.
355 2722 480 2775 Ideo
494 2721 797 2788 dicebatJn
814 2724 918 2791 ﬁde
931 2723 999 2776 ad
1021 2727 1421 2794 cognoscendum
1442 2727 1717 2795 potentiam

121 2814 490 2865 resurrectionis
521 2815 646 2882 ejus.
687 2813 840 2880 Quod
883 2816 927 2868 si
971 2817 1419 2871 resurrectionem
1447 2819 1562 2887 ejus
1610 2833 1715 2873 non

123 2919 399 2973 possumus
412 2907 618 2959 ratione
630 2907 1066 2975 assequi,quanto
1081 2909 1251 2962 minus
1267 2925 1550 2977 supernam
1565 2925 1719 2978 gene-

121 2996 400 3049 rationem?
415 2997 486 3049 De
505 2995 588 3049 his
599 3012 759 3067 porro
777 2997 1053 3066 disputans
1069 2999 1278 3065 Paulus,
1306 3015 1510 3053 necnon
1529 3001 1592 3054 de
1604 3017 1718 3054 cru-

120 3100 176 3138 ce
197 3095 250 3138 et
270 3088 518 3155 passione
545 3086 788 3156 loquens,
820 3088 1166 3160 haec‘quoque
1184 3090 1249 3143 ad
1271 3090 1429 3144 tidem
1447 3094 1717 3160 pertinere

119 3177 243 3231 dixit
267 3194 532 3249 :cumque
548 3179 614 3232 de
637 3179 721 3233 bis
744 3195 1048 3235 sermonem
1072 3181 1366 3246 habuisset,
1397 3183 1675 3252 subjunxit
1699 3202 1711 3237 :

124 3269 342 3333 Fratres,
373 3289 464 3341 ego
493 3289 573 3325 me
599 3289 699 3326 non
738 3274 956 3327 arbitror
998 3277 1434 3344 comprehendisse
1455 3277 1714 3349 (Philipp.

122 3361 301 3432 5.15).
324 3362 438 3416 Non
455 3363 615 3428 dixit,
643 3364 754 3433 Ego
781 3381 885 3418 non
907 3366 1139 3419 arbitror
1164 3383 1251 3421 me
1279 3368 1437 3431 scire,
1463 3368 1556 3423 sed
1574 3386 1713 3422 com-

120 3452 638 3521 prehendissemeque
655 3455 1018 3510 omnimodam
1035 3457 1588 3529 ignorautiam,neque
1605 3475 1715 3513 om-

121 3545 382 3598 niiuodam
399 3545 675 3599 scientiam
688 3547 786 3600 sibi
806 3547 1108 3618 adscripsit.
1125 3548 1256 3603 Cum
1274 3552 1416 3605 enim
1433 3552 1717 3619 dicit,Non

120 3638 327 3691 arbitror
347 3638 814 3708 comprehendisse,
837 3641 1098 3710 signiﬁcat
1124 3659 1183 3698 se
1205 3644 1380 3700 adhuc
1405 3646 1457 3699 in
1490 3648 1572 3700 via
1594 3661 1716 3703 esse

120 3740 164 3779 et
183 3731 277 3790 ire,
298 3730 630 3800 ulteriusque
651 3732 919 3802 progredi,
950 3733 1043 3788 sed
1073 3734 1231 3790 ﬁnem
1259 3736 1491 3792 nondum
1511 3739 1718 3810 attigis-

120 3821 309 3888 se.th
328 3821 396 3875 de
421 3837 502 3883 re,
524 3823 877 3894 aliosquoque
889 3824 1141 3880 admonet
1160 3827 1240 3881 his
1257 3829 1460 3883 verbis:
1481 3830 1716 3896 Quicum-

121 3927 206 3977 que
232 3912 443 3982 perfecti
490 3930 683 3978 sumus,
729 3915 824 3967 hoc
863 3917 1142 3971 sentiamus
1174 3936 1193 3983 ;
1236 3928 1280 3972 et
1320 3922 1364 3973 si
1402 3923 1526 3992 quid
1572 3922 1716 3976 aliud

118 4003 286 4070 sapitis
305 4045 321 4068 ,
351 4003 447 4055 hoc
475 4005 617 4057 Deus
644 4005 781 4059 vobis
817 4007 1059 4060 reuelabit
1098 4006 1117 4078 (
1139 4007 1277 4063 Ibid.
1310 4026 1354 4063 υ.
1381 4012 1448 4066 15
1473 4012 1515 4080 ).
1559 4012 1717 4067 Ratio

119 4092 284 4158 docet,
314 4095 410 4151 sed
441 4095 584 4148 Dens
612 4097 892 4151 revelabit.
919 4097 1075 4153 Vides
1102 4116 1207 4153 non
1236 4101 1303 4155 de
1337 4103 1438 4156 vita
1467 4113 1520 4157 et
1542 4105 1714 4159 mori-

119 4182 210 4238 bus
250 4184 361 4254 agi,
412 4185 506 4239 sed
549 4185 616 4240 de
664 4187 1001 4256 dogmatibus
1031 4201 1082 4243 et
1129 4191 1269 4245 fide?
1321 4192 1436 4246 Vita
1478 4195 1621 4249 enim
1661 4205 1717 4251 et

119 4291 292 4330 mores
334 4293 442 4331 non
483 4293 618 4345 Opus
656 4277 854 4333 habent
885 4283 1232 4349 revelatione,
1259 4285 1354 4340 sed
1382 4285 1630 4356 dogmata
1663 4297 1718 4344 et

119 4368 360 4422 scientia.
395 4369 462 4423 Et
485 4370 612 4424 alibi
632 4387 844 4441 quoque
878 4374 1107 4443 idipsum
1138 4376 1422 4432 declarans
1462 4380 1712 4436 dicebat:

119 4461 305 4528 Siquis
349 4463 602 4516 existimat
643 4481 698 4517 se
732 4464 928 4535 aliquid
965 4485 1130 4535 nosse,
1172 4471 1396 4525 nondum
1439 4474 1717 4544 quidquam

118 4554 242 4606 norit
273 4555 356 4623 (1.
385 4551 502 4607 Cor.
527 4555 580 4608 8.
610 4548 691 4626 Ξ).
716 4555 830 4610 Non
859 4557 993 4612 dixit
1021 4560 1355 4629 simpliciter,
1379 4563 1522 4618 Nihil
1544 4566 1714 4635 novit,

118 4643 203 4696 scd
231 4643 683 4714 quemadmodum
714 4657 960 4715 oporteat
997 4651 1139 4705 scire
1170 4670 1183 4704 :
1217 4654 1494 4708 scientiam
1518 4657 1716 4728 quippe

119 4732 289 4800 habet,
320 4735 418 4790 sed
447 4739 552 4790 bon
580 4749 882 4793 accuratam
906 4751 961 4794 et
987 4743 1298 4809 perfectam.

183 4826 234 4878 7.
264 4827 448 4896 Atque
475 4836 530 4881 ut
559 4827 609 4882 id
639 4844 824 4883 verum
852 4845 972 4886 esse
997 4831 1193 4900 discas,
1219 4835 1349 4890 nihil
1372 4835 1440 4891 de
1464 4839 1715 4910 supernis

117 4913 464 4983 disseramus,
483 4917 576 4972 sed
607 4921 651 4973 si
684 4921 765 4974 vis
792 4921 858 4976 ad
881 4923 1108 4978 visibilia
1135 4926 1386 4982 deorsum
1409 4945 1714 4988 sermonem

117 5017 509 5062 eonvertamus.
542 5009 657 5064 Non
702 5012 850 5067 vides
893 5013 994 5068 hoc
1039 5016 1274 5070 caelum?
1301 5018 1454 5086 Quod
1500 5023 1716 5092 quidem

119 5111 345 5153 camera:
395 5100 486 5153 vel
529 5099 747 5156 fornicis
792 5101 1018 5157 formam
1070 5117 1248 5162 servet
1287 5111 1508 5177 scimus,
1559 5113 1718 5183 idque

122 5204 220 5244 non
259 5189 567 5254 ratiocinio,
616 5191 708 5246 sed
753 5207 820 5247 ex
865 5193 1140 5264 Scriptura
1185 5198 1362 5254 divina
1411 5202 1713 5260 discimus:

122 5280 311 5334 scimus
343 5281 473 5346 item
501 5281 673 5350 ipsum
714 5293 878 5338 totam
921 5288 1205 5357 complecti
1247 5300 1463 5359 terram,
1493 5296 1615 5365 quia
1644 5298 1718 5351 si-

124 5373 312 5428 militer
334 5373 406 5427 ab
435 5373 623 5429 eadem
652 5373 928 5446 Scriptura
953 5380 1004 5434 id
1043 5381 1362 5450 didicimus;
1390 5388 1544 5456 cujus
1584 5406 1716 5446 vero

122 5464 432 5519 Iubstantia:
459 5465 531 5519 sit
569 5466 897 5535 ignoramus.
925 5469 979 5525 Si
1005 5473 1123 5541 quis
1151 5482 1328 5528 autem
1372 5490 1634 5551 repugnet
1662 5492 1719 5537 et

123 5555 422 5624 contendat,
451 5556 595 5614 dicat
630 5573 750 5631 qua:
795 5560 864 5616 sit
888 5562 1004 5618 (εωιὶ
1043 5563 1361 5635 substantia,
1393 5583 1460 5624 an
1489 5574 1716 5645 crystal-

1055 429 1141 486 ΒΕ
1180 418 1861 483 INCOMPREHENSIBILI
1900 418 2009 475 DEI
2048 419 2351 499 QATURA.
2393 421 2457 482 ll.

3308 419 3419 478 718

1820 542 1904 596 lus
1931 551 2202 607 concreta,
2241 556 2308 594 an
2352 543 2520 594 nubes
2566 540 2878 606 addensata,
2910 555 2976 595 an
3008 556 3102 596 aer
3143 543 3418 597 crassior?

1819 631 1926 687 Sed
1955 645 2115 686 nemo
2140 630 2190 685 id
2221 631 2376 700 plane
2416 630 2593 685 dieere
2615 638 2817 689 potest.
2851 629 3008 694 Num,
3045 648 3248 702 quaeso,
3284 634 3421 687 ulte-

1822 722 1966 778 riore
1990 736 2127 793 opus
2155 730 2238 776 est
2269 721 2722 776 demonstratione
2750 720 2816 774 ad
2845 736 2908 774 eo
2926 738 3032 775 ‘um
3063 724 3419 792 comproban-

1817 815 1939 868 datn
1963 814 2244 874 insaniam,
2267 813 2354 882 qui
2383 827 2442 866 se
2467 811 2631 865 Deum
2659 827 2818 866 nosse
2844 811 3029 865 dicunt
3055 853 3069 875 ,
3097 812 3248 876 (lu-li,
3274 814 3416 881 quod

1816 908 2053 977 quotidie
2082 907 2279 968 cernis,
2314 916 2554 958 naturam
2601 919 2708 957 non
2736 912 2887 972 potes
2914 904 3114 966 dicere;
3149 912 3203 956 et
3233 905 3419 956 invisi-

1819 999 1939 1052 bilis
1975 998 2068 1051 Dci
2099 997 2448 1052 substantiam
2483 1004 2532 1049 te
2564 995 2726 1062 probe
2754 1009 2911 1048 nosse
2931 994 3191 1063 jactitas‘l
3224 993 3420 1062 Ecquis

1818 1091 1887 1142 ita
1916 1104 2107 1143 sensus
2152 1104 2370 1158 expers,
2403 1096 2462 1142 ut
2492 1087 2613 1141 talia
2655 1086 2983 1155 loquentium
3025 1086 3284 1139 insaniam
3317 1100 3421 1139 non
3464 1154 3466 1157 τ

1814 1179 2038 1242 damnet
2061 1179 2084 1230 ’ἶ

1888 1269 2151 1323 Moderate
2196 1284 2311 1321 cum
2347 1268 2600 1326 [uereticis
2649 1265 2922 1338 agendum.
2969 1296 3040 1306 —
3085 1265 3420 1334 Quaprojiter

1814 1376 1947 1431 rogo
1990 1375 2083 1414 vos
2112 1375 2322 1424 omnes,
2358 1367 2416 1413 ut
2444 1359 2716 1412 moderate
2757 1368 2813 1412 et
2841 1373 2962 1411 cum
3009 1359 3420 1413 mansuetudine

1818 1450 1962 1518 ipsos
1985 1450 2341 1518 alloquentes,
2367 1464 2465 1504 ceu
2488 1449 2736 1517 phrenesi
2768 1458 2952 1516 captos
2979 1459 3031 1502 et
3063 1447 3321 1514 furentes,
3354 1448 3423 1503 ad

1813 1542 2089 1596 meliorem
2122 1542 2328 1610 frugem
2357 1540 2614 1595 reducere
2657 1541 2876 1595 curetis.
2911 1541 3118 1595 Etenim
3165 1541 3267 1594 hoc
3294 1543 3422 1611 ipsis

1813 1635 2005 1704 dogma
2053 1651 2119 1690 ex
2183 1634 2487 1703 arrogantia
2539 1644 2715 1688 ortum
2770 1641 2854 1688 est
2900 1651 2913 1686 :
2961 1635 3301 1703 maximoque
3348 1635 3421 1689 illi

1812 1727 1974 1778 animi
2006 1736 2216 1780 tumore
2248 1727 2509 1779 laborant.
2544 1725 2774 1778 Vulnera
2814 1735 2991 1779 autem
3027 1729 3376 1781 tumescentia
3403 1771 3420 1795 ,

1814 1833 1987 1885 neque
2027 1817 2125 1870 sibi
2172 1817 2316 1883 injici
2361 1830 2572 1876 manus.
2626 1831 2799 1884 neque
2848 1824 3046 1869 tactum
3089 1817 3421 1885 asperiorem

1813 1909 2108 1979 potiuntur.
2137 1909 2496 1976 Quamobrem
2551 1910 2705 1976 periti
2756 1907 2949 1962 medici
3003 1909 3148 1962 molli
3189 1910 3420 1978 quadam

1814 2001 2032 2069 spongia
2065 2001 2180 2054 hmc
2208 2001 2522 2070 abstergunt
2572 2002 2771 2055 ulcera.
2819 2001 3082 2066 Quoniam
3126 2017 3253 2071 ergo
3285 2004 3421 2057 inest

1815 2095 2048 2162 ipsorum
2094 2095 2286 2147 animis
2333 2095 2483 2148 ulcus
2523 2095 2780 2156 inﬂatum,
2816 2096 2964 2164 quasi
3014 2097 3156 2149 molli
3199 2099 3420 2166 Spongia

1812 2187 2023 2240 dulcem
2045 2187 2440 2258 potabilemque
2463 2204 2654 2256 aquam
2671 2187 2996 2246 haurientes.
3013 2191 3195 2257 sicque
3216 2190 3421 2244 abster-

1815 2277 1889 2329 sis
1919 2276 2166 2330 omnibus
2195 2291 2380 2330 eorum
2409 2287 2671 2332 tumorem
2701 2279 3057 2346 comprimere
3098 2295 3422 2348 omnemque

1818 2369 2042 2422 livorem
2069 2367 2279 2422 auferre
2304 2379 2607 2438 satagamus
2637 2387 2650 2420 :
2675 2370 2774 2423 etsi
2793 2371 3144 2423 contumelias
3168 2371 3418 2433 inferant.

1818 2459 1917 2513 etsi
1969 2459 2326 2523 recalcitreut,
2382 2459 2483 2513 etsi
2541 2460 2810 2528 inspuaut,
2866 2461 2965 2513 etsi
3019 2461 3230 2530 quidvis
3280 2463 3422 2516 aliud

1818 2548 2034 2612 faciant,
2086 2564 2154 2602 ne
2197 2549 2417 2602 curandi
2461 2549 2693 2603 studium
2748 2550 3002 2611 deseras,
3054 2551 3421 2605 dilectissime.

1813 2640 1948 2695 Nam
1975 2656 2090 2705 eos,
2122 2641 2210 2711 qui
2258 2641 2513 2694 furiosum
2561 2649 2753 2696 curant
2798 2642 3094 2709 hominem,
3137 2644 3299 2696 multa
3348 2645 3424 2698 si-

1816 2733 1959 2786 milia
1991 2733 2132 2786 ferre
2177 2747 2398 2787 necesse
2448 2742 2529 2786 est
2564 2751 2576 2786 :
2607 2743 2840 2787 attamen
2870 2750 2975 2787 non
3025 2746 3305 2804 propterea
3333 2735 3425 2788 de.

1814 2826 2109 2879 sistendum
2132 2842 2146 2890 ;
2170 2825 2263 2879 sed
2292 2825 2411 2880 ideo
2435 2827 2672 2880 maxime
2696 2827 2930 2894 ipsorum
2956 2828 3222 2882 miseriam
3244 2829 3424 2897 lugere

1815 2917 2090 2982 convenit,
2118 2917 2241 2984 quia
2271 2916 2391 2969 talis
2406 2925 2487 2969 est
2527 2916 2683 2984 hujus
2711 2917 2882 2970 morbi
2912 2919 3137 2986 Species.
3175 2918 3302 2972 Hzt'c
3333 2920 3421 2972 lir-

1818 3010 2076 3064 miorihus
2097 3020 2148 3064 et
2194 3009 2504 3063 fortioribus
2527 3009 2734 3078 loquor,
2771 3011 2857 3077 qui
2892 3011 3092 3064 nullan
3136 3026 3199 3064 ex
3234 3026 3422 3064 eorum

1815 3100 2085 3172 colloquio
2138 3102 2382 3168 accipere
2433 3102 2637 3170 possint
2683 3100 3088 3154 detrimentum.
3149 3102 3330 3170 Itaque
3380 3102 3424 3155 si

1817 3195 1936 3264 quis
1967 3192 2226 3247 infirmior
2249 3193 2338 3256 sit,
2374 3207 2558 3246 eorum
2583 3193 2911 3246 consortium
2941 3191 3126 3261 fugiat,
3146 3194 3211 3245 ab
3239 3209 3424 3247 eorum

1817 3287 2098 3356 colloquiis
2126 3286 2346 3347 resiliat,
2383 3286 2450 3339 ne
2481 3285 2731 3338 amicitia:
2778 3285 2914 3338 ratio
2945 3286 3236 3354 impietatis
3266 3301 3425 3341 occa-

1817 3379 1898 3433 sio
1928 3377 2138 3432 evadat.
2167 3377 2256 3432 Sic
2276 3385 2329 3431 et
2356 3377 2553 3430 Paulus
2578 3375 2722 3441 facit,
2755 3376 2867 3444 ipse
2887 3376 3102 3445 quidem
3123 3392 3244 3430 cum
3267 3377 3425 3445 mgris

1817 3479 2082 3535 versatur,
2105 3477 2158 3523 et
2178 3469 2252 3522 ait
2284 3485 2300 3522 :
2335 3458 2523 3522 Factus
2543 3485 2656 3521 sum
2681 3467 2882 3522 Iudaeis
2904 3479 3162 3537 tamquam
3183 3468 3424 3536 Judwus,

1816 3565 1880 3617 iis
1899 3565 1985 3635 qui
2001 3565 2109 3618 sine
2122 3565 2230 3635 lege
2241 3573 2403 3628 erant,
2423 3573 2677 3634 tamquam
2698 3564 2809 3618 sine
2827 3566 2935 3635 lege
2950 3583 3106 3618 essem
3131 3567 3176 3636 (1
3195 3609 3206 3619 .
3232 3565 3350 3620 Cor.
3367 3566 3424 3621 9.

1816 3655 1903 3710 20.
1938 3655 2052 3724 21),
2087 3655 2383 3724 discipulos
2427 3664 2604 3709 autem
2638 3654 2963 3710 infirmiores
2993 3665 3202 3721 avocat,
3235 3656 3426 3724 hisque

1817 3747 1994 3816 verbis
2012 3754 2266 3800 monetae
2277 3746 2434 3800 docet
2450 3765 2463 3799 :
2479 3744 2988 3816 Corrumpuntbonos
3002 3763 3164 3799 mores
3175 3747 3426 3815 colloquia

1819 3854 1975 3907 praua
1993 3837 2042 3909 (Ι
2051 3837 2155 3890 bid.
2190 3838 2274 3892 15.
2297 3838 2420 3908 35);
2443 3853 2505 3892 ac
2516 3853 2754 3901 rursum,
2773 3837 2920 3892 Exite
2940 3839 3002 3891 de
3030 3839 3195 3891 medio
3223 3855 3420 3904 eorum,

1817 3939 1864 3980 et
1899 3928 2228 3997 separamini,
2259 3927 2380 3980 dicit
2411 3927 2663 3982 Dominus
2694 3928 2772 3998 (2.
2802 3926 2922 3982 Cor.
2950 3929 3003 3982 6.
3039 3930 3151 3998 l7)‘.
3183 3928 3421 3983 Medicus

1817 4020 1961 4073 enim
2003 4020 2046 4072 si
2077 4029 2334 4088 aegrotum
2383 4018 2559 4085 adeat,
2599 4030 2652 4073 et
2691 4019 2790 4072 sibi
2835 4027 2889 4073 et
2933 4019 3009 4072 illi
3052 4033 3426 4087 smpentrmero

1819 4109 2072 4180 prodest;
2106 4109 2370 4164 infirmior
2396 4119 2573 4164 autem
2613 4119 2668 4164 et
2712 4110 2813 4164 sibi
2841 4118 2895 4163 et
2939 4118 3140 4180 mgroto
3172 4118 3353 4170 nocet.
3381 4110 3426 4163 si

1815 4216 1938 4255 cum
1957 4200 2115 4270 :egris
2130 4200 2520 4256 admisceatur:
2539 4201 2686 4254 illum
2707 4201 2905 4270 quippe
2935 4201 3268 4270 nihiljuvare
3287 4210 3427 4270 pote

1815 4292 1906 4354 rit,
1937 4290 2159 4361 ipseque
2188 4306 2253 4345 ex
2277 4291 2590 4361 aegritudine
2617 4306 2866 4360 magnum
2899 4291 3113 4345 hauriet
3133 4306 3423 4345 nocumen~

1819 4391 1950 4436 ttim.
2006 4382 2265 4452 Quodque
2314 4384 2348 4437 ii
2400 4383 2672 4452 patiuntur
2716 4384 2805 4453 qui
2854 4383 3194 4453 lippientium
3241 4386 3428 4440 oculos

1819 4476 2162 4546 inspicientes
2185 4476 2328 4530 illius
2347 4475 2447 4528 sibi
2467 4475 2788 4529 infirmitatis
2809 4476 3010 4546 aliquid
3036 4478 3334 4543 attrahunt,
3355 4478 3422 4533 id-

1818 4567 1992 4635 ipsum
2019 4567 2288 4635 patientur
2314 4567 2452 4636 iiqui
2478 4582 2599 4621 cum
2632 4565 2961 4636 blasphemis
2989 4569 3091 4623 illis
3119 4569 3428 4626 hominibus

1816 4667 2138 4724 versantur;
2194 4659 2239 4712 si
2290 4659 2612 4714 infirmiores
2659 4659 2786 4723 sint,
2837 4675 3082 4730 magnam
3137 4662 3428 4732 impietatis

1829 4749 2040 4810 partem
2074 4741 2433 4793 contrahunt.
2464 4739 2543 4794 Ne
2570 4742 2738 4812 igitur
2758 4744 2998 4797 maxima
3027 4745 3187 4801 nobis
3223 4748 3428 4804 damna

1827 4833 2166 4899 inferamus,
2196 4834 2416 4888 illorum
2447 4836 2788 4890 consortium
2817 4836 3054 4892 vitemus
3077 4879 3090 4902 ,
3117 4837 3286 4894 Deum
3316 4833 3429 4896 cle-

1826 4928 2252 4993 mentissimum,
2271 4928 2494 4997 quivult
2515 4944 2708 4983 omnes
2730 4929 2980 4985 homines
3006 4933 3188 4985 salvos
3212 4934 3348 4998 fieri,
3373 4945 3428 4990 et

1825 5021 1894 5075 ad
1914 5021 2242 5090 agnitionem
2264 5021 2510 5075 veritatis
2523 5022 2706 5075 venire
2724 5021 2768 5092 (I
2786 5022 3011 5078 .Timﬂ.
3035 5026 3112 5093 4),
3136 5038 3424 5094 precantes

1819 5116 2292 5185 obsecrantesque,
2323 5123 2383 5169 ut
2428 5129 2522 5170 eos
2552 5117 2618 5170 ab
2648 5131 2833 5170 errore
2860 5116 3050 5170 liberet
3080 5124 3134 5170 et
3175 5130 3204 5168 a
3233 5117 3429 5186 laqueo

1822 5206 2043 5269 diaboli,
2090 5214 2146 5261 et
2188 5206 2253 5259 ad
2304 5206 2481 5260 lumen
2530 5207 2770 5260 scientia:
2813 5206 3038 5262 reducat
3092 5249 3108 5273 ,
3139 5222 3332 5276 nempe
3361 5207 3429 5261 ad

1824 5300 1991 5354 Deum
2022 5299 2232 5354 Patrem
2264 5299 2473 5353 Domini
2520 5300 2688 5354 nostri
2718 5299 2847 5354 Jcsu
2891 5299 3112 5366 Christi,
3141 5315 3262 5355 cum
3293 5300 3430 5356 vivi-

1822 5391 1925 5446 lico
1950 5400 2004 5445 et
2047 5399 2232 5445 sancto
2278 5391 2497 5460 Spiritu,
2529 5391 2613 5444 cui
2655 5391 2824 5462 gloria
2867 5401 2920 5446 et
2953 5393 3258 5462 imperium,
3289 5407 3432 5449 nunc

1821 5491 1876 5536 et
1904 5498 2136 5554 semper,
2165 5491 2221 5538 et
2263 5483 2316 5538 in
2345 5482 2541 5540 sa‘cula
2567 5483 2908 5540 smculorum.
2941 5485 3137 5542 Amen.
