4186 6326
722 399 821 453 719

1372 388 1429 445 S.
1468 381 1751 444 JO.\NNIS
1780 372 2261 435 CHRYSOSTOMI
2304 366 2623 425 ARCHIEP.
2663 360 3203 421 CONSTANTlNOP.

932 495 3589 548 _________________________________________.

3936 355 4049 409 7‘20

3592 490 3983 507 μ

1379 621 1592 731 DE
1652 595 3390 723 INCOJHPREHENSIBILI,

1112 855 1188 897 ET
1232 849 1403 912 QQOD
1446 845 1609 889 DEUS
1654 841 1737 885 NE
1780 832 2026 891 QUIDEM
2071 827 2218 873 SE88
2262 820 2723 869 ATTEMPERANS
2768 822 2808 864 Δ
2852 821 3179 865 εειιΑΡΗιΜ
3221 822 3417 864 FEB!“
3460 821 3697 866 Possm.

1301 1161 1519 1204 HOIILIA
1559 1154 1776 1196 TERTIA.

820 1286 1175 1349 LLaboriosi
1216 1280 1488 1353 agricolae,
1520 1292 1641 1331 cum
1672 1271 1920 1327 arborem
1962 1262 2143 1318 vident
2173 1258 2340 1312 infru-

742 1396 983 1442 ctuosam
1012 1390 1063 1436 et
1093 1379 1430 1450 sylvestrem,
1461 1371 1676 1439 suisque
1705 1361 1975 1420 laboribus
1994 1356 2339 1450 officientem,

745 1493 865 1547 qua:
892 1474 976 1529 vel
1013 1442 1207 1527 radicis
1231 1465 1444 1530 duritie,
1472 1462 1555 1518 vel
1595 1458 1797 1513 umbra:
1835 1442 2135 1547 densitate,‘
2160 1442 2345 1499 fructi-

747 1539 888 1626 feras
912 1568 1107 1637 stirpes
1134 1568 1464 1628 corrumpat,
1492 1567 1703 1610 summa
1737 1544 1854 1603 eam
1900 1539 2172 1639 diligentia
2199 1551 2346 1591 rese-

748 1670 893 1717 cant.
940 1634 1096 1726 Saepe
1134 1663 1311 1709 autem
1358 1644 1796 1726 ventusirruens
1840 1635 2129 1690 sectionem
2154 1634 2342 1726 juvat,

752 1719 1124 1816 frondiumque
1150 1756 1354 1799 comam
1381 1724 1666 1806 impetens,
1695 1744 1759 1784 ac
1783 1740 1972 1797 magna
2001 1723 2052 1777 vi
2078 1719 2343 1791 quatiens,

752 1842 948 1911 frangit
988 1839 1151 1900 illam,
1186 1835 1237 1887 in
1282 1840 1588 1895 terramque
1635 1818 1951 1893 prosternit,
1997 1821 2351 1883 magnamque

751 1934 855 1988 illis
903 1928 1101 1985 laboris
1148 1932 1352 1995 partem
1400 1917 1592 1974 aufert.
1644 1914 1778 1972 Cum
1826 1922 1954 1977 ergo
2001 1920 2099 1959 nos
2141 1912 2352 1995 quoque

751 2026 1003 2079 arborem
1037 1992 1429 2090 praecidendam
1457 2022 1709 2067 curemus
1752 2003 2066 2074 sylvestrem
2092 2003 2149 2050 et
2188 1992 2354 2048 infru-

752 2128 1015 2180 ctuosam,
1043 2116 1421 2167 Anomaaorum
1448 2102 1651 2157 scilicet
1673 2094 1941 2158 haeresim,
1967 2091 2133 2145 Deum
2165 2098 2355 2157 prece-

756 2224 898 2274 mur,
929 2216 987 2261 ut
1016 2204 1169 2259 nobis
1194 2200 1424 2270 Spiritus
1448 2193 1671 2265 gratiam
1700 2189 1894 2251 mittat,
1928 2193 1986 2239 ut
2009 2181 2153 2237 omni
2194 2186 2355 2274 vento

757 2270 1127 2355 vehementius
1177 2296 1471 2362 ingruens,
1519 2284 1766 2339 haeresim
1814 2275 2067 2332 radicitus
2114 2270 2352 2331 evellat,

758 2391 1019 2459 nobisque
1046 2388 1282 2442 laborem
1330 2379 1523 2436 reddat
1566 2374 1843 2431 leviorem.
1872 2369 1990 2425 Jam
2023 2366 2169 2421 enim
2214 2373 2355 2415 terra

761 2457 984 2548 inculta,
1009 2495 1128 2551 quae
1158 2476 1510 2548 agricolarum
1540 2467 1787 2524 manibus
1811 2478 1918 2517 non
1960 2457 2191 2514 exercita
2234 2462 2315 2508 est
2338 2492 2355 2519 ,

762 2547 974 2631 herbas
997 2547 1237 2633 vitiosas,
1283 2566 1555 2635 spinarum
1586 2560 1691 2613 vim
1723 2566 1777 2611 et
1803 2552 2024 2608 arbores
2070 2547 2359 2618 sylvestres

760 2684 828 2725 ex
854 2667 971 2722 sinu
1002 2678 1099 2721 suo
1126 2676 1273 2731 δίκερε
1302 2656 1523 2717 eduxit;
1556 2653 1626 2706 ita
1652 2658 1708 2707 et
1738 2650 2117 2703 Anommorum
2148 2639 2359 2695 deserta

762 2760 961 2824 anima,
986 2768 1039 2812 et
1062 2771 1127 2810 eo
1155 2753 1302 2809 eultu
1328 2749 1416 2820 qui
1445 2763 1509 2802 ex
1532 2741 1824 2813 Scripturis
1844 2743 2025 2792 manat
2048 2733 2270 2824 privata,
2294 2744 2361 2783 ex

762 2867 822 2906 se
867 2822 1005 2904 hanc
1034 2847 1197 2902 feram
1242 2840 1619 2908 horridamque
1667 2832 1913 2888 haeresim
1961 2825 2168 2883 eduxit.
2217 2822 2364 2877 Hanc

763 2943 961 3012 quippe
989 2940 1235 2993 arborem
1267 2949 1440 3003 neque
1470 2929 1665 2986 Paulus
1697 2922 1975 2996 plantavit,
2024 2934 2124 3012 nec
2171 2913 2363 3012 Apollo

769 3007 983 3105 rigavit,
1018 3044 1117 3085 nec
1148 3030 1288 3083 Deus
1316 3024 1504 3089 auxit;
1535 3020 1631 3077 sed
1660 3015 1917 3089 plantavit
1946 3011 2159 3082 quidem
2202 3007 2367 3062 ratio-

766 3100 1028 3180 ciniorum
1059 3118 1429 3189 intempestiva
1472 3112 1782 3177 curiositas,
1814 3106 2007 3178 rigavit
2049 3100 2366 3173 arrogantiae

770 3213 1150 3280 Iumor,,auxit
1193 3225 1343 3266 vana:
1386 3207 1571 3278 gloria:
1617 3219 1787 3260 amor.
1820 3200 2073 3270 Opusque
2101 3196 2255 3251 nobis
2285 3203 2366 3249 est

768 3291 1001 3379 Spiriius
1025 3305 1259 3367 ﬂamma,
1291 3310 1350 3356 ut
1378 3301 1661 3370 pessimam
1689 3296 1826 3349 hanc
1852 3292 2085 3348 radicem
2115 3305 2219 3343 non
2253 3297 2369 3342 tan-

774 3412 884 3455 tum
929 3399 1243 3462 evellamus,
1272 3394 1365 3449 sed
1405 3393 1567 3448 etiam
1611 3388 2008 3444 comburamus.
2056 3383 2369 3437 [avocemus

772 3487 949 3553 itaque
990 3484 1185 3552 ipsum,
1232 3480 1319 3550 qui
1366 3478 1434 3531 ab
1484 3477 1589 3531 illis
1634 3473 1849 3544 quidem
1890 3469 2308 3539 blasphematur,
2337 3481 2368 3519 a

772 3576 928 3632 nobis
956 3585 1136 3627 autem
1164 3571 1467 3627 celebratur
1491 3586 1505 3635 ;
1539 3579 1893 3636 rogemusque
1924 3573 1980 3617 ut
2010 3563 2242 3631 linguam
2271 3574 2368 3613 no-

772 3678 937 3722 stram
980 3665 1046 3718 ad
1091 3664 1402 3719 celeriorem
1433 3675 1647 3715 cursum
1691 3658 1906 3722 excitet,
1952 3661 2006 3710 et
2029 3662 2261 3708 mentem
2306 3650 2370 3705 ad

772 3757 1057 3811 clariorem
1080 3754 1426 3810 dicendorum
1455 3748 1856 3819 intelligentiam
1898 3747 2120 3816 aperiat.
2148 3744 2253 3798 Pro
2282 3743 2373 3797 illo

776 3862 1028 3916 namque,
1059 3856 1113 3899 et
1144 3860 1239 3914 pro
1269 3845 1431 3913 gloria
1464 3842 1578 3910 ejus
1607 3852 1751 3895 totus
1780 3840 1865 3893 hic
1892 3838 2041 3893 labor
2066 3837 2371 3906 suseipitur,

779 3941 886 3993 imo
910 3940 1089 4006 potius
1111 3952 1205 4005 pro
1234 3938 1403 3989 salute
1430 3944 1629 3988 nostra.

849 4030 947 4084 Dei
985 4029 1162 4082 laudes
1203 4043 1301 4080 non
1328 4024 1458 4090 Deo,
1484 4026 1571 4078 sed
1613 4023 1808 4077 homini
1852 4030 2078 4091 prosunt.
2110 4051 2181 4060 —
2208 4021 2371 4075 Deum

778 4124 922 4177 enim
967 4135 1125 4175 nemo
1173 4119 1256 4172 vel
1305 4116 1699 4173 cuutemnendo
1745 4114 2071 4180 laedere,_vel
2113 4114 2385 4167 laudando

780 4213 1125 4269 illustriorem
1168 4212 1339 4265 facere
1386 4210 1622 4279 pcterit;
1670 4208 1762 4263 sed
1812 4209 1866 4262 in
1906 4222 2005 4261 sua
2049 4221 2261 4275 semper
2292 4206 2379 4259 ille

782 4315 961 4359 manet
1005 4303 1193 4372 gloria,
1227 4317 1326 4356 nec
1356 4301 1609 4355 laudibus
1646 4308 1853 4360 auctus,
1887 4313 1988 4353 nec
2035 4297 2379 4368 blasphemiis

783 4396 1112 4451 imminutus.
1165 4393 1419 4448 Homines
1470 4407 1599 4447 vero
1643 4390 1732 4461 qui
1790 4391 1937 4444 illum
1981 4405 2079 4460 pro
2125 4390 2381 4458 dignitate

784 4486 1019 4549 laudant,
1064 4486 1171 4538 imo
1204 4499 1302 4553 pro
1346 4484 1603 4553 dignitate
1648 4496 1807 4537 nemo
1836 4489 2029 4551 p0test,
2060 4481 2152 4537 sed
2180 4498 2276 4551 pro
2303 4480 2380 4533 la-

781 4579 982 4632 cultate
1011 4591 1128 4640 sua,
1165 4576 1335 4629 laudis
1363 4573 1596 4628 fructum
1619 4583 2054 4643 consequuntur:
2086 4573 2172 4642 qui
2202 4584 2382 4626 autem

787 4673 957 4739 ipsum
987 4668 1362 4737 hlasphemant
1386 4682 1448 4721 ac
1475 4666 1824 4736 vilipendunt,
1850 4681 2001 4721 suam
2034 4666 2132 4734 ipsi
2160 4666 2382 4719 salutem

785 4764 1057 4817 amittunt.
1088 4761 1219 4816 Illud
1244 4762 1418 4825 enim,
1454 4760 1554 4824 Qui
1571 4761 1695 4829 jecit
1720 4760 1942 4829 lapidem
1976 4775 2196 4825 sursum,
2219 4759 2271 4810 in
2300 4775 2388 4811 ca-

789 4866 876 4926 put
904 4873 1051 4909 suum
1073 4855 1195 4927 jecit
1226 4853 1411 4925 (Eccli.
1456 4853 1545 4907 27.
1580 4852 1695 4923 28),
1729 4852 1796 4906 de
1834 4838 2157 4920 blasphemis
2184 4849 2385 4904 dictum

792 4958 893 5003 est.
920 4947 1555 5015 Quemadmodumenim
1587 4947 1675 5015 qui
1704 4943 1933 5013 lapidem
1968 4945 2018 4997 in
2050 4942 2213 4995 altum
2238 4944 2388 5011 jacu-

796 5043 951 5107 latur,
980 5041 1195 5095 caeleste
1234 5039 1449 5110 quidem
1494 5054 1687 5109 corpus
1731 5037 1974 5092 scindere
2002 5052 2105 5090 non
2151 5036 2384 5104 poterit,

793 5151 967 5205 neque
994 5134 1061 5189 ad
1092 5142 1291 5188 tantam
1320 5131 1654 5187 altitudinem
1684 5132 2008 5201 pertingere,
2055 5129 2149 5184 sed
2181 5130 2386 5198 plagam

792 5244 894 5284 suo
937 5228 1112 5295 capite
1154 5226 1406 5296 excipiet,
1450 5224 1624 5293 lapide
1670 5225 1720 5278 in
1761 5224 2043 5293 jacientem
2074 5221 2385 5276 recidente:

796 5320 874 5373 sic
900 5319 989 5389 qui
1023 5320 1075 5371 in
1106 5318 1312 5372 beatam
1345 5316 1692 5371 substantiam
1725 5313 2079 5384 blasphemat,
2108 5313 2249 5366 illam
2276 5312 2392 5382 qni-

797 5410 916 5464 dem
973 5423 1260 5478 numquam
1316 5406 1549 5471 laeserit,
1608 5416 1788 5475 utpote
1845 5422 1963 5475 qua:
2016 5406 2170 5475 longe
2223 5405 2393 5475 major

798 5501 1166 5571 excelsiorque
1190 5500 1280 5566 sit,
1307 5515 1463 5569 quam
1493 5508 1549 5553 ut
1577 5501 1742 5567 possit
1778 5498 1991 5567 aliquod
2018 5498 2266 5552 damnum
2297 5513 2393 5552 ex-

795 5608 1019 5662 cipere;
1066 5591 1161 5647 sed
1201 5601 1387 5645 contra
1436 5592 1664 5645 animam
1709 5606 1858 5643 suam
1889 5591 1904 5621 ί
1937 5589 2168 5661 gladium
2212 5591 2390 5655 acuit,

861 5752 878 5781 ³
916 5757 989 5798 διο
1012 5760 1185 5798 manes
1218 5745 1323 5797 fere
1344 5755 1524 5810 Mss.,et
1547 5750 1608 5800 ita
1627 5745 1754 5809 legit
1774 5747 2055 5798 Theodorus
2076 5754 2211 5802 Gaza:
2230 5745 2395 5798 Morel.

807 5824 945 5871 vero.
967 5818 1111 5876 caput
1135 5822 1296 5861 suum.

2449 1122 2688 1191 ingratus
2715 1139 2838 1194 erga
2871 1125 3264 1181 benefactorem
3296 1126 3537 1181 effectus.
3572 1125 3839 1182 Vocemus
3870 1124 4070 1195 itaque

2452 1214 2625 1283 ipsum
2641 1216 2961 1271 inell‘abilc'm
2979 1218 3018 1285 ί,
3034 1218 3480 1288 inintelligibilem
3495 1218 3686 1285 Deum,
3702 1216 4064 1281 invisibilcm,

2453 1307 2626 1369 incom
2635 1308 3071 1375 prehensibilem,
3092 1309 3341 1363 humana:
3358 1308 3550 1378 lingua:
3565 1309 3669 1363 vim
3683 1315 4061 1378 superantem,

2451 1398 2694 1452 mortalis
2739 1402 2935 1454 mentis
2961 1399 3495 1469 comprehensionem
3537 1399 3914 1465 excedentem,
3964 1412 4067 1450 an-

2451 1488 2585 1558 gelis
2610 1505 2716 1544 non
2745 1490 3107 1559 vestigabilem
3127 1494 3172 1560 ¹,
3200 1491 3515 1561 Seraphinis
3545 1491 3894 1556 invisibilem,
3924 1489 4071 1544 Che-

2453 1579 2659 1634 rubinis
2682 1580 3150 1652 inintelligibilem,
3176 1582 3614 1653 iuaspectabilem
3640 1581 4069 1652 Principatibus,

2434 1669 2839 1737 -Potestatibus,
2871 1670 3187 1741 Virtutibus,
3220 1690 3283 1728 ac
3328 1673 3642 1743 simpliciter
3665 1674 3810 1727 omni
3842 1682 4072 1727 creatu-

2456 1778 2531 1817 rae
2561 1778 2576 1817 :
2606 1778 2636 1816 a
2664 1765 2781 1819 solo
2805 1773 2982 1819 autem
3016 1766 3152 1821 Filio
3180 1774 3232 1821 et
3261 1780 3291 1820 a
3318 1766 3519 1837 Spiritu
3547 1775 3734 1821 sancto
3762 1765 4070 1834 cognitum.

2457 1854 2566 1910 Nec
2589 1857 2774 1927 ignem
2802 1873 2896 1914 eos
2922 1875 3007 1914 me
3035 1861 3341 1930 petulantias
3367 1870 3716 1916 accusaturos
3744 1874 3886 1927 esse,
3923 1859 4072 1929 quod

2459 1947 2590 2015 ipsis
2637 1951 2883 2017 supernis
2914 1951 3210 2007 Virtutibus
3240 1952 3414 2022 ipsum
3464 1950 4073 2021 incomprehensibilem

2458 2055 2579 2095 esse
2621 2041 2847 2097 dixerim
2899 2059 3053 2114 :ego
3112 2052 3293 2099 autem
3350 2045 3471 2101 ideo
3526 2059 3791 2100 summam
3847 2044 4080 2099 illorum

2461 2133 2825 2203 arrogantiam
2865 2144 2921 2189 et
2952 2134 3212 2189 insaniam
3262 2136 3551 2192 damnabo.
3599 2136 3716 2191 Non
3744 2136 3889 2191 enim
3920 2147 4078 2205 petat-

2462 2224 2623 2279 |.:ntia
2675 2232 2759 2280 est
2806 2225 3007 2290 dicere,
3058 2235 3356 2283 creatorem
3408 2228 3648 2284 omnium
3696 2239 4084 2284 creaturarum

2461 2325 2673 2383 captum
2719 2323 2774 2369 et
2801 2316 3162 2385 cognitionem
3206 2333 3500 2386 superare;
3547 2318 3644 2377 sed
3691 2318 3873 2375 dicere
3902 2336 4033 2376 eum
4059 2360 4077 2385 ,

2462 2409 2551 2474 qui
2582 2405 2832 2475 supernis
2866 2406 3159 2462 Virtutibus
3191 2408 3745 2479 incomprehensibilis
3787 2411 3878 2476 sit,
3918 2426 4083 2481 posse

2464 2498 2533 2553 ab
2562 2498 2709 2553 humi
2752 2500 3084 2570 repentibus,
3115 2503 3207 2573 qui
3259 2511 3460 2557 tantum
3506 2502 3709 2558 distant
3732 2504 3800 2559 ab
3831 2504 3965 2569 illis,
4000 2504 4078 2558 in-

2466 2590 2615 2645 lirma
2644 2591 3026 2661 cogitationum
3059 2593 3311 2649 facultate
3335 2594 3703 2650 circumscribi
3728 2604 3782 2649 et
3822 2609 4079 2665 compte~

2467 2683 2651 2739 hendi.
2689 2684 2802 2755 Ego
2846 2685 2891 2740 si
2921 2686 3062 2756 quod
3110 2686 3379 2756 pollicitus
3408 2702 3528 2741 sum
3578 2703 3683 2743 non
3730 2688 4079 2744 demonstra-

2468 2788 2616 2839 vero,
2671 2775 2863 2845 dignus
2916 2777 3073 2845 plane
3122 2776 3315 2833 fuerim
3367 2776 3458 2847 qui
3512 2779 3818 2849 petulantia:
3868 2780 4079 2835 crimen

2466 2864 2687 2919 subeam
2719 2884 2733 2919 :
2766 2882 2865 2922 vos
2908 2882 3057 2934 vero,
3096 2869 3139 2923 si
3172 2877 3451 2940 postquam
3479 2880 3755 2925 ostensum
3784 2871 3855 2926 sit
3903 2872 4080 2941 ipsum

2469 2958 2721 3029 supernis
2778 2958 3073 3016 Virtutibus
3119 2976 3241 3017 esse
3291 2962 3886 3032 incomprehensibilem
3920 3005 3934 3029 ,
3991 2979 4081 3019 vos

2473 3052 2624 3107 illum
2674 3067 2837 3108 nosse
2873 3054 3208 3111 contentiose
3249 3054 3548 3121 afﬁrmetis,
3591 3065 3721 3127 quot
3760 3057 4036 3113 barathris
4064 3100 4079 3124 ,

2474 3152 2604 3213 quot
2649 3144 2957 3214 prmcipitiis
3004 3146 3148 3215 digni
3189 3148 3361 3209 eritis,
3392 3147 3484 3216 qui
3528 3148 3864 3218 incorporcis
3897 3149 4081 3205 Virtu-

2476 3234 2618 3288 tibus
2648 3235 2920 3290 inaccessa
2947 3250 3042 3291 vos
3088 3237 3321 3307 perfecte
3367 3253 3529 3293 nosse
3574 3239 3878 3310 petulanter
3923 3241 4081 3310 jacu-

2473 3328 2634 3381 tatis?

2544 3419 2599 3472 2.
2629 3421 2741 3489 Age
2762 3435 2891 3490 ergo
2927 3420 2993 3474 ad
3022 3437 3134 3475 rem
3177 3422 3344 3492 ipsam
3376 3422 3850 3484 demonstrandam
3885 3439 4083 3496 propc-

2476 3526 2677 3575 remus,
2708 3512 2772 3566 ad
2799 3514 3161 3582 precationem
3194 3530 3407 3569 rursum
3435 3517 3679 3571 conversi
3717 3535 3730 3570 :
3764 3531 3912 3586 srcpe
3939 3518 4097 3571 enim.

2478 3604 2681 3659 accidet
2710 3615 2769 3660 ut
2798 3606 2911 3674 ipsa
2941 3606 3191 3676 precandi
3218 3607 3387 3661 series
3418 3618 3731 3678 argumenta
3755 3623 3853 3678 pro
3877 3624 3940 3663 re
3966 3624 4084 3678 pro-

2479 3697 2651 3766 posita
2684 3699 2837 3753 nobis
2866 3699 3189 3768 suppeditet.
3204 3699 3471 3753 Vocemus
3498 3700 3674 3769 itaque
3697 3699 3871 3770 ipsum
3900 3699 4098 3771 Regem.

2478 3810 2653 3868 regum
2684 3802 2727 3847 et
2761 3792 3032 3849 Dominum
3057 3793 3463 3858 dominantium,
3513 3794 3598 3864 qui
3636 3795 3777 3848 solus
3807 3795 3961 3849 habet
3988 3796 4082 3853 im-

2482 3885 2842 3940 mortalitatem
2877 3925 2892 3950 ,
2933 3895 2979 3938 et
3022 3885 3185 3938 lucem
3232 3886 3629 3939 inaccessibilcm
3659 3886 3852 3940 habitat
3886 3903 3907 3941 :
3938 3904 4082 3957 quem

2480 3976 2655 4032 nullus
2672 3976 2931 4043 hominum
2948 3976 3100 4041 vidit,
3120 3994 3279 4049 neque
3302 3976 3471 4031 videre
3497 3988 3677 4047 potest,
3710 3978 3793 4031 cui
3818 3988 3894 4032 est
3925 3980 4084 4033 honor

2481 4079 2525 4121 et
2563 4069 2831 4139 imperium
2872 4070 2925 4122 in
2962 4069 3170 4123 sarcula.
3203 4070 3361 4125 Amen
3417 4072 3436 4139 (
3470 4071 3520 4124 1.
3566 4070 3698 4126 Tim.
3731 4073 3784 4126 6.
3816 4073 3907 4127 15.
3941 4072 4008 4127 16

2485 4159 2612 4215 Haec
2642 4175 2747 4214 non
2772 4176 2888 4214 mea
2920 4170 3064 4226 sunt,
3094 4162 3187 4217 sed
3215 4162 3365 4216 Pauli
3393 4162 3576 4218 verba.
3596 4164 3676 4219 Tu
3702 4164 3862 4219 velim
3889 4166 4081 4220 anima:

2488 4251 2631 4307 illius
2690 4252 2941 4321 pietatem
2989 4252 3302 4307 consideres
3330 4296 3345 4321 ,
3390 4271 3741 4326 amoremque
3779 4271 4079 4313 summum:

2485 4358 2605 4397 cum
2628 4343 2769 4398 enim
2791 4344 2883 4398 Dei
2917 4344 3179 4407 meminit,
3205 4359 3313 4398 non
3346 4354 3470 4399 ante
3511 4345 3563 4398 in
3600 4346 3796 4401 seriem
3829 4346 4084 4402 doctrina:

2493 4434 2735 4503 procedit
2779 4451 2938 4505 quam
2966 4436 3208 4493 debitum
3238 4451 3395 4490 suum
3437 4436 3721 4504 exsolvat,
3774 4453 3899 4491 cum
3934 4437 4083 4493 laude

2490 4541 2794 4583 sermonem
2834 4528 3111 4583 claudens.
3145 4529 3277 4582 Nam
3308 4529 3371 4583 Si
3412 4529 3654 4583 memoria
3670 4530 3803 4599 justi
3829 4548 3945 4584 cum
3972 4531 4082 4584 lau-

2490 4619 2635 4672 dibus
2690 4619 2873 4689 (i’rov.
2910 4620 2997 4675 10.
3032 4621 3086 4690 '1)
3108 4661 3122 4684 ,
3166 4619 3529 4691 multomagis
3560 4621 3819 4675 memoria
3848 4622 3945 4677 Dei
3969 4637 4083 4678 cum

2493 4711 2886 4768 benedictione.
2922 4712 3154 4784 ldipsum
3186 4728 3315 4768 vero
3337 4713 3461 4767 facit
3481 4714 3533 4769 in
3561 4713 3799 4769 exordiis
3831 4714 4085 4785 epistola-

2493 4820 2632 4860 rum.
2666 4805 2875 4874 Saepius
2900 4806 3043 4861 enim
3073 4805 3356 4874 epistolam
3382 4806 3629 4871 ordiens,
3662 4806 3797 4861 facta
3825 4806 3925 4862 Dei
3944 4822 4087 4861 men-

2494 4898 2638 4953 tione
2665 4940 2681 4965 ,
2714 4915 2825 4952 non
2863 4898 3010 4967 prius
3053 4898 3121 4953 ad
3170 4898 3465 4954 doctrinam
3510 4900 3749 4968 procedit
3793 4916 3954 4971 quam
3984 4901 4087 4955 Deo

2494 4990 2725 5045 debitam
2754 4991 2963 5046 laudem
2990 4992 3327 5063 gloriamque
3354 4992 3583 5048 dederit.
3610 4994 3749 5048 Audi
3786 4995 3935 5063 quid
3957 4994 4084 5049 scri-

2496 5082 2631 5136 bens
2652 5082 2720 5136 ad
2749 5083 2962 5139 Galatas
2983 5084 3124 5138 dicat
3153 5102 3167 5138 :
3200 5085 3379 5139 Gratia
3395 5086 3531 5139 vobis
3551 5096 3598 5139 et
3614 5104 3718 5156 pax
3741 5104 3773 5141 a
3803 5087 3910 5142 Deo
3941 5086 4088 5141 Patre

2495 5185 2669 5230 nostro
2700 5184 2743 5229 et
2790 5175 3009 5230 Domino
3037 5187 3210 5231 nostro
3234 5177 3265 5231 J
3272 5195 3359 5233 esu
3389 5180 3607 5244 Christo,
3639 5181 3727 5248 qui
3746 5180 3889 5233 dedit
3914 5188 4085 5235 sema-

2497 5266 2667 5334 ipsum
2696 5284 2789 5337 pro
2816 5270 3034 5335 peccatis
3060 5270 3243 5325 nostris
3262 5311 3275 5333 ,
3309 5281 3365 5324 ut
3394 5271 3606 5340 eriperet
3634 5288 3727 5324 nos
3758 5270 3823 5323 de
3864 5268 4088 5340 praesenti

2499 5362 2685 5415 alecula
2709 5378 2923 5431 nequam
2947 5363 3222 5416 secundum
3244 5364 3550 5417 voluntatem
3586 5363 3679 5417 Dei
3704 5374 3749 5417 et
3779 5362 3953 5418 Patris
3975 5405 3989 5429 ,
4015 5361 4087 5415 cui

2501 5454 2666 5524 gloria
2708 5454 2761 5507 in
2799 5455 3010 5509 saxula.
3068 5456 3227 5510 Amen
3268 5452 3286 5526 (
3318 5454 3435 5509 Gal.
3482 5456 3529 5509 l.
3564 5456 3658 5510 3'5
3689 5455 3727 5527 ).
3765 5455 4087 5521 Rursumque

2504 5544 2676 5599 alibi:
2716 5544 2841 5616 Regi
2868 5556 3037 5600 autem
3090 5548 3392 5601 saeculorum
3428 5547 3704 5599 immortali
3744 5556 3791 5599 et
3833 5543 4085 5607 inrisibili;

2567 5747 2583 5778 ί
2621 5744 2819 5803 Quidam
2847 5755 2951 5795 Mss.
2977 5744 3177 5802 addunt,
3212 5740 3471 5805 inﬁnitum.

2566 5810 2585 5841 ¹
2619 5802 2817 5868 Quidam
2841 5816 2947 5859 Mss.
2974 5808 3172 5870 addunt,
3206 5802 3513 5870 archangelis
3550 5804 3923 5857 utscrttmbilem.
