  <div class='ocr_page' id='page_1' title='image "/cluster/home/n/w/nwhite01/storage/ocr_20150623/48/pst.000005712458/208.png"; bbox 0 0 4186 6326; ppageno 0'>
   <div class='ocr_carea' id='block_1_1' title="bbox 276 379 386 434">
    <p class='ocr_par' dir='ltr' id='par_1_1' title="bbox 276 379 386 434">
     <span class='ocr_line' id='line_1_1' title="bbox 276 379 386 434; baseline -0.036 0"><span class='ocrx_word' id='word_1_1' title='bbox 276 379 386 434; x_wconf 70' lang='lat'><strong>7‘21</strong></span> 
     </span>
    </p>
   </div>
   <div class='ocr_carea' id='block_1_2' title="bbox 271 486 1870 558">
    <p class='ocr_par' dir='ltr' id='par_1_2' title="bbox 271 486 1870 558">
     <span class='ocr_line' id='line_1_2' title="bbox 271 486 1870 558; baseline -0.001 -11"><span class='ocrx_word' id='word_1_2' title='bbox 271 493 380 547; x_wconf 81' lang='lat' dir='ltr'><strong>soli</strong></span> <span class='ocrx_word' id='word_1_3' title='bbox 404 490 616 558; x_wconf 80' lang='lat' dir='ltr'><strong>sapienti</strong></span> <span class='ocrx_word' id='word_1_4' title='bbox 633 486 741 542; x_wconf 77' lang='lat' dir='ltr'><strong>Deo</strong></span> <span class='ocrx_word' id='word_1_5' title='bbox 754 489 918 541; x_wconf 81' lang='lat' dir='ltr'><strong>honor</strong></span> <span class='ocrx_word' id='word_1_6' title='bbox 933 497 982 542; x_wconf 88' lang='lat' dir='ltr'><strong>et</strong></span> <span class='ocrx_word' id='word_1_7' title='bbox 1001 487 1164 557; x_wconf 88' lang='lat' dir='ltr'><strong>gloria</strong></span> <span class='ocrx_word' id='word_1_8' title='bbox 1192 488 1459 542; x_wconf 73' lang='lat' dir='ltr'><strong>instzcula.</strong></span> <span class='ocrx_word' id='word_1_9' title='bbox 1481 489 1638 542; x_wconf 77' lang='lat' dir='ltr'><strong>Amen</strong></span> <span class='ocrx_word' id='word_1_10' title='bbox 1655 491 1700 558; x_wconf 83' lang='lat' dir='ltr'><strong>(l</strong></span> <span class='ocrx_word' id='word_1_11' title='bbox 1716 489 1870 545; x_wconf 88' lang='lat' dir='ltr'><strong>.Tim.</strong></span> 
     </span>
    </p>
   </div>
   <div class='ocr_carea' id='block_1_3' title="bbox 275 577 1875 648">
    <p class='ocr_par' dir='ltr' id='par_1_3' title="bbox 275 577 1875 648">
     <span class='ocr_line' id='line_1_3' title="bbox 275 577 1875 648; baseline -0.001 -13"><span class='ocrx_word' id='word_1_12' title='bbox 275 583 333 635; x_wconf 77' lang='grc' dir='ltr'><strong>Ι.</strong></span> <span class='ocrx_word' id='word_1_13' title='bbox 361 582 428 634; x_wconf 76' lang='lat' dir='ltr'><strong>l7</strong></span> <span class='ocrx_word' id='word_1_14' title='bbox 457 580 499 648; x_wconf 94' lang='lat'><strong>).</strong></span> <span class='ocrx_word' id='word_1_15' title='bbox 527 582 607 634; x_wconf 82' lang='lat' dir='ltr'><strong>An</strong></span> <span class='ocrx_word' id='word_1_16' title='bbox 635 578 702 632; x_wconf 89' lang='lat' dir='ltr'><strong>de</strong></span> <span class='ocrx_word' id='word_1_17' title='bbox 737 578 892 632; x_wconf 98' lang='lat' dir='ltr'><strong>Patre</strong></span> <span class='ocrx_word' id='word_1_18' title='bbox 919 578 1090 631; x_wconf 90' lang='lat' dir='ltr'><strong>solum</strong></span> <span class='ocrx_word' id='word_1_19' title='bbox 1129 577 1208 632; x_wconf 84' lang='lat' dir='ltr'><strong>sic</strong></span> <span class='ocrx_word' id='word_1_20' title='bbox 1228 577 1483 648; x_wconf 93' lang='lat' dir='ltr'><strong>loquitur,</strong></span> <span class='ocrx_word' id='word_1_21' title='bbox 1514 578 1580 632; x_wconf 92' lang='lat' dir='ltr'><strong>de</strong></span> <span class='ocrx_word' id='word_1_22' title='bbox 1604 580 1741 633; x_wconf 87' lang='lat' dir='ltr'><strong>Filio</strong></span> <span class='ocrx_word' id='word_1_23' title='bbox 1771 596 1875 634; x_wconf 75' lang='lat' dir='ltr'><strong>non</strong></span> 
     </span>
    </p>
   </div>
   <div class='ocr_carea' id='block_1_4' title="bbox 273 653 1877 744">
    <p class='ocr_par' dir='ltr' id='par_1_4' title="bbox 273 653 1877 744">
     <span class='ocr_line' id='line_1_4' title="bbox 273 653 1877 744; baseline -0.002 -14"><span class='ocrx_word' id='word_1_24' title='bbox 273 677 450 730; x_wconf 79' lang='lat' dir='ltr'><strong>item?</strong></span> <span class='ocrx_word' id='word_1_25' title='bbox 488 676 621 729; x_wconf 86' lang='lat' dir='ltr'><strong>Audi</strong></span> <span class='ocrx_word' id='word_1_26' title='bbox 664 674 931 744; x_wconf 86' lang='lat' dir='ltr'><strong>quomodo</strong></span> <span class='ocrx_word' id='word_1_27' title='bbox 976 675 1117 728; x_wconf 88' lang='lat' dir='ltr'><strong>circa</strong></span> <span class='ocrx_word' id='word_1_28' title='bbox 1168 653 1512 744; x_wconf 62' lang='lat' dir='ltr'><strong>Unigenitum</strong></span> <span class='ocrx_word' id='word_1_29' title='bbox 1556 690 1767 743; x_wconf 89' lang='lat' dir='ltr'><strong>quoque</strong></span> <span class='ocrx_word' id='word_1_30' title='bbox 1797 675 1877 727; x_wconf 88' lang='lat' dir='ltr'><strong>id-</strong></span> 
     </span>
    </p>
   </div>
   <div class='ocr_carea' id='block_1_5' title="bbox 279 764 1879 837">
    <p class='ocr_par' dir='ltr' id='par_1_5' title="bbox 279 764 1879 837">
     <span class='ocr_line' id='line_1_5' title="bbox 279 764 1879 837; baseline -0.003 -16"><span class='ocrx_word' id='word_1_31' title='bbox 279 769 456 835; x_wconf 86' lang='lat' dir='ltr'><strong>ipsum</strong></span> <span class='ocrx_word' id='word_1_32' title='bbox 487 766 674 821; x_wconf 82' lang='lat' dir='ltr'><strong>fecerit</strong></span> <span class='ocrx_word' id='word_1_33' title='bbox 700 785 714 821; x_wconf 76' lang='grc' dir='ltr'>ε</span> <span class='ocrx_word' id='word_1_34' title='bbox 745 781 866 820; x_wconf 88' lang='lat' dir='ltr'><strong>cum</strong></span> <span class='ocrx_word' id='word_1_35' title='bbox 895 767 1036 819; x_wconf 90' lang='lat' dir='ltr'><strong>enim</strong></span> <span class='ocrx_word' id='word_1_36' title='bbox 1059 765 1319 831; x_wconf 90' lang='lat' dir='ltr'><strong>dixisset,</strong></span> <span class='ocrx_word' id='word_1_37' title='bbox 1354 764 1605 836; x_wconf 86' lang='lat' dir='ltr'><strong>Optabam</strong></span> <span class='ocrx_word' id='word_1_38' title='bbox 1633 783 1723 837; x_wconf 88' lang='lat' dir='ltr'><strong>ego</strong></span> <span class='ocrx_word' id='word_1_39' title='bbox 1750 784 1879 819; x_wconf 83' lang='lat' dir='ltr'><strong>ana-</strong></span> 
     </span>
    </p>
   </div>
   <div class='ocr_carea' id='block_1_6' title="bbox 276 855 1875 927">
    <p class='ocr_par' dir='ltr' id='par_1_6' title="bbox 276 855 1875 927">
     <span class='ocr_line' id='line_1_6' title="bbox 276 855 1875 927; baseline -0.001 -15"><span class='ocrx_word' id='word_1_40' title='bbox 276 858 448 912; x_wconf 90' lang='lat' dir='ltr'><strong>thema</strong></span> <span class='ocrx_word' id='word_1_41' title='bbox 478 874 583 910; x_wconf 86' lang='lat' dir='ltr'><strong>esse</strong></span> <span class='ocrx_word' id='word_1_42' title='bbox 610 873 642 908; x_wconf 93' lang='lat' dir='ltr'><strong>a</strong></span> <span class='ocrx_word' id='word_1_43' title='bbox 668 856 865 909; x_wconf 81' lang='lat' dir='ltr'><strong>Christo</strong></span> <span class='ocrx_word' id='word_1_44' title='bbox 894 873 985 925; x_wconf 89' lang='lat' dir='ltr'><strong>pro</strong></span> <span class='ocrx_word' id='word_1_45' title='bbox 1007 855 1250 924; x_wconf 76' lang='lat' dir='ltr'><strong>fratribus</strong></span> <span class='ocrx_word' id='word_1_46' title='bbox 1280 857 1404 909; x_wconf 88' lang='lat' dir='ltr'><strong>meis</strong></span> <span class='ocrx_word' id='word_1_47' title='bbox 1429 897 1443 920; x_wconf 93' lang='lat'><strong>,</strong></span> <span class='ocrx_word' id='word_1_48' title='bbox 1489 857 1717 927; x_wconf 79' lang='lat' dir='ltr'><strong>cognatis</strong></span> <span class='ocrx_word' id='word_1_49' title='bbox 1754 859 1875 912; x_wconf 85' lang='lat' dir='ltr'><strong>meis</strong></span> 
     </span>
    </p>
   </div>
   <div class='ocr_carea' id='block_1_7' title="bbox 272 947 1874 1016">
    <p class='ocr_par' dir='ltr' id='par_1_7' title="bbox 272 947 1874 1016">
     <span class='ocr_line' id='line_1_7' title="bbox 272 947 1874 1016; baseline 0 -15"><span class='ocrx_word' id='word_1_50' title='bbox 272 949 554 1001; x_wconf 76' lang='lat' dir='ltr'><strong>secundum</strong></span> <span class='ocrx_word' id='word_1_51' title='bbox 577 965 777 1001; x_wconf 85' lang='lat' dir='ltr'><strong>carnem</strong></span> <span class='ocrx_word' id='word_1_52' title='bbox 799 950 816 1016; x_wconf 95' lang='lat'>(</span> <span class='ocrx_word' id='word_1_53' title='bbox 842 947 991 1001; x_wconf 84' lang='lat' dir='ltr'><strong>Rom.</strong></span> <span class='ocrx_word' id='word_1_54' title='bbox 1025 947 1078 1002; x_wconf 88' lang='lat'><strong>9.</strong></span> <span class='ocrx_word' id='word_1_55' title='bbox 1113 949 1148 1002; x_wconf 73' lang='grc' dir='ltr'><em>ὃ</em></span> <span class='ocrx_word' id='word_1_56' title='bbox 1177 949 1195 1016; x_wconf 91' lang='grc'>)</span> <span class='ocrx_word' id='word_1_57' title='bbox 1220 963 1234 1010; x_wconf 89' lang='lat'><strong>;</strong></span> <span class='ocrx_word' id='word_1_58' title='bbox 1275 947 1550 1015; x_wconf 82' lang='lat' dir='ltr'><strong>subjnmtit</strong></span> <span class='ocrx_word' id='word_1_59' title='bbox 1580 965 1594 1002; x_wconf 91' lang='lat'><strong>:</strong></span> <span class='ocrx_word' id='word_1_60' title='bbox 1649 948 1874 1013; x_wconf 85' lang='lat' dir='ltr'><strong>Quorum</strong></span> 
     </span>
    </p>
   </div>
   <div class='ocr_carea' id='block_1_8' title="bbox 275 1040 1876 1110">
    <p class='ocr_par' dir='ltr' id='par_1_8' title="bbox 275 1040 1876 1110">
     <span class='ocr_line' id='line_1_8' title="bbox 275 1040 1876 1110; baseline 0.001 -18"><span class='ocrx_word' id='word_1_61' title='bbox 275 1040 488 1108; x_wconf 84' lang='lat' dir='ltr'><strong>adOptio</strong></span> <span class='ocrx_word' id='word_1_62' title='bbox 517 1040 742 1105; x_wconf 78' lang='lat' dir='ltr'><strong>ﬁliorum</strong></span> <span class='ocrx_word' id='word_1_63' title='bbox 762 1081 778 1104; x_wconf 93' lang='lat'><strong>,</strong></span> <span class='ocrx_word' id='word_1_64' title='bbox 817 1051 864 1092; x_wconf 91' lang='lat' dir='ltr'><strong>et</strong></span> <span class='ocrx_word' id='word_1_65' title='bbox 890 1051 1182 1093; x_wconf 85' lang='lat' dir='ltr'><strong>testamenta</strong></span> <span class='ocrx_word' id='word_1_66' title='bbox 1216 1082 1231 1106; x_wconf 93' lang='lat'><strong>,</strong></span> <span class='ocrx_word' id='word_1_67' title='bbox 1275 1050 1321 1092; x_wconf 87' lang='lat' dir='ltr'><strong>et</strong></span> <span class='ocrx_word' id='word_1_68' title='bbox 1351 1041 1600 1110; x_wconf 86' lang='lat' dir='ltr'><strong>legislatio</strong></span> <span class='ocrx_word' id='word_1_69' title='bbox 1619 1084 1632 1106; x_wconf 89' lang='lat'><strong>,</strong></span> <span class='ocrx_word' id='word_1_70' title='bbox 1661 1053 1706 1094; x_wconf 87' lang='lat' dir='ltr'><strong>et</strong></span> <span class='ocrx_word' id='word_1_71' title='bbox 1735 1044 1876 1094; x_wconf 81' lang='lat' dir='ltr'><strong>obse-</strong></span> 
     </span>
    </p>
   </div>
   <div class='ocr_carea' id='block_1_9' title="bbox 269 1132 1874 1204">
    <p class='ocr_par' dir='ltr' id='par_1_9' title="bbox 269 1132 1874 1204">
     <span class='ocr_line' id='line_1_9' title="bbox 269 1132 1874 1204; baseline 0.001 -21"><span class='ocrx_word' id='word_1_72' title='bbox 269 1133 420 1204; x_wconf 72' lang='lat' dir='ltr'><strong>quia,</strong></span> <span class='ocrx_word' id='word_1_73' title='bbox 452 1142 499 1184; x_wconf 87' lang='lat' dir='ltr'><strong>et</strong></span> <span class='ocrx_word' id='word_1_74' title='bbox 530 1132 887 1201; x_wconf 79' lang='lat' dir='ltr'><strong>promissiones</strong></span> <span class='ocrx_word' id='word_1_75' title='bbox 913 1147 931 1185; x_wconf 94' lang='lat'><em>:</em></span> <span class='ocrx_word' id='word_1_76' title='bbox 960 1147 1023 1184; x_wconf 75' lang='lat' dir='ltr'><strong>ea:</strong></span> <span class='ocrx_word' id='word_1_77' title='bbox 1044 1133 1222 1200; x_wconf 79' lang='lat' dir='ltr'><strong>quibus</strong></span> <span class='ocrx_word' id='word_1_78' title='bbox 1243 1142 1313 1184; x_wconf 89' lang='lat' dir='ltr'><strong>est</strong></span> <span class='ocrx_word' id='word_1_79' title='bbox 1341 1132 1571 1186; x_wconf 88' lang='lat' dir='ltr'><strong>Christus</strong></span> <span class='ocrx_word' id='word_1_80' title='bbox 1598 1134 1874 1186; x_wconf 83' lang='lat' dir='ltr'><strong>secundum</strong></span> 
     </span>
    </p>
   </div>
   <div class='ocr_carea' id='block_1_10' title="bbox 270 1221 1867 1291">
    <p class='ocr_par' dir='ltr' id='par_1_10' title="bbox 270 1221 1867 1291">
     <span class='ocr_line' id='line_1_10' title="bbox 270 1221 1867 1291; baseline -0.001 -14"><span class='ocrx_word' id='word_1_81' title='bbox 270 1241 502 1288; x_wconf 84' lang='lat' dir='ltr'><strong>carnem,</strong></span> <span class='ocrx_word' id='word_1_82' title='bbox 535 1225 619 1287; x_wconf 82' lang='lat' dir='ltr'><strong>qui</strong></span> <span class='ocrx_word' id='word_1_83' title='bbox 640 1233 709 1276; x_wconf 89' lang='lat' dir='ltr'><strong>est</strong></span> <span class='ocrx_word' id='word_1_84' title='bbox 729 1240 883 1291; x_wconf 89' lang='lat' dir='ltr'><strong>super</strong></span> <span class='ocrx_word' id='word_1_85' title='bbox 904 1224 1074 1275; x_wconf 88' lang='lat' dir='ltr'><strong>omnia</strong></span> <span class='ocrx_word' id='word_1_86' title='bbox 1102 1221 1243 1276; x_wconf 87' lang='lat' dir='ltr'><strong>Deus</strong></span> <span class='ocrx_word' id='word_1_87' title='bbox 1265 1223 1550 1277; x_wconf 79' lang='lat' dir='ltr'><strong>benedictus</strong></span> <span class='ocrx_word' id='word_1_88' title='bbox 1577 1224 1628 1276; x_wconf 89' lang='lat' dir='ltr'><strong>in</strong></span> <span class='ocrx_word' id='word_1_89' title='bbox 1659 1224 1867 1276; x_wconf 74' lang='lat' dir='ltr'><strong>sa&#39;cula.</strong></span> 
     </span>
    </p>
   </div>
   <div class='ocr_carea' id='block_1_11' title="bbox 272 1313 1874 1386">
    <p class='ocr_par' dir='ltr' id='par_1_11' title="bbox 272 1313 1874 1386">
     <span class='ocr_line' id='line_1_11' title="bbox 272 1313 1874 1386; baseline 0 -18"><span class='ocrx_word' id='word_1_90' title='bbox 272 1317 458 1369; x_wconf 76' lang='lat' dir='ltr'><strong>Amen.</strong></span> <span class='ocrx_word' id='word_1_91' title='bbox 489 1314 649 1386; x_wconf 87' lang='lat' dir='ltr'><strong>(Ibid.</strong></span> <span class='ocrx_word' id='word_1_92' title='bbox 679 1331 725 1367; x_wconf 81' lang='grc' dir='ltr'><strong>υ.</strong></span> <span class='ocrx_word' id='word_1_93' title='bbox 755 1317 810 1368; x_wconf 72' lang='grc'><strong>4.</strong></span> <span class='ocrx_word' id='word_1_94' title='bbox 843 1314 924 1384; x_wconf 85' lang='grc'><strong>5).</strong></span> <span class='ocrx_word' id='word_1_95' title='bbox 973 1313 1105 1367; x_wconf 88' lang='lat' dir='ltr'><strong>Cum</strong></span> <span class='ocrx_word' id='word_1_96' title='bbox 1146 1315 1288 1368; x_wconf 89' lang='lat' dir='ltr'><strong>enim</strong></span> <span class='ocrx_word' id='word_1_97' title='bbox 1310 1315 1448 1366; x_wconf 84' lang='lat' dir='ltr'><strong>sicut</strong></span> <span class='ocrx_word' id='word_1_98' title='bbox 1492 1314 1633 1366; x_wconf 81' lang='lat' dir='ltr'><strong>Patri</strong></span> <span class='ocrx_word' id='word_1_99' title='bbox 1664 1356 1678 1377; x_wconf 93' lang='lat'><strong>,</strong></span> <span class='ocrx_word' id='word_1_100' title='bbox 1722 1314 1791 1366; x_wconf 90' lang='lat' dir='ltr'><strong>ita</strong></span> <span class='ocrx_word' id='word_1_101' title='bbox 1820 1321 1874 1368; x_wconf 86' lang='lat' dir='ltr'><strong>et</strong></span> 
     </span>
    </p>
   </div>
   <div class='ocr_carea' id='block_1_12' title="bbox 272 1403 1871 1474">
    <p class='ocr_par' dir='ltr' id='par_1_12' title="bbox 272 1403 1871 1474">
     <span class='ocr_line' id='line_1_12' title="bbox 272 1403 1871 1474; baseline -0.002 -14"><span class='ocrx_word' id='word_1_102' title='bbox 272 1403 564 1474; x_wconf 85' lang='lat' dir='ltr'><strong>Unigenito</strong></span> <span class='ocrx_word' id='word_1_103' title='bbox 587 1404 810 1473; x_wconf 77' lang='lat' dir='ltr'><strong>gloriam</strong></span> <span class='ocrx_word' id='word_1_104' title='bbox 837 1404 982 1471; x_wconf 88' lang='lat' dir='ltr'><strong>prius</strong></span> <span class='ocrx_word' id='word_1_105' title='bbox 1008 1403 1278 1456; x_wconf 90' lang='lat' dir='ltr'><strong>retulisset</strong></span> <span class='ocrx_word' id='word_1_106' title='bbox 1300 1446 1311 1463; x_wconf 86' lang='lat'><strong>,</strong></span> <span class='ocrx_word' id='word_1_107' title='bbox 1342 1412 1468 1456; x_wconf 90' lang='lat' dir='ltr'><strong>tunc</strong></span> <span class='ocrx_word' id='word_1_108' title='bbox 1495 1404 1759 1457; x_wconf 87' lang='lat' dir='ltr'><strong>sermonis</strong></span> <span class='ocrx_word' id='word_1_109' title='bbox 1784 1417 1871 1457; x_wconf 89' lang='lat' dir='ltr'><strong>se-</strong></span> 
     </span>
    </p>
   </div>
   <div class='ocr_carea' id='block_1_13' title="bbox 267 1495 1872 1566">
    <p class='ocr_par' dir='ltr' id='par_1_13' title="bbox 267 1495 1872 1566">
     <span class='ocr_line' id='line_1_13' title="bbox 267 1495 1872 1566; baseline -0.002 -13"><span class='ocrx_word' id='word_1_110' title='bbox 267 1497 412 1553; x_wconf 87' lang='lat' dir='ltr'><strong>riem</strong></span> <span class='ocrx_word' id='word_1_111' title='bbox 445 1500 638 1566; x_wconf 86' lang='lat' dir='ltr'><strong>repetit</strong></span> <span class='ocrx_word' id='word_1_112' title='bbox 663 1515 676 1552; x_wconf 91' lang='lat'><strong>:</strong></span> <span class='ocrx_word' id='word_1_113' title='bbox 702 1498 940 1552; x_wconf 88' lang='lat' dir='ltr'><strong>audierat</strong></span> <span class='ocrx_word' id='word_1_114' title='bbox 960 1498 1103 1552; x_wconf 89' lang='lat' dir='ltr'><strong>enim</strong></span> <span class='ocrx_word' id='word_1_115' title='bbox 1133 1498 1402 1552; x_wconf 85' lang='lat' dir='ltr'><strong>Christum</strong></span> <span class='ocrx_word' id='word_1_116' title='bbox 1433 1497 1700 1551; x_wconf 85' lang='lat' dir='ltr'><strong>dicentem</strong></span> <span class='ocrx_word' id='word_1_117' title='bbox 1737 1514 1750 1550; x_wconf 90' lang='lat'>:</span> <span class='ocrx_word' id='word_1_118' title='bbox 1805 1495 1872 1551; x_wconf 87' lang='lat' dir='ltr'><strong>Ut</strong></span> 
     </span>
    </p>
   </div>
   <div class='ocr_carea' id='block_1_14' title="bbox 270 1588 1868 1659">
    <p class='ocr_par' dir='ltr' id='par_1_14' title="bbox 270 1588 1868 1659">
     <span class='ocr_line' id='line_1_14' title="bbox 270 1588 1868 1659; baseline -0.001 -17"><span class='ocrx_word' id='word_1_119' title='bbox 270 1605 450 1642; x_wconf 85' lang='lat' dir='ltr'><strong>omnes</strong></span> <span class='ocrx_word' id='word_1_120' title='bbox 478 1591 720 1643; x_wconf 81' lang='lat' dir='ltr'><strong>honorent</strong></span> <span class='ocrx_word' id='word_1_121' title='bbox 746 1588 958 1651; x_wconf 86' lang='lat' dir='ltr'><strong>Filium,</strong></span> <span class='ocrx_word' id='word_1_122' title='bbox 983 1593 1110 1643; x_wconf 81' lang='lat' dir='ltr'><strong>sicut</strong></span> <span class='ocrx_word' id='word_1_123' title='bbox 1155 1590 1402 1643; x_wconf 88' lang='lat' dir='ltr'><strong>honorant</strong></span> <span class='ocrx_word' id='word_1_124' title='bbox 1431 1588 1638 1643; x_wconf 87' lang='lat' dir='ltr'><strong>Patrem</strong></span> <span class='ocrx_word' id='word_1_125' title='bbox 1666 1590 1684 1659; x_wconf 93' lang='lat'>(</span> <span class='ocrx_word' id='word_1_126' title='bbox 1711 1588 1868 1641; x_wconf 82' lang='lat' dir='ltr'><strong>Joan.</strong></span> 
     </span>
    </p>
   </div>
   <div class='ocr_carea' id='block_1_15' title="bbox 268 1680 1870 1752">
    <p class='ocr_par' dir='ltr' id='par_1_15' title="bbox 268 1680 1870 1752">
     <span class='ocr_line' id='line_1_15' title="bbox 268 1680 1870 1752; baseline 0 -16"><span class='ocrx_word' id='word_1_127' title='bbox 268 1681 326 1736; x_wconf 85' lang='lat'><strong>5.</strong></span> <span class='ocrx_word' id='word_1_128' title='bbox 357 1681 477 1752; x_wconf 73' lang='grc'><strong>23).</strong></span> <span class='ocrx_word' id='word_1_129' title='bbox 530 1680 594 1736; x_wconf 91' lang='lat' dir='ltr'><strong>Ut</strong></span> <span class='ocrx_word' id='word_1_130' title='bbox 623 1698 748 1735; x_wconf 81' lang='lat' dir='ltr'><strong>vero</strong></span> <span class='ocrx_word' id='word_1_131' title='bbox 776 1682 993 1736; x_wconf 90' lang='lat' dir='ltr'><strong>discatis</strong></span> <span class='ocrx_word' id='word_1_132' title='bbox 1032 1683 1171 1752; x_wconf 88' lang='lat' dir='ltr'><strong>quod</strong></span> <span class='ocrx_word' id='word_1_133' title='bbox 1205 1682 1315 1750; x_wconf 88' lang='lat' dir='ltr'><strong>ipsa</strong></span> <span class='ocrx_word' id='word_1_134' title='bbox 1353 1683 1524 1736; x_wconf 80' lang='lat' dir='ltr'><strong>oratio</strong></span> <span class='ocrx_word' id='word_1_135' title='bbox 1560 1691 1870 1752; x_wconf 84' lang='lat' dir='ltr'><strong>argumenta</strong></span> 
     </span>
    </p>
   </div>
   <div class='ocr_carea' id='block_1_16' title="bbox 269 1767 1870 1848">
    <p class='ocr_par' dir='ltr' id='par_1_16' title="bbox 269 1767 1870 1848">
     <span class='ocr_line' id='line_1_16' title="bbox 269 1767 1870 1848; baseline 0.001 -24"><span class='ocrx_word' id='word_1_136' title='bbox 269 1773 432 1825; x_wconf 81' lang='lat' dir='ltr'><strong>nobis</strong></span> <span class='ocrx_word' id='word_1_137' title='bbox 457 1767 853 1848; x_wconf 77' lang='lat' dir='ltr'><strong>suppeditatura</strong></span> <span class='ocrx_word' id='word_1_138' title='bbox 881 1773 984 1838; x_wconf 89' lang='lat' dir='ltr'><strong>sit,</strong></span> <span class='ocrx_word' id='word_1_139' title='bbox 1016 1788 1114 1841; x_wconf 86' lang='lat' dir='ltr'><strong>age</strong></span> <span class='ocrx_word' id='word_1_140' title='bbox 1142 1773 1284 1826; x_wconf 84' lang='lat' dir='ltr'><strong>illam</strong></span> <span class='ocrx_word' id='word_1_141' title='bbox 1318 1771 1369 1826; x_wconf 93' lang='lat' dir='ltr'><strong>in</strong></span> <span class='ocrx_word' id='word_1_142' title='bbox 1415 1773 1649 1826; x_wconf 90' lang='lat' dir='ltr'><strong>medium</strong></span> <span class='ocrx_word' id='word_1_143' title='bbox 1688 1771 1870 1842; x_wconf 79' lang='lat' dir='ltr'><strong>proie-</strong></span> 
     </span>
    </p>
   </div>
   <div class='ocr_carea' id='block_1_17' title="bbox 269 1864 1870 1935">
    <p class='ocr_par' dir='ltr' id='par_1_17' title="bbox 269 1864 1870 1935">
     <span class='ocr_line' id='line_1_17' title="bbox 269 1864 1870 1935; baseline 0 -17"><span class='ocrx_word' id='word_1_144' title='bbox 269 1879 493 1918; x_wconf 85' lang='lat' dir='ltr'><strong>ramus:</strong></span> <span class='ocrx_word' id='word_1_145' title='bbox 522 1864 636 1918; x_wconf 76' lang='lat' dir='ltr'><strong>Rea:</strong></span> <span class='ocrx_word' id='word_1_146' title='bbox 655 1880 852 1935; x_wconf 83' lang='lat' dir='ltr'><strong>regum,</strong></span> <span class='ocrx_word' id='word_1_147' title='bbox 872 1875 917 1918; x_wconf 90' lang='lat' dir='ltr'><strong>et</strong></span> <span class='ocrx_word' id='word_1_148' title='bbox 941 1865 1187 1918; x_wconf 85' lang='lat' dir='ltr'><strong>Dominus</strong></span> <span class='ocrx_word' id='word_1_149' title='bbox 1217 1865 1605 1927; x_wconf 86' lang='lat' dir='ltr'><strong>dominantium,</strong></span> <span class='ocrx_word' id='word_1_150' title='bbox 1627 1866 1711 1934; x_wconf 85' lang='lat' dir='ltr'><strong>qui</strong></span> <span class='ocrx_word' id='word_1_151' title='bbox 1733 1865 1870 1919; x_wconf 89' lang='lat' dir='ltr'><strong>solus</strong></span> 
     </span>
    </p>
   </div>
   <div class='ocr_carea' id='block_1_18' title="bbox 270 1945 1870 2022">
    <p class='ocr_par' dir='ltr' id='par_1_18' title="bbox 270 1945 1870 2022">
     <span class='ocr_line' id='line_1_18' title="bbox 270 1945 1870 2022; baseline 0.001 -14"><span class='ocrx_word' id='word_1_152' title='bbox 270 1956 425 2009; x_wconf 80' lang='lat' dir='ltr'><strong>habet</strong></span> <span class='ocrx_word' id='word_1_153' title='bbox 465 1956 894 2010; x_wconf 86' lang='lat' dir='ltr'><strong>immortalitatem</strong></span> <span class='ocrx_word' id='word_1_154' title='bbox 923 1999 939 2022; x_wconf 92' lang='lat'><strong>,</strong></span> <span class='ocrx_word' id='word_1_155' title='bbox 969 1966 1016 2010; x_wconf 90' lang='lat' dir='ltr'><strong>et</strong></span> <span class='ocrx_word' id='word_1_156' title='bbox 1060 1945 1221 2011; x_wconf 83' lang='lat' dir='ltr'><strong>lucem</strong></span> <span class='ocrx_word' id='word_1_157' title='bbox 1250 1957 1442 2010; x_wconf 84' lang='lat' dir='ltr'><strong>habitat</strong></span> <span class='ocrx_word' id='word_1_158' title='bbox 1480 1946 1870 2010; x_wconf 85' lang='lat' dir='ltr'><strong>inaccessibilem</strong></span> 
     </span>
    </p>
   </div>
   <div class='ocr_carea' id='block_1_19' title="bbox 269 2046 1866 2116">
    <p class='ocr_par' dir='ltr' id='par_1_19' title="bbox 269 2046 1866 2116">
     <span class='ocr_line' id='line_1_19' title="bbox 269 2046 1866 2116; baseline 0 -16"><span class='ocrx_word' id='word_1_159' title='bbox 269 2047 352 2115; x_wconf 84' lang='grc' dir='ltr'><strong>(Ι.</strong></span> <span class='ocrx_word' id='word_1_160' title='bbox 399 2046 529 2099; x_wconf 81' lang='lat' dir='ltr'><strong>Tim.</strong></span> <span class='ocrx_word' id='word_1_161' title='bbox 569 2046 622 2100; x_wconf 86' lang='lat'><strong>6.</strong></span> <span class='ocrx_word' id='word_1_162' title='bbox 665 2047 753 2101; x_wconf 80' lang='grc'><strong>15.</strong></span> <span class='ocrx_word' id='word_1_163' title='bbox 796 2048 908 2116; x_wconf 78' lang='grc'><strong>16).</strong></span> <span class='ocrx_word' id='word_1_164' title='bbox 942 2047 1036 2101; x_wconf 87' lang='lat' dir='ltr'><strong>Hic</strong></span> <span class='ocrx_word' id='word_1_165' title='bbox 1062 2050 1192 2102; x_wconf 86' lang='lat' dir='ltr'><strong>siste</strong></span> <span class='ocrx_word' id='word_1_166' title='bbox 1216 2047 1866 2116; x_wconf 67' lang='lat' dir='ltr'><strong>gradum,ethazreticum</strong></span> 
     </span>
    </p>
   </div>
   <div class='ocr_carea' id='block_1_20' title="bbox 265 2136 1868 2206">
    <p class='ocr_par' dir='ltr' id='par_1_20' title="bbox 265 2136 1868 2206">
     <span class='ocr_line' id='line_1_20' title="bbox 265 2136 1868 2206; baseline 0.001 -17"><span class='ocrx_word' id='word_1_167' title='bbox 265 2137 565 2205; x_wconf 88' lang='lat' dir='ltr'><strong>interroga,</strong></span> <span class='ocrx_word' id='word_1_168' title='bbox 589 2136 715 2204; x_wconf 90' lang='lat' dir='ltr'><strong>quid</strong></span> <span class='ocrx_word' id='word_1_169' title='bbox 738 2137 998 2206; x_wconf 84' lang='lat' dir='ltr'><strong>signiticet</strong></span> <span class='ocrx_word' id='word_1_170' title='bbox 1025 2136 1154 2191; x_wconf 87' lang='lat' dir='ltr'><strong>illud</strong></span> <span class='ocrx_word' id='word_1_171' title='bbox 1179 2179 1194 2201; x_wconf 92' lang='lat'><strong>,</strong></span> <span class='ocrx_word' id='word_1_172' title='bbox 1224 2137 1290 2190; x_wconf 88' lang='lat' dir='ltr'><strong>Et</strong></span> <span class='ocrx_word' id='word_1_173' title='bbox 1317 2137 1478 2191; x_wconf 83' lang='lat' dir='ltr'><strong>lucent</strong></span> <span class='ocrx_word' id='word_1_174' title='bbox 1509 2137 1700 2192; x_wconf 83' lang='lat' dir='ltr'><strong>habitat</strong></span> <span class='ocrx_word' id='word_1_175' title='bbox 1729 2138 1868 2190; x_wconf 85' lang='lat' dir='ltr'><strong>inac-</strong></span> 
     </span>
    </p>
   </div>
   <div class='ocr_carea' id='block_1_21' title="bbox 264 2227 1864 2297">
    <p class='ocr_par' dir='ltr' id='par_1_21' title="bbox 264 2227 1864 2297">
     <span class='ocr_line' id='line_1_21' title="bbox 264 2227 1864 2297; baseline 0.002 -18"><span class='ocrx_word' id='word_1_176' title='bbox 264 2227 567 2280; x_wconf 85' lang='lat' dir='ltr'><strong>cessibilem.</strong></span> <span class='ocrx_word' id='word_1_177' title='bbox 593 2227 741 2282; x_wconf 82' lang='lat' dir='ltr'><strong>Pauli</strong></span> <span class='ocrx_word' id='word_1_178' title='bbox 783 2229 1174 2282; x_wconf 88' lang='lat' dir='ltr'><strong>accurationem</strong></span> <span class='ocrx_word' id='word_1_179' title='bbox 1217 2228 1515 2297; x_wconf 87' lang='lat' dir='ltr'><strong>perpendas</strong></span> <span class='ocrx_word' id='word_1_180' title='bbox 1540 2228 1727 2282; x_wconf 84' lang='lat' dir='ltr'><strong>velim:</strong></span> <span class='ocrx_word' id='word_1_181' title='bbox 1760 2244 1864 2282; x_wconf 92' lang='lat' dir='ltr'><strong>nou</strong></span> 
     </span>
    </p>
   </div>
   <div class='ocr_carea' id='block_1_22' title="bbox 264 2317 1867 2384">
    <p class='ocr_par' dir='ltr' id='par_1_22' title="bbox 264 2317 1867 2384">
     <span class='ocr_line' id='line_1_22' title="bbox 264 2317 1867 2384; baseline 0.002 -16"><span class='ocrx_word' id='word_1_182' title='bbox 264 2317 425 2378; x_wconf 74' lang='lat' dir='ltr'><strong>dixit.</strong></span> <span class='ocrx_word' id='word_1_183' title='bbox 460 2318 567 2370; x_wconf 86' lang='lat' dir='ltr'><strong>Lux</strong></span> <span class='ocrx_word' id='word_1_184' title='bbox 595 2327 677 2372; x_wconf 90' lang='lat' dir='ltr'><strong>est</strong></span> <span class='ocrx_word' id='word_1_185' title='bbox 702 2317 1086 2372; x_wconf 86' lang='lat' dir='ltr'><strong>inaccessibilis</strong></span> <span class='ocrx_word' id='word_1_186' title='bbox 1110 2335 1123 2384; x_wconf 91' lang='lat'><strong>;</strong></span> <span class='ocrx_word' id='word_1_187' title='bbox 1157 2319 1275 2382; x_wconf 87' lang='lat' dir='ltr'><strong>sed,</strong></span> <span class='ocrx_word' id='word_1_188' title='bbox 1297 2317 1482 2372; x_wconf 80' lang='lat' dir='ltr'><strong>Lucem</strong></span> <span class='ocrx_word' id='word_1_189' title='bbox 1509 2319 1701 2372; x_wconf 84' lang='lat' dir='ltr'><strong>habitat</strong></span> <span class='ocrx_word' id='word_1_190' title='bbox 1727 2320 1867 2372; x_wconf 88' lang='lat' dir='ltr'><strong>inac-</strong></span> 
     </span>
    </p>
   </div>
   <div class='ocr_carea' id='block_1_23' title="bbox 265 2411 1866 2481">
    <p class='ocr_par' dir='ltr' id='par_1_23' title="bbox 265 2411 1866 2481">
     <span class='ocr_line' id='line_1_23' title="bbox 265 2411 1866 2481; baseline 0.002 -20"><span class='ocrx_word' id='word_1_191' title='bbox 265 2411 547 2463; x_wconf 87' lang='lat' dir='ltr'><strong>cessibilem</strong></span> <span class='ocrx_word' id='word_1_192' title='bbox 569 2427 587 2464; x_wconf 91' lang='lat'><em>:</em></span> <span class='ocrx_word' id='word_1_193' title='bbox 615 2419 673 2464; x_wconf 91' lang='lat' dir='ltr'><strong>ut</strong></span> <span class='ocrx_word' id='word_1_194' title='bbox 692 2411 866 2465; x_wconf 88' lang='lat' dir='ltr'><strong>discas</strong></span> <span class='ocrx_word' id='word_1_195' title='bbox 887 2452 903 2478; x_wconf 94' lang='lat'><strong>,</strong></span> <span class='ocrx_word' id='word_1_196' title='bbox 936 2411 1076 2481; x_wconf 90' lang='lat' dir='ltr'><strong>quod</strong></span> <span class='ocrx_word' id='word_1_197' title='bbox 1098 2412 1141 2464; x_wconf 91' lang='lat' dir='ltr'><strong>si</strong></span> <span class='ocrx_word' id='word_1_198' title='bbox 1168 2411 1361 2465; x_wconf 91' lang='lat' dir='ltr'><strong>domus</strong></span> <span class='ocrx_word' id='word_1_199' title='bbox 1393 2413 1505 2480; x_wconf 89' lang='lat' dir='ltr'><strong>ipsa</strong></span> <span class='ocrx_word' id='word_1_200' title='bbox 1534 2412 1604 2464; x_wconf 89' lang='lat' dir='ltr'><strong>sit</strong></span> <span class='ocrx_word' id='word_1_201' title='bbox 1629 2412 1866 2466; x_wconf 90' lang='lat' dir='ltr'><strong>inacces-</strong></span> 
     </span>
    </p>
   </div>
   <div class='ocr_carea' id='block_1_24' title="bbox 263 2501 1867 2572">
    <p class='ocr_par' dir='ltr' id='par_1_24' title="bbox 263 2501 1867 2572">
     <span class='ocr_line' id='line_1_24' title="bbox 263 2501 1867 2572; baseline 0.001 -16"><span class='ocrx_word' id='word_1_202' title='bbox 263 2501 442 2556; x_wconf 82' lang='lat' dir='ltr'><strong>sibilis</strong></span> <span class='ocrx_word' id='word_1_203' title='bbox 473 2543 488 2568; x_wconf 90' lang='lat'><strong>,</strong></span> <span class='ocrx_word' id='word_1_204' title='bbox 521 2513 720 2572; x_wconf 91' lang='lat' dir='ltr'><strong>quanto</strong></span> <span class='ocrx_word' id='word_1_205' title='bbox 747 2505 915 2572; x_wconf 89' lang='lat' dir='ltr'><strong>magis</strong></span> <span class='ocrx_word' id='word_1_206' title='bbox 937 2505 1095 2568; x_wconf 90' lang='lat' dir='ltr'><strong>Deus,</strong></span> <span class='ocrx_word' id='word_1_207' title='bbox 1133 2505 1220 2572; x_wconf 90' lang='lat' dir='ltr'><strong>qui</strong></span> <span class='ocrx_word' id='word_1_208' title='bbox 1248 2504 1413 2571; x_wconf 90' lang='lat' dir='ltr'><strong>ipsam</strong></span> <span class='ocrx_word' id='word_1_209' title='bbox 1443 2503 1716 2556; x_wconf 86' lang='lat' dir='ltr'><strong>inhabitat.</strong></span> <span class='ocrx_word' id='word_1_210' title='bbox 1743 2503 1867 2558; x_wconf 75' lang='lat' dir='ltr'><strong>Haec</strong></span> 
     </span>
    </p>
   </div>
   <div class='ocr_carea' id='block_1_25' title="bbox 267 2592 1866 2662">
    <p class='ocr_par' dir='ltr' id='par_1_25' title="bbox 267 2592 1866 2662">
     <span class='ocr_line' id='line_1_25' title="bbox 267 2592 1866 2662; baseline 0 -16"><span class='ocrx_word' id='word_1_211' title='bbox 267 2608 436 2661; x_wconf 87' lang='lat' dir='ltr'><strong>porro</strong></span> <span class='ocrx_word' id='word_1_212' title='bbox 460 2593 614 2659; x_wconf 82' lang='lat' dir='ltr'><strong>dixit,</strong></span> <span class='ocrx_word' id='word_1_213' title='bbox 648 2608 756 2647; x_wconf 91' lang='lat' dir='ltr'><strong>non</strong></span> <span class='ocrx_word' id='word_1_214' title='bbox 787 2602 846 2646; x_wconf 94' lang='lat' dir='ltr'><strong>ut</strong></span> <span class='ocrx_word' id='word_1_215' title='bbox 867 2592 1086 2647; x_wconf 92' lang='lat' dir='ltr'><strong>domum</strong></span> <span class='ocrx_word' id='word_1_216' title='bbox 1117 2602 1169 2646; x_wconf 90' lang='lat' dir='ltr'><strong>et</strong></span> <span class='ocrx_word' id='word_1_217' title='bbox 1197 2592 1371 2646; x_wconf 84' lang='lat' dir='ltr'><strong>locum</strong></span> <span class='ocrx_word' id='word_1_218' title='bbox 1407 2593 1516 2645; x_wconf 92' lang='lat' dir='ltr'><strong>Deo</strong></span> <span class='ocrx_word' id='word_1_219' title='bbox 1545 2607 1663 2646; x_wconf 85' lang='lat' dir='ltr'><strong>esse</strong></span> <span class='ocrx_word' id='word_1_220' title='bbox 1691 2593 1866 2662; x_wconf 83' lang='lat' dir='ltr'><strong>suspi-</strong></span> 
     </span>
    </p>
   </div>
   <div class='ocr_carea' id='block_1_26' title="bbox 263 2683 1864 2754">
    <p class='ocr_par' dir='ltr' id='par_1_26' title="bbox 263 2683 1864 2754">
     <span class='ocr_line' id='line_1_26' title="bbox 263 2683 1864 2754; baseline -0.001 -16"><span class='ocrx_word' id='word_1_221' title='bbox 263 2686 430 2749; x_wconf 84' lang='lat' dir='ltr'><strong>ceris,</strong></span> <span class='ocrx_word' id='word_1_222' title='bbox 460 2684 551 2739; x_wconf 90' lang='lat' dir='ltr'><strong>sed</strong></span> <span class='ocrx_word' id='word_1_223' title='bbox 589 2692 645 2738; x_wconf 90' lang='lat' dir='ltr'><strong>ut</strong></span> <span class='ocrx_word' id='word_1_224' title='bbox 671 2685 840 2754; x_wconf 86' lang='lat' dir='ltr'><strong>magis</strong></span> <span class='ocrx_word' id='word_1_225' title='bbox 868 2685 1144 2753; x_wconf 75' lang='lat' dir='ltr'><strong>magisque</strong></span> <span class='ocrx_word' id='word_1_226' title='bbox 1173 2684 1267 2737; x_wconf 86' lang='lat' dir='ltr'><strong>Dei</strong></span> <span class='ocrx_word' id='word_1_227' title='bbox 1303 2683 1864 2752; x_wconf 86' lang='lat' dir='ltr'><strong>incomprehensibili-</strong></span> 
     </span>
    </p>
   </div>
   <div class='ocr_carea' id='block_1_27' title="bbox 265 2776 1866 2846">
    <p class='ocr_par' dir='ltr' id='par_1_27' title="bbox 265 2776 1866 2846">
     <span class='ocr_line' id='line_1_27' title="bbox 265 2776 1866 2846; baseline 0 -16"><span class='ocrx_word' id='word_1_228' title='bbox 265 2786 436 2830; x_wconf 88' lang='lat' dir='ltr'><strong>tatem</strong></span> <span class='ocrx_word' id='word_1_229' title='bbox 486 2777 713 2831; x_wconf 88' lang='lat' dir='ltr'><strong>ediscas.</strong></span> <span class='ocrx_word' id='word_1_230' title='bbox 779 2776 887 2832; x_wconf 88' lang='lat' dir='ltr'><strong>Sed</strong></span> <span class='ocrx_word' id='word_1_231' title='bbox 946 2791 1118 2846; x_wconf 83' lang='lat' dir='ltr'><strong>neque</strong></span> <span class='ocrx_word' id='word_1_232' title='bbox 1178 2777 1361 2842; x_wconf 82' lang='lat' dir='ltr'><strong>dixit,</strong></span> <span class='ocrx_word' id='word_1_233' title='bbox 1411 2776 1609 2830; x_wconf 88' lang='lat' dir='ltr'><strong>Lucem</strong></span> <span class='ocrx_word' id='word_1_234' title='bbox 1663 2776 1866 2830; x_wconf 86' lang='lat' dir='ltr'><strong>habitat</strong></span> 
     </span>
    </p>
   </div>
   <div class='ocr_carea' id='block_1_28' title="bbox 265 2868 1862 2938">
    <p class='ocr_par' dir='ltr' id='par_1_28' title="bbox 265 2868 1862 2938">
     <span class='ocr_line' id='line_1_28' title="bbox 265 2868 1862 2938; baseline -0.001 -15"><span class='ocrx_word' id='word_1_235' title='bbox 265 2869 913 2938; x_wconf 75' lang='lat' dir='ltr'><strong>incomprehensibilem;</strong></span> <span class='ocrx_word' id='word_1_236' title='bbox 974 2884 1160 2923; x_wconf 90' lang='lat' dir='ltr'><strong>verum</strong></span> <span class='ocrx_word' id='word_1_237' title='bbox 1225 2869 1664 2932; x_wconf 86' lang='lat' dir='ltr'><strong>inaccessibilem,</strong></span> <span class='ocrx_word' id='word_1_238' title='bbox 1721 2868 1862 2937; x_wconf 91' lang='lat' dir='ltr'><strong>quod</strong></span> 
     </span>
    </p>
   </div>
   <div class='ocr_carea' id='block_1_29' title="bbox 265 2961 1864 3030">
    <p class='ocr_par' dir='ltr' id='par_1_29' title="bbox 265 2961 1864 3030">
     <span class='ocr_line' id='line_1_29' title="bbox 265 2961 1864 3030; baseline -0.001 -16"><span class='ocrx_word' id='word_1_239' title='bbox 265 2961 798 3030; x_wconf 88' lang='lat' dir='ltr'><strong>incomprehensibili</strong></span> <span class='ocrx_word' id='word_1_240' title='bbox 829 2961 982 3030; x_wconf 85' lang='lat' dir='ltr'><strong>longe</strong></span> <span class='ocrx_word' id='word_1_241' title='bbox 1025 2962 1194 3028; x_wconf 87' lang='lat' dir='ltr'><strong>majus</strong></span> <span class='ocrx_word' id='word_1_242' title='bbox 1242 2970 1344 3015; x_wconf 90' lang='lat' dir='ltr'><strong>est.</strong></span> <span class='ocrx_word' id='word_1_243' title='bbox 1395 2961 1864 3030; x_wconf 89' lang='lat' dir='ltr'><strong>lncompreheusi-</strong></span> 
     </span>
    </p>
   </div>
   <div class='ocr_carea' id='block_1_30' title="bbox 262 3051 1865 3120">
    <p class='ocr_par' dir='ltr' id='par_1_30' title="bbox 262 3051 1865 3120">
     <span class='ocr_line' id='line_1_30' title="bbox 262 3051 1865 3120; baseline 0.001 -15"><span class='ocrx_word' id='word_1_244' title='bbox 262 3051 382 3106; x_wconf 85' lang='lat' dir='ltr'><strong>bile</strong></span> <span class='ocrx_word' id='word_1_245' title='bbox 427 3067 654 3120; x_wconf 87' lang='lat' dir='ltr'><strong>namque</strong></span> <span class='ocrx_word' id='word_1_246' title='bbox 697 3051 891 3105; x_wconf 91' lang='lat' dir='ltr'><strong>dicitur</strong></span> <span class='ocrx_word' id='word_1_247' title='bbox 932 3051 1071 3120; x_wconf 88' lang='lat' dir='ltr'><strong>quod</strong></span> <span class='ocrx_word' id='word_1_248' title='bbox 1115 3052 1494 3120; x_wconf 86' lang='lat' dir='ltr'><strong>perquisitione</strong></span> <span class='ocrx_word' id='word_1_249' title='bbox 1527 3062 1580 3105; x_wconf 90' lang='lat' dir='ltr'><strong>et</strong></span> <span class='ocrx_word' id='word_1_250' title='bbox 1618 3053 1865 3106; x_wconf 83' lang='lat' dir='ltr'><strong>examine</strong></span> 
     </span>
    </p>
   </div>
   <div class='ocr_carea' id='block_1_31' title="bbox 264 3143 1862 3211">
    <p class='ocr_par' dir='ltr' id='par_1_31' title="bbox 264 3143 1862 3211">
     <span class='ocr_line' id='line_1_31' title="bbox 264 3143 1862 3211; baseline 0.003 -15"><span class='ocrx_word' id='word_1_251' title='bbox 264 3143 414 3196; x_wconf 73' lang='lat' dir='ltr'><strong>facto</strong></span> <span class='ocrx_word' id='word_1_252' title='bbox 443 3143 824 3210; x_wconf 85' lang='lat' dir='ltr'><strong>comprehendi</strong></span> <span class='ocrx_word' id='word_1_253' title='bbox 860 3145 1079 3211; x_wconf 86' lang='lat' dir='ltr'><strong>nequit:</strong></span> <span class='ocrx_word' id='word_1_254' title='bbox 1118 3144 1485 3198; x_wconf 87' lang='lat' dir='ltr'><strong>inaccessibile</strong></span> <span class='ocrx_word' id='word_1_255' title='bbox 1523 3154 1700 3199; x_wconf 90' lang='lat' dir='ltr'><strong>autem</strong></span> <span class='ocrx_word' id='word_1_256' title='bbox 1735 3146 1862 3200; x_wconf 90' lang='lat' dir='ltr'><strong>illud</strong></span> 
     </span>
    </p>
   </div>
   <div class='ocr_carea' id='block_1_32' title="bbox 266 3234 1866 3304">
    <p class='ocr_par' dir='ltr' id='par_1_32' title="bbox 266 3234 1866 3304">
     <span class='ocr_line' id='line_1_32' title="bbox 266 3234 1866 3304; baseline 0.002 -17"><span class='ocrx_word' id='word_1_257' title='bbox 266 3245 380 3298; x_wconf 80' lang='lat' dir='ltr'><strong>est,</strong></span> <span class='ocrx_word' id='word_1_258' title='bbox 411 3234 550 3301; x_wconf 90' lang='lat' dir='ltr'><strong>quod</strong></span> <span class='ocrx_word' id='word_1_259' title='bbox 574 3250 638 3287; x_wconf 89' lang='lat' dir='ltr'><strong>ne</strong></span> <span class='ocrx_word' id='word_1_260' title='bbox 668 3235 964 3286; x_wconf 84' lang='lat' dir='ltr'><strong>examinari</strong></span> <span class='ocrx_word' id='word_1_261' title='bbox 993 3235 1206 3302; x_wconf 87' lang='lat' dir='ltr'><strong>quidem</strong></span> <span class='ocrx_word' id='word_1_262' title='bbox 1237 3250 1265 3288; x_wconf 90' lang='lat' dir='ltr'><strong>a</strong></span> <span class='ocrx_word' id='word_1_263' title='bbox 1308 3236 1568 3304; x_wconf 87' lang='lat' dir='ltr'><strong>principio</strong></span> <span class='ocrx_word' id='word_1_264' title='bbox 1608 3236 1778 3300; x_wconf 87' lang='lat' dir='ltr'><strong>valet,</strong></span> <span class='ocrx_word' id='word_1_265' title='bbox 1812 3245 1866 3290; x_wconf 87' lang='lat' dir='ltr'><strong>et</strong></span> 
     </span>
    </p>
   </div>
   <div class='ocr_carea' id='block_1_33' title="bbox 266 3324 1863 3396">
    <p class='ocr_par' dir='ltr' id='par_1_33' title="bbox 266 3324 1863 3396">
     <span class='ocr_line' id='line_1_33' title="bbox 266 3324 1863 3396; baseline 0.004 -20"><span class='ocrx_word' id='word_1_266' title='bbox 266 3325 336 3376; x_wconf 93' lang='lat' dir='ltr'><strong>ad</strong></span> <span class='ocrx_word' id='word_1_267' title='bbox 385 3324 524 3392; x_wconf 88' lang='lat' dir='ltr'><strong>quod</strong></span> <span class='ocrx_word' id='word_1_268' title='bbox 579 3339 736 3377; x_wconf 86' lang='lat' dir='ltr'><strong>nemo</strong></span> <span class='ocrx_word' id='word_1_269' title='bbox 790 3325 1007 3391; x_wconf 89' lang='lat' dir='ltr'><strong>propius</strong></span> <span class='ocrx_word' id='word_1_270' title='bbox 1054 3325 1311 3378; x_wconf 86' lang='lat' dir='ltr'><strong>accedere</strong></span> <span class='ocrx_word' id='word_1_271' title='bbox 1359 3336 1555 3394; x_wconf 84' lang='lat' dir='ltr'><strong>potest.</strong></span> <span class='ocrx_word' id='word_1_272' title='bbox 1619 3326 1863 3396; x_wconf 76' lang='lat' dir='ltr'><strong>Exempli</strong></span> 
     </span>
    </p>
   </div>
   <div class='ocr_carea' id='block_1_34' title="bbox 262 3414 1863 3487">
    <p class='ocr_par' dir='ltr' id='par_1_34' title="bbox 262 3414 1863 3487">
     <span class='ocr_line' id='line_1_34' title="bbox 262 3414 1863 3487; baseline 0.002 -18"><span class='ocrx_word' id='word_1_273' title='bbox 262 3431 453 3476; x_wconf 87' lang='lat' dir='ltr'><strong>causa,</strong></span> <span class='ocrx_word' id='word_1_274' title='bbox 485 3414 1024 3483; x_wconf 87' lang='lat' dir='ltr'><strong>ineomprehensibile</strong></span> <span class='ocrx_word' id='word_1_275' title='bbox 1053 3416 1247 3470; x_wconf 88' lang='lat' dir='ltr'><strong>dicitur</strong></span> <span class='ocrx_word' id='word_1_276' title='bbox 1273 3433 1419 3471; x_wconf 85' lang='lat' dir='ltr'><strong>mare</strong></span> <span class='ocrx_word' id='word_1_277' title='bbox 1449 3459 1462 3482; x_wconf 92' lang='lat'><strong>,</strong></span> <span class='ocrx_word' id='word_1_278' title='bbox 1496 3417 1548 3470; x_wconf 93' lang='lat' dir='ltr'><strong>in</strong></span> <span class='ocrx_word' id='word_1_279' title='bbox 1579 3419 1719 3487; x_wconf 53' lang='lat' dir='ltr'><strong>quttd</strong></span> <span class='ocrx_word' id='word_1_280' title='bbox 1744 3435 1863 3472; x_wconf 66' lang='lat' dir='ltr'><strong>sese</strong></span> 
     </span>
    </p>
   </div>
   <div class='ocr_carea' id='block_1_35' title="bbox 266 3507 1865 3578">
    <p class='ocr_par' dir='ltr' id='par_1_35' title="bbox 266 3507 1865 3578">
     <span class='ocr_line' id='line_1_35' title="bbox 266 3507 1865 3578; baseline 0.003 -20"><span class='ocrx_word' id='word_1_281' title='bbox 266 3507 621 3559; x_wconf 75' lang='lat' dir='ltr'><strong>itmnittentes</strong></span> <span class='ocrx_word' id='word_1_282' title='bbox 651 3507 951 3559; x_wconf 91' lang='lat' dir='ltr'><strong>urinatores</strong></span> <span class='ocrx_word' id='word_1_283' title='bbox 977 3545 992 3568; x_wconf 92' lang='lat'><strong>,</strong></span> <span class='ocrx_word' id='word_1_284' title='bbox 1038 3507 1088 3558; x_wconf 93' lang='lat' dir='ltr'><strong>in</strong></span> <span class='ocrx_word' id='word_1_285' title='bbox 1133 3508 1462 3576; x_wconf 79' lang='lat' dir='ltr'><strong>multamque</strong></span> <span class='ocrx_word' id='word_1_286' title='bbox 1493 3510 1695 3577; x_wconf 85' lang='lat' dir='ltr'><strong>delapsi</strong></span> <span class='ocrx_word' id='word_1_287' title='bbox 1743 3526 1865 3578; x_wconf 91' lang='lat' dir='ltr'><strong>pro-</strong></span> 
     </span>
    </p>
   </div>
   <div class='ocr_carea' id='block_1_36' title="bbox 265 3597 1864 3669">
    <p class='ocr_par' dir='ltr' id='par_1_36' title="bbox 265 3597 1864 3669">
     <span class='ocr_line' id='line_1_36' title="bbox 265 3597 1864 3669; baseline 0.004 -18"><span class='ocrx_word' id='word_1_288' title='bbox 265 3599 608 3661; x_wconf 83' lang='lat' dir='ltr'><strong>funditatem,</strong></span> <span class='ocrx_word' id='word_1_289' title='bbox 633 3597 852 3652; x_wconf 82' lang='lat' dir='ltr'><strong>fundum</strong></span> <span class='ocrx_word' id='word_1_290' title='bbox 874 3600 1132 3668; x_wconf 82' lang='lat' dir='ltr'><strong>attingere</strong></span> <span class='ocrx_word' id='word_1_291' title='bbox 1156 3610 1424 3669; x_wconf 91' lang='lat' dir='ltr'><strong>nequeunt</strong></span> <span class='ocrx_word' id='word_1_292' title='bbox 1451 3619 1462 3653; x_wconf 93' lang='lat'><strong>:</strong></span> <span class='ocrx_word' id='word_1_293' title='bbox 1493 3602 1864 3657; x_wconf 87' lang='lat' dir='ltr'><strong>inaccessibile</strong></span> 
     </span>
    </p>
   </div>
   <div class='ocr_carea' id='block_1_37' title="bbox 264 3689 1863 3764">
    <p class='ocr_par' dir='ltr' id='par_1_37' title="bbox 264 3689 1863 3764">
     <span class='ocr_line' id='line_1_37' title="bbox 264 3689 1863 3764; baseline 0.006 -23"><span class='ocrx_word' id='word_1_294' title='bbox 264 3699 450 3742; x_wconf 89' lang='lat' dir='ltr'><strong>autem</strong></span> <span class='ocrx_word' id='word_1_295' title='bbox 502 3689 552 3742; x_wconf 89' lang='lat' dir='ltr'><strong>id</strong></span> <span class='ocrx_word' id='word_1_296' title='bbox 604 3689 996 3758; x_wconf 83' lang='lat' dir='ltr'><strong>dicitur,quod</strong></span> <span class='ocrx_word' id='word_1_297' title='bbox 1046 3707 1111 3746; x_wconf 91' lang='lat' dir='ltr'><strong>ne</strong></span> <span class='ocrx_word' id='word_1_298' title='bbox 1148 3707 1178 3745; x_wconf 93' lang='lat' dir='ltr'><strong>a</strong></span> <span class='ocrx_word' id='word_1_299' title='bbox 1228 3693 1487 3764; x_wconf 89' lang='lat' dir='ltr'><strong>principio</strong></span> <span class='ocrx_word' id='word_1_300' title='bbox 1526 3695 1737 3764; x_wconf 86' lang='lat' dir='ltr'><strong>quidem</strong></span> <span class='ocrx_word' id='word_1_301' title='bbox 1785 3699 1863 3751; x_wconf 88' lang='lat' dir='ltr'><strong>in-</strong></span> 
     </span>
    </p>
   </div>
   <div class='ocr_carea' id='block_1_38' title="bbox 263 3779 1076 3849">
    <p class='ocr_par' dir='ltr' id='par_1_38' title="bbox 263 3779 1076 3849">
     <span class='ocr_line' id='line_1_38' title="bbox 263 3779 1076 3849; baseline 0.007 -21"><span class='ocrx_word' id='word_1_302' title='bbox 263 3779 486 3848; x_wconf 89' lang='lat' dir='ltr'><strong>quirere</strong></span> <span class='ocrx_word' id='word_1_303' title='bbox 514 3791 603 3831; x_wconf 89' lang='lat' dir='ltr'><strong>aut</strong></span> <span class='ocrx_word' id='word_1_304' title='bbox 631 3782 856 3833; x_wconf 88' lang='lat' dir='ltr'><strong>scrutari</strong></span> <span class='ocrx_word' id='word_1_305' title='bbox 886 3783 1076 3849; x_wconf 83' lang='lat' dir='ltr'><strong>possis.</strong></span> 
     </span>
    </p>
   </div>
   <div class='ocr_carea' id='block_1_39' title="bbox 341 3867 1859 3945">
    <p class='ocr_par' dir='ltr' id='par_1_39' title="bbox 341 3867 1859 3945">
     <span class='ocr_line' id='line_1_39' title="bbox 341 3867 1859 3945; baseline 0.008 -24"><span class='ocrx_word' id='word_1_306' title='bbox 341 3869 398 3921; x_wconf 78' lang='lat'><strong>3.</strong></span> <span class='ocrx_word' id='word_1_307' title='bbox 427 3867 567 3923; x_wconf 84' lang='lat' dir='ltr'><strong>Deus</strong></span> <span class='ocrx_word' id='word_1_308' title='bbox 593 3871 1108 3940; x_wconf 83' lang='lat' dir='ltr'><strong>incomprehensibilis</strong></span> <span class='ocrx_word' id='word_1_309' title='bbox 1138 3874 1288 3926; x_wconf 86' lang='lat' dir='ltr'><strong>etiam</strong></span> <span class='ocrx_word' id='word_1_310' title='bbox 1309 3877 1522 3945; x_wconf 83' lang='lat' dir='ltr'><strong>angelis.</strong></span> <span class='ocrx_word' id='word_1_311' title='bbox 1539 3907 1608 3917; x_wconf 91' lang='lat'><strong>-—</strong></span> <span class='ocrx_word' id='word_1_312' title='bbox 1633 3877 1767 3944; x_wconf 87' lang='lat' dir='ltr'><strong>Quid</strong></span> <span class='ocrx_word' id='word_1_313' title='bbox 1795 3880 1859 3933; x_wconf 90' lang='lat' dir='ltr'><strong>ad</strong></span> 
     </span>
    </p>
   </div>
   <div class='ocr_carea' id='block_1_40' title="bbox 266 3961 1856 4036">
    <p class='ocr_par' dir='ltr' id='par_1_40' title="bbox 266 3961 1856 4036">
     <span class='ocr_line' id='line_1_40' title="bbox 266 3961 1856 4036; baseline 0.006 -23"><span class='ocrx_word' id='word_1_314' title='bbox 266 3961 390 4014; x_wconf 54' lang='lat' dir='ltr'><strong>hinc</strong></span> <span class='ocrx_word' id='word_1_315' title='bbox 418 3961 614 4013; x_wconf 78' lang='lat' dir='ltr'><strong>dixeris</strong></span> <span class='ocrx_word' id='word_1_316' title='bbox 653 3961 676 4014; x_wconf 85' lang='lat'><strong>?</strong></span> <span class='ocrx_word' id='word_1_317' title='bbox 704 3961 1016 4032; x_wconf 73' lang='lat' dir='ltr'><strong>Hominibus</strong></span> <span class='ocrx_word' id='word_1_318' title='bbox 1047 3974 1192 4017; x_wconf 86' lang='lat' dir='ltr'><strong>certe</strong></span> <span class='ocrx_word' id='word_1_319' title='bbox 1211 4006 1225 4028; x_wconf 92' lang='lat'><strong>,</strong></span> <span class='ocrx_word' id='word_1_320' title='bbox 1275 3967 1511 4034; x_wconf 86' lang='lat' dir='ltr'><strong>inquies,</strong></span> <span class='ocrx_word' id='word_1_321' title='bbox 1557 3967 1856 4036; x_wconf 78' lang='lat' dir='ltr'><strong>incompre-</strong></span> 
     </span>
    </p>
   </div>
   <div class='ocr_carea' id='block_1_41' title="bbox 263 4047 1860 4126">
    <p class='ocr_par' dir='ltr' id='par_1_41' title="bbox 263 4047 1860 4126">
     <span class='ocr_line' id='line_1_41' title="bbox 263 4047 1860 4126; baseline 0.004 -20"><span class='ocrx_word' id='word_1_322' title='bbox 263 4051 550 4106; x_wconf 80' lang='lat' dir='ltr'><strong>hensibilis</strong></span> <span class='ocrx_word' id='word_1_323' title='bbox 577 4061 677 4113; x_wconf 88' lang='lat' dir='ltr'><strong>est,</strong></span> <span class='ocrx_word' id='word_1_324' title='bbox 707 4054 910 4121; x_wconf 86' lang='lat' dir='ltr'><strong>angelis</strong></span> <span class='ocrx_word' id='word_1_325' title='bbox 935 4047 1040 4106; x_wconf 83' lang='lat' dir='ltr'><strong>neti</strong></span> <span class='ocrx_word' id='word_1_326' title='bbox 1069 4055 1193 4107; x_wconf 87' lang='lat' dir='ltr'><strong>item</strong></span> <span class='ocrx_word' id='word_1_327' title='bbox 1221 4097 1234 4119; x_wconf 89' lang='lat'><strong>,</strong></span> <span class='ocrx_word' id='word_1_328' title='bbox 1264 4072 1438 4125; x_wconf 90' lang='lat' dir='ltr'><strong>neque</strong></span> <span class='ocrx_word' id='word_1_329' title='bbox 1465 4061 1711 4126; x_wconf 88' lang='lat' dir='ltr'><strong>supernis</strong></span> <span class='ocrx_word' id='word_1_330' title='bbox 1742 4060 1860 4113; x_wconf 89' lang='lat' dir='ltr'><strong>Vir-</strong></span> 
     </span>
    </p>
   </div>
   <div class='ocr_carea' id='block_1_42' title="bbox 264 4141 1861 4212">
    <p class='ocr_par' dir='ltr' id='par_1_42' title="bbox 264 4141 1861 4212">
     <span class='ocr_line' id='line_1_42' title="bbox 264 4141 1861 4212; baseline 0.007 -17"><span class='ocrx_word' id='word_1_331' title='bbox 264 4143 493 4195; x_wconf 88' lang='lat' dir='ltr'><strong>tutibus.</strong></span> <span class='ocrx_word' id='word_1_332' title='bbox 526 4141 604 4196; x_wconf 90' lang='lat' dir='ltr'><strong>Tu</strong></span> <span class='ocrx_word' id='word_1_333' title='bbox 632 4158 759 4211; x_wconf 85' lang='lat' dir='ltr'><strong>ergo</strong></span> <span class='ocrx_word' id='word_1_334' title='bbox 788 4145 1005 4212; x_wconf 83' lang='lat' dir='ltr'><strong>angelus</strong></span> <span class='ocrx_word' id='word_1_335' title='bbox 1036 4160 1096 4208; x_wconf 88' lang='lat' dir='ltr'><strong>es</strong></span> <span class='ocrx_word' id='word_1_336' title='bbox 1130 4187 1144 4210; x_wconf 93' lang='lat'><strong>,</strong></span> <span class='ocrx_word' id='word_1_337' title='bbox 1201 4147 1286 4200; x_wconf 92' lang='lat' dir='ltr'><strong>dic</strong></span> <span class='ocrx_word' id='word_1_338' title='bbox 1314 4148 1439 4199; x_wconf 90' lang='lat' dir='ltr'><strong>mihi</strong></span> <span class='ocrx_word' id='word_1_339' title='bbox 1471 4189 1486 4211; x_wconf 87' lang='lat'><strong>,</strong></span> <span class='ocrx_word' id='word_1_340' title='bbox 1531 4159 1584 4202; x_wconf 92' lang='lat' dir='ltr'><strong>et</strong></span> <span class='ocrx_word' id='word_1_341' title='bbox 1613 4151 1662 4202; x_wconf 92' lang='lat' dir='ltr'><strong>in</strong></span> <span class='ocrx_word' id='word_1_342' title='bbox 1695 4153 1861 4206; x_wconf 91' lang='lat' dir='ltr'><strong>choro</strong></span> 
     </span>
    </p>
   </div>
   <div class='ocr_carea' id='block_1_43' title="bbox 262 4233 1859 4300">
    <p class='ocr_par' dir='ltr' id='par_1_43' title="bbox 262 4233 1859 4300">
     <span class='ocr_line' id='line_1_43' title="bbox 262 4233 1859 4300; baseline 0.005 -13"><span class='ocrx_word' id='word_1_343' title='bbox 262 4233 708 4300; x_wconf 83' lang='lat' dir='ltr'><strong>incorporearum</strong></span> <span class='ocrx_word' id='word_1_344' title='bbox 739 4233 1003 4286; x_wconf 84' lang='lat' dir='ltr'><strong>Virtutum</strong></span> <span class='ocrx_word' id='word_1_345' title='bbox 1034 4238 1448 4290; x_wconf 81' lang='lat' dir='ltr'><strong>annumeraris?</strong></span> <span class='ocrx_word' id='word_1_346' title='bbox 1481 4256 1655 4294; x_wconf 90' lang='lat' dir='ltr'><strong>nonne</strong></span> <span class='ocrx_word' id='word_1_347' title='bbox 1697 4241 1859 4295; x_wconf 82' lang='lat' dir='ltr'><strong>homo</strong></span> 
     </span>
    </p>
   </div>
   <div class='ocr_carea' id='block_1_44' title="bbox 261 4325 1860 4395">
    <p class='ocr_par' dir='ltr' id='par_1_44' title="bbox 261 4325 1860 4395">
     <span class='ocr_line' id='line_1_44' title="bbox 261 4325 1860 4395; baseline 0.005 -17"><span class='ocrx_word' id='word_1_348' title='bbox 261 4340 326 4378; x_wconf 85' lang='lat' dir='ltr'><strong>es</strong></span> <span class='ocrx_word' id='word_1_349' title='bbox 367 4332 422 4378; x_wconf 90' lang='lat' dir='ltr'><strong>et</strong></span> <span class='ocrx_word' id='word_1_350' title='bbox 452 4325 688 4391; x_wconf 87' lang='lat' dir='ltr'><strong>ejusdem</strong></span> <span class='ocrx_word' id='word_1_351' title='bbox 719 4327 871 4394; x_wconf 85' lang='lat' dir='ltr'><strong>cujus</strong></span> <span class='ocrx_word' id='word_1_352' title='bbox 897 4341 995 4395; x_wconf 87' lang='lat' dir='ltr'><strong>ego</strong></span> <span class='ocrx_word' id='word_1_353' title='bbox 1022 4327 1333 4381; x_wconf 75' lang='lat' dir='ltr'><strong>substantia:</strong></span> <span class='ocrx_word' id='word_1_354' title='bbox 1356 4371 1368 4392; x_wconf 90' lang='lat'><strong>,</strong></span> <span class='ocrx_word' id='word_1_355' title='bbox 1401 4346 1466 4382; x_wconf 91' lang='lat' dir='ltr'><strong>an</strong></span> <span class='ocrx_word' id='word_1_356' title='bbox 1497 4341 1697 4384; x_wconf 72' lang='lat' dir='ltr'><strong>natura:</strong></span> <span class='ocrx_word' id='word_1_357' title='bbox 1720 4332 1860 4386; x_wconf 80' lang='lat' dir='ltr'><strong>obii-</strong></span> 
     </span>
    </p>
   </div>
   <div class='ocr_carea' id='block_1_45' title="bbox 263 4416 1858 4479">
    <p class='ocr_par' dir='ltr' id='par_1_45' title="bbox 263 4416 1858 4479">
     <span class='ocr_line' id='line_1_45' title="bbox 263 4416 1858 4479; baseline 0.007 -11"><span class='ocrx_word' id='word_1_358' title='bbox 263 4426 353 4469; x_wconf 88' lang='lat' dir='ltr'><strong>tus</strong></span> <span class='ocrx_word' id='word_1_359' title='bbox 381 4416 608 4468; x_wconf 71' lang='lat' dir='ltr'><strong>cstum?</strong></span> <span class='ocrx_word' id='word_1_360' title='bbox 659 4417 921 4470; x_wconf 89' lang='lat' dir='ltr'><strong>Punamus</strong></span> <span class='ocrx_word' id='word_1_361' title='bbox 963 4421 1103 4471; x_wconf 88' lang='lat' dir='ltr'><strong>enim</strong></span> <span class='ocrx_word' id='word_1_362' title='bbox 1165 4436 1285 4472; x_wconf 91' lang='lat' dir='ltr'><strong>cum</strong></span> <span class='ocrx_word' id='word_1_363' title='bbox 1329 4422 1632 4476; x_wconf 86' lang='lat' dir='ltr'><strong>hominibus</strong></span> <span class='ocrx_word' id='word_1_364' title='bbox 1658 4435 1858 4479; x_wconf 88' lang='lat' dir='ltr'><strong>tantum</strong></span> 
     </span>
    </p>
   </div>
   <div class='ocr_carea' id='block_1_46' title="bbox 261 4507 1856 4584">
    <p class='ocr_par' dir='ltr' id='par_1_46' title="bbox 261 4507 1856 4584">
     <span class='ocr_line' id='line_1_46' title="bbox 261 4507 1856 4584; baseline 0.007 -24"><span class='ocrx_word' id='word_1_365' title='bbox 261 4507 859 4562; x_wconf 79' lang='lat' dir='ltr'><strong>inaccessibilem&#39;esse</strong></span> <span class='ocrx_word' id='word_1_366' title='bbox 888 4525 902 4562; x_wconf 82' lang='lat'>;</span> <span class='ocrx_word' id='word_1_367' title='bbox 935 4511 1142 4563; x_wconf 87' lang='lat' dir='ltr'><strong>etiamsi</strong></span> <span class='ocrx_word' id='word_1_368' title='bbox 1200 4510 1326 4564; x_wconf 88' lang='lat' dir='ltr'><strong>illud</strong></span> <span class='ocrx_word' id='word_1_369' title='bbox 1371 4528 1468 4566; x_wconf 92' lang='lat' dir='ltr'><strong>nec</strong></span> <span class='ocrx_word' id='word_1_370' title='bbox 1527 4518 1856 4584; x_wconf 83' lang='lat' dir='ltr'><strong>prepositum</strong></span> 
     </span>
    </p>
   </div>
   <div class='ocr_carea' id='block_1_47' title="bbox 261 4598 1858 4664">
    <p class='ocr_par' dir='ltr' id='par_1_47' title="bbox 261 4598 1858 4664">
     <span class='ocr_line' id='line_1_47' title="bbox 261 4598 1858 4664; baseline 0.008 -13"><span class='ocrx_word' id='word_1_371' title='bbox 261 4601 357 4660; x_wconf 85' lang='lat' dir='ltr'><strong>sit,</strong></span> <span class='ocrx_word' id='word_1_372' title='bbox 394 4614 489 4650; x_wconf 87' lang='lat' dir='ltr'><strong>nec</strong></span> <span class='ocrx_word' id='word_1_373' title='bbox 520 4598 714 4654; x_wconf 82' lang='lat' dir='ltr'><strong>dixerit</strong></span> <span class='ocrx_word' id='word_1_374' title='bbox 761 4601 955 4653; x_wconf 89' lang='lat' dir='ltr'><strong>Paulus</strong></span> <span class='ocrx_word' id='word_1_375' title='bbox 992 4620 1005 4655; x_wconf 91' lang='lat'><strong>:</strong></span> <span class='ocrx_word' id='word_1_376' title='bbox 1039 4602 1236 4657; x_wconf 90' lang='lat' dir='ltr'><strong>Lucem</strong></span> <span class='ocrx_word' id='word_1_377' title='bbox 1268 4604 1526 4658; x_wconf 85' lang='lat' dir='ltr'><strong>inhabitat</strong></span> <span class='ocrx_word' id='word_1_378' title='bbox 1555 4607 1858 4664; x_wconf 83' lang='lat' dir='ltr'><strong>hominibus</strong></span> 
     </span>
    </p>
   </div>
   <div class='ocr_carea' id='block_1_48' title="bbox 259 4690 1857 4761">
    <p class='ocr_par' dir='ltr' id='par_1_48' title="bbox 259 4690 1857 4761">
     <span class='ocr_line' id='line_1_48' title="bbox 259 4690 1857 4761; baseline 0.009 -19"><span class='ocrx_word' id='word_1_379' title='bbox 259 4690 712 4755; x_wconf 70' lang='lat' dir='ltr'><strong>inacceSsibilcm,</strong></span> <span class='ocrx_word' id='word_1_380' title='bbox 746 4694 947 4761; x_wconf 83' lang='lat' dir='ltr'><strong>angelis</strong></span> <span class='ocrx_word' id='word_1_381' title='bbox 977 4709 1104 4748; x_wconf 87' lang='lat' dir='ltr'><strong>vero</strong></span> <span class='ocrx_word' id='word_1_382' title='bbox 1133 4712 1236 4748; x_wconf 88' lang='lat' dir='ltr'><strong>non</strong></span> <span class='ocrx_word' id='word_1_383' title='bbox 1266 4697 1688 4754; x_wconf 67' lang='lat' dir='ltr'><strong>inamessihilem</strong></span> <span class='ocrx_word' id='word_1_384' title='bbox 1718 4721 1730 4755; x_wconf 89' lang='lat'><strong>:</strong></span> <span class='ocrx_word' id='word_1_385' title='bbox 1765 4720 1857 4757; x_wconf 77' lang='lat' dir='ltr'><strong>ve-</strong></span> 
     </span>
    </p>
   </div>
   <div class='ocr_carea' id='block_1_49' title="bbox 259 4784 1858 4861">
    <p class='ocr_par' dir='ltr' id='par_1_49' title="bbox 259 4784 1858 4861">
     <span class='ocr_line' id='line_1_49' title="bbox 259 4784 1858 4861; baseline 0.009 -26"><span class='ocrx_word' id='word_1_386' title='bbox 259 4799 386 4835; x_wconf 87' lang='lat' dir='ltr'><strong>rum</strong></span> <span class='ocrx_word' id='word_1_387' title='bbox 419 4825 433 4846; x_wconf 92' lang='lat'><strong>,</strong></span> <span class='ocrx_word' id='word_1_388' title='bbox 461 4784 503 4835; x_wconf 89' lang='lat' dir='ltr'><strong>si</strong></span> <span class='ocrx_word' id='word_1_389' title='bbox 530 4784 700 4850; x_wconf 80' lang='lat' dir='ltr'><strong>placet</strong></span> <span class='ocrx_word' id='word_1_390' title='bbox 735 4826 749 4848; x_wconf 88' lang='lat'><strong>,</strong></span> <span class='ocrx_word' id='word_1_391' title='bbox 781 4786 880 4838; x_wconf 89' lang='lat' dir='ltr'><strong>hoe</strong></span> <span class='ocrx_word' id='word_1_392' title='bbox 906 4787 997 4839; x_wconf 86' lang='lat' dir='ltr'><strong>tibi</strong></span> <span class='ocrx_word' id='word_1_393' title='bbox 1023 4788 1382 4842; x_wconf 88' lang='lat' dir='ltr'><strong>concedamus</strong></span> <span class='ocrx_word' id='word_1_394' title='bbox 1408 4831 1423 4852; x_wconf 88' lang='lat'><strong>,</strong></span> <span class='ocrx_word' id='word_1_395' title='bbox 1453 4807 1631 4845; x_wconf 84' lang='lat' dir='ltr'><strong>annon</strong></span> <span class='ocrx_word' id='word_1_396' title='bbox 1664 4802 1717 4846; x_wconf 89' lang='lat' dir='ltr'><strong>et</strong></span> <span class='ocrx_word' id='word_1_397' title='bbox 1746 4794 1858 4861; x_wconf 88' lang='lat' dir='ltr'><strong>ipse</strong></span> 
     </span>
    </p>
   </div>
   <div class='ocr_carea' id='block_1_50' title="bbox 256 4873 1856 4953">
    <p class='ocr_par' dir='ltr' id='par_1_50' title="bbox 256 4873 1856 4953">
     <span class='ocr_line' id='line_1_50' title="bbox 256 4873 1856 4953; baseline 0.008 -28"><span class='ocrx_word' id='word_1_398' title='bbox 256 4873 428 4925; x_wconf 84' lang='lat' dir='ltr'><strong>homo</strong></span> <span class='ocrx_word' id='word_1_399' title='bbox 449 4875 539 4926; x_wconf 76' lang='lat' dir='ltr'><strong>es?</strong></span> <span class='ocrx_word' id='word_1_400' title='bbox 560 4874 718 4938; x_wconf 84' lang='lat' dir='ltr'><strong>Quid,</strong></span> <span class='ocrx_word' id='word_1_401' title='bbox 751 4875 796 4928; x_wconf 90' lang='lat' dir='ltr'><strong>si</strong></span> <span class='ocrx_word' id='word_1_402' title='bbox 824 4878 1026 4944; x_wconf 78' lang='lat' dir='ltr'><strong>angelis</strong></span> <span class='ocrx_word' id='word_1_403' title='bbox 1055 4878 1442 4933; x_wconf 63' lang='lat' dir='ltr'><strong>inaccessibilis</strong></span> <span class='ocrx_word' id='word_1_404' title='bbox 1471 4898 1573 4934; x_wconf 85' lang='lat' dir='ltr'><strong>non</strong></span> <span class='ocrx_word' id='word_1_405' title='bbox 1603 4886 1668 4936; x_wconf 88' lang='lat' dir='ltr'><strong>sit</strong></span> <span class='ocrx_word' id='word_1_406' title='bbox 1689 4885 1856 4953; x_wconf 87' lang='lat' dir='ltr'><strong>?quid</strong></span> 
     </span>
    </p>
   </div>
   <div class='ocr_carea' id='block_1_51' title="bbox 259 4963 1844 5034">
    <p class='ocr_par' dir='ltr' id='par_1_51' title="bbox 259 4963 1844 5034">
     <span class='ocr_line' id='line_1_51' title="bbox 259 4963 1844 5034; baseline 0.008 -19"><span class='ocrx_word' id='word_1_407' title='bbox 259 4963 396 5016; x_wconf 89' lang='lat' dir='ltr'><strong>illud</strong></span> <span class='ocrx_word' id='word_1_408' title='bbox 424 4963 488 5015; x_wconf 90' lang='lat' dir='ltr'><strong>ad</strong></span> <span class='ocrx_word' id='word_1_409' title='bbox 519 4974 588 5027; x_wconf 90' lang='lat' dir='ltr'><strong>te,</strong></span> <span class='ocrx_word' id='word_1_410' title='bbox 618 4965 708 5033; x_wconf 95' lang='lat' dir='ltr'><strong>qui</strong></span> <span class='ocrx_word' id='word_1_411' title='bbox 736 4969 1014 5019; x_wconf 86' lang='lat' dir='ltr'><strong>contendis</strong></span> <span class='ocrx_word' id='word_1_412' title='bbox 1036 4978 1197 5034; x_wconf 85' lang='lat' dir='ltr'><strong>atque</strong></span> <span class='ocrx_word' id='word_1_413' title='bbox 1227 4970 1464 5024; x_wconf 78' lang='lat' dir='ltr'><strong>afﬁrmas</strong></span> <span class='ocrx_word' id='word_1_414' title='bbox 1492 4973 1844 5028; x_wconf 87' lang='lat' dir='ltr'><strong>substantiam</strong></span> 
     </span>
    </p>
   </div>
   <div class='ocr_carea' id='block_1_52' title="bbox 258 5053 1857 5130">
    <p class='ocr_par' dir='ltr' id='par_1_52' title="bbox 258 5053 1857 5130">
     <span class='ocr_line' id='line_1_52' title="bbox 258 5053 1857 5130; baseline 0.009 -23"><span class='ocrx_word' id='word_1_415' title='bbox 258 5055 415 5107; x_wconf 86' lang='lat' dir='ltr'><strong>illam</strong></span> <span class='ocrx_word' id='word_1_416' title='bbox 461 5053 706 5108; x_wconf 63' lang='lat' dir='ltr'><strong>humana:</strong></span> <span class='ocrx_word' id='word_1_417' title='bbox 749 5066 953 5111; x_wconf 63' lang='lat' dir='ltr'><strong>naturae</strong></span> <span class='ocrx_word' id='word_1_418' title='bbox 1004 5073 1125 5113; x_wconf 83' lang='lat' dir='ltr'><strong>esse</strong></span> <span class='ocrx_word' id='word_1_419' title='bbox 1167 5061 1741 5130; x_wconf 80' lang='lat' dir='ltr'><strong>comprehensibilem‘!</strong></span> <span class='ocrx_word' id='word_1_420' title='bbox 1788 5065 1857 5122; x_wconf 87' lang='lat' dir='ltr'><strong>Ut</strong></span> 
     </span>
    </p>
   </div>
   <div class='ocr_carea' id='block_1_53' title="bbox 255 5145 1856 5226">
    <p class='ocr_par' dir='ltr' id='par_1_53' title="bbox 255 5145 1856 5226">
     <span class='ocr_line' id='line_1_53' title="bbox 255 5145 1856 5226; baseline 0.011 -31"><span class='ocrx_word' id='word_1_421' title='bbox 255 5160 397 5197; x_wconf 66' lang='lat' dir='ltr'><strong>vero</strong></span> <span class='ocrx_word' id='word_1_422' title='bbox 421 5145 594 5199; x_wconf 86' lang='lat' dir='ltr'><strong>discas</strong></span> <span class='ocrx_word' id='word_1_423' title='bbox 621 5160 726 5202; x_wconf 89' lang='lat' dir='ltr'><strong>non</strong></span> <span class='ocrx_word' id='word_1_424' title='bbox 758 5145 1065 5202; x_wconf 90' lang='lat' dir='ltr'><strong>hominibus</strong></span> <span class='ocrx_word' id='word_1_425' title='bbox 1093 5158 1293 5204; x_wconf 87' lang='lat' dir='ltr'><strong>tantum</strong></span> <span class='ocrx_word' id='word_1_426' title='bbox 1320 5193 1334 5218; x_wconf 93' lang='lat'><strong>,</strong></span> <span class='ocrx_word' id='word_1_427' title='bbox 1367 5154 1459 5208; x_wconf 91' lang='lat' dir='ltr'><strong>sed</strong></span> <span class='ocrx_word' id='word_1_428' title='bbox 1485 5158 1644 5208; x_wconf 87' lang='lat' dir='ltr'><strong>etiam</strong></span> <span class='ocrx_word' id='word_1_429' title='bbox 1677 5173 1856 5226; x_wconf 76' lang='lat' dir='ltr'><strong>super</strong></span> 
     </span>
    </p>
   </div>
   <div class='ocr_carea' id='block_1_54' title="bbox 254 5234 1855 5319">
    <p class='ocr_par' dir='ltr' id='par_1_54' title="bbox 254 5234 1855 5319">
     <span class='ocr_line' id='line_1_54' title="bbox 254 5234 1855 5319; baseline 0.01 -29"><span class='ocrx_word' id='word_1_430' title='bbox 254 5237 350 5290; x_wconf 75' lang='lat' dir='ltr'><strong>Isis</strong></span> <span class='ocrx_word' id='word_1_431' title='bbox 380 5234 672 5290; x_wconf 81' lang='lat' dir='ltr'><strong>Virtutibus</strong></span> <span class='ocrx_word' id='word_1_432' title='bbox 718 5252 836 5292; x_wconf 88' lang='lat' dir='ltr'><strong>esse</strong></span> <span class='ocrx_word' id='word_1_433' title='bbox 877 5239 1333 5310; x_wconf 88' lang='lat' dir='ltr'><strong>inaccessibilem,</strong></span> <span class='ocrx_word' id='word_1_434' title='bbox 1380 5246 1502 5299; x_wconf 90' lang='lat' dir='ltr'><strong>audi</strong></span> <span class='ocrx_word' id='word_1_435' title='bbox 1547 5249 1670 5319; x_wconf 88' lang='lat' dir='ltr'><strong>quid</strong></span> <span class='ocrx_word' id='word_1_436' title='bbox 1710 5251 1855 5306; x_wconf 83' lang='lat' dir='ltr'><strong>dicat</strong></span> 
     </span>
    </p>
   </div>
   <div class='ocr_carea' id='block_1_55' title="bbox 256 5325 1850 5409">
    <p class='ocr_par' dir='ltr' id='par_1_55' title="bbox 256 5325 1850 5409">
     <span class='ocr_line' id='line_1_55' title="bbox 256 5325 1850 5409; baseline 0.011 -31"><span class='ocrx_word' id='word_1_437' title='bbox 256 5325 471 5381; x_wconf 80' lang='lat' dir='ltr'><strong>Isaias:</strong></span> <span class='ocrx_word' id='word_1_438' title='bbox 520 5327 705 5381; x_wconf 89' lang='lat' dir='ltr'><strong>Isaiam</strong></span> <span class='ocrx_word' id='word_1_439' title='bbox 751 5329 934 5385; x_wconf 86' lang='lat' dir='ltr'><strong>dicens</strong></span> <span class='ocrx_word' id='word_1_440' title='bbox 964 5372 979 5396; x_wconf 92' lang='lat'><strong>,</strong></span> <span class='ocrx_word' id='word_1_441' title='bbox 1026 5331 1257 5401; x_wconf 91' lang='lat' dir='ltr'><strong>Spiritus</strong></span> <span class='ocrx_word' id='word_1_442' title='bbox 1294 5338 1611 5392; x_wconf 85' lang='lat' dir='ltr'><strong>sententiam</strong></span> <span class='ocrx_word' id='word_1_443' title='bbox 1657 5341 1850 5409; x_wconf 69' lang='lat' dir='ltr'><strong>effero;</strong></span> 
     </span>
    </p>
   </div>
   <div class='ocr_carea' id='block_1_56' title="bbox 255 5413 1849 5502">
    <p class='ocr_par' dir='ltr' id='par_1_56' title="bbox 255 5413 1849 5502">
     <span class='ocr_line' id='line_1_56' title="bbox 255 5413 1849 5502; baseline 0.013 -33"><span class='ocrx_word' id='word_1_444' title='bbox 255 5417 523 5486; x_wconf 72' lang='lat' dir='ltr'><strong>propheta</strong></span> <span class='ocrx_word' id='word_1_445' title='bbox 571 5433 802 5489; x_wconf 88' lang='lat' dir='ltr'><strong>namque</strong></span> <span class='ocrx_word' id='word_1_446' title='bbox 831 5437 896 5476; x_wconf 88' lang='lat' dir='ltr'><strong>ex</strong></span> <span class='ocrx_word' id='word_1_447' title='bbox 941 5413 1252 5492; x_wconf 80' lang='lat' dir='ltr'><strong>operatione</strong></span> <span class='ocrx_word' id='word_1_448' title='bbox 1299 5426 1524 5498; x_wconf 88' lang='lat' dir='ltr'><strong>Spiritus</strong></span> <span class='ocrx_word' id='word_1_449' title='bbox 1572 5432 1849 5502; x_wconf 88' lang='lat' dir='ltr'><strong>loquitur:</strong></span> 
     </span>
    </p>
   </div>
   <div class='ocr_carea' id='block_1_57' title="bbox 260 5507 1852 5588">
    <p class='ocr_par' dir='ltr' id='par_1_57' title="bbox 260 5507 1852 5588">
     <span class='ocr_line' id='line_1_57' title="bbox 260 5507 1852 5588; baseline 0.013 -29"><span class='ocrx_word' id='word_1_450' title='bbox 260 5507 326 5559; x_wconf 75' lang='lat' dir='ltr'><strong>Et</strong></span> <span class='ocrx_word' id='word_1_451' title='bbox 358 5509 548 5575; x_wconf 79' lang='lat' dir='ltr'><strong>factum</strong></span> <span class='ocrx_word' id='word_1_452' title='bbox 579 5519 651 5562; x_wconf 87' lang='lat' dir='ltr'><strong>est</strong></span> <span class='ocrx_word' id='word_1_453' title='bbox 681 5527 814 5565; x_wconf 88' lang='lat' dir='ltr'><strong>anno</strong></span> <span class='ocrx_word' id='word_1_454' title='bbox 845 5553 859 5576; x_wconf 92' lang='lat'><strong>,</strong></span> <span class='ocrx_word' id='word_1_455' title='bbox 890 5529 989 5582; x_wconf 88' lang='lat' dir='ltr'><strong>quo</strong></span> <span class='ocrx_word' id='word_1_456' title='bbox 1029 5525 1255 5570; x_wconf 88' lang='lat' dir='ltr'><strong>mortuus</strong></span> <span class='ocrx_word' id='word_1_457' title='bbox 1291 5527 1364 5571; x_wconf 90' lang='lat' dir='ltr'><strong>est</strong></span> <span class='ocrx_word' id='word_1_458' title='bbox 1411 5537 1500 5573; x_wconf 79' lang='lat' dir='ltr'><strong>rea:</strong></span> <span class='ocrx_word' id='word_1_459' title='bbox 1531 5521 1683 5576; x_wconf 74' lang='lat' dir='ltr'><strong>Ozias</strong></span> <span class='ocrx_word' id='word_1_460' title='bbox 1708 5567 1721 5588; x_wconf 91' lang='lat'><strong>,</strong></span> <span class='ocrx_word' id='word_1_461' title='bbox 1751 5527 1852 5580; x_wconf 76' lang='lat' dir='ltr'><strong>vidi</strong></span> 
     </span>
    </p>
   </div>
   <div class='ocr_carea' id='block_1_58' title="bbox 253 5596 1847 5683">
    <p class='ocr_par' dir='ltr' id='par_1_58' title="bbox 253 5596 1847 5683">
     <span class='ocr_line' id='line_1_58' title="bbox 253 5596 1847 5683; baseline 0.013 -34"><span class='ocrx_word' id='word_1_462' title='bbox 253 5596 537 5651; x_wconf 79' lang='lat' dir='ltr'><strong>Dominum</strong></span> <span class='ocrx_word' id='word_1_463' title='bbox 561 5601 814 5654; x_wconf 84' lang='lat' dir='ltr'><strong>sedentem</strong></span> <span class='ocrx_word' id='word_1_464' title='bbox 837 5620 987 5674; x_wconf 84' lang='lat' dir='ltr'><strong>super</strong></span> <span class='ocrx_word' id='word_1_465' title='bbox 1007 5605 1242 5658; x_wconf 89' lang='lat' dir='ltr'><strong>thronum</strong></span> <span class='ocrx_word' id='word_1_466' title='bbox 1260 5610 1506 5663; x_wconf 73' lang='lat' dir='ltr'><strong>excelsum</strong></span> <span class='ocrx_word' id='word_1_467' title='bbox 1525 5624 1568 5664; x_wconf 89' lang='lat' dir='ltr'><strong>et</strong></span> <span class='ocrx_word' id='word_1_468' title='bbox 1587 5615 1847 5683; x_wconf 79' lang='lat' dir='ltr'><strong>eleuatum,</strong></span> 
     </span>
    </p>
   </div>
   <div class='ocr_carea' id='block_1_59' title="bbox 249 5691 1850 5772">
    <p class='ocr_par' dir='ltr' id='par_1_59' title="bbox 249 5691 1850 5772">
     <span class='ocr_line' id='line_1_59' title="bbox 249 5691 1850 5772; baseline 0.014 -30"><span class='ocrx_word' id='word_1_469' title='bbox 249 5701 302 5742; x_wconf 86' lang='lat' dir='ltr'><strong>et</strong></span> <span class='ocrx_word' id='word_1_470' title='bbox 334 5691 610 5759; x_wconf 68' lang='lat' dir='ltr'><strong>Seraphin:</strong></span> <span class='ocrx_word' id='word_1_471' title='bbox 636 5695 834 5772; x_wconf 85' lang='lat' dir='ltr'><strong>stabant</strong></span> <span class='ocrx_word' id='word_1_472' title='bbox 859 5696 910 5748; x_wconf 86' lang='lat' dir='ltr'><strong>in</strong></span> <span class='ocrx_word' id='word_1_473' title='bbox 936 5698 1148 5750; x_wconf 87' lang='lat' dir='ltr'><strong>circuitu</strong></span> <span class='ocrx_word' id='word_1_474' title='bbox 1189 5701 1298 5768; x_wconf 83' lang='lat' dir='ltr'><strong>ejus</strong></span> <span class='ocrx_word' id='word_1_475' title='bbox 1332 5740 1348 5764; x_wconf 85' lang='lat'><em>.</em></span> <span class='ocrx_word' id='word_1_476' title='bbox 1396 5719 1484 5756; x_wconf 75' lang='lat' dir='ltr'><strong>sea:</strong></span> <span class='ocrx_word' id='word_1_477' title='bbox 1513 5705 1608 5758; x_wconf 73' lang='lat' dir='ltr'><strong>alte</strong></span> <span class='ocrx_word' id='word_1_478' title='bbox 1638 5709 1722 5760; x_wconf 87' lang='lat' dir='ltr'><strong>uni</strong></span> <span class='ocrx_word' id='word_1_479' title='bbox 1752 5750 1765 5772; x_wconf 93' lang='lat'><strong>,</strong></span> <span class='ocrx_word' id='word_1_480' title='bbox 1803 5721 1850 5763; x_wconf 92' lang='lat' dir='ltr'><strong>et</strong></span> 
     </span>
    </p>
   </div>
   <div class='ocr_carea' id='block_1_60' title="bbox 245 5785 1843 5868">
    <p class='ocr_par' dir='ltr' id='par_1_60' title="bbox 245 5785 1843 5868">
     <span class='ocr_line' id='line_1_60' title="bbox 245 5785 1843 5868; baseline 0.013 -34"><span class='ocrx_word' id='word_1_481' title='bbox 245 5794 348 5835; x_wconf 62' lang='lat' dir='ltr'><strong>seu:</strong></span> <span class='ocrx_word' id='word_1_482' title='bbox 374 5785 473 5839; x_wconf 76' lang='lat' dir='ltr'><strong>ala:</strong></span> <span class='ocrx_word' id='word_1_483' title='bbox 497 5785 664 5855; x_wconf 86' lang='lat' dir='ltr'><strong>alteri,</strong></span> <span class='ocrx_word' id='word_1_484' title='bbox 693 5796 738 5840; x_wconf 87' lang='lat' dir='ltr'><strong>et</strong></span> <span class='ocrx_word' id='word_1_485' title='bbox 762 5787 953 5842; x_wconf 87' lang='lat' dir='ltr'><strong>duabus</strong></span> <span class='ocrx_word' id='word_1_486' title='bbox 981 5789 1178 5860; x_wconf 84' lang='lat' dir='ltr'><strong>quidem</strong></span> <span class='ocrx_word' id='word_1_487' title='bbox 1201 5792 1493 5848; x_wconf 78' lang='lat' dir='ltr'><strong>obvelabaut</strong></span> <span class='ocrx_word' id='word_1_488' title='bbox 1524 5799 1678 5867; x_wconf 77' lang='lat' dir='ltr'><strong>facies</strong></span> <span class='ocrx_word' id='word_1_489' title='bbox 1705 5817 1843 5868; x_wconf 83' lang='lat' dir='ltr'><strong>suos,</strong></span> 
     </span>
    </p>
   </div>
   <div class='ocr_carea' id='block_1_61' title="bbox 1221 375 2652 442">
    <p class='ocr_par' dir='ltr' id='par_1_61' title="bbox 1221 375 2652 442">
     <span class='ocr_line' id='line_1_61' title="bbox 1221 375 2652 442; baseline 0.007 -11"><span class='ocrx_word' id='word_1_490' title='bbox 1221 377 1309 431; x_wconf 83' lang='lat' dir='ltr'><strong>DE</strong></span> <span class='ocrx_word' id='word_1_491' title='bbox 1349 375 2032 434; x_wconf 75' lang='lat' dir='ltr'><strong>INCOMPREHENSIBILI</strong></span> <span class='ocrx_word' id='word_1_492' title='bbox 2071 381 2183 436; x_wconf 80' lang='lat' dir='ltr'><strong>DEI</strong></span> <span class='ocrx_word' id='word_1_493' title='bbox 2225 382 2527 439; x_wconf 74' lang='lat' dir='ltr'><strong>NATURA.</strong></span> <span class='ocrx_word' id='word_1_494' title='bbox 2569 384 2652 442; x_wconf 80' lang='grc' dir='ltr'><strong>ΙΙΙ.</strong></span> 
     </span>
    </p>
   </div>
   <div class='ocr_carea' id='block_1_62' title="bbox 3478 398 3582 456">
    <p class='ocr_par' dir='ltr' id='par_1_62' title="bbox 3478 398 3582 456">
     <span class='ocr_line' id='line_1_62' title="bbox 3478 398 3582 456; baseline 0.048 -5"><span class='ocrx_word' id='word_1_495' title='bbox 3478 398 3582 456; x_wconf 68' lang='lat'><strong>7&#39;22</strong></span> 
     </span>
    </p>
   </div>
   <div class='ocr_carea' id='block_1_63' title="bbox 1988 493 3581 577">
    <p class='ocr_par' dir='ltr' id='par_1_63' title="bbox 1988 493 3581 577">
     <span class='ocr_line' id='line_1_63' title="bbox 1988 493 3581 577; baseline 0.014 -31"><span class='ocrx_word' id='word_1_496' title='bbox 1988 501 2035 546; x_wconf 86' lang='lat' dir='ltr'><strong>et</strong></span> <span class='ocrx_word' id='word_1_497' title='bbox 2055 493 2253 546; x_wconf 83' lang='lat' dir='ltr'><strong>duabus</strong></span> <span class='ocrx_word' id='word_1_498' title='bbox 2278 496 2429 563; x_wconf 82' lang='lat' dir='ltr'><strong>pedes</strong></span> <span class='ocrx_word' id='word_1_499' title='bbox 2454 495 2606 566; x_wconf 84' lang='lat' dir='ltr'><strong>(lsai.</strong></span> <span class='ocrx_word' id='word_1_500' title='bbox 2635 500 2687 555; x_wconf 91' lang='lat'><strong>6.</strong></span> <span class='ocrx_word' id='word_1_501' title='bbox 2721 500 2771 556; x_wconf 78' lang='grc' dir='ltr'><strong>Ι.</strong></span> <span class='ocrx_word' id='word_1_502' title='bbox 2803 501 2881 574; x_wconf 77' lang='lat'><strong>2).</strong></span> <span class='ocrx_word' id='word_1_503' title='bbox 2913 503 3025 572; x_wconf 92' lang='lat' dir='ltr'><strong>Dic,</strong></span> <span class='ocrx_word' id='word_1_504' title='bbox 3057 522 3258 577; x_wconf 76' lang='lat' dir='ltr'><strong>quazso,</strong></span> <span class='ocrx_word' id='word_1_505' title='bbox 3290 526 3388 565; x_wconf 93' lang='lat' dir='ltr'><strong>cur</strong></span> <span class='ocrx_word' id='word_1_506' title='bbox 3410 514 3581 570; x_wconf 72' lang='lat' dir='ltr'><strong>obre-</strong></span> 
     </span>
    </p>
   </div>
   <div class='ocr_carea' id='block_1_64' title="bbox 1983 584 3573 678">
    <p class='ocr_par' dir='ltr' id='par_1_64' title="bbox 1983 584 3573 678">
     <span class='ocr_line' id='line_1_64' title="bbox 1983 584 3573 678; baseline 0.017 -41"><span class='ocrx_word' id='word_1_507' title='bbox 1983 584 2094 678; x_wconf 84' lang='lat' dir='ltr'><strong>lant</strong></span> <span class='ocrx_word' id='word_1_508' title='bbox 2121 585 2285 642; x_wconf 79' lang='lat' dir='ltr'><strong>iacies</strong></span> <span class='ocrx_word' id='word_1_509' title='bbox 2314 604 2460 654; x_wconf 91' lang='lat' dir='ltr'><strong>suas,</strong></span> <span class='ocrx_word' id='word_1_510' title='bbox 2493 594 2710 664; x_wconf 87' lang='lat' dir='ltr'><strong>alasque</strong></span> <span class='ocrx_word' id='word_1_511' title='bbox 2744 600 3085 666; x_wconf 71' lang='lat' dir='ltr'><strong>prmtendunt</strong></span> <span class='ocrx_word' id='word_1_512' title='bbox 3113 603 3137 656; x_wconf 69' lang='grc' dir='ltr'><em>ἲ</em></span> <span class='ocrx_word' id='word_1_513' title='bbox 3161 602 3270 658; x_wconf 93' lang='lat' dir='ltr'><strong>Cur</strong></span> <span class='ocrx_word' id='word_1_514' title='bbox 3289 649 3305 672; x_wconf 93' lang='lat'><strong>,</strong></span> <span class='ocrx_word' id='word_1_515' title='bbox 3335 608 3573 678; x_wconf 84' lang='lat' dir='ltr'><strong>inquam.</strong></span> 
     </span>
    </p>
   </div>
   <div class='ocr_carea' id='block_1_65' title="bbox 1985 676 3577 766">
    <p class='ocr_par' dir='ltr' id='par_1_65' title="bbox 1985 676 3577 766">
     <span class='ocr_line' id='line_1_65' title="bbox 1985 676 3577 766; baseline 0.018 -38"><span class='ocrx_word' id='word_1_516' title='bbox 1985 676 2086 766; x_wconf 86' lang='lat' dir='ltr'><strong>nisi</strong></span> <span class='ocrx_word' id='word_1_517' title='bbox 2114 679 2237 746; x_wconf 90' lang='lat' dir='ltr'><strong>quia</strong></span> <span class='ocrx_word' id='word_1_518' title='bbox 2267 678 2444 751; x_wconf 78' lang='lat' dir='ltr'><strong>fulgur</strong></span> <span class='ocrx_word' id='word_1_519' title='bbox 2477 698 2508 736; x_wconf 91' lang='lat' dir='ltr'><strong>e</strong></span> <span class='ocrx_word' id='word_1_520' title='bbox 2546 682 2739 740; x_wconf 88' lang='lat' dir='ltr'><strong>throno</strong></span> <span class='ocrx_word' id='word_1_521' title='bbox 2768 691 3115 758; x_wconf 81' lang='lat' dir='ltr'><strong>progrediens</strong></span> <span class='ocrx_word' id='word_1_522' title='bbox 3144 676 3429 766; x_wconf 83' lang='lat' dir='ltr'><strong>radiosque</strong></span> <span class='ocrx_word' id='word_1_523' title='bbox 3457 701 3577 756; x_wconf 88' lang='lat' dir='ltr'><strong>illos</strong></span> 
     </span>
    </p>
   </div>
   <div class='ocr_carea' id='block_1_66' title="bbox 1982 765 3577 855">
    <p class='ocr_par' dir='ltr' id='par_1_66' title="bbox 1982 765 3577 855">
     <span class='ocr_line' id='line_1_66' title="bbox 1982 765 3577 855; baseline 0.015 -35"><span class='ocrx_word' id='word_1_524' title='bbox 1982 765 2124 822; x_wconf 83' lang='lat' dir='ltr'><strong>ferre</strong></span> <span class='ocrx_word' id='word_1_525' title='bbox 2160 785 2264 823; x_wconf 92' lang='lat' dir='ltr'><strong>non</strong></span> <span class='ocrx_word' id='word_1_526' title='bbox 2299 775 2560 840; x_wconf 82' lang='lat' dir='ltr'><strong>possunt?</strong></span> <span class='ocrx_word' id='word_1_527' title='bbox 2585 774 2914 848; x_wconf 84' lang='lat' dir='ltr'><strong>Quamquam</strong></span> <span class='ocrx_word' id='word_1_528' title='bbox 2954 797 3057 835; x_wconf 85' lang='lat' dir='ltr'><strong>non</strong></span> <span class='ocrx_word' id='word_1_529' title='bbox 3089 785 3259 855; x_wconf 86' lang='lat' dir='ltr'><strong>ipsum</strong></span> <span class='ocrx_word' id='word_1_530' title='bbox 3290 765 3409 842; x_wconf 88' lang='lat' dir='ltr'><strong>sine</strong></span> <span class='ocrx_word' id='word_1_531' title='bbox 3431 798 3577 844; x_wconf 88' lang='lat' dir='ltr'><strong>tem-</strong></span> 
     </span>
    </p>
   </div>
   <div class='ocr_carea' id='block_1_67' title="bbox 1984 861 3574 942">
    <p class='ocr_par' dir='ltr' id='par_1_67' title="bbox 1984 861 3574 942">
     <span class='ocr_line' id='line_1_67' title="bbox 1984 861 3574 942; baseline 0.017 -31"><span class='ocrx_word' id='word_1_532' title='bbox 1984 871 2297 927; x_wconf 75' lang='lat' dir='ltr'><strong>peramento</strong></span> <span class='ocrx_word' id='word_1_533' title='bbox 2327 861 2540 929; x_wconf 92' lang='lat' dir='ltr'><strong>lumen,</strong></span> <span class='ocrx_word' id='word_1_534' title='bbox 2576 881 2748 936; x_wconf 74' lang='lat' dir='ltr'><strong>neque</strong></span> <span class='ocrx_word' id='word_1_535' title='bbox 2777 868 2945 936; x_wconf 91' lang='lat' dir='ltr'><strong>ipsam</strong></span> <span class='ocrx_word' id='word_1_536' title='bbox 2987 887 3175 942; x_wconf 89' lang='lat' dir='ltr'><strong>puram</strong></span> <span class='ocrx_word' id='word_1_537' title='bbox 3219 878 3574 938; x_wconf 82' lang='lat' dir='ltr'><strong>substantiam</strong></span> 
     </span>
    </p>
   </div>
   <div class='ocr_carea' id='block_1_68' title="bbox 1981 944 3569 1038">
    <p class='ocr_par' dir='ltr' id='par_1_68' title="bbox 1981 944 3569 1038">
     <span class='ocr_line' id='line_1_68' title="bbox 1981 944 3569 1038; baseline 0.018 -36"><span class='ocrx_word' id='word_1_538' title='bbox 1981 950 2278 1018; x_wconf 89' lang='lat' dir='ltr'><strong>videbant,</strong></span> <span class='ocrx_word' id='word_1_539' title='bbox 2329 955 2422 1009; x_wconf 88' lang='lat' dir='ltr'><strong>sed</strong></span> <span class='ocrx_word' id='word_1_540' title='bbox 2466 971 2586 1026; x_wconf 74' lang='lat' dir='ltr'><strong>qua:</strong></span> <span class='ocrx_word' id='word_1_541' title='bbox 2633 959 2952 1016; x_wconf 84' lang='lat' dir='ltr'><strong>videbantur</strong></span> <span class='ocrx_word' id='word_1_542' title='bbox 2997 975 3345 1038; x_wconf 87' lang='lat' dir='ltr'><strong>attemperata</strong></span> <span class='ocrx_word' id='word_1_543' title='bbox 3393 944 3569 1030; x_wconf 75' lang='lat' dir='ltr'><strong>erant.</strong></span> 
     </span>
    </p>
   </div>
   <div class='ocr_carea' id='block_1_69' title="bbox 1981 1041 3572 1126">
    <p class='ocr_par' dir='ltr' id='par_1_69' title="bbox 1981 1041 3572 1126">
     <span class='ocr_line' id='line_1_69' title="bbox 1981 1041 3572 1126; baseline 0.018 -35"><span class='ocrx_word' id='word_1_544' title='bbox 1981 1041 2116 1106; x_wconf 88' lang='lat' dir='ltr'><strong>Quid</strong></span> <span class='ocrx_word' id='word_1_545' title='bbox 2163 1054 2339 1097; x_wconf 90' lang='lat' dir='ltr'><strong>autem</strong></span> <span class='ocrx_word' id='word_1_546' title='bbox 2395 1057 2478 1100; x_wconf 80' lang='lat' dir='ltr'><strong>est</strong></span> <span class='ocrx_word' id='word_1_547' title='bbox 2536 1048 2619 1102; x_wconf 89' lang='lat' dir='ltr'><strong>illa</strong></span> <span class='ocrx_word' id='word_1_548' title='bbox 2668 1056 3095 1120; x_wconf 83' lang='lat' dir='ltr'><strong>attemperatlo?</strong></span> <span class='ocrx_word' id='word_1_549' title='bbox 3140 1060 3362 1126; x_wconf 87' lang='lat' dir='ltr'><strong>Quando</strong></span> <span class='ocrx_word' id='word_1_550' title='bbox 3429 1065 3572 1120; x_wconf 85' lang='lat' dir='ltr'><strong>Deus</strong></span> 
     </span>
    </p>
   </div>
   <div class='ocr_carea' id='block_1_70' title="bbox 1979 1136 3570 1228">
    <p class='ocr_par' dir='ltr' id='par_1_70' title="bbox 1979 1136 3570 1228">
     <span class='ocr_line' id='line_1_70' title="bbox 1979 1136 3570 1228; baseline 0.017 -42"><span class='ocrx_word' id='word_1_551' title='bbox 1979 1148 2082 1228; x_wconf 87' lang='lat' dir='ltr'><strong>non</strong></span> <span class='ocrx_word' id='word_1_552' title='bbox 2114 1136 2250 1190; x_wconf 91' lang='lat' dir='ltr'><strong>sicut</strong></span> <span class='ocrx_word' id='word_1_553' title='bbox 2278 1146 2360 1192; x_wconf 89' lang='lat' dir='ltr'><strong>est</strong></span> <span class='ocrx_word' id='word_1_554' title='bbox 2388 1151 2626 1208; x_wconf 78' lang='lat' dir='ltr'><strong>apparet,</strong></span> <span class='ocrx_word' id='word_1_555' title='bbox 2659 1145 2754 1198; x_wconf 88' lang='lat' dir='ltr'><strong>sed</strong></span> <span class='ocrx_word' id='word_1_556' title='bbox 2779 1146 2844 1199; x_wconf 90' lang='lat' dir='ltr'><strong>ad</strong></span> <span class='ocrx_word' id='word_1_557' title='bbox 2871 1148 3085 1202; x_wconf 91' lang='lat' dir='ltr'><strong>modum</strong></span> <span class='ocrx_word' id='word_1_558' title='bbox 3109 1151 3245 1220; x_wconf 83' lang='lat' dir='ltr'><strong>ejus,</strong></span> <span class='ocrx_word' id='word_1_559' title='bbox 3276 1155 3364 1223; x_wconf 91' lang='lat' dir='ltr'><strong>qui</strong></span> <span class='ocrx_word' id='word_1_560' title='bbox 3397 1157 3570 1228; x_wconf 85' lang='lat' dir='ltr'><strong>ipsum</strong></span> 
     </span>
    </p>
   </div>
   <div class='ocr_carea' id='block_1_71' title="bbox 1978 1227 3568 1314">
    <p class='ocr_par' dir='ltr' id='par_1_71' title="bbox 1978 1227 3568 1314">
     <span class='ocr_line' id='line_1_71' title="bbox 1978 1227 3568 1314; baseline 0.018 -36"><span class='ocrx_word' id='word_1_561' title='bbox 1978 1227 2188 1282; x_wconf 86' lang='lat' dir='ltr'><strong>visurus</strong></span> <span class='ocrx_word' id='word_1_562' title='bbox 2216 1240 2318 1292; x_wconf 89' lang='lat' dir='ltr'><strong>est,</strong></span> <span class='ocrx_word' id='word_1_563' title='bbox 2341 1245 2457 1285; x_wconf 91' lang='lat' dir='ltr'><strong>sese</strong></span> <span class='ocrx_word' id='word_1_564' title='bbox 2483 1242 2798 1303; x_wconf 88' lang='lat' dir='ltr'><strong>attemperat</strong></span> <span class='ocrx_word' id='word_1_565' title='bbox 2823 1279 2838 1304; x_wconf 92' lang='lat'><strong>,</strong></span> <span class='ocrx_word' id='word_1_566' title='bbox 2861 1240 3261 1314; x_wconf 84' lang='lat' dir='ltr'><strong>videntiumquc</strong></span> <span class='ocrx_word' id='word_1_567' title='bbox 3288 1227 3568 1306; x_wconf 75' lang='lat' dir='ltr'><strong>infirmita-</strong></span> 
     </span>
    </p>
   </div>
   <div class='ocr_carea' id='block_1_72' title="bbox 1980 1313 3566 1406">
    <p class='ocr_par' dir='ltr' id='par_1_72' title="bbox 1980 1313 3566 1406">
     <span class='ocr_line' id='line_1_72' title="bbox 1980 1313 3566 1406; baseline 0.019 -37"><span class='ocrx_word' id='word_1_568' title='bbox 1980 1317 2016 1369; x_wconf 91' lang='lat' dir='ltr'><strong>ti</strong></span> <span class='ocrx_word' id='word_1_569' title='bbox 2049 1313 2167 1373; x_wconf 77' lang='lat' dir='ltr'><strong>sese</strong></span> <span class='ocrx_word' id='word_1_570' title='bbox 2188 1322 2572 1377; x_wconf 88' lang='lat' dir='ltr'><strong>accommodat.</strong></span> <span class='ocrx_word' id='word_1_571' title='bbox 2603 1325 2752 1392; x_wconf 88' lang='lat' dir='ltr'><strong>Quod</strong></span> <span class='ocrx_word' id='word_1_572' title='bbox 2772 1339 2947 1383; x_wconf 89' lang='lat' dir='ltr'><strong>autem</strong></span> <span class='ocrx_word' id='word_1_573' title='bbox 2965 1313 3566 1406; x_wconf 85' lang='lat' dir='ltr'><strong>peratlemperationem</strong></span> 
     </span>
    </p>
   </div>
   <div class='ocr_carea' id='block_1_73' title="bbox 1979 1407 3566 1494">
    <p class='ocr_par' dir='ltr' id='par_1_73' title="bbox 1979 1407 3566 1494">
     <span class='ocr_line' id='line_1_73' title="bbox 1979 1407 3566 1494; baseline 0.018 -34"><span class='ocrx_word' id='word_1_574' title='bbox 1979 1408 2150 1474; x_wconf 81' lang='lat' dir='ltr'><strong>ﬁeret,</strong></span> <span class='ocrx_word' id='word_1_575' title='bbox 2181 1426 2244 1465; x_wconf 82' lang='lat' dir='ltr'><strong>ex</strong></span> <span class='ocrx_word' id='word_1_576' title='bbox 2276 1413 2403 1480; x_wconf 76' lang='lat' dir='ltr'><strong>ipsis</strong></span> <span class='ocrx_word' id='word_1_577' title='bbox 2431 1415 2606 1469; x_wconf 79' lang='lat' dir='ltr'><strong>verbis</strong></span> <span class='ocrx_word' id='word_1_578' title='bbox 2641 1419 2809 1484; x_wconf 86' lang='lat' dir='ltr'><strong>palam</strong></span> <span class='ocrx_word' id='word_1_579' title='bbox 2845 1407 2926 1475; x_wconf 70' lang='grc' dir='ltr'>θὲι</span> <span class='ocrx_word' id='word_1_580' title='bbox 2952 1441 2966 1477; x_wconf 90' lang='lat'><strong>:</strong></span> <span class='ocrx_word' id='word_1_581' title='bbox 2995 1441 3114 1477; x_wconf 90' lang='lat' dir='ltr'><strong>nam</strong></span> <span class='ocrx_word' id='word_1_582' title='bbox 3145 1429 3219 1482; x_wconf 89' lang='lat' dir='ltr'><strong>ait</strong></span> <span class='ocrx_word' id='word_1_583' title='bbox 3246 1470 3261 1494; x_wconf 92' lang='lat'><strong>,</strong></span> <span class='ocrx_word' id='word_1_584' title='bbox 3317 1430 3426 1485; x_wconf 84' lang='lat' dir='ltr'><strong>Vidi</strong></span> <span class='ocrx_word' id='word_1_585' title='bbox 3461 1436 3566 1489; x_wconf 75' lang='grc' dir='ltr'><strong>Ρο-</strong></span> 
     </span>
    </p>
   </div>
   <div class='ocr_carea' id='block_1_74' title="bbox 1977 1500 3561 1579">
    <p class='ocr_par' dir='ltr' id='par_1_74' title="bbox 1977 1500 3561 1579">
     <span class='ocr_line' id='line_1_74' title="bbox 1977 1500 3561 1579; baseline 0.019 -30"><span class='ocrx_word' id='word_1_586' title='bbox 1977 1500 2167 1551; x_wconf 79' lang='lat' dir='ltr'><strong>minam</strong></span> <span class='ocrx_word' id='word_1_587' title='bbox 2202 1502 2452 1556; x_wconf 86' lang='lat' dir='ltr'><strong>sedentem</strong></span> <span class='ocrx_word' id='word_1_588' title='bbox 2491 1521 2643 1575; x_wconf 85' lang='lat' dir='ltr'><strong>super</strong></span> <span class='ocrx_word' id='word_1_589' title='bbox 2686 1509 2922 1564; x_wconf 85' lang='lat' dir='ltr'><strong>thronum</strong></span> <span class='ocrx_word' id='word_1_590' title='bbox 2949 1519 3196 1571; x_wconf 78' lang='lat' dir='ltr'><strong>excelsum</strong></span> <span class='ocrx_word' id='word_1_591' title='bbox 3225 1529 3270 1572; x_wconf 81' lang='lat' dir='ltr'><strong>et</strong></span> <span class='ocrx_word' id='word_1_592' title='bbox 3299 1522 3561 1579; x_wconf 81' lang='lat' dir='ltr'><strong>eleuatum.</strong></span> 
     </span>
    </p>
   </div>
   <div class='ocr_carea' id='block_1_75' title="bbox 1979 1588 3561 1682">
    <p class='ocr_par' dir='ltr' id='par_1_75' title="bbox 1979 1588 3561 1682">
     <span class='ocr_line' id='line_1_75' title="bbox 1979 1588 3561 1682; baseline 0.016 -41"><span class='ocrx_word' id='word_1_593' title='bbox 1979 1588 2117 1643; x_wconf 90' lang='lat' dir='ltr'><strong>Deus</strong></span> <span class='ocrx_word' id='word_1_594' title='bbox 2143 1601 2320 1646; x_wconf 89' lang='lat' dir='ltr'><strong>autem</strong></span> <span class='ocrx_word' id='word_1_595' title='bbox 2365 1609 2470 1647; x_wconf 87' lang='lat' dir='ltr'><strong>non</strong></span> <span class='ocrx_word' id='word_1_596' title='bbox 2511 1597 2694 1663; x_wconf 89' lang='lat' dir='ltr'><strong>sedet,</strong></span> <span class='ocrx_word' id='word_1_597' title='bbox 2717 1603 2956 1668; x_wconf 82' lang='lat' dir='ltr'><strong>corporis</strong></span> <span class='ocrx_word' id='word_1_598' title='bbox 2983 1620 3125 1660; x_wconf 80' lang='lat' dir='ltr'><strong>enim</strong></span> <span class='ocrx_word' id='word_1_599' title='bbox 3171 1607 3256 1663; x_wconf 91' lang='lat' dir='ltr'><strong>hic</strong></span> <span class='ocrx_word' id='word_1_600' title='bbox 3281 1612 3416 1666; x_wconf 89' lang='lat' dir='ltr'><strong>situs</strong></span> <span class='ocrx_word' id='word_1_601' title='bbox 3444 1592 3561 1682; x_wconf 64' lang='lat' dir='ltr'><strong>est;</strong></span> 
     </span>
    </p>
   </div>
   <div class='ocr_carea' id='block_1_76' title="bbox 1974 1683 3561 1776">
    <p class='ocr_par' dir='ltr' id='par_1_76' title="bbox 1974 1683 3561 1776">
     <span class='ocr_line' id='line_1_76' title="bbox 1974 1683 3561 1776; baseline 0.018 -45"><span class='ocrx_word' id='word_1_602' title='bbox 1974 1697 2131 1750; x_wconf 86' lang='lat' dir='ltr'><strong>super</strong></span> <span class='ocrx_word' id='word_1_603' title='bbox 2159 1683 2394 1737; x_wconf 86' lang='lat' dir='ltr'><strong>thronum</strong></span> <span class='ocrx_word' id='word_1_604' title='bbox 2419 1701 2439 1749; x_wconf 86' lang='lat'><strong><em>;</em></strong></span> <span class='ocrx_word' id='word_1_605' title='bbox 2462 1695 2519 1740; x_wconf 91' lang='lat' dir='ltr'><strong>at</strong></span> <span class='ocrx_word' id='word_1_606' title='bbox 2541 1689 2680 1743; x_wconf 92' lang='lat' dir='ltr'><strong>Deus</strong></span> <span class='ocrx_word' id='word_1_607' title='bbox 2708 1691 2760 1745; x_wconf 91' lang='lat' dir='ltr'><strong>in</strong></span> <span class='ocrx_word' id='word_1_608' title='bbox 2802 1693 2996 1748; x_wconf 91' lang='lat' dir='ltr'><strong>throno</strong></span> <span class='ocrx_word' id='word_1_609' title='bbox 3023 1699 3286 1755; x_wconf 86' lang='lat' dir='ltr'><strong>contineri</strong></span> <span class='ocrx_word' id='word_1_610' title='bbox 3327 1707 3514 1776; x_wconf 86' lang='lat' dir='ltr'><strong>nequit</strong></span> <span class='ocrx_word' id='word_1_611' title='bbox 3544 1749 3561 1775; x_wconf 89' lang='lat'><strong>,</strong></span> 
     </span>
    </p>
   </div>
   <div class='ocr_carea' id='block_1_77' title="bbox 1975 1774 3564 1853">
    <p class='ocr_par' dir='ltr' id='par_1_77' title="bbox 1975 1774 3564 1853">
     <span class='ocr_line' id='line_1_77' title="bbox 1975 1774 3564 1853; baseline 0.018 -29"><span class='ocrx_word' id='word_1_612' title='bbox 1975 1786 2174 1826; x_wconf 86' lang='lat' dir='ltr'><strong>numen</strong></span> <span class='ocrx_word' id='word_1_613' title='bbox 2200 1774 2394 1844; x_wconf 92' lang='lat' dir='ltr'><strong>quippe</strong></span> <span class='ocrx_word' id='word_1_614' title='bbox 2421 1777 2936 1851; x_wconf 90' lang='lat' dir='ltr'><strong>incircumscriptum</strong></span> <span class='ocrx_word' id='word_1_615' title='bbox 2975 1797 3075 1842; x_wconf 85' lang='lat' dir='ltr'><strong>est.</strong></span> <span class='ocrx_word' id='word_1_616' title='bbox 3109 1791 3358 1848; x_wconf 80' lang='lat' dir='ltr'><strong>Attamen</strong></span> <span class='ocrx_word' id='word_1_617' title='bbox 3379 1774 3458 1850; x_wconf 84' lang='lat' dir='ltr'><strong>sic</strong></span> <span class='ocrx_word' id='word_1_618' title='bbox 3479 1806 3564 1853; x_wconf 87' lang='lat' dir='ltr'><strong>at-</strong></span> 
     </span>
    </p>
   </div>
   <div class='ocr_carea' id='block_1_78' title="bbox 1977 1866 3560 1956">
    <p class='ocr_par' dir='ltr' id='par_1_78' title="bbox 1977 1866 3560 1956">
     <span class='ocr_line' id='line_1_78' title="bbox 1977 1866 3560 1956; baseline 0.021 -42"><span class='ocrx_word' id='word_1_619' title='bbox 1977 1872 2326 1932; x_wconf 86' lang='lat' dir='ltr'><strong>temperatum</strong></span> <span class='ocrx_word' id='word_1_620' title='bbox 2349 1866 2489 1924; x_wconf 83' lang='lat' dir='ltr'><strong>ferre</strong></span> <span class='ocrx_word' id='word_1_621' title='bbox 2512 1886 2616 1925; x_wconf 89' lang='lat' dir='ltr'><strong>non</strong></span> <span class='ocrx_word' id='word_1_622' title='bbox 2647 1882 2894 1941; x_wconf 82' lang='lat' dir='ltr'><strong>poterant</strong></span> <span class='ocrx_word' id='word_1_623' title='bbox 2921 1919 2933 1941; x_wconf 91' lang='lat'><strong>,</strong></span> <span class='ocrx_word' id='word_1_624' title='bbox 2962 1895 3284 1953; x_wconf 83' lang='lat' dir='ltr'><strong>quamquam</strong></span> <span class='ocrx_word' id='word_1_625' title='bbox 3315 1893 3560 1956; x_wconf 83' lang='lat' dir='ltr'><strong>proxime</strong></span> 
     </span>
    </p>
   </div>
   <div class='ocr_carea' id='block_1_79' title="bbox 1973 1956 3565 2048">
    <p class='ocr_par' dir='ltr' id='par_1_79' title="bbox 1973 1956 3565 2048">
     <span class='ocr_line' id='line_1_79' title="bbox 1973 1956 3565 2048; baseline 0.021 -43"><span class='ocrx_word' id='word_1_626' title='bbox 1973 1962 2176 2008; x_wconf 90' lang='lat' dir='ltr'><strong>starent</strong></span> <span class='ocrx_word' id='word_1_627' title='bbox 2209 1973 2223 2008; x_wconf 89' lang='lat'><strong><em>:</em></strong></span> <span class='ocrx_word' id='word_1_628' title='bbox 2260 1956 2532 2030; x_wconf 87' lang='lat' dir='ltr'><strong>Seraphim</strong></span> <span class='ocrx_word' id='word_1_629' title='bbox 2559 1965 2702 2018; x_wconf 90' lang='lat' dir='ltr'><strong>enim</strong></span> <span class='ocrx_word' id='word_1_630' title='bbox 2731 1966 2931 2021; x_wconf 86' lang='lat' dir='ltr'><strong>stabant</strong></span> <span class='ocrx_word' id='word_1_631' title='bbox 2955 1970 3007 2024; x_wconf 87' lang='lat' dir='ltr'><strong>in</strong></span> <span class='ocrx_word' id='word_1_632' title='bbox 3031 1973 3242 2028; x_wconf 82' lang='lat' dir='ltr'><strong>circuitu</strong></span> <span class='ocrx_word' id='word_1_633' title='bbox 3264 1979 3393 2048; x_wconf 65' lang='lat' dir='ltr'><strong>eius.</strong></span> <span class='ocrx_word' id='word_1_634' title='bbox 3437 1983 3565 2040; x_wconf 91' lang='lat' dir='ltr'><strong>ldeo</strong></span> 
     </span>
    </p>
   </div>
   <div class='ocr_carea' id='block_1_80' title="bbox 1975 2048 3562 2140">
    <p class='ocr_par' dir='ltr' id='par_1_80' title="bbox 1975 2048 3562 2140">
     <span class='ocr_line' id='line_1_80' title="bbox 1975 2048 3562 2140; baseline 0.022 -44"><span class='ocrx_word' id='word_1_635' title='bbox 1975 2058 2105 2140; x_wconf 55' lang='lat' dir='ltr'><strong>vero</strong></span> <span class='ocrx_word' id='word_1_636' title='bbox 2136 2048 2364 2104; x_wconf 88' lang='lat' dir='ltr'><strong>maxime</strong></span> <span class='ocrx_word' id='word_1_637' title='bbox 2384 2051 2565 2108; x_wconf 87' lang='lat' dir='ltr'><strong>videre</strong></span> <span class='ocrx_word' id='word_1_638' title='bbox 2595 2071 2698 2109; x_wconf 92' lang='lat' dir='ltr'><strong>non</strong></span> <span class='ocrx_word' id='word_1_639' title='bbox 2732 2067 3004 2127; x_wconf 87' lang='lat' dir='ltr'><strong>poterant,</strong></span> <span class='ocrx_word' id='word_1_640' title='bbox 3044 2067 3165 2134; x_wconf 80' lang='lat' dir='ltr'><strong>quia</strong></span> <span class='ocrx_word' id='word_1_641' title='bbox 3193 2084 3362 2140; x_wconf 86' lang='lat' dir='ltr'><strong>prope</strong></span> <span class='ocrx_word' id='word_1_642' title='bbox 3386 2086 3562 2131; x_wconf 87' lang='lat' dir='ltr'><strong>erant.</strong></span> 
     </span>
    </p>
   </div>
   <div class='ocr_carea' id='block_1_81' title="bbox 1973 2131 3569 2234">
    <p class='ocr_par' dir='ltr' id='par_1_81' title="bbox 1973 2131 3569 2234">
     <span class='ocr_line' id='line_1_81' title="bbox 1973 2131 3569 2234; baseline 0.021 -49"><span class='ocrx_word' id='word_1_643' title='bbox 1973 2131 2145 2234; x_wconf 84' lang='lat' dir='ltr'><strong>Pmpe</strong></span> <span class='ocrx_word' id='word_1_644' title='bbox 2173 2146 2374 2234; x_wconf 80' lang='lat' dir='ltr'><strong>autem,</strong></span> <span class='ocrx_word' id='word_1_645' title='bbox 2409 2142 2596 2234; x_wconf 83' lang='lat' dir='ltr'><strong>inquit,</strong></span> <span class='ocrx_word' id='word_1_646' title='bbox 2620 2161 2726 2199; x_wconf 88' lang='lat' dir='ltr'><strong>non</strong></span> <span class='ocrx_word' id='word_1_647' title='bbox 2757 2147 2910 2215; x_wconf 85' lang='lat' dir='ltr'><strong>loco;</strong></span> <span class='ocrx_word' id='word_1_648' title='bbox 2940 2153 3034 2207; x_wconf 88' lang='lat' dir='ltr'><strong>sed</strong></span> <span class='ocrx_word' id='word_1_649' title='bbox 3060 2131 3369 2216; x_wconf 50' lang='lat' dir='ltr'><strong>cum-vellet</strong></span> <span class='ocrx_word' id='word_1_650' title='bbox 3391 2162 3569 2234; x_wconf 51' lang='lat' dir='ltr'><strong>Spirk</strong></span> 
     </span>
    </p>
   </div>
   <div class='ocr_carea' id='block_1_82' title="bbox 1973 2229 3565 2323">
    <p class='ocr_par' dir='ltr' id='par_1_82' title="bbox 1973 2229 3565 2323">
     <span class='ocr_line' id='line_1_82' title="bbox 1973 2229 3565 2323; baseline 0.023 -49"><span class='ocrx_word' id='word_1_651' title='bbox 1973 2230 2058 2276; x_wconf 88' lang='lat' dir='ltr'><strong>tus</strong></span> <span class='ocrx_word' id='word_1_652' title='bbox 2078 2235 2296 2323; x_wconf 74' lang='lat' dir='ltr'><strong>sanctus</strong></span> <span class='ocrx_word' id='word_1_653' title='bbox 2325 2229 2596 2286; x_wconf 87' lang='lat' dir='ltr'><strong>declarare</strong></span> <span class='ocrx_word' id='word_1_654' title='bbox 2624 2276 2638 2299; x_wconf 92' lang='lat'><strong>,</strong></span> <span class='ocrx_word' id='word_1_655' title='bbox 2672 2235 2788 2290; x_wconf 87' lang='lat' dir='ltr'><strong>illas</strong></span> <span class='ocrx_word' id='word_1_656' title='bbox 2823 2238 3057 2296; x_wconf 89' lang='lat' dir='ltr'><strong>Virtutes</strong></span> <span class='ocrx_word' id='word_1_657' title='bbox 3083 2248 3184 2301; x_wconf 89' lang='lat' dir='ltr'><strong>etsi</strong></span> <span class='ocrx_word' id='word_1_658' title='bbox 3218 2229 3565 2323; x_wconf 76' lang='lat' dir='ltr'><strong>propinquio-</strong></span> 
     </span>
    </p>
   </div>
   <div class='ocr_carea' id='block_1_83' title="bbox 1972 2315 3563 2412">
    <p class='ocr_par' dir='ltr' id='par_1_83' title="bbox 1972 2315 3563 2412">
     <span class='ocr_line' id='line_1_83' title="bbox 1972 2315 3563 2412; baseline 0.023 -48"><span class='ocrx_word' id='word_1_659' title='bbox 1972 2326 2060 2366; x_wconf 89' lang='lat' dir='ltr'><strong>res</strong></span> <span class='ocrx_word' id='word_1_660' title='bbox 2104 2315 2260 2368; x_wconf 82' lang='lat' dir='ltr'><strong>nobis</strong></span> <span class='ocrx_word' id='word_1_661' title='bbox 2302 2331 2480 2373; x_wconf 78' lang='lat' dir='ltr'><strong>essent</strong></span> <span class='ocrx_word' id='word_1_662' title='bbox 2510 2323 2582 2376; x_wconf 88' lang='lat' dir='ltr'><strong>illi</strong></span> <span class='ocrx_word' id='word_1_663' title='bbox 2626 2325 2972 2394; x_wconf 69' lang='lat' dir='ltr'><strong>substantiae,</strong></span> <span class='ocrx_word' id='word_1_664' title='bbox 3022 2349 3127 2389; x_wconf 90' lang='lat' dir='ltr'><strong>non</strong></span> <span class='ocrx_word' id='word_1_665' title='bbox 3170 2315 3348 2396; x_wconf 76' lang='lat' dir='ltr'><strong>tamen</strong></span> <span class='ocrx_word' id='word_1_666' title='bbox 3394 2315 3563 2412; x_wconf 75' lang='lat' dir='ltr'><strong>ipsam</strong></span> 
     </span>
    </p>
   </div>
   <div class='ocr_carea' id='block_1_84' title="bbox 1972 2401 3563 2490">
    <p class='ocr_par' dir='ltr' id='par_1_84' title="bbox 1972 2401 3563 2490">
     <span class='ocr_line' id='line_1_84' title="bbox 1972 2401 3563 2490; baseline 0.023 -37"><span class='ocrx_word' id='word_1_667' title='bbox 1972 2401 2154 2457; x_wconf 90' lang='lat' dir='ltr'><strong>videre</strong></span> <span class='ocrx_word' id='word_1_668' title='bbox 2178 2407 2432 2475; x_wconf 89' lang='lat' dir='ltr'><strong>potuisse,</strong></span> <span class='ocrx_word' id='word_1_669' title='bbox 2467 2411 2666 2468; x_wconf 89' lang='lat' dir='ltr'><strong>idcirco</strong></span> <span class='ocrx_word' id='word_1_670' title='bbox 2700 2417 2816 2472; x_wconf 85' lang='lat' dir='ltr'><strong>ait:</strong></span> <span class='ocrx_word' id='word_1_671' title='bbox 2850 2420 3123 2490; x_wconf 73' lang='lat' dir='ltr'><strong>Seraphin:</strong></span> <span class='ocrx_word' id='word_1_672' title='bbox 3159 2430 3359 2484; x_wconf 85' lang='lat' dir='ltr'><strong>stabant</strong></span> <span class='ocrx_word' id='word_1_673' title='bbox 3386 2401 3438 2486; x_wconf 78' lang='lat' dir='ltr'><strong>in</strong></span> <span class='ocrx_word' id='word_1_674' title='bbox 3459 2435 3563 2489; x_wconf 85' lang='lat' dir='ltr'><strong>cir-</strong></span> 
     </span>
    </p>
   </div>
   <div class='ocr_carea' id='block_1_85' title="bbox 1971 2496 3566 2594">
    <p class='ocr_par' dir='ltr' id='par_1_85' title="bbox 1971 2496 3566 2594">
     <span class='ocr_line' id='line_1_85' title="bbox 1971 2496 3566 2594; baseline 0.024 -49"><span class='ocrx_word' id='word_1_675' title='bbox 1971 2496 2119 2594; x_wconf 78' lang='lat' dir='ltr'><strong>cuitu</strong></span> <span class='ocrx_word' id='word_1_676' title='bbox 2133 2499 2241 2566; x_wconf 85' lang='lat' dir='ltr'><strong>ejus</strong></span> <span class='ocrx_word' id='word_1_677' title='bbox 2258 2516 2277 2563; x_wconf 84' lang='lat'><em>;</em></span> <span class='ocrx_word' id='word_1_678' title='bbox 2298 2517 2404 2594; x_wconf 83' lang='lat' dir='ltr'><strong>non</strong></span> <span class='ocrx_word' id='word_1_679' title='bbox 2429 2502 2603 2560; x_wconf 93' lang='lat' dir='ltr'><strong>locum</strong></span> <span class='ocrx_word' id='word_1_680' title='bbox 2633 2508 2897 2577; x_wconf 88' lang='lat' dir='ltr'><strong>indicans,</strong></span> <span class='ocrx_word' id='word_1_681' title='bbox 2929 2517 3024 2569; x_wconf 91' lang='lat' dir='ltr'><strong>sed</strong></span> <span class='ocrx_word' id='word_1_682' title='bbox 3047 2518 3147 2573; x_wconf 89' lang='lat' dir='ltr'><strong>loci</strong></span> <span class='ocrx_word' id='word_1_683' title='bbox 3173 2529 3566 2594; x_wconf 66' lang='lat' dir='ltr'><strong>propinquitate</strong></span> 
     </span>
    </p>
   </div>
   <div class='ocr_carea' id='block_1_86' title="bbox 1970 2592 3561 2689">
    <p class='ocr_par' dir='ltr' id='par_1_86' title="bbox 1970 2592 3561 2689">
     <span class='ocr_line' id='line_1_86' title="bbox 1970 2592 3561 2689; baseline 0.023 -50"><span class='ocrx_word' id='word_1_684' title='bbox 1970 2592 2249 2689; x_wconf 82' lang='lat' dir='ltr'><strong>propiores</strong></span> <span class='ocrx_word' id='word_1_685' title='bbox 2275 2593 2408 2659; x_wconf 90' lang='lat' dir='ltr'><strong>illas,</strong></span> <span class='ocrx_word' id='word_1_686' title='bbox 2432 2613 2588 2667; x_wconf 90' lang='lat' dir='ltr'><strong>quam</strong></span> <span class='ocrx_word' id='word_1_687' title='bbox 2619 2617 2716 2657; x_wconf 91' lang='lat' dir='ltr'><strong>nos</strong></span> <span class='ocrx_word' id='word_1_688' title='bbox 2734 2644 2750 2668; x_wconf 92' lang='lat'><strong>,</strong></span> <span class='ocrx_word' id='word_1_689' title='bbox 2774 2620 2892 2659; x_wconf 89' lang='lat' dir='ltr'><strong>esse</strong></span> <span class='ocrx_word' id='word_1_690' title='bbox 2919 2607 3216 2667; x_wconf 85' lang='lat' dir='ltr'><strong>declarans.</strong></span> <span class='ocrx_word' id='word_1_691' title='bbox 3253 2592 3561 2689; x_wconf 80' lang='lat' dir='ltr'><strong>lncompre-</strong></span> 
     </span>
    </p>
   </div>
   <div class='ocr_carea' id='block_1_87' title="bbox 1972 2679 3562 2781">
    <p class='ocr_par' dir='ltr' id='par_1_87' title="bbox 1972 2679 3562 2781">
     <span class='ocr_line' id='line_1_87' title="bbox 1972 2679 3562 2781; baseline 0.021 -48"><span class='ocrx_word' id='word_1_692' title='bbox 1972 2679 2297 2741; x_wconf 88' lang='lat' dir='ltr'><strong>heusihilem</strong></span> <span class='ocrx_word' id='word_1_693' title='bbox 2328 2691 2470 2744; x_wconf 90' lang='lat' dir='ltr'><strong>enim</strong></span> <span class='ocrx_word' id='word_1_694' title='bbox 2495 2691 2667 2760; x_wconf 91' lang='lat' dir='ltr'><strong>illum,</strong></span> <span class='ocrx_word' id='word_1_695' title='bbox 2701 2711 2808 2750; x_wconf 92' lang='lat' dir='ltr'><strong>non</strong></span> <span class='ocrx_word' id='word_1_696' title='bbox 2839 2709 2942 2753; x_wconf 92' lang='lat' dir='ltr'><strong>tam</strong></span> <span class='ocrx_word' id='word_1_697' title='bbox 2967 2704 3212 2759; x_wconf 85' lang='lat' dir='ltr'><strong>novimus</strong></span> <span class='ocrx_word' id='word_1_698' title='bbox 3236 2725 3369 2775; x_wconf 89' lang='lat' dir='ltr'><strong>nos,</strong></span> <span class='ocrx_word' id='word_1_699' title='bbox 3402 2679 3562 2781; x_wconf 73' lang='lat' dir='ltr'><strong>quam</strong></span> 
     </span>
    </p>
   </div>
   <div class='ocr_carea' id='block_1_88' title="bbox 1970 2775 3566 2868">
    <p class='ocr_par' dir='ltr' id='par_1_88' title="bbox 1970 2775 3566 2868">
     <span class='ocr_line' id='line_1_88' title="bbox 1970 2775 3566 2868; baseline 0.02 -41"><span class='ocrx_word' id='word_1_700' title='bbox 1970 2775 2073 2828; x_wconf 78' lang='lat' dir='ltr'><strong>illae</strong></span> <span class='ocrx_word' id='word_1_701' title='bbox 2097 2776 2352 2845; x_wconf 87' lang='lat' dir='ltr'><strong>Virtutes,</strong></span> <span class='ocrx_word' id='word_1_702' title='bbox 2380 2799 2497 2850; x_wconf 68' lang='lat' dir='ltr'><strong>quae</strong></span> <span class='ocrx_word' id='word_1_703' title='bbox 2525 2797 2725 2855; x_wconf 91' lang='lat' dir='ltr'><strong>quanto</strong></span> <span class='ocrx_word' id='word_1_704' title='bbox 2748 2792 3015 2858; x_wconf 79' lang='lat' dir='ltr'><strong>puriores,</strong></span> <span class='ocrx_word' id='word_1_705' title='bbox 3047 2805 3196 2852; x_wconf 89' lang='lat' dir='ltr'><strong>tanto</strong></span> <span class='ocrx_word' id='word_1_706' title='bbox 3210 2775 3566 2868; x_wconf 83' lang='lat' dir='ltr'><strong>sapientiores</strong></span> 
     </span>
    </p>
   </div>
   <div class='ocr_carea' id='block_1_89' title="bbox 1969 2868 3562 2958">
    <p class='ocr_par' dir='ltr' id='par_1_89' title="bbox 1969 2868 3562 2958">
     <span class='ocr_line' id='line_1_89' title="bbox 1969 2868 3562 2958; baseline 0.02 -41"><span class='ocrx_word' id='word_1_707' title='bbox 1969 2872 2024 2918; x_wconf 89' lang='lat' dir='ltr'><strong>et</strong></span> <span class='ocrx_word' id='word_1_708' title='bbox 2051 2868 2464 2936; x_wconf 87' lang='lat' dir='ltr'><strong>perspicaciores</strong></span> <span class='ocrx_word' id='word_1_709' title='bbox 2509 2873 2738 2930; x_wconf 88' lang='lat' dir='ltr'><strong>humana</strong></span> <span class='ocrx_word' id='word_1_710' title='bbox 2783 2890 2971 2937; x_wconf 87' lang='lat' dir='ltr'><strong>natura</strong></span> <span class='ocrx_word' id='word_1_711' title='bbox 3010 2896 3153 2940; x_wconf 91' lang='lat' dir='ltr'><strong>sunt.</strong></span> <span class='ocrx_word' id='word_1_712' title='bbox 3200 2889 3562 2958; x_wconf 88' lang='lat' dir='ltr'><strong>Quemadmo-</strong></span> 
     </span>
    </p>
   </div>
   <div class='ocr_carea' id='block_1_90' title="bbox 1969 2955 3562 3041">
    <p class='ocr_par' dir='ltr' id='par_1_90' title="bbox 1969 2955 3562 3041">
     <span class='ocr_line' id='line_1_90' title="bbox 1969 2955 3562 3041; baseline 0.02 -33"><span class='ocrx_word' id='word_1_713' title='bbox 1969 2955 2093 3009; x_wconf 91' lang='lat' dir='ltr'><strong>dum</strong></span> <span class='ocrx_word' id='word_1_714' title='bbox 2120 2958 2261 3012; x_wconf 91' lang='lat' dir='ltr'><strong>enim</strong></span> <span class='ocrx_word' id='word_1_715' title='bbox 2291 2962 2542 3017; x_wconf 89' lang='lat' dir='ltr'><strong>solarium</strong></span> <span class='ocrx_word' id='word_1_716' title='bbox 2587 2968 2853 3024; x_wconf 89' lang='lat' dir='ltr'><strong>radiorum</strong></span> <span class='ocrx_word' id='word_1_717' title='bbox 2897 2955 3412 3037; x_wconf 81' lang='lat' dir='ltr'><strong>inaecessibilitatem</strong></span> <span class='ocrx_word' id='word_1_718' title='bbox 3456 3002 3562 3041; x_wconf 92' lang='lat' dir='ltr'><strong>non</strong></span> 
     </span>
    </p>
   </div>
   <div class='ocr_carea' id='block_1_91' title="bbox 1971 3046 3564 3139">
    <p class='ocr_par' dir='ltr' id='par_1_91' title="bbox 1971 3046 3564 3139">
     <span class='ocr_line' id='line_1_91' title="bbox 1971 3046 3564 3139; baseline 0.021 -43"><span class='ocrx_word' id='word_1_719' title='bbox 1971 3046 2189 3139; x_wconf 81' lang='lat' dir='ltr'><strong>perinde</strong></span> <span class='ocrx_word' id='word_1_720' title='bbox 2209 3063 2382 3106; x_wconf 62' lang='lat' dir='ltr'><strong>catcus</strong></span> <span class='ocrx_word' id='word_1_721' title='bbox 2411 3062 2570 3124; x_wconf 86' lang='lat' dir='ltr'><strong>atque</strong></span> <span class='ocrx_word' id='word_1_722' title='bbox 2598 3057 2642 3110; x_wconf 92' lang='lat' dir='ltr'><strong>is</strong></span> <span class='ocrx_word' id='word_1_723' title='bbox 2671 3060 2759 3128; x_wconf 91' lang='lat' dir='ltr'><strong>qui</strong></span> <span class='ocrx_word' id='word_1_724' title='bbox 2791 3062 2930 3117; x_wconf 84' lang='lat' dir='ltr'><strong>videt</strong></span> <span class='ocrx_word' id='word_1_725' title='bbox 2960 3081 3151 3133; x_wconf 86' lang='lat' dir='ltr'><strong>capere</strong></span> <span class='ocrx_word' id='word_1_726' title='bbox 3181 3078 3379 3139; x_wconf 86' lang='lat' dir='ltr'><strong>potest,</strong></span> <span class='ocrx_word' id='word_1_727' title='bbox 3410 3075 3478 3127; x_wconf 89' lang='lat' dir='ltr'><strong>ita</strong></span> <span class='ocrx_word' id='word_1_728' title='bbox 3511 3088 3564 3130; x_wconf 89' lang='lat' dir='ltr'><strong>et</strong></span> 
     </span>
    </p>
   </div>
   <div class='ocr_carea' id='block_1_92' title="bbox 1971 3136 3563 3236">
    <p class='ocr_par' dir='ltr' id='par_1_92' title="bbox 1971 3136 3563 3236">
     <span class='ocr_line' id='line_1_92' title="bbox 1971 3136 3563 3236; baseline 0.021 -47"><span class='ocrx_word' id='word_1_729' title='bbox 1971 3136 2066 3236; x_wconf 74' lang='lat' dir='ltr'><strong>Dei</strong></span> <span class='ocrx_word' id='word_1_730' title='bbox 2118 3138 2806 3208; x_wconf 84' lang='lat' dir='ltr'><strong>incomprehensibilitatem</strong></span> <span class='ocrx_word' id='word_1_731' title='bbox 2849 3170 2951 3206; x_wconf 90' lang='lat' dir='ltr'><strong>non</strong></span> <span class='ocrx_word' id='word_1_732' title='bbox 2997 3136 3219 3226; x_wconf 85' lang='lat' dir='ltr'><strong>perinde</strong></span> <span class='ocrx_word' id='word_1_733' title='bbox 3260 3178 3356 3216; x_wconf 89' lang='lat' dir='ltr'><strong>nos</strong></span> <span class='ocrx_word' id='word_1_734' title='bbox 3401 3175 3563 3236; x_wconf 89' lang='lat' dir='ltr'><strong>atque</strong></span> 
     </span>
    </p>
   </div>
   <div class='ocr_carea' id='block_1_93' title="bbox 1969 3227 3559 3311">
    <p class='ocr_par' dir='ltr' id='par_1_93' title="bbox 1969 3227 3559 3311">
     <span class='ocr_line' id='line_1_93' title="bbox 1969 3227 3559 3311; baseline 0.019 -30"><span class='ocrx_word' id='word_1_735' title='bbox 1969 3227 2075 3281; x_wconf 73' lang='lat' dir='ltr'><strong>illa:</strong></span> <span class='ocrx_word' id='word_1_736' title='bbox 2106 3232 2369 3287; x_wconf 87' lang='lat' dir='ltr'><strong>novimus.</strong></span> <span class='ocrx_word' id='word_1_737' title='bbox 2402 3235 2665 3301; x_wconf 88' lang='lat' dir='ltr'><strong>Quantmn</strong></span> <span class='ocrx_word' id='word_1_738' title='bbox 2713 3245 2853 3296; x_wconf 90' lang='lat' dir='ltr'><strong>enim</strong></span> <span class='ocrx_word' id='word_1_739' title='bbox 2901 3245 3188 3303; x_wconf 87' lang='lat' dir='ltr'><strong>discrimen</strong></span> <span class='ocrx_word' id='word_1_740' title='bbox 3233 3262 3315 3305; x_wconf 93' lang='lat' dir='ltr'><strong>est</strong></span> <span class='ocrx_word' id='word_1_741' title='bbox 3358 3227 3559 3311; x_wconf 56' lang='lat' dir='ltr'><strong>carum</strong></span> 
     </span>
    </p>
   </div>
   <div class='ocr_carea' id='block_1_94' title="bbox 1971 3321 3559 3404">
    <p class='ocr_par' dir='ltr' id='par_1_94' title="bbox 1971 3321 3559 3404">
     <span class='ocr_line' id='line_1_94' title="bbox 1971 3321 3559 3404; baseline 0.02 -31"><span class='ocrx_word' id='word_1_742' title='bbox 1971 3321 2108 3375; x_wconf 90' lang='lat' dir='ltr'><strong>inter</strong></span> <span class='ocrx_word' id='word_1_743' title='bbox 2131 3333 2186 3377; x_wconf 93' lang='lat' dir='ltr'><strong>et</strong></span> <span class='ocrx_word' id='word_1_744' title='bbox 2217 3326 2478 3382; x_wconf 78' lang='lat' dir='ltr'><strong>videntem</strong></span> <span class='ocrx_word' id='word_1_745' title='bbox 2506 3371 2520 3394; x_wconf 95' lang='lat'><strong>,</strong></span> <span class='ocrx_word' id='word_1_746' title='bbox 2558 3343 2700 3386; x_wconf 86' lang='lat' dir='ltr'><strong>tanta</strong></span> <span class='ocrx_word' id='word_1_747' title='bbox 2729 3348 2825 3392; x_wconf 81' lang='lat' dir='ltr'><strong>.est</strong></span> <span class='ocrx_word' id='word_1_748' title='bbox 2856 3339 2994 3391; x_wconf 89' lang='lat' dir='ltr'><strong>inter</strong></span> <span class='ocrx_word' id='word_1_749' title='bbox 3024 3358 3119 3394; x_wconf 90' lang='lat' dir='ltr'><strong>nos</strong></span> <span class='ocrx_word' id='word_1_750' title='bbox 3166 3353 3219 3397; x_wconf 91' lang='lat' dir='ltr'><strong>et</strong></span> <span class='ocrx_word' id='word_1_751' title='bbox 3248 3345 3364 3400; x_wconf 85' lang='lat' dir='ltr'><strong>illas</strong></span> <span class='ocrx_word' id='word_1_752' title='bbox 3406 3349 3559 3404; x_wconf 83' lang='lat' dir='ltr'><strong>dill&#39;e-</strong></span> 
     </span>
    </p>
   </div>
   <div class='ocr_carea' id='block_1_95' title="bbox 1969 3415 3562 3500">
    <p class='ocr_par' dir='ltr' id='par_1_95' title="bbox 1969 3415 3562 3500">
     <span class='ocr_line' id='line_1_95' title="bbox 1969 3415 3562 3500; baseline 0.018 -36"><span class='ocrx_word' id='word_1_753' title='bbox 1969 3415 2154 3466; x_wconf 89' lang='lat' dir='ltr'><strong>rentia.</strong></span> <span class='ocrx_word' id='word_1_754' title='bbox 2192 3416 2371 3486; x_wconf 88' lang='lat' dir='ltr'><strong>Itaque</strong></span> <span class='ocrx_word' id='word_1_755' title='bbox 2398 3421 2517 3474; x_wconf 87' lang='lat' dir='ltr'><strong>licet</strong></span> <span class='ocrx_word' id='word_1_756' title='bbox 2539 3425 2853 3493; x_wconf 82' lang='lat' dir='ltr'><strong>prophetam</strong></span> <span class='ocrx_word' id='word_1_757' title='bbox 2884 3430 3072 3484; x_wconf 88' lang='lat' dir='ltr'><strong>audias</strong></span> <span class='ocrx_word' id='word_1_758' title='bbox 3103 3433 3406 3500; x_wconf 87' lang='lat' dir='ltr'><strong>dicentem,</strong></span> <span class='ocrx_word' id='word_1_759' title='bbox 3446 3435 3562 3492; x_wconf 82' lang='lat' dir='ltr'><strong>Vidi</strong></span> 
     </span>
    </p>
   </div>
   <div class='ocr_carea' id='block_1_96' title="bbox 1970 3502 3559 3595">
    <p class='ocr_par' dir='ltr' id='par_1_96' title="bbox 1970 3502 3559 3595">
     <span class='ocr_line' id='line_1_96' title="bbox 1970 3502 3559 3595; baseline 0.018 -41"><span class='ocrx_word' id='word_1_760' title='bbox 1970 3502 2339 3567; x_wconf 78' lang='lat' dir='ltr'><strong>Dominum.nc</strong></span> <span class='ocrx_word' id='word_1_761' title='bbox 2365 3515 2649 3582; x_wconf 57' lang='lat' dir='ltr'><strong>suspiceris</strong></span> <span class='ocrx_word' id='word_1_762' title='bbox 2668 3532 2789 3570; x_wconf 89' lang='lat' dir='ltr'><strong>eum</strong></span> <span class='ocrx_word' id='word_1_763' title='bbox 2815 3519 3007 3574; x_wconf 77' lang='lat' dir='ltr'><strong>vidisse</strong></span> <span class='ocrx_word' id='word_1_764' title='bbox 3020 3524 3370 3580; x_wconf 85' lang='lat' dir='ltr'><strong>substantiam</strong></span> <span class='ocrx_word' id='word_1_765' title='bbox 3393 3528 3559 3595; x_wconf 86' lang='lat' dir='ltr'><strong>illam,</strong></span> 
     </span>
    </p>
   </div>
   <div class='ocr_carea' id='block_1_97' title="bbox 1969 3597 3556 3687">
    <p class='ocr_par' dir='ltr' id='par_1_97' title="bbox 1969 3597 3556 3687">
     <span class='ocr_line' id='line_1_97' title="bbox 1969 3597 3556 3687; baseline 0.016 -39"><span class='ocrx_word' id='word_1_766' title='bbox 1969 3597 2060 3649; x_wconf 91' lang='lat' dir='ltr'><strong>sed</strong></span> <span class='ocrx_word' id='word_1_767' title='bbox 2101 3604 2502 3667; x_wconf 88' lang='lat' dir='ltr'><strong>attemperantis</strong></span> <span class='ocrx_word' id='word_1_768' title='bbox 2546 3621 2605 3658; x_wconf 91' lang='lat' dir='ltr'><strong>se</strong></span> <span class='ocrx_word' id='word_1_769' title='bbox 2648 3608 2869 3662; x_wconf 80' lang='lat' dir='ltr'><strong>formam</strong></span> <span class='ocrx_word' id='word_1_770' title='bbox 2903 3650 2918 3676; x_wconf 94' lang='lat'><strong>,</strong></span> <span class='ocrx_word' id='word_1_771' title='bbox 2967 3628 3192 3683; x_wconf 79' lang='lat' dir='ltr'><strong>eamque</strong></span> <span class='ocrx_word' id='word_1_772' title='bbox 3230 3618 3510 3673; x_wconf 90' lang='lat' dir='ltr'><strong>obscurius</strong></span> <span class='ocrx_word' id='word_1_773' title='bbox 3541 3662 3556 3687; x_wconf 90' lang='lat'><strong>,</strong></span> 
     </span>
    </p>
   </div>
   <div class='ocr_carea' id='block_1_98' title="bbox 1969 3696 3559 3767">
    <p class='ocr_par' dir='ltr' id='par_1_98' title="bbox 1969 3696 3559 3767">
     <span class='ocr_line' id='line_1_98' title="bbox 1969 3696 3559 3767; baseline 0.016 -26"><span class='ocrx_word' id='word_1_774' title='bbox 1969 3705 2127 3758; x_wconf 76' lang='lat' dir='ltr'><strong>quam</strong></span> <span class='ocrx_word' id='word_1_775' title='bbox 2169 3707 2414 3761; x_wconf 78' lang='lat' dir='ltr'><strong>supernae</strong></span> <span class='ocrx_word' id='word_1_776' title='bbox 2450 3696 2683 3753; x_wconf 83' lang='lat' dir='ltr'><strong>Virtutes</strong></span> <span class='ocrx_word' id='word_1_777' title='bbox 2731 3714 2992 3756; x_wconf 83' lang='lat' dir='ltr'><strong>cernant:</strong></span> <span class='ocrx_word' id='word_1_778' title='bbox 3029 3721 3132 3760; x_wconf 91' lang='lat' dir='ltr'><strong>non</strong></span> <span class='ocrx_word' id='word_1_779' title='bbox 3175 3717 3378 3763; x_wconf 89' lang='lat' dir='ltr'><strong>tantum</strong></span> <span class='ocrx_word' id='word_1_780' title='bbox 3415 3712 3559 3767; x_wconf 89' lang='lat' dir='ltr'><strong>enim</strong></span> 
     </span>
    </p>
   </div>
   <div class='ocr_carea' id='block_1_99' title="bbox 1970 3783 2998 3856">
    <p class='ocr_par' dir='ltr' id='par_1_99' title="bbox 1970 3783 2998 3856">
     <span class='ocr_line' id='line_1_99' title="bbox 1970 3783 2998 3856; baseline 0.014 -22"><span class='ocrx_word' id='word_1_781' title='bbox 1970 3783 2147 3836; x_wconf 88' lang='lat' dir='ltr'><strong>videre</strong></span> <span class='ocrx_word' id='word_1_782' title='bbox 2181 3787 2366 3852; x_wconf 88' lang='lat' dir='ltr'><strong>potuit,</strong></span> <span class='ocrx_word' id='word_1_783' title='bbox 2396 3799 2650 3856; x_wconf 87' lang='lat' dir='ltr'><strong>quantum</strong></span> <span class='ocrx_word' id='word_1_784' title='bbox 2689 3793 2998 3848; x_wconf 87' lang='lat' dir='ltr'><strong>Cherubim.</strong></span> 
     </span>
    </p>
   </div>
   <div class='ocr_carea' id='block_1_100' title="bbox 2039 3876 3560 3960">
    <p class='ocr_par' dir='ltr' id='par_1_100' title="bbox 2039 3876 3560 3960">
     <span class='ocr_line' id='line_1_100' title="bbox 2039 3876 3560 3960; baseline 0.013 -33"><span class='ocrx_word' id='word_1_785' title='bbox 2039 3876 2092 3928; x_wconf 72' lang='grc'><strong>4.</strong></span> <span class='ocrx_word' id='word_1_786' title='bbox 2138 3876 2304 3930; x_wconf 86' lang='lat' dir='ltr'><strong>Homo</strong></span> <span class='ocrx_word' id='word_1_787' title='bbox 2335 3895 2397 3932; x_wconf 86' lang='lat' dir='ltr'><strong>ne</strong></span> <span class='ocrx_word' id='word_1_788' title='bbox 2436 3883 2599 3950; x_wconf 85' lang='lat' dir='ltr'><strong>angeli</strong></span> <span class='ocrx_word' id='word_1_789' title='bbox 2639 3885 2838 3951; x_wconf 83' lang='lat' dir='ltr'><strong>quidem</strong></span> <span class='ocrx_word' id='word_1_790' title='bbox 2867 3886 3196 3941; x_wconf 82' lang='lat' dir='ltr'><strong>substantiam</strong></span> <span class='ocrx_word' id='word_1_791' title='bbox 3222 3892 3373 3960; x_wconf 77' lang='lat' dir='ltr'><strong>facile</strong></span> <span class='ocrx_word' id='word_1_792' title='bbox 3395 3889 3560 3947; x_wconf 79' lang='lat' dir='ltr'><strong>videre</strong></span> 
     </span>
    </p>
   </div>
   <div class='ocr_carea' id='block_1_101' title="bbox 1966 3969 3558 4050">
    <p class='ocr_par' dir='ltr' id='par_1_101' title="bbox 1966 3969 3558 4050">
     <span class='ocr_line' id='line_1_101' title="bbox 1966 3969 3558 4050; baseline 0.013 -33"><span class='ocrx_word' id='word_1_793' title='bbox 1966 3975 2144 4035; x_wconf 87' lang='lat' dir='ltr'><strong>potest.</strong></span> <span class='ocrx_word' id='word_1_794' title='bbox 2169 3998 2241 4007; x_wconf 94' lang='lat'><strong>—</strong></span> <span class='ocrx_word' id='word_1_795' title='bbox 2269 3969 2468 4039; x_wconf 85' lang='lat' dir='ltr'><strong>Ecquid</strong></span> <span class='ocrx_word' id='word_1_796' title='bbox 2490 3972 2610 4025; x_wconf 84' lang='lat' dir='ltr'><strong>dico</strong></span> <span class='ocrx_word' id='word_1_797' title='bbox 2628 3974 2693 4026; x_wconf 91' lang='lat' dir='ltr'><strong>de</strong></span> <span class='ocrx_word' id='word_1_798' title='bbox 2720 3975 2869 4028; x_wconf 85' lang='lat' dir='ltr'><strong>beata</strong></span> <span class='ocrx_word' id='word_1_799' title='bbox 2897 3977 2982 4030; x_wconf 86' lang='lat' dir='ltr'><strong>illa</strong></span> <span class='ocrx_word' id='word_1_800' title='bbox 3005 3978 3321 4045; x_wconf 86' lang='lat' dir='ltr'><strong>substantia,</strong></span> <span class='ocrx_word' id='word_1_801' title='bbox 3346 3987 3558 4050; x_wconf 79' lang='lat' dir='ltr'><strong>quando</strong></span> 
     </span>
    </p>
   </div>
   <div class='ocr_carea' id='block_1_102' title="bbox 1967 4054 3556 4136">
    <p class='ocr_par' dir='ltr' id='par_1_102' title="bbox 1967 4054 3556 4136">
     <span class='ocr_line' id='line_1_102' title="bbox 1967 4054 3556 4136; baseline 0.014 -27"><span class='ocrx_word' id='word_1_802' title='bbox 1967 4073 2034 4111; x_wconf 90' lang='lat' dir='ltr'><strong>ne</strong></span> <span class='ocrx_word' id='word_1_803' title='bbox 2061 4061 2232 4128; x_wconf 74' lang='lat' dir='ltr'><strong>angeli</strong></span> <span class='ocrx_word' id='word_1_804' title='bbox 2264 4063 2477 4128; x_wconf 89' lang='lat' dir='ltr'><strong>quidem</strong></span> <span class='ocrx_word' id='word_1_805' title='bbox 2506 4065 2854 4120; x_wconf 86' lang='lat' dir='ltr'><strong>substantiam</strong></span> <span class='ocrx_word' id='word_1_806' title='bbox 2887 4079 3059 4136; x_wconf 88' lang='lat' dir='ltr'><strong>potest</strong></span> <span class='ocrx_word' id='word_1_807' title='bbox 3095 4054 3253 4124; x_wconf 83' lang='lat' dir='ltr'><strong>homo</strong></span> <span class='ocrx_word' id='word_1_808' title='bbox 3283 4074 3450 4130; x_wconf 75' lang='lat' dir='ltr'><strong>libere</strong></span> <span class='ocrx_word' id='word_1_809' title='bbox 3478 4078 3556 4130; x_wconf 77' lang='lat' dir='ltr'><strong>vi-</strong></span> 
     </span>
    </p>
   </div>
   <div class='ocr_carea' id='block_1_103' title="bbox 1967 4151 3558 4229">
    <p class='ocr_par' dir='ltr' id='par_1_103' title="bbox 1967 4151 3558 4229">
     <span class='ocr_line' id='line_1_103' title="bbox 1967 4151 3558 4229; baseline 0.013 -26"><span class='ocrx_word' id='word_1_810' title='bbox 1967 4151 2132 4205; x_wconf 80' lang='lat' dir='ltr'><strong>dere?</strong></span> <span class='ocrx_word' id='word_1_811' title='bbox 2175 4153 2325 4217; x_wconf 88' lang='lat' dir='ltr'><strong>Quod</strong></span> <span class='ocrx_word' id='word_1_812' title='bbox 2357 4163 2415 4208; x_wconf 92' lang='lat' dir='ltr'><strong>ut</strong></span> <span class='ocrx_word' id='word_1_813' title='bbox 2455 4156 2523 4208; x_wconf 88' lang='lat' dir='ltr'><strong>ita</strong></span> <span class='ocrx_word' id='word_1_814' title='bbox 2563 4171 2683 4211; x_wconf 88' lang='lat' dir='ltr'><strong>esse</strong></span> <span class='ocrx_word' id='word_1_815' title='bbox 2714 4157 3018 4229; x_wconf 86' lang='lat' dir='ltr'><strong>intelligatis</strong></span> <span class='ocrx_word' id='word_1_816' title='bbox 3039 4203 3054 4226; x_wconf 92' lang='lat'><strong>,</strong></span> <span class='ocrx_word' id='word_1_817' title='bbox 3086 4164 3254 4217; x_wconf 83' lang='lat' dir='ltr'><strong>virum</strong></span> <span class='ocrx_word' id='word_1_818' title='bbox 3297 4167 3348 4220; x_wconf 92' lang='lat' dir='ltr'><strong>in</strong></span> <span class='ocrx_word' id='word_1_819' title='bbox 3380 4170 3558 4224; x_wconf 90' lang='lat' dir='ltr'><strong>medio</strong></span> 
     </span>
    </p>
   </div>
   <div class='ocr_carea' id='block_1_104' title="bbox 1966 4243 3554 4325">
    <p class='ocr_par' dir='ltr' id='par_1_104' title="bbox 1966 4243 3554 4325">
     <span class='ocr_line' id='line_1_104' title="bbox 1966 4243 3554 4325; baseline 0.013 -30"><span class='ocrx_word' id='word_1_820' title='bbox 1966 4243 2225 4297; x_wconf 88' lang='lat' dir='ltr'><strong>adducam</strong></span> <span class='ocrx_word' id='word_1_821' title='bbox 2260 4246 2350 4299; x_wconf 91' lang='lat' dir='ltr'><strong>Dei</strong></span> <span class='ocrx_word' id='word_1_822' title='bbox 2381 4248 2631 4310; x_wconf 87' lang='lat' dir='ltr'><strong>amicum,</strong></span> <span class='ocrx_word' id='word_1_823' title='bbox 2661 4250 2748 4317; x_wconf 93' lang='lat' dir='ltr'><strong>qui</strong></span> <span class='ocrx_word' id='word_1_824' title='bbox 2777 4251 2846 4303; x_wconf 88' lang='lat' dir='ltr'><strong>ob</strong></span> <span class='ocrx_word' id='word_1_825' title='bbox 2883 4253 3195 4319; x_wconf 87' lang='lat' dir='ltr'><strong>sapientiam</strong></span> <span class='ocrx_word' id='word_1_826' title='bbox 3224 4257 3554 4325; x_wconf 67' lang='lat' dir='ltr'><strong>etjustitiam</strong></span> 
     </span>
    </p>
   </div>
   <div class='ocr_carea' id='block_1_105' title="bbox 1968 4333 3554 4413">
    <p class='ocr_par' dir='ltr' id='par_1_105' title="bbox 1968 4333 3554 4413">
     <span class='ocr_line' id='line_1_105' title="bbox 1968 4333 3554 4413; baseline 0.011 -26"><span class='ocrx_word' id='word_1_827' title='bbox 1968 4333 2156 4388; x_wconf 85' lang='lat' dir='ltr'><strong>liducia</strong></span> <span class='ocrx_word' id='word_1_828' title='bbox 2201 4345 2314 4389; x_wconf 89' lang='lat' dir='ltr'><strong>erat</strong></span> <span class='ocrx_word' id='word_1_829' title='bbox 2353 4338 2604 4405; x_wconf 68' lang='lat' dir='ltr'><strong>prmditus</strong></span> <span class='ocrx_word' id='word_1_830' title='bbox 2637 4355 2846 4408; x_wconf 86' lang='lat' dir='ltr'><strong>magna,</strong></span> <span class='ocrx_word' id='word_1_831' title='bbox 2888 4345 3082 4412; x_wconf 76' lang='lat' dir='ltr'><strong>quippe</strong></span> <span class='ocrx_word' id='word_1_832' title='bbox 3110 4348 3359 4413; x_wconf 80' lang='lat' dir='ltr'><strong>praeclara</strong></span> <span class='ocrx_word' id='word_1_833' title='bbox 3391 4353 3554 4405; x_wconf 90' lang='lat' dir='ltr'><strong>multa</strong></span> 
     </span>
    </p>
   </div>
   <div class='ocr_carea' id='block_1_106' title="bbox 1965 4426 3554 4505">
    <p class='ocr_par' dir='ltr' id='par_1_106' title="bbox 1965 4426 3554 4505">
     <span class='ocr_line' id='line_1_106' title="bbox 1965 4426 3554 4505; baseline 0.009 -25"><span class='ocrx_word' id='word_1_834' title='bbox 1965 4428 2066 4480; x_wconf 87' lang='lat' dir='ltr'><strong>alia</strong></span> <span class='ocrx_word' id='word_1_835' title='bbox 2099 4426 2288 4482; x_wconf 79' lang='lat' dir='ltr'><strong>iecisse</strong></span> <span class='ocrx_word' id='word_1_836' title='bbox 2321 4438 2581 4491; x_wconf 87' lang='lat' dir='ltr'><strong>narratur,</strong></span> <span class='ocrx_word' id='word_1_837' title='bbox 2612 4443 2854 4485; x_wconf 90' lang='lat' dir='ltr'><strong>sanctum</strong></span> <span class='ocrx_word' id='word_1_838' title='bbox 2882 4435 3129 4489; x_wconf 86' lang='lat' dir='ltr'><strong>videlicet</strong></span> <span class='ocrx_word' id='word_1_839' title='bbox 3157 4437 3464 4505; x_wconf 80' lang='lat' dir='ltr'><strong>Danielem,</strong></span> <span class='ocrx_word' id='word_1_840' title='bbox 3498 4454 3554 4496; x_wconf 93' lang='lat' dir='ltr'><strong>ut</strong></span> 
     </span>
    </p>
   </div>
   <div class='ocr_carea' id='block_1_107' title="bbox 1964 4518 3552 4596">
    <p class='ocr_par' dir='ltr' id='par_1_107' title="bbox 1964 4518 3552 4596">
     <span class='ocr_line' id='line_1_107' title="bbox 1964 4518 3552 4596; baseline 0.013 -27"><span class='ocrx_word' id='word_1_841' title='bbox 1964 4526 2241 4586; x_wconf 79' lang='lat' dir='ltr'><strong>postquam</strong></span> <span class='ocrx_word' id='word_1_842' title='bbox 2278 4518 2423 4571; x_wconf 89' lang='lat' dir='ltr'><strong>illum</strong></span> <span class='ocrx_word' id='word_1_843' title='bbox 2458 4521 2746 4596; x_wconf 79' lang='lat' dir='ltr'><strong>inﬁrmum,</strong></span> <span class='ocrx_word' id='word_1_844' title='bbox 2771 4525 3024 4590; x_wconf 89' lang='lat' dir='ltr'><strong>solutum,</strong></span> <span class='ocrx_word' id='word_1_845' title='bbox 3049 4537 3100 4581; x_wconf 91' lang='lat' dir='ltr'><strong>et</strong></span> <span class='ocrx_word' id='word_1_846' title='bbox 3127 4528 3460 4588; x_wconf 80' lang='lat' dir='ltr'><strong>deiicientem</strong></span> <span class='ocrx_word' id='word_1_847' title='bbox 3489 4552 3552 4589; x_wconf 79' lang='lat' dir='ltr'><strong>ex</strong></span> 
     </span>
    </p>
   </div>
   <div class='ocr_carea' id='block_1_108' title="bbox 1962 4612 3552 4694">
    <p class='ocr_par' dir='ltr' id='par_1_108' title="bbox 1962 4612 3552 4694">
     <span class='ocr_line' id='line_1_108' title="bbox 1962 4612 3552 4694; baseline 0.013 -31"><span class='ocrx_word' id='word_1_848' title='bbox 1962 4612 2133 4679; x_wconf 80' lang='lat' dir='ltr'><strong>angeli</strong></span> <span class='ocrx_word' id='word_1_849' title='bbox 2167 4615 2446 4680; x_wconf 66' lang='lat' dir='ltr'><strong>praesentia</strong></span> <span class='ocrx_word' id='word_1_850' title='bbox 2478 4613 2640 4669; x_wconf 78' lang='lat' dir='ltr'><strong>fuisse</strong></span> <span class='ocrx_word' id='word_1_851' title='bbox 2663 4628 3057 4686; x_wconf 82' lang='lat' dir='ltr'><strong>monstravero,</strong></span> <span class='ocrx_word' id='word_1_852' title='bbox 3078 4639 3234 4676; x_wconf 84' lang='lat' dir='ltr'><strong>nemo</strong></span> <span class='ocrx_word' id='word_1_853' title='bbox 3252 4637 3401 4694; x_wconf 87' lang='lat' dir='ltr'><strong>putet</strong></span> <span class='ocrx_word' id='word_1_854' title='bbox 3431 4646 3552 4683; x_wconf 87' lang='lat' dir='ltr'><strong>eunt</strong></span> 
     </span>
    </p>
   </div>
   <div class='ocr_carea' id='block_1_109' title="bbox 1966 4709 3552 4786">
    <p class='ocr_par' dir='ltr' id='par_1_109' title="bbox 1966 4709 3552 4786">
     <span class='ocr_line' id='line_1_109' title="bbox 1966 4709 3552 4786; baseline 0.013 -34"><span class='ocrx_word' id='word_1_855' title='bbox 1966 4711 2302 4764; x_wconf 85' lang='lat' dir='ltr'><strong>peccatorum</strong></span> <span class='ocrx_word' id='word_1_856' title='bbox 2358 4713 2413 4757; x_wconf 91' lang='lat' dir='ltr'><strong>et</strong></span> <span class='ocrx_word' id='word_1_857' title='bbox 2457 4720 2628 4771; x_wconf 49' lang='lat' dir='ltr'><strong>prava!</strong></span> <span class='ocrx_word' id='word_1_858' title='bbox 2657 4709 2996 4763; x_wconf 67' lang='lat' dir='ltr'><strong>conscientiae</strong></span> <span class='ocrx_word' id='word_1_859' title='bbox 3023 4728 3181 4766; x_wconf 89' lang='lat' dir='ltr'><strong>causa</strong></span> <span class='ocrx_word' id='word_1_860' title='bbox 3215 4716 3302 4770; x_wconf 88' lang='lat' dir='ltr'><strong>illa</strong></span> <span class='ocrx_word' id='word_1_861' title='bbox 3337 4734 3552 4786; x_wconf 87' lang='lat' dir='ltr'><strong>passum</strong></span> 
     </span>
    </p>
   </div>
   <div class='ocr_carea' id='block_1_110' title="bbox 1963 4794 3554 4875">
    <p class='ocr_par' dir='ltr' id='par_1_110' title="bbox 1963 4794 3554 4875">
     <span class='ocr_line' id='line_1_110' title="bbox 1963 4794 3554 4875; baseline 0.014 -33"><span class='ocrx_word' id='word_1_862' title='bbox 1963 4807 2118 4855; x_wconf 75' lang='lat' dir='ltr'><strong>esse;</strong></span> <span class='ocrx_word' id='word_1_863' title='bbox 2148 4794 2240 4846; x_wconf 87' lang='lat' dir='ltr'><strong>sed</strong></span> <span class='ocrx_word' id='word_1_864' title='bbox 2270 4794 2628 4848; x_wconf 81' lang='lat' dir='ltr'><strong>denmnStrata</strong></span> <span class='ocrx_word' id='word_1_865' title='bbox 2653 4796 2768 4866; x_wconf 65' lang='lat' dir='ltr'><strong>eius</strong></span> <span class='ocrx_word' id='word_1_866' title='bbox 2785 4801 2946 4852; x_wconf 89' lang='lat' dir='ltr'><strong>animi</strong></span> <span class='ocrx_word' id='word_1_867' title='bbox 2973 4802 3186 4872; x_wconf 83' lang='lat' dir='ltr'><strong>fiducia,</strong></span> <span class='ocrx_word' id='word_1_868' title='bbox 3217 4807 3328 4875; x_wconf 86' lang='lat' dir='ltr'><strong>ipsa</strong></span> <span class='ocrx_word' id='word_1_869' title='bbox 3349 4821 3554 4866; x_wconf 67' lang='lat' dir='ltr'><strong>natura:</strong></span> 
     </span>
    </p>
   </div>
   <div class='ocr_carea' id='block_1_111' title="bbox 1964 4881 3555 4963">
    <p class='ocr_par' dir='ltr' id='par_1_111' title="bbox 1964 4881 3555 4963">
     <span class='ocr_line' id='line_1_111' title="bbox 1964 4881 3555 4963; baseline 0.011 -26"><span class='ocrx_word' id='word_1_870' title='bbox 1964 4881 2243 4939; x_wconf 81' lang='lat' dir='ltr'><strong>inﬁrmitas</strong></span> <span class='ocrx_word' id='word_1_871' title='bbox 2273 4887 2466 4939; x_wconf 83' lang='lat' dir='ltr'><strong>clarius</strong></span> <span class='ocrx_word' id='word_1_872' title='bbox 2488 4890 2883 4955; x_wconf 82' lang='lat' dir='ltr'><strong>comprobetur.</strong></span> <span class='ocrx_word' id='word_1_873' title='bbox 2922 4893 3014 4947; x_wconf 93' lang='lat' dir='ltr'><strong>llic</strong></span> <span class='ocrx_word' id='word_1_874' title='bbox 3038 4895 3215 4963; x_wconf 87' lang='lat' dir='ltr'><strong>itaque</strong></span> <span class='ocrx_word' id='word_1_875' title='bbox 3245 4899 3423 4955; x_wconf 84' lang='lat' dir='ltr'><strong>Daniel</strong></span> <span class='ocrx_word' id='word_1_876' title='bbox 3456 4905 3555 4955; x_wconf 89' lang='lat' dir='ltr'><strong>tri-</strong></span> 
     </span>
    </p>
   </div>
   <div class='ocr_carea' id='block_1_112' title="bbox 1963 4976 3552 5065">
    <p class='ocr_par' dir='ltr' id='par_1_112' title="bbox 1963 4976 3552 5065">
     <span class='ocr_line' id='line_1_112' title="bbox 1963 4976 3552 5065; baseline 0.014 -36"><span class='ocrx_word' id='word_1_877' title='bbox 1963 4976 2060 5030; x_wconf 85' lang='lat' dir='ltr'><strong>bus</strong></span> <span class='ocrx_word' id='word_1_878' title='bbox 2094 4978 2511 5033; x_wconf 84' lang='lat' dir='ltr'><strong>hebdomadibus</strong></span> <span class='ocrx_word' id='word_1_879' title='bbox 2530 4982 2787 5049; x_wconf 71' lang='lat' dir='ltr'><strong>jejunavit</strong></span> <span class='ocrx_word' id='word_1_880' title='bbox 2820 4983 2978 5054; x_wconf 86' lang='lat' dir='ltr'><strong>(Dan.</strong></span> <span class='ocrx_word' id='word_1_881' title='bbox 3014 4988 3098 5042; x_wconf 84' lang='grc'><strong>10.</strong></span> <span class='ocrx_word' id='word_1_882' title='bbox 3132 4991 3186 5060; x_wconf 81' lang='grc'><strong>5)</strong></span> <span class='ocrx_word' id='word_1_883' title='bbox 3209 5033 3222 5056; x_wconf 83' lang='grc'><strong><em>,</em></strong></span> <span class='ocrx_word' id='word_1_884' title='bbox 3254 5009 3552 5065; x_wconf 85' lang='lat' dir='ltr'><strong>panemque</strong></span> 
     </span>
    </p>
   </div>
   <div class='ocr_carea' id='block_1_113' title="bbox 1962 5069 3550 5150">
    <p class='ocr_par' dir='ltr' id='par_1_113' title="bbox 1962 5069 3550 5150">
     <span class='ocr_line' id='line_1_113' title="bbox 1962 5069 3550 5150; baseline 0.013 -28"><span class='ocrx_word' id='word_1_885' title='bbox 1962 5069 2364 5124; x_wconf 82' lang='lat' dir='ltr'><strong>desiderabilem</strong></span> <span class='ocrx_word' id='word_1_886' title='bbox 2398 5088 2500 5125; x_wconf 91' lang='lat' dir='ltr'><strong>non</strong></span> <span class='ocrx_word' id='word_1_887' title='bbox 2541 5076 2772 5128; x_wconf 88' lang='lat' dir='ltr'><strong>comedit</strong></span> <span class='ocrx_word' id='word_1_888' title='bbox 2802 5118 2817 5143; x_wconf 95' lang='lat'><strong>,</strong></span> <span class='ocrx_word' id='word_1_889' title='bbox 2851 5093 3024 5147; x_wconf 89' lang='lat' dir='ltr'><strong>neque</strong></span> <span class='ocrx_word' id='word_1_890' title='bbox 3051 5082 3228 5136; x_wconf 87' lang='lat' dir='ltr'><strong>vinum</strong></span> <span class='ocrx_word' id='word_1_891' title='bbox 3253 5126 3269 5150; x_wconf 92' lang='lat'><strong>,</strong></span> <span class='ocrx_word' id='word_1_892' title='bbox 3303 5101 3432 5142; x_wconf 90' lang='lat' dir='ltr'><strong>caro</strong></span> <span class='ocrx_word' id='word_1_893' title='bbox 3461 5100 3550 5143; x_wconf 90' lang='lat' dir='ltr'><strong>aut</strong></span> 
     </span>
    </p>
   </div>
   <div class='ocr_carea' id='block_1_114' title="bbox 1961 5159 3547 5237">
    <p class='ocr_par' dir='ltr' id='par_1_114' title="bbox 1961 5159 3547 5237">
     <span class='ocr_line' id='line_1_114' title="bbox 1961 5159 3547 5237; baseline 0.013 -24"><span class='ocrx_word' id='word_1_894' title='bbox 1961 5159 2132 5214; x_wconf 89' lang='lat' dir='ltr'><strong>sicera</strong></span> <span class='ocrx_word' id='word_1_895' title='bbox 2159 5160 2398 5214; x_wconf 90' lang='lat' dir='ltr'><strong>introivit</strong></span> <span class='ocrx_word' id='word_1_896' title='bbox 2428 5162 2480 5215; x_wconf 92' lang='lat' dir='ltr'><strong>in</strong></span> <span class='ocrx_word' id='word_1_897' title='bbox 2506 5178 2566 5217; x_wconf 91' lang='lat' dir='ltr'><strong>os</strong></span> <span class='ocrx_word' id='word_1_898' title='bbox 2593 5164 2640 5233; x_wconf 88' lang='lat' dir='ltr'><strong>ej</strong></span> <span class='ocrx_word' id='word_1_899' title='bbox 2654 5180 2714 5219; x_wconf 92' lang='lat' dir='ltr'><strong>us</strong></span> <span class='ocrx_word' id='word_1_900' title='bbox 2739 5207 2753 5231; x_wconf 94' lang='lat'><strong>,</strong></span> <span class='ocrx_word' id='word_1_901' title='bbox 2783 5182 2952 5237; x_wconf 85' lang='lat' dir='ltr'><strong>neque</strong></span> <span class='ocrx_word' id='word_1_902' title='bbox 2980 5172 3232 5228; x_wconf 89' lang='lat' dir='ltr'><strong>unctione</strong></span> <span class='ocrx_word' id='word_1_903' title='bbox 3270 5191 3397 5230; x_wconf 88' lang='lat' dir='ltr'><strong>usus</strong></span> <span class='ocrx_word' id='word_1_904' title='bbox 3431 5192 3547 5234; x_wconf 80' lang='lat' dir='ltr'><strong>est:</strong></span> 
     </span>
    </p>
   </div>
   <div class='ocr_carea' id='block_1_115' title="bbox 1962 5252 3551 5334">
    <p class='ocr_par' dir='ltr' id='par_1_115' title="bbox 1962 5252 3551 5334">
     <span class='ocr_line' id='line_1_115' title="bbox 1962 5252 3551 5334; baseline 0.011 -29"><span class='ocrx_word' id='word_1_905' title='bbox 1962 5261 2016 5305; x_wconf 93' lang='lat' dir='ltr'><strong>et</strong></span> <span class='ocrx_word' id='word_1_906' title='bbox 2040 5260 2164 5306; x_wconf 91' lang='lat' dir='ltr'><strong>tunc</strong></span> <span class='ocrx_word' id='word_1_907' title='bbox 2189 5252 2273 5304; x_wconf 90' lang='lat' dir='ltr'><strong>illa</strong></span> <span class='ocrx_word' id='word_1_908' title='bbox 2301 5253 2504 5307; x_wconf 87' lang='lat' dir='ltr'><strong>visione</strong></span> <span class='ocrx_word' id='word_1_909' title='bbox 2524 5253 2766 5324; x_wconf 86' lang='lat' dir='ltr'><strong>dignatus</strong></span> <span class='ocrx_word' id='word_1_910' title='bbox 2797 5266 2897 5322; x_wconf 88' lang='lat' dir='ltr'><strong>est,</strong></span> <span class='ocrx_word' id='word_1_911' title='bbox 2927 5274 3047 5314; x_wconf 91' lang='lat' dir='ltr'><strong>cum</strong></span> <span class='ocrx_word' id='word_1_912' title='bbox 3075 5263 3249 5318; x_wconf 89' lang='lat' dir='ltr'><strong>anima</strong></span> <span class='ocrx_word' id='word_1_913' title='bbox 3272 5266 3386 5334; x_wconf 74' lang='lat' dir='ltr'><strong>ejus</strong></span> <span class='ocrx_word' id='word_1_914' title='bbox 3408 5284 3551 5325; x_wconf 83' lang='lat' dir='ltr'><strong>esset</strong></span> 
     </span>
    </p>
   </div>
   <div class='ocr_carea' id='block_1_116' title="bbox 1961 5341 3552 5422">
    <p class='ocr_par' dir='ltr' id='par_1_116' title="bbox 1961 5341 3552 5422">
     <span class='ocr_line' id='line_1_116' title="bbox 1961 5341 3552 5422; baseline 0.013 -28"><span class='ocrx_word' id='word_1_915' title='bbox 1961 5341 2026 5395; x_wconf 91' lang='lat' dir='ltr'><strong>ad</strong></span> <span class='ocrx_word' id='word_1_916' title='bbox 2068 5343 2226 5396; x_wconf 86' lang='lat' dir='ltr'><strong>talem</strong></span> <span class='ocrx_word' id='word_1_917' title='bbox 2265 5345 2768 5413; x_wconf 90' lang='lat' dir='ltr'><strong>contemplationem</strong></span> <span class='ocrx_word' id='word_1_918' title='bbox 2807 5349 2980 5417; x_wconf 88' lang='lat' dir='ltr'><strong>aptior</strong></span> <span class='ocrx_word' id='word_1_919' title='bbox 3005 5394 3018 5416; x_wconf 90' lang='lat'><strong>,</strong></span> <span class='ocrx_word' id='word_1_920' title='bbox 3047 5353 3251 5422; x_wconf 86' lang='lat' dir='ltr'><strong>jejunio</strong></span> <span class='ocrx_word' id='word_1_921' title='bbox 3285 5356 3451 5412; x_wconf 85' lang='lat' dir='ltr'><strong>levior</strong></span> <span class='ocrx_word' id='word_1_922' title='bbox 3498 5373 3552 5415; x_wconf 79' lang='lat' dir='ltr'><strong>et</strong></span> 
     </span>
    </p>
   </div>
   <div class='ocr_carea' id='block_1_117' title="bbox 1961 5433 3548 5508">
    <p class='ocr_par' dir='ltr' id='par_1_117' title="bbox 1961 5433 3548 5508">
     <span class='ocr_line' id='line_1_117' title="bbox 1961 5433 3548 5508; baseline 0.012 -22"><span class='ocrx_word' id='word_1_923' title='bbox 1961 5433 2288 5501; x_wconf 88' lang='lat' dir='ltr'><strong>spiritualior</strong></span> <span class='ocrx_word' id='word_1_924' title='bbox 2330 5433 2536 5488; x_wconf 84' lang='lat' dir='ltr'><strong>elTecta.</strong></span> <span class='ocrx_word' id='word_1_925' title='bbox 2582 5435 2718 5503; x_wconf 93' lang='lat' dir='ltr'><strong>Quld</strong></span> <span class='ocrx_word' id='word_1_926' title='bbox 2770 5438 2929 5508; x_wconf 82' lang='lat' dir='ltr'><strong>igitur</strong></span> <span class='ocrx_word' id='word_1_927' title='bbox 2975 5442 3093 5495; x_wconf 80' lang='lat' dir='ltr'><strong>ait?</strong></span> <span class='ocrx_word' id='word_1_928' title='bbox 3145 5443 3332 5500; x_wconf 82' lang='lat' dir='ltr'><strong>Levavi</strong></span> <span class='ocrx_word' id='word_1_929' title='bbox 3373 5452 3548 5504; x_wconf 83' lang='lat' dir='ltr'><strong>oculos</strong></span> 
     </span>
    </p>
   </div>
   <div class='ocr_carea' id='block_1_118' title="bbox 1961 5526 3550 5607">
    <p class='ocr_par' dir='ltr' id='par_1_118' title="bbox 1961 5526 3550 5607">
     <span class='ocr_line' id='line_1_118' title="bbox 1961 5526 3550 5607; baseline 0.014 -31"><span class='ocrx_word' id='word_1_930' title='bbox 1961 5542 2096 5580; x_wconf 89' lang='lat' dir='ltr'><strong>meos</strong></span> <span class='ocrx_word' id='word_1_931' title='bbox 2123 5536 2168 5579; x_wconf 91' lang='lat' dir='ltr'><strong>et</strong></span> <span class='ocrx_word' id='word_1_932' title='bbox 2193 5526 2316 5593; x_wconf 83' lang='lat' dir='ltr'><strong>vidi,</strong></span> <span class='ocrx_word' id='word_1_933' title='bbox 2347 5537 2395 5582; x_wconf 92' lang='lat' dir='ltr'><strong>et</strong></span> <span class='ocrx_word' id='word_1_934' title='bbox 2422 5544 2533 5582; x_wconf 87' lang='lat' dir='ltr'><strong>ecce</strong></span> <span class='ocrx_word' id='word_1_935' title='bbox 2558 5532 2633 5582; x_wconf 80' lang='lat' dir='ltr'><strong>vir</strong></span> <span class='ocrx_word' id='word_1_936' title='bbox 2662 5532 2862 5586; x_wconf 86' lang='lat' dir='ltr'><strong>vestitus</strong></span> <span class='ocrx_word' id='word_1_937' title='bbox 2894 5534 3080 5589; x_wconf 84' lang='lat' dir='ltr'><strong>baddin</strong></span> <span class='ocrx_word' id='word_1_938' title='bbox 3102 5578 3114 5601; x_wconf 93' lang='lat'><strong>,</strong></span> <span class='ocrx_word' id='word_1_939' title='bbox 3145 5536 3246 5593; x_wconf 89' lang='lat' dir='ltr'><strong>hoc</strong></span> <span class='ocrx_word' id='word_1_940' title='bbox 3267 5549 3369 5607; x_wconf 84' lang='lat' dir='ltr'><strong>est,</strong></span> <span class='ocrx_word' id='word_1_941' title='bbox 3399 5557 3550 5599; x_wconf 87' lang='lat' dir='ltr'><strong>veste</strong></span> 
     </span>
    </p>
   </div>
   <div class='ocr_carea' id='block_1_119' title="bbox 1960 5622 3550 5703">
    <p class='ocr_par' dir='ltr' id='par_1_119' title="bbox 1960 5622 3550 5703">
     <span class='ocr_line' id='line_1_119' title="bbox 1960 5622 3550 5703; baseline 0.012 -33"><span class='ocrx_word' id='word_1_942' title='bbox 1960 5632 2129 5679; x_wconf 83' lang='lat' dir='ltr'><strong>sacra,</strong></span> <span class='ocrx_word' id='word_1_943' title='bbox 2156 5628 2200 5671; x_wconf 89' lang='lat' dir='ltr'><strong>et</strong></span> <span class='ocrx_word' id='word_1_944' title='bbox 2228 5636 2368 5672; x_wconf 87' lang='lat' dir='ltr'><strong>renes</strong></span> <span class='ocrx_word' id='word_1_945' title='bbox 2397 5622 2506 5688; x_wconf 78' lang='lat' dir='ltr'><strong>ejus</strong></span> <span class='ocrx_word' id='word_1_946' title='bbox 2534 5622 2748 5676; x_wconf 87' lang='lat' dir='ltr'><strong>accincti</strong></span> <span class='ocrx_word' id='word_1_947' title='bbox 2773 5641 2897 5678; x_wconf 87' lang='lat' dir='ltr'><strong>auro</strong></span> <span class='ocrx_word' id='word_1_948' title='bbox 2924 5626 3104 5694; x_wconf 77' lang='lat' dir='ltr'><strong>Ophnz</strong></span> <span class='ocrx_word' id='word_1_949' title='bbox 3139 5639 3186 5682; x_wconf 92' lang='lat' dir='ltr'><strong>et</strong></span> <span class='ocrx_word' id='word_1_950' title='bbox 3226 5647 3412 5701; x_wconf 86' lang='lat' dir='ltr'><strong>corpus</strong></span> <span class='ocrx_word' id='word_1_951' title='bbox 3441 5635 3550 5703; x_wconf 73' lang='lat' dir='ltr'><strong>ejus</strong></span> 
     </span>
    </p>
   </div>
   <div class='ocr_carea' id='block_1_120' title="bbox 1958 5709 3548 5793">
    <p class='ocr_par' dir='ltr' id='par_1_120' title="bbox 1958 5709 3548 5793">
     <span class='ocr_line' id='line_1_120' title="bbox 1958 5709 3548 5793; baseline 0.012 -33"><span class='ocrx_word' id='word_1_952' title='bbox 1958 5711 2105 5778; x_wconf 83' lang='lat' dir='ltr'><strong>quasi</strong></span> <span class='ocrx_word' id='word_1_953' title='bbox 2127 5709 2338 5764; x_wconf 88' lang='lat' dir='ltr'><strong>Tharsis</strong></span> <span class='ocrx_word' id='word_1_954' title='bbox 2359 5753 2371 5774; x_wconf 89' lang='lat'><strong>,</strong></span> <span class='ocrx_word' id='word_1_955' title='bbox 2399 5720 2442 5765; x_wconf 90' lang='lat' dir='ltr'><strong>et</strong></span> <span class='ocrx_word' id='word_1_956' title='bbox 2486 5713 2650 5766; x_wconf 79' lang='lat' dir='ltr'><strong>vultus</strong></span> <span class='ocrx_word' id='word_1_957' title='bbox 2677 5715 2788 5785; x_wconf 83' lang='lat' dir='ltr'><strong>ejus</strong></span> <span class='ocrx_word' id='word_1_958' title='bbox 2813 5719 2959 5786; x_wconf 82' lang='lat' dir='ltr'><strong>quasi</strong></span> <span class='ocrx_word' id='word_1_959' title='bbox 2984 5720 3106 5773; x_wconf 74' lang='lat' dir='ltr'><strong>visio</strong></span> <span class='ocrx_word' id='word_1_960' title='bbox 3128 5721 3347 5793; x_wconf 76' lang='lat' dir='ltr'><strong>fulguris</strong></span> <span class='ocrx_word' id='word_1_961' title='bbox 3371 5767 3383 5786; x_wconf 84' lang='lat'><strong>,</strong></span> <span class='ocrx_word' id='word_1_962' title='bbox 3414 5729 3548 5780; x_wconf 79' lang='lat' dir='ltr'><strong>oculi</strong></span> 
     </span>
    </p>
   </div>
   <div class='ocr_carea' id='block_1_121' title="bbox 1959 5802 3548 5887">
    <p class='ocr_par' dir='ltr' id='par_1_121' title="bbox 1959 5802 3548 5887">
     <span class='ocr_line' id='line_1_121' title="bbox 1959 5802 3548 5887; baseline 0.01 -32"><span class='ocrx_word' id='word_1_963' title='bbox 1959 5803 2069 5872; x_wconf 85' lang='lat' dir='ltr'><strong>ejus</strong></span> <span class='ocrx_word' id='word_1_964' title='bbox 2108 5803 2254 5873; x_wconf 85' lang='lat' dir='ltr'><strong>quasi</strong></span> <span class='ocrx_word' id='word_1_965' title='bbox 2282 5802 2542 5873; x_wconf 80' lang='lat' dir='ltr'><strong>lampades</strong></span> <span class='ocrx_word' id='word_1_966' title='bbox 2587 5805 2753 5876; x_wconf 77' lang='lat' dir='ltr'><strong>ignis;</strong></span> <span class='ocrx_word' id='word_1_967' title='bbox 2793 5807 2997 5865; x_wconf 81' lang='lat' dir='ltr'><strong>brachia</strong></span> <span class='ocrx_word' id='word_1_968' title='bbox 3039 5813 3149 5884; x_wconf 82' lang='lat' dir='ltr'><strong>ejus</strong></span> <span class='ocrx_word' id='word_1_969' title='bbox 3172 5825 3220 5868; x_wconf 82' lang='lat' dir='ltr'><strong>et</strong></span> <span class='ocrx_word' id='word_1_970' title='bbox 3248 5830 3399 5870; x_wconf 83' lang='lat' dir='ltr'><strong>crura</strong></span> <span class='ocrx_word' id='word_1_971' title='bbox 3441 5819 3548 5887; x_wconf 82' lang='lat' dir='ltr'><strong>ejus</strong></span> 
     </span>
    </p>
   </div>
  </div>
