4186 6326
660 441 772 496 ’123
1376 424 1441 483 S.
1473 420 1752 483 JOANNIS
1789 410 2269 477 CllRYSOSTOMl
2308 408 2628 467 ARClllEP.
2656 402 3197 464 CONSTANTiNOP.
3853 397 3967 456 ’124

661 550 807 623 quasi
834 546 959 604 uisio
983 545 1100 600 aeris
1126 539 1385 616 fulgentis,
1414 555 1513 594 vos:
1539 550 1826 593 sermonum
1861 532 1970 602 ejus
1994 525 2138 600 quasi
2162 542 2260 580 vos;

663 622 1023 701 multitudinis.
1054 637 1122 692 Et
1152 651 1244 708 ego
1280 635 1420 691 solus
1447 633 1552 687 uidi
1596 630 1841 697 uisionem
1883 626 2036 680 hanc.
2093 622 2261 676 Porro

661 737 757 806 qui
777 744 921 790 erant
949 747 1146 786 meum
1173 743 1274 782 non
1317 725 1546 779 viderunt
1572 762 1588 791 ,
1631 721 1719 776 sed
1747 729 1930 787 stupor,
1951 729 2166 786 magnus
2187 713 2263 764 ir-

662 803 765 883 ruit
789 843 943 896 super
963 840 1048 878 eos
1073 864 1089 888 ,
1141 829 1188 875 et
1234 824 1472 891 fugerunt
1495 815 1548 868 in
1578 813 1788 878 timore,
1829 819 1875 863 et
1896 824 1998 861 non
2025 803 2263 860 remansit

663 924 717 978 in
745 937 826 976 me
864 915 1104 990 fortitudo
1145 929 1164 968 :
1206 922 1251 966 et
1293 909 1458 983 gloria
1503 922 1614 959 mea
1669 917 1907 957 conuersa
1956 907 2027 952 est
2065 897 2118 950 in
2152 911 2266 948 cor-

665 987 952 1084 ruptionem
981 1008 1001 1078 (
1031 1007 1174 1061 Dan.
1206 1004 1293 1061 to.
1320 1001 1432 1057 5-8
1463 998 1506 1071 ).
1547 996 1686 1064 Quid
1734 1002 1820 1050 est
1859 990 2039 1056 illud,
2087 987 2265 1042 Gloria

666 1125 779 1164 mea
848 1118 1088 1159 conversa
1140 1107 1211 1154 est
1258 1088 1758 1162 incorruptionem?
1811 1085 2105 1139 Formosus
2151 1086 2266 1132 erat

664 1202 1014 1258 adolescens:
1046 1194 1168 1264 quia
1200 1191 1359 1262 igitur
1390 1188 1551 1241 timor
1575 1180 1750 1251 angeli
1775 1175 2055 1247 praesentis
2080 1170 2264 1227 eﬂ'ecit

659 1302 748 1358 ut,
779 1286 1167 1359 exspirantium
1196 1295 1345 1336 more
1371 1319 1386 1344 ,
1433 1275 1607 1346 pallor
1635 1270 1833 1325 nimius
1851 1265 2048 1336 speciei
2078 1265 2265 1316 norem

671 1352 956 1451 vultusque
987 1376 1224 1432 nativum
1253 1371 1490 1426 colorem
1517 1363 1914 1431 exstingueret,
1941 1356 2062 1410 ideo
2086 1352 2218 1406 dixit
2247 1391 2262 1415 ,

671 1474 848 1530 Gloria
878 1485 988 1523 mea
1014 1479 1253 1520 conversa
1276 1461 1425 1515 est-in
1451 1455 1846 1524 corruptionem.
1880 1448 2031 1503 Sicut
2072 1444 2214 1498 enim
2246 1483 2260 1507 ,

669 1564 757 1620 ubi
785 1561 966 1630 auriga
992 1554 1308 1627 perterritus
1336 1549 1571 1604 habenas
1592 1543 1789 1604 amisit,
1819 1539 1940 1608 equi
1966 1533 2266 1606 prmeipitcs

670 1626 933 1718 feruntur,
951 1626 1005 1706 et
1023 1664 1212 1704 currus
1235 1645 1471 1700 funditus
1498 1637 1755 1694 evertitur
1788 1650 1802 1687 :
1832 1633 1908 1687 sic
1929 1641 1983 1684 et
2010 1631 2062 1682 in
2090 1626 2268 1680 anima

673 1751 787 1805 ﬁeri
832 1747 1003 1810 solet,
1049 1740 1262 1810 quando
1306 1745 1525 1804 stupore
1569 1740 1625 1785 et
1675 1727 1916 1797 angustia
1962 1722 2266 1777 detinetur:

671 1839 953 1912 perterrita
982 1834 1178 1904 quippe
1201 1873 1214 1896 ,
1249 1841 1481 1896 suasque
1507 1821 1847 1894 operatiOnes
1879 1826 2148 1885 tamquam
2172 1813 2270 1865 ha.

671 1936 837 1990 bonas
864 1947 892 1985 a
921 1927 1142 1998 singulis
1169 1921 1411 1992 corporis
1441 1916 1688 1974 sensibus
1722 1912 1969 1967 auferens
1993 1950 2005 1974 ,
2029 1908 2270 1963 membra

673 2029 738 2083 iis
763 2039 933 2081 vacua,
969 2018 1244 2087 relinquit.
1269 2014 1392 2068 llaec
1421 2023 1579 2080 porro
1609 2049 1624 2074 ,
1671 2006 1720 2058 vi
1764 2004 1848 2057 illa
1877 2018 1936 2056 se
1961 2000 2273 2054 continente

672 2119 946 2177 destituta,
977 2110 1229 2166 deﬁciunt
1256 2114 1310 2159 et
1331 2107 1585 2158 corruunt
1616 2093 1795 2166 :quod
1831 2105 1882 2148 et
1915 2089 2118 2146 Danieli
2145 2099 2273 2142 tunc

674 2207 889 2264 accidit.
918 2176 1056 2271 Quid
1090 2200 1248 2269 igitur
1273 2193 1495 2263 angelus
1511 2191 1539 2271 ?ﬁ
1576 2187 1747 2257 Erigit
1776 2184 1925 2238 illum
1951 2191 2006 2235 et
2034 2180 2134 2232 ait:
2165 2176 2275 2237 Da-

673 2299 776 2353 niel
804 2339 820 2359 ,
843 2297 918 2350 uir
945 2268 1311 2346 desideriorum
1336 2325 1349 2346 ,
1377 2270 1602 2349 intellige
1625 2276 1772 2330 verba
1797 2314 1812 2339 ,
1842 2287 1957 2342 qua:
1985 2286 2074 2339 ego
2097 2268 2275 2336 loquor

674 2393 744 2445 ad
773 2401 838 2456 te,
861 2397 907 2442 et
934 2397 1012 2440 sta
1035 2385 1088 2437 in
1119 2377 1280 2452 gradu
1307 2387 1392 2430 tuo
1415 2416 1430 2439 ,
1463 2374 1582 2444 quia
1611 2385 1746 2423 nunc
1774 2366 1958 2419 missus
1996 2378 2108 2416 sum
2139 2359 2205 2412 ad
2229 2369 2276 2412 te

683 2450 856 2554 (Ibid.
888 2478 1003 2532 v.11
1042 2475 1083 2544 ).
1111 2450 1206 2528 ille
1255 2482 1383 2523 vero
1431 2463 1578 2518 stetit
1628 2471 1882 2514 tremens.
1918 2455 1986 2508 Et
2033 2466 2155 2506 cum
2195 2450 2276 2502 in-

679 2544 912 2644 cepisset
949 2565 1169 2637 angelus
1197 2559 1394 2630 alloqui
1421 2570 1544 2611 eum
1584 2568 1649 2607 ac
1689 2551 1937 2619 diceret,
1983 2544 2028 2599 Α
2052 2544 2134 2596 die
2175 2557 2276 2612 qua

686 2634 908 2724 statuisti
930 2671 983 2716 ut
1010 2634 1250 2731 amigeres
1279 2670 1365 2707 cor
1391 2661 1534 2705 tuum
1556 2648 1610 2702 in
1636 2650 1905 2711 conspectu
1933 2637 2030 2692 Dei
2054 2677 2070 2703 ,
2099 2634 2277 2689 audita

679 2768 800 2816 sunt
826 2756 975 2811 verba
1005 2723 1090 2806 tua
1153 2757 1202 2802 et
1247 2762 1338 2816 ego
1375 2741 1488 2795 ueni
1529 2740 1584 2792 in
1625 2735 1786 2790 verbis
1813 2732 1913 2786 tuis
1949 2727 2056 2800 (Ib.
2087 2723 2276 2796 v.12);

676 2865 890 2910 rursum
907 2843 1104 2901 decidit
1129 2841 1181 2894 in
1210 2847 1427 2895 terram,
1459 2841 1516 2886 ut
1540 2830 1718 2885 animo
1737 2823 2050 2880 deﬁcientes
2079 2816 2275 2873 solent.

677 2938 1141 3016 Quemadmodum
1189 2933 1332 2989 enim
1374 2929 1448 2983 illi
1483 2924 1650 2983 erecti
1677 2933 1729 2977 et
1758 2922 1809 2975 in
1837 2935 1895 2974 se
1924 2914 2161 2981 reversi,
2193 2926 2280 2968 re-

679 3013 1078 3111 spicientesque
1116 3043 1210 3085 eos
1250 3028 1338 3095 qui
1376 3037 1438 3077 se
1485 3019 1752 3075 sustinent
1797 3013 2092 3079 faciemque
2127 3020 2278 3061 suam

678 3107 815 3204 aqua
839 3128 1026 3201 frigida
1055 3127 1389 3193 inspergunt,
1424 3119 1475 3172 in
1503 3115 1632 3186 ipsis
1659 3127 1720 3168 se
1749 3107 2128 3165 sestinentium
2158 3117 2276 3157 ma-

681 3190 837 3278 nibus
872 3190 1016 3287 szvepe
1042 3190 1334 3270 deﬁciunt:
1364 3209 1435 3263 ita
1473 3216 1526 3261 et
1553 3203 1828 3275 prephetae
1876 3196 2118 3266 contigit.
2148 3190 2278 3248 Ani-

680 3328 801 3369 mus
829 3285 1056 3378 nataque
1089 3301 1404 3374 perterritus
1434 3294 1768 3367 praesentiam
1795 3287 2038 3345 conservi
2064 3285 2145 3340 sui
2174 3295 2281 3338 non

681 3405 859 3460 ferens
888 3444 903 3468 ,
949 3374 1120 3467 neque
1159 3390 1503 3463 splendorem
1547 3386 1697 3440 illum
1741 3382 2008 3438 sustinere
2058 3374 2278 3441 valens,

680 3491 1122 3556 eonturbabatur,
1169 3502 1198 3540 a
1231 3484 1409 3540 carnis
1439 3479 1653 3533 vinculo
1690 3486 1960 3544 tamquam
2013 3485 2044 3524 a
2092 3477 2280 3523 catena

681 3606 802 3647 sese
828 3585 1081 3656 expedire
1101 3579 1382 3635 festinans.
1413 3572 1612 3628 Verum
1641 3568 1732 3623 ille
1759 3564 1936 3620 adhuc
1965 3561 2282 3617 continebat

682 3685 854 3740 illum.
901 3652 1140 3733 nudiant
1177 3671 1224 3726 "ti
1267 3667 1358 3739 qui
1401 3664 1730 3734 Angelorum
1758 3657 2046 3713 Dominum
2073 3652 2284 3708 curiose

682 3779 1019 3829 scrutantur.
1054 3762 1240 3819 Daniel
1266 3801 1280 3825 ,
1329 3771 1485 3827 quem
1514 3752 1652 3809 oculi
1680 3751 1896 3804 leonum
1925 3745 2140 3800 reveriti
2169 3743 2285 3798 fue-

687 3873 841 3928 rant;
875 3858 1082 3920 Daniel,
1109 3855 1200 3924 qui
1227 3853 1278 3906 in
1307 3849 1795 3913 humano'eorpore
1824 3854 1888 3895 ea
1919 3839 2098 3892 facere
2135 3843 2283 3905 pote-

687 3964 771 4012 rat
791 3966 910 4024 qua:
933 3946 1203 4002 hominem
1230 3945 1506 4012 superant,
1536 3933 1784 3990 conservi
1814 3927 2157 4022 praesentiam
2177 3939 2284 3980 non

689 4019 852 4111 tulit',
894 4041 988 4097 sed
1040 4035 1376 4093 exanimatus
1418 4027 1649 4098 iacebat.
1701 4019 1898 4077 Eversa
1943 4029 2058 4075 sunt
2097 4019 2239 4072 enim
2268 4058 2283 4084 ,

689 4137 883 4206 inquit,
915 4132 1157 4186 interiora
1181 4141 1293 4178 mea
1315 4124 1368 4176 in
1397 4117 1587 4173 visione
1615 4132 1745 4181 mea,
1774 4123 1820 4167 et
1841 4113 2049 4182 spiritus
2077 4126 2175 4164 non
2204 4126 2287 4162 re-

692 4199 838 4285 licius
865 4199 935 4279 εει
964 4224 1018 4276 in
1040 4235 1117 4274 me
1136 4215 1294 4288 (Ibid.
1328 4229 1376 4266 υ.
1398 4211 1487 4266 t6.
1518 4207 1630 4280 ιη.
1659 4206 1760 4274 Qui
1787 4217 1915 4258 vero
1943 4217 1974 4255 a
1997 4201 2124 4271 justi
2149 4199 2288 4254 illius

693 4322 889 4376 virtute
920 4324 1125 4368 tantum
1156 4307 1359 4362 distant
1384 4304 1552 4372 ipsam
1605 4297 1698 4352 Dei
1740 4292 2094 4349 substantiam
2121 4304 2180 4344 se
2210 4288 2292 4342 di-

693 4408 1044 4482 h'gcntissime
1083 4415 1242 4457 nosse
1281 4396 1634 4469 proﬁtentur;
1688 4389 1835 4443 illam
1868 4384 2076 4440 scilicet
2099 4398 2289 4450 supre-

693 4471 836 4560 mam
876 4508 932 4554 et
976 4496 1204 4568 primam
1231 4532 1246 4557 ,
1293 4502 1413 4559 qua:
1454 4485 1735 4539 innumera
1777 4477 2086 4547 angelorum
2129 4471 2291 4526 millia

695 4592 948 4666 produxit
978 4631 991 4656 ,
1044 4598 1273 4657 quorum
1305 4592 1470 4635 unum
1500 4572 1685 4630 Daniel
1715 4570 2029 4639 conspicere
2055 4581 2162 4621 non
2195 4579 2292 4634 po-

698 4689 816 4744 luit.

771 4783 824 4837 5.
863 4778 995 4834 Deus
1023 4771 1219 4828 etiamsi
1261 4785 1314 4823 se
1339 4770 1630 4834 atlemperet
1649 4803 1664 4826 ,
1697 4776 1729 4812 ιι
1759 4755 1988 4827 supernis
2013 4750 2295 4805 Virtutibus

697 4874 858 4931 videri
886 4870 1074 4940 nequit.
1101 4893 1172 4906 —-—
1197 4861 1302 4917 Sed
1325 4858 1389 4912 ad
1410 4856 1687 4927 pristinum
1713 4848 2039 4921 propositum
2063 4849 2296 4897 reverta-

704 4981 846 5030 mur,
861 4930 1312 5022 ostendamusque
1327 4963 1425 5003 uec
1441 4962 1468 4999 a
1488 4943 1736 5015 supernis
1748 4936 2046 4993 Virtutibus
2061 4930 2295 5000 conspici

704 5020 860 5128 posse
889 5053 1057 5106 Deum
1080 5087 1096 5112 ,
1129 5020 1338 5099 etiamsi
1368 5052 1487 5092 sese
1505 5037 1840 5102 attemperet.
1869 5027 1978 5082 Cur
2003 5023 2144 5079 enim
2164 5064 2178 5087 ,
2211 5020 2297 5076 die
2330 5048 2344 5055 ι

706 5115 858 5210 inihi,
882 5141 996 5196 alas
1025 5133 1359 5209 praetendunt
1381 5127 1660 5197 Seraphim
1678 5124 1700 5177 ‘l
1721 5121 1874 5176 Nulla
1897 5119 1998 5172 alia
2026 5115 2092 5171 de
2113 5127 2294 5178 causa,

704 5254 864 5312 quam
896 5246 952 5290 ut
979 5230 1106 5288 illud
1131 5225 1478 5298 apostolicum
1501 5262 1515 5284 ,
1544 5219 1645 5286 Qui
1673 5218 1835 5271 lucem
1857 5211 2046 5265 habitat
2069 5211 2299 5262 inacces-

705 5304 902 5391 sibilem
932 5328 1011 5397 (1.
1040 5321 1259 5397 Τὶιηεὸ.
1298 5315 1402 5390 ιϐ)
1425 5359 1440 5381 ,
1473 5313 1604 5384 ipsis
1630 5309 1883 5381 operibus
1923 5304 2257 5376 proclament
2282 5317 2296 5353 :

708 5438 885 5494 neque
910 5393 998 5473 illa
1025 5395 1195 5472 solum
1222 5455 1237 5480 ,
1267 5411 1360 5467 sed
1384 5409 1544 5464 etiam
1569 5405 1670 5459 illis
1693 5401 1966 5472 superiora
1986 5393 2298 5451 Cherubim.

709 5487 815 5574 ιιτέ
833 5514 1029 5584 quippe
1047 5504 1286 5563 Virtutes
1310 5516 1476 5573 prope
1507 5507 1682 5560 stant;
1711 5495 1816 5548 illa:
1836 5506 1964 5546 vero
1985 5487 2160 5542 throni
2181 5493 2304 5540 sunt

712 5609 810 5667 Dei
838 5576 867 5639 ⁸.
892 5625 906 5661 :
927 5576 1045 5660 non
1073 5599 1212 5672 quod
1243 5592 1434 5653 throno
1465 5594 1605 5648 Deus
1627 5596 1800 5659 egeat,
1833 5584 1928 5640 sed
1968 5592 2024 5637 ut
2056 5580 2160 5636 hoc
2182 5576 2303 5634 Vir-

727 5753 733 5756 -
777 5721 796 5755 ι
831 5726 942 5790 vos
961 5715 1086 5774 ιηον
1109 5711 1209 5784 ww
1231 5721 1343 5760 υετο
1377 5699 1537 5790 ea

715 5792 774 5835 ιη
795 5756 1206 5845 25έῆιῦῖῖᾘῶ
1227 5756 1330 5821 mos
1346 5775 1416 5821 est
1435 5761 1547 5819 illas
1564 5763 1790 5813 thronum
1814 5756 1904 5809 Dei
1925 5768 2114 5815 vocare,
2137 5765 2232 5802 non
2253 5757 2308 5801 ut

708 5847 938 5896 thronum
959 5837 1217 5902 bttelhgas,
1251 5846 1366 5883 nam
1393 5838 1489 5883 Deo
1528 5838 1624 5879 non
1657 5835 1778 5890 opus
1808 5826 1879 5874 est
1917 5817 2105 5880 throno,
2142 5813 2227 5868 sed
2254 5818 2307 5864 ut

713 5907 754 5956 Υ
758 5904 970 5968 hiatum.
996 5909 1096 5954 etc.

2376 531 2546 579 tutum
2573 523 2807 593 ipsarum
2833 520 3145 591 dignitatem
3171 516 3455 589 intelligas.
3475 515 3612 571 Audi
3635 515 3800 572 alium
3823 532 3970 588 quo-

2370 631 2475 687 que
2504 615 2818 686 prophetam
2842 617 2908 669 de
2938 614 3044 667 illis
3075 613 3382 681 loquentem
3409 629 3422 664 :
3455 608 3522 664 Et
3542 614 3735 682 factum
3756 619 3829 666 est
3853 626 3970 665 uer.

2367 708 2486 763 bum
2513 707 2718 762 Domini
2744 707 2813 761 ad
2837 705 3074 760 Ezechiel
3102 704 3266 774 ﬁlium
3293 700 3423 756 Buzi
3445 719 3588 758 secus
3607 705 3802 773 ﬂumen
3828 689 3974 757 Cleo-5

2367 801 2459 855 bar
2485 800 2696 871 (Ezech.
2721 801 2772 853 i.
2802 799 2884 870 ὅ).
2932 798 2998 852 Et
3035 797 3123 851 hic
3169 795 3236 850 ad
3266 794 3462 850 ﬂumen
3495 793 3743 859 Chobar,
3778 808 3976 863 quem-

2369 892 2657 948 admodum
2707 891 2796 945 ille
2839 889 2907 944 ad
2955 889 3152 944 ﬁumen
3183 887 3384 958 Tigrim
3419 886 3612 941 stabat.
3654 884 3786 940 Cum
3820 885 3976 939 enim

2370 987 2512 1042 Deus
2558 984 2857 1040 mirabilem
2892 974 3181 1052 quamdam
3225 980 3486 1034 visionem
3517 978 3689 1033 servis
3722 977 3833 1032 suis
3881 991 3980 1038 os-

2372 1088 2625 1134 tensurus
2653 1085 2737 1133 est
2763 1118 2778 1144 ,
2808 1090 2901 1131 eos
2931 1084 3082 1131 extra
3108 1073 3267 1129 urbes
3295 1071 3475 1128 educit
3495 1072 3547 1126 in
3573 1071 3748 1126 locum
3772 1069 3981 1125 tumul—

2374 1180 2428 1224 tu
2462 1184 2715 1235 vacuum,
2746 1176 2804 1223 ut
2832 1183 2861 1221 a
2889 1167 3036 1222 nullo
3063 1166 3154 1234 vel
3183 1165 3282 1220 sub
3309 1175 3584 1235 aSpeetum
3617 1164 3700 1217 vel
3736 1165 3834 1218 sub
3867 1178 3975 1218 au-

2373 1264 2541 1318 ditum
2572 1262 2796 1318 cadente
2839 1261 3214 1330 interpelletur
3247 1260 3460 1313 animus
3486 1301 3500 1325 ,
3534 1258 3627 1314 sed
3660 1265 3800 1312 totus
3843 1273 3978 1313 cum

2373 1357 2616 1410 libertate
2658 1365 2888 1408 ostensa:
2927 1353 3005 1407 rei
3033 1351 3473 1420 contemplationi
3496 1360 3668 1406 vacet.
3707 1349 3839 1418 Quid
3871 1350 3983 1420 igi-

2375 1455 2460 1500 tur
2489 1446 2618 1500 vidit
2642 1447 2772 1500 ille?
2810 1443 2942 1498 Ecce
2966 1445 3152 1509 nubes,
3188 1443 3392 1512 inquit,
3423 1443 3647 1496 veniebat
3672 1443 3732 1495 ab
3768 1443 3980 1512 aquilo-

2374 1554 2466 1604 ne,
2496 1549 2541 1590 et
2566 1537 2808 1604 splendor
2836 1538 2890 1589 in
2921 1536 3133 1589 circuitu
3173 1535 3312 1606 ejus,
3341 1544 3388 1588 et
3426 1534 3559 1605 ignis
3587 1536 3854 1604 fulgurans
3875 1575 3894 1598 ,
3929 1542 3984 1586 et

2375 1631 2426 1683 in
2450 1629 2613 1682 medio
2637 1631 2750 1698 ejus
2778 1629 2923 1695 quasi
2964 1629 3088 1682 visio
3131 1627 3331 1692 electri,
3364 1638 3409 1680 et
3432 1626 3675 1696 splendor
3701 1628 3752 1679 in
3798 1643 3890 1690 eo,
3928 1635 3983 1681 et

2375 1722 2426 1774 in
2472 1721 2636 1774 medio
2666 1719 2948 1774 similitudo
2986 1730 3208 1790 quatuor
3246 1719 3563 1772 animalium.
3597 1718 3696 1772 Hic
3741 1732 3986 1788 aspectus

2376 1828 2555 1864 eorum
2576 1853 2590 1877 ,
2622 1810 2902 1864 similitudo
2925 1810 3141 1863 hominis
3165 1811 3216 1862 in
3237 1810 3328 1862 eis.
3352 1806 3420 1862 Et
3440 1820 3659 1878 quatuor
3688 1811 3839 1879 {acies
3861 1810 3979 1872 uni,

2377 1914 2424 1957 et
2453 1915 2671 1974 quatuor
2707 1903 2806 1956 ala:
2832 1903 2940 1955 uni.
2976 1899 3043 1956 Et
3089 1901 3306 1957 altitudo
3355 1912 3461 1955 erat
3485 1903 3591 1966 eis,
3636 1912 3681 1954 et
3732 1901 3987 1954 terribilia

2377 2006 2520 2049 erant
2549 2011 2569 2049 :
2598 2005 2643 2048 ct
2676 2005 2816 2062 terga
2864 2009 3034 2047 eorum
3064 1995 3213 2063 plena
3251 1993 3413 2046 oculis
3453 1994 3505 2046 in
3542 1993 3756 2045 circuitu
3800 2009 3987 2046 eorum

2378 2097 2633 2154 quatuor;
2657 2094 2704 2137 et
2730 2085 3007 2137 similitudo
3028 2101 3181 2153 super
3207 2094 3358 2150 caput
3385 2099 3555 2136 eorum
3577 2123 3592 2148 ,
3625 2084 3770 2152 quasi
3793 2084 3988 2151 ﬁrma-

2381 2190 2600 2233 mentum
2619 2221 2632 2241 ,
2655 2179 2802 2249 quasi
2830 2188 3064 2247 aspectus
3093 2176 3324 2247 crystalli
3350 2174 3586 2228 terribilis
3612 2217 3627 2241 ,
3661 2186 3864 2228 extensa
3883 2191 3988 2228 su-

2382 2290 2471 2341 per
2497 2282 2646 2343 caput
2680 2288 2854 2325 eorum
2880 2271 3130 2339 desuper:
3148 2279 3193 2322 et
3220 2269 3320 2321 ala:
3344 2285 3518 2322 eorum
3547 2268 3821 2338 unicuique
3836 2267 3984 2332 dum,

2382 2372 2600 2431 tegentes
2631 2378 2846 2431 corpora
2890 2377 3061 2415 eorum
3085 2370 3173 2413 :et
3207 2376 3364 2431 supra
3418 2359 3790 2428 ﬁrmamentum
3827 2359 3986 2426 quasi

2387 2465 2619 2525 aspectus
2664 2455 2848 2524 lapidis
2893 2454 3125 2523 sapphiri
3153 2468 3172 2507 :
3201 2461 3247 2506 et
3292 2451 3568 2506 similitudo
3595 2448 3790 2503 Throni
3822 2466 3989 2518 super

2382 2564 2533 2612 eum,
2579 2556 2626 2601 et
2670 2564 2822 2618 super
2864 2545 3247 2600 similitudinem
3292 2543 3462 2596 throni
3507 2541 3786 2595 similitudo
3833 2541 3993 2610 quasi

2381 2641 2571 2711 species
2607 2640 2827 2693 hominis
2861 2656 3011 2710 super
3035 2655 3168 2692 eum.
3204 2636 3272 2690 Et
3304 2637 3404 2690 vidi
3431 2637 3576 2706 quasi
3597 2645 3854 2704 aspectum
3879 2635 3993 2688 ele—

2383 2733 2504 2797 ctri,
2530 2731 2591 2784 ab
2612 2741 2817 2800 aspectu
2850 2731 3041 2795 lumbi,
3070 2738 3117 2781 et
3145 2744 3298 2798 usque
3327 2728 3544 2795 desuper
3563 2767 3578 2787 ,
3607 2736 3654 2778 et
3681 2726 3743 2778 ab
3772 2733 3994 2794 aspectu

2385 2823 2542 2878 lumbi
2566 2838 2724 2892 usque
2747 2822 3017 2886 deorsum,
3047 2820 3192 2890 quasi
3217 2819 3454 2873 visionem
3477 2818 3612 2888 ignis
3633 2832 3651 2869 :
3669 2826 3713 2869 et
3739 2814 3996 2884 splendor

2382 2917 2494 2987 ejus
2534 2915 2679 2984 quasi
2717 2923 2948 2980 aspectus
2985 2930 3167 2975 arcus.
3201 2928 3315 2964 cum
3345 2913 3497 2982 fuerit
3540 2911 3591 2963 in
3630 2909 3761 2964 nube
3803 2909 3855 2962 in
3900 2910 3998 2963 die

2385 3007 2572 3079 pluvia:
2599 3003 2758 3075 (Ibid.
2791 3021 2820 3058 υ
2848 3005 2901 3058 4.
2931 3002 3115 3074 seqq.).
3157 3003 3285 3057 Post
3337 3002 3453 3055 bmc
3510 3010 3690 3055 autem
3726 3015 3849 3055 cum
3889 2999 3997 3053 de-

2386 3100 2591 3154 clarare
2615 3098 2812 3164 vellet,
2861 3111 2958 3150 nec
2997 3095 3318 3166 Prophetam
3360 3110 3458 3149 nec
3487 3093 3723 3149 Virtutes
3754 3092 3873 3146 illas
3917 3093 3995 3147 ad

2387 3207 2590 3247 meram
2613 3192 2782 3260 ipsam
2812 3190 3163 3244 substantiam
3189 3188 3484 3242 accessisse
3505 3229 3518 3248 .
3549 3187 3764 3241 dicebat
3802 3203 3815 3238 :
3855 3185 3992 3240 Haec

2385 3286 2515 3340 uisio
2556 3281 2903 3338 similitudinis
2951 3280 3126 3351 gloriae
3167 3278 3371 3332 Domini
3407 3276 3530 3349 (Id.
3572 3277 3628 3330 2.
3685 3275 3761 3348 i.)
3797 3276 3994 3331 Viden‘

2387 3385 2441 3432 ct
2467 3375 2554 3430 hic
2573 3383 2628 3428 et
2651 3374 2722 3427 ibi
2758 3373 2852 3427 Dei
2874 3369 3412 3440 attemperationem?
3435 3370 3682 3422 Attamen
3707 3369 3834 3437 ipsae
3857 3383 3999 3437 quo-

2388 3484 2492 3540 que
2522 3468 2757 3542 Virtutes
2786 3480 2846 3520 se
2891 3464 2991 3518 alis
3016 3465 3297 3532 operiunt,
3331 3463 3473 3515 nulla
3503 3461 3607 3514 alia
3636 3475 3794 3530 quam
3825 3476 3997 3530 supra

2388 3561 2530 3616 dicta
2561 3558 2629 3614 de
2656 3573 2811 3614 causa
2843 3570 2857 3611 :
2889 3570 3210 3626 quamquam
3242 3553 3652 3624 sapientissime
3672 3595 3685 3616 ,
3715 3553 4002 3621 perspica—

2389 3651 2621 3708 cissimaa
2671 3657 2726 3704 et
2771 3645 3075 3717 purissimae
3115 3649 3242 3699 sint.
3287 3643 3565 3700 Undenam
3595 3642 3648 3697 id
3678 3642 3882 3712 liquet?
3911 3643 4003 3696 Ab

2389 3744 2520 3814 ipsis
2544 3740 2870 3797 nominibus.
2889 3736 3348 3805 Quemadmodum
3369 3735 3509 3789 enim
3537 3733 3757 3804 angelus
3770 3733 3997 3797 dicitur,

2391 3837 2512 3906 quia
2539 3851 2659 3905 quae
2697 3833 2794 3887 Dei
2824 3841 2950 3885 sunt
2968 3828 3272 3883 hominibus
3295 3825 3594 3890 annuntiat,
3617 3827 4001 3890 ἀναγγέλλειεθι

2391 3925 2742 3996 arehangelus
2763 3924 2887 3993 quia
2915 3921 3118 3991 angelis
3149 3921 3401 3987 imperat:
3420 3916 3496 3970 sic
3521 3924 3574 3969 et
3595 3915 3697 3969 ill:e
3731 3914 4000 3968 vocabula

2395 4028 2562 4074 nacta:
2593 4026 2716 4070 sunt
2742 4030 2860 4086 quas
2883 4015 3117 4084 ipsarum
3152 4009 3465 4079 sapientiam
3495 4016 3548 4061 et
3575 4006 3860 4074 puritatem
3893 4021 4000 4057 no-

2393 4112 2476 4168 bis
2505 4111 2811 4171 declarent;
2843 4121 2905 4160 ae
2948 4106 3085 4160 sicut
3131 4103 3229 4156 ala:
3261 4110 3463 4155 natura:
3490 4098 3871 4152 sublimitatem
3915 4097 4000 4149 in-

2394 4203 2575 4258 dicant
2627 4199 2864 4270 (etenim
2907 4195 3123 4252 Gabriel
3161 4193 3349 4247 volans
3395 4196 3846 4259 repraesentatur,
3887 4202 4000 4240 non

2395 4293 2534 4365 quod
2562 4291 2763 4361 angelis
2791 4290 2896 4343 sint
2921 4288 3018 4341 alte
3036 4328 3050 4350 ,
3076 4285 3170 4340 sed
3200 4292 3259 4338 ut
3281 4282 3490 4338 ediscas
3515 4296 3580 4335 ex
3610 4277 3887 4333 altissimis
3912 4277 4002 4332 lo-

2396 4389 2474 4442 cis
2493 4428 2507 4452 ,
2539 4398 2713 4455 exque
2743 4394 2992 4451 supremo
3014 4376 3284 4433 domicilio
3312 4374 3460 4428 illum
3489 4371 3554 4426 ad
3587 4371 3873 4424 humanam
3904 4368 3999 4422 ad-

2397 4489 2617 4536 ventare
2666 4473 2986 4544 naturam),
3034 4472 3113 4526 sie
3143 4477 3198 4524 et
3239 4470 3290 4522 in
3340 4468 3457 4523 istis
3505 4465 3638 4519 nihil
3681 4464 3826 4518 aliud
3853 4463 3998 4530 alte,

2398 4587 2557 4642 quam
2607 4567 2989 4626 sublimitatem
3034 4571 3240 4617 natura;
3283 4557 3606 4629 signiﬁcant.
3654 4555 3803 4611 Sicut
3836 4554 4004 4624 igitur

2400 4665 2500 4719 alte
2532 4674 2735 4717 natura:
2765 4657 3146 4716 sublimitatem
3174 4653 3449 4709 declarant
3473 4690 3490 4716 ,
3519 4658 3574 4705 et
3605 4649 3828 4702 thronus
3850 4645 3998 4714 quod

2401 4756 2542 4810 Deus
2574 4754 2627 4808 in
2672 4751 2802 4822 ipsis
2832 4742 3168 4819 requiescat,
3213 4757 3269 4799 et
3312 4744 3449 4798 oculi
3498 4740 4001 4810 perspicacilatem,

2380 4846 2581 4903 'throni
2612 4843 2978 4914 propinquitas
3005 4848 3058 4894 et
3083 4836 3267 4908 hymni
3295 4832 3543 4905 perpetui
3573 4830 3904 4901 vigilantiam
3950 4839 4006 4881 et

2404 4940 2670 4995 insomnia
2699 4955 2712 4991 :
2741 4936 2817 4990 sic
2869 4932 3086 4987 nomina
3136 4931 3327 4983 horum
3375 4924 3690 4995 sapientiam
3721 4959 3738 4988 ,
3785 4921 4004 4974 illorum

2400 5032 2688 5104 puritatem
2727 5025 3046 5098 signiﬁcant.
3075 5022 3210 5091 Quid
3239 5021 3382 5075 enim
3409 5017 3510 5070 sibi
3537 5015 3650 5069 vult
3669 5012 3959 5069 Cberubim
3983 5013 4008 5064 ζ)

2403 5125 2566 5180 Plena
2591 5120 2832 5176 scientia.
2856 5117 2991 5186 Quid
3017 5114 3295 5184 Seraphim
3317 5112 3339 5161 ‘t
3361 5109 3526 5180 lgnita
3548 5121 3663 5162 ora.
3693 5104 3873 5159 Videu'
3895 5118 4008 5173 quo

2411 5225 2568 5287 pacto
2597 5213 2813 5269 nomina
2861 5210 3073 5266 illorum
3097 5207 3413 5276 sapientiam
3440 5242 3455 5268 ,
3496 5199 3687 5253 horum
3718 5196 4004 5266 puritatem

2407 5307 2745 5380 signiﬁcent?
2770 5305 2824 5360 Si
2855 5319 2982 5358 vero
3010 5301 3098 5355 ubi
3128 5299 3280 5368 plena
3307 5293 3526 5378 scientia
3553 5300 3671 5357 est,
3714 5303 3780 5344 ne
3805 5297 4004 5343 attem-

2408 5375 2651 5472 peratum
2678 5385 2904 5468 quidem'
2926 5393 3017 5448 Dei
3043 5390 3259 5446 modum
3282 5375 3528 5442 accurate
3542 5381 3726 5439 videre
3743 5387 3972 5451 possunt
3989 5395 4004 5433 :

2411 5471 2499 5548 ubi
2529 5508 2596 5548 ex
2626 5501 2775 5561 parte
2821 5487 3084 5556 cognitio,
3129 5489 3189 5535 ut
3229 5479 3301 5534 ait
3331 5477 3527 5533 Paulus
3552 5516 3568 5540 ,
3618 5471 3702 5528 Es
3745 5479 3887 5542 parte
3917 5487 4009 5525 co-

2410 5585 2697 5658 gnoscimus
2716 5624 2732 5648 ,
2762 5590 2816 5636 et
2836 5622 2850 5648 ,
2882 5577 2979 5633 Per
3023 5573 3284 5647 speculum
3321 5580 3366 5624 et
3407 5571 3459 5622 in
3485 5567 3750 5638 wrtigmate
3780 5560 3854 5635 (ι.
3887 5560 4010 5614 Cor.

2415 5655 2703 5744 5.9.12),
2743 5680 2956 5743 quanta:
3003 5667 3164 5723 fuerit
3207 5662 3488 5725 amentize,
3537 5673 3634 5723 ea,
3683 5668 3802 5725 qua:
3833 5672 3900 5712 ne
3938 5655 4009 5709 illi

2415 5769 2634 5842 quidem
2664 5772 2888 5838 possunt
2917 5759 3142 5828 intueri,
3185 5757 3285 5816 sibi
3321 5763 3443 5810 nota
3473 5759 3527 5806 et
3563 5745 3848 5819 perspicua
3887 5760 4012 5802 esse

2417 5870 2605 5934 putare
2623 5859 2657 5933 l.
