  <div class='ocr_page' id='page_1' title='image "/cluster/home/n/w/nwhite01/storage/ocr_20150623/48/pst.000005712458/212.png"; bbox 0 0 4186 6326; ppageno 0'>
   <div class='ocr_carea' id='block_1_1' title="bbox 257 440 2621 502">
    <p class='ocr_par' dir='ltr' id='par_1_1' title="bbox 257 440 2621 502">
     <span class='ocr_line' id='line_1_1' title="bbox 257 440 2621 502; baseline 0.003 -7"><span class='ocrx_word' id='word_1_1' title='bbox 257 443 362 497; x_wconf 68' lang='grc'><strong>723</strong></span> <span class='ocrx_word' id='word_1_2' title='bbox 1189 443 1274 500; x_wconf 83' lang='lat' dir='ltr'><strong>DE</strong></span> <span class='ocrx_word' id='word_1_3' title='bbox 1315 443 1997 501; x_wconf 54' lang='lat' dir='ltr'><strong>lNCUMl’IiEliE-Nbllilid</strong></span> <span class='ocrx_word' id='word_1_4' title='bbox 2041 445 2148 499; x_wconf 71' lang='lat' dir='ltr'><strong>Dl-ll</strong></span> <span class='ocrx_word' id='word_1_5' title='bbox 2189 440 2621 502; x_wconf 53' lang='lat' dir='ltr'><strong>N.\T‘(ilA.:lll.</strong></span> 
     </span>
    </p>
   </div>
   <div class='ocr_carea' id='block_1_2' title="bbox 328 556 1847 629">
    <p class='ocr_par' dir='ltr' id='par_1_2' title="bbox 328 556 1847 629">
     <span class='ocr_line' id='line_1_2' title="bbox 328 556 1847 629; baseline 0.003 -19"><span class='ocrx_word' id='word_1_6' title='bbox 328 557 379 610; x_wconf 82' lang='lat'><strong>6.</strong></span> <span class='ocrx_word' id='word_1_7' title='bbox 412 556 566 625; x_wconf 86' lang='lat' dir='ltr'><strong>Quod</strong></span> <span class='ocrx_word' id='word_1_8' title='bbox 608 566 787 613; x_wconf 90' lang='lat' dir='ltr'><strong>autem</strong></span> <span class='ocrx_word' id='word_1_9' title='bbox 833 573 938 613; x_wconf 92' lang='lat' dir='ltr'><strong>non</strong></span> <span class='ocrx_word' id='word_1_10' title='bbox 985 558 1115 628; x_wconf 82' lang='lat' dir='ltr'><strong>ipsis</strong></span> <span class='ocrx_word' id='word_1_11' title='bbox 1151 559 1439 615; x_wconf 88' lang='lat' dir='ltr'><strong>Chcrubim</strong></span> <span class='ocrx_word' id='word_1_12' title='bbox 1481 570 1535 615; x_wconf 93' lang='lat' dir='ltr'><strong>et</strong></span> <span class='ocrx_word' id='word_1_13' title='bbox 1562 559 1847 629; x_wconf 85' lang='lat' dir='ltr'><strong>Seraphim</strong></span> 
     </span>
    </p>
   </div>
   <div class='ocr_carea' id='block_1_3' title="bbox 250 647 1847 719">
    <p class='ocr_par' dir='ltr' id='par_1_3' title="bbox 250 647 1847 719">
     <span class='ocr_line' id='line_1_3' title="bbox 250 647 1847 719; baseline 0.004 -20"><span class='ocrx_word' id='word_1_14' title='bbox 250 655 460 700; x_wconf 88' lang='lat' dir='ltr'><strong>tantum</strong></span> <span class='ocrx_word' id='word_1_15' title='bbox 483 689 497 712; x_wconf 95' lang='lat'><strong>,</strong></span> <span class='ocrx_word' id='word_1_16' title='bbox 537 647 632 702; x_wconf 92' lang='lat' dir='ltr'><strong>scd</strong></span> <span class='ocrx_word' id='word_1_17' title='bbox 661 663 762 704; x_wconf 90' lang='lat' dir='ltr'><strong>nec</strong></span> <span class='ocrx_word' id='word_1_18' title='bbox 803 650 964 703; x_wconf 89' lang='lat' dir='ltr'><strong>etiam</strong></span> <span class='ocrx_word' id='word_1_19' title='bbox 1002 649 1419 719; x_wconf 80' lang='lat' dir='ltr'><strong>Principatibus,</strong></span> <span class='ocrx_word' id='word_1_20' title='bbox 1450 651 1809 706; x_wconf 87' lang='lat' dir='ltr'><strong>Potestatibus</strong></span> <span class='ocrx_word' id='word_1_21' title='bbox 1833 693 1847 719; x_wconf 94' lang='lat'><strong>,</strong></span> 
     </span>
    </p>
   </div>
   <div class='ocr_carea' id='block_1_4' title="bbox 247 739 1846 811">
    <p class='ocr_par' dir='ltr' id='par_1_4' title="bbox 247 739 1846 811">
     <span class='ocr_line' id='line_1_4' title="bbox 247 739 1846 811; baseline 0.004 -20"><span class='ocrx_word' id='word_1_22' title='bbox 247 753 428 806; x_wconf 79' lang='lat' dir='ltr'><strong>neque</strong></span> <span class='ocrx_word' id='word_1_23' title='bbox 452 739 541 791; x_wconf 90' lang='lat' dir='ltr'><strong>alii</strong></span> <span class='ocrx_word' id='word_1_24' title='bbox 568 739 797 808; x_wconf 90' lang='lat' dir='ltr'><strong>cuipiam</strong></span> <span class='ocrx_word' id='word_1_25' title='bbox 829 741 1019 795; x_wconf 79' lang='lat' dir='ltr'><strong>Virtuti</strong></span> <span class='ocrx_word' id='word_1_26' title='bbox 1049 742 1546 811; x_wconf 82' lang='lat' dir='ltr'><strong>comprehensibilis</strong></span> <span class='ocrx_word' id='word_1_27' title='bbox 1575 744 1645 798; x_wconf 91' lang='lat' dir='ltr'><strong>sit</strong></span> <span class='ocrx_word' id='word_1_28' title='bbox 1675 745 1846 809; x_wconf 89' lang='lat' dir='ltr'><strong>Deus,</strong></span> 
     </span>
    </p>
   </div>
   <div class='ocr_carea' id='block_1_5' title="bbox 250 833 1850 906">
    <p class='ocr_par' dir='ltr' id='par_1_5' title="bbox 250 833 1850 906">
     <span class='ocr_line' id='line_1_5' title="bbox 250 833 1850 906; baseline 0.004 -20"><span class='ocrx_word' id='word_1_29' title='bbox 250 833 310 887; x_wconf 87' lang='lat' dir='ltr'><strong>id</strong></span> <span class='ocrx_word' id='word_1_30' title='bbox 331 834 437 903; x_wconf 88' lang='lat' dir='ltr'><strong>jam</strong></span> <span class='ocrx_word' id='word_1_31' title='bbox 470 835 659 888; x_wconf 66' lang='lat' dir='ltr'><strong>vellem</strong></span> <span class='ocrx_word' id='word_1_32' title='bbox 701 835 1015 899; x_wconf 78' lang='lat' dir='ltr'><strong>ostendere;</strong></span> <span class='ocrx_word' id='word_1_33' title='bbox 1066 836 1158 891; x_wconf 92' lang='lat' dir='ltr'><strong>sed</strong></span> <span class='ocrx_word' id='word_1_34' title='bbox 1196 837 1306 906; x_wconf 91' lang='lat' dir='ltr'><strong>jam</strong></span> <span class='ocrx_word' id='word_1_35' title='bbox 1352 837 1595 892; x_wconf 80' lang='lat' dir='ltr'><strong>defessus</strong></span> <span class='ocrx_word' id='word_1_36' title='bbox 1637 838 1850 893; x_wconf 91' lang='lat' dir='ltr'><strong>animus</strong></span> 
     </span>
    </p>
   </div>
   <div class='ocr_carea' id='block_1_6' title="bbox 245 927 1844 993">
    <p class='ocr_par' dir='ltr' id='par_1_6' title="bbox 245 927 1844 993">
     <span class='ocr_line' id='line_1_6' title="bbox 245 927 1844 993; baseline 0.004 -13"><span class='ocrx_word' id='word_1_37' title='bbox 245 935 335 980; x_wconf 87' lang='lat' dir='ltr'><strong>est</strong></span> <span class='ocrx_word' id='word_1_38' title='bbox 353 967 369 990; x_wconf 92' lang='lat'><strong>,</strong></span> <span class='ocrx_word' id='word_1_39' title='bbox 395 942 498 980; x_wconf 77' lang='lat' dir='ltr'><strong>non</strong></span> <span class='ocrx_word' id='word_1_40' title='bbox 522 927 885 993; x_wconf 72' lang='lat' dir='ltr'><strong>multitudine,</strong></span> <span class='ocrx_word' id='word_1_41' title='bbox 911 929 1004 984; x_wconf 90' lang='lat' dir='ltr'><strong>sed</strong></span> <span class='ocrx_word' id='word_1_42' title='bbox 1030 929 1252 985; x_wconf 91' lang='lat' dir='ltr'><strong>horrore</strong></span> <span class='ocrx_word' id='word_1_43' title='bbox 1273 930 1619 986; x_wconf 89' lang='lat' dir='ltr'><strong>dicendarum</strong></span> <span class='ocrx_word' id='word_1_44' title='bbox 1641 947 1844 987; x_wconf 92' lang='lat' dir='ltr'><strong>rerum.</strong></span> 
     </span>
    </p>
   </div>
   <div class='ocr_carea' id='block_1_7' title="bbox 245 1015 1849 1094">
    <p class='ocr_par' dir='ltr' id='par_1_7' title="bbox 245 1015 1849 1094">
     <span class='ocr_line' id='line_1_7' title="bbox 245 1015 1849 1094; baseline 0.006 -25"><span class='ocrx_word' id='word_1_45' title='bbox 245 1015 458 1074; x_wconf 80' lang='lat' dir='ltr'><strong>Tremit</strong></span> <span class='ocrx_word' id='word_1_46' title='bbox 484 1019 627 1072; x_wconf 89' lang='lat' dir='ltr'><strong>enim</strong></span> <span class='ocrx_word' id='word_1_47' title='bbox 659 1031 714 1073; x_wconf 85' lang='lat' dir='ltr'><strong>et</strong></span> <span class='ocrx_word' id='word_1_48' title='bbox 742 1019 1006 1075; x_wconf 83' lang='lat' dir='ltr'><strong>horrescit</strong></span> <span class='ocrx_word' id='word_1_49' title='bbox 1047 1023 1292 1092; x_wconf 85' lang='lat' dir='ltr'><strong>supernis</strong></span> <span class='ocrx_word' id='word_1_50' title='bbox 1315 1023 1419 1076; x_wconf 86' lang='lat' dir='ltr'><strong>illis</strong></span> <span class='ocrx_word' id='word_1_51' title='bbox 1442 1023 1849 1094; x_wconf 89' lang='lat' dir='ltr'><strong>contemplatio-</strong></span> 
     </span>
    </p>
   </div>
   <div class='ocr_carea' id='block_1_8' title="bbox 241 1098 1845 1181">
    <p class='ocr_par' dir='ltr' id='par_1_8' title="bbox 241 1098 1845 1181">
     <span class='ocr_line' id='line_1_8' title="bbox 241 1098 1845 1181; baseline 0.005 -19"><span class='ocrx_word' id='word_1_52' title='bbox 241 1107 410 1162; x_wconf 82' lang='lat' dir='ltr'><strong>nihus</strong></span> <span class='ocrx_word' id='word_1_53' title='bbox 436 1098 637 1162; x_wconf 77' lang='lat' dir='ltr'><strong>diutius</strong></span> <span class='ocrx_word' id='word_1_54' title='bbox 681 1110 992 1181; x_wconf 79' lang='lat' dir='ltr'><strong>imtnorans.</strong></span> <span class='ocrx_word' id='word_1_55' title='bbox 1024 1112 1383 1179; x_wconf 83' lang='lat' dir='ltr'><strong>Quamobrem</strong></span> <span class='ocrx_word' id='word_1_56' title='bbox 1429 1129 1496 1168; x_wconf 91' lang='lat' dir='ltr'><strong>ex</strong></span> <span class='ocrx_word' id='word_1_57' title='bbox 1533 1115 1678 1170; x_wconf 80' lang='lat' dir='ltr'><strong>caelis</strong></span> <span class='ocrx_word' id='word_1_58' title='bbox 1723 1131 1845 1170; x_wconf 89' lang='lat' dir='ltr'><strong>eum</strong></span> 
     </span>
    </p>
   </div>
   <div class='ocr_carea' id='block_1_9' title="bbox 249 1197 1844 1271">
    <p class='ocr_par' dir='ltr' id='par_1_9' title="bbox 249 1197 1844 1271">
     <span class='ocr_line' id='line_1_9' title="bbox 249 1197 1844 1271; baseline 0.004 -18"><span class='ocrx_word' id='word_1_59' title='bbox 249 1197 597 1264; x_wconf 82' lang='lat' dir='ltr'><strong>reducamus,</strong></span> <span class='ocrx_word' id='word_1_60' title='bbox 625 1201 1036 1271; x_wconf 87' lang='lat' dir='ltr'><strong>perculsumque</strong></span> <span class='ocrx_word' id='word_1_61' title='bbox 1058 1219 1382 1269; x_wconf 89' lang='lat' dir='ltr'><strong>recreemus,</strong></span> <span class='ocrx_word' id='word_1_62' title='bbox 1406 1205 1472 1259; x_wconf 91' lang='lat' dir='ltr'><strong>ad</strong></span> <span class='ocrx_word' id='word_1_63' title='bbox 1489 1206 1698 1260; x_wconf 87' lang='lat' dir='ltr'><strong>solitam</strong></span> <span class='ocrx_word' id='word_1_64' title='bbox 1716 1221 1844 1260; x_wconf 83' lang='lat' dir='ltr'><strong>con-</strong></span> 
     </span>
    </p>
   </div>
   <div class='ocr_carea' id='block_1_10' title="bbox 241 1290 1845 1370">
    <p class='ocr_par' dir='ltr' id='par_1_10' title="bbox 241 1290 1845 1370">
     <span class='ocr_line' id='line_1_10' title="bbox 241 1290 1845 1370; baseline 0.008 -26"><span class='ocrx_word' id='word_1_65' title='bbox 241 1290 512 1362; x_wconf 87' lang='lat' dir='ltr'><strong>fugientes</strong></span> <span class='ocrx_word' id='word_1_66' title='bbox 539 1295 988 1355; x_wconf 79' lang='lat' dir='ltr'><strong>exhortationem.</strong></span> <span class='ocrx_word' id='word_1_67' title='bbox 1018 1297 1272 1365; x_wconf 70' lang='lat' dir='ltr'><strong>Qumnam</strong></span> <span class='ocrx_word' id='word_1_68' title='bbox 1299 1299 1388 1352; x_wconf 92' lang='lat' dir='ltr'><strong>illa</strong></span> <span class='ocrx_word' id='word_1_69' title='bbox 1414 1300 1530 1354; x_wconf 89' lang='lat' dir='ltr'><strong>est?</strong></span> <span class='ocrx_word' id='word_1_70' title='bbox 1562 1299 1627 1356; x_wconf 91' lang='lat' dir='ltr'><strong>Ut</strong></span> <span class='ocrx_word' id='word_1_71' title='bbox 1655 1315 1845 1370; x_wconf 88' lang='lat' dir='ltr'><strong>prece-</strong></span> 
     </span>
    </p>
   </div>
   <div class='ocr_carea' id='block_1_11' title="bbox 237 1388 1842 1457">
    <p class='ocr_par' dir='ltr' id='par_1_11' title="bbox 237 1388 1842 1457">
     <span class='ocr_line' id='line_1_11' title="bbox 237 1388 1842 1457; baseline 0.006 -17"><span class='ocrx_word' id='word_1_72' title='bbox 237 1398 372 1440; x_wconf 85' lang='lat' dir='ltr'><strong>mur</strong></span> <span class='ocrx_word' id='word_1_73' title='bbox 400 1401 494 1441; x_wconf 92' lang='lat' dir='ltr'><strong>eos</strong></span> <span class='ocrx_word' id='word_1_74' title='bbox 521 1389 609 1457; x_wconf 90' lang='lat' dir='ltr'><strong>qui</strong></span> <span class='ocrx_word' id='word_1_75' title='bbox 642 1388 733 1454; x_wconf 83' lang='lat' dir='ltr'><strong>tali</strong></span> <span class='ocrx_word' id='word_1_76' title='bbox 777 1389 968 1444; x_wconf 88' lang='lat' dir='ltr'><strong>morbo</strong></span> <span class='ocrx_word' id='word_1_77' title='bbox 998 1390 1243 1447; x_wconf 81' lang='lat' dir='ltr'><strong>laborant</strong></span> <span class='ocrx_word' id='word_1_78' title='bbox 1276 1393 1343 1446; x_wconf 91' lang='lat' dir='ltr'><strong>ad</strong></span> <span class='ocrx_word' id='word_1_79' title='bbox 1377 1393 1660 1448; x_wconf 82' lang='lat' dir='ltr'><strong>sanitatem</strong></span> <span class='ocrx_word' id='word_1_80' title='bbox 1687 1411 1842 1450; x_wconf 75' lang='lat' dir='ltr'><strong>revo-</strong></span> 
     </span>
    </p>
   </div>
   <div class='ocr_carea' id='block_1_12' title="bbox 241 1477 1845 1554">
    <p class='ocr_par' dir='ltr' id='par_1_12' title="bbox 241 1477 1845 1554">
     <span class='ocr_line' id='line_1_12' title="bbox 241 1477 1845 1554; baseline 0.008 -23"><span class='ocrx_word' id='word_1_81' title='bbox 241 1478 378 1531; x_wconf 83' lang='lat' dir='ltr'><strong>cari.</strong></span> <span class='ocrx_word' id='word_1_82' title='bbox 413 1477 544 1532; x_wconf 85' lang='lat' dir='ltr'><strong>Nam</strong></span> <span class='ocrx_word' id='word_1_83' title='bbox 594 1479 638 1533; x_wconf 88' lang='lat' dir='ltr'><strong>si</strong></span> <span class='ocrx_word' id='word_1_84' title='bbox 671 1495 767 1549; x_wconf 87' lang='lat' dir='ltr'><strong>pro</strong></span> <span class='ocrx_word' id='word_1_85' title='bbox 812 1484 1027 1550; x_wconf 79' lang='lat' dir='ltr'><strong>aegrotis</strong></span> <span class='ocrx_word' id='word_1_86' title='bbox 1051 1524 1065 1547; x_wconf 92' lang='lat'><strong>,</strong></span> <span class='ocrx_word' id='word_1_87' title='bbox 1098 1500 1196 1554; x_wconf 91' lang='lat' dir='ltr'><strong>pro</strong></span> <span class='ocrx_word' id='word_1_88' title='bbox 1224 1484 1588 1542; x_wconf 89' lang='lat' dir='ltr'><strong>laborantibus</strong></span> <span class='ocrx_word' id='word_1_89' title='bbox 1633 1486 1700 1542; x_wconf 89' lang='lat' dir='ltr'><strong>ad</strong></span> <span class='ocrx_word' id='word_1_90' title='bbox 1733 1504 1845 1544; x_wconf 90' lang='lat' dir='ltr'><strong>me-</strong></span> 
     </span>
    </p>
   </div>
   <div class='ocr_carea' id='block_1_13' title="bbox 240 1567 1840 1649">
    <p class='ocr_par' dir='ltr' id='par_1_13' title="bbox 240 1567 1840 1649">
     <span class='ocr_line' id='line_1_13' title="bbox 240 1567 1840 1649; baseline 0.009 -27"><span class='ocrx_word' id='word_1_91' title='bbox 240 1567 372 1622; x_wconf 81' lang='lat' dir='ltr'><strong>talla</strong></span> <span class='ocrx_word' id='word_1_92' title='bbox 395 1610 410 1635; x_wconf 93' lang='lat'><strong>,</strong></span> <span class='ocrx_word' id='word_1_93' title='bbox 457 1586 556 1640; x_wconf 92' lang='lat' dir='ltr'><strong>pro</strong></span> <span class='ocrx_word' id='word_1_94' title='bbox 585 1571 714 1626; x_wconf 88' lang='lat' dir='ltr'><strong>dura</strong></span> <span class='ocrx_word' id='word_1_95' title='bbox 760 1574 1014 1628; x_wconf 83' lang='lat' dir='ltr'><strong>servitute</strong></span> <span class='ocrx_word' id='word_1_96' title='bbox 1041 1576 1270 1644; x_wconf 88' lang='lat' dir='ltr'><strong>pressis,</strong></span> <span class='ocrx_word' id='word_1_97' title='bbox 1308 1592 1407 1647; x_wconf 91' lang='lat' dir='ltr'><strong>pro</strong></span> <span class='ocrx_word' id='word_1_98' title='bbox 1433 1582 1806 1649; x_wconf 88' lang='lat' dir='ltr'><strong>energumenis</strong></span> <span class='ocrx_word' id='word_1_99' title='bbox 1826 1623 1840 1646; x_wconf 94' lang='lat'><strong>,</strong></span> 
     </span>
    </p>
   </div>
   <div class='ocr_carea' id='block_1_14' title="bbox 240 1659 1841 1740">
    <p class='ocr_par' dir='ltr' id='par_1_14' title="bbox 240 1659 1841 1740">
     <span class='ocr_line' id='line_1_14' title="bbox 240 1659 1841 1740; baseline 0.009 -26"><span class='ocrx_word' id='word_1_100' title='bbox 240 1659 412 1715; x_wconf 87' lang='lat' dir='ltr'><strong>Deum</strong></span> <span class='ocrx_word' id='word_1_101' title='bbox 444 1677 636 1733; x_wconf 88' lang='lat' dir='ltr'><strong>rogare</strong></span> <span class='ocrx_word' id='word_1_102' title='bbox 674 1664 954 1733; x_wconf 90' lang='lat' dir='ltr'><strong>jubemur,</strong></span> <span class='ocrx_word' id='word_1_103' title='bbox 986 1678 1186 1738; x_wconf 89' lang='lat' dir='ltr'><strong>quanto</strong></span> <span class='ocrx_word' id='word_1_104' title='bbox 1228 1670 1398 1740; x_wconf 86' lang='lat' dir='ltr'><strong>magis</strong></span> <span class='ocrx_word' id='word_1_105' title='bbox 1431 1686 1526 1739; x_wconf 92' lang='lat' dir='ltr'><strong>pro</strong></span> <span class='ocrx_word' id='word_1_106' title='bbox 1572 1671 1697 1728; x_wconf 80' lang='lat' dir='ltr'><strong>his?</strong></span> <span class='ocrx_word' id='word_1_107' title='bbox 1734 1675 1841 1729; x_wconf 86' lang='lat' dir='ltr'><strong>lm-</strong></span> 
     </span>
    </p>
   </div>
   <div class='ocr_carea' id='block_1_15' title="bbox 241 1753 1844 1836">
    <p class='ocr_par' dir='ltr' id='par_1_15' title="bbox 241 1753 1844 1836">
     <span class='ocr_line' id='line_1_15' title="bbox 241 1753 1844 1836; baseline 0.01 -31"><span class='ocrx_word' id='word_1_108' title='bbox 241 1753 422 1822; x_wconf 87' lang='lat' dir='ltr'><strong>pietas</strong></span> <span class='ocrx_word' id='word_1_109' title='bbox 456 1755 654 1826; x_wconf 88' lang='lat' dir='ltr'><strong>quippe</strong></span> <span class='ocrx_word' id='word_1_110' title='bbox 691 1757 809 1835; x_wconf 85' lang='lat' dir='ltr'><strong>ipso</strong></span> <span class='ocrx_word' id='word_1_111' title='bbox 834 1757 1076 1815; x_wconf 68' lang='lat' dir='ltr'><strong>dmmone</strong></span> <span class='ocrx_word' id='word_1_112' title='bbox 1109 1760 1296 1816; x_wconf 90' lang='lat' dir='ltr'><strong>tetrior</strong></span> <span class='ocrx_word' id='word_1_113' title='bbox 1317 1771 1400 1817; x_wconf 92' lang='lat' dir='ltr'><strong>est</strong></span> <span class='ocrx_word' id='word_1_114' title='bbox 1431 1780 1444 1815; x_wconf 87' lang='lat'><strong>:</strong></span> <span class='ocrx_word' id='word_1_115' title='bbox 1479 1764 1568 1819; x_wconf 88' lang='lat' dir='ltr'><strong>illa</strong></span> <span class='ocrx_word' id='word_1_116' title='bbox 1613 1781 1844 1836; x_wconf 88' lang='lat' dir='ltr'><strong>namque</strong></span> 
     </span>
    </p>
   </div>
   <div class='ocr_carea' id='block_1_16' title="bbox 239 1846 1842 1920">
    <p class='ocr_par' dir='ltr' id='par_1_16' title="bbox 239 1846 1842 1920">
     <span class='ocr_line' id='line_1_16' title="bbox 239 1846 1842 1920; baseline 0.009 -21"><span class='ocrx_word' id='word_1_117' title='bbox 239 1846 448 1901; x_wconf 86' lang='lat' dir='ltr'><strong>insania</strong></span> <span class='ocrx_word' id='word_1_118' title='bbox 477 1849 687 1902; x_wconf 82' lang='lat' dir='ltr'><strong>veniam</strong></span> <span class='ocrx_word' id='word_1_119' title='bbox 710 1859 945 1906; x_wconf 90' lang='lat' dir='ltr'><strong>meretur</strong></span> <span class='ocrx_word' id='word_1_120' title='bbox 963 1893 979 1920; x_wconf 93' lang='lat'><strong>,</strong></span> <span class='ocrx_word' id='word_1_121' title='bbox 1011 1852 1097 1907; x_wconf 90' lang='lat' dir='ltr'><strong>hic</strong></span> <span class='ocrx_word' id='word_1_122' title='bbox 1126 1869 1252 1908; x_wconf 91' lang='lat' dir='ltr'><strong>vero</strong></span> <span class='ocrx_word' id='word_1_123' title='bbox 1281 1857 1500 1910; x_wconf 89' lang='lat' dir='ltr'><strong>morbus</strong></span> <span class='ocrx_word' id='word_1_124' title='bbox 1524 1857 1724 1912; x_wconf 90' lang='lat' dir='ltr'><strong>nullam</strong></span> <span class='ocrx_word' id='word_1_125' title='bbox 1748 1857 1842 1912; x_wconf 86' lang='lat' dir='ltr'><strong>ha-</strong></span> 
     </span>
    </p>
   </div>
   <div class='ocr_carea' id='block_1_17' title="bbox 239 1939 1835 2023">
    <p class='ocr_par' dir='ltr' id='par_1_17' title="bbox 239 1939 1835 2023">
     <span class='ocr_line' id='line_1_17' title="bbox 239 1939 1835 2023; baseline 0.009 -30"><span class='ocrx_word' id='word_1_126' title='bbox 239 1939 336 1993; x_wconf 85' lang='lat' dir='ltr'><strong>bet</strong></span> <span class='ocrx_word' id='word_1_127' title='bbox 353 1939 747 1997; x_wconf 84' lang='lat' dir='ltr'><strong>defensionem.</strong></span> <span class='ocrx_word' id='word_1_128' title='bbox 773 1946 842 1999; x_wconf 84' lang='lat' dir='ltr'><strong>At</strong></span> <span class='ocrx_word' id='word_1_129' title='bbox 871 1946 1082 2013; x_wconf 86' lang='lat' dir='ltr'><strong>quando</strong></span> <span class='ocrx_word' id='word_1_130' title='bbox 1109 1945 1177 2000; x_wconf 89' lang='lat' dir='ltr'><strong>de</strong></span> <span class='ocrx_word' id='word_1_131' title='bbox 1207 1949 1448 2007; x_wconf 88' lang='lat' dir='ltr'><strong>oratione</strong></span> <span class='ocrx_word' id='word_1_132' title='bbox 1479 1966 1574 2020; x_wconf 89' lang='lat' dir='ltr'><strong>pro</strong></span> <span class='ocrx_word' id='word_1_133' title='bbox 1613 1965 1835 2023; x_wconf 85' lang='lat' dir='ltr'><strong>energu-</strong></span> 
     </span>
    </p>
   </div>
   <div class='ocr_carea' id='block_1_18' title="bbox 238 2032 1840 2108">
    <p class='ocr_par' dir='ltr' id='par_1_18' title="bbox 238 2032 1840 2108">
     <span class='ocr_line' id='line_1_18' title="bbox 238 2032 1840 2108; baseline 0.007 -24"><span class='ocrx_word' id='word_1_134' title='bbox 238 2032 418 2086; x_wconf 88' lang='lat' dir='ltr'><strong>menis</strong></span> <span class='ocrx_word' id='word_1_135' title='bbox 447 2034 778 2088; x_wconf 89' lang='lat' dir='ltr'><strong>mentionem</strong></span> <span class='ocrx_word' id='word_1_136' title='bbox 808 2035 908 2091; x_wconf 86' lang='lat' dir='ltr'><strong>feci</strong></span> <span class='ocrx_word' id='word_1_137' title='bbox 933 2077 946 2101; x_wconf 96' lang='lat'><strong>,</strong></span> <span class='ocrx_word' id='word_1_138' title='bbox 981 2037 1177 2108; x_wconf 90' lang='lat' dir='ltr'><strong>aliquid</strong></span> <span class='ocrx_word' id='word_1_139' title='bbox 1205 2053 1266 2093; x_wconf 87' lang='lat' dir='ltr'><strong>ea</strong></span> <span class='ocrx_word' id='word_1_140' title='bbox 1289 2038 1357 2094; x_wconf 89' lang='lat' dir='ltr'><strong>de</strong></span> <span class='ocrx_word' id='word_1_141' title='bbox 1386 2054 1446 2095; x_wconf 91' lang='lat' dir='ltr'><strong>re</strong></span> <span class='ocrx_word' id='word_1_142' title='bbox 1484 2051 1678 2095; x_wconf 79' lang='lat' dir='ltr'><strong>vesme</strong></span> <span class='ocrx_word' id='word_1_143' title='bbox 1703 2043 1840 2097; x_wconf 90' lang='lat' dir='ltr'><strong>cari-</strong></span> 
     </span>
    </p>
   </div>
   <div class='ocr_carea' id='block_1_19' title="bbox 234 2121 1837 2199">
    <p class='ocr_par' dir='ltr' id='par_1_19' title="bbox 234 2121 1837 2199">
     <span class='ocr_line' id='line_1_19' title="bbox 234 2121 1837 2199; baseline 0.009 -25"><span class='ocrx_word' id='word_1_144' title='bbox 234 2121 338 2174; x_wconf 83' lang='lat' dir='ltr'><strong>tati</strong></span> <span class='ocrx_word' id='word_1_145' title='bbox 381 2121 647 2178; x_wconf 87' lang='lat' dir='ltr'><strong>disserere</strong></span> <span class='ocrx_word' id='word_1_146' title='bbox 693 2126 906 2180; x_wconf 91' lang='lat' dir='ltr'><strong>animus</strong></span> <span class='ocrx_word' id='word_1_147' title='bbox 930 2137 1050 2198; x_wconf 88' lang='lat' dir='ltr'><strong>est,</strong></span> <span class='ocrx_word' id='word_1_148' title='bbox 1101 2144 1208 2198; x_wconf 91' lang='lat' dir='ltr'><strong>quo</strong></span> <span class='ocrx_word' id='word_1_149' title='bbox 1248 2145 1470 2199; x_wconf 79' lang='lat' dir='ltr'><strong>gravem</strong></span> <span class='ocrx_word' id='word_1_150' title='bbox 1498 2131 1567 2186; x_wconf 92' lang='lat' dir='ltr'><strong>ab</strong></span> <span class='ocrx_word' id='word_1_151' title='bbox 1596 2132 1837 2188; x_wconf 87' lang='lat' dir='ltr'><strong>Ecclesia</strong></span> 
     </span>
    </p>
   </div>
   <div class='ocr_carea' id='block_1_20' title="bbox 235 2212 1837 2281">
    <p class='ocr_par' dir='ltr' id='par_1_20' title="bbox 235 2212 1837 2281">
     <span class='ocr_line' id='line_1_20' title="bbox 235 2212 1837 2281; baseline 0.01 -16"><span class='ocrx_word' id='word_1_152' title='bbox 235 2212 486 2267; x_wconf 91' lang='lat' dir='ltr'><strong>morbum</strong></span> <span class='ocrx_word' id='word_1_153' title='bbox 515 2214 908 2272; x_wconf 89' lang='lat' dir='ltr'><strong>exscindamus.</strong></span> <span class='ocrx_word' id='word_1_154' title='bbox 943 2219 1155 2274; x_wconf 89' lang='lat' dir='ltr'><strong>Etenim</strong></span> <span class='ocrx_word' id='word_1_155' title='bbox 1206 2221 1494 2277; x_wconf 89' lang='lat' dir='ltr'><strong>absurdum</strong></span> <span class='ocrx_word' id='word_1_156' title='bbox 1526 2233 1669 2280; x_wconf 83' lang='lat' dir='ltr'><strong>esset</strong></span> <span class='ocrx_word' id='word_1_157' title='bbox 1710 2225 1837 2281; x_wconf 89' lang='lat' dir='ltr'><strong>dum</strong></span> 
     </span>
    </p>
   </div>
   <div class='ocr_carea' id='block_1_21' title="bbox 232 2303 1839 2383">
    <p class='ocr_par' dir='ltr' id='par_1_21' title="bbox 232 2303 1839 2383">
     <span class='ocr_line' id='line_1_21' title="bbox 232 2303 1839 2383; baseline 0.011 -28"><span class='ocrx_word' id='word_1_158' title='bbox 232 2303 546 2357; x_wconf 85' lang='lat' dir='ltr'><strong>exterarum</strong></span> <span class='ocrx_word' id='word_1_159' title='bbox 574 2304 775 2360; x_wconf 88' lang='lat' dir='ltr'><strong>morbis</strong></span> <span class='ocrx_word' id='word_1_160' title='bbox 805 2315 948 2362; x_wconf 69' lang='lat' dir='ltr'><strong>Lauta</strong></span> <span class='ocrx_word' id='word_1_161' title='bbox 991 2324 1113 2364; x_wconf 82' lang='lat' dir='ltr'><strong>cura</strong></span> <span class='ocrx_word' id='word_1_162' title='bbox 1145 2311 1423 2366; x_wconf 83' lang='lat' dir='ltr'><strong>medemur</strong></span> <span class='ocrx_word' id='word_1_163' title='bbox 1445 2355 1459 2376; x_wconf 97' lang='lat'><strong>,</strong></span> <span class='ocrx_word' id='word_1_164' title='bbox 1492 2316 1706 2383; x_wconf 87' lang='lat' dir='ltr'><strong>propria</strong></span> <span class='ocrx_word' id='word_1_165' title='bbox 1732 2332 1839 2372; x_wconf 77' lang='lat' dir='ltr'><strong>&#39;nc-</strong></span> 
     </span>
    </p>
   </div>
   <div class='ocr_carea' id='block_1_22' title="bbox 231 2392 1614 2470">
    <p class='ocr_par' dir='ltr' id='par_1_22' title="bbox 231 2392 1614 2470">
     <span class='ocr_line' id='line_1_22' title="bbox 231 2392 1614 2470; baseline 0.012 -27"><span class='ocrx_word' id='word_1_166' title='bbox 231 2392 437 2464; x_wconf 86' lang='lat' dir='ltr'><strong>gligere</strong></span> <span class='ocrx_word' id='word_1_167' title='bbox 467 2396 727 2450; x_wconf 89' lang='lat' dir='ltr'><strong>membra.</strong></span> <span class='ocrx_word' id='word_1_168' title='bbox 753 2397 911 2465; x_wconf 86' lang='lat' dir='ltr'><strong>Quod</strong></span> <span class='ocrx_word' id='word_1_169' title='bbox 937 2414 1108 2470; x_wconf 80' lang='lat' dir='ltr'><strong>genus</strong></span> <span class='ocrx_word' id='word_1_170' title='bbox 1135 2402 1309 2455; x_wconf 85' lang='lat' dir='ltr'><strong>morbi</strong></span> <span class='ocrx_word' id='word_1_171' title='bbox 1341 2402 1470 2458; x_wconf 90' lang='lat' dir='ltr'><strong>illud</strong></span> <span class='ocrx_word' id='word_1_172' title='bbox 1500 2405 1614 2458; x_wconf 86' lang='lat' dir='ltr'><strong>est?</strong></span> 
     </span>
    </p>
   </div>
   <div class='ocr_carea' id='block_1_23' title="bbox 309 2485 1837 2564">
    <p class='ocr_par' dir='ltr' id='par_1_23' title="bbox 309 2485 1837 2564">
     <span class='ocr_line' id='line_1_23' title="bbox 309 2485 1837 2564; baseline 0.01 -24"><span class='ocrx_word' id='word_1_173' title='bbox 309 2485 496 2557; x_wconf 78' lang='lat' dir='ltr'><strong>Arguit</strong></span> <span class='ocrx_word' id='word_1_174' title='bbox 542 2488 881 2546; x_wconf 82' lang='lat' dir='ltr'><strong>Antiochenos</strong></span> <span class='ocrx_word' id='word_1_175' title='bbox 933 2493 1070 2562; x_wconf 85' lang='lat' dir='ltr'><strong>quod</strong></span> <span class='ocrx_word' id='word_1_176' title='bbox 1116 2504 1228 2564; x_wconf 89' lang='lat' dir='ltr'><strong>post</strong></span> <span class='ocrx_word' id='word_1_177' title='bbox 1257 2497 1551 2551; x_wconf 79' lang='lat' dir='ltr'><strong>concionem</strong></span> <span class='ocrx_word' id='word_1_178' title='bbox 1598 2514 1632 2553; x_wconf 88' lang='lat' dir='ltr'><strong>a</strong></span> <span class='ocrx_word' id='word_1_179' title='bbox 1677 2503 1837 2556; x_wconf 85' lang='lat' dir='ltr'><strong>sacris</strong></span> 
     </span>
    </p>
   </div>
   <div class='ocr_carea' id='block_1_24' title="bbox 236 2579 1836 2659">
    <p class='ocr_par' dir='ltr' id='par_1_24' title="bbox 236 2579 1836 2659">
     <span class='ocr_line' id='line_1_24' title="bbox 236 2579 1836 2659; baseline 0.011 -29"><span class='ocrx_word' id='word_1_180' title='bbox 236 2579 496 2648; x_wconf 76' lang='lat' dir='ltr'><strong>mysteriis</strong></span> <span class='ocrx_word' id='word_1_181' title='bbox 521 2581 831 2643; x_wconf 73' lang='lat' dir='ltr'><strong>recederent.</strong></span> <span class='ocrx_word' id='word_1_182' title='bbox 857 2613 928 2623; x_wconf 92' lang='lat'><strong>—</strong></span> <span class='ocrx_word' id='word_1_183' title='bbox 951 2585 1222 2656; x_wconf 87' lang='lat' dir='ltr'><strong>Ingentem</strong></span> <span class='ocrx_word' id='word_1_184' title='bbox 1250 2588 1389 2643; x_wconf 86' lang='lat' dir='ltr'><strong>hanc</strong></span> <span class='ocrx_word' id='word_1_185' title='bbox 1433 2590 1610 2659; x_wconf 90' lang='lat' dir='ltr'><strong>populi</strong></span> <span class='ocrx_word' id='word_1_186' title='bbox 1650 2592 1836 2647; x_wconf 88' lang='lat' dir='ltr'><strong>multi-</strong></span> 
     </span>
    </p>
   </div>
   <div class='ocr_carea' id='block_1_25' title="bbox 228 2671 1831 2752">
    <p class='ocr_par' dir='ltr' id='par_1_25' title="bbox 228 2671 1831 2752">
     <span class='ocr_line' id='line_1_25' title="bbox 228 2671 1831 2752; baseline 0.009 -27"><span class='ocrx_word' id='word_1_187' title='bbox 228 2671 638 2731; x_wconf 81' lang='lat' dir='ltr'><strong>tudinemnunc</strong></span> <span class='ocrx_word' id='word_1_188' title='bbox 664 2684 903 2731; x_wconf 88' lang='lat' dir='ltr'><strong>coactam</strong></span> <span class='ocrx_word' id='word_1_189' title='bbox 928 2719 943 2744; x_wconf 94' lang='lat'><strong>,</strong></span> <span class='ocrx_word' id='word_1_190' title='bbox 967 2688 1022 2732; x_wconf 92' lang='lat' dir='ltr'><strong>et</strong></span> <span class='ocrx_word' id='word_1_191' title='bbox 1053 2687 1200 2734; x_wconf 85' lang='lat' dir='ltr'><strong>tanto</strong></span> <span class='ocrx_word' id='word_1_192' title='bbox 1222 2680 1400 2735; x_wconf 82' lang='lat' dir='ltr'><strong>studio</strong></span> <span class='ocrx_word' id='word_1_193' title='bbox 1421 2683 1831 2752; x_wconf 82' lang='lat' dir='ltr'><strong>auscultantem,</strong></span> 
     </span>
    </p>
   </div>
   <div class='ocr_carea' id='block_1_26' title="bbox 229 2765 1833 2846">
    <p class='ocr_par' dir='ltr' id='par_1_26' title="bbox 229 2765 1833 2846">
     <span class='ocr_line' id='line_1_26' title="bbox 229 2765 1833 2846; baseline 0.009 -28"><span class='ocrx_word' id='word_1_194' title='bbox 229 2765 514 2820; x_wconf 89' lang='lat' dir='ltr'><strong>tremenda</strong></span> <span class='ocrx_word' id='word_1_195' title='bbox 540 2767 632 2820; x_wconf 90' lang='lat' dir='ltr'><strong>illa</strong></span> <span class='ocrx_word' id='word_1_196' title='bbox 655 2767 784 2822; x_wconf 87' lang='lat' dir='ltr'><strong>hora</strong></span> <span class='ocrx_word' id='word_1_197' title='bbox 811 2770 981 2825; x_wconf 80' lang='lat' dir='ltr'><strong>oculis</strong></span> <span class='ocrx_word' id='word_1_198' title='bbox 1008 2773 1327 2843; x_wconf 84' lang='lat' dir='ltr'><strong>perquirens</strong></span> <span class='ocrx_word' id='word_1_199' title='bbox 1350 2815 1365 2841; x_wconf 95' lang='lat'><strong>,</strong></span> <span class='ocrx_word' id='word_1_200' title='bbox 1390 2773 1575 2830; x_wconf 87' lang='lat' dir='ltr'><strong>videre</strong></span> <span class='ocrx_word' id='word_1_201' title='bbox 1601 2790 1707 2831; x_wconf 91' lang='lat' dir='ltr'><strong>non</strong></span> <span class='ocrx_word' id='word_1_202' title='bbox 1737 2793 1833 2846; x_wconf 81' lang='lat' dir='ltr'><strong>po-</strong></span> 
     </span>
    </p>
   </div>
   <div class='ocr_carea' id='block_1_27' title="bbox 226 2855 1831 2940">
    <p class='ocr_par' dir='ltr' id='par_1_27' title="bbox 226 2855 1831 2940">
     <span class='ocr_line' id='line_1_27' title="bbox 226 2855 1831 2940; baseline 0.011 -31"><span class='ocrx_word' id='word_1_203' title='bbox 226 2855 314 2910; x_wconf 88' lang='lat' dir='ltr'><strong>tui</strong></span> <span class='ocrx_word' id='word_1_204' title='bbox 345 2873 361 2909; x_wconf 88' lang='lat'><strong>:</strong></span> <span class='ocrx_word' id='word_1_205' title='bbox 399 2857 794 2929; x_wconf 89' lang='lat' dir='ltr'><strong>admodumque</strong></span> <span class='ocrx_word' id='word_1_206' title='bbox 819 2860 1052 2933; x_wconf 90' lang='lat' dir='ltr'><strong>ingemui</strong></span> <span class='ocrx_word' id='word_1_207' title='bbox 1073 2905 1088 2932; x_wconf 89' lang='lat'><strong>,</strong></span> <span class='ocrx_word' id='word_1_208' title='bbox 1122 2865 1264 2935; x_wconf 91' lang='lat' dir='ltr'><strong>quod</strong></span> <span class='ocrx_word' id='word_1_209' title='bbox 1291 2908 1305 2933; x_wconf 96' lang='lat'><strong>,</strong></span> <span class='ocrx_word' id='word_1_210' title='bbox 1339 2866 1590 2937; x_wconf 88' lang='lat' dir='ltr'><strong>loquente</strong></span> <span class='ocrx_word' id='word_1_211' title='bbox 1617 2870 1831 2940; x_wconf 89' lang='lat' dir='ltr'><strong>quidem</strong></span> 
     </span>
    </p>
   </div>
   <div class='ocr_carea' id='block_1_28' title="bbox 225 2953 1829 3034">
    <p class='ocr_par' dir='ltr' id='par_1_28' title="bbox 225 2953 1829 3034">
     <span class='ocr_line' id='line_1_28' title="bbox 225 2953 1829 3034; baseline 0.012 -31"><span class='ocrx_word' id='word_1_212' title='bbox 225 2963 532 3017; x_wconf 86' lang='lat' dir='ltr'><strong>conservo,</strong></span> <span class='ocrx_word' id='word_1_213' title='bbox 580 2953 771 3026; x_wconf 87' lang='lat' dir='ltr'><strong>ingens</strong></span> <span class='ocrx_word' id='word_1_214' title='bbox 835 2957 908 3012; x_wconf 88' lang='lat' dir='ltr'><strong>sit</strong></span> <span class='ocrx_word' id='word_1_215' title='bbox 956 2959 1232 3028; x_wconf 87' lang='lat' dir='ltr'><strong>studium,</strong></span> <span class='ocrx_word' id='word_1_216' title='bbox 1283 2975 1491 3018; x_wconf 87' lang='lat' dir='ltr'><strong>summa</strong></span> <span class='ocrx_word' id='word_1_217' title='bbox 1543 2965 1829 3034; x_wconf 86' lang='lat' dir='ltr'><strong>alacritas,</strong></span> 
     </span>
    </p>
   </div>
   <div class='ocr_carea' id='block_1_29' title="bbox 223 3041 1828 3125">
    <p class='ocr_par' dir='ltr' id='par_1_29' title="bbox 223 3041 1828 3125">
     <span class='ocr_line' id='line_1_29' title="bbox 223 3041 1828 3125; baseline 0.012 -31"><span class='ocrx_word' id='word_1_218' title='bbox 223 3041 438 3096; x_wconf 89' lang='lat' dir='ltr'><strong>cunctis</strong></span> <span class='ocrx_word' id='word_1_219' title='bbox 463 3057 586 3099; x_wconf 87' lang='lat' dir='ltr'><strong>sese</strong></span> <span class='ocrx_word' id='word_1_220' title='bbox 614 3055 800 3102; x_wconf 91' lang='lat' dir='ltr'><strong>mutuo</strong></span> <span class='ocrx_word' id='word_1_221' title='bbox 830 3047 1224 3119; x_wconf 87' lang='lat' dir='ltr'><strong>impellentibus</strong></span> <span class='ocrx_word' id='word_1_222' title='bbox 1249 3094 1264 3120; x_wconf 90' lang='lat'><strong>,</strong></span> <span class='ocrx_word' id='word_1_223' title='bbox 1300 3062 1355 3108; x_wconf 90' lang='lat' dir='ltr'><strong>et</strong></span> <span class='ocrx_word' id='word_1_224' title='bbox 1384 3053 1451 3108; x_wconf 91' lang='lat' dir='ltr'><strong>ad</strong></span> <span class='ocrx_word' id='word_1_225' title='bbox 1475 3069 1645 3125; x_wconf 89' lang='lat' dir='ltr'><strong>usque</strong></span> <span class='ocrx_word' id='word_1_226' title='bbox 1669 3057 1828 3121; x_wconf 84' lang='lat' dir='ltr'><strong>linem</strong></span> 
     </span>
    </p>
   </div>
   <div class='ocr_carea' id='block_1_30' title="bbox 223 3135 1831 3221">
    <p class='ocr_par' dir='ltr' id='par_1_30' title="bbox 223 3135 1831 3221">
     <span class='ocr_line' id='line_1_30' title="bbox 223 3135 1831 3221; baseline 0.014 -36"><span class='ocrx_word' id='word_1_227' title='bbox 223 3135 609 3204; x_wconf 86' lang='lat' dir='ltr'><strong>manentibus;</strong></span> <span class='ocrx_word' id='word_1_228' title='bbox 638 3153 759 3193; x_wconf 91' lang='lat' dir='ltr'><strong>cum</strong></span> <span class='ocrx_word' id='word_1_229' title='bbox 790 3149 968 3196; x_wconf 88' lang='lat' dir='ltr'><strong>autem</strong></span> <span class='ocrx_word' id='word_1_230' title='bbox 995 3142 1241 3199; x_wconf 90' lang='lat' dir='ltr'><strong>Christus</strong></span> <span class='ocrx_word' id='word_1_231' title='bbox 1272 3146 1325 3200; x_wconf 90' lang='lat' dir='ltr'><strong>in</strong></span> <span class='ocrx_word' id='word_1_232' title='bbox 1364 3147 1532 3202; x_wconf 87' lang='lat' dir='ltr'><strong>sacris</strong></span> <span class='ocrx_word' id='word_1_233' title='bbox 1558 3152 1831 3221; x_wconf 87' lang='lat' dir='ltr'><strong>mysteriis</strong></span> 
     </span>
    </p>
   </div>
   <div class='ocr_carea' id='block_1_31' title="bbox 222 3234 1829 3313">
    <p class='ocr_par' dir='ltr' id='par_1_31' title="bbox 222 3234 1829 3313">
     <span class='ocr_line' id='line_1_31' title="bbox 222 3234 1829 3313; baseline 0.012 -32"><span class='ocrx_word' id='word_1_234' title='bbox 222 3239 353 3282; x_wconf 76' lang='lat' dir='ltr'><strong>sese</strong></span> <span class='ocrx_word' id='word_1_235' title='bbox 379 3241 694 3305; x_wconf 82' lang='lat' dir='ltr'><strong>ostensurus</strong></span> <span class='ocrx_word' id='word_1_236' title='bbox 719 3240 804 3287; x_wconf 92' lang='lat' dir='ltr'><strong>est</strong></span> <span class='ocrx_word' id='word_1_237' title='bbox 826 3272 843 3299; x_wconf 92' lang='lat'><strong>,</strong></span> <span class='ocrx_word' id='word_1_238' title='bbox 889 3234 1115 3290; x_wconf 88' lang='lat' dir='ltr'><strong>ecclesia</strong></span> <span class='ocrx_word' id='word_1_239' title='bbox 1141 3251 1305 3292; x_wconf 88' lang='lat' dir='ltr'><strong>vacua</strong></span> <span class='ocrx_word' id='word_1_240' title='bbox 1350 3239 1669 3313; x_wconf 86' lang='lat' dir='ltr'><strong>desertaque</strong></span> <span class='ocrx_word' id='word_1_241' title='bbox 1709 3259 1829 3299; x_wconf 89' lang='lat' dir='ltr'><strong>ma-</strong></span> 
     </span>
    </p>
   </div>
   <div class='ocr_carea' id='block_1_32' title="bbox 221 3319 1829 3392">
    <p class='ocr_par' dir='ltr' id='par_1_32' title="bbox 221 3319 1829 3392">
     <span class='ocr_line' id='line_1_32' title="bbox 221 3319 1829 3392; baseline 0.012 -20"><span class='ocrx_word' id='word_1_242' title='bbox 221 3325 374 3373; x_wconf 78' lang='lat' dir='ltr'><strong>neat.</strong></span> <span class='ocrx_word' id='word_1_243' title='bbox 409 3319 528 3386; x_wconf 93' lang='lat' dir='ltr'><strong>Quo</strong></span> <span class='ocrx_word' id='word_1_244' title='bbox 554 3331 708 3390; x_wconf 90' lang='lat' dir='ltr'><strong>pacto</strong></span> <span class='ocrx_word' id='word_1_245' title='bbox 733 3323 917 3381; x_wconf 81' lang='lat' dir='ltr'><strong>isthacc</strong></span> <span class='ocrx_word' id='word_1_246' title='bbox 937 3326 1145 3382; x_wconf 88' lang='lat' dir='ltr'><strong>veniam</strong></span> <span class='ocrx_word' id='word_1_247' title='bbox 1176 3332 1517 3387; x_wconf 82' lang='lat' dir='ltr'><strong>mereantur?</strong></span> <span class='ocrx_word' id='word_1_248' title='bbox 1543 3333 1658 3389; x_wconf 83' lang='lat' dir='ltr'><strong>Tali</strong></span> <span class='ocrx_word' id='word_1_249' title='bbox 1682 3345 1829 3392; x_wconf 89' lang='lat' dir='ltr'><strong>certe</strong></span> 
     </span>
    </p>
   </div>
   <div class='ocr_carea' id='block_1_33' title="bbox 220 3410 1825 3481">
    <p class='ocr_par' dir='ltr' id='par_1_33' title="bbox 220 3410 1825 3481">
     <span class='ocr_line' id='line_1_33' title="bbox 220 3410 1825 3481; baseline 0.011 -17"><span class='ocrx_word' id='word_1_250' title='bbox 220 3410 456 3479; x_wconf 87' lang='lat' dir='ltr'><strong>segnitie</strong></span> <span class='ocrx_word' id='word_1_251' title='bbox 487 3426 702 3472; x_wconf 85' lang='lat' dir='ltr'><strong>omnem</strong></span> <span class='ocrx_word' id='word_1_252' title='bbox 730 3414 891 3471; x_wconf 90' lang='lat' dir='ltr'><strong>studii</strong></span> <span class='ocrx_word' id='word_1_253' title='bbox 922 3415 977 3471; x_wconf 91' lang='lat' dir='ltr'><strong>in</strong></span> <span class='ocrx_word' id='word_1_254' title='bbox 1018 3419 1370 3476; x_wconf 87' lang='lat' dir='ltr'><strong>auscultando</strong></span> <span class='ocrx_word' id='word_1_255' title='bbox 1398 3424 1562 3478; x_wconf 87' lang='lat' dir='ltr'><strong>vestri</strong></span> <span class='ocrx_word' id='word_1_256' title='bbox 1613 3424 1825 3481; x_wconf 89' lang='lat' dir='ltr'><strong>laudem</strong></span> 
     </span>
    </p>
   </div>
   <div class='ocr_carea' id='block_1_34' title="bbox 219 3499 1828 3585">
    <p class='ocr_par' dir='ltr' id='par_1_34' title="bbox 219 3499 1828 3585">
     <span class='ocr_line' id='line_1_34' title="bbox 219 3499 1828 3585; baseline 0.012 -33"><span class='ocrx_word' id='word_1_257' title='bbox 219 3499 494 3557; x_wconf 86' lang='lat' dir='ltr'><strong>amittitis.</strong></span> <span class='ocrx_word' id='word_1_258' title='bbox 526 3502 656 3571; x_wconf 85' lang='lat' dir='ltr'><strong>Quis</strong></span> <span class='ocrx_word' id='word_1_259' title='bbox 680 3506 822 3578; x_wconf 89' lang='lat' dir='ltr'><strong>enim</strong></span> <span class='ocrx_word' id='word_1_260' title='bbox 840 3522 905 3563; x_wconf 89' lang='lat' dir='ltr'><strong>ex</strong></span> <span class='ocrx_word' id='word_1_261' title='bbox 933 3509 1084 3564; x_wconf 90' lang='lat' dir='ltr'><strong>vobis</strong></span> <span class='ocrx_word' id='word_1_262' title='bbox 1114 3525 1219 3565; x_wconf 92' lang='lat' dir='ltr'><strong>non</strong></span> <span class='ocrx_word' id='word_1_263' title='bbox 1243 3527 1344 3568; x_wconf 91' lang='lat' dir='ltr'><strong>nos</strong></span> <span class='ocrx_word' id='word_1_264' title='bbox 1369 3529 1582 3585; x_wconf 92' lang='lat' dir='ltr'><strong>quoque</strong></span> <span class='ocrx_word' id='word_1_265' title='bbox 1606 3516 1828 3573; x_wconf 83' lang='lat' dir='ltr'><strong>damna-</strong></span> 
     </span>
    </p>
   </div>
   <div class='ocr_carea' id='block_1_35' title="bbox 214 3591 1826 3667">
    <p class='ocr_par' dir='ltr' id='par_1_35' title="bbox 214 3591 1826 3667">
     <span class='ocr_line' id='line_1_35' title="bbox 214 3591 1826 3667; baseline 0.014 -22"><span class='ocrx_word' id='word_1_266' title='bbox 214 3591 384 3648; x_wconf 61' lang='lat' dir='ltr'><strong>turus</strong></span> <span class='ocrx_word' id='word_1_267' title='bbox 412 3604 496 3649; x_wconf 89' lang='lat' dir='ltr'><strong>est</strong></span> <span class='ocrx_word' id='word_1_268' title='bbox 519 3635 536 3662; x_wconf 96' lang='lat'><strong>,</strong></span> <span class='ocrx_word' id='word_1_269' title='bbox 565 3612 687 3651; x_wconf 91' lang='lat' dir='ltr'><strong>cum</strong></span> <span class='ocrx_word' id='word_1_270' title='bbox 718 3597 900 3654; x_wconf 88' lang='lat' dir='ltr'><strong>videat</strong></span> <span class='ocrx_word' id='word_1_271' title='bbox 925 3610 1093 3656; x_wconf 91' lang='lat' dir='ltr'><strong>totum</strong></span> <span class='ocrx_word' id='word_1_272' title='bbox 1121 3605 1398 3661; x_wconf 91' lang='lat' dir='ltr'><strong>concionis</strong></span> <span class='ocrx_word' id='word_1_273' title='bbox 1426 3605 1652 3664; x_wconf 91' lang='lat' dir='ltr'><strong>fructum</strong></span> <span class='ocrx_word' id='word_1_274' title='bbox 1673 3611 1826 3667; x_wconf 85' lang='lat' dir='ltr'><strong>vobis</strong></span> 
     </span>
    </p>
   </div>
   <div class='ocr_carea' id='block_1_36' title="bbox 220 3687 1820 3768">
    <p class='ocr_par' dir='ltr' id='par_1_36' title="bbox 220 3687 1820 3768">
     <span class='ocr_line' id='line_1_36' title="bbox 220 3687 1820 3768; baseline 0.011 -27"><span class='ocrx_word' id='word_1_275' title='bbox 220 3687 409 3741; x_wconf 87' lang='lat' dir='ltr'><strong>statim</strong></span> <span class='ocrx_word' id='word_1_276' title='bbox 441 3687 914 3748; x_wconf 75' lang='lat' dir='ltr'><strong>efﬂuxisseiNam</strong></span> <span class='ocrx_word' id='word_1_277' title='bbox 941 3695 986 3749; x_wconf 94' lang='lat' dir='ltr'><strong>si</strong></span> <span class='ocrx_word' id='word_1_278' title='bbox 1017 3695 1391 3753; x_wconf 88' lang='lat' dir='ltr'><strong>dictis&#39;sedulo</strong></span> <span class='ocrx_word' id='word_1_279' title='bbox 1429 3699 1780 3758; x_wconf 88' lang='lat' dir='ltr'><strong>attenderetis</strong></span> <span class='ocrx_word' id='word_1_280' title='bbox 1805 3746 1820 3768; x_wconf 97' lang='lat'><strong>,</strong></span> 
     </span>
    </p>
   </div>
   <div class='ocr_carea' id='block_1_37' title="bbox 218 3778 1821 3862">
    <p class='ocr_par' dir='ltr' id='par_1_37' title="bbox 218 3778 1821 3862">
     <span class='ocr_line' id='line_1_37' title="bbox 218 3778 1821 3862; baseline 0.011 -32"><span class='ocrx_word' id='word_1_281' title='bbox 218 3778 480 3847; x_wconf 80' lang='lat' dir='ltr'><strong>operibus</strong></span> <span class='ocrx_word' id='word_1_282' title='bbox 505 3783 637 3837; x_wconf 87' lang='lat' dir='ltr'><strong>sane</strong></span> <span class='ocrx_word' id='word_1_283' title='bbox 666 3793 903 3840; x_wconf 86' lang='lat' dir='ltr'><strong>vestram</strong></span> <span class='ocrx_word' id='word_1_284' title='bbox 933 3785 1262 3843; x_wconf 82' lang='lat' dir='ltr'><strong>exhiberetis</strong></span> <span class='ocrx_word' id='word_1_285' title='bbox 1291 3788 1641 3860; x_wconf 76' lang='lat' dir='ltr'><strong>diligentiam.</strong></span> <span class='ocrx_word' id='word_1_286' title='bbox 1671 3793 1821 3862; x_wconf 73' lang='grc' dir='ltr'><strong>ρειυά</strong></span> 
     </span>
    </p>
   </div>
   <div class='ocr_carea' id='block_1_38' title="bbox 215 3874 1823 3957">
    <p class='ocr_par' dir='ltr' id='par_1_38' title="bbox 215 3874 1823 3957">
     <span class='ocr_line' id='line_1_38' title="bbox 215 3874 1823 3957; baseline 0.013 -33"><span class='ocrx_word' id='word_1_287' title='bbox 215 3881 405 3926; x_wconf 85' lang='lat' dir='ltr'><strong>autem</strong></span> <span class='ocrx_word' id='word_1_288' title='bbox 447 3874 626 3928; x_wconf 87' lang='lat' dir='ltr'><strong>statim</strong></span> <span class='ocrx_word' id='word_1_289' title='bbox 653 3884 812 3946; x_wconf 88' lang='lat' dir='ltr'><strong>atque</strong></span> <span class='ocrx_word' id='word_1_290' title='bbox 858 3877 1135 3936; x_wconf 85' lang='lat' dir='ltr'><strong>audivistis</strong></span> <span class='ocrx_word' id='word_1_291' title='bbox 1156 3922 1171 3947; x_wconf 92' lang='lat'><strong>,</strong></span> <span class='ocrx_word' id='word_1_292' title='bbox 1202 3881 1488 3938; x_wconf 88' lang='lat' dir='ltr'><strong>discedatis</strong></span> <span class='ocrx_word' id='word_1_293' title='bbox 1509 3925 1525 3951; x_wconf 93' lang='lat'><strong>,</strong></span> <span class='ocrx_word' id='word_1_294' title='bbox 1560 3883 1611 3940; x_wconf 83' lang='lat' dir='ltr'><strong>id</strong></span> <span class='ocrx_word' id='word_1_295' title='bbox 1646 3887 1823 3957; x_wconf 79' lang='lat' dir='ltr'><strong>profc-</strong></span> 
     </span>
    </p>
   </div>
   <div class='ocr_carea' id='block_1_39' title="bbox 214 3965 1817 4046">
    <p class='ocr_par' dir='ltr' id='par_1_39' title="bbox 214 3965 1817 4046">
     <span class='ocr_line' id='line_1_39' title="bbox 214 3965 1817 4046; baseline 0.009 -29"><span class='ocrx_word' id='word_1_296' title='bbox 214 3971 314 4017; x_wconf 92' lang='lat' dir='ltr'><strong>cto</strong></span> <span class='ocrx_word' id='word_1_297' title='bbox 339 3965 547 4034; x_wconf 90' lang='lat' dir='ltr'><strong>signum</strong></span> <span class='ocrx_word' id='word_1_298' title='bbox 587 3974 670 4021; x_wconf 88' lang='lat' dir='ltr'><strong>est</strong></span> <span class='ocrx_word' id='word_1_299' title='bbox 693 3980 787 4022; x_wconf 87' lang='lat' dir='ltr'><strong>vos</strong></span> <span class='ocrx_word' id='word_1_300' title='bbox 812 3967 946 4022; x_wconf 88' lang='lat' dir='ltr'><strong>nihil</strong></span> <span class='ocrx_word' id='word_1_301' title='bbox 983 3969 1245 4026; x_wconf 90' lang='lat' dir='ltr'><strong>dictorum</strong></span> <span class='ocrx_word' id='word_1_302' title='bbox 1288 3973 1468 4028; x_wconf 91' lang='lat' dir='ltr'><strong>animo</strong></span> <span class='ocrx_word' id='word_1_303' title='bbox 1496 3978 1817 4046; x_wconf 82' lang='lat' dir='ltr'><strong>suscepisse.</strong></span> 
     </span>
    </p>
   </div>
   <div class='ocr_carea' id='block_1_40' title="bbox 215 4055 1821 4134">
    <p class='ocr_par' dir='ltr' id='par_1_40' title="bbox 215 4055 1821 4134">
     <span class='ocr_line' id='line_1_40' title="bbox 215 4055 1821 4134; baseline 0.012 -29"><span class='ocrx_word' id='word_1_304' title='bbox 215 4055 438 4107; x_wconf 85' lang='lat' dir='ltr'><strong>Atenim</strong></span> <span class='ocrx_word' id='word_1_305' title='bbox 462 4055 507 4108; x_wconf 89' lang='lat' dir='ltr'><strong>si</strong></span> <span class='ocrx_word' id='word_1_306' title='bbox 545 4070 608 4110; x_wconf 87' lang='lat' dir='ltr'><strong>ea</strong></span> <span class='ocrx_word' id='word_1_307' title='bbox 649 4055 703 4110; x_wconf 92' lang='lat' dir='ltr'><strong>in</strong></span> <span class='ocrx_word' id='word_1_308' title='bbox 734 4058 928 4114; x_wconf 88' lang='lat' dir='ltr'><strong>animis</strong></span> <span class='ocrx_word' id='word_1_309' title='bbox 952 4061 1144 4115; x_wconf 90' lang='lat' dir='ltr'><strong>vestris</strong></span> <span class='ocrx_word' id='word_1_310' title='bbox 1182 4061 1426 4132; x_wconf 90' lang='lat' dir='ltr'><strong>deposita</strong></span> <span class='ocrx_word' id='word_1_311' title='bbox 1463 4075 1679 4134; x_wconf 76' lang='lat' dir='ltr'><strong>essent,</strong></span> <span class='ocrx_word' id='word_1_312' title='bbox 1727 4084 1821 4124; x_wconf 88' lang='lat' dir='ltr'><strong>vos</strong></span> 
     </span>
    </p>
   </div>
   <div class='ocr_carea' id='block_1_41' title="bbox 215 4147 1835 4226">
    <p class='ocr_par' dir='ltr' id='par_1_41' title="bbox 215 4147 1835 4226">
     <span class='ocr_line' id='line_1_41' title="bbox 215 4147 1835 4226; baseline 0.008 -26"><span class='ocrx_word' id='word_1_313' title='bbox 215 4147 382 4216; x_wconf 86' lang='lat' dir='ltr'><strong>plane</strong></span> <span class='ocrx_word' id='word_1_314' title='bbox 409 4147 551 4202; x_wconf 87' lang='lat' dir='ltr'><strong>intus</strong></span> <span class='ocrx_word' id='word_1_315' title='bbox 591 4150 922 4215; x_wconf 78' lang='lat' dir='ltr'><strong>retinerent,</strong></span> <span class='ocrx_word' id='word_1_316' title='bbox 970 4158 1026 4206; x_wconf 86' lang='lat' dir='ltr'><strong>et</strong></span> <span class='ocrx_word' id='word_1_317' title='bbox 1076 4153 1266 4222; x_wconf 87' lang='lat' dir='ltr'><strong>majori</strong></span> <span class='ocrx_word' id='word_1_318' title='bbox 1299 4169 1422 4210; x_wconf 93' lang='lat' dir='ltr'><strong>cum</strong></span> <span class='ocrx_word' id='word_1_319' title='bbox 1461 4155 1659 4226; x_wconf 88' lang='lat' dir='ltr'><strong>pietate</strong></span> <span class='ocrx_word' id='word_1_320' title='bbox 1695 4158 1835 4213; x_wconf 56' lang='lat' dir='ltr'><strong>horv</strong></span> 
     </span>
    </p>
   </div>
   <div class='ocr_carea' id='block_1_42' title="bbox 215 4239 1819 4320">
    <p class='ocr_par' dir='ltr' id='par_1_42' title="bbox 215 4239 1819 4320">
     <span class='ocr_line' id='line_1_42' title="bbox 215 4239 1819 4320; baseline 0.007 -27"><span class='ocrx_word' id='word_1_321' title='bbox 215 4239 408 4293; x_wconf 89' lang='lat' dir='ltr'><strong>rendis</strong></span> <span class='ocrx_word' id='word_1_322' title='bbox 432 4239 536 4293; x_wconf 89' lang='lat' dir='ltr'><strong>illis</strong></span> <span class='ocrx_word' id='word_1_323' title='bbox 565 4242 836 4312; x_wconf 84' lang='lat' dir='ltr'><strong>mysteriis</strong></span> <span class='ocrx_word' id='word_1_324' title='bbox 873 4242 1222 4300; x_wconf 89' lang='lat' dir='ltr'><strong>admoverent</strong></span> <span class='ocrx_word' id='word_1_325' title='bbox 1251 4263 1264 4300; x_wconf 91' lang='lat'>:</span> <span class='ocrx_word' id='word_1_326' title='bbox 1295 4262 1438 4301; x_wconf 92' lang='lat' dir='ltr'><strong>nunc</strong></span> <span class='ocrx_word' id='word_1_327' title='bbox 1466 4257 1644 4303; x_wconf 90' lang='lat' dir='ltr'><strong>autem</strong></span> <span class='ocrx_word' id='word_1_328' title='bbox 1667 4251 1819 4320; x_wconf 85' lang='lat' dir='ltr'><strong>quasi</strong></span> 
     </span>
    </p>
   </div>
   <div class='ocr_carea' id='block_1_43' title="bbox 213 4330 1818 4403">
    <p class='ocr_par' dir='ltr' id='par_1_43' title="bbox 213 4330 1818 4403">
     <span class='ocr_line' id='line_1_43' title="bbox 213 4330 1818 4403; baseline 0.007 -19"><span class='ocrx_word' id='word_1_329' title='bbox 213 4330 593 4400; x_wconf 72' lang='lat' dir='ltr'><strong>cytharmdum</strong></span> <span class='ocrx_word' id='word_1_330' title='bbox 619 4333 939 4403; x_wconf 80' lang='lat' dir='ltr'><strong>quempiam</strong></span> <span class='ocrx_word' id='word_1_331' title='bbox 981 4335 1305 4403; x_wconf 83' lang='lat' dir='ltr'><strong>audissetis,</strong></span> <span class='ocrx_word' id='word_1_332' title='bbox 1351 4337 1430 4392; x_wconf 90' lang='lat' dir='ltr'><strong>sic</strong></span> <span class='ocrx_word' id='word_1_333' title='bbox 1456 4340 1603 4394; x_wconf 91' lang='lat' dir='ltr'><strong>omni</strong></span> <span class='ocrx_word' id='word_1_334' title='bbox 1643 4339 1818 4396; x_wconf 85' lang='lat' dir='ltr'><strong>fructu</strong></span> 
     </span>
    </p>
   </div>
   <div class='ocr_carea' id='block_1_44' title="bbox 226 4427 1817 4506">
    <p class='ocr_par' dir='ltr' id='par_1_44' title="bbox 226 4427 1817 4506">
     <span class='ocr_line' id='line_1_44' title="bbox 226 4427 1817 4506; baseline 0.008 -28"><span class='ocrx_word' id='word_1_335' title='bbox 226 4427 377 4482; x_wconf 83' lang='lat' dir='ltr'><strong>racui</strong></span> <span class='ocrx_word' id='word_1_336' title='bbox 404 4437 648 4484; x_wconf 86' lang='lat' dir='ltr'><strong>cessante</strong></span> <span class='ocrx_word' id='word_1_337' title='bbox 674 4430 933 4485; x_wconf 89' lang='lat' dir='ltr'><strong>concione</strong></span> <span class='ocrx_word' id='word_1_338' title='bbox 957 4431 1228 4486; x_wconf 90' lang='lat' dir='ltr'><strong>receditis.</strong></span> <span class='ocrx_word' id='word_1_339' title='bbox 1249 4435 1314 4488; x_wconf 85' lang='lat' dir='ltr'><strong>At</strong></span> <span class='ocrx_word' id='word_1_340' title='bbox 1339 4448 1596 4503; x_wconf 92' lang='lat' dir='ltr'><strong>quorsum</strong></span> <span class='ocrx_word' id='word_1_341' title='bbox 1631 4433 1817 4506; x_wconf 87' lang='lat' dir='ltr'><strong>frigida</strong></span> 
     </span>
    </p>
   </div>
   <div class='ocr_carea' id='block_1_45' title="bbox 216 4519 1816 4596">
    <p class='ocr_par' dir='ltr' id='par_1_45' title="bbox 216 4519 1816 4596">
     <span class='ocr_line' id='line_1_45' title="bbox 216 4519 1816 4596; baseline 0.004 -23"><span class='ocrx_word' id='word_1_342' title='bbox 216 4520 313 4573; x_wconf 88' lang='lat' dir='ltr'><strong>illa</strong></span> <span class='ocrx_word' id='word_1_343' title='bbox 341 4519 633 4574; x_wconf 91' lang='lat' dir='ltr'><strong>multorum</strong></span> <span class='ocrx_word' id='word_1_344' title='bbox 662 4523 981 4577; x_wconf 81' lang='lat' dir='ltr'><strong>excusatio?</strong></span> <span class='ocrx_word' id='word_1_345' title='bbox 1006 4522 1221 4578; x_wconf 91' lang='lat' dir='ltr'><strong>Precari</strong></span> <span class='ocrx_word' id='word_1_346' title='bbox 1260 4525 1422 4579; x_wconf 90' lang='lat' dir='ltr'><strong>etiam</strong></span> <span class='ocrx_word' id='word_1_347' title='bbox 1449 4524 1595 4580; x_wconf 92' lang='lat' dir='ltr'><strong>domi</strong></span> <span class='ocrx_word' id='word_1_348' title='bbox 1626 4541 1816 4596; x_wconf 88' lang='lat' dir='ltr'><strong>possu-</strong></span> 
     </span>
    </p>
   </div>
   <div class='ocr_carea' id='block_1_46' title="bbox 207 4611 1814 4683">
    <p class='ocr_par' dir='ltr' id='par_1_46' title="bbox 207 4611 1814 4683">
     <span class='ocr_line' id='line_1_46' title="bbox 207 4611 1814 4683; baseline 0.005 -17"><span class='ocrx_word' id='word_1_349' title='bbox 207 4617 345 4666; x_wconf 75' lang='lat' dir='ltr'><strong>mus</strong></span> <span class='ocrx_word' id='word_1_350' title='bbox 367 4652 382 4675; x_wconf 96' lang='lat'><strong>,</strong></span> <span class='ocrx_word' id='word_1_351' title='bbox 416 4611 729 4667; x_wconf 89' lang='lat' dir='ltr'><strong>concionem</strong></span> <span class='ocrx_word' id='word_1_352' title='bbox 756 4611 1162 4683; x_wconf 87' lang='lat' dir='ltr'><strong>doctrinamque</strong></span> <span class='ocrx_word' id='word_1_353' title='bbox 1187 4616 1370 4671; x_wconf 90' lang='lat' dir='ltr'><strong>audire</strong></span> <span class='ocrx_word' id='word_1_354' title='bbox 1399 4618 1610 4671; x_wconf 81' lang='lat' dir='ltr'><strong>nonnisi</strong></span> <span class='ocrx_word' id='word_1_355' title='bbox 1636 4617 1689 4672; x_wconf 88' lang='lat' dir='ltr'><strong>in</strong></span> <span class='ocrx_word' id='word_1_356' title='bbox 1728 4633 1814 4674; x_wconf 88' lang='lat' dir='ltr'><strong>ee-</strong></span> 
     </span>
    </p>
   </div>
   <div class='ocr_carea' id='block_1_47' title="bbox 213 4703 1817 4779">
    <p class='ocr_par' dir='ltr' id='par_1_47' title="bbox 213 4703 1817 4779">
     <span class='ocr_line' id='line_1_47' title="bbox 213 4703 1817 4779; baseline 0.006 -21"><span class='ocrx_word' id='word_1_357' title='bbox 213 4703 382 4758; x_wconf 86' lang='lat' dir='ltr'><strong>clesia</strong></span> <span class='ocrx_word' id='word_1_358' title='bbox 413 4718 717 4772; x_wconf 89' lang='lat' dir='ltr'><strong>possumus.</strong></span> <span class='ocrx_word' id='word_1_359' title='bbox 744 4704 821 4760; x_wconf 92' lang='lat' dir='ltr'><strong>Te</strong></span> <span class='ocrx_word' id='word_1_360' title='bbox 851 4705 1026 4775; x_wconf 90' lang='lat' dir='ltr'><strong>ipsum</strong></span> <span class='ocrx_word' id='word_1_361' title='bbox 1051 4746 1067 4773; x_wconf 92' lang='lat'><strong>,</strong></span> <span class='ocrx_word' id='word_1_362' title='bbox 1098 4707 1170 4761; x_wconf 93' lang='lat' dir='ltr'><strong>mi</strong></span> <span class='ocrx_word' id='word_1_363' title='bbox 1202 4706 1364 4763; x_wconf 88' lang='lat' dir='ltr'><strong>homo</strong></span> <span class='ocrx_word' id='word_1_364' title='bbox 1387 4750 1401 4774; x_wconf 94' lang='lat'><strong>,</strong></span> <span class='ocrx_word' id='word_1_365' title='bbox 1441 4708 1664 4779; x_wconf 87' lang='lat' dir='ltr'><strong>decipis.</strong></span> <span class='ocrx_word' id='word_1_366' title='bbox 1690 4711 1817 4766; x_wconf 89' lang='lat' dir='ltr'><strong>Pre-</strong></span> 
     </span>
    </p>
   </div>
   <div class='ocr_carea' id='block_1_48' title="bbox 210 4792 1812 4867">
    <p class='ocr_par' dir='ltr' id='par_1_48' title="bbox 210 4792 1812 4867">
     <span class='ocr_line' id='line_1_48' title="bbox 210 4792 1812 4867; baseline 0.004 -19"><span class='ocrx_word' id='word_1_367' title='bbox 210 4793 333 4848; x_wconf 83' lang='lat' dir='ltr'><strong>cari</strong></span> <span class='ocrx_word' id='word_1_368' title='bbox 361 4794 520 4847; x_wconf 88' lang='lat' dir='ltr'><strong>etiam</strong></span> <span class='ocrx_word' id='word_1_369' title='bbox 551 4792 694 4849; x_wconf 90' lang='lat' dir='ltr'><strong>domi</strong></span> <span class='ocrx_word' id='word_1_370' title='bbox 724 4802 907 4864; x_wconf 87' lang='lat' dir='ltr'><strong>potes;</strong></span> <span class='ocrx_word' id='word_1_371' title='bbox 941 4796 1014 4850; x_wconf 88' lang='lat' dir='ltr'><strong>ita</strong></span> <span class='ocrx_word' id='word_1_372' title='bbox 1038 4811 1167 4852; x_wconf 88' lang='lat' dir='ltr'><strong>vero</strong></span> <span class='ocrx_word' id='word_1_373' title='bbox 1193 4798 1403 4867; x_wconf 86' lang='lat' dir='ltr'><strong>precari</strong></span> <span class='ocrx_word' id='word_1_374' title='bbox 1430 4808 1487 4853; x_wconf 88' lang='lat' dir='ltr'><strong>ut</strong></span> <span class='ocrx_word' id='word_1_375' title='bbox 1512 4799 1563 4853; x_wconf 92' lang='lat' dir='ltr'><strong>in</strong></span> <span class='ocrx_word' id='word_1_376' title='bbox 1586 4800 1812 4856; x_wconf 88' lang='lat' dir='ltr'><strong>ecclesia</strong></span> 
     </span>
    </p>
   </div>
   <div class='ocr_carea' id='block_1_49' title="bbox 212 4876 1815 4958">
    <p class='ocr_par' dir='ltr' id='par_1_49' title="bbox 212 4876 1815 4958">
     <span class='ocr_line' id='line_1_49' title="bbox 212 4876 1815 4958; baseline 0.007 -21"><span class='ocrx_word' id='word_1_377' title='bbox 212 4899 330 4938; x_wconf 90' lang='lat' dir='ltr'><strong>non</strong></span> <span class='ocrx_word' id='word_1_378' title='bbox 355 4893 507 4951; x_wconf 89' lang='lat' dir='ltr'><strong>potes</strong></span> <span class='ocrx_word' id='word_1_379' title='bbox 527 4925 542 4950; x_wconf 97' lang='lat'><strong>,</strong></span> <span class='ocrx_word' id='word_1_380' title='bbox 569 4885 657 4939; x_wconf 90' lang='lat' dir='ltr'><strong>ubi</strong></span> <span class='ocrx_word' id='word_1_381' title='bbox 689 4876 839 4941; x_wconf 82' lang='lat' dir='ltr'><strong>tanta</strong></span> <span class='ocrx_word' id='word_1_382' title='bbox 858 4895 1067 4956; x_wconf 89' lang='lat' dir='ltr'><strong>patrum</strong></span> <span class='ocrx_word' id='word_1_383' title='bbox 1097 4887 1396 4958; x_wconf 80' lang='lat' dir='ltr'><strong>frequentia</strong></span> <span class='ocrx_word' id='word_1_384' title='bbox 1420 4930 1436 4954; x_wconf 94' lang='lat'><strong>,</strong></span> <span class='ocrx_word' id='word_1_385' title='bbox 1480 4890 1568 4946; x_wconf 88' lang='lat' dir='ltr'><strong>ubi</strong></span> <span class='ocrx_word' id='word_1_386' title='bbox 1612 4892 1815 4948; x_wconf 87' lang='lat' dir='ltr'><strong>clamor</strong></span> 
     </span>
    </p>
   </div>
   <div class='ocr_carea' id='block_1_50' title="bbox 213 4974 1814 5055">
    <p class='ocr_par' dir='ltr' id='par_1_50' title="bbox 213 4974 1814 5055">
     <span class='ocr_line' id='line_1_50' title="bbox 213 4974 1814 5055; baseline 0.007 -24"><span class='ocrx_word' id='word_1_387' title='bbox 213 4978 546 5034; x_wconf 77' lang='lat' dir='ltr'><strong>unanimiter</strong></span> <span class='ocrx_word' id='word_1_388' title='bbox 563 4979 630 5034; x_wconf 89' lang='lat' dir='ltr'><strong>ad</strong></span> <span class='ocrx_word' id='word_1_389' title='bbox 660 4974 826 5036; x_wconf 84' lang='lat' dir='ltr'><strong>Deum</strong></span> <span class='ocrx_word' id='word_1_390' title='bbox 850 4983 1098 5037; x_wconf 90' lang='lat' dir='ltr'><strong>emissus.</strong></span> <span class='ocrx_word' id='word_1_391' title='bbox 1125 4981 1241 5038; x_wconf 82' lang='lat' dir='ltr'><strong>Non</strong></span> <span class='ocrx_word' id='word_1_392' title='bbox 1269 4977 1490 5055; x_wconf 79' lang='lat' dir='ltr'><strong>perinde</strong></span> <span class='ocrx_word' id='word_1_393' title='bbox 1514 4985 1814 5042; x_wconf 89' lang='lat' dir='ltr'><strong>exaudieris</strong></span> 
     </span>
    </p>
   </div>
   <div class='ocr_carea' id='block_1_51' title="bbox 212 5074 1804 5147">
    <p class='ocr_par' dir='ltr' id='par_1_51' title="bbox 212 5074 1804 5147">
     <span class='ocr_line' id='line_1_51' title="bbox 212 5074 1804 5147; baseline 0.004 -21"><span class='ocrx_word' id='word_1_394' title='bbox 212 5087 346 5127; x_wconf 87' lang='lat' dir='ltr'><strong>eum</strong></span> <span class='ocrx_word' id='word_1_395' title='bbox 368 5087 533 5141; x_wconf 87' lang='lat' dir='ltr'><strong>penes</strong></span> <span class='ocrx_word' id='word_1_396' title='bbox 563 5081 616 5128; x_wconf 90' lang='lat' dir='ltr'><strong>te</strong></span> <span class='ocrx_word' id='word_1_397' title='bbox 640 5074 784 5129; x_wconf 90' lang='lat' dir='ltr'><strong>solus</strong></span> <span class='ocrx_word' id='word_1_398' title='bbox 825 5074 993 5130; x_wconf 90' lang='lat' dir='ltr'><strong>Deum</strong></span> <span class='ocrx_word' id='word_1_399' title='bbox 1033 5076 1268 5145; x_wconf 87' lang='lat' dir='ltr'><strong>precaris</strong></span> <span class='ocrx_word' id='word_1_400' title='bbox 1291 5115 1306 5141; x_wconf 93' lang='lat'><strong>,</strong></span> <span class='ocrx_word' id='word_1_401' title='bbox 1348 5087 1508 5147; x_wconf 89' lang='lat' dir='ltr'><strong>atque</strong></span> <span class='ocrx_word' id='word_1_402' title='bbox 1554 5078 1642 5132; x_wconf 88' lang='lat' dir='ltr'><strong>ubi</strong></span> <span class='ocrx_word' id='word_1_403' title='bbox 1683 5092 1804 5132; x_wconf 92' lang='lat' dir='ltr'><strong>cum</strong></span> 
     </span>
    </p>
   </div>
   <div class='ocr_carea' id='block_1_52' title="bbox 215 5164 1811 5248">
    <p class='ocr_par' dir='ltr' id='par_1_52' title="bbox 215 5164 1811 5248">
     <span class='ocr_line' id='line_1_52' title="bbox 215 5164 1811 5248; baseline 0.003 -29"><span class='ocrx_word' id='word_1_404' title='bbox 215 5164 479 5219; x_wconf 83' lang='lat' dir='ltr'><strong>fratribus</strong></span> <span class='ocrx_word' id='word_1_405' title='bbox 507 5165 629 5219; x_wconf 90' lang='lat' dir='ltr'><strong>tuis.</strong></span> <span class='ocrx_word' id='word_1_406' title='bbox 660 5164 758 5220; x_wconf 82' lang='lat' dir='ltr'><strong>Hic</strong></span> <span class='ocrx_word' id='word_1_407' title='bbox 786 5166 982 5235; x_wconf 85' lang='lat' dir='ltr'><strong>aliquid</strong></span> <span class='ocrx_word' id='word_1_408' title='bbox 1023 5167 1250 5237; x_wconf 83' lang='lat' dir='ltr'><strong>amplius</strong></span> <span class='ocrx_word' id='word_1_409' title='bbox 1288 5175 1407 5233; x_wconf 90' lang='lat' dir='ltr'><strong>est,</strong></span> <span class='ocrx_word' id='word_1_410' title='bbox 1447 5183 1639 5248; x_wconf 82' lang='lat' dir='ltr'><strong>nempe</strong></span> <span class='ocrx_word' id='word_1_411' title='bbox 1680 5183 1811 5223; x_wconf 90' lang='lat' dir='ltr'><strong>con-</strong></span> 
     </span>
    </p>
   </div>
   <div class='ocr_carea' id='block_1_53' title="bbox 213 5256 1815 5336">
    <p class='ocr_par' dir='ltr' id='par_1_53' title="bbox 213 5256 1815 5336">
     <span class='ocr_line' id='line_1_53' title="bbox 213 5256 1815 5336; baseline 0.001 -22"><span class='ocrx_word' id='word_1_412' title='bbox 213 5256 405 5314; x_wconf 86' lang='lat' dir='ltr'><strong>cordia</strong></span> <span class='ocrx_word' id='word_1_413' title='bbox 451 5267 507 5313; x_wconf 89' lang='lat' dir='ltr'><strong>et</strong></span> <span class='ocrx_word' id='word_1_414' title='bbox 553 5273 878 5324; x_wconf 88' lang='lat' dir='ltr'><strong>consensus,</strong></span> <span class='ocrx_word' id='word_1_415' title='bbox 927 5260 1163 5315; x_wconf 88' lang='lat' dir='ltr'><strong>caritatis</strong></span> <span class='ocrx_word' id='word_1_416' title='bbox 1213 5261 1505 5327; x_wconf 90' lang='lat' dir='ltr'><strong>vinculum,</strong></span> <span class='ocrx_word' id='word_1_417' title='bbox 1554 5269 1608 5316; x_wconf 91' lang='lat' dir='ltr'><strong>et</strong></span> <span class='ocrx_word' id='word_1_418' title='bbox 1637 5275 1815 5336; x_wconf 86' lang='lat' dir='ltr'><strong>sacer-</strong></span> 
     </span>
    </p>
   </div>
   <div class='ocr_carea' id='block_1_54' title="bbox 214 5349 1808 5422">
    <p class='ocr_par' dir='ltr' id='par_1_54' title="bbox 214 5349 1808 5422">
     <span class='ocr_line' id='line_1_54' title="bbox 214 5349 1808 5422; baseline 0.001 -17"><span class='ocrx_word' id='word_1_419' title='bbox 214 5349 408 5405; x_wconf 91' lang='lat' dir='ltr'><strong>dotum</strong></span> <span class='ocrx_word' id='word_1_420' title='bbox 456 5350 746 5406; x_wconf 84' lang='lat' dir='ltr'><strong>orationes.</strong></span> <span class='ocrx_word' id='word_1_421' title='bbox 779 5349 905 5407; x_wconf 87' lang='lat' dir='ltr'><strong>Ideo</strong></span> <span class='ocrx_word' id='word_1_422' title='bbox 936 5367 1166 5422; x_wconf 89' lang='lat' dir='ltr'><strong>namque</strong></span> <span class='ocrx_word' id='word_1_423' title='bbox 1194 5351 1499 5408; x_wconf 86' lang='lat' dir='ltr'><strong>sacerdotes</strong></span> <span class='ocrx_word' id='word_1_424' title='bbox 1536 5363 1772 5422; x_wconf 72' lang='lat' dir='ltr'><strong>przesunt</strong></span> <span class='ocrx_word' id='word_1_425' title='bbox 1793 5394 1808 5416; x_wconf 89' lang='lat'><strong>.</strong></span> 
     </span>
    </p>
   </div>
   <div class='ocr_carea' id='block_1_55' title="bbox 215 5439 1815 5511">
    <p class='ocr_par' dir='ltr' id='par_1_55' title="bbox 215 5439 1815 5511">
     <span class='ocr_line' id='line_1_55' title="bbox 215 5439 1815 5511; baseline -0.001 -14"><span class='ocrx_word' id='word_1_426' title='bbox 215 5449 281 5497; x_wconf 89' lang='lat' dir='ltr'><strong>ut</strong></span> <span class='ocrx_word' id='word_1_427' title='bbox 294 5439 666 5495; x_wconf 71' lang='lat' dir='ltr'><strong>multitudinis</strong></span> <span class='ocrx_word' id='word_1_428' title='bbox 693 5455 879 5511; x_wconf 88' lang='lat' dir='ltr'><strong>preces</strong></span> <span class='ocrx_word' id='word_1_429' title='bbox 925 5441 1245 5498; x_wconf 88' lang='lat' dir='ltr'><strong>infirmiores</strong></span> <span class='ocrx_word' id='word_1_430' title='bbox 1270 5458 1391 5498; x_wconf 93' lang='lat' dir='ltr'><strong>cum</strong></span> <span class='ocrx_word' id='word_1_431' title='bbox 1418 5441 1565 5498; x_wconf 89' lang='lat' dir='ltr'><strong>hisce</strong></span> <span class='ocrx_word' id='word_1_432' title='bbox 1593 5442 1815 5496; x_wconf 83' lang='lat' dir='ltr'><strong>validio-</strong></span> 
     </span>
    </p>
   </div>
   <div class='ocr_carea' id='block_1_56' title="bbox 216 5530 1807 5600">
    <p class='ocr_par' dir='ltr' id='par_1_56' title="bbox 216 5530 1807 5600">
     <span class='ocr_line' id='line_1_56' title="bbox 216 5530 1807 5600; baseline -0.001 -13"><span class='ocrx_word' id='word_1_433' title='bbox 216 5530 372 5587; x_wconf 86' lang='lat' dir='ltr'><strong>ribus</strong></span> <span class='ocrx_word' id='word_1_434' title='bbox 415 5530 719 5600; x_wconf 69' lang='lat' dir='ltr'><strong>conjuncta:</strong></span> <span class='ocrx_word' id='word_1_435' title='bbox 746 5548 851 5587; x_wconf 89' lang='lat' dir='ltr'><strong>una</strong></span> <span class='ocrx_word' id='word_1_436' title='bbox 899 5547 1019 5587; x_wconf 90' lang='lat' dir='ltr'><strong>cum</strong></span> <span class='ocrx_word' id='word_1_437' title='bbox 1069 5532 1232 5588; x_wconf 83' lang='lat' dir='ltr'><strong>eisin</strong></span> <span class='ocrx_word' id='word_1_438' title='bbox 1283 5533 1471 5586; x_wconf 72' lang='lat' dir='ltr'><strong>czelum</strong></span> <span class='ocrx_word' id='word_1_439' title='bbox 1498 5532 1807 5587; x_wconf 88' lang='lat' dir='ltr'><strong>ascendant.</strong></span> 
     </span>
    </p>
   </div>
   <div class='ocr_carea' id='block_1_57' title="bbox 217 5621 1813 5695">
    <p class='ocr_par' dir='ltr' id='par_1_57' title="bbox 217 5621 1813 5695">
     <span class='ocr_line' id='line_1_57' title="bbox 217 5621 1813 5695; baseline 0 -16"><span class='ocrx_word' id='word_1_440' title='bbox 217 5623 474 5693; x_wconf 78' lang='lat' dir='ltr'><strong>Alioquin</strong></span> <span class='ocrx_word' id='word_1_441' title='bbox 520 5621 646 5692; x_wconf 91' lang='lat' dir='ltr'><strong>quid</strong></span> <span class='ocrx_word' id='word_1_442' title='bbox 683 5624 872 5680; x_wconf 92' lang='lat' dir='ltr'><strong>concio</strong></span> <span class='ocrx_word' id='word_1_443' title='bbox 915 5624 1124 5695; x_wconf 86' lang='lat' dir='ltr'><strong>prosit,</strong></span> <span class='ocrx_word' id='word_1_444' title='bbox 1158 5625 1260 5679; x_wconf 90' lang='lat' dir='ltr'><strong>nisi</strong></span> <span class='ocrx_word' id='word_1_445' title='bbox 1301 5625 1517 5680; x_wconf 90' lang='lat' dir='ltr'><strong>sitcum</strong></span> <span class='ocrx_word' id='word_1_446' title='bbox 1569 5624 1813 5679; x_wconf 88' lang='lat' dir='ltr'><strong>oratione</strong></span> 
     </span>
    </p>
   </div>
   <div class='ocr_carea' id='block_1_58' title="bbox 215 5712 1812 5785">
    <p class='ocr_par' dir='ltr' id='par_1_58' title="bbox 215 5712 1812 5785">
     <span class='ocr_line' id='line_1_58' title="bbox 215 5712 1812 5785; baseline 0 -16"><span class='ocrx_word' id='word_1_447' title='bbox 215 5712 546 5782; x_wconf 78' lang='lat' dir='ltr'><strong>conjuncta?</strong></span> <span class='ocrx_word' id='word_1_448' title='bbox 571 5712 727 5769; x_wconf 86' lang='lat' dir='ltr'><strong>Prius</strong></span> <span class='ocrx_word' id='word_1_449' title='bbox 748 5715 942 5782; x_wconf 84' lang='lat' dir='ltr'><strong>oratio,</strong></span> <span class='ocrx_word' id='word_1_450' title='bbox 963 5714 1158 5771; x_wconf 86' lang='lat' dir='ltr'><strong>deinde</strong></span> <span class='ocrx_word' id='word_1_451' title='bbox 1182 5729 1389 5770; x_wconf 87' lang='lat' dir='ltr'><strong>sermo:</strong></span> <span class='ocrx_word' id='word_1_452' title='bbox 1411 5716 1487 5770; x_wconf 88' lang='lat' dir='ltr'><strong>sic</strong></span> <span class='ocrx_word' id='word_1_453' title='bbox 1516 5715 1665 5769; x_wconf 84' lang='lat' dir='ltr'><strong>aiunt</strong></span> <span class='ocrx_word' id='word_1_454' title='bbox 1691 5730 1812 5785; x_wconf 87' lang='lat' dir='ltr'><strong>apo-</strong></span> 
     </span>
    </p>
   </div>
   <div class='ocr_carea' id='block_1_59' title="bbox 215 5802 1814 5877">
    <p class='ocr_par' dir='ltr' id='par_1_59' title="bbox 215 5802 1814 5877">
     <span class='ocr_line' id='line_1_59' title="bbox 215 5802 1814 5877; baseline 0.001 -17"><span class='ocrx_word' id='word_1_455' title='bbox 215 5804 342 5860; x_wconf 71' lang='lat' dir='ltr'><strong>stoli</strong></span> <span class='ocrx_word' id='word_1_456' title='bbox 376 5822 390 5859; x_wconf 92' lang='lat'>:</span> <span class='ocrx_word' id='word_1_457' title='bbox 421 5802 534 5859; x_wconf 86' lang='lat' dir='ltr'><strong>Nos</strong></span> <span class='ocrx_word' id='word_1_458' title='bbox 560 5813 728 5859; x_wconf 82' lang='lat' dir='ltr'><strong>autem</strong></span> <span class='ocrx_word' id='word_1_459' title='bbox 759 5805 811 5860; x_wconf 85' lang='lat' dir='ltr'><strong>in</strong></span> <span class='ocrx_word' id='word_1_460' title='bbox 839 5807 1065 5861; x_wconf 86' lang='lat' dir='ltr'><strong>oratione</strong></span> <span class='ocrx_word' id='word_1_461' title='bbox 1085 5817 1132 5861; x_wconf 89' lang='lat' dir='ltr'><strong>et</strong></span> <span class='ocrx_word' id='word_1_462' title='bbox 1168 5807 1301 5860; x_wconf 81' lang='lat' dir='ltr'><strong>verbi</strong></span> <span class='ocrx_word' id='word_1_463' title='bbox 1331 5807 1606 5861; x_wconf 86' lang='lat' dir='ltr'><strong>ministerio</strong></span> <span class='ocrx_word' id='word_1_464' title='bbox 1644 5823 1814 5877; x_wconf 82' lang='lat' dir='ltr'><strong>perse-</strong></span> 
     </span>
    </p>
   </div>
   <div class='ocr_carea' id='block_1_60' title="bbox 214 5893 1810 5976">
    <p class='ocr_par' dir='ltr' id='par_1_60' title="bbox 214 5893 1810 5976">
     <span class='ocr_line' id='line_1_60' title="bbox 214 5893 1810 5976; baseline 0.003 -26"><span class='ocrx_word' id='word_1_465' title='bbox 214 5908 441 5950; x_wconf 62' lang='lat' dir='ltr'><strong>veremus</strong></span> <span class='ocrx_word' id='word_1_466' title='bbox 477 5893 616 5967; x_wconf 75' lang='lat' dir='ltr'><strong>(Act.</strong></span> <span class='ocrx_word' id='word_1_467' title='bbox 646 5895 699 5950; x_wconf 87' lang='lat'><strong>6.</strong></span> <span class='ocrx_word' id='word_1_468' title='bbox 727 5893 804 5968; x_wconf 73' lang='grc' dir='ltr'><strong>ι).</strong></span> <span class='ocrx_word' id='word_1_469' title='bbox 833 5895 922 5954; x_wconf 88' lang='lat' dir='ltr'><strong>Sic</strong></span> <span class='ocrx_word' id='word_1_470' title='bbox 952 5905 1007 5952; x_wconf 88' lang='lat' dir='ltr'><strong>et</strong></span> <span class='ocrx_word' id='word_1_471' title='bbox 1042 5896 1420 5976; x_wconf 44' lang='lat' dir='ltr'><strong>Paulus&#39;facit,</strong></span> <span class='ocrx_word' id='word_1_472' title='bbox 1452 5912 1573 5953; x_wconf 91' lang='lat' dir='ltr'><strong>cum</strong></span> <span class='ocrx_word' id='word_1_473' title='bbox 1617 5898 1670 5952; x_wconf 90' lang='lat' dir='ltr'><strong>in</strong></span> <span class='ocrx_word' id='word_1_474' title='bbox 1697 5897 1810 5968; x_wconf 85' lang='lat' dir='ltr'><strong>epi-</strong></span> 
     </span>
    </p>
   </div>
   <div class='ocr_carea' id='block_1_61' title="bbox 3407 451 3552 511">
    <p class='ocr_par' dir='ltr' id='par_1_61' title="bbox 3407 451 3552 511">
     <span class='ocr_line' id='line_1_61' title="bbox 3407 451 3552 511; baseline -0.014 -1"><span class='ocrx_word' id='word_1_475' title='bbox 3407 470 3410 473; x_wconf 87' lang='lat'>&#39;</span> <span class='ocrx_word' id='word_1_476' title='bbox 3449 451 3552 511; x_wconf 72' lang='grc'><strong>726</strong></span> 
     </span>
    </p>
   </div>
   <div class='ocr_carea' id='block_1_62' title="bbox 1963 560 3551 636">
    <p class='ocr_par' dir='ltr' id='par_1_62' title="bbox 1963 560 3551 636">
     <span class='ocr_line' id='line_1_62' title="bbox 1963 560 3551 636; baseline 0.008 -22"><span class='ocrx_word' id='word_1_477' title='bbox 1963 560 2216 616; x_wconf 89' lang='lat' dir='ltr'><strong>stolarum</strong></span> <span class='ocrx_word' id='word_1_478' title='bbox 2248 563 2482 618; x_wconf 82' lang='lat' dir='ltr'><strong>exordiis</strong></span> <span class='ocrx_word' id='word_1_479' title='bbox 2511 572 2755 633; x_wconf 89' lang='lat' dir='ltr'><strong>precetur</strong></span> <span class='ocrx_word' id='word_1_480' title='bbox 2774 607 2789 632; x_wconf 94' lang='lat'><strong>,</strong></span> <span class='ocrx_word' id='word_1_481' title='bbox 2813 574 2870 620; x_wconf 91' lang='lat' dir='ltr'><strong>ut</strong></span> <span class='ocrx_word' id='word_1_482' title='bbox 2891 567 3041 636; x_wconf 86' lang='lat' dir='ltr'><strong>quasi</strong></span> <span class='ocrx_word' id='word_1_483' title='bbox 3073 567 3250 623; x_wconf 90' lang='lat' dir='ltr'><strong>lumen</strong></span> <span class='ocrx_word' id='word_1_484' title='bbox 3280 567 3509 626; x_wconf 68' lang='lat' dir='ltr'><strong>lucerna:</strong></span> <span class='ocrx_word' id='word_1_485' title='bbox 3535 613 3551 636; x_wconf 88' lang='lat'><strong>,</strong></span> 
     </span>
    </p>
   </div>
   <div class='ocr_carea' id='block_1_63' title="bbox 1959 651 3551 726">
    <p class='ocr_par' dir='ltr' id='par_1_63' title="bbox 1959 651 3551 726">
     <span class='ocr_line' id='line_1_63' title="bbox 1959 651 3551 726; baseline 0.009 -22"><span class='ocrx_word' id='word_1_486' title='bbox 1959 651 2028 704; x_wconf 91' lang='lat' dir='ltr'><strong>ita</strong></span> <span class='ocrx_word' id='word_1_487' title='bbox 2051 661 2102 705; x_wconf 93' lang='lat' dir='ltr'><strong>et</strong></span> <span class='ocrx_word' id='word_1_488' title='bbox 2123 654 2378 708; x_wconf 90' lang='lat' dir='ltr'><strong>orationis</strong></span> <span class='ocrx_word' id='word_1_489' title='bbox 2400 655 2488 708; x_wconf 87' lang='lat' dir='ltr'><strong>lux</strong></span> <span class='ocrx_word' id='word_1_490' title='bbox 2505 657 2669 710; x_wconf 90' lang='lat' dir='ltr'><strong>verbo</strong></span> <span class='ocrx_word' id='word_1_491' title='bbox 2692 667 2908 726; x_wconf 67' lang='lat' dir='ltr'><strong>praeest.</strong></span> <span class='ocrx_word' id='word_1_492' title='bbox 2935 657 2989 714; x_wconf 93' lang='lat' dir='ltr'><strong>Si</strong></span> <span class='ocrx_word' id='word_1_493' title='bbox 3023 660 3093 714; x_wconf 92' lang='lat' dir='ltr'><strong>ita</strong></span> <span class='ocrx_word' id='word_1_494' title='bbox 3121 668 3170 715; x_wconf 90' lang='lat' dir='ltr'><strong>te</strong></span> <span class='ocrx_word' id='word_1_495' title='bbox 3196 661 3551 720; x_wconf 85' lang='lat' dir='ltr'><strong>assuefeceris</strong></span> 
     </span>
    </p>
   </div>
   <div class='ocr_carea' id='block_1_64' title="bbox 1956 741 3554 826">
    <p class='ocr_par' dir='ltr' id='par_1_64' title="bbox 1956 741 3554 826">
     <span class='ocr_line' id='line_1_64' title="bbox 1956 741 3554 826; baseline 0.009 -32"><span class='ocrx_word' id='word_1_496' title='bbox 1956 741 2142 794; x_wconf 90' lang='lat' dir='ltr'><strong>orandi</strong></span> <span class='ocrx_word' id='word_1_497' title='bbox 2174 741 2492 813; x_wconf 80' lang='lat' dir='ltr'><strong>diligenti-.e,</strong></span> <span class='ocrx_word' id='word_1_498' title='bbox 2521 759 2903 801; x_wconf 89' lang='lat' dir='ltr'><strong>conservorum</strong></span> <span class='ocrx_word' id='word_1_499' title='bbox 2929 746 3168 803; x_wconf 88' lang='lat' dir='ltr'><strong>doctrina</strong></span> <span class='ocrx_word' id='word_1_500' title='bbox 3207 765 3314 805; x_wconf 91' lang='lat' dir='ltr'><strong>non</strong></span> <span class='ocrx_word' id='word_1_501' title='bbox 3346 753 3554 826; x_wconf 66' lang='lat' dir='ltr'><strong>egebis,</strong></span> 
     </span>
    </p>
   </div>
   <div class='ocr_carea' id='block_1_65' title="bbox 1957 831 3553 911">
    <p class='ocr_par' dir='ltr' id='par_1_65' title="bbox 1957 831 3553 911">
     <span class='ocr_line' id='line_1_65' title="bbox 1957 831 3553 911; baseline 0.01 -26"><span class='ocrx_word' id='word_1_502' title='bbox 1957 831 2074 900; x_wconf 91' lang='lat' dir='ltr'><strong>ipso</strong></span> <span class='ocrx_word' id='word_1_503' title='bbox 2101 832 2243 898; x_wconf 89' lang='lat' dir='ltr'><strong>Deo,</strong></span> <span class='ocrx_word' id='word_1_504' title='bbox 2284 835 2400 889; x_wconf 92' lang='lat' dir='ltr'><strong>sine</strong></span> <span class='ocrx_word' id='word_1_505' title='bbox 2430 835 2542 890; x_wconf 91' lang='lat' dir='ltr'><strong>ullo</strong></span> <span class='ocrx_word' id='word_1_506' title='bbox 2586 838 2916 906; x_wconf 88' lang='lat' dir='ltr'><strong>mediatore,</strong></span> <span class='ocrx_word' id='word_1_507' title='bbox 2963 851 3195 896; x_wconf 79' lang='lat' dir='ltr'><strong>mentem</strong></span> <span class='ocrx_word' id='word_1_508' title='bbox 3229 841 3371 898; x_wconf 85' lang='lat' dir='ltr'><strong>tuam</strong></span> <span class='ocrx_word' id='word_1_509' title='bbox 3421 845 3553 911; x_wconf 79' lang='lat' dir='ltr'><strong>irra-</strong></span> 
     </span>
    </p>
   </div>
   <div class='ocr_carea' id='block_1_66' title="bbox 1955 925 3550 1007">
    <p class='ocr_par' dir='ltr' id='par_1_66' title="bbox 1955 925 3550 1007">
     <span class='ocr_line' id='line_1_66' title="bbox 1955 925 3550 1007; baseline 0.01 -28"><span class='ocrx_word' id='word_1_510' title='bbox 1955 925 2157 980; x_wconf 83' lang='lat' dir='ltr'><strong>diante.</strong></span> <span class='ocrx_word' id='word_1_511' title='bbox 2207 927 2360 996; x_wconf 86' lang='lat' dir='ltr'><strong>Quod</strong></span> <span class='ocrx_word' id='word_1_512' title='bbox 2407 928 2450 983; x_wconf 90' lang='lat' dir='ltr'><strong>si</strong></span> <span class='ocrx_word' id='word_1_513' title='bbox 2503 931 2659 986; x_wconf 89' lang='lat' dir='ltr'><strong>unius</strong></span> <span class='ocrx_word' id='word_1_514' title='bbox 2700 932 2873 987; x_wconf 84' lang='lat' dir='ltr'><strong>oratio</strong></span> <span class='ocrx_word' id='word_1_515' title='bbox 2917 942 3115 989; x_wconf 89' lang='lat' dir='ltr'><strong>tantam</strong></span> <span class='ocrx_word' id='word_1_516' title='bbox 3161 936 3266 990; x_wconf 89' lang='lat' dir='ltr'><strong>vim</strong></span> <span class='ocrx_word' id='word_1_517' title='bbox 3321 939 3550 1007; x_wconf 87' lang='lat' dir='ltr'><strong>habeat,</strong></span> 
     </span>
    </p>
   </div>
   <div class='ocr_carea' id='block_1_67' title="bbox 1957 1015 3549 1090">
    <p class='ocr_par' dir='ltr' id='par_1_67' title="bbox 1957 1015 3549 1090">
     <span class='ocr_line' id='line_1_67' title="bbox 1957 1015 3549 1090; baseline 0.008 -21"><span class='ocrx_word' id='word_1_518' title='bbox 1957 1015 2124 1070; x_wconf 90' lang='lat' dir='ltr'><strong>multo</strong></span> <span class='ocrx_word' id='word_1_519' title='bbox 2151 1018 2318 1086; x_wconf 79' lang='lat' dir='ltr'><strong>magis</strong></span> <span class='ocrx_word' id='word_1_520' title='bbox 2362 1033 2464 1084; x_wconf 84' lang='lat' dir='ltr'><strong>ea,</strong></span> <span class='ocrx_word' id='word_1_521' title='bbox 2509 1036 2628 1090; x_wconf 74' lang='lat' dir='ltr'><strong>qua:</strong></span> <span class='ocrx_word' id='word_1_522' title='bbox 2675 1036 2796 1075; x_wconf 91' lang='lat' dir='ltr'><strong>cum</strong></span> <span class='ocrx_word' id='word_1_523' title='bbox 2852 1023 3195 1080; x_wconf 82' lang='lat' dir='ltr'><strong>multitudine</strong></span> <span class='ocrx_word' id='word_1_524' title='bbox 3243 1027 3549 1083; x_wconf 89' lang='lat' dir='ltr'><strong>emittitur:</strong></span> 
     </span>
    </p>
   </div>
   <div class='ocr_carea' id='block_1_68' title="bbox 1955 1106 3550 1187">
    <p class='ocr_par' dir='ltr' id='par_1_68' title="bbox 1955 1106 3550 1187">
     <span class='ocr_line' id='line_1_68' title="bbox 1955 1106 3550 1187; baseline 0.009 -27"><span class='ocrx_word' id='word_1_525' title='bbox 1955 1106 2070 1161; x_wconf 71' lang='lat' dir='ltr'><strong>hmc</strong></span> <span class='ocrx_word' id='word_1_526' title='bbox 2121 1108 2240 1184; x_wconf 87' lang='lat' dir='ltr'><strong>plus</strong></span> <span class='ocrx_word' id='word_1_527' title='bbox 2289 1108 2448 1165; x_wconf 90' lang='lat' dir='ltr'><strong>habet</strong></span> <span class='ocrx_word' id='word_1_528' title='bbox 2489 1127 2813 1180; x_wconf 81' lang='lat' dir='ltr'><strong>nervorum,</strong></span> <span class='ocrx_word' id='word_1_529' title='bbox 2862 1115 3226 1187; x_wconf 87' lang='lat' dir='ltr'><strong>majoremque</strong></span> <span class='ocrx_word' id='word_1_530' title='bbox 3265 1116 3550 1186; x_wconf 75' lang='lat' dir='ltr'><strong>fiduciam.</strong></span> 
     </span>
    </p>
   </div>
   <div class='ocr_carea' id='block_1_69' title="bbox 1918 1201 3546 1280">
    <p class='ocr_par' dir='ltr' id='par_1_69' title="bbox 1918 1201 3546 1280">
     <span class='ocr_line' id='line_1_69' title="bbox 1918 1201 3546 1280; baseline 0.01 -29"><span class='ocrx_word' id='word_1_531' title='bbox 1918 1275 1923 1278; x_wconf 19' lang='lat'><em>.</em></span> <span class='ocrx_word' id='word_1_532' title='bbox 1953 1214 2111 1269; x_wconf 90' lang='lat' dir='ltr'><strong>quam</strong></span> <span class='ocrx_word' id='word_1_533' title='bbox 2137 1201 2283 1256; x_wconf 90' lang='lat' dir='ltr'><strong>domi</strong></span> <span class='ocrx_word' id='word_1_534' title='bbox 2310 1202 2526 1258; x_wconf 88' lang='lat' dir='ltr'><strong>emissa.</strong></span> <span class='ocrx_word' id='word_1_535' title='bbox 2559 1203 2838 1261; x_wconf 87' lang='lat' dir='ltr'><strong>Undenam</strong></span> <span class='ocrx_word' id='word_1_536' title='bbox 2872 1207 2923 1262; x_wconf 92' lang='lat' dir='ltr'><strong>id</strong></span> <span class='ocrx_word' id='word_1_537' title='bbox 2963 1208 3168 1279; x_wconf 88' lang='lat' dir='ltr'><strong>liquet?</strong></span> <span class='ocrx_word' id='word_1_538' title='bbox 3212 1211 3391 1280; x_wconf 89' lang='lat' dir='ltr'><strong>ipsum</strong></span> <span class='ocrx_word' id='word_1_539' title='bbox 3421 1213 3546 1269; x_wconf 91' lang='lat' dir='ltr'><strong>audi</strong></span> 
     </span>
    </p>
   </div>
   <div class='ocr_carea' id='block_1_70' title="bbox 1955 1288 3543 1374">
    <p class='ocr_par' dir='ltr' id='par_1_70' title="bbox 1955 1288 3543 1374">
     <span class='ocr_line' id='line_1_70' title="bbox 1955 1288 3543 1374; baseline 0.011 -32"><span class='ocrx_word' id='word_1_540' title='bbox 1955 1288 2177 1345; x_wconf 85' lang='lat' dir='ltr'><strong>Paulum</strong></span> <span class='ocrx_word' id='word_1_541' title='bbox 2209 1291 2514 1362; x_wconf 91' lang='lat' dir='ltr'><strong>loquentem</strong></span> <span class='ocrx_word' id='word_1_542' title='bbox 2547 1312 2559 1349; x_wconf 91' lang='lat'><strong>:</strong></span> <span class='ocrx_word' id='word_1_543' title='bbox 2595 1296 2696 1364; x_wconf 81' lang='lat' dir='ltr'><strong>Qui</strong></span> <span class='ocrx_word' id='word_1_544' title='bbox 2738 1298 2803 1352; x_wconf 89' lang='lat' dir='ltr'><strong>de</strong></span> <span class='ocrx_word' id='word_1_545' title='bbox 2826 1308 2968 1353; x_wconf 86' lang='lat' dir='ltr'><strong>tanta</strong></span> <span class='ocrx_word' id='word_1_546' title='bbox 2997 1310 3159 1355; x_wconf 89' lang='lat' dir='ltr'><strong>morte</strong></span> <span class='ocrx_word' id='word_1_547' title='bbox 3197 1303 3385 1374; x_wconf 78' lang='lat' dir='ltr'><strong>eripuit</strong></span> <span class='ocrx_word' id='word_1_548' title='bbox 3415 1321 3543 1371; x_wconf 85' lang='lat' dir='ltr'><strong>nas,</strong></span> 
     </span>
    </p>
   </div>
   <div class='ocr_carea' id='block_1_71' title="bbox 1953 1382 3553 1468">
    <p class='ocr_par' dir='ltr' id='par_1_71' title="bbox 1953 1382 3553 1468">
     <span class='ocr_line' id='line_1_71' title="bbox 1953 1382 3553 1468; baseline 0.012 -33"><span class='ocrx_word' id='word_1_549' title='bbox 1953 1389 1998 1435; x_wconf 89' lang='lat' dir='ltr'><strong>et</strong></span> <span class='ocrx_word' id='word_1_550' title='bbox 2013 1382 2186 1437; x_wconf 80' lang='lat' dir='ltr'><strong>adhuc</strong></span> <span class='ocrx_word' id='word_1_551' title='bbox 2213 1395 2374 1438; x_wconf 82' lang='lat' dir='ltr'><strong>eruet.</strong></span> <span class='ocrx_word' id='word_1_552' title='bbox 2400 1387 2678 1456; x_wconf 88' lang='lat' dir='ltr'><strong>Speramus</strong></span> <span class='ocrx_word' id='word_1_553' title='bbox 2700 1393 3019 1463; x_wconf 84' lang='lat' dir='ltr'><strong>autemquod</strong></span> <span class='ocrx_word' id='word_1_554' title='bbox 3045 1395 3214 1450; x_wconf 74' lang='lat' dir='ltr'><strong>adhuc</strong></span> <span class='ocrx_word' id='word_1_555' title='bbox 3238 1398 3553 1468; x_wconf 59' lang='lat' dir='ltr'><strong>eripietne.</strong></span> 
     </span>
    </p>
   </div>
   <div class='ocr_carea' id='block_1_72' title="bbox 1952 1473 3553 1554">
    <p class='ocr_par' dir='ltr' id='par_1_72' title="bbox 1952 1473 3553 1554">
     <span class='ocr_line' id='line_1_72' title="bbox 1952 1473 3553 1554; baseline 0.013 -29"><span class='ocrx_word' id='word_1_556' title='bbox 1952 1473 2026 1526; x_wconf 86' lang='lat' dir='ltr'><strong>bis</strong></span> <span class='ocrx_word' id='word_1_557' title='bbox 2047 1491 2243 1544; x_wconf 86' lang='lat' dir='ltr'><strong>quoque</strong></span> <span class='ocrx_word' id='word_1_558' title='bbox 2266 1476 2575 1534; x_wconf 84' lang='lat' dir='ltr'><strong>in&#39;oratione</strong></span> <span class='ocrx_word' id='word_1_559' title='bbox 2602 1498 2698 1552; x_wconf 88' lang='lat' dir='ltr'><strong>pro</strong></span> <span class='ocrx_word' id='word_1_560' title='bbox 2746 1484 2890 1538; x_wconf 85' lang='lat' dir='ltr'><strong>nobis</strong></span> <span class='ocrx_word' id='word_1_561' title='bbox 2932 1483 3377 1554; x_wconf 72' lang='lat' dir='ltr'><strong>subvenientibus‘,</strong></span> <span class='ocrx_word' id='word_1_562' title='bbox 3408 1500 3463 1544; x_wconf 88' lang='lat' dir='ltr'><strong>ut</strong></span> <span class='ocrx_word' id='word_1_563' title='bbox 3487 1491 3553 1547; x_wconf 77' lang='lat' dir='ltr'><strong>de</strong></span> 
     </span>
    </p>
   </div>
   <div class='ocr_carea' id='block_1_73' title="bbox 1951 1564 3547 1652">
    <p class='ocr_par' dir='ltr' id='par_1_73' title="bbox 1951 1564 3547 1652">
     <span class='ocr_line' id='line_1_73' title="bbox 1951 1564 3547 1652; baseline 0.012 -36"><span class='ocrx_word' id='word_1_564' title='bbox 1951 1564 2084 1618; x_wconf 86' lang='lat' dir='ltr'><strong>dono</strong></span> <span class='ocrx_word' id='word_1_565' title='bbox 2107 1567 2249 1621; x_wconf 83' lang='lat' dir='ltr'><strong>nobis</strong></span> <span class='ocrx_word' id='word_1_566' title='bbox 2276 1569 2460 1623; x_wconf 89' lang='lat' dir='ltr'><strong>collato</strong></span> <span class='ocrx_word' id='word_1_567' title='bbox 2493 1588 2581 1640; x_wconf 90' lang='lat' dir='ltr'><strong>pcr</strong></span> <span class='ocrx_word' id='word_1_568' title='bbox 2609 1571 2796 1627; x_wconf 88' lang='lat' dir='ltr'><strong>multas</strong></span> <span class='ocrx_word' id='word_1_569' title='bbox 2835 1591 3076 1644; x_wconf 78' lang='lat' dir='ltr'><strong>personas</strong></span> <span class='ocrx_word' id='word_1_570' title='bbox 3103 1579 3287 1649; x_wconf 74' lang='lat' dir='ltr'><strong>gratia:</strong></span> <span class='ocrx_word' id='word_1_571' title='bbox 3328 1591 3547 1652; x_wconf 82' lang='lat' dir='ltr'><strong>agantur</strong></span> 
     </span>
    </p>
   </div>
   <div class='ocr_carea' id='block_1_74' title="bbox 1950 1659 3546 1735">
    <p class='ocr_par' dir='ltr' id='par_1_74' title="bbox 1950 1659 3546 1735">
     <span class='ocr_line' id='line_1_74' title="bbox 1950 1659 3546 1735; baseline 0.011 -25"><span class='ocrx_word' id='word_1_572' title='bbox 1950 1673 2043 1727; x_wconf 86' lang='lat' dir='ltr'><strong>pro</strong></span> <span class='ocrx_word' id='word_1_573' title='bbox 2068 1659 2209 1714; x_wconf 84' lang='lat' dir='ltr'><strong>nobis</strong></span> <span class='ocrx_word' id='word_1_574' title='bbox 2223 1660 2315 1729; x_wconf 60' lang='grc' dir='ltr'><strong>β.</strong></span> <span class='ocrx_word' id='word_1_575' title='bbox 2346 1661 2466 1716; x_wconf 87' lang='lat' dir='ltr'><strong>Cor.</strong></span> <span class='ocrx_word' id='word_1_576' title='bbox 2499 1665 2550 1719; x_wconf 97' lang='grc'><strong>1.</strong></span> <span class='ocrx_word' id='word_1_577' title='bbox 2578 1665 2664 1720; x_wconf 86' lang='grc'><strong>10.</strong></span> <span class='ocrx_word' id='word_1_578' title='bbox 2699 1666 2807 1735; x_wconf 85' lang='grc'><strong>11).</strong></span> <span class='ocrx_word' id='word_1_579' title='bbox 2840 1667 2928 1723; x_wconf 91' lang='lat' dir='ltr'><strong>Sic</strong></span> <span class='ocrx_word' id='word_1_580' title='bbox 2958 1669 3121 1724; x_wconf 89' lang='lat' dir='ltr'><strong>etiam</strong></span> <span class='ocrx_word' id='word_1_581' title='bbox 3152 1670 3342 1726; x_wconf 91' lang='lat' dir='ltr'><strong>Petrus</strong></span> <span class='ocrx_word' id='word_1_582' title='bbox 3361 1687 3546 1728; x_wconf 83' lang='lat' dir='ltr'><strong>carce-</strong></span> 
     </span>
    </p>
   </div>
   <div class='ocr_carea' id='block_1_75' title="bbox 1949 1747 3550 1827">
    <p class='ocr_par' dir='ltr' id='par_1_75' title="bbox 1949 1747 3550 1827">
     <span class='ocr_line' id='line_1_75' title="bbox 1949 1747 3550 1827; baseline 0.011 -24"><span class='ocrx_word' id='word_1_583' title='bbox 1949 1765 2061 1821; x_wconf 82' lang='lat' dir='ltr'><strong>rem</strong></span> <span class='ocrx_word' id='word_1_584' title='bbox 2097 1751 2280 1821; x_wconf 71' lang='lat' dir='ltr'><strong>effugit</strong></span> <span class='ocrx_word' id='word_1_585' title='bbox 2320 1771 2332 1806; x_wconf 93' lang='lat'>:</span> <span class='ocrx_word' id='word_1_586' title='bbox 2371 1747 2549 1810; x_wconf 81' lang='lat' dir='ltr'><strong>Oratio</strong></span> <span class='ocrx_word' id='word_1_587' title='bbox 2587 1757 2719 1812; x_wconf 85' lang='lat' dir='ltr'><strong>enim</strong></span> <span class='ocrx_word' id='word_1_588' title='bbox 2758 1759 2911 1827; x_wconf 79' lang='lat' dir='ltr'><strong>[iebat</strong></span> <span class='ocrx_word' id='word_1_589' title='bbox 2936 1761 3061 1815; x_wconf 87' lang='lat' dir='ltr'><strong>sine-</strong></span> <span class='ocrx_word' id='word_1_590' title='bbox 3090 1762 3460 1820; x_wconf 79' lang='lat' dir='ltr'><strong>intermissione</strong></span> <span class='ocrx_word' id='word_1_591' title='bbox 3484 1768 3550 1820; x_wconf 82' lang='lat' dir='ltr'><strong>ab</strong></span> 
     </span>
    </p>
   </div>
   <div class='ocr_carea' id='block_1_76' title="bbox 1947 1839 3551 1923">
    <p class='ocr_par' dir='ltr' id='par_1_76' title="bbox 1947 1839 3551 1923">
     <span class='ocr_line' id='line_1_76' title="bbox 1947 1839 3551 1923; baseline 0.012 -30"><span class='ocrx_word' id='word_1_592' title='bbox 1947 1839 2178 1896; x_wconf 81' lang='lat' dir='ltr'><strong>Ecclesia</strong></span> <span class='ocrx_word' id='word_1_593' title='bbox 2203 1844 2271 1897; x_wconf 85' lang='lat' dir='ltr'><strong>ad</strong></span> <span class='ocrx_word' id='word_1_594' title='bbox 2305 1843 2464 1900; x_wconf 88' lang='lat' dir='ltr'><strong>Deum</strong></span> <span class='ocrx_word' id='word_1_595' title='bbox 2489 1864 2581 1918; x_wconf 90' lang='lat' dir='ltr'><strong>pro</strong></span> <span class='ocrx_word' id='word_1_596' title='bbox 2615 1865 2673 1902; x_wconf 87' lang='lat' dir='ltr'><strong>eo</strong></span> <span class='ocrx_word' id='word_1_597' title='bbox 2705 1850 2839 1920; x_wconf 81' lang='lat' dir='ltr'><strong>(Act.</strong></span> <span class='ocrx_word' id='word_1_598' title='bbox 2871 1850 2961 1905; x_wconf 69' lang='lat'><strong>12.</strong></span> <span class='ocrx_word' id='word_1_599' title='bbox 2988 1850 3065 1923; x_wconf 82' lang='lat'><strong>5).</strong></span> <span class='ocrx_word' id='word_1_600' title='bbox 3094 1852 3248 1921; x_wconf 89' lang='lat' dir='ltr'><strong>Quod</strong></span> <span class='ocrx_word' id='word_1_601' title='bbox 3276 1855 3321 1910; x_wconf 89' lang='lat' dir='ltr'><strong>si</strong></span> <span class='ocrx_word' id='word_1_602' title='bbox 3363 1856 3551 1912; x_wconf 84' lang='lat' dir='ltr'><strong>Eccle-</strong></span> 
     </span>
    </p>
   </div>
   <div class='ocr_carea' id='block_1_77' title="bbox 1945 1933 3550 2009">
    <p class='ocr_par' dir='ltr' id='par_1_77' title="bbox 1945 1933 3550 2009">
     <span class='ocr_line' id='line_1_77' title="bbox 1945 1933 3550 2009; baseline 0.01 -21"><span class='ocrx_word' id='word_1_603' title='bbox 1945 1933 2042 1989; x_wconf 70' lang='lat' dir='ltr'><strong>sia:</strong></span> <span class='ocrx_word' id='word_1_604' title='bbox 2066 1935 2238 1990; x_wconf 91' lang='lat' dir='ltr'><strong>oratio</strong></span> <span class='ocrx_word' id='word_1_605' title='bbox 2263 1937 2425 1993; x_wconf 88' lang='lat' dir='ltr'><strong>Petro</strong></span> <span class='ocrx_word' id='word_1_606' title='bbox 2455 1939 2686 2009; x_wconf 91' lang='lat' dir='ltr'><strong>profuit,</strong></span> <span class='ocrx_word' id='word_1_607' title='bbox 2735 1957 2799 1996; x_wconf 89' lang='lat' dir='ltr'><strong>ac</strong></span> <span class='ocrx_word' id='word_1_608' title='bbox 2833 1943 3140 1999; x_wconf 88' lang='lat' dir='ltr'><strong>columnam</strong></span> <span class='ocrx_word' id='word_1_609' title='bbox 3185 1946 3330 2001; x_wconf 86' lang='lat' dir='ltr'><strong>illam</strong></span> <span class='ocrx_word' id='word_1_610' title='bbox 3359 1947 3550 2005; x_wconf 77' lang='lat' dir='ltr'><strong>eduxit</strong></span> 
     </span>
    </p>
   </div>
   <div class='ocr_carea' id='block_1_78' title="bbox 1946 2033 3551 2106">
    <p class='ocr_par' dir='ltr' id='par_1_78' title="bbox 1946 2033 3551 2106">
     <span class='ocr_line' id='line_1_78' title="bbox 1946 2033 3551 2106; baseline 0.011 -26"><span class='ocrx_word' id='word_1_611' title='bbox 1946 2040 2011 2080; x_wconf 90' lang='lat' dir='ltr'><strong>ex</strong></span> <span class='ocrx_word' id='word_1_612' title='bbox 2037 2041 2284 2095; x_wconf 90' lang='lat' dir='ltr'><strong>carcere,</strong></span> <span class='ocrx_word' id='word_1_613' title='bbox 2317 2046 2484 2099; x_wconf 90' lang='lat' dir='ltr'><strong>quare</strong></span> <span class='ocrx_word' id='word_1_614' title='bbox 2510 2041 2563 2086; x_wconf 93' lang='lat' dir='ltr'><strong>tu</strong></span> <span class='ocrx_word' id='word_1_615' title='bbox 2590 2033 2706 2102; x_wconf 88' lang='lat' dir='ltr'><strong>ejus</strong></span> <span class='ocrx_word' id='word_1_616' title='bbox 2729 2034 2836 2088; x_wconf 89' lang='lat' dir='ltr'><strong>vim</strong></span> <span class='ocrx_word' id='word_1_617' title='bbox 2869 2035 3136 2106; x_wconf 88' lang='lat' dir='ltr'><strong>despicis,</strong></span> <span class='ocrx_word' id='word_1_618' title='bbox 3162 2037 3250 2094; x_wconf 90' lang='lat' dir='ltr'><strong>dic</strong></span> <span class='ocrx_word' id='word_1_619' title='bbox 3291 2039 3419 2095; x_wconf 90' lang='lat' dir='ltr'><strong>mihi</strong></span> <span class='ocrx_word' id='word_1_620' title='bbox 3440 2082 3454 2106; x_wconf 92' lang='lat'><strong>,</strong></span> <span class='ocrx_word' id='word_1_621' title='bbox 3495 2052 3551 2097; x_wconf 89' lang='lat' dir='ltr'><strong>ct</strong></span> 
     </span>
    </p>
   </div>
   <div class='ocr_carea' id='block_1_79' title="bbox 1944 2118 3633 2201">
    <p class='ocr_par' dir='ltr' id='par_1_79' title="bbox 1944 2118 3633 2201">
     <span class='ocr_line' id='line_1_79' title="bbox 1944 2118 3633 2201; baseline 0.009 -29"><span class='ocrx_word' id='word_1_622' title='bbox 1944 2132 2104 2187; x_wconf 83' lang='lat' dir='ltr'><strong>quam</strong></span> <span class='ocrx_word' id='word_1_623' title='bbox 2138 2118 2359 2176; x_wconf 91' lang='lat' dir='ltr'><strong>habebis</strong></span> <span class='ocrx_word' id='word_1_624' title='bbox 2401 2125 2840 2180; x_wconf 83' lang='lat' dir='ltr'><strong>excusationem?</strong></span> <span class='ocrx_word' id='word_1_625' title='bbox 2885 2126 3063 2196; x_wconf 83' lang='lat' dir='ltr'><strong>ipsum</strong></span> <span class='ocrx_word' id='word_1_626' title='bbox 3115 2144 3330 2201; x_wconf 91' lang='lat' dir='ltr'><strong>quoque</strong></span> <span class='ocrx_word' id='word_1_627' title='bbox 3371 2131 3541 2187; x_wconf 91' lang='lat' dir='ltr'><strong>Deum</strong></span> <span class='ocrx_word' id='word_1_628' title='bbox 3609 2156 3633 2178; x_wconf 78' lang='grc' dir='ltr'><strong><em>ο</em></strong></span> 
     </span>
    </p>
   </div>
   <div class='ocr_carea' id='block_1_80' title="bbox 1943 2208 3543 2279">
    <p class='ocr_par' dir='ltr' id='par_1_80' title="bbox 1943 2208 3543 2279">
     <span class='ocr_line' id='line_1_80' title="bbox 1943 2208 3543 2279; baseline 0.008 -16"><span class='ocrx_word' id='word_1_629' title='bbox 1943 2208 2209 2265; x_wconf 91' lang='lat' dir='ltr'><strong>dicentem</strong></span> <span class='ocrx_word' id='word_1_630' title='bbox 2282 2211 2441 2279; x_wconf 89' lang='lat' dir='ltr'><strong>audi,</strong></span> <span class='ocrx_word' id='word_1_631' title='bbox 2495 2227 2556 2268; x_wconf 90' lang='lat' dir='ltr'><strong>se</strong></span> <span class='ocrx_word' id='word_1_632' title='bbox 2606 2215 2949 2272; x_wconf 88' lang='lat' dir='ltr'><strong>multitudine</strong></span> <span class='ocrx_word' id='word_1_633' title='bbox 2996 2232 3118 2272; x_wconf 91' lang='lat' dir='ltr'><strong>cum</strong></span> <span class='ocrx_word' id='word_1_634' title='bbox 3166 2218 3543 2277; x_wconf 87' lang='lat' dir='ltr'><strong>benevolentia</strong></span> 
     </span>
    </p>
   </div>
   <div class='ocr_carea' id='block_1_81' title="bbox 1944 2300 3545 2376">
    <p class='ocr_par' dir='ltr' id='par_1_81' title="bbox 1944 2300 3545 2376">
     <span class='ocr_line' id='line_1_81' title="bbox 1944 2300 3545 2376; baseline 0.006 -22"><span class='ocrx_word' id='word_1_635' title='bbox 1944 2311 2134 2354; x_wconf 89' lang='lat' dir='ltr'><strong>orante</strong></span> <span class='ocrx_word' id='word_1_636' title='bbox 2173 2300 2394 2370; x_wconf 90' lang='lat' dir='ltr'><strong>placari.</strong></span> <span class='ocrx_word' id='word_1_637' title='bbox 2442 2302 2574 2357; x_wconf 89' lang='lat' dir='ltr'><strong>Nam</strong></span> <span class='ocrx_word' id='word_1_638' title='bbox 2618 2320 2738 2359; x_wconf 91' lang='lat' dir='ltr'><strong>cum</strong></span> <span class='ocrx_word' id='word_1_639' title='bbox 2771 2319 2893 2362; x_wconf 89' lang='lat' dir='ltr'><strong>sese</strong></span> <span class='ocrx_word' id='word_1_640' title='bbox 2919 2307 3060 2376; x_wconf 92' lang='lat' dir='ltr'><strong>apud</strong></span> <span class='ocrx_word' id='word_1_641' title='bbox 3102 2307 3296 2364; x_wconf 83' lang='lat' dir='ltr'><strong>Jouam</strong></span> <span class='ocrx_word' id='word_1_642' title='bbox 3324 2320 3545 2366; x_wconf 80' lang='lat' dir='ltr'><strong>excusa-</strong></span> 
     </span>
    </p>
   </div>
   <div class='ocr_carea' id='block_1_82' title="bbox 1941 2389 3542 2471">
    <p class='ocr_par' dir='ltr' id='par_1_82' title="bbox 1941 2389 3542 2471">
     <span class='ocr_line' id='line_1_82' title="bbox 1941 2389 3542 2471; baseline 0.008 -27"><span class='ocrx_word' id='word_1_643' title='bbox 1941 2398 2025 2444; x_wconf 86' lang='lat' dir='ltr'><strong>ret</strong></span> <span class='ocrx_word' id='word_1_644' title='bbox 2040 2389 2108 2446; x_wconf 92' lang='lat' dir='ltr'><strong>de</strong></span> <span class='ocrx_word' id='word_1_645' title='bbox 2127 2392 2416 2448; x_wconf 66' lang='lat' dir='ltr'><strong>cucurbitae</strong></span> <span class='ocrx_word' id='word_1_646' title='bbox 2437 2391 2646 2461; x_wconf 79' lang='lat' dir='ltr'><strong>frutice,</strong></span> <span class='ocrx_word' id='word_1_647' title='bbox 2668 2396 2741 2450; x_wconf 89' lang='lat' dir='ltr'><strong>ait</strong></span> <span class='ocrx_word' id='word_1_648' title='bbox 2766 2415 2780 2451; x_wconf 91' lang='lat'><strong>:</strong></span> <span class='ocrx_word' id='word_1_649' title='bbox 2804 2395 2885 2452; x_wconf 86' lang='lat' dir='ltr'><strong>Tu</strong></span> <span class='ocrx_word' id='word_1_650' title='bbox 2907 2399 3114 2467; x_wconf 82' lang='lat' dir='ltr'><strong>quidem</strong></span> <span class='ocrx_word' id='word_1_651' title='bbox 3151 2403 3420 2471; x_wconf 75' lang='lat' dir='ltr'><strong>pepercisti</strong></span> <span class='ocrx_word' id='word_1_652' title='bbox 3447 2421 3542 2457; x_wconf 84' lang='lat' dir='ltr'><strong>cu-</strong></span> 
     </span>
    </p>
   </div>
   <div class='ocr_carea' id='block_1_83' title="bbox 1940 2481 3544 2561">
    <p class='ocr_par' dir='ltr' id='par_1_83' title="bbox 1940 2481 3544 2561">
     <span class='ocr_line' id='line_1_83' title="bbox 1940 2481 3544 2561; baseline 0.01 -26"><span class='ocrx_word' id='word_1_653' title='bbox 1940 2481 2169 2550; x_wconf 72' lang='lat' dir='ltr'><strong>curbita,</strong></span> <span class='ocrx_word' id='word_1_654' title='bbox 2192 2499 2286 2554; x_wconf 88' lang='lat' dir='ltr'><strong>pro</strong></span> <span class='ocrx_word' id='word_1_655' title='bbox 2313 2502 2414 2556; x_wconf 86' lang='lat' dir='ltr'><strong>qua</strong></span> <span class='ocrx_word' id='word_1_656' title='bbox 2444 2503 2546 2541; x_wconf 87' lang='lat' dir='ltr'><strong>non</strong></span> <span class='ocrx_word' id='word_1_657' title='bbox 2568 2489 2831 2556; x_wconf 86' lang='lat' dir='ltr'><strong>laborasti,</strong></span> <span class='ocrx_word' id='word_1_658' title='bbox 2853 2507 3014 2561; x_wconf 87' lang='lat' dir='ltr'><strong>neque</strong></span> <span class='ocrx_word' id='word_1_659' title='bbox 3035 2493 3300 2549; x_wconf 76' lang='lat' dir='ltr'><strong>maluisti</strong></span> <span class='ocrx_word' id='word_1_660' title='bbox 3323 2512 3469 2561; x_wconf 83' lang='lat' dir='ltr'><strong>eam;</strong></span> <span class='ocrx_word' id='word_1_661' title='bbox 3495 2506 3544 2551; x_wconf 84' lang='lat' dir='ltr'><strong>et</strong></span> 
     </span>
    </p>
   </div>
   <div class='ocr_carea' id='block_1_84' title="bbox 1940 2577 3544 2656">
    <p class='ocr_par' dir='ltr' id='par_1_84' title="bbox 1940 2577 3544 2656">
     <span class='ocr_line' id='line_1_84' title="bbox 1940 2577 3544 2656; baseline 0.008 -28"><span class='ocrx_word' id='word_1_662' title='bbox 1940 2591 2032 2649; x_wconf 73' lang='lat' dir='ltr'><strong>ego</strong></span> <span class='ocrx_word' id='word_1_663' title='bbox 2053 2591 2155 2630; x_wconf 88' lang='lat' dir='ltr'><strong>non</strong></span> <span class='ocrx_word' id='word_1_664' title='bbox 2183 2593 2392 2647; x_wconf 86' lang='lat' dir='ltr'><strong>parcam</strong></span> <span class='ocrx_word' id='word_1_665' title='bbox 2419 2577 2627 2634; x_wconf 79' lang='lat' dir='ltr'><strong>Ninivtc</strong></span> <span class='ocrx_word' id='word_1_666' title='bbox 2670 2582 2863 2636; x_wconf 82' lang='lat' dir='ltr'><strong>civitati</strong></span> <span class='ocrx_word' id='word_1_667' title='bbox 2905 2579 3139 2655; x_wconf 72' lang='lat' dir='ltr'><strong>magna,</strong></span> <span class='ocrx_word' id='word_1_668' title='bbox 3172 2585 3224 2639; x_wconf 90' lang='lat' dir='ltr'><strong>in</strong></span> <span class='ocrx_word' id='word_1_669' title='bbox 3255 2603 3355 2656; x_wconf 88' lang='lat' dir='ltr'><strong>qua</strong></span> <span class='ocrx_word' id='word_1_670' title='bbox 3399 2588 3544 2642; x_wconf 81' lang='lat' dir='ltr'><strong>habi-</strong></span> 
     </span>
    </p>
   </div>
   <div class='ocr_carea' id='block_1_85' title="bbox 1939 2666 3580 2751">
    <p class='ocr_par' dir='ltr' id='par_1_85' title="bbox 1939 2666 3580 2751">
     <span class='ocr_line' id='line_1_85' title="bbox 1939 2666 3580 2751; baseline 0.009 -33"><span class='ocrx_word' id='word_1_671' title='bbox 1939 2675 2050 2720; x_wconf 88' lang='lat' dir='ltr'><strong>tant</strong></span> <span class='ocrx_word' id='word_1_672' title='bbox 2077 2666 2195 2738; x_wconf 87' lang='lat' dir='ltr'><strong>plus</strong></span> <span class='ocrx_word' id='word_1_673' title='bbox 2223 2685 2378 2739; x_wconf 85' lang='lat' dir='ltr'><strong>quam</strong></span> <span class='ocrx_word' id='word_1_674' title='bbox 2407 2679 2608 2724; x_wconf 87' lang='lat' dir='ltr'><strong>centum</strong></span> <span class='ocrx_word' id='word_1_675' title='bbox 2640 2672 2818 2743; x_wconf 84' lang='lat' dir='ltr'><strong>viginti</strong></span> <span class='ocrx_word' id='word_1_676' title='bbox 2862 2672 3029 2728; x_wconf 89' lang='lat' dir='ltr'><strong>millia</strong></span> <span class='ocrx_word' id='word_1_677' title='bbox 3075 2675 3339 2730; x_wconf 81' lang='lat' dir='ltr'><strong>hominum</strong></span> <span class='ocrx_word' id='word_1_678' title='bbox 3381 2677 3541 2751; x_wconf 83' lang='lat' dir='ltr'><strong>(Jan.</strong></span> <span class='ocrx_word' id='word_1_679' title='bbox 3577 2711 3580 2714; x_wconf 60' lang='grc' dir='ltr'><strong><em>ι</em></strong></span> 
     </span>
    </p>
   </div>
   <div class='ocr_carea' id='block_1_86' title="bbox 1937 2761 3542 2838">
    <p class='ocr_par' dir='ltr' id='par_1_86' title="bbox 1937 2761 3542 2838">
     <span class='ocr_line' id='line_1_86' title="bbox 1937 2761 3542 2838; baseline 0.007 -22"><span class='ocrx_word' id='word_1_680' title='bbox 1937 2761 1992 2816; x_wconf 74' lang='grc'><strong>4.</strong></span> <span class='ocrx_word' id='word_1_681' title='bbox 2022 2761 2110 2817; x_wconf 88' lang='grc'><strong>10.</strong></span> <span class='ocrx_word' id='word_1_682' title='bbox 2139 2763 2267 2835; x_wconf 90' lang='grc'><strong>11).</strong></span> <span class='ocrx_word' id='word_1_683' title='bbox 2297 2762 2415 2819; x_wconf 83' lang='lat' dir='ltr'><strong>Non</strong></span> <span class='ocrx_word' id='word_1_684' title='bbox 2443 2766 2538 2821; x_wconf 90' lang='lat' dir='ltr'><strong>abs</strong></span> <span class='ocrx_word' id='word_1_685' title='bbox 2561 2780 2620 2820; x_wconf 91' lang='lat' dir='ltr'><strong>re</strong></span> <span class='ocrx_word' id='word_1_686' title='bbox 2651 2765 3049 2822; x_wconf 80' lang='lat' dir='ltr'><strong>multitudinem</strong></span> <span class='ocrx_word' id='word_1_687' title='bbox 3076 2770 3334 2838; x_wconf 87' lang='lat' dir='ltr'><strong>opponit;</strong></span> <span class='ocrx_word' id='word_1_688' title='bbox 3358 2771 3454 2828; x_wconf 90' lang='lat' dir='ltr'><strong>sed</strong></span> <span class='ocrx_word' id='word_1_689' title='bbox 3485 2783 3542 2828; x_wconf 90' lang='lat' dir='ltr'><strong>ut</strong></span> 
     </span>
    </p>
   </div>
   <div class='ocr_carea' id='block_1_87' title="bbox 1937 2853 3529 2928">
    <p class='ocr_par' dir='ltr' id='par_1_87' title="bbox 1937 2853 3529 2928">
     <span class='ocr_line' id='line_1_87' title="bbox 1937 2853 3529 2928; baseline 0.008 -22"><span class='ocrx_word' id='word_1_690' title='bbox 1937 2853 2076 2908; x_wconf 89' lang='lat' dir='ltr'><strong>scias</strong></span> <span class='ocrx_word' id='word_1_691' title='bbox 2097 2895 2111 2918; x_wconf 95' lang='lat'><strong>,</strong></span> <span class='ocrx_word' id='word_1_692' title='bbox 2135 2855 2436 2910; x_wconf 87' lang='lat' dir='ltr'><strong>orationem</strong></span> <span class='ocrx_word' id='word_1_693' title='bbox 2459 2871 2565 2910; x_wconf 89' lang='lat' dir='ltr'><strong>uno</strong></span> <span class='ocrx_word' id='word_1_694' title='bbox 2589 2871 2858 2912; x_wconf 92' lang='lat' dir='ltr'><strong>consensu</strong></span> <span class='ocrx_word' id='word_1_695' title='bbox 2887 2855 3081 2913; x_wconf 85' lang='lat' dir='ltr'><strong>factam</strong></span> <span class='ocrx_word' id='word_1_696' title='bbox 3124 2874 3372 2928; x_wconf 79' lang='lat' dir='ltr'><strong>magnam</strong></span> <span class='ocrx_word' id='word_1_697' title='bbox 3421 2863 3529 2918; x_wconf 89' lang='lat' dir='ltr'><strong>vim</strong></span> 
     </span>
    </p>
   </div>
   <div class='ocr_carea' id='block_1_88' title="bbox 1938 2941 3534 3024">
    <p class='ocr_par' dir='ltr' id='par_1_88' title="bbox 1938 2941 3534 3024">
     <span class='ocr_line' id='line_1_88' title="bbox 1938 2941 3534 3024; baseline 0.008 -28"><span class='ocrx_word' id='word_1_698' title='bbox 1938 2941 2156 2999; x_wconf 88' lang='lat' dir='ltr'><strong>habere.</strong></span> <span class='ocrx_word' id='word_1_699' title='bbox 2201 2943 2315 2999; x_wconf 81' lang='lat' dir='ltr'><strong>Hoc</strong></span> <span class='ocrx_word' id='word_1_700' title='bbox 2357 2945 2508 3001; x_wconf 89' lang='lat' dir='ltr'><strong>vobis</strong></span> <span class='ocrx_word' id='word_1_701' title='bbox 2549 2961 2615 3002; x_wconf 88' lang='lat' dir='ltr'><strong>ex</strong></span> <span class='ocrx_word' id='word_1_702' title='bbox 2663 2945 2892 3003; x_wconf 87' lang='lat' dir='ltr'><strong>humana</strong></span> <span class='ocrx_word' id='word_1_703' title='bbox 2939 2949 3099 3004; x_wconf 87' lang='lat' dir='ltr'><strong>ctiam</strong></span> <span class='ocrx_word' id='word_1_704' title='bbox 3154 2949 3376 3006; x_wconf 91' lang='lat' dir='ltr'><strong>historia</strong></span> <span class='ocrx_word' id='word_1_705' title='bbox 3421 2953 3534 3024; x_wconf 58' lang='lat' dir='ltr'><strong>pla.</strong></span> 
     </span>
    </p>
   </div>
   <div class='ocr_carea' id='block_1_89' title="bbox 1938 3032 2442 3093">
    <p class='ocr_par' dir='ltr' id='par_1_89' title="bbox 1938 3032 2442 3093">
     <span class='ocr_line' id='line_1_89' title="bbox 1938 3032 2442 3093; baseline 0.01 -6"><span class='ocrx_word' id='word_1_706' title='bbox 1938 3049 2065 3088; x_wconf 91' lang='lat' dir='ltr'><strong>num</strong></span> <span class='ocrx_word' id='word_1_707' title='bbox 2093 3032 2267 3091; x_wconf 87' lang='lat' dir='ltr'><strong>facere</strong></span> <span class='ocrx_word' id='word_1_708' title='bbox 2295 3035 2442 3093; x_wconf 88' lang='lat' dir='ltr'><strong>libet.</strong></span> 
     </span>
    </p>
   </div>
   <div class='ocr_carea' id='block_1_90' title="bbox 2007 3124 3536 3203">
    <p class='ocr_par' dir='ltr' id='par_1_90' title="bbox 2007 3124 3536 3203">
     <span class='ocr_line' id='line_1_90' title="bbox 2007 3124 3536 3203; baseline 0.009 -25"><span class='ocrx_word' id='word_1_709' title='bbox 2007 3124 2060 3178; x_wconf 91' lang='lat'><strong>7.</strong></span> <span class='ocrx_word' id='word_1_710' title='bbox 2079 3124 2328 3197; x_wconf 83' lang='lat' dir='ltr'><strong>Loquitur</strong></span> <span class='ocrx_word' id='word_1_711' title='bbox 2342 3127 2425 3181; x_wconf 81' lang='lat' dir='ltr'><strong>hic</strong></span> <span class='ocrx_word' id='word_1_712' title='bbox 2439 3127 2502 3183; x_wconf 84' lang='lat' dir='ltr'><strong>de</strong></span> <span class='ocrx_word' id='word_1_713' title='bbox 2514 3127 2784 3185; x_wconf 80' lang='lat' dir='ltr'><strong>Theodoro</strong></span> <span class='ocrx_word' id='word_1_714' title='bbox 2799 3131 2886 3203; x_wconf 88' lang='lat' dir='ltr'><strong>qui</strong></span> <span class='ocrx_word' id='word_1_715' title='bbox 2906 3132 3228 3203; x_wconf 82' lang='lat' dir='ltr'><strong>tyrannidem</strong></span> <span class='ocrx_word' id='word_1_716' title='bbox 3244 3134 3536 3203; x_wconf 71' lang='lat' dir='ltr'><strong>affectabat.</strong></span> 
     </span>
    </p>
   </div>
   <div class='ocr_carea' id='block_1_91' title="bbox 1941 3214 3535 3298">
    <p class='ocr_par' dir='ltr' id='par_1_91' title="bbox 1941 3214 3535 3298">
     <span class='ocr_line' id='line_1_91' title="bbox 1941 3214 3535 3298; baseline 0.009 -29"><span class='ocrx_word' id='word_1_717' title='bbox 1941 3214 2069 3270; x_wconf 84' lang='lat' dir='ltr'><strong>Vide</strong></span> <span class='ocrx_word' id='word_1_718' title='bbox 2085 3233 2241 3287; x_wconf 86' lang='lat' dir='ltr'><strong>supra</strong></span> <span class='ocrx_word' id='word_1_719' title='bbox 2261 3218 2313 3270; x_wconf 86' lang='lat' dir='ltr'><strong>in</strong></span> <span class='ocrx_word' id='word_1_720' title='bbox 2332 3215 2552 3274; x_wconf 80' lang='lat' dir='ltr'><strong>Manilo.</strong></span> <span class='ocrx_word' id='word_1_721' title='bbox 2572 3251 2642 3260; x_wconf 98' lang='lat'>—</span> <span class='ocrx_word' id='word_1_722' title='bbox 2660 3221 2801 3276; x_wconf 84' lang='lat' dir='ltr'><strong>Ante</strong></span> <span class='ocrx_word' id='word_1_723' title='bbox 2817 3221 2914 3278; x_wconf 91' lang='lat' dir='ltr'><strong>hos</strong></span> <span class='ocrx_word' id='word_1_724' title='bbox 2929 3223 3116 3279; x_wconf 91' lang='lat' dir='ltr'><strong>decem</strong></span> <span class='ocrx_word' id='word_1_725' title='bbox 3136 3239 3311 3294; x_wconf 78' lang='lat' dir='ltr'><strong>annos</strong></span> <span class='ocrx_word' id='word_1_726' title='bbox 3321 3227 3535 3298; x_wconf 87' lang='lat' dir='ltr'><strong>quidam</strong></span> 
     </span>
    </p>
   </div>
   <div class='ocr_carea' id='block_1_92' title="bbox 1931 3309 3536 3390">
    <p class='ocr_par' dir='ltr' id='par_1_92' title="bbox 1931 3309 3536 3390">
     <span class='ocr_line' id='line_1_92' title="bbox 1931 3309 3536 3390; baseline 0.009 -29"><span class='ocrx_word' id='word_1_727' title='bbox 1931 3309 2268 3378; x_wconf 82' lang='lat' dir='ltr'><strong>tyrannidem</strong></span> <span class='ocrx_word' id='word_1_728' title='bbox 2289 3309 2598 3367; x_wconf 84' lang='lat' dir='ltr'><strong>ail&#39;ectantes</strong></span> <span class='ocrx_word' id='word_1_729' title='bbox 2617 3311 2940 3383; x_wconf 90' lang='lat' dir='ltr'><strong>deprehensi</strong></span> <span class='ocrx_word' id='word_1_730' title='bbox 2956 3317 3204 3387; x_wconf 82' lang='lat' dir='ltr'><strong>captique</strong></span> <span class='ocrx_word' id='word_1_731' title='bbox 3225 3326 3369 3386; x_wconf 89' lang='lat' dir='ltr'><strong>sunt,</strong></span> <span class='ocrx_word' id='word_1_732' title='bbox 3393 3320 3536 3390; x_wconf 88' lang='lat' dir='ltr'><strong>quod</strong></span> 
     </span>
    </p>
   </div>
   <div class='ocr_carea' id='block_1_93' title="bbox 1931 3400 3536 3478">
    <p class='ocr_par' dir='ltr' id='par_1_93' title="bbox 1931 3400 3536 3478">
     <span class='ocr_line' id='line_1_93' title="bbox 1931 3400 3536 3478; baseline 0.007 -26"><span class='ocrx_word' id='word_1_733' title='bbox 1931 3414 2027 3456; x_wconf 88' lang='lat' dir='ltr'><strong>vos</strong></span> <span class='ocrx_word' id='word_1_734' title='bbox 2054 3415 2160 3455; x_wconf 92' lang='lat' dir='ltr'><strong>non</strong></span> <span class='ocrx_word' id='word_1_735' title='bbox 2191 3400 2469 3472; x_wconf 79' lang='lat' dir='ltr'><strong>ignoratis.</strong></span> <span class='ocrx_word' id='word_1_736' title='bbox 2497 3402 2632 3468; x_wconf 67' lang='lat' dir='ltr'><strong>&#39;Ium</strong></span> <span class='ocrx_word' id='word_1_737' title='bbox 2669 3404 2866 3475; x_wconf 89' lang='lat' dir='ltr'><strong>aliquis</strong></span> <span class='ocrx_word' id='word_1_738' title='bbox 2905 3405 2960 3460; x_wconf 91' lang='lat' dir='ltr'><strong>in</strong></span> <span class='ocrx_word' id='word_1_739' title='bbox 2991 3406 3306 3478; x_wconf 76' lang='lat' dir='ltr'><strong>magistratu</strong></span> <span class='ocrx_word' id='word_1_740' title='bbox 3335 3411 3536 3472; x_wconf 80' lang='lat' dir='ltr'><strong>consti-</strong></span> 
     </span>
    </p>
   </div>
   <div class='ocr_carea' id='block_1_94' title="bbox 1932 3492 3536 3567">
    <p class='ocr_par' dir='ltr' id='par_1_94' title="bbox 1932 3492 3536 3567">
     <span class='ocr_line' id='line_1_94' title="bbox 1932 3492 3536 3567; baseline 0.008 -21"><span class='ocrx_word' id='word_1_741' title='bbox 1932 3500 2094 3555; x_wconf 83' lang='lat' dir='ltr'><strong>tutus,</strong></span> <span class='ocrx_word' id='word_1_742' title='bbox 2123 3492 2364 3548; x_wconf 87' lang='lat' dir='ltr'><strong>criminis</strong></span> <span class='ocrx_word' id='word_1_743' title='bbox 2399 3508 2526 3550; x_wconf 87' lang='lat' dir='ltr'><strong>reus</strong></span> <span class='ocrx_word' id='word_1_744' title='bbox 2553 3505 2886 3567; x_wconf 87' lang='lat' dir='ltr'><strong>compertus,</strong></span> <span class='ocrx_word' id='word_1_745' title='bbox 2913 3511 3035 3552; x_wconf 92' lang='lat' dir='ltr'><strong>cum</strong></span> <span class='ocrx_word' id='word_1_746' title='bbox 3066 3498 3132 3554; x_wconf 92' lang='lat' dir='ltr'><strong>ad</strong></span> <span class='ocrx_word' id='word_1_747' title='bbox 3155 3509 3381 3557; x_wconf 84' lang='lat' dir='ltr'><strong>mortem</strong></span> <span class='ocrx_word' id='word_1_748' title='bbox 3408 3500 3536 3560; x_wconf 82' lang='lat' dir='ltr'><strong>fune</strong></span> 
     </span>
    </p>
   </div>
   <div class='ocr_carea' id='block_1_95' title="bbox 1928 3581 3567 3663">
    <p class='ocr_par' dir='ltr' id='par_1_95' title="bbox 1928 3581 3567 3663">
     <span class='ocr_line' id='line_1_95' title="bbox 1928 3581 3567 3663; baseline 0.01 -29"><span class='ocrx_word' id='word_1_749' title='bbox 1928 3581 1994 3637; x_wconf 92' lang='lat' dir='ltr'><strong>ad</strong></span> <span class='ocrx_word' id='word_1_750' title='bbox 2025 3597 2086 3638; x_wconf 91' lang='lat' dir='ltr'><strong>os</strong></span> <span class='ocrx_word' id='word_1_751' title='bbox 2125 3584 2344 3654; x_wconf 87' lang='lat' dir='ltr'><strong>alligato</strong></span> <span class='ocrx_word' id='word_1_752' title='bbox 2365 3585 2678 3652; x_wconf 84' lang='lat' dir='ltr'><strong>duceretur,</strong></span> <span class='ocrx_word' id='word_1_753' title='bbox 2717 3595 2829 3642; x_wconf 87' lang='lat' dir='ltr'><strong>tota</strong></span> <span class='ocrx_word' id='word_1_754' title='bbox 2856 3588 2986 3644; x_wconf 90' lang='lat' dir='ltr'><strong>urbs</strong></span> <span class='ocrx_word' id='word_1_755' title='bbox 3013 3589 3082 3645; x_wconf 87' lang='lat' dir='ltr'><strong>ad</strong></span> <span class='ocrx_word' id='word_1_756' title='bbox 3117 3591 3529 3663; x_wconf 90' lang='lat' dir='ltr'><strong>hippodromum</strong></span> <span class='ocrx_word' id='word_1_757' title='bbox 3559 3587 3567 3594; x_wconf 78' lang='grc'><strong>’</strong></span> 
     </span>
    </p>
   </div>
   <div class='ocr_carea' id='block_1_96' title="bbox 1927 3673 3533 3748">
    <p class='ocr_par' dir='ltr' id='par_1_96' title="bbox 1927 3673 3533 3748">
     <span class='ocr_line' id='line_1_96' title="bbox 1927 3673 3533 3748; baseline 0.009 -23"><span class='ocrx_word' id='word_1_758' title='bbox 1927 3673 2179 3740; x_wconf 88' lang='lat' dir='ltr'><strong>accurrit,</strong></span> <span class='ocrx_word' id='word_1_759' title='bbox 2221 3674 2535 3747; x_wconf 85' lang='lat' dir='ltr'><strong>eductisque</strong></span> <span class='ocrx_word' id='word_1_760' title='bbox 2575 3675 2911 3733; x_wconf 75' lang='lat' dir='ltr'><strong>ofﬁcinarum</strong></span> <span class='ocrx_word' id='word_1_761' title='bbox 2947 3679 3150 3748; x_wconf 82' lang='lat' dir='ltr'><strong>aperis,</strong></span> <span class='ocrx_word' id='word_1_762' title='bbox 3187 3682 3349 3737; x_wconf 86' lang='lat' dir='ltr'><strong>simul</strong></span> <span class='ocrx_word' id='word_1_763' title='bbox 3389 3692 3533 3740; x_wconf 84' lang='lat' dir='ltr'><strong>totus</strong></span> 
     </span>
    </p>
   </div>
   <div class='ocr_carea' id='block_1_97' title="bbox 1928 3763 3527 3844">
    <p class='ocr_par' dir='ltr' id='par_1_97' title="bbox 1928 3763 3527 3844">
     <span class='ocr_line' id='line_1_97' title="bbox 1928 3763 3527 3844; baseline 0.009 -28"><span class='ocrx_word' id='word_1_764' title='bbox 1928 3763 2153 3833; x_wconf 90' lang='lat' dir='ltr'><strong>populus</strong></span> <span class='ocrx_word' id='word_1_765' title='bbox 2192 3780 2341 3819; x_wconf 93' lang='lat' dir='ltr'><strong>reum</strong></span> <span class='ocrx_word' id='word_1_766' title='bbox 2386 3765 2745 3836; x_wconf 77' lang='lat' dir='ltr'><strong>imperatoria:</strong></span> <span class='ocrx_word' id='word_1_767' title='bbox 2787 3767 2976 3823; x_wconf 92' lang='lat' dir='ltr'><strong>ultioni</strong></span> <span class='ocrx_word' id='word_1_768' title='bbox 3002 3772 3104 3825; x_wconf 93' lang='lat' dir='ltr'><strong>etsi</strong></span> <span class='ocrx_word' id='word_1_769' title='bbox 3134 3771 3279 3826; x_wconf 89' lang='lat' dir='ltr'><strong>nulla</strong></span> <span class='ocrx_word' id='word_1_770' title='bbox 3308 3772 3527 3844; x_wconf 87' lang='lat' dir='ltr'><strong>dignum</strong></span> 
     </span>
    </p>
   </div>
   <div class='ocr_carea' id='block_1_98' title="bbox 1927 3855 3530 3935">
    <p class='ocr_par' dir='ltr' id='par_1_98' title="bbox 1927 3855 3530 3935">
     <span class='ocr_line' id='line_1_98' title="bbox 1927 3855 3530 3935; baseline 0.011 -29"><span class='ocrx_word' id='word_1_771' title='bbox 1927 3856 2081 3910; x_wconf 87' lang='lat' dir='ltr'><strong>venia</strong></span> <span class='ocrx_word' id='word_1_772' title='bbox 2103 3855 2381 3925; x_wconf 87' lang='lat' dir='ltr'><strong>subduxit.</strong></span> <span class='ocrx_word' id='word_1_773' title='bbox 2411 3855 2556 3914; x_wconf 85' lang='lat' dir='ltr'><strong>itane</strong></span> <span class='ocrx_word' id='word_1_774' title='bbox 2579 3859 2776 3915; x_wconf 89' lang='lat' dir='ltr'><strong>terreni</strong></span> <span class='ocrx_word' id='word_1_775' title='bbox 2798 3858 3140 3930; x_wconf 85' lang='lat' dir='ltr'><strong>imperatoris</strong></span> <span class='ocrx_word' id='word_1_776' title='bbox 3159 3863 3293 3918; x_wconf 87' lang='lat' dir='ltr'><strong>iram</strong></span> <span class='ocrx_word' id='word_1_777' title='bbox 3316 3866 3530 3935; x_wconf 83' lang='lat' dir='ltr'><strong>placare</strong></span> 
     </span>
    </p>
   </div>
   <div class='ocr_carea' id='block_1_99' title="bbox 1925 3945 3525 4021">
    <p class='ocr_par' dir='ltr' id='par_1_99' title="bbox 1925 3945 3525 4021">
     <span class='ocr_line' id='line_1_99' title="bbox 1925 3945 3525 4021; baseline 0.009 -23"><span class='ocrx_word' id='word_1_778' title='bbox 1925 3945 2185 4012; x_wconf 88' lang='lat' dir='ltr'><strong>volentes,</strong></span> <span class='ocrx_word' id='word_1_779' title='bbox 2216 3961 2338 4002; x_wconf 89' lang='lat' dir='ltr'><strong>cum</strong></span> <span class='ocrx_word' id='word_1_780' title='bbox 2372 3947 2553 4003; x_wconf 89' lang='lat' dir='ltr'><strong>liberis</strong></span> <span class='ocrx_word' id='word_1_781' title='bbox 2601 3957 2657 4004; x_wconf 89' lang='lat' dir='ltr'><strong>et</strong></span> <span class='ocrx_word' id='word_1_782' title='bbox 2693 3949 2949 4005; x_wconf 85' lang='lat' dir='ltr'><strong>uxoribus</strong></span> <span class='ocrx_word' id='word_1_783' title='bbox 2984 3965 3173 4007; x_wconf 90' lang='lat' dir='ltr'><strong>omnes</strong></span> <span class='ocrx_word' id='word_1_784' title='bbox 3211 3955 3525 4021; x_wconf 86' lang='lat' dir='ltr'><strong>accurritis;</strong></span> 
     </span>
    </p>
   </div>
   <div class='ocr_carea' id='block_1_100' title="bbox 1915 4039 3529 4116">
    <p class='ocr_par' dir='ltr' id='par_1_100' title="bbox 1915 4039 3529 4116">
     <span class='ocr_line' id='line_1_100' title="bbox 1915 4039 3529 4116; baseline 0.007 -22"><span class='ocrx_word' id='word_1_785' title='bbox 1915 4039 2173 4094; x_wconf 59' lang='lat' dir='ltr'><strong>caelorum</strong></span> <span class='ocrx_word' id='word_1_786' title='bbox 2218 4055 2348 4097; x_wconf 86' lang='lat' dir='ltr'><strong>vero</strong></span> <span class='ocrx_word' id='word_1_787' title='bbox 2379 4041 2763 4111; x_wconf 87' lang='lat' dir='ltr'><strong>imperatorem</strong></span> <span class='ocrx_word' id='word_1_788' title='bbox 2803 4043 2960 4114; x_wconf 70' lang='lat' dir='ltr'><strong>vobis</strong></span> <span class='ocrx_word' id='word_1_789' title='bbox 2986 4046 3273 4116; x_wconf 87' lang='lat' dir='ltr'><strong>propitium</strong></span> <span class='ocrx_word' id='word_1_790' title='bbox 3299 4049 3529 4106; x_wconf 86' lang='lat' dir='ltr'><strong>reddere</strong></span> 
     </span>
    </p>
   </div>
   <div class='ocr_carea' id='block_1_101' title="bbox 1923 4132 3523 4212">
    <p class='ocr_par' dir='ltr' id='par_1_101' title="bbox 1923 4132 3523 4212">
     <span class='ocr_line' id='line_1_101' title="bbox 1923 4132 3523 4212; baseline 0.008 -25"><span class='ocrx_word' id='word_1_791' title='bbox 1923 4132 2217 4199; x_wconf 87' lang='lat' dir='ltr'><strong>studentes,</strong></span> <span class='ocrx_word' id='word_1_792' title='bbox 2258 4142 2419 4205; x_wconf 87' lang='lat' dir='ltr'><strong>atque</strong></span> <span class='ocrx_word' id='word_1_793' title='bbox 2463 4149 2530 4191; x_wconf 92' lang='lat' dir='ltr'><strong>ex</strong></span> <span class='ocrx_word' id='word_1_794' title='bbox 2570 4135 2648 4190; x_wconf 89' lang='lat' dir='ltr'><strong>ira</strong></span> <span class='ocrx_word' id='word_1_795' title='bbox 2680 4136 2988 4208; x_wconf 88' lang='lat' dir='ltr'><strong>ultioneque</strong></span> <span class='ocrx_word' id='word_1_796' title='bbox 3027 4137 3145 4209; x_wconf 89' lang='lat' dir='ltr'><strong>ejus</strong></span> <span class='ocrx_word' id='word_1_797' title='bbox 3186 4155 3293 4198; x_wconf 89' lang='lat' dir='ltr'><strong>non</strong></span> <span class='ocrx_word' id='word_1_798' title='bbox 3335 4158 3523 4212; x_wconf 88' lang='lat' dir='ltr'><strong>unum,</strong></span> 
     </span>
    </p>
   </div>
   <div class='ocr_carea' id='block_1_102' title="bbox 1924 4224 3524 4300">
    <p class='ocr_par' dir='ltr' id='par_1_102' title="bbox 1924 4224 3524 4300">
     <span class='ocr_line' id='line_1_102' title="bbox 1924 4224 3524 4300; baseline 0.007 -21"><span class='ocrx_word' id='word_1_799' title='bbox 1924 4226 2004 4280; x_wconf 91' lang='lat' dir='ltr'><strong>vel</strong></span> <span class='ocrx_word' id='word_1_800' title='bbox 2031 4224 2187 4290; x_wconf 82' lang='lat' dir='ltr'><strong>duos,</strong></span> <span class='ocrx_word' id='word_1_801' title='bbox 2214 4235 2306 4282; x_wconf 90' lang='lat' dir='ltr'><strong>aut</strong></span> <span class='ocrx_word' id='word_1_802' title='bbox 2336 4235 2465 4292; x_wconf 88' lang='lat' dir='ltr'><strong>tres,</strong></span> <span class='ocrx_word' id='word_1_803' title='bbox 2504 4235 2595 4282; x_wconf 89' lang='lat' dir='ltr'><strong>aut</strong></span> <span class='ocrx_word' id='word_1_804' title='bbox 2615 4237 2852 4296; x_wconf 88' lang='lat' dir='ltr'><strong>centum,</strong></span> <span class='ocrx_word' id='word_1_805' title='bbox 2884 4229 2978 4284; x_wconf 85' lang='lat' dir='ltr'><strong>sed</strong></span> <span class='ocrx_word' id='word_1_806' title='bbox 2998 4245 3190 4288; x_wconf 87' lang='lat' dir='ltr'><strong>omnes</strong></span> <span class='ocrx_word' id='word_1_807' title='bbox 3211 4247 3308 4300; x_wconf 88' lang='lat' dir='ltr'><strong>per</strong></span> <span class='ocrx_word' id='word_1_808' title='bbox 3335 4236 3524 4291; x_wconf 89' lang='lat' dir='ltr'><strong>orbem</strong></span> 
     </span>
    </p>
   </div>
   <div class='ocr_carea' id='block_1_103' title="bbox 1921 4318 3523 4394">
    <p class='ocr_par' dir='ltr' id='par_1_103' title="bbox 1921 4318 3523 4394">
     <span class='ocr_line' id='line_1_103' title="bbox 1921 4318 3523 4394; baseline 0.006 -22"><span class='ocrx_word' id='word_1_809' title='bbox 1921 4325 2252 4386; x_wconf 81' lang='lat' dir='ltr'><strong>peccatores,</strong></span> <span class='ocrx_word' id='word_1_810' title='bbox 2279 4333 2486 4373; x_wconf 88' lang='lat' dir='ltr'><strong>necnon</strong></span> <span class='ocrx_word' id='word_1_811' title='bbox 2508 4318 2866 4375; x_wconf 68' lang='lat' dir='ltr'><strong>daemoniacos</strong></span> <span class='ocrx_word' id='word_1_812' title='bbox 2890 4334 2920 4373; x_wconf 89' lang='lat' dir='ltr'><strong>a</strong></span> <span class='ocrx_word' id='word_1_813' title='bbox 2950 4319 3149 4375; x_wconf 89' lang='lat' dir='ltr'><strong>diaboli</strong></span> <span class='ocrx_word' id='word_1_814' title='bbox 3171 4321 3377 4394; x_wconf 85' lang='lat' dir='ltr'><strong>laqueis</strong></span> <span class='ocrx_word' id='word_1_815' title='bbox 3399 4341 3523 4382; x_wconf 82' lang='lat' dir='ltr'><strong>ere-</strong></span> 
     </span>
    </p>
   </div>
   <div class='ocr_carea' id='block_1_104' title="bbox 1921 4408 3524 4482">
    <p class='ocr_par' dir='ltr' id='par_1_104' title="bbox 1921 4408 3524 4482">
     <span class='ocr_line' id='line_1_104' title="bbox 1921 4408 3524 4482; baseline 0.007 -19"><span class='ocrx_word' id='word_1_816' title='bbox 1921 4410 2082 4478; x_wconf 89' lang='lat' dir='ltr'><strong>pturi,</strong></span> <span class='ocrx_word' id='word_1_817' title='bbox 2122 4409 2340 4475; x_wconf 86' lang='lat' dir='ltr'><strong>sedetis,</strong></span> <span class='ocrx_word' id='word_1_818' title='bbox 2385 4425 2484 4474; x_wconf 86' lang='lat' dir='ltr'><strong>nec</strong></span> <span class='ocrx_word' id='word_1_819' title='bbox 2510 4410 2672 4466; x_wconf 88' lang='lat' dir='ltr'><strong>simul</strong></span> <span class='ocrx_word' id='word_1_820' title='bbox 2709 4425 2898 4467; x_wconf 91' lang='lat' dir='ltr'><strong>omnes</strong></span> <span class='ocrx_word' id='word_1_821' title='bbox 2927 4408 3266 4482; x_wconf 83' lang='lat' dir='ltr'><strong>concurritis,</strong></span> <span class='ocrx_word' id='word_1_822' title='bbox 3296 4427 3352 4472; x_wconf 90' lang='lat' dir='ltr'><strong>ut</strong></span> <span class='ocrx_word' id='word_1_823' title='bbox 3379 4418 3524 4475; x_wconf 83' lang='lat' dir='ltr'><strong>Deus</strong></span> 
     </span>
    </p>
   </div>
   <div class='ocr_carea' id='block_1_105' title="bbox 1919 4500 3543 4575">
    <p class='ocr_par' dir='ltr' id='par_1_105' title="bbox 1919 4500 3543 4575">
     <span class='ocr_line' id='line_1_105' title="bbox 1919 4500 3543 4575; baseline 0.004 -21"><span class='ocrx_word' id='word_1_824' title='bbox 1919 4500 2263 4557; x_wconf 89' lang='lat' dir='ltr'><strong>concordiam</strong></span> <span class='ocrx_word' id='word_1_825' title='bbox 2294 4509 2526 4555; x_wconf 89' lang='lat' dir='ltr'><strong>vestram</strong></span> <span class='ocrx_word' id='word_1_826' title='bbox 2556 4501 2838 4566; x_wconf 88' lang='lat' dir='ltr'><strong>reveritus,</strong></span> <span class='ocrx_word' id='word_1_827' title='bbox 2863 4510 2918 4557; x_wconf 89' lang='lat' dir='ltr'><strong>et</strong></span> <span class='ocrx_word' id='word_1_828' title='bbox 2943 4503 3049 4558; x_wconf 89' lang='lat' dir='ltr'><strong>illis</strong></span> <span class='ocrx_word' id='word_1_829' title='bbox 3077 4520 3311 4575; x_wconf 74' lang='lat' dir='ltr'><strong>poenam,</strong></span> <span class='ocrx_word' id='word_1_830' title='bbox 3344 4517 3399 4564; x_wconf 92' lang='lat' dir='ltr'><strong>et</strong></span> <span class='ocrx_word' id='word_1_831' title='bbox 3423 4523 3543 4564; x_wconf 85' lang='lat' dir='ltr'><strong>vo-.</strong></span> 
     </span>
    </p>
   </div>
   <div class='ocr_carea' id='block_1_106' title="bbox 1919 4593 3524 4678">
    <p class='ocr_par' dir='ltr' id='par_1_106' title="bbox 1919 4593 3524 4678">
     <span class='ocr_line' id='line_1_106' title="bbox 1919 4593 3524 4678; baseline 0.007 -30"><span class='ocrx_word' id='word_1_832' title='bbox 1919 4593 2002 4648; x_wconf 83' lang='lat' dir='ltr'><strong>his</strong></span> <span class='ocrx_word' id='word_1_833' title='bbox 2047 4602 2265 4664; x_wconf 83' lang='lat' dir='ltr'><strong>peccata</strong></span> <span class='ocrx_word' id='word_1_834' title='bbox 2319 4593 2601 4649; x_wconf 86' lang='lat' dir='ltr'><strong>remittat?</strong></span> <span class='ocrx_word' id='word_1_835' title='bbox 2642 4593 2777 4649; x_wconf 81' lang='lat' dir='ltr'><strong>Nam</strong></span> <span class='ocrx_word' id='word_1_836' title='bbox 2821 4595 2867 4653; x_wconf 90' lang='lat' dir='ltr'><strong>si</strong></span> <span class='ocrx_word' id='word_1_837' title='bbox 2919 4596 2972 4651; x_wconf 91' lang='lat' dir='ltr'><strong>in</strong></span> <span class='ocrx_word' id='word_1_838' title='bbox 3008 4596 3126 4653; x_wconf 92' lang='lat' dir='ltr'><strong>foro</strong></span> <span class='ocrx_word' id='word_1_839' title='bbox 3155 4599 3250 4653; x_wconf 92' lang='lat' dir='ltr'><strong>illo</strong></span> <span class='ocrx_word' id='word_1_840' title='bbox 3281 4607 3524 4678; x_wconf 71' lang='lat' dir='ltr'><strong>tempore</strong></span> 
     </span>
    </p>
   </div>
   <div class='ocr_carea' id='block_1_107' title="bbox 1921 4684 3520 4756">
    <p class='ocr_par' dir='ltr' id='par_1_107' title="bbox 1921 4684 3520 4756">
     <span class='ocr_line' id='line_1_107' title="bbox 1921 4684 3520 4756; baseline 0.005 -15"><span class='ocrx_word' id='word_1_841' title='bbox 1921 4685 2098 4750; x_wconf 90' lang='lat' dir='ltr'><strong>fuerit,</strong></span> <span class='ocrx_word' id='word_1_842' title='bbox 2130 4685 2177 4740; x_wconf 87' lang='lat' dir='ltr'><strong>si</strong></span> <span class='ocrx_word' id='word_1_843' title='bbox 2203 4685 2371 4750; x_wconf 92' lang='lat' dir='ltr'><strong>domi,</strong></span> <span class='ocrx_word' id='word_1_844' title='bbox 2398 4685 2443 4740; x_wconf 90' lang='lat' dir='ltr'><strong>si</strong></span> <span class='ocrx_word' id='word_1_845' title='bbox 2468 4684 2521 4739; x_wconf 92' lang='lat' dir='ltr'><strong>in</strong></span> <span class='ocrx_word' id='word_1_846' title='bbox 2549 4685 2778 4755; x_wconf 87' lang='lat' dir='ltr'><strong>negotiis</strong></span> <span class='ocrx_word' id='word_1_847' title='bbox 2798 4687 3132 4756; x_wconf 87' lang='lat' dir='ltr'><strong>urgentibus,</strong></span> <span class='ocrx_word' id='word_1_848' title='bbox 3156 4705 3335 4747; x_wconf 91' lang='lat' dir='ltr'><strong>nonne</strong></span> <span class='ocrx_word' id='word_1_849' title='bbox 3362 4692 3520 4749; x_wconf 89' lang='lat' dir='ltr'><strong>leone</strong></span> 
     </span>
    </p>
   </div>
   <div class='ocr_carea' id='block_1_108' title="bbox 1917 4777 3520 4850">
    <p class='ocr_par' dir='ltr' id='par_1_108' title="bbox 1917 4777 3520 4850">
     <span class='ocr_line' id='line_1_108' title="bbox 1917 4777 3520 4850; baseline 0.004 -17"><span class='ocrx_word' id='word_1_850' title='bbox 1917 4779 2107 4850; x_wconf 90' lang='lat' dir='ltr'><strong>quovis</strong></span> <span class='ocrx_word' id='word_1_851' title='bbox 2131 4777 2522 4844; x_wconf 86' lang='lat' dir='ltr'><strong>vehementius,</strong></span> <span class='ocrx_word' id='word_1_852' title='bbox 2549 4777 2793 4848; x_wconf 85' lang='lat' dir='ltr'><strong>abruptis</strong></span> <span class='ocrx_word' id='word_1_853' title='bbox 2815 4778 3061 4846; x_wconf 89' lang='lat' dir='ltr'><strong>vinculis,</strong></span> <span class='ocrx_word' id='word_1_854' title='bbox 3092 4780 3158 4836; x_wconf 86' lang='lat' dir='ltr'><strong>ad</strong></span> <span class='ocrx_word' id='word_1_855' title='bbox 3179 4796 3520 4842; x_wconf 84' lang='lat' dir='ltr'><strong>communem</strong></span> 
     </span>
    </p>
   </div>
   <div class='ocr_carea' id='block_1_109' title="bbox 1917 4869 3516 4946">
    <p class='ocr_par' dir='ltr' id='par_1_109' title="bbox 1917 4869 3516 4946">
     <span class='ocr_line' id='line_1_109' title="bbox 1917 4869 3516 4946; baseline 0.006 -21"><span class='ocrx_word' id='word_1_856' title='bbox 1917 4871 2358 4942; x_wconf 89' lang='lat' dir='ltr'><strong>supplicationem</strong></span> <span class='ocrx_word' id='word_1_857' title='bbox 2385 4880 2438 4927; x_wconf 91' lang='lat' dir='ltr'><strong>te</strong></span> <span class='ocrx_word' id='word_1_858' title='bbox 2464 4879 2655 4941; x_wconf 90' lang='lat' dir='ltr'><strong>sponte</strong></span> <span class='ocrx_word' id='word_1_859' title='bbox 2682 4869 2968 4927; x_wconf 73' lang='lat' dir='ltr'><strong>conteres?</strong></span> <span class='ocrx_word' id='word_1_860' title='bbox 3005 4872 3264 4943; x_wconf 86' lang='lat' dir='ltr'><strong>Ecquam,</strong></span> <span class='ocrx_word' id='word_1_861' title='bbox 3299 4875 3516 4946; x_wconf 89' lang='lat' dir='ltr'><strong>dilecte,</strong></span> 
     </span>
    </p>
   </div>
   <div class='ocr_carea' id='block_1_110' title="bbox 1919 4962 3520 5034">
    <p class='ocr_par' dir='ltr' id='par_1_110' title="bbox 1919 4962 3520 5034">
     <span class='ocr_line' id='line_1_110' title="bbox 1919 4962 3520 5034; baseline 0.005 -17"><span class='ocrx_word' id='word_1_862' title='bbox 1919 4962 2009 5017; x_wconf 92' lang='lat' dir='ltr'><strong>illo</strong></span> <span class='ocrx_word' id='word_1_863' title='bbox 2031 4973 2270 5033; x_wconf 88' lang='lat' dir='ltr'><strong>tempore</strong></span> <span class='ocrx_word' id='word_1_864' title='bbox 2286 4975 2435 5032; x_wconf 77' lang='lat' dir='ltr'><strong>Spem</strong></span> <span class='ocrx_word' id='word_1_865' title='bbox 2453 4962 2640 5017; x_wconf 90' lang='lat' dir='ltr'><strong>salutis</strong></span> <span class='ocrx_word' id='word_1_866' title='bbox 2660 4962 2859 5018; x_wconf 88' lang='lat' dir='ltr'><strong>habere</strong></span> <span class='ocrx_word' id='word_1_867' title='bbox 2877 4964 3101 5034; x_wconf 86' lang='lat' dir='ltr'><strong>possis?</strong></span> <span class='ocrx_word' id='word_1_868' title='bbox 3129 4965 3245 5021; x_wconf 89' lang='lat' dir='ltr'><strong>Non</strong></span> <span class='ocrx_word' id='word_1_869' title='bbox 3271 4966 3520 5027; x_wconf 88' lang='lat' dir='ltr'><strong>homines</strong></span> 
     </span>
    </p>
   </div>
   <div class='ocr_carea' id='block_1_111' title="bbox 1917 5053 3517 5132">
    <p class='ocr_par' dir='ltr' id='par_1_111' title="bbox 1917 5053 3517 5132">
     <span class='ocr_line' id='line_1_111' title="bbox 1917 5053 3517 5132; baseline 0.004 -21"><span class='ocrx_word' id='word_1_870' title='bbox 1917 5057 2088 5112; x_wconf 89' lang='lat' dir='ltr'><strong>solum</strong></span> <span class='ocrx_word' id='word_1_871' title='bbox 2111 5054 2433 5110; x_wconf 89' lang='lat' dir='ltr'><strong>horrendam</strong></span> <span class='ocrx_word' id='word_1_872' title='bbox 2462 5054 2606 5109; x_wconf 90' lang='lat' dir='ltr'><strong>illam</strong></span> <span class='ocrx_word' id='word_1_873' title='bbox 2626 5053 2877 5109; x_wconf 86' lang='lat' dir='ltr'><strong>emittunt</strong></span> <span class='ocrx_word' id='word_1_874' title='bbox 2902 5069 3109 5118; x_wconf 88' lang='lat' dir='ltr'><strong>vocem,</strong></span> <span class='ocrx_word' id='word_1_875' title='bbox 3139 5057 3235 5112; x_wconf 85' lang='lat' dir='ltr'><strong>sed</strong></span> <span class='ocrx_word' id='word_1_876' title='bbox 3260 5069 3313 5114; x_wconf 93' lang='lat' dir='ltr'><strong>et</strong></span> <span class='ocrx_word' id='word_1_877' title='bbox 3339 5063 3517 5132; x_wconf 80' lang='lat' dir='ltr'><strong>angeli</strong></span> 
     </span>
    </p>
   </div>
   <div class='ocr_carea' id='block_1_112' title="bbox 1917 5145 3522 5219">
    <p class='ocr_par' dir='ltr' id='par_1_112' title="bbox 1917 5145 3522 5219">
     <span class='ocr_line' id='line_1_112' title="bbox 1917 5145 3522 5219; baseline 0.002 -16"><span class='ocrx_word' id='word_1_878' title='bbox 1917 5159 2041 5204; x_wconf 90' lang='lat' dir='ltr'><strong>ante</strong></span> <span class='ocrx_word' id='word_1_879' title='bbox 2063 5149 2346 5204; x_wconf 89' lang='lat' dir='ltr'><strong>Dominum</strong></span> <span class='ocrx_word' id='word_1_880' title='bbox 2359 5147 2739 5218; x_wconf 89' lang='lat' dir='ltr'><strong>procumbunt,</strong></span> <span class='ocrx_word' id='word_1_881' title='bbox 2754 5145 3060 5218; x_wconf 82' lang='lat' dir='ltr'><strong>archangeli</strong></span> <span class='ocrx_word' id='word_1_882' title='bbox 3079 5161 3395 5219; x_wconf 89' lang='lat' dir='ltr'><strong>precantur:</strong></span> <span class='ocrx_word' id='word_1_883' title='bbox 3421 5153 3522 5207; x_wconf 48' lang='lat' dir='ltr'><strong>ha;</strong></span> 
     </span>
    </p>
   </div>
   <div class='ocr_carea' id='block_1_113' title="bbox 1917 5237 3510 5310">
    <p class='ocr_par' dir='ltr' id='par_1_113' title="bbox 1917 5237 3510 5310">
     <span class='ocr_line' id='line_1_113' title="bbox 1917 5237 3510 5310; baseline 0.003 -14"><span class='ocrx_word' id='word_1_884' title='bbox 1917 5242 2048 5296; x_wconf 87' lang='lat' dir='ltr'><strong>bent</strong></span> <span class='ocrx_word' id='word_1_885' title='bbox 2064 5249 2274 5310; x_wconf 90' lang='lat' dir='ltr'><strong>tempus</strong></span> <span class='ocrx_word' id='word_1_886' title='bbox 2291 5238 2418 5293; x_wconf 91' lang='lat' dir='ltr'><strong>illud</strong></span> <span class='ocrx_word' id='word_1_887' title='bbox 2441 5237 2715 5303; x_wconf 88' lang='lat' dir='ltr'><strong>idoneum,</strong></span> <span class='ocrx_word' id='word_1_888' title='bbox 2736 5237 3063 5306; x_wconf 85' lang='lat' dir='ltr'><strong>oblationem</strong></span> <span class='ocrx_word' id='word_1_889' title='bbox 3091 5240 3193 5296; x_wconf 86' lang='lat' dir='ltr'><strong>sibi</strong></span> <span class='ocrx_word' id='word_1_890' title='bbox 3221 5240 3510 5302; x_wconf 86' lang='lat' dir='ltr'><strong>faventem.</strong></span> 
     </span>
    </p>
   </div>
   <div class='ocr_carea' id='block_1_114' title="bbox 1916 5331 3513 5403">
    <p class='ocr_par' dir='ltr' id='par_1_114' title="bbox 1916 5331 3513 5403">
     <span class='ocr_line' id='line_1_114' title="bbox 1916 5331 3513 5403; baseline 0.003 -15"><span class='ocrx_word' id='word_1_891' title='bbox 1916 5333 1995 5388; x_wconf 77' lang='lat' dir='ltr'><strong>Ac</strong></span> <span class='ocrx_word' id='word_1_892' title='bbox 2009 5331 2458 5403; x_wconf 89' lang='lat' dir='ltr'><strong>quemadmodum</strong></span> <span class='ocrx_word' id='word_1_893' title='bbox 2488 5331 2733 5386; x_wconf 87' lang='lat' dir='ltr'><strong>homines</strong></span> <span class='ocrx_word' id='word_1_894' title='bbox 2746 5331 2942 5386; x_wconf 83' lang='lat' dir='ltr'><strong>excisis</strong></span> <span class='ocrx_word' id='word_1_895' title='bbox 2969 5332 3209 5389; x_wconf 84' lang='lat' dir='ltr'><strong>olearum</strong></span> <span class='ocrx_word' id='word_1_896' title='bbox 3238 5337 3404 5393; x_wconf 83' lang='lat' dir='ltr'><strong>ramis</strong></span> <span class='ocrx_word' id='word_1_897' title='bbox 3423 5353 3513 5394; x_wconf 85' lang='lat' dir='ltr'><strong>re-</strong></span> 
     </span>
    </p>
   </div>
   <div class='ocr_carea' id='block_1_115' title="bbox 1915 5422 3515 5499">
    <p class='ocr_par' dir='ltr' id='par_1_115' title="bbox 1915 5422 3515 5499">
     <span class='ocr_line' id='line_1_115' title="bbox 1915 5422 3515 5499; baseline 0.002 -16"><span class='ocrx_word' id='word_1_898' title='bbox 1915 5444 2012 5498; x_wconf 86' lang='lat' dir='ltr'><strong>ges</strong></span> <span class='ocrx_word' id='word_1_899' title='bbox 2037 5440 2258 5482; x_wconf 87' lang='lat' dir='ltr'><strong>movere</strong></span> <span class='ocrx_word' id='word_1_900' title='bbox 2277 5426 2475 5490; x_wconf 89' lang='lat' dir='ltr'><strong>solent,</strong></span> <span class='ocrx_word' id='word_1_901' title='bbox 2503 5423 2697 5494; x_wconf 88' lang='lat' dir='ltr'><strong>illaque</strong></span> <span class='ocrx_word' id='word_1_902' title='bbox 2722 5423 2916 5478; x_wconf 86' lang='lat' dir='ltr'><strong>arbore</strong></span> <span class='ocrx_word' id='word_1_903' title='bbox 2951 5422 3018 5478; x_wconf 87' lang='lat' dir='ltr'><strong>ad</strong></span> <span class='ocrx_word' id='word_1_904' title='bbox 3039 5424 3341 5484; x_wconf 65' lang='lat' dir='ltr'><strong>clementia</strong></span> <span class='ocrx_word' id='word_1_905' title='bbox 3366 5428 3515 5499; x_wconf 89' lang='lat' dir='ltr'><strong>ipsos</strong></span> 
     </span>
    </p>
   </div>
   <div class='ocr_carea' id='block_1_116' title="bbox 1917 5515 3517 5591">
    <p class='ocr_par' dir='ltr' id='par_1_116' title="bbox 1917 5515 3517 5591">
     <span class='ocr_line' id='line_1_116' title="bbox 1917 5515 3517 5591; baseline 0.001 -16"><span class='ocrx_word' id='word_1_906' title='bbox 1917 5520 2231 5576; x_wconf 90' lang='lat' dir='ltr'><strong>memoriam</strong></span> <span class='ocrx_word' id='word_1_907' title='bbox 2273 5524 2526 5573; x_wconf 87' lang='lat' dir='ltr'><strong>revocant</strong></span> <span class='ocrx_word' id='word_1_908' title='bbox 2553 5533 2566 5569; x_wconf 90' lang='lat'><strong>:</strong></span> <span class='ocrx_word' id='word_1_909' title='bbox 2599 5516 2678 5571; x_wconf 88' lang='lat' dir='ltr'><strong>sic</strong></span> <span class='ocrx_word' id='word_1_910' title='bbox 2701 5522 2758 5570; x_wconf 92' lang='lat' dir='ltr'><strong>et</strong></span> <span class='ocrx_word' id='word_1_911' title='bbox 2780 5515 2953 5586; x_wconf 79' lang='lat' dir='ltr'><strong>angeli</strong></span> <span class='ocrx_word' id='word_1_912' title='bbox 2984 5523 3111 5571; x_wconf 89' lang='lat' dir='ltr'><strong>tunc</strong></span> <span class='ocrx_word' id='word_1_913' title='bbox 3134 5519 3392 5589; x_wconf 86' lang='lat' dir='ltr'><strong>temporis</strong></span> <span class='ocrx_word' id='word_1_914' title='bbox 3419 5537 3517 5591; x_wconf 90' lang='lat' dir='ltr'><strong>pro</strong></span> 
     </span>
    </p>
   </div>
   <div class='ocr_carea' id='block_1_117' title="bbox 1917 5607 3516 5681">
    <p class='ocr_par' dir='ltr' id='par_1_117' title="bbox 1917 5607 3516 5681">
     <span class='ocr_line' id='line_1_117' title="bbox 1917 5607 3516 5681; baseline -0.01 -10"><span class='ocrx_word' id='word_1_915' title='bbox 1917 5617 2155 5672; x_wconf 89' lang='lat' dir='ltr'><strong>olearum</strong></span> <span class='ocrx_word' id='word_1_916' title='bbox 2194 5611 2358 5666; x_wconf 82' lang='lat' dir='ltr'><strong>ramis</strong></span> <span class='ocrx_word' id='word_1_917' title='bbox 2387 5610 2560 5680; x_wconf 89' lang='lat' dir='ltr'><strong>ipsum</strong></span> <span class='ocrx_word' id='word_1_918' title='bbox 2587 5623 2781 5678; x_wconf 87' lang='lat' dir='ltr'><strong>corpus</strong></span> <span class='ocrx_word' id='word_1_919' title='bbox 2820 5607 3157 5666; x_wconf 89' lang='lat' dir='ltr'><strong>Dominicum</strong></span> <span class='ocrx_word' id='word_1_920' title='bbox 3185 5613 3516 5681; x_wconf 51' lang='lat' dir='ltr'><strong>protendem</strong></span> 
     </span>
    </p>
   </div>
   <div class='ocr_carea' id='block_1_118' title="bbox 1917 5701 3519 5773">
    <p class='ocr_par' dir='ltr' id='par_1_118' title="bbox 1917 5701 3519 5773">
     <span class='ocr_line' id='line_1_118' title="bbox 1917 5701 3519 5773; baseline -0.001 -10"><span class='ocrx_word' id='word_1_921' title='bbox 1917 5718 2018 5764; x_wconf 86' lang='lat' dir='ltr'><strong>tes.</strong></span> <span class='ocrx_word' id='word_1_922' title='bbox 2059 5705 2345 5760; x_wconf 87' lang='lat' dir='ltr'><strong>Dominum</strong></span> <span class='ocrx_word' id='word_1_923' title='bbox 2375 5717 2474 5773; x_wconf 91' lang='lat' dir='ltr'><strong>pro</strong></span> <span class='ocrx_word' id='word_1_924' title='bbox 2499 5701 2728 5756; x_wconf 89' lang='lat' dir='ltr'><strong>humana</strong></span> <span class='ocrx_word' id='word_1_925' title='bbox 2754 5709 2944 5756; x_wconf 86' lang='lat' dir='ltr'><strong>natura</strong></span> <span class='ocrx_word' id='word_1_926' title='bbox 2973 5713 3185 5773; x_wconf 87' lang='lat' dir='ltr'><strong>rogant,</strong></span> <span class='ocrx_word' id='word_1_927' title='bbox 3213 5718 3277 5759; x_wconf 89' lang='lat' dir='ltr'><strong>ac</strong></span> <span class='ocrx_word' id='word_1_928' title='bbox 3296 5705 3342 5760; x_wconf 86' lang='lat' dir='ltr'><strong>si</strong></span> <span class='ocrx_word' id='word_1_929' title='bbox 3365 5706 3519 5763; x_wconf 89' lang='lat' dir='ltr'><strong>dice-</strong></span> 
     </span>
    </p>
   </div>
   <div class='ocr_carea' id='block_1_119' title="bbox 1917 5792 3517 5868">
    <p class='ocr_par' dir='ltr' id='par_1_119' title="bbox 1917 5792 3517 5868">
     <span class='ocr_line' id='line_1_119' title="bbox 1917 5792 3517 5868; baseline -0.001 -11"><span class='ocrx_word' id='word_1_930' title='bbox 1917 5811 2034 5857; x_wconf 92' lang='lat' dir='ltr'><strong>rent</strong></span> <span class='ocrx_word' id='word_1_931' title='bbox 2066 5818 2077 5852; x_wconf 97' lang='lat'>:</span> <span class='ocrx_word' id='word_1_932' title='bbox 2125 5798 2230 5855; x_wconf 88' lang='lat' dir='ltr'><strong>Pro</strong></span> <span class='ocrx_word' id='word_1_933' title='bbox 2255 5798 2339 5852; x_wconf 90' lang='lat' dir='ltr'><strong>his</strong></span> <span class='ocrx_word' id='word_1_934' title='bbox 2363 5792 2760 5867; x_wconf 79' lang='lat' dir='ltr'><strong>supplicamus,</strong></span> <span class='ocrx_word' id='word_1_935' title='bbox 2801 5809 2936 5866; x_wconf 92' lang='lat' dir='ltr'><strong>quos</strong></span> <span class='ocrx_word' id='word_1_936' title='bbox 2971 5805 3028 5850; x_wconf 90' lang='lat' dir='ltr'><strong>tu</strong></span> <span class='ocrx_word' id='word_1_937' title='bbox 3066 5797 3403 5868; x_wconf 65' lang='lat' dir='ltr'><strong>praeveniens</strong></span> <span class='ocrx_word' id='word_1_938' title='bbox 3445 5802 3517 5856; x_wconf 85' lang='lat' dir='ltr'><strong>ita</strong></span> 
     </span>
    </p>
   </div>
   <div class='ocr_carea' id='block_1_120' title="bbox 1916 5889 3522 5965">
    <p class='ocr_par' dir='ltr' id='par_1_120' title="bbox 1916 5889 3522 5965">
     <span class='ocr_line' id='line_1_120' title="bbox 1916 5889 3522 5965; baseline -0.001 -15"><span class='ocrx_word' id='word_1_939' title='bbox 1916 5894 2140 5964; x_wconf 82' lang='lat' dir='ltr'><strong>diligere</strong></span> <span class='ocrx_word' id='word_1_940' title='bbox 2183 5890 2431 5962; x_wconf 82' lang='lat' dir='ltr'><strong>dignatus</strong></span> <span class='ocrx_word' id='word_1_941' title='bbox 2464 5903 2541 5957; x_wconf 79' lang='lat' dir='ltr'><strong>es,</strong></span> <span class='ocrx_word' id='word_1_942' title='bbox 2582 5897 2643 5945; x_wconf 89' lang='lat' dir='ltr'><strong>ut</strong></span> <span class='ocrx_word' id='word_1_943' title='bbox 2675 5889 2910 5948; x_wconf 84' lang='lat' dir='ltr'><strong>animam</strong></span> <span class='ocrx_word' id='word_1_944' title='bbox 2951 5901 3096 5947; x_wconf 84' lang='lat' dir='ltr'><strong>tuam</strong></span> <span class='ocrx_word' id='word_1_945' title='bbox 3125 5889 3398 5961; x_wconf 85' lang='lat' dir='ltr'><strong>traderes;</strong></span> <span class='ocrx_word' id='word_1_946' title='bbox 3422 5907 3522 5965; x_wconf 88' lang='lat' dir='ltr'><strong>pro</strong></span> 
     </span>
    </p>
   </div>
  </div>
