4186 6326
670 407 767 463 7‘17

666 530 748 583 his
768 517 1183 592 supplicationes
1205 512 1498 572 fundimus,
1523 521 1620 576 pro
1644 503 1834 574 quibus
1857 509 1910 552 tu
1940 495 2253 566 sanguinem

664 589 932 677 effudisti;
979 625 1076 680 pro
1115 606 1200 660 bis
1245 614 1516 672 rogamus,
1552 611 1650 665 pro
1687 594 1880 664 quibus
1912 589 2256 680 hocncorpus

667 679 985 762 immolasti.
1015 700 1139 754 Ideo
1168 705 1557 763 energumeuos
1593 688 1684 741 illo
1723 682 1966 752 tempore
2002 679 2259 733 diaconus

667 799 902 862 adducit,
930 796 1186 866 jubetque
1210 795 1369 857 caput
1397 792 1600 837 tantum
1625 777 1901 839 inclinare,
1922 781 1979 825 ut
2001 773 2115 838 ipso
2136 783 2260 821 cor-

671 891 814 958 poris
857 863 963 941 situ
1005 881 1420 950 supplicationes
1455 873 1748 929 emittant:
1795 866 1924 935 ipsis
1962 863 2104 916 enim
2140 873 2261 912 cum

670 978 944 1035 communi
971 978 1194 1029 fratrum
1221 979 1364 1026 coetu
1397 965 1602 1037 precari
1633 978 1737 1016 non
1768 960 1909 1012 licet.
1939 955 2171 1022 Ideoque
2197 952 2264 1005 il-

674 1074 756 1127 los
781 1072 942 1138 sistit,
990 1079 1047 1121 ut
1074 1048 1274 1120 eorum
1293 1071 1400 1115 tum
1428 1057 1807 1115 calamitatem,
1841 1060 1952 1102 tum
1987 1045 2266 1100 taciturni-

673 1137 1143 1219 tatemimiseratus
1159 1153 1344 1209 ﬁducia
1365 1161 1452 1205 tua
1469 1149 1533 1202 ad
1554 1147 1696 1200 illius
1711 1140 2062 1214 patrocinium
2080 1137 2263 1189 utaris.

673 1255 800 1309 [hec
820 1254 996 1321 itaque
1020 1248 1316 1316 cogitantes
1336 1251 1719 1296 concurramus
1741 1235 1825 1287 illa
1853 1231 2004 1291 hora,
2039 1237 2095 1280 ut
2117 1224 2270 1280 nobis

676 1342 1096 1398 misericordiam
1123 1335 1474 1398 attrahamus,
1517 1340 1572 1385 et
1596 1326 1823 1398 gratiam
1851 1320 2186 1375 inveniamus
2209 1329 2271 1367 ac

676 1446 1033 1506 opportunum
1055 1430 1332 1485 auxilium.
1378 1422 1658 1479 Laudastis
1693 1433 1755 1473 ca
1782 1430 1900 1485 qum
1927 1413 2068 1466 dicta
2097 1408 2271 1471 fuere,

677 1545 798 1584 cum
827 1517 1020 1597 magno
1053 1523 1278 1578 tumultu
1319 1530 1370 1572 et
1401 1519 1585 1586 plausu
1615 1507 2034 1565 admonitionem
2061 1498 2273 1568 accepi-

677 1621 794 1675 stis.
839 1591 944 1674 Sed
982 1627 1041 1671 ut
1082 1615 1237 1670 nobis
1266 1612 1451 1666 laudes
1494 1606 1622 1677 ipsis
1665 1600 1916 1672 operibus
1953 1591 2272 1655 exhibeatis,

1213 1696 1228 1730 ἒ

1335 1768 1562 1776 _—.——————-

1386 394 1444 449 S.
1485 388 1762 447 JOANNES
1799 377 2272 440 CllBYSOSTUMI
2316 374 2635 430 ARCIIIEP.
2674 367 3209 427 CONSTANTINOP.

1563 1745 2354 1772 _____________________

3855 364 3964 439 ηε

2364 507 2469 543 non
2493 491 2706 558 longum
2728 497 2938 556 tempus
2953 487 3208 556 queritur
3222 483 3286 536 ad
3304 482 3705 551 obscqueutiam
3729 480 3974 535 demon-

2364 582 2659 637 strandam.
2680 581 3115 634 Eshortationem
3130 578 3301 630 oratio
3320 585 3593 644 sequatur.
3616 574 3765 627 Hanc
3779 564 3976 643 qumro

2367 676 2607 740 laudem,
2663 674 2804 727 llllllc
2848 688 2946 741 per
2981 686 3140 739 opera
3189 671 3300 739 ipsa
3344 669 3606 736 plausum.
3650 668 3759 720 Vos
3788 667 3979 734 itaque

2368 779 2553 822 mutuo
2581 767 2880 820 hortamine
2917 765 2982 818 ad
3023 764 3271 818 standum
3332 759 3796 831 quemadmodum
3859 755 3980 811 ste-

2372 863 2508 916 tistis
2537 878 2550 913 :
2593 861 2639 914 si
2681 860 2803 928 quis
2826 873 2944 912 sese
2976 865 3186 910 moveat
3218 864 3275 908 ut
3294 853 3537 909 ordinem
3563 851 3797 915 deserat,
3825 849 3979 902 hunc

2372 953 2559 1005 sedulo
2584 952 2808 1005 retinete
2832 967 2847 1014 ;
2882 957 2937 1001 ut
2965 956 3022 1001 et
3050 947 3251 1016 prOprii
3279 945 3440 999 studii
3469 951 3527 998 et
3551 942 3800 996 fraterna:
3825 955 3981 994 curae

2373 1045 2640 1113 duplicem
2684 1041 2983 1096 mercedem
3019 1046 3373 1107 reportantcs,
3408 1051 3530 1089 eum
3567 1033 3756 1102 majori
3783 1031 3981 1085 ﬁducia

2375 1150 2562 1204 preces
2589 1132 2890 1192 cﬁ’unzlatis,
2918 1129 3230 1198 placatoque
3263 1128 3391 1191 Deo,
3419 1135 3472 1180 et
3495 1125 3778 1194 przesentia
3809 1132 3862 1174 et
3893 1120 3984 1172 fu-

2380 1238 2493 1280 tura
2521 1227 2656 1278 bona
2685 1223 2939 1290 eon~equi
2972 1220 3207 1290 possitis,
3242 1219 3407 1288 gratia
3439 1227 3493 1270 ct
3515 1216 3842 1285 benignitate
3871 1214 3986 1267 Do-

2381 1322 2509 1375 mini
2549 1317 2718 1372 nostri
2743 1317 2868 1371 Jesu
2895 1314 3115 1377 Christi,
3161 1328 3278 1364 cum
3321 1309 3427 1380 quo
3469 1308 3609 1360 Patri
3655 1317 3709 1361 et
3753 1305 3984 1372 Spiritui

2380 1423 2566 1465 saneto
2615 1400 2778 1480 gloria
2833 1417 2889 1462 et
2941 1407 3223 1475 imperium
3277 1405 3328 1456 in
3384 1403 3580 1456 smcula
3634 1399 3985 1454 surculorum.

2387 1507 2574 1556 Amen.

2355 1739 2702 1749 ___—__...—

1321 1858 1537 1969 DE
1611 1841 2147 1959 INCOM
2159 1830 2461 1942 PRE
2473 1821 3335 1941 HENSIBILI,

2008 2019 2268 2066 CONTRA.
2298 1979 2649 2058 Διιοιιοεος.

2148 2144 2520 2202 «αωοβ

1230 2313 1444 2355 ιιιιιιιιιΑ
1484 2298 1716 2355 qutun.

761 2449 814 2501 i.
844 2443 1023 2499 Satius
1065 2439 1172 2507 jam
1222 2441 1388 2496 esset,
1429 2435 1709 2497 postquam
1754 2429 1921 2485 nuper
1955 2406 2285 2464 ostendimus

694 2543 859 2595 Deum
911 2549 1033 2590 esse
1085 2519 1680 2596 incomprehensibilem
1720 2507 2046 2568 hominibus,
2088 2503 2198 2556 imo
2235 2506 2289 2552 et

850 2625 1139 2682 Cherubim
1180 2629 1235 2673 et
1268 2591 1591 2684 'Seraphim,
1623 2624 1654 2661 a
1693 2601 1920 2674 negotiis
1949 2591 2291 2701 expedirizet

697 2682 770 2701 ,Γ
808 2682 818 2684 _
1415 2682 1429 2684 ﬁ
2241 2682 2250 2690 '

697 2723 826 2778 nihil
849 2718 1070 2775 ulterius
1096 2726 1312 2767 movere
1345 2726 1360 2761 :
1404 2718 1588 2758 verum
1615 2699 1735 2769 quia
1766 2695 1818 2750 id
1849 2691 2004 2747 nobis
2033 2688 2086 2741 in
2114 2682 2291 2738 studio

695 2826 750 2870 et
785 2815 837 2867 in
875 2808 1150 2880 proposito
1172 2811 1272 2865 est,
1328 2807 1384 2852 ιιι
1409 2811 1518 2850 non
1546 2791 1704 2846 modo
1734 2781 2160 2874 adversariorum
2201 2788 2291 2827 ora

697 2862 1059 2963 occludamus,
1110 2895 1203 2951 sed
1248 2893 1406 2947 etiam
1447 2896 1505 2942 ut
1536 2884 1816 2939 caritatem
1834 2862 2089 2931 ~vestram
2125 2867 2294 2937 magis

699 2997 974 3065 magisque
1017 2960 1376 3045 instituamus,
1417 2981 1648 3047 idipsum
1679 2977 2048 3042 argumentum
2094 2960 2292 3030 repeti-

700 3103 841 3152 mus,
871 3082 1195 3149 ulteriusque
1224 3087 1474 3131 sermone
1509 3063 1863 3137 procedimus.
1899 3059 2034 3122 Nam
2077 3055 2122 3109 si
2154 3054 2204 3106 in
2233 3051 2296 3104 iis

701 3179 899 3233 diutius
917 3177 1285 3233 immoremur,
1309 3176 1362 3220 et
1382 3177 1478 3217 vos
1498 3158 1766 3214 doctiores
1786 3151 2100 3211 efﬁciemus,
2127 3154 2180 3199 et
2201 3159 2298 3197 nos

703 3268 1114 3340 splendidiorem
1152 3260 1426 3315 victoriam
1469 3249 1893 3323 reportabimus;
1939 3253 2050 3296 tum
2099 3239 2143 3293 si
2172 3238 2296 3307 quid

703 3363 1046 3432 reliquiarum
1077 3355 1325 3424 supersit,
1357 3352 1408 3405 id
1442 3351 1552 3420 jam
1595 3358 1810 3416 prorsus
1845 3339 1912 3416 de
1938 3335 2112 3391 medio
2143 3331 2300 3386 tolle-

706 3468 824 3518 tur;
865 3446 1290 3522 quandoquidem
1337 3441 1525 3496 noxias
1559 3436 1753 3490 herbas
1781 3447 1884 3485 non
1929 3444 1958 3481 a
1998 3422 2304 3480 summitate

710 3545 870 3600 modo
883 3513 1115 3596 londere
1135 3550 1267 3605 opus
1291 3542 1375 3588 est
1408 3549 1421 3586 :
1452 3531 1495 3583 si
1523 3529 1663 3582 enim
1687 3524 1893 3579 radices
1915 3521 2182 3575 maneant,
2206 3513 2304 3566 de-

713 3654 819 3694 nuo
861 3631 1235 3706 pullulabunt:
1279 3627 1388 3706 sed.
1417 3623 1576 3677 etiam
1613 3619 1681 3672 ab
1710 3617 1824 3690 ipso
1861 3611 2068 3666 telluris
2105 3605 2306 3676 gremio

713 3729 966 3796 radicitus
1005 3721 1204 3796 evellas
1251 3696 1494 3787 oportet,
1534 3720 1877 3780 exponasque
1924 3699 2174 3756 solarium
2219 3712 2306 3749 ra-

714 3821 924 3876 dioruut
979 3799 1192 3877 ardori',
1236 3821 1294 3863 ut
1359 3806 1576 3861 omnino
1635 3803 1987 3855 marcescant.
2029 3793 2141 3861 Age
2183 3802 2310 3855 ergo

720 3915 772 3967 in
803 3909 990 3965 catlum
1021 3918 1206 3959 rursus
1243 3912 1491 3955 sermone
1521 3890 1965 3967 conscendamus,
1998 3900 2104 3938 non
2135 3890 2190 3934 ut
2219 3894 2311 3932 cu-

717 4001 944 4057 riosius'
970 3999 1290 4055 scrutemur,
1317 3990 1397 4043 vel
1425 3985 1732 4042 subtiliores
1754 3960 2074 4050 qu'arstiones
2101 3986 2313 4026 movea-

721 4109 872 4158 mus;
923 4089 1014 4144 sed
1047 4096 1104 4141 ut
1134 4099 1320 4141 eorum
1348 4081 1435 4151 qui
1463 4091 1632 4146 neque
1661 4074 1867 4142 seipsos
1897 4076 2113 4131 norunt,
2141 4078 2314 4131 neque

724 4188 970 4239 humanae
1021 4189 1224 4234 natura:
1265 4174 1481 4230 modum
1528 4167 1824 4235 intelligere
1875 4163 2079 4224 volunt,
2124 4159 2317 4211 intem-

727 4278 982 4349 pestivam
1018 4269 1413 4326 contentionem
1445 4262 1632 4315 tollere
1656 4265 1978 4327 satagamus.
2026 4249 2149 4304 ldeo
2170 4247 2323 4316 quip-

727 4343 792 4439 pe
836 4383 901 4422 ex
941 4360 1250 4424 abundanti,
1305 4371 1410 4412 non
1454 4353 1546 4407 Dei
1592 4349 1784 4413 modo,
1822 4345 1914 4400 sed
1955 4343 2114 4398 etiam
2162 4353 2323 4407 ange-

730 4432 902 4518 lorum
942 4465 1284 4523 conspectum
1316 4451 1461 4517 justo
1499 4445 1574 4499 illi
1600 4445 1714 4497 viro
1744 4436 2130 4494 intolerandum
2163 4432 2324 4486 fuisse

712 4550 1082 4611 ostendimus,
1110 4540 1322 4614 quando
1352 4547 1514 4592 totam
1556 4534 1706 4588 vobis
1738 4529 2012 4583 historiam
2051 4524 2276 4594 legimus
2305 4539 2319 4572 :

729 4643 1031 4712 sa‘piusque
1080 4637 1291 4700 beatum
1348 4629 1616 4682 Danieiem
1665 4622 1968 4677 indusimus
2017 4617 2320 4686 pallentem,

736 4742 1076 4795 trementem,
1119 4741 1291 4797 neque
1324 4712 1511 4776 melLbs
1538 4718 1807 4782 affectum,
1841 4728 1998 4784 quam
2028 4712 2082 4776 ii,
2116 4710 2203 4780 qui
2234 4708 2328 4762 de-

737 4821 938 4889 liciuut,
980 4832 1310 4890 quorumque
1356 4813 1530 4868 anima
1561 4809 1768 4864 vincula
1806 4806 1982 4860 carnis
2011 4803 2328 4870 abrumpere

736 4918 970 4971 festinat.
1018 4912 1165 4966 Sicut
1194 4905 1607 4963 enimeolumba
1634 4900 1923 4956 domestica
1958 4906 2012 4951 et
2053 4903 2327 4950 mansueta

739 5029 791 5066 in
820 5007 1138 5064 domuncula
1173 5003 1439 5064 habitans,
1468 5000 1510 5052 si
1542 4997 1764 5065 strepitu
1792 5003 2075 5057 terreatur,
2104 5003 2332 5056 expave-

740 5105 876 5157 facta
906 5101 957 5154 iu
986 5106 1180 5152 tectum
1203 5093 1396 5156 avolat,
1421 5099 1476 5145 et
1499 5104 1595 5160 per
1616 5087 1875 5141 fenestras
1901 5084 2099 5136 exitum
2119 5081 2328 5149 qua-rit,

742 5205 799 5250 ιιι
823 5208 943 5249 sese
969 5193 1036 5246 ab
1065 5187 1306 5259 angustia
1329 5185 1558 5246 eximat;
1592 5182 1670 5235 sic
1699 5180 1834 5234 beati
1863 5178 2002 5231 illius
2033 5175 2128 5228 viri
2155 5173 2330 5226 anima

742 5308 808 5364 ex
835 5302 1060 5358 corpore
1088 5282 1266 5353 egredi
1307 5269 1610 5335 eLTexterna
1647 5282 1825 5344 petere
1861 5269 2149 5350 gestiebat;
2177 5266 2335 5321 exiis-

743 5358 932 5453 s'etque
998 5382 1152 5452 plane
1201 5386 1362 5445 atque
1408 5372 1711 5434 avolasset,
1768 5346 2068 5436 corpusque
2110 5355 2332 5415 vacuum

745 5475 1072 5545 reliquisset,
1118 5469 1218 5524 nisi
1249 5467 1428 5521 statim
1459 5462 1676 5531 angelus
1705 5458 2081 5529 prmvertissct,
2112 5467 2337 5521 eamque

746 5571 814 5626 ab
853 5567 1093 5639 angustia
1135 5563 1447 5624 liberasset,
1494 5559 1652 5626 inque
1686 5557 1954 5623 preprium
1990 5548 2090 5603 sibi
2115 5545 2337 5600 domici—

811 5729 826 5758 ¹
865 5723 1004 5774 Savil.
1033 5726 1079 5772 in
1113 5733 1267 5782 marg.
1308 5725 1369 5782 et
1407 5717 1502 5766 duo
1536 5713 1668 5782 ϐοᾷ..
1693 5711 2062 5782 sedadrertree,
2103 5709 2216 5782 quia
2260 5719 2340 5778 eos

745 5771 919 5859 rvrsus
936 5771 939 5772 ν
957 5771 1012 5839 ii.
1035 5771 1490 5844 cretumuerigirmu.
1532 5784 1587 5829 Et
1611 5777 1699 5826 hoc
1720 5777 1927 5840 096mm,
1967 5787 2058 5825 wn
2098 5779 2148 5820 ut
2184 5771 2341 5822 curio-

747 5865 860 5904 ιω.
881 5859 976 5901 etc.

846 5887 860 5914 ,
881 5864 976 5901 etc.

2390 2265 2516 2316 lium
2549 2263 2872 2319 reduxisset.
2899 2261 3100 2316 Idcirco
3127 2270 3307 2314 autem
3335 2258 3451 2313 lucc
3475 2266 3601 2312 tunc
3620 2255 3889 2318 dicebam,
3938 2264 3999 2307 ut

2388 2356 2690 2409 ediscerent
2722 2355 2817 2417 illi,
2862 2363 3122 2422 quantum
3161 2350 3382 2419 angelus
3412 2349 3614 2401 homini
3648 2358 3889 2416 praestet,
3943 2355 4000 2400 ct

2390 2465 2454 2501 ex
2493 2446 2737 2502 conservi
2779 2444 3136 2513 prmcellentia
3164 2441 3452 2504 emendati,
3484 2449 3668 2494 cOutra
3703 2439 3996 2492 Dominum

2394 2537 2627 2590 insanire
2666 2543 2960 2589 cessarent.
3004 2534 3188 2589 Justus
3217 2533 3303 2586 ille
3339 2532 3439 2598 vir,
3467 2540 3611 2584 tanta
3639 2530 3898 2598 prmditus
3943 2530 4006 2580 ﬁ-

2394 2631 2576 2703 daeia,
2603 2629 2777 2696 angeli
2807 2638 3151 2696 conspectum
3189 2642 3294 2679 n'm
3323 2625 3460 2682 tulit.
3487 2633 3542 2678 et
3565 2622 3644 2685 hi,
3670 2623 3761 2692 qui
3793 2631 4003 2674 tantum

2395 2723 2463 2776 ab
2489 2722 2630 2776 illius
2656 2721 2848 2773 virtute
2878 2720 3068 2773 remoti
3091 2727 3232 2784 sunt,
3266 2733 3372 2772 non
3402 2718 3674 2786 angelum,
3703 2715 3794 2769 sed
3826 2714 4006 2782 ipsum

2397 2813 2705 2882 angelorum
2730 2812 3015 2865 Dominum
3042 2811 3250 2863 curiose
3285 2817 3626 2869 scrutantur;
3660 2807 3748 2860 ille
3785 2806 4007 2859 leonum

2401 2903 2728 2959 ferocitatem
2769 2902 3026 2966 edomuit,
3081 2915 3178 2953 nos
3207 2915 3272 2952 ne
3315 2899 3504 2967 vulpes
3531 2896 3746 2966 quidem
3789 2895 4010 2949 vincere

2403 3011 2722 3068 possumus;
2770 2985 2876 3049 ille'
2897 2993 3184 3047 draconem
3216 2990 3450 3045 medium
3480 2974 3729 3058 disrupit,
3769 2985 4010 3057 ferasque

2405 3096 2646 3142 naturam
2693 3087 2964 3162 superavit
3000 3099 3095 3137 sua
3141 3083 3192 3136 in
3241 3083 3405 3136 Deum
3452 3080 3640 3134 ﬁducia
3682 3079 3868 3141 fultus,
3909 3091 4013 3132 nos

2407 3180 2761 3235 minutissima
2806 3193 3017 3248 quoque
3045 3177 3252 3244 reptilia
3288 3174 3672 3233 formidamus;
3707 3171 3794 3225 ille
3824 3185 4010 3241 regem

2408 3274 2576 3326 instar
2618 3271 2787 3323 leonis
2835 3271 3119 3333 furentem,
3171 3267 3410 3334 iramque
3466 3261 4016 3318 Nabuchodonosoris

2408 3364 2554 3418 omni
2605 3361 2817 3432 ﬂamma
2851 3358 3309 3413 vehementiorem
3351 3356 3403 3409 in
3447 3355 3702 3409 barbaros
3742 3353 4015 3407 exercitus

2411 3463 2651 3508 ruentem
2679 3494 2692 3515 ,
2747 3451 3009 3505 accedens
3060 3449 3396 3519 compressit,
3452 3456 3507 3502 et
3554 3445 3792 3500 tenebris
3839 3443 4016 3498 oﬂ'usa

2412 3546 2588 3598 omnia
2619 3545 2921 3598 illustravit.

2487 3636 2541 3690 Μ
2547 3638 2654 3690 ulla
2685 3637 2984 3705 praecedenti
3012 3627 3252 3688 concione
3279 3633 3413 3686 dicta
3436 3633 3636 3703 repetit.
3657 3661 3727 3672 —
3759 3633 4015 3685 Attamen

2417 3729 2502 3783 hic
2527 3729 2614 3798 qui
2645 3728 2817 3782 lucem
2849 3727 3102 3780 attulerat
3137 3725 3386 3795 angelum
3423 3724 3729 3778 venientem
3771 3724 4015 3787 intuitus,

2417 3822 2640 3891 caligine
2665 3821 2809 3890 gravi
2842 3811 3166 3886 interceptus
3190 3827 3288 3872 est.
3315 3819 3484 3884 Quam
3529 3816 3688 3885 igitur
3711 3817 4016 3870 excusatio-

2420 3930 2541 3968 nem
2572 3914 2797 3968 aﬁ'crent
2836 3914 2892 3977 ii,
2927 3913 3016 3980 qui
3044 3913 3251 3966 beatam
3282 3911 3425 3964 illam
3459 3910 3786 3978 perlustrare
3809 3912 3824 3940 ‘
3866 3919 4021 3964 natu.

2419 4022 2537 4061 ram
2587 4005 2886 4059 conantur?
2933 4003 3042 4056 Nos
3081 4017 3210 4056 vero
3272 4017 3376 4054 non
3424 4001 3513 4055 hic
3563 4000 3721 4053 ﬁnem
3765 4000 4018 4069 loquendi

2423 4099 2676 4162 fecimus,
2731 4097 2825 4151 sed
2873 4097 2939 4150 ad
2983 4095 3250 4165 sapientes
3297 4095 3415 4148 illas
3460 4095 3685 4148 virtutes
3723 4093 4020 4147 orationem

2425 4192 2812 4255 transtulimus,
2876 4190 3061 4244 oculos
3116 4203 3298 4242 earum
3372 4202 3594 4242 aversos
3660 4185 4018 4247 ostendimus,

2424 4284 2675 4337 obtensas
2697 4282 2827 4343 alas,
2856 4290 3035 4335 erecta
3057 4294 3233 4343 crura,
3259 4279 3567 4332 clamorem
3595 4286 3937 4346 perpetuum,
3968 4285 4022 4330 et

2425 4373 2693 4444 quomodo
2721 4372 2823 4426 illae
2853 4371 3184 4440 incorporea:
3206 4367 3435 4422 virtutes
3457 4374 3685 4437 stupore
3705 4376 3757 4421 et
3782 4367 4018 4420 admira-

2430 4470 2572 4523 tione
2603 4467 2743 4537 capti
2777 4464 2937 4540 animi
2969 4464 3116 4532 signa
3154 4462 3424 4530 przebeant
3467 4479 3482 4515 :
3530 4469 3732 4529 quanto
3760 4460 3906 4513 enim
3935 4475 4021 4512 sa-

2431 4561 2739 4630 pientiores,
2774 4566 2974 4628 quanto
3004 4555 3158 4609 nobis
3195 4554 3601 4624 propinquiorcs
3624 4563 3748 4608 sunt
3772 4551 4022 4608 ineﬁ’abili

2432 4652 2505 4705 illi
2527 4653 2801 4720 beateque
2821 4647 3154 4710 substantize,
3198 4653 3342 4698 tanto
3372 4645 3542 4714 magis
3564 4643 4021 4712 incomprehensio

2431 4743 2688 4797 bilitatem
2720 4749 2914 4794 norunt
2943 4758 2954 4792 :
2981 4735 3285 4813 magnitudo
3302 4736 3497 4804 quippe
3525 4734 3799 4803 sapientim
3825 4735 4024 4802 magni-

2434 4833 2670 4888 tudinem
2704 4831 2914 4900 pietatis
2957 4831 3140 4884 efficit.
3187 4827 3423 4880 Diximus
3451 4826 3606 4879 vobis
3631 4827 3756 4896 quid
3782 4826 4024 4880 inacccs-

2434 4927 2586 4981 sibile
2613 4926 2701 4989 sit,
2729 4933 2782 4977 et
2805 4920 2947 4991 quod
2975 4920 3105 4975 illud
3132 4917 3300 4972 multo
3323 4916 3494 4986 majus
3518 4917 3588 4970 sit
3617 4917 4025 4985 incomprehen-

2435 5018 2573 5073 sibili
2625 5034 2638 5070 :
2688 5015 2840 5085 cujus
2895 5014 2974 5067 rei
3030 5026 3245 5066 causam
3292 5010 3606 5079 adjecimus,
3655 5011 3777 5080 quia
3829 5012 4025 5064 scilicet

2437 5107 2975 5180 incomprehensibile
3032 5115 3157 5177 post
3201 5122 3426 5162 examen
3493 5105 4028 5174 incomprehensibile

2439 5220 2558 5258 esse
2599 5201 3017 5274 deprehenditur
3047 5217 3060 5253 :
3105 5199 3474 5282 inaccessibile
3495 5213 3626 5252 vero
3653 5213 3876 5252 examen
3929 5211 4025 5249 non

2440 5297 2658 5365 patitur,
2690 5311 2751 5348 ac
2779 5310 2846 5350 ne
2869 5294 3083 5363 quidem
3112 5291 3343 5346 adeundi
3373 5292 3709 5360 principium,
3739 5289 3827 5343 ubi
3857 5300 3912 5344 ct
3942 5306 4025 5357 pe-

2440 5386 2540 5456 lagi
2569 5387 2814 5454 exemplo
2843 5401 2976 5455 Opus
3007 5385 3307 5440 habuimus.
3356 5382 3672 5436 Addidimus
3702 5398 3808 5436 non
3834 5383 4025 5437 dixisse

2443 5479 2683 5542 Paulum,
2716 5477 2880 5532 Deum
2915 5492 3035 5532 esse
3065 5476 3238 5530 lucem
3266 5473 3710 5538 inaccessibilem,
3754 5474 3848 5528 sed
3875 5476 4025 5527 larem

2443 5573 2668 5625 habitare
2702 5570 3095 5624 inaccessibilem
3126 5584 3146 5623 :
3185 5567 3326 5638 quod
3366 5567 3409 5619 si
3435 5565 3626 5619 domus
3653 5566 3762 5634 ipsa
3790 5563 3863 5618 sit
3894 5564 4026 5618 inac-

2442 5663 2721 5725 CCSSill.llS,
2769 5661 2933 5714 multo
2964 5660 3130 5731 magis
3169 5659 3258 5730 qui
3286 5659 3336 5712 in
3366 5657 3452 5712 illa
3482 5655 3684 5711 habitat
3716 5653 3877 5709 Deus.
3917 5654 4026 5708 llaec

2509 5843 2525 5871 ί
2564 5839 2667 5901 Alii,
2685 5835 2961 5901 explorare.
