4174 6336
567 340 688 398 ’Ἰίὂ
745 395 749 399 .

582 459 639 515 ει
671 458 857 527 ἔλεγεν
884 455 913 510 6
950 454 1185 541 Παῦλος,
1216 453 1318 526 οὐχ
1351 454 1439 509 ἵνα
1455 452 1607 524 τόπῳ
1636 451 1950 541 περιγράψαι
1971 450 2064 541 τδν
2090 450 2245 541 Θεὸν,

581 547 699 605 ἀλλ’
726 547 811 601 ἵνα
840 546 904 599 ἐκ
938 542 1135 613 πολλοῦ
1174 540 1267 596 τοῦ
1299 541 1582 613 περιόντος
1604 541 1664 611 τὺ
1693 536 2052 613 ἀπερινόητον
2081 536 2247 593 αὐτοῦ

582 635 679 694 καὶ
709 634 768 688 τὸ
802 633 1094 702 ἀπρόσιτον
1130 619 1484 703 καταλάιὶψῃ.
1518 628 1927 700 Παρηγάγομεν
1950 638 1976 669 ι
2011 626 2104 680 καὶ
2129 625 2247 679 ἐτέ-

584 739 684 795 ρας
724 721 1004 791 δυνάμεις,
1038 718 1109 772 τὰ
1135 717 1439 790 Χερουϐὶμ,
1464 716 1560 771 καὶ
1593 716 1875 788 ἐδείξαμεν
1907 714 2025 779 πῶς
2062 714 2250 768 ἐπάνω

580 809 762 864 αὐτῶν
799 807 1105 881 στερέωμα,
1137 806 1251 871 πῶς
1275 804 1416 869 λίθος
1454 803 1812 879 κρυστάλλου,
1847 803 1964 887 πῶς
1996 803 2249 873 ὁμοίωμα

580 896 791 969 θρόνου,
812 896 907 949 καὶ
931 891 1069 958 εῐδος
1094 892 1405 965 ἀνθρώπου,
1442 892 1535 946 καὶ
1557 892 1843 963 ῆλεκτρον,
1877 891 1973 951 καὶ
1996 890 2130 962 πῦρ,
2154 891 2249 944 καὶ

578 984 755 1049 τόξον,
787 984 881 1037 καὶ
900 982 1038 1053 μετά
1070 982 1247 1036 πάντα
1275 974 1460 1035 ἐκεῖνά
1490 997 1654 1050 φησιν
1685 982 1713 1034 6
1738 980 2024 1050 προφήτης
2041 994 2059 1011 ο
2082 976 2247 1046 Αὑτὴ

578 1070 618 1140 ἠ
643 1070 851 1141 ὅρασις
876 1068 1237 1139 ὀμοιὼματος
1258 1063 1444 1135 δόξης
1468 1067 1711 1135 Κυρίου,
1762 1067 1856 1119 καὶ
1899 1065 1988 1119 διά
2031 1066 2246 1119 πάντων

577 1158 784 1213 τούτων
815 1157 1128 1228 ἐδείκνυμεν
1157 1156 1285 1228 ὑμῖν
1307 1154 1401 1208 τοῦ
1418 1154 1552 1208 Θεοῦ
1580 1154 1680 1226 τὴν
1708 1154 2134 1223 ωγκατάϐασιν,
2154 1154 2248 1207 καὶ

575 1247 780 1315 ταύτην
804 1246 975 1315 αὐτὴν
1012 1244 1283 1314 ἀφόρητον
1314 1237 1479 1296 οὖσαν
1512 1242 1606 1296 καὶ
1635 1245 1756 1306 ταῖς
1783 1243 1896 1301 ἀνω
1930 1242 2243 1311 δυνάμεσιν.

640 1326 803 1408 H73]
830 1333 895 1404 β’.
927 1334 1038 1403 Οὐχ
1073 1330 1257 1394 ἀπλῶς
1286 1331 1342 1384 δέ
1376 1330 1549 1384 ταῦτα
1576 1328 2111 1401 ἀνακεφαλαιοῦμαιο
2133 1329 2246 1383 ἀλλ’

576 1423 761 1494 ἐπειδὴ
791 1421 950 1493 χρέος
978 1421 1109 1490 ὑμῖν
1132 1419 1331 1489 ὀφείλω
1354 1419 1453 1490 τῆς
1482 1419 1828 1489 ὑποσχέσεως
1862 1418 2096 1489 ἐκείνης,
2130 1417 2249 1488 βού-

575 1510 739 1582 λομαι
774 1509 962 1589 μαθεῖν
1000 1506 1140 1579 μετά
1169 1505 1473 1577 ἀκριϐείας,
1507 1506 1560 1559 τί
1604 1507 1703 1576 μὲν
1741 1505 2062 1564 κατέϐαλον.
2099 1506 2151 1559 τί
2190 1505 2246 1559 δέ

576 1600 980 1673 ὑπολέλειπται.
1039 1596 1195 1652 Οὕτω
1241 1598 1336 1651 καὶ
1380 1599 1428 1651 οί
1463 1597 1533 1651 τά
1571 1598 1906 1669 δανείσματα
1943 1598 2249 1668 ὀφείλοντες

577 1689 810 1753 ποιοῦσι,
840 1688 901 1741 :6
934 1688 1316 1758 γραμματεῖον
1366 1687 1425 1749 ἐς
1467 1687 1631 1757 μέσον
1678 1688 2001 1755 ἀγαγόντες,
2044 1686 2172 1741 ἔνθα
2219 1690 2247 1741 6

573 1777 732 1844 λόγος
761 1776 868 1838 πᾶς
897 1775 1293 1846 ἐγγέγραπται,
1318 1774 1415 1826 καὶ
1437 1775 1549 1837 τοῖς
1574 1774 1880 1837 δανεισταῖς
1898 1777 2010 1837 τοῖς
2038 1774 2247 1829 ἑαυτῶν

573 1860 961 1927 ἐπιδείξαντες,
994 1860 1079 1913 τᾶί
1094 1860 1394 1931 λειπόμενα
1416 1860 1830 1916 καταϐάλλουσι.
1860 1862 1972 1915 Καὶ
2000 1862 2111 1930 ἐγὼ
2137 1862 2249 1915 τοί-

572 1967 669 2004 νυν
717 1948 969 2021 καθάπερ
1014 1947 1216 2017 βιϐλίον
1245 1946 1558 2013 ἀναπτύξας
1606 1947 1703 2019 τὴν
1737 1949 1960 2021 μνήμην
1993 1950 2102 2033 fi];
2134 1950 2250 2004 δια-

572 2038 721 2103 νοίας
747 2038 847 2108 τῆς
890 2036 1180 2108 ὑμετέρας,
1223 2036 1411 2106 ὥσπερ
1443 2035 1692 2106 δακτύλῳ
1738 2038 1842 2091 τινὶ
1875 2037 1954 2107 τῷ
1996 2038 2138 2110 λόγῳ
2179 2038 2248 2092 τὰ

573 2126 984 2197 καταϐληθέντα
1002 2123 1292 2189 ἐπιδείξας,
1312 2125 1406 2177 ἐπὶ
1420 2125 1489 2178 τὰ
1502 2124 1796 2194 λειπόμενα
1815 2124 2106 2197 βαδιοῦμαι
2132 2126 2244 2179 λοι-

574 2213 767 2268 πόν.Τί
785 2209 876 2271 οὖν
890 2208 957 2282 ἦν
973 2212 1033 2265 :6
1061 2211 1516 2281 ὑπολελειμμένον
1538 2228 1551 2276 ;
1577 2210 1777 2276 Δείξαι,
1807 2212 1889 2265 ὅτι
1911 2211 2034 2265 οὔτε
2060 2214 2245 2284 ἁρχαὶ,

574 2301 699 2355 οὔτε
730 2300 988 2367 ἐξουσίαι,
1015 2299 1138 2353 οὐτε
1170 2299 1510 2370 κυριότητες,
1532 2298 1653 2352 οὔτε
1682 2298 1736 2351 εί
1756 2316 1838 2363 τις
1861 2299 2025 2371 ἑτέρα
2055 2301 2247 2373 κτιστή

556 2374 805 2461 ⁸δύναμίς
838 2390 1006 2452 ἐστιν,
1047 2388 1079 2457 ἢ
1112 2386 1225 2456 ἔχει
1254 2384 1349 2439 τοῦ
1378 2384 1514 2438 Θεοῦ
1548 2386 1644 2457 τὴν
1672 2386 1877 2458 ἀκριϐῆ
1919 2386 2243 2459 κατάληψιν.

575 2478 698 2541 Eia).
726 2476 855 2548 γὰρ,
890 2475 995 2528 εἰσὶ
1017 2474 1111 2528 καὶ
1140 2474 1322 2545 ἐτεραι
1354 2473 1631 2543 δυνάμεις,
1656 2466 1739 2551 ὧν
1770 2474 1891 2528 οὐδὲ
1914 2474 1983 2528 τά
2008 2476 2249 2547 ὀνόματα

577 2566 755 2635 ῖσμεν.
810 2556 1151 2634 Ἑννοήσάτεκ
1179 2561 1277 2632 τὴν
1328 2562 1585 2615 ἀπόνοιαν
1630 2552 1738 2614 τῶν
1786 2563 2108 2632 αἰρετικῶν·
2142 2565 2248 2617 τῶν

575 2652 778 2708 δούλων
815 2650 934 2704 οὐδὲ
960 2649 1030 2703 τὰ
1054 2650 1299 2720 ὀνόματα
1330 2649 1509 2720 ίσμεν,
1538 2651 1631 2702 καὶ
1660 2648 2046 2703 τοῦ.Δεσπότου
2081 2652 2249 2723 αὐτὴν

575 2740 674 2811 τήν
706 2738 895 2792 οὐσίαν
923 2736 1397 2810 περιεργάζονται.
1435 2736 1555 2789 Είσὶ
1600 2736 1699 2805 μὲν
1732 2735 1839 2807 γὰρ
1883 2736 2126 2805 ἄγγελοι,
2156 2741 2250 2813 καὶ

575 2823 927 2897 ἀρχάγγελοι.
959 2824 1052 2877 καὶ
1082 2822 1283 2899 θρόνοι,
1314 2822 1410 2876 καὶ
1442 2822 1781 2895 κυριότητες,
1813 2824 1908 2876 καὶ
1941 2825 2127 2895 ἀρχαὶ,
2154 2826 2250 2879 καὶ

577 2912 817 2979 ἐξουσίαι
840 2928 853 2942 ο
882 2912 996 2967 ἀλλ’
1026 2911 1123 2982 οὐχ
1156 2903 1300 2964 οῦτοι
1331 2910 1481 2981 μόνοι
1509 2912 1556 2963 οἱ
1585 2911 1745 2982 δῆμοι
1774 2913 1830 2966 ἐν
1864 2915 1974 2977 τοῖς
2002 2914 2250 2986 οὐρανοῖς

576 3002 736 3065 εἰσιν,
767 2999 881 3053 ἀλλ’
916 3000 1119 3071 ἄπειρα
1144 2998 1268 3069 ἐθνη
1303 2998 1397 3052 καὶ
1420 2998 1566 3068 φῦλα
1611 2998 1888 3070 ἀμύθητα,
1922 3000 2065 3073 ἅπερ
2095 3002 2251 3072 λόγος

575 3088 750 3152 οὐδεὶς
799 3087 1147 3158 παραστῆσαι
1193 3086 1435 3142 δύναταιὶ
1475 3088 1583 3141 Καὶ
1622 3086 1787 3141 πόθεν
1815 3088 1994 3162 ,δῆλον
2037 3091 2119 3144 ὅτι
2157 3093 2249 3157 καὶ

576 3175 782 3230 τούτων
806 3174 1019 3239 πλείους
1036 3176 1141 3229 εἰσὶ
1164 3175 1442 3245 δυνάμεις.
1464 3168 1538 3228 ὧν
1557 3175 1676 3229 οὐδέ
1708 3175 1775 3254 τά
1798 3175 2036 3247 ὀνόματα
2060 3179 2247 3248 ῖσμεν;

590 3266 649 3317 '0
679 3264 851 3318 ταῦτα
870 3265 1108 3336 εἰρηκὼς
1132 3262 1343 3328 Παῦλος
1365 3263 1458 3317 καὶ⁸
1485 3262 1641 3316 τοῦτό
1666 3280 1830 3333 φησιν
1854 3264 2053 3318 οὑτωσὶ
2077 3265 2249 3334 λέγων

577 3353 707 3424 περὶ
738 3352 831 3405 τοῦ
862 3351 1127 3423 Χριστοῦ⁸
1164 3350 1483 3413 Ἐκάθισεν
1514 3350 1701 3411 αὐτὸν
1730 3351 2006 3422 ὐπερᾴνω
2046 3352 2251 3422 πάσης

576 3438 793 3509 ἀρχῆς,
818 3440 915 3492 καὶ
944 3438 1247 3503 ἐξουσίας,
1272 3438 1369 3491 καὶ
1393 3436 1720 3509 δυνάμεως.
1752 3439 1849 3493 καί
1869 3441 2096 3507 παντὸς
2121 3443 2253 3496 όνό-

573 3543 763 3597 ματος
793 3524 1355 3594 ὀνομαζομένου,ηοὺ
1383 3527 1577 3611 μόνον
1610 3527 1680 3587 ἐν
1711 3526 1790 3593 τῷ
1827 3526 1995 3611 αἰῶνι
2041 3520 2247 3598 τούτω,

578 3616 740 3669 ἀλλὰ
770 3613 869 3668 καὶ
896 3614 966 3667 ὲν
994 3611 1075 3678 τῷ
1096 3613 1408 3682 μέλλοντι.
1451 3608 1667 3684 Ὁρᾶτε,
1696 3615 1776 3668 ὅτι
1810 3616 1935 3669 τινά
1954 3608 2112 3671 ἐστιν
2137 3618 2254 3672 ὀνό-

588 3720 735 3773 ματα
759 3705 875 3756 ἐκεῖ
902 3701 1164 3773 μέλλοντα
1188 3699 1439 3771 γνώριμα
1467 3701 1750 3769 γίνεσθαι,⁹
1762 3704 1904 3775 άπερ
1938 3704 2110 3776 άδηλά
2135 3708 2252 3761 ἐστι

588 3788 715 3854 νῦν;
750 3790 848 3844 Διά
872 3789 1034 3861 ,τοῦτο
1064 3785 1237 3854 εἶπεν,
1270 3790 1349 3855 Οὐ,
1374 3789 1531 3860 μόνον
1564 3792 1621 3844 ἐν
1644 3790 1723 3861 τῷ
1752 3793 1910 3845 αίῶνι
1930 3794 2106 3865 τούτῳ
2130 3797 2252 3849 ὀνο-

590 3874 894 3947 μαζόμενα,
922 3876 1057 3929 ἀλλά
1084 3877 1178 3929 καὶ
1207 3878 1265 3930 ἐν
1289 3875 1365 3947 τῷ
1394 3876 1663 3948 μέλλοντι.
1697 3879 1808 3933 Καὶ
1832 3880 1884 3932 τί
1918 3879 2251 3952 θαυμαστὸν,

581 3965 632 4019 ιι
663 3964 763 4033 τῆς
791 3964 977 4028 οὐσίας
999 3964 1098 4036 τὴν
1132 3964 1336 4036 ἀκριϐῆ
1380 3965 1685 4037 κατάληψιν
1712 3967 1813 4019 οὐκ
1849 3967 2067 4039 ἔχουσι;
2097 3970 2255 4025 τοῦτο

582 4051 692 4124 γάρ
724 4052 873 4106 οὐδὲν
916 4052 1058 4123 μέγα
1100 4052 1398 4117 ἀποδεῖξαι.
1436 4054 1557 4106 Τῶν
1574 4053 1695 4124 γὰρ
1726 4056 2048 4126 οἰκονομιῶν
2088 4057 2253 4111 αὐτοῦ

583 4138 785 4203 πολλὰς
812 4138 912 4191 οὐκ
938 4140 1116 4191 ῖσασιν
1141 4141 1198 4192 αἱ
1226 4139 1339 4193 ἀνω
1366 4139 1622 4211 δυνάμεις
1646 4134 1834 4208 αὗται,
1853 4143 1909 4195 αἱ
1938 4144 2125 4213 ἀρχαὶ,
2161 4144 2255 4199 καὶ

583 4230 844 4296 ἐξουσίαι,
890 4231 985 4284 καὶ
1025 4232 1361 4302 κυριότητες.
1414 4233 1524 4287 Καὶ
1561 4232 1718 4303 τοῦτο
1752 4233 1911 4287 πάλιν
1945 4234 2041 4287 ἀπ’
2076 4236 2257 4290 αὐτῶν

582 4320 691 4372 τῶν
720 4318 1089 4373 ἀποστολικῶν
1116 4314 1469 4390 ἀποδείξομεν
1502 4320 1784 4391 ῥημάτων,
1821 4324 1904 4375 ὅτι
1943 4323 2255 4394 οἰκονομίας

583 4406 747 4463 αὐτοῦ
776 4424 926 4470 τινας
951 4406 1068 4477 μεθ’
1097 4406 1255 4476 ἡμῶν
1282 4406 1503 4477 ἔμαθον,
1542 4408 1633 4461 καὶ
1674 4408 1779 4479 πρὸ
1806 4409 1965 4479 ἡμῶν
1993 4411 2092 4463 οὐκ
2132 4410 2257 4482 ᾔδε-

586 4512 686 4549 σαν
709 4510 723 4525 ’
761 4494 821 4547 οὐ
858 4493 1017 4564 μόνον
1042 4494 1097 4547 δὲ
1125 4493 1243 4563 μεθ’
1273 4493 1429 4566 ἡμῶν
1449 4493 1670 4564 ἔμαθον,
1703 4495 1840 4549 ἀλλά
1864 4497 1958 4550 καὶ
1981 4497 2047 4550 δι’
2072 4497 2253 4568 ήμῶν.

597 4581 859 4649 Ἐτέραις
886 4580 995 4649 γὰρ
1023 4580 1251 4649 γενεαῖς
1284 4583 1393 4636 οὐκ
1419 4581 1769 4650 ἐγνωρίσθη,
1816 4586 2002 4654 φησὶν,
2034 4585 2115 4650 ὡς
2140 4579 2257 4639 νῦν

584 4668 978 4735 ἀπεκαλύφθη
1012 4668 1135 4733 τοῖς
1154 4668 1343 4737 ἁγίοις
1372 4668 1739 4735 ἀποστόλοις
1763 4670 1950 4724 αὑτοῦ
1979 4673 2077 4725 καὶ
2110 4689 2255 4741 προ-

585 4752 821 4824 φήταις,
854 4750 1001 4807 εἶναι
1037 4754 1108 4808 τὰ
1136 4754 1280 4823 ἔθνη
1327 4756 1790 4826 συγκληρόνομίι
1830 4757 1929 4811 καὶ
1958 4760 2257 4829 σύσσωμα

585 4841 684 4896 καί
710 4840 1058 4911 συμμέτοχα
1090 4841 1197 4909 τῆς
1220 4843 1581 4913 ἐπαγγελίας
1606 4844 1791 4899 αὐτοῦ
1823 4845 1897 4915 (αἱ
1931 4847 1987 4901 δὲ
2020 4850 2257 4918 ἐπαγγε-

586 4919 695 4983 λίαι
726 4932 838 4992 τοῖς
893 4928 1165 4993 Ἰουδαίοις
1203 4925 1344 5001 ἦσαν
1376 4930 1679 5001 δεδομέναι)
1725 4932 1821 4988 διὰ
1846 4934 1953 4989 τοῦ
1992 4939 2255 5008 Εὑαγγε-

585 5022 745 5085 λίου,
774 5015 849 5075 οὗ
883 5020 1178 5089 ἐγενόμην
1202 5012 1327 5089 ἐγνὼδ
1352 5021 1593 5088 Παῦλος
1620 5021 1919 5090 διάκονος.
1952 5026 2062 5079 Καὶ
2093 5027 2257 5081 πόθεν

585 5106 744 5161 τοῦτο
762 5104 916 5178 δῆλον
931 5107 1012 5159 ὅτι
1036 5106 1130 5160 νῦν
1150 5106 1352 5177 ἔμαθον
1375 5108 1430 5160 αἱ
1448 5106 1559 5161 ἀνω
1578 5108 1865 5180 δυνάμειςς
1892 5110 1961 5164 τὰ
1980 5111 2051 5180 γά
2060 5129 2089 5183 ρ
2115 5115 2259 5187 είρη-

590 5192 729 5263 μένα
756 5194 883 5265 περ)⁸
921 5192 1223 5267 ἀνθρώπων
1255 5194 1490 5266 εἴρηται.
1528 5196 1792 5265 Ἄκουσον
1822 5193 1935 5253 οῦν.
1987 5200 2145 5269 Ἐμοὶ
2178 5200 2256 5267 τῷ

550 5321 557 5331 ,
584 5280 1035 5352 ἐλαχιστοτέρῳ,
1080 5280 1233 5352 φησὶ,
1268 5280 1509 5335 πάντων
1540 5282 1725 5350 ἁγίων
1755 5284 1779 5323 δ
1807 5283 1983 5351 ἐδόθη
2015 5286 2053 5351 ἡ
2086 5287 2257 5355 χάρις

585 5368 757 5434 αὕτη,
792 5370 1293 5437 εὐαγγελίσασθαι
1313 5370 1382 5422 ἐν
1410 5368 1533 5434 τοῖς
1562 5370 1766 5424 ἔθνεσι
1789 5371 1895 5425 τὸν
1916 5372 2255 5440 ἀνεξιχνία-

584 5467 736 5506 στον
771 5452 1038 5509 πλοῦτον
1076 5455 1181 5507 τοῦ
1217 5455 1492 5522 Χριστοῦ.
1531 5457 1595 5508 Τί
1627 5456 1773 5509 ἔστιν
1815 5458 2252 5527 ἀνεξιχνίαστον;

584 5540 677 5612 Μὴ
721 5541 1019 5611 δυνάμενον
1071 5540 1402 5612 ζητηθῆναι’
1449 5543 1508 5595 οὐ
1546 5545 1704 5610 μόνον
1742 5544 1799 5597 δέ
1839 5546 1913 5617 μὴ
1959 5545 2253 5618 δυνάμενον

584 5623 889 5697 εὑρεθῆναι,
920 5624 1033 5680 ἀλλ’
1063 5626 1185 5679 οὐδὲ
1227 5627 1627 5699 ἀνιχνευθῆναι.
1672 5629 2044 5686 Ἀκουέτωσαν
2090 5633 2253 5687 πάλιν

644 5751 670 5818 ξι
697 5749 919 5818 ᾼιίίιουιη
941 5750 1051 5818 δαν.
1074 5750 1329 5818 ᾲπρόσιτον
1344 5753 1646 5818 παραστήσῃ.
1672 5755 2039 5818 Παρηγάγομεν.

615 5809 674 5921 νζ
699 5811 848 5883 ξδνίι.
875 5817 928 5862 (ιι
955 5810 1097 5864 mulli
1120 5809 1235 5864 mss.
1259 5809 1446 5863 πάντων
1482 5809 1646 5882 ἁγίων,
1688 5809 1921 5875 Μότξλόι
1940 5809 2042 5882 ’θιὶί
2062 5817 2252 5871 πάντων

648 5888 855 5921 .οωπων.
960 5894 963 5897 Α

584 5879 855 5939 avem-mm-
960 5894 963 5897 λ

1356 342 1416 395 ὃ.
1438 335 1724 395 ιοΑΝΝιε
1760 322 2249 393 (ΞΗΙιΥΒΟδΤΟΜῘ
2284 331 2613 395 ARCHIEP.
2652 335 3207 395 CONSTANTINOP.

3934 341 4031 398 τω

2357 448 2474 515 πῶς
2504 453 2687 507 πυκνά
2731 455 2826 508 καὶ
2876 454 3153 526 ἐπάλληλα
3201 453 3416 509 δίδωσιν
3454 455 3637 521 αὐτοῖς
3672 455 3744 511 τὰ
3782 456 3939 528 Mn.
3968 459 4029 513 ΕΞ

2356 536 2465 608 γὰρ
2506 539 2536 592 ό
2578 538 2803 604 πλοῦτος
2842 536 3264 612 ἀνεξῐχνίαστος,
3298 542 3413 605 πῶς
3442 544 3470 596 6
3506 542 3901 615 δωρησάμενος
3939 542 4030 597 τὸν

2360 623 2587 681 πλοῦτον
2616 627 2717 680 οὐκ
2745 627 3142 698 ἀνεξιχνίαστος
3162 646 3177 695 ;
3200 629 3307 683 Κ(ιὲ
3336 630 3590 698 φωτίσαι
3619 631 3852 699 πάντας
3878 633 3966 698 τίς
3986 633 4026 700 ἠ

2356 714 2663 783 οἰκονομία
2685 714 2790 769 τοῦ
2817 717 3159 784 μυστηρίου
3188 717 3295 771 τοῦ
3317 717 3853 788 ἀποκεκρυμμένου
3878 720 4027 793 μτι]

2354 800 2425 854 ἐν
2452 800 2531 866 τῷ
2569 802 2710 865 Θεῷ,
2751 802 2851 855 ἵνα
2887 796 3186 877 γνωρισθῇ
3212 804 3329 858 νῦν
3355 804 3484 871 ταῖς
3520 805 3735 876 ἀρχαῖς
3763 807 3859 860 καὶ
3900 808 4029 873 ταῖς

2354 886 2664 955 ἐξουσίαις
2691 888 2787 944 διὰ
2817 888 2925 959 τῆς
2959 880 3324 959 Ἐκκλησίας
3357 894 3394 961 ἠ
3445 897 3885 962 πολυποίκιλος
3925 911 4031 952 σο-

2355 975 2464 1043 φία
2499 976 2607 1030 τοῦ
2642 976 2810 1031 Θεοῦ.
2847 979 3123 1042 Ἤκουσας
3169 978 3286 1043 πῶς
3334 979 3448 1047 νῦν,
3478 981 3601 1052 οὐχὶ
3646 983 3754 1055 πρὸ
3812 986 4025 1049 τούτου,

2355 1064 2599 1133 ἔγνωσαν
2627 1068 2683 1120 αἱ
2721 1067 2980 1139 δυνάμεις
3025 1069 3229 1124 ἐκεῖναι
3252 1070 3470 1136 ’ταῦτας
3505 1074 3571 1127 Ἀ
3604 1073 3727 1144 ⁶γάρ
3773 1075 4031 1145 βασιλεὺς

2357 1150 2689 1221 βουλεύεται,
2715 1156 2744 1208 6
2763 1155 3108 1229 ὑπασπιστὴς
3122 1158 3220 1211 οὐκ
3247 1159 3552 1213 ἐπίσταται.
3574 1162 3707 1214 Ἵνα
3728 1164 4032 1233 γνοψισθῇ

2354 1239 2472 1295 νῦν
2502 1241 2633 1309 ταῖς
2658 1242 2871 1311 ἀρχαῖς
2896 1245 2991 1298 καί
3015 1245 3494 1312 ταῖς-ἐξουσίαις,
3524 1246 3621 1301 διὰ
3640 1248 3751 1316 τῆς
3781 1252 4032 1318 Ἐκκλη-

2354 1330 2496 1395 σίας
2527 1331 2566 1397 η
2601 1332 3039 1397 πολυποίκιλος
3065 1334 3250 1402 σοφία
3279 1335 3385 1389 τοῦ
3408 1336 3575 1390 Θεοῦ.
3605 1337 3743 1408 Ὀρα
3771 1339 3869 1409 ὅση
3896 1341 4031 1411 τιμὴ

2358 1418 2492 1489 πρὸς
2525 1419 2622 1489 τὴν
2648 1419 2996 1490 ἀνθρωπίνην
3024 1421 3237 1489 ἐγένετο
3267 1422 3449 1492 φύσιν,
3477 1424 3559 1476 ὅτι
3597 1426 3689 1477 καὶ
3727 1427 3844 1496 μεθ’
3867 1430 3902 1500 ἡ
3912 1429 4033 1498 μῶν

2356 1506 2450 1557 καὶ
2475 1504 2544 1558 δι’
2568 1508 2600 1576 ή
2610 1506 2727 1575 μῶν
2754 1508 2810 1559 αἱ
2841 1508 2952 1561 ἀνω
2975 1507 3233 1579 δυνάμεις
3264 1510 3505 1578 ἔγνωσαν
3532 1513 3598 1567 τά
3620 1515 3912 1586 ἀπόρρητα
3934 1518 4033 1570 τοῦ

2357 1591 2652 1661 βασιλέωςο
2716 1595 2875 1648 Ἀλλὰ
2921 1596 3084 1650 πόθεν
3110 1597 3289 1668 δῆλον,
3339 1600 3420 1653 ὃτι
3467 1602 3597 1671 περὶ
3646 1603 3865 1655 ἐκείνων
3919 1608 4035 1657 τῶν

2357 1679 2692 1752 ἐπουρανίων
2717 1682 2864 1752 λέγει
2885 1702 2899 1749 ;
2923 1683 3029 1738 Καὶ
3054 1684 3164 1756 γὰρ
3190 1686 3364 1757 ἀρχὰς
3394 1689 3487 1740 καὶ
3509 1689 3758 1753 ἐξουσίας
3784 1696 3876 1744 καὶ
3904 1694 4036 1759 τοὺς

2355 1769 2615 1840 δαίμονας
2644 1766 2751 1824 οἶδε
2785 1770 2971 1825 καλεῖν
2997 1772 3169 1841 λέγων
3195 1792 3208 1805 ·
3251 1777 3369 1829 Οὐκ
3398 1777 3570 1830 ἐστιν
3605 1777 3751 1847 ἡμῖν
3790 1782 3827 1848 ὴ
3860 1780 4034 1851 πάλη

2356 1855 2507 1924 πρὸς
2538 1851 2681 1926 αἷμα
2704 1857 2804 1911 καί
2850 1857 3067 1926 σάρκα,
3101 1861 3259 1915 ἀλλὰ
3300 1863 3451 1930 πρὸς
3494 1862 3600 1930 τὰς
3632 1866 3843 1935 ἀρχὰς,
3877 1870 4037 1936 πρὸς

2356 1944 2463 2010 τὰς
2490 1944 2799 2011 ἐξουσίας,
2845 1947 2997 2013 πρὸς
3024 1946 3168 2011 τοὺς
3213 1950 3701 2019 κοσμοκράτορας
3748 1956 3853 2008 τοῦ
3887 1958 4040 2009 σκό-

2355 2048 2498 2097 τους
2524 2031 2631 2085 τοῦ
2665 2032 2880 2099 αἰῶνος
2924 2036 3157 2089 τούτου.
3200 2031 3345 2108 Ἀρα
3392 2034 3485 2091 οῦν
3539 2040 3614 2111 μὴ
3662 2042 3759 2094 καὶ
3794 2044 4041 2097 ἐνταῦθα

2355 2118 2514 2171 τοῦτο
2554 2119 2701 2188 λέγει
2743 2122 2824 2174 ὅτι
2864 2123 2910 2174 οί
2940 2122 3193 2193 δαίμονες
3241 2126 3361 2178 τότε
3416 2126 3689 2194 ἔγνωσαν;
3742 2130 4035 2201 Οὐδαμῶς,

2357 2206 2493 2260 ἀλλά
2527 2208 2657 2278 περὶ
2690 2209 2913 2263 ἐκείνων
2942 2210 3049 2263 τῶν
3079 2211 3189 2264 ἄνω
3216 2212 3495 2283 δυνάμεων
3516 2232 3527 2244 ·
3566 2214 3738 2284 εἰπὼν
3785 2218 3892 2288 γὰρ
3930 2219 4042 2285 τὰς

2356 2293 2546 2362 ἀρχὰς
2577 2295 2674 2346 καί
2711 2295 2821 2362 τὰς
2857 2296 3163 2363 ἐξουσίας,
3211 2300 3510 2371 ἐπήγαγεν,
3566 2302 3669 2356 Ἐν
3697 2303 3824 2369 τοῖς
3854 2306 4043 2360 ἐπου-

2348 2380 2601 2448 ρανίοις.
2650 2382 2886 2436 Ἐκεῖναι
2923 2384 3021 2453 μὲν
3055 2385 3167 2456 γὰρ
3202 2388 3258 2439 αἱ
3283 2388 3448 2458 ἀρχαὶ
3477 2390 3569 2441 καὶ
3600 2389 3841 2456 ἐξουσίαι
3867 2395 4041 2447 ἐπου-

2362 2467 2552 2537 ράνιοι,
2583 2461 2741 2523 αὗται
2773 2470 2829 2524 δὲ
2852 2474 2909 2525 αί
2938 2473 3103 2543 ἀρχαὶ
3132 2475 3225 2526 καὶ
3248 2474 3484 2539 ἐξουσίαι
3514 2477 3619 2529 ὑπὸ
3647 2479 3738 2531 τὸν
3767 2481 4003 2550 οὐρανόν
4022 2497 4045 2517 ν

2356 2554 2443 2608 διὰ
2474 2556 2632 2609 τοῦτο
2668 2559 2760 2611 καὶ
2792 2562 3238 2632 κοσμοκράτορας
3268 2563 3462 2627 αὐτοὺς
3496 2565 3670 2627 καλεῖ,
3710 2566 3933 2631 δεικνὺς
3957 2570 4041 2622 ὅτι

2357 2644 2762 2710 ἀϐατοςηαύτοῖς
2787 2647 2934 2700 ἐστιν
2958 2650 2985 2702 6
3013 2650 3258 2720 οὐρανός,
3287 2651 3381 2704 καὶ
3412 2652 3510 2723 τὴν
3535 2654 3825 2724 τυραννίδα
3851 2657 4042 2712 πᾶσαν

2358 2735 2415 2786 ἐν
2436 2732 2517 2804 τῷ
2552 2734 2779 2806 παρόντι
2800 2735 2989 2807 κόσμῳ
3022 2736 3421 2793 ἐπιδείκνυνται
3454 2741 3637 2811 μόνον.

2426 2888 2492 2950 γ’.
2525 2880 2679 2944 Εἶδες
2710 2883 2826 2946 πῶς
2856 2883 2951 2937 καὶ
2982 2884 3098 2955 μεθ’
3135 2885 3291 2956 ήμῶν
3348 2887 3443 2940 καλ¹
3487 2888 3553 2941 δι’
3583 2889 3743 2960 ἡμῶν
3786 2891 4044 2960 ἔγνωσαν

2356 2968 2560 3035 ταῦτα;
2601 2970 2737 3023 Ἀλλ’
2766 2972 2857 3024 ἐπὶ
2888 2972 2987 3040 τὴν
3024 2971 3118 3024 τοῦ
3151 2972 3346 3043 χρέους
3380 2973 3565 3028 λοιπὸν
3600 2976 3911 3049 καταϐολὴν
3949 2980 4045 3034 τὸν

2356 3055 2513 3125 λόγον
2557 3058 2871 3127 ἀγάγωμεν,
2913 3057 3218 3122 δεικνύντες
3255 3060 3335 3113 ὅτι
3381 3062 3481 3117 οὐκ
3521 3064 3701 3117 ῐσασιν
3733 3065 3899 3119 αὐτοῦ
3940 3067 4045 3140 τὴν

2356 3144 2545 3197 οὐσίαν
2570 3143 2693 3226 οὐτε
2723 3146 2907 3216 ἀρχαὶ,
2944 3144 3066 3199 οὔτε
3100 3147 3355 3214 ἐξουσίαι.
3387 3149 3482 3213 Τίς
3514 3148 3606 3206 οῦν
3637 3154 3808 3207 ταῦτά
3830 3170 4042 3226 φησινς

2358 3231 2553 3284 Οὐκέτι
2590 3214 2827 3295 Πᾶῦλος,
2863 3234 3047 3287 οὐκέτι
3084 3235 3333 3299 Ἡσαΐας,
3379 3238 3558 3293 οὐκέτι
3604 3214 4043 3312 Ἱεζεκιὴλίάλλζ

2358 3316 2544 3387 ἕτερον
2576 3318 2768 3383 σκεῦος
2801 3320 2974 3389 ἀγιον,
3016 3322 3241 3408 αὐτὸς
3270 3323 3369 3391 τῆς
3406 3324 3633 3398 βροντῆς
3663 3328 3797 3408 υίὸς,
3834 3330 3862 3381 ό
3898 3331 4047 3399 ἀγα-

2360 3406 2531 3475 πητὸς
2560 3406 2653 3459 τοῦ
2697 3407 2933 3479 Χριστοῦ
2978 3406 3251 3483 Ἰωάννης,
3286 3417 3315 3468 ό
3344 3416 3435 3468 ἐπὶ
3476 3415 3537 3468 :6
3572 3406 3765 3486 στῆθος
3804 3419 4047 3471 ἀνακλι-

2361 3494 2474 3557 θεὶς
2500 3495 2561 3548 τὸ
2593 3498 2936 3559 Δεσποτικὸν,
2966 3501 3059 3554 καὶ
3096 3500 3195 3565 τὰς
3239 3501 3388 3567 θείας
3431 3504 3615 3575 πηγὰς
3659 3504 3872 3557 ἐκεῖθεν
3899 3507 4046 3578 ἀρυ-

2362 3582 2611 3653 σάμενος.
2684 3586 2749 3638 Τί
2800 3582 2890 3640 οὖν
2945 3582 3099 3651 οῦτός
3154 3606 3315 3659 φησι;
3367 3591 3519 3645 Θεὸν
3566 3592 3765 3659 οὐδεὶς
3813 3594 4046 3663 ἑώρακε

2358 3669 2614 3725 πώποτε.
2651 3674 2858 3736 Ὄντως
2888 3672 3117 3746 βροντῆς
3145 3677 3289 3739 υἱός*
3327 3676 3625 3747 σάλπιγγος
3651 3679 3759 3751 γὰρ
3786 3680 4047 3753 λαμπρο-

2360 3758 2526 3828 τέραν
2578 3759 2757 3831 ἀφῆκε
2794 3762 2976 3832 φωνὴν
3030 3763 3221 3832 ἱκανὴν
3270 3766 3624 3835 καταισχῦναι
3657 3768 3871 3832 πάντας
3914 3771 4047 3834 τοὺς

2362 3845 2818 3913 φιλονεικοῦντας.
2886 3849 3025 3901 Ἀλλ’
3083 3850 3282 3921 ἴδωμεν
3341 3852 3435 3905 καὶ
3485 3853 3546 3906 τὸ
3597 3855 3939 3926 ἀντικροῦον.
3978 3857 4048 3911 Τί

2361 3934 2562 4004 λέγεις,
2604 3937 2724 3989 εἰπέ
2772 3954 2883 4007 μοι,
2931 3938 3188 4009 Ἰωάννης
3227 3940 3375 3994 Θεὸν
3415 3942 3617 4009 οὐδεὶς
3652 3942 3876 4011 ἑώρακε
3920 3944 4045 3999 πώ-

2363 4035 2547 4087 ποτε;
2606 4022 2658 4076 τί
2709 4019 2802 4078 οὖν
2860 4024 3162 4096 ποιήσομεν
3206 4029 3317 4091 τοῖς
3376 4028 3685 4099 προφήταις
3746 4030 4044 4099 λέγουσιν.

2363 4111 2443 4164 ὅτι
2476 4104 2616 4165 εἶδον
2641 4110 2731 4165 τὸν
2771 4111 2943 4177 Θεόν;
2991 4112 3049 4166 '0
3083 4113 3179 4183 μὲν
3217 4114 3321 4185 γὰρ
3364 4117 3589 4181 Ἡσαΐας
3619 4118 3803 4188 φησὶν,
3859 4116 4049 4174 Εἶδον

2364 4199 2472 4253 τὸν
2519 4202 2739 4267 Κύριον
2803 4201 3149 4270 καθήμενον
3198 4202 3299 4255 ἐπὶ
3352 4205 3570 4272 θρόνου
3619 4208 3872 4275 ὑψηλοῦ
3939 4210 4047 4263 καί

2363 4287 2701 4356 ἐπηρμένου
2726 4305 2739 4319 ·
2796 4288 2825 4339 ό
2857 4287 2911 4340 δὲ
2956 4288 3153 4359 Δανιὴλ
3196 4290 3378 4355 πάλιν,
3413 4288 3598 4346 Εἶδον
3636 4293 3748 4360 ἕως
3784 4292 3859 4352 οὗ
3902 4300 4044 4366 θρό.

2362 4392 2457 4428 νοι
2509 4375 2825 4441 ἐτέθησαν,
2888 4376 2987 4429 καὶ
3047 4378 3079 4428 ό
3124 4378 3387 4444 Παλαιὸς
3446 4378 3566 4432 τῶν
3615 4381 3854 4451 ἡμερῶν
3902 4386 4047 4441 ἐκά-

2364 4465 2542 4528 θητο·
2581 4464 2690 4516 Καὶ
2727 4465 2755 4517 6
2794 4462 3061 4532 Μιχαίας,
3112 4459 3298 4519 Εἶδον
3332 4468 3441 4519 τὸν
3478 4468 3699 4536 Κύριον
3742 4470 3853 4523 τὸν
3891 4475 4049 4528 Θεὸν

2363 4551 2471 4609 τοῦ
2497 4550 2747 4619 Ἰσραὴλ
2793 4551 3135 4619 καθήμενον
3162 4553 3261 4607 ἐπὶ
3302 4553 3408 4607 τοῦ
3442 4557 3660 4621 θρόνου
3687 4560 3879 4613 αὑτοῦ
3906 4577 3919 4591 ⁸
3946 4564 4047 4616 καὶ

2364 4639 2551 4711 ἔτερος
2580 4640 2864 4711 προφήτης
2893 4638 3076 4703 πάλιν,
3108 4636 3291 4694 Εἶδον
3312 4641 3417 4694 τὸν
3446 4644 3667 4711 Κύριον
3688 4644 3921 4701 ἑστῶτα
3941 4650 4047 4704 ἐπί

2366 4727 2472 4781 τοῦ
2530 4727 2983 4794 θυσιαστηρίου.
3032 4728 3130 4781 καί
3168 4724 3300 4782 εῖπέ
3346 4746 3476 4797 μοι’
3518 4729 3794 4796 πάταξον
3826 4733 3929 4787 ἐπὶ
3977 4737 4045 4791 τὸ

2365 4813 2738 4882 ἱλαστήριον.
2785 4815 2893 4867 Καὶ
2927 4814 3128 4879 πολλὰς
3168 4815 3420 4879 τοιαύτας
3460 4816 3577 4871 ἔστι
3609 4818 3865 4888 συνάγειν
3896 4840 4047 4895 μαρ-

2365 4902 2575 4972 τυρίας.
2613 4902 2737 4965 Πῶς
2766 4900 2858 4957 οὖν
2886 4904 2913 4954 6
2955 4902 3208 4973 Ἰωάννης
3242 4904 3437 4973 φησὶν,
3468 4905 3549 4958 ὅτι
3603 4906 3714 4960 Τὸν
3751 4908 3905 4965 Θεὸν
3943 4914 4049 4964 οὐ-

2365 4990 2489 5055 δεὶς
2515 4989 2735 5057 ἑώρακε
2768 4990 3005 5044 πώποτε
3037 5006 3055 5053 ;
3087 4992 3203 5044 Ἵνα
3233 4991 3410 5064 μάθῃς
3448 4994 3538 5047 ὅτι
3568 4993 3669 5065 τὴν
3704 4996 3913 5067 ἀκριϐῆ
3945 5001 4049 5053 αὐ-

2363 5077 2456 5130 τοῦ
2491 5078 2794 5148 κατάληψιν
2824 5079 2914 5131 καὶ
2940 5079 3039 5149 τὴν
3064 5080 3479 5150 τετρανωμένην
3501 5081 3705 5149 γνῶσιν
3727 5082 3897 5152 λέγει.
3916 5087 4047 5141 ὐτι

2364 5165 2471 5234 γὰρ
2503 5164 2677 5218 πάντα
2730 5167 2910 5218 ἐκεῖνα
2948 5166 3356 5234 συγκατάϐασις
3380 5162 3469 5237 ἦν,
3503 5169 3597 5221 καὶ
3626 5170 3909 5242 ἀκραιφνῆ
3943 5174 4050 5245 τὴν

2364 5251 2550 5304 οὐσίαν
2578 5252 2749 5315 οὐδεὶς
2782 5250 3196 5319 εἷδενίὲκείνων,
3228 5252 3387 5321 δῆλον
3417 5255 3483 5307 ἐκ
3509 5254 3602 5307 τοῦ
3628 5254 3902 5328 διαφόρως
3918 5258 4049 5313 ’ἐκα-

2366 5356 2489 5392 στον
2550 5338 2702 5410 όρᾷν.
2762 5340 2820 5393 'U
2860 5338 2967 5409 γὰρ
3013 5339 3143 5404 Θεὸς
3198 5340 3401 5405 ἀπλοῦς
3458 5341 3553 5395 καλ⁵
3615 5342 3909 5409 ἀσύνθετος
3950 5348 4049 5402 καὶ

2364 5428 2799 5499 ἀσχημάτιστος·
2828 5425 2970 5482 οὗτοι
3016 5427 3072 5481 δὲ
3102 5428 3339 5493 ἅπαντες
3380 5431 3636 5501 σχήματα
3664 5431 3894 5487 ἔϐλεπον
3922 5434 4050 5490 διά-

2365 5532 2525 5586 φορα.
2556 5515 2890 5584 Τοῦτογοῦν
2926 5514 3059 5569 αὐτὸ
3094 5515 3160 5569 δι’
3200 5515 3387 5587 ἐτέρου
3436 5518 3716 5589 προφήτου
3757 5519 4049 5590 ἐμφαίνων

2365 5603 2563 5667 πάλιν,
2603 5604 2698 5656 καὶ
2733 5602 2934 5656 πείθων
2979 5603 3177 5665 αὐτοὺς
3216 5602 3292 5667 ὼς
3329 5604 3428 5657 οὐκ
3462 5604 3665 5675 ἀκριϐῆ
3709 5606 3813 5677 τὴν
3848 5607 4048 5664 οὐσίαν

2363 5688 2522 5755 εἶδον,
2558 5692 2741 5761 ἔλεγεν
2767 5690 2951 5765 ᾔἘγὼ
2994 5692 3237 5761 ὁράσεις
3274 5691 3610 5758 ἐπλήθυνα,
3636 5694 3732 5747 καί
3770 5692 3843 5747 ἐν
3864 5697 4046 5765 χερσί

2362 5779 2686 5849 προφητῶν
2718 5763 3041 5853 ὠιὶοιὼθην.
3072 5779 3187 5832 Οὐκ
3208 5778 3376 5851 αὐτὴν
3400 5778 3498 5850 τὴν
3522 5778 3708 5833 οὐσίαν
3732 5779 3913 5847 ἔδειξα
3936 5763 4047 5855 τὴν

2362 5868 2523 5943 ἐμὴν,
2554 5868 2689 5924 άλλά
2733 5866 3095 5940 συγκατέϐην,
3136 5867 3305 5940 φησὶ,
3343 5867 3480 5939 πρὸς
3506 5866 3606 5938 τὴν
3635 5866 3742 5922 τῶν
3786 5868 4045 5942 ὁρώντων
