4174 6336
304 404 418 460 79.9

253 556 258 559 -
305 535 476 593 porro
500 517 633 573 dixit
651 514 868 585 Paulus,
893 531 998 572 non
1016 523 1072 570 ut
1093 514 1258 570 Deum
1278 513 1398 568 loco
1414 509 1897 574 circumscriberet,

306 609 409 663 sed
436 617 492 662 ut
515 609 682 678 magis
712 603 985 677 magisque
1003 605 1229 675 liqueret
1248 604 1417 659 Deum
1439 617 1536 658 nec
1565 601 1785 672 cogitari
1808 616 1908 656 nec

305 699 451 754 adiri
493 713 672 769 posse.
709 698 854 752 Alias
897 699 1022 752 item
1063 696 1285 750 virtutes
1325 693 1659 759 indusimus,
1714 707 1907 772 nempe

310 788 624 854 Cherubim,
655 788 1146 856 doelaravimusqne
1177 784 1447 856 quomodo
1487 799 1645 854 supra
1687 784 1803 839 illas
1838 785 1931 838 sit.

310 879 728 945 ﬁrmamentum,
771 879 905 947 lapis
959 877 1216 946 crystalli,
1271 875 1564 930 similitudo
1610 874 1809 941 throni,
1853 884 1910 932 et

307 973 524 1042 Species
549 971 800 1035 hominis,
829 970 1107 1032 electrum,
1137 967 1291 1038 ignis,
1323 982 1501 1032 arcus,
1529 975 1585 1020 et
1617 965 1757 1036 quod
1791 972 1910 1033 post

311 1063 436 1117 hme
455 1062 629 1116 omnia
658 1060 915 1132 propheta
943 1046 1260 1126 dicat,"Htec
1287 1059 1410 1112 visio
1440 1058 1788 1111 similitudinis
1804 1055 1910 1110 Do-

310 1151 448 1205 mini
472 1151 680 1224 (Ezeclt.
707 1151 762 1206 2.
796 1150 849 1224 1)
883 1169 897 1204 :
925 1160 1086 1222 atque
1111 1166 1176 1204 ex
1207 1136 1290 1205 his
1320 1149 1568 1205 omnibus
1598 1149 1688 1203 Dei
1719 1158 1912 1204 attem-

310 1243 648 1312 perationem
701 1242 852 1297 vobis
893 1241 1409 1305 demonstravimus,
1453 1256 1678 1310 eamque
1733 1241 1909 1297 tamen

309 1334 603 1402 ejusmodi,
633 1349 751 1404 quas
779 1347 880 1389 nec
906 1347 937 1388 a
972 1332 1221 1409 §upernis
1248 1332 1528 1387 virtutibus
1569 1332 1692 1387 ferri
1722 1334 1908 1403 possit.

393 1428 445 1481 2.
481 1428 604 1483 lla-c
643 1443 748 1481 non
789 1428 905 1482 sine
939 1442 1099 1482 causa
1135 1435 1350 1497 repeto;
1381 1426 1475 1482 sed
1509 1428 1634 1498 quia
1665 1443 1751 1482 me
1791 1443 1913 1497 pro-

309 1522 471 1576 missi
518 1521 812 1576 debitorem
867 1521 1012 1586 novi,
1062 1520 1202 1576 scire
1248 1519 1400 1586 volo,
1449 1519 1577 1589 quid
1634 1519 1908 1586 solverim,

309 1612 551 1680 quidque
585 1611 898 1665 solvendum
937 1611 1192 1680 supersit.
1225 1611 1315 1666 Sic
1344 1619 1398 1665 et
1422 1612 1546 1665 teris
1576 1611 1734 1665 alieni
1761 1611 1913 1666 debi-

312 1716 467 1761 tores
497 1705 714 1772 laciunt,
745 1703 968 1760 tabellas
997 1705 1049 1758 ill
1080 1705 1316 1760 medium
1347 1704 1653 1773 proferunt.
1683 1704 1772 1759 ubi
1814 1705 1914 1759 de-

311 1796 370 1851 lii
380 1797 415 1850 ti
435 1797 568 1850 ratio
587 1796 872 1866 descripta,
894 1796 1086 1867 quibus
1102 1795 1410 1869 {tenet-amri
1429 1796 1680 1852 exhibitis
1701 1797 1915 1853 residua

306 1896 627 1956 numerant.
684 1886 796 1956 Ego
850 1887 1117 1954 similiter,
1171 1896 1358 1958 aperto
1411 1888 1686 1942 memoria:
1722 1896 1916 1943 vestrae

312 1980 480 2046 libro,
507 1990 665 2049 atque
695 1980 758 2033 iis
795 1995 915 2049 qua:
934 1979 1046 2050 jam
1085 1981 1257 2035 soluta
1284 1987 1408 2036 sunt
1444 1981 1594 2051 quasi
1625 1981 1791 2050 digito
1818 1981 1916 2043 de-

313 2070 655 2136 monstratis,
686 2071 751 2125 ad
792 2071 995 2141 reliqua
1032 2070 1250 2125 demum
1293 2086 1542 2142 propero.
1578 2072 1715 2140 Quid
1758 2073 1917 2142 igitur

313 2161 592 2215 residuum
620 2163 772 2215 erat?
805 2161 871 2218 Ut
896 2162 1327 2228 ostenderemus,
1359 2180 1532 2234 neque
1561 2166 1912 2236 principatus,

315 2268 497 2322 neque
535 2261 843 2323 potestates,
877 2269 1053 2326 neque
1089 2255 1503 2321 dominationes,
1548 2272 1719 2327 neque
1758 2257 1914 2310 aliam

315 2343 484 2407 ullam
530 2353 765 2398 creatam
809 2346 1060 2400 virtutem
1114 2362 1255 2412 esse,
1304 2363 1422 2417 quae
1469 2349 1636 2403 Deum
1682 2347 1918 2418 perfecte

315 2433 763 2502 comprehendat.
789 2433 928 2490 Sunt
954 2439 1098 2493 enim
1121 2439 1236 2494 sine
1257 2438 1421 2516 dubio
1447 2448 1500 2494 et
1525 2440 1644 2495 alite
1672 2441 1916 2508 virtutes,

315 2520 548 2594 quarum
576 2540 643 2579 ne
665 2526 880 2581 nomina
907 2517 1122 2598 quidem
1145 2517 1410 2585 novimus.
1433 2530 1752 2601 Perpcndite
1774 2533 1914 2586 insa-

317 2631 448 2668 nam
480 2613 850 2672 hzereticorum
877 2621 1236 2691 arrogantiam
1261 2640 1280 2690 γε
1305 2639 1372 2677 ne
1397 2638 1675 2678 servorum
1703 2623 1918 2695 quidem

316 2708 539 2760 nomina
581 2708 855 2775 novimus,
886 2718 941 2765 et
971 2710 1138 2782 ipsam
1174 2703 1382 2768 Domini
1415 2716 1774 2771 substantiam
1800 2733 1918 2786 per-

317 2806 647 2852 scrutantur.
677 2798 811 2855 Sunt
840 2802 984 2857 enim
1011 2805 1207 2875 angeli,
1237 2807 1564 2877 archangeli,
1592 2809 1788 2874 throni,
1819 2809 1919 2864 doa

319 2894 664 2957 minationes,
696 2891 1024 2964 principatus
1062 2904 1116 2949 et
1143 2906 1454 2964 potestates.
1483 2900 1553 2952 At
1590 2915 1695 2955 non
1736 2899 1787 2954 hi
1819 2901 1918 2955 soli

319 2987 380 3041 in
412 2987 540 3041 eselo
569 2996 694 3041 sunt
723 2988 924 3058 populi,
950 2989 1044 3044 sed
1074 2987 1296 3044 inﬁnita:
1323 2999 1531 3060 gentes,
1565 2993 1735 3048 tribus
1765 2994 1922 3048 innu-

317 3094 510 3145 merae,
535 3093 666 3148 quas
693 3080 868 3134 nullus
895 3094 1078 3135 sermo
1103 3079 1379 3136 declarare
1407 3091 1608 3151 petest:
1637 3082 1918 3152 Undenam

315 3177 536 3222 constat
575 3168 753 3236 plures
795 3184 916 3225 esse
955 3171 1204 3236 virtutes,
1242 3187 1466 3241 quarunt
1513 3175 1728 3229 nomina
1770 3178 1920 3248 igno-

320 3258 546 3313 ramus?
576 3259 769 3315 Paulus
797 3263 887 3330 qui
920 3261 1008 3316 illa
1046 3263 1258 3318 dixerat
1297 3263 1399 3318 hoc
1434 3265 1594 3320 etiam
1635 3267 1812 3334 docet,
1848 3269 1918 3324 ita

316 3349 398 3404 de
423 3349 634 3405 Christo
654 3351 877 3422 loquens
900 3369 915 3405 :
940 3353 1209 3408 Constituit
1235 3371 1350 3408 eum
1375 3372 1528 3426 super
1551 3374 1747 3412 omnem
1778 3361 1921 3429 prin-

315 3441 569 3510 cipatum,
618 3451 664 3495 et
707 3429 1036 3512 potestatein,
1082 3455 1128 3498 et
1163 3446 1416 3512 virtutem,
1459 3456 1512 3501 et
1549 3465 1696 3503 omne
1739 3467 1918 3507 nomen

316 3533 460 3599 quod
486 3531 774 3584 nominatur
801 3549 904 3587 non
940 3535 1102 3588 solum
1130 3535 1184 3588 in
1222 3536 1315 3589 hoc
1341 3538 1546 3616 steculo,
1577 3539 1664 3592 sed
1691 3541 1840 3594 etiam
1865 3543 1920 3595 in

318 3625 500 3690 futuro
539 3620 764 3692 (Ephes.
810 3624 862 3677 1.
904 3622 1022 3693 21).
1068 3624 1269 3680 Videtis
1307 3627 1482 3695 aliqua
1522 3628 1630 3683 illic
1667 3645 1787 3685 esse
1824 3633 1920 3685 ali-

317 3711 538 3782 quando
581 3716 971 3784 cognoscenlla,
1017 3732 1137 3786 qute
1185 3735 1327 3773 nunc
1379 3719 1555 3789 ignota
1593 3725 1755 3777 sunt?
1794 3725 1919 3780 Ideo

315 3805 480 3871 dixit,
508 3821 625 3875 qua:
656 3822 760 3861 non
792 3809 953 3862 modo
983 3809 1036 3863 ill
1067 3810 1167 3866 hoc
1195 3812 1394 3868 s:eculo
1427 3814 1791 3884 nominantur,
1823 3820 1916 3873 sed

316 3896 488 3952 etiam
526 3897 579 3951 in
611 3887 815 3954 ’luturo.
853 3901 1056 3969 Ecquid
1098 3904 1291 3956 mirum
1332 3905 1376 3958 si
1417 3905 1768 3962 substantiam
1809 3926 1915 3965 non

319 3985 559 4056 perfecte
604 3989 1104 4058 comprehendunt?
1160 3991 1292 4046 lllud
1346 3996 1488 4049 enim
1547 3996 1919 4057 demonstrare

317 4089 436 4132 non
454 4078 676 4133 arduum
703 4089 805 4134 est.
835 4080 968 4135 Nam
999 4082 1458 4151 dispensationum
1486 4088 1602 4156 ejus
1633 4090 1826 4146 multas
1851 4108 1918 4147 ne

295 4167 538 4238 quidem
565 4183 810 4238 superna:
836 4173 1057 4226 virtutes
1080 4182 1306 4242 norunt,
1328 4191 1428 4231 nec
1451 4179 1796 4249 principatus,
1821 4198 1908 4252 po-

317 4269 547 4315 testates
574 4270 626 4316 et
645 4262 1057 4325 dominationes.
1093 4265 1254 4336 quue
1285 4279 1494 4322 rursum
1523 4285 1590 4324 ex
1611 4274 1916 4340 apostolicis

318 4352 504 4406 verbis
553 4353 765 4422 planum
808 4354 1084 4420 faciemus,
1137 4375 1331 4429 nempe
1375 4363 1568 4418 multas
1612 4379 1676 4419 ex
1723 4365 1917 4422 divinis

315 4441 811 4511 dispensationibus
833 4447 1106 4502 nobiseum
1129 4449 1431 4517 edidicisse,
1456 4469 1590 4522 quas
1612 4465 1735 4511 ante
1756 4472 1915 4527 qnam

317 4548 426 4587 nos
468 4533 794 4600 disceremus
843 4538 1179 4608 ignorabant.
1221 4541 1337 4596 Non
1377 4545 1547 4598 solum
1587 4556 1764 4602 autem
1816 4565 1916 4604 no-

318 4623 530 4677 biscum
568 4625 888 4694 didicerunt,
930 4629 1024 4683 sed
1068 4631 1230 4684 etiam
1279 4647 1306 4685 a
1352 4635 1505 4689 nobis
1547 4636 1677 4706 ipsis
1719 4639 1913 4708 :Aliis,

316 4715 518 4784 inquit,
543 4720 942 4786 generationibus
961 4739 1064 4776 non
1091 4733 1161 4776 est
1181 4724 1431 4795 agnitum,
1455 4729 1586 4782 sicut
1614 4748 1748 4786 nunc
1774 4751 1916 4788 reve-

307 4807 485 4865 latum
514 4817 584 4862 est
615 4809 802 4864 sanctis
834 4815 1075 4881 apostolis
1106 4817 1214 4886 ejus
1239 4827 1284 4870 et
1327 4820 1582 4890 prophetis
1617 4824 1669 4877 in
1699 4829 1912 4896 spiritu,

316 4912 433 4964 esse
459 4907 626 4966 gentes
653 4903 918 4956 coheredes
947 4913 994 4956 et
1018 4910 1421 4975 conrorporales,
1453 4921 1499 4964 et
1527 4917 1916 4986 comparticipes

318 4988 671 5051 promissionis
708 4993 819 5061 ejus
853 4993 1063 5065 (Ep/les.
1100 4997 1169 5051 5.‘
1193 4998 1268 5065 5).
1305 4999 1696 5068 Promissiones
1735 5017 1914 5063 autem

315 5078 523 5141 Judaais
564 5081 702 5137 datae
741 5076 994 5173 fuerant}
1027 5087 1131 5141 Per
1162 5089 1514 5163 Evangelium,
1557 5101 1706 5169 cujus
1747 5108 1916 5173 factus

315 5186 437 5222 sum
463 5185 554 5240 ego
585 5171 782 5228 Paulus
812 5171 1056 5232 minister.
1090 5179 1367 5238 Undenaln
1400 5190 1702 5245 ostenditur
1729 5171 1917 5263 super-

315 5276 419 5315 nas
446 5257 668 5319 virtutes
701 5266 750 5320 id
793 5277 917 5324 tunc
958 5271 1280 5328 edidicisse?
1312 5276 1441 5331 Nam
1471 5295 1590 5349 quae
1620 5283 1760 5338 dicta
1791 5257 1916 5341 sunt

310 5350 387 5405 ad
417 5350 661 5408 homines
686 5366 950 5425 spectant.
987 5363 1122 5417 Audi
1155 5379 1168 5416 :
1194 5364 1326 5419 Mihi
1355 5371 1580 5425 omnium
1611 5374 1868 5430 hominum
1898 5380 1912 5411 ³

310 5443 528 5496 minimo
565 5446 685 5501 data
704 5459 778 5503 est
804 5453 971 5521 gratia
999 5455 1127 5523 haec,
1168 5461 1512 5530 euangelizare
1536 5439 1766 5522 omnibus
1789 5489 1915 5540 gen-

308 5538 452 5592 tibus
491 5539 859 5613 investigabiles
884 5547 1084 5602 divitias
1121 5550 1308 5606 Christi
1344 5553 1561 5625 (Ep/tes.
1593 5560 1644 5614 5.
1677 5562 1754 5630 8).
1778 5538 1913 5630 Quid

308 5636 404 5681 est
429 5627 831 5702 investigahile?
857 5635 1010 5703 Quod
1024 5642 1266 5711 perquiri
1293 5647 1495 5715 nequit,
1521 5665 1620 5706 nec
1643 5627 1916 5712 modo-re-

383 5827 810 5910 Lsav-illieumulti
833 5841 962 5901 Mss,
981 5838 1191 5896 omium
1211 5854 1503 5900 sanctorum.
1538 5854 1701 5904 Merci.
1732 5864 1781 5908 et
1813 5858 1892 5910 alit

306 5889 529 5939 altilium
551 5889 810 5946 (iambum.
948 5889 961 5901 '
990 5889 997 5890 ί
1028 5889 1051 5890 ⁷⁷
1212 5889 1385 5898 *ηπ-ν-
1405 5889 1503 5900 -----
1538 5889 1701 5904 μιν-ιι·
1732 5889 1781 5908 υ.
1813 5889 1910 5923 ειη,

1271 397 1359 454 DE
1401 393 2080 453 lNCOMl’REﬂENSIBlLl
2119 391 2233 450 DEI
2267 393 2571 452 NATURA.
2605 394 2694 450 IV.

3505 401 3611 455 730

2016 507 2177 579 periri
2227 522 2334 563 non
2389 516 2584 579 potest,
2631 508 2728 565 sed
2779 522 2956 581 neque
2999 509 3330 581 investigari.
3376 510 3608 568 Audiam

2013 614 2173 671 quam
2200 600 2387 656 crebra
2414 600 2697 656 adversum
2726 615 2785 656 se
2807 601 2983 671 iacula
3005 616 3035 656 a
3062 601 3228 658 Paulo
3255 601 3568 660 emittantur
3586 605 3611 653 τ

2011 689 2144 744 Nam
2177 691 2221 745 si
2260 690 2464 746 divitia:
2495 692 2896 762 investigahiles
2922 702 3070 759 sunt,
3098 693 3371 764 quomodo
3414 696 3486 759 is,
3519 696 3610 765 qui

2014 781 2237 852 largitur
2257 780 2490 847 d.vitias,
2520 797 2628 837 non
2660 784 3049 855 investigabilis
3084 786 3186 840 sit?
3223 783 3291 838 Et
3321 785 3615 840 illuminare

2013 889 2203 937 omnes,
2226 888 2291 940 qu
2310 889 2340 927 e
2356 876 2422 928 sit
2441 874 2754 944 dispensatio
2771 877 3078 930 sacramenti
3096 875 3378 932 absconditi
3402 893 3434 930 a
3450 894 3615 932 stccu-

2015 953 2093 1016 lis“
2106 965 2160 1017 in
2187 961 2317 1030 Deo,
2342 973 2396 1018 ut
2417 965 2765 1035 manifestatur
2783 984 2919 1021 nunc
2941 968 3310 1040 principatibus
3329 981 3377 1023 et
3399 981 3614 1038 potestu-

2014 1054 2146 1117 tibtts
2185 1071 2275 1126 per
2300 1054 2587 1117 Ecclesium
2615 1057 2948 1129 multiformis
2975 1060 3227 1131 sapientia
3265 1058 3364 1115 Dei
3391 1058 3612 1133 (Ephes.

2013 1144 2068 1201 5.
2092 1145 2146 1201 9.
2177 1147 2292 1215 10).
2326 1148 2494 1203 Audis
2532 1150 2676 1219 quod
2715 1165 2879 1217 nunc,
2921 1167 3028 1205 non
3068 1159 3215 1220 ante,
3248 1153 3352 1208 illae
3390 1154 3615 1210 virtutes

2015 1236 2132 1293 haec
2167 1242 2558 1309 cognoverint?
2595 1241 2726 1296 Nam
2767 1259 2888 1311 quae
2925 1259 3022 1299 rex
3057 1246 3348 1310 consultat,
3397 1246 3614 1301 satelles

2016 1333 2190 1387 nescit
2223 1351 2236 1387 :
2267 1332 2335 1388 Ut
2359 1337 2716 1405 manifestetur
2743 1353 2877 1390 nunc
2914 1337 3284 1407 principatibus
3313 1345 3360 1393 et
3390 1349 3615 1411 potesta-

2016 1419 2147 1477 tibus
2189 1439 2280 1492 per
2323 1423 2605 1493 Ecclesium
2649 1426 2980 1495 multiformis
3022 1428 3274 1498 sapientia
3319 1427 3430 1484 Dei.
3481 1416 3618 1486 Vide

2017 1523 2272 1584 quantum
2294 1515 2514 1570 honoris
2530 1517 2781 1591 humanm
2803 1527 3009 1574 naturae
3023 1519 3276 1575 collatum
3294 1521 3384 1588 sit,
3402 1523 3618 1592 quando

2018 1605 2292 1660 nobiScum
2332 1615 2387 1660 et
2423 1622 2521 1676 per
2548 1622 2648 1662 nos
2685 1621 2934 1682 supernae
2970 1610 3192 1665 virtutes
3232 1611 3371 1682 regis
3401 1621 3615 1668 secreta

2017 1700 2403 1763 cognoverunt.
2436 1695 2544 1751 Sed
2576 1696 2843 1753 undenam
2875 1707 3055 1768 pateat
3081 1699 3148 1755 de
3176 1701 3482 1756 cmlestibus
3509 1702 3616 1758 illis

2019 1783 2165 1838 dici?
2194 1784 2403 1840 Etenim
2434 1786 2711 1842 daemonas
2735 1789 2895 1842 etiam
2927 1789 3196 1846 interdum
3228 1802 3383 1848 vocat
3415 1794 3619 1864 princi-

2020 1882 2175 1944 patus
2202 1885 2256 1930 et
2285 1885 2597 1946 potestates,
2632 1886 2691 1933 ut
2719 1894 2846 1934 cum
2869 1880 3000 1936 dicit
3028 1900 3040 1936 :
3074 1882 3196 1938 Non
3231 1895 3303 1940 est
3327 1885 3472 1941 nobis
3507 1887 3620 1943 col-

2021 1966 2228 2020 luctatio
2276 1967 2517 2023 adversus
2558 1971 2856 2041 sanguinem
2893 1981 2941 2027 et
2978 1989 3204 2038 carnem,
3243 1974 3353 2030 sed
3377 1977 3620 2034 adversus
3667 1974 3669 1976 ’

2021 2060 2336 2128 principatus
2367 2071 2411 2114 et
2439 2071 2730 2131 potestates,
2761 2065 3001 2119 adversus
3029 2068 3206 2121 mundi
3241 2080 3456 2124 rectores
3479 2080 3623 2124 tene-

2022 2156 2225 2206 brorum
2253 2154 2427 2207 steculi
2453 2155 2609 2226 hujus
2632 2155 2847 2226 (Ephes.
2883 2159 2935 2212 6.
2972 2159 3082 2230 12).
3114 2159 3380 2231 Numquid
3411 2178 3539 2233 ergo
3568 2164 3619 2218 id

2023 2257 2162 2297 nunc
2201 2244 2360 2312 etiam
2403 2245 2550 2310 dicit,
2585 2262 2781 2317 nempe
2809 2247 3082 2304 daemonas
3113 2259 3240 2305 tunc
3268 2246 3624 2323 cognovisse?

2020 2325 2403 2405 Nequaquam;
2446 2336 2539 2391 sed
2584 2337 2653 2392 de
2697 2340 2947 2408 supernis
2992 2341 3098 2397 illis
3135 2343 3244 2413 agit
3286 2345 3570 2402 virtutibus
3606 2365 3619 2401 :

2021 2442 2142 2481 cum
2183 2427 2326 2483 enim
2364 2429 2607 2496 dixisset,
2642 2431 2961 2502 principatus
3000 2442 3047 2488 et
3077 2445 3366 2507 potestates,
3395 2439 3617 2510 adjecit,

2021 2521 2075 2571 in
2117 2519 2420 2576 cwtestibus.
2455 2520 2536 2576 llli
2582 2531 2816 2593 namque
2859 2525 3190 2595 principatus
3238 2536 3292 2583 ct
3332 2538 3624 2599 potestates

2023 2611 2304 2676 cmlestes;
2352 2611 2408 2664 hi
2453 2628 2580 2667 vero
2618 2613 2719 2668 sub
2761 2616 2896 2670 ezelo
2932 2627 3058 2671 sunt
3091 2635 3103 2670 :
3135 2621 3486 2687 quamobrem
3534 2639 3623 2678 re-

2022 2709 2199 2756 ctores
2225 2702 2406 2757 mundi
2437 2704 2750 2773 vocatillos,
2779 2707 3071 2764 ostendens
3096 2711 3286 2766 caelum
3311 2713 3440 2782 ipsis
3473 2715 3624 2770 inae.

2021 2806 2230 2846 cessum
2261 2808 2381 2848 esse
2415 2811 2427 2846 ε
2464 2804 2734 2864 totamque
2768 2813 2864 2854 eos
2891 2813 3044 2854 suam
3081 2804 3415 2873 tyrannidem
3445 2807 3495 2861 in
3524 2807 3626 2864 hoc

2022 2886 2194 2939 solum
2224 2887 2423 2941 mundo
2451 2905 2724 2946 exercere.
2762 2887 2766 2891 ’

2094 2979 2148 3033 ‘5.
2186 2979 2429 3035 Vidistin‘
2459 2998 2564 3052 quo
2591 2990 2749 3052 paeto
2775 2985 3054 3042 nobiscum
3082 2997 3134 3044 et
3166 3004 3263 3059 per
3291 3007 3390 3046 nos
3417 2994 3504 3049 illa
3531 3010 3626 3050 co-

2022 3070 2342 3138 gnoverint?
2363 3070 2467 3128 Sed
2489 3073 2556 3127 ad
2576 3074 2813 3130 debitum
2839 3077 2965 3133 illud
2988 3080 3302 3159 solvendum
3324 3086 3624 3156 veniamus,

2023 3176 2086 3215 ac
2117 3161 2405 3231 probemus
2444 3180 2618 3236 neque
2645 3168 2978 3239 principatus
3016 3187 3191 3244 neque
3219 3186 3512 3244 potestates
3542 3180 3626 3251 ip-

2023 3251 2136 3306 sius
2186 3254 2539 3311 substantiam
2589 3273 2766 3320 nosse.
2814 3261 2946 3328 Quis
2987 3263 3094 3320 hoc
3141 3266 3312 3323 dicit?
3353 3269 3470 3326 Non
3511 3271 3624 3342 jam

2024 3341 2239 3411 Paulus,
2263 3357 2355 3401 aut
2383 3347 2625 3416 llesai'as,
2655 3360 2747 3405 aut
2777 3352 3047 3422 Ezechiel,
3077 3357 3172 3412 sed
3201 3359 3345 3415 aliud
3373 3376 3467 3417 vas
3494 3341 3624 3420 san-

2022 3442 2187 3499 ctum,
2239 3437 2354 3505 ipse
2396 3439 2615 3493 tonitrui
2660 3439 2823 3514 illius,
2865 3442 3093 3500 dilectus
3131 3445 3328 3502 Christi
3364 3449 3622 3523 Joannes,

2023 3525 2110 3593 qui
2141 3539 2296 3596 supra
2325 3538 2513 3597 pectus
2539 3529 2866 3586 dominicum
2891 3535 3154 3602 recubuit,
3181 3547 3235 3593 et
3260 3538 3470 3597 divinos
3499 3544 3624 3602 inde

2027 3618 2197 3672 fontes
2241 3617 2436 3673 hausit.
2472 3620 2608 3687 Quid
2640 3604 2800 3694 igitur
2824 3625 2938 3680 ait?
2961 3625 3130 3682 Deum
3171 3647 3316 3687 nemo
3354 3635 3478 3690 vidit
3505 3654 3622 3692 um—

2022 3725 2174 3778 quam
2220 3710 2400 3782 (Joan.
2447 3715 2497 3768 1.
2542 3716 2647 3786 18).
2681 3716 2822 3773 Vere
2869 3722 3087 3776 tonitrui
3130 3722 3289 3792 illius,
3336 3743 3458 3782 nam
3501 3733 3624 3786 tuba

2023 3799 2306 3856 clariorem
2359 3805 2540 3860 emisit
2595 3823 2804 3874 vocem,
2864 3827 2984 3881 qua:
3037 3816 3203 3883 possit
3257 3813 3626 3879 contentiosos

2023 3903 2214 3946 omnes
2253 3892 2606 3952 confundere.
2646 3900 2751 3954 Sed
2783 3900 3058 3958 videamus
3085 3905 3211 3975 quid
3248 3919 3433 3965 contra
3465 3913 3624 3982 objici

2025 3981 2212 4049 possit.
2237 3982 2374 4050 Quid
2395 4027 2409 4050 ,
2440 3995 2646 4057 quasso,
2675 3989 2810 4045 dicis
2833 3991 3096 4063 Joannes,
3125 3997 3288 4052 Deum
3322 4019 3467 4057 nemo
3501 3981 3625 4061 vidit

2022 4074 2305 4142 umquam?
2352 4075 2492 4143 Quid
2541 4078 2608 4162 de
2660 4081 2939 4153 prophetis
2985 4100 3224 4156 agamus,
3272 4095 3359 4162 qui
3417 4095 3622 4164 dicant,

2039 4167 2156 4225 Vidi
2176 4169 2382 4228 Deum?
2401 4172 2631 4230 Hesaias
2649 4178 2819 4242 enim,
2854 4178 2972 4232 Vidi
2995 4179 3298 4250 Dominum,
3327 4186 3523 4256 inquit,
3543 4208 3622 4244 se-

2022 4262 2230 4352 dentem
2253 4281 2408 4333 super
2432 4268 2628 4352 solium
2651 4271 2917 4343 excelsum
2937 4281 2986 4326 et
3005 4273 3264 4328 eleuatum
3297 4277 3436 4341 (Isa.
3465 4279 3608 4352 6.1);

2024 4344 2209 4400 Daniel
2240 4363 2390 4415 vero,
2432 4348 2549 4404 Vidi
2577 4352 2735 4407 donec
2760 4355 2930 4411 throni
2953 4360 3104 4427 positi
3128 4373 3281 4426 sunt,
3313 4376 3358 4418 et
3388 4344 3625 4437 anttquus

2023 4435 2219 4489 dierum
2252 4439 2378 4510 sedit
2406 4438 2568 4511 (Dan.
2594 4443 2648 4496 7.
2681 4443 2768 4513 9);
2803 4447 3053 4503 Michaa-as
3083 4451 3208 4505 item
3242 4472 3255 4508 :
3298 4453 3410 4508 Vidi
3451 4435 3624 4513 Domi-

2023 4545 2144 4583 num
2174 4529 2340 4586 Deum
2365 4531 2532 4589 Israel
2563 4537 2817 4591 sedentem
2843 4557 2996 4607 super
3016 4545 3198 4598 solium
3223 4563 3369 4606 suum
3394 4551 3467 4620 (5.
3491 4551 3620 4624 Reg.

2021 4621 2110 4675 22.
2143 4621 2265 4695 19);
2295 4624 2434 4680 alius
2463 4643 2675 4682 rursum
2709 4631 2968 4700 propheta
2995 4634 3165 4698 dicit:
3203 4636 3320 4692 Vidi
3348 4621 3638 4698 Dominum

2022 4725 2236 4769 stantem
2260 4734 2413 4786 super
2439 4720 2619 4786 altare,
2648 4735 2693 4774 et
2722 4722 2852 4776 dixit
2882 4725 3036 4792 mihi,
3065 4721 3455 4801 percute‘super
3501 4752 3624 4802 pro-

2024 4804 2339 4874 pitiatorium
2387 4809 2582 4880 (Amos
2637 4813 2691 4867 9.
2753 4813 2849 4885 1).
2925 4816 3086 4872 Multa
3146 4836 3276 4876 sane
3317 4825 3624 4893 llujusmodi

2026 4897 2549 4972 testimonia‘colligi
2591 4915 2832 4972 possunt.
2874 4908 2981 4964 Cur
3033 4925 3164 4982 ergo
3219 4914 3456 4973 Joannes
3512 4922 3622 4988 ait,

2023 4986 2188 5042 Deum
2235 5008 2378 5046 nemo
2405 4993 2526 5046 vidit
2560 4999 2843 5068 umquam?
2887 5000 2957 5057 Ut
2984 5002 3190 5059 ediscas
3220 5022 3342 5062 eum
3386 5010 3455 5066 de
3497 4986 3623 5082 per;

2026 5081 2158 5134 lecta
2225 5085 2710 5152 comprehensione
2767 5101 2821 5145 et
2878 5093 3022 5149 clara
3087 5100 3393 5168 cognitione
3456 5081 3623 5175 ldqui.

2024 5172 2173 5240 Quod
2201 5176 2342 5229 enim
2369 5178 2454 5230 illa
2482 5182 2658 5235 omnia
2684 5199 2780 5250 per
2799 5192 3298 5257 attemperationem
3332 5195 3469 5253 facta
3492 5172 3621 5266 sint,

2025 5281 2197 5334 neque
2223 5283 2410 5337 puram
2444 5271 2586 5326 illius
2614 5275 2965 5333 substantiam
2994 5283 3274 5354 quisquam
3302 5290 3514 5347 illorum
3547 5298 3625 5350 vi-

2027 5355 2187 5423 derit,
2238 5359 2363 5415 hinc
2413 5362 2586 5430 palam
2633 5374 2716 5420 est
2763 5369 2904 5438 quod
2944 5372 3091 5428 varie
3137 5377 3364 5448 quisque
3411 5382 3622 5441 viderit.

2025 5449 2236 5505 Etenim
2269 5453 2412 5509 Deus
2435 5455 2661 5527 simplex
2686 5471 2786 5526 est,
2812 5455 3216 5537 incompositus,
3243 5479 3297 5526 et
3324 5472 3506 5546 figura:
3527 5494 3624 5533 ex.

2025 5557 2178 5612 pers;
2212 5545 2282 5598 illi
2313 5563 2439 5601 vero
2467 5547 2664 5620 ﬁguras
2692 5553 2935 5610 viderunt
2959 5559 3156 5616 varias.
3190 5562 3302 5618 Hoc
3330 5565 3502 5634 ipsum
3527 5585 3622 5639 per

2026 5635 2186 5688 alium
2217 5637 2532 5707 prOphetsm
2561 5643 2816 5712 ostendit,
2849 5646 3085 5719 ipsisque
3111 5656 3400 5722 persuadet
3427 5674 3487 5714 se
3516 5635 3622 5718 non

2024 5727 2699 5802 perlectamvsnhstantiam
2724 5737 2942 5806 vidisse,
2972 5741 3056 5798 his
3085 5746 3261 5802 verbis
3291 5767 3306 5804 :
3337 5750 3447 5821 Ego
3467 5754 3624 5809 visio-

2024 5837 2110 5874 ncs
2138 5823 2484 5892 multiplicavi,
2516 5836 2560 5882 et
2587 5829 2636 5884 in
2668 5832 2900 5888 manibus
2925 5836 3288 5907 prophetan
3313 5844 3624 5903 assimilatas

2023 5929 2135 5967 sum
2172 5914 2324 5986 (Osee
2363 5917 2448 5973 12.
2485 5918 2572 5992 10)
2619 5938 2632 5977 :
2688 5936 2795 5980 non
2841 5924 3011 5996 ipsam
3056 5943 3229 5987 meam
3267 5933 3622 5994 substantiam
