4174 6336
590 381 687 436 751

588 494 818 558 ostendi,
864 494 970 550 sed
1008 495 1296 550 videntium
1342 495 1631 549 infirmitati
1674 511 1757 549 me
1801 493 2169 563 attemperavi.

589 587 824 642 Joannes
851 604 976 658 ergo
998 605 1103 642 non
1132 589 1196 643 de
1221 589 1520 644 hominibus
1549 574 1648 644 hoc
1677 590 1824 655 dicit,
1853 589 2010 642 Deum
2033 605 2177 641 nemo

589 680 711 733 uidit
741 697 978 750 umquam
1011 698 1029 734 :
1057 681 1104 735 id
1134 683 1274 736 enim
1316 683 1481 753 liquet
1510 698 1630 736 cum
1659 697 1725 736 ex
1767 682 1850 746 iis,
1892 674 2007 750 qum
2036 681 2174 734 dicta

589 781 733 835 sunt,
760 772 1083 841 preplteticis
1113 789 1302 842 nempe
1326 774 1526 840 verbis,
1559 773 1666 843 Ego
1697 773 1908 826 visiones
1932 773 2177 840 multipli-

590 864 700 915 cari
718 904 732 926 ,
763 872 808 916 et
835 864 886 915 in
915 863 1143 916 manibus
1174 865 1530 933 prophetarum
1559 864 1863 917 assimilatas
1889 881 1997 916 sum
2017 881 2035 928 ;
2066 874 2174 916 tum

587 971 650 1008 ex
674 956 932 1010 sententia
961 956 1125 1028 Moysi
1155 958 1388 1025 prolata;
1420 972 1537 1012 cum
1567 957 1707 1010 enim
1737 957 1823 1010 ille
1854 957 2016 1010 Deum
2047 957 2178 1011 facie

585 1048 651 1102 ad
687 1049 871 1103 facicm
902 1049 1082 1105 videre
1109 1059 1346 1119 euperct,
1378 1051 1451 1104 ait
1479 1051 1614 1104 Deus
1650 1068 1661 1103 :
1696 1049 1860 1103 Nemo
1882 1049 2061 1103 videbit
2092 1051 2177 1118 [a-

589 1143 714 1194 ciem
741 1159 920 1207 meam,
953 1153 1000 1197 et
1028 1144 1152 1197 viret
1184 1123 1376 1213 (Exod.
1411 1146 1500 1200 55.
1537 1144 1652 1216 ‘20).
1687 1145 1964 1215 Liquidum
1999 1145 2178 1214 itaque

587 1233 712 1288 illud
741 1243 900 1302 atque
933 1236 983 1288 in
1011 1235 1256 1289 confesso
1289 1245 1388 1319 est.
1422 1236 1537 1290 Non
1571 1253 1698 1306 ergo
1724 1238 1788 1291 de
1820 1236 2175 1308 humanalna—

588 1338 701 1381 tura
747 1339 968 1394 tantum,
1000 1329 1092 1382 sed
1121 1330 1278 1383 etiam
1309 1330 1375 1383 de
1419 1330 1663 1399 supernis
1697 1331 2047 1399 potestatibus
2080 1331 2178 1382 hoc

588 1421 681 1481 ait,
734 1420 892 1472 Deum
940 1438 1098 1474 nemo
1130 1422 1248 1474 vidit
1289 1439 1524 1489 umquam
1563 1441 1580 1476 :
1612 1423 1956 1490 quamobrem
2005 1423 2174 1490 ipsum

579 1523 804 1583 quoque
836 1515 1159 1582 unigenitum
1191 1514 1348 1583 hujus
1387 1515 1639 1569 doctrina:
1676 1524 2060 1583 prrceptorem
2095 1516 2175 1567 in-
2235 1540 2237 1542 ·

585 1605 753 1658 ducit.
790 1605 864 1658 Ne
893 1607 1011 1674 quis
1042 1606 1180 1659 enim
1210 1606 1432 1669 diceret,
1468 1600 1731 1666 undenam
1763 1606 1810 1659 id
1846 1606 2054 1676 liquet?
2079 1607 2176 1659 ad-

583 1703 650 1769 je'
675 1703 712 1754 it
757 1721 768 1755 :
807 1702 1108 1772 Uuigenitus
1152 1699 1311 1769 ﬁlius,
1355 1704 1442 1772 qui
1476 1713 1547 1756 est
1592 1703 1643 1755 in
1683 1704 1796 1756 sinu
1835 1700 2040 1769 Patris,
2071 1703 2179 1772 ipse

585 1795 813 1860 exposuit
841 1792 1015 1863 (Joau.
1046 1795 1092 1845 l.
1119 1794 1233 1863 18),
1258 1806 1318 1846 ac
1343 1793 1444 1848 fide
1465 1793 1680 1861 dignum
1703 1794 1966 1862 dogmatis
1989 1803 2176 1848 testem

585 1884 970 1953 ductoremque
998 1883 1218 1939 inducit.
1258 1885 1413 1954 Atqui
1452 1885 1495 1938 si
1531 1885 1757 1953 idipsum
1789 1886 1929 1953 quod
1972 1885 2180 1954 Moyses

587 1976 673 2030 hic
702 1976 1003 2046 signiﬁcare
1033 1977 1210 2041 vellet,
1238 1977 1432 2030 frustra
1460 1977 1734 2046 adjiceret;
1770 1976 2069 2048 Unigeuitus
2092 1993 2177 2030 ea:-

588 2068 776 2134 posuit.
829 2067 934 2120 Sed
981 2067 1138 2120 eu'am
1190 2068 1333 2134 prius
1381 2082 1539 2136 quam
1589 2067 1819 2121 Joannes
1868 2068 1980 2120 haec
2028 2067 2177 2136 quasi

586 2157 773 2210 doctus
799 2158 866 2210 ab
892 2158 1163 2225 unigenito
1188 2157 1412 2223 diceret,
1446 2157 1495 2210 id
1530 2157 1681 2211 nobis
1709 2157 1968 2226 pi‘Opheta
1999 2157 2181 2212 decla-

587 2259 781 2314 rasset,
828 2259 1011 2320 utpote
1051 2250 1137 2318 qui
1183 2265 1213 2302 a
1262 2249 1369 2303 Deo
1412 2249 1727 2318 accepisset.
1762 2249 1866 2304 Sed
1898 2249 2018 2318 quia
2064 2250 2181 2318 pius

586 2336 785 2411 aliquid
809 2383 822 2404 ,
854 2357 1012 2410 quam
1043 2349 1171 2395 tunc
1200 2340 1393 2394 dictum
1425 2337 1631 2402 fuisset,
1667 2340 1820 2394 nobis
1851 2339 2180 2393 revelaturns

587 2444 721 2497 crat,
757 2449 970 2502 nempe,
1007 2448 1073 2486 ne
1103 2446 1360 2501 supernas
1389 2431 1603 2507 quidem
1631 2423 1857 2485 virtutes
1897 2432 2068 2499 ipsum
2106 2431 2184 2483 vi-

588 2528 738 2592 dere,
789 2526 909 2580 ideo
956 2527 1284 2594 unigenitum
1332 2525 1605 2579 doctorem
1654 2526 1872 2580 inducit.
1910 2526 2180 2580 Visioncm

589 2634 749 2688 porro
792 2617 877 2672 hic
921 2617 1278 2686 cognitionem
1329 2631 1450 2670 esse
1501 2616 1760 2684 intellige.
1809 2617 1992 2686 Neque
2040 2618 2181 2670 enim

591 2709 822 2777 ιιιιιιίιιιο,
847 2708 1006 2770 oculi,
1031 2707 1296 2777 palpebra:
1320 2707 1650 2777 incorporeis
1673 2707 1852 2760 insunt
1870 2707 2179 2770 virtutibus;

591 2798 685 2851 sed
727 2798 869 2867 quod
915 2798 1070 2852 nobis
1106 2806 1188 2852 est
1225 2798 1374 2863 visio,
1414 2798 1552 2866 ipsis
1592 2807 1675 2852 est
1716 2800 1970 2868 cognitio.
2005 2799 2184 2868 Itaque

591 2907 710 2945 cum
751 2891 938 2956 audis,
987 2889 1145 2942 Deum
1188 2906 1331 2942 nemo
1372 2889 1494 2943 tiidit
1527 2906 1788 2958 umquam,
1833 2889 1883 2943 id
1927 2891 2182 2960 intellige,

592 2982 792 3035 nullum
835 2997 953 3035 esse
981 2981 1070 3050 qui
1104 2981 1268 3035 Deum
1306 2981 1726 3036 substantialiter
1757 2982 1771 3012 ¹
1801 2982 2023 3035 omnino
2061 2997 2184 3050 per—

593 3075 730 3128 fecte
755 3081 1063 3142 cognoscat.
1093 3073 1167 3126 Ae
1195 3072 1261 3126 de
1283 3071 1565 3142 Seraphim
1593 3088 1711 3125 eum
1744 3072 1895 3125 audis
1916 3087 1977 3126 ea
2001 3072 2187 3126 oculos

592 3166 868 3227 avertisse,
901 3173 954 3218 et
985 3143 1186 3218 vultum
1229 3163 1530 3231 obtexissc,
1569 3163 1743 3232 deque
1772 3155 2088 3239 Chertihim,
2124 3179 2186 3217 ea

594 3259 732 3314 idem
763 3259 933 3328 ipsum
961 3257 1168 3322 fecisse,
1195 3272 1261 3311 ne
1288 3257 1472 3311 oculos
1499 3257 1580 3311 vel
1611 3257 1834 3326 pupans
1857 3257 1967 3326 ipsa
1992 3257 2190 3311 habere

597 3361 770 3415 putes,
803 3349 1044 3416 corporis
1079 3348 1221 3403 enim
1249 3355 1334 3410 est
1360 3347 1663 3415 hujusmodi
1699 3347 1889 3412 forma,
1920 3347 2013 3401 sed
2048 3347 2130 3401 his
2159 3363 2188 3400 a

596 3441 856 3511 propheta
900 3436 1258 3508 cognitionem
1303 3438 1590 3507 significari
1631 3436 1813 3492 crede.
1843 3437 1977 3491 Cum
2012 3438 2190 3506 itaque

597 3530 853 3601 propheta
884 3529 1033 3594 dicit,
1070 3529 1184 3582 illas
1224 3529 1449 3583 virtutes
1482 3529 1649 3582 Deum
1687 3529 1928 3598 quamvis
1961 3544 2078 3582 sese
2107 3537 2189 3582 at-

599 3632 984 3694 tetnperautem
1005 3637 1108 3675 non
1139 3621 1279 3675 ferre
1304 3621 1561 3690 potuisse,
1587 3622 1719 3675 nihil
1742 3621 1883 3675 aliud
1902 3622 2187 3692 significat,

598 3729 755 3784 quam
784 3713 899 3782 ejus
923 3713 1280 3782 cognitionem
1303 3712 1504 3765 claram
1529 3721 1581 3765 et
1608 3721 1928 3778 accuratam,
1955 3728 2194 3782 compre-

602 3808 1025 3875 hensionemque
1055 3805 1194 3859 ferre
1225 3819 1328 3857 non
1363 3819 1540 3872 posse,
1577 3819 1749 3878 neque
1779 3805 1977 3859 audere
2006 3821 2190 3875 puram

603 3885 746 3953 illam
789 3898 1183 3970 perfectamque
1223 3897 1571 3950 substantiam
1621 3897 1835 3964 intueri,
1869 3915 1937 3953 ne
1977 3900 2192 3968 quidem

604 4009 725 4048 cum
766 4009 884 4047 sese
914 4000 1251 4061 attemperat.
1284 3989 1424 4044 Nihil
1463 3998 1639 4044 autem
1677 3991 1820 4045 aliud
1865 4000 1950 4046 est
1977 3993 2192 4060 idtueri,

605 4100 764 4154 quam
793 4097 1137 4153 cognoscere.
1168 4081 1524 4148 Quamobrem
1557 4081 1918 4152 Evangelista,
1945 4068 2194 4152 comper-

608 4188 721 4234 tum
765 4178 968 4232 habens
1006 4178 1255 4230 humana:
1305 4191 1411 4229 non
1451 4191 1571 4230 esse
1619 4185 1823 4230 naturae
1869 4177 1992 4229 talia
2034 4175 2194 4242 scire,

611 4287 783 4342 neque
805 4270 1048 4338 supernis
1073 4269 1199 4338 ipsis
1225 4267 1506 4322 virtutibus
1524 4269 2059 4337 comprehensibilem
2079 4285 2198 4324 esse

615 4367 801 4426 Deum,
831 4379 950 4416 eum
985 4362 1176 4432 ipsum,
1206 4361 1294 4430 qui
1324 4361 1376 4413 in
1408 4360 1626 4414 dextera
1657 4361 1768 4430 ejus
1799 4361 1972 4424 sedet.
1999 4372 2051 4415 et
2082 4362 2199 4416 hcce

612 4455 845 4524 perfecte
880 4456 1044 4516 novit,
1080 4452 1235 4522 hujus
1263 4453 1518 4507 doctrinre
1550 4463 1932 4522 prmccptorem
1975 4455 2194 4508 inducit.

611 4547 792 4616 Neque
820 4545 1132 4614 simpliciter
1161 4545 1311 4609 dixit,
1345 4545 1532 4610 Filius,
1562 4547 1805 4613 quamvis
1830 4546 1874 4600 si
1905 4546 1973 4600 ita
2002 4548 2196 4616 loquu-

614 4648 697 4691 tus
724 4647 886 4702 esset,
917 4637 1048 4689 satis
1080 4635 1128 4688 id
1165 4634 1350 4690 fuisset
1376 4635 1440 4689 ad
1482 4651 1576 4690 ora
1608 4636 1996 4705 impudentium
2026 4638 2199 4693 homi-

616 4745 740 4781 num
787 4727 1101 4782 obturanda.
1134 4727 1282 4780 Sicut
1322 4727 1464 4781 enim
1507 4727 1656 4781 multi
1695 4727 1889 4782 Christi
1929 4728 2199 4795 dicuntur,

619 4837 754 4873 unus
786 4829 960 4872 autem
993 4833 1151 4872 verus
1181 4818 1426 4872 Christus
1455 4829 1535 4873 est
1569 4837 1581 4872 :
1617 4830 1670 4874 ct
1710 4820 1858 4874 multi
1890 4820 2092 4876 domini
2120 4823 2204 4877 di-

617 4923 830 4974 cuntur,
866 4929 1000 4967 unus
1033 4927 1160 4965 vero
1194 4911 1452 4966 Dominus
1488 4931 1498 4963 :
1530 4922 1583 4965 et
1625 4914 1775 4966 multi
1818 4913 1890 4967 dii
1932 4913 2201 4983 dicuntur,

621 5020 756 5059 unus
784 5019 909 5058 vero
941 5004 1109 5065 Deus;
1144 5004 1218 5056 sic
1245 5011 1297 5056 et
1325 5004 1473 5056 multi
1503 5003 1592 5056 lilii
1623 5004 1893 5068 dicuntur,
1923 5023 2057 5060 unus
2082 5023 2208 5061 vero

624 5096 804 5158 Filius,
837 5105 994 5162 atque
1024 5094 1132 5160 ipsa
1161 5093 1366 5167 articuli
1389 5091 1588 5147 additio
1612 5096 1865 5164 unigeniti
1898 5098 2209 5165 prateellen-

624 5189 748 5240 tiam
779 5187 906 5240 satis
930 5185 1147 5238 indicat.
1178 5185 1425 5238 At'amcn
1457 5201 1515 5239 ea
1545 5202 1600 5240 re
1628 5201 1731 5239 non
1755 5196 2056 5249 contentus,
2088 5204 2207 5243 cum

625 5280 868 5344 dixisset,
908 5277 1066 5329 [leum
1098 5294 1239 5329 nemo
1263 5278 1385 5330 vidit
1410 5295 1666 5347 umquam,
1696 5279 1990 5348 subjunxit,
2026 5281 2212 5352 Uuige-

626 5374 760 5425 uitus
786 5370 967 5433 Filius,
997 5372 1081 5439 qui
1101 5380 1176 5423 est
1197 5371 1245 5422 in
1269 5372 1382 5424 sinu
1408 5369 1599 5437 Patris,
1630 5373 1737 5441 ipse
1761 5376 2010 5443 exposuit.
2039 5375 2216 5430 Primo

630 5461 783 5528 dixit,
814 5461 1116 5530 tmigenitus,
1138 5469 1189 5512 et
1220 5469 1425 5528 postea,
1459 5459 1643 5514 Filius.
1673 5462 1805 5515 Cum
1835 5463 1975 5516 enim
1999 5474 2216 5533 propter

632 5553 863 5609 nominis
903 5551 1359 5616 communitatem,
1404 5552 1628 5622 gloriam
1675 5553 1791 5624 ejus
1834 5556 2072 5625 plerique
2114 5559 2217 5611 mi-

635 5656 820 5710 nuant,
851 5662 1011 5699 ttnutu
1037 5646 1172 5699 inter
1196 5645 1391 5700 multos
1419 5646 1562 5700 illum
1586 5662 1705 5702 esse
1735 5649 1837 5702 rati
1863 5666 1876 5702 :
1909 5647 1999 5702 lilii
2025 5651 2221 5721 quippe

701 5783 714 5849 ξ
754 5784 825 5830 sic
842 5778 980 5849 savii.
1009 5787 1059 5829 et
1088 5770 1309 5842 plerique
1350 5781 1492 5831 Codd.
1543 5789 1590 5830 tn
1620 5781 1782 5832 Morel.
1828 5783 1969 5834 deest
2001 5786 2223 5849 vet-hum,-

645 5844 1027 5895 suhstuntiuliter.

1302 379 1354 436 S.
1393 377 1670 435 JOANNIS
1707 374 2180 447 (ΖΙῘΒῩΞΟΞΤΟΜΙ
2223 373 2538 430 ARClllEP.
2581 375 3114 432 CONSTANTINOP.

3772 384 3876 438 πει.

2290 507 2482 548 nomen
2525 495 2772 571 omnibus
2816 509 3099 549 commune
3143 505 3223 549 est
3256 515 3268 549 :
3302 495 3422 551 ideo
3463 496 3604 567 quod
3649 508 3728 552 est
3774 497 3876 567 ipsi

2286 585 2606 653 prmcipuum
2632 594 2684 640 ct
2710 587 2995 655 peculiare,
3015 585 3080 640 ad
3106 587 3412 656 nullumque
3435 588 3594 643 alium
3623 590 3872 658 pertinet,

2285 677 2593 745 praeposuit,
2644 692 2835 746 nempe
2883 678 3215 747 unigenitus;
3265 688 3321 732 ut
3369 678 3493 733 hinc
3536 679 3745 744 credas,
3795 680 3876 732 vel

2283 783 2566 824 commune
2615 769 2743 823 illud
2790 784 2894 822 non
2944 785 3070 823 vere
3109 785 3389 824 commune
3438 785 3589 836 esse,
3639 770 3732 824 sed
3782 772 3878 839 ipsi

2284 861 2562 929 proprium
2592 871 2644 917 et
2670 863 2962 931 peculiare,
2992 864 3297 934 nominique
3328 865 3553 919 aliorum
3579 873 3634 918 ut
3657 865 3733 918 illi
3760 878 3882 918 con-

2290 955 2497 1010 venire.

2353 1069 2405 1122 4.
2447 1068 2620 1135 thue
2645 1069 2837 1124 clarius
2881 1070 2931 1124 id
2972 1069 3199 1134 evadat,
3246 1087 3358 1124 rem
3390 1069 3553 1124 iusius
3581 1070 3879 1140 explicabo.

2290 1160 2494 1214 Nomen
2531 1162 2655 1216 illud
2682 1205 2695 1228 ,
2729 1161 2918 1228 Filius,
2954 1172 3002 1217 et
3035 1162 3340 1218 hominibus
3368 1174 3421 1217 et
3447 1163 3658 1218 Christo
3683 1177 3884 1218 convc-

2285 1253 2398 1316 nit;
2427 1253 2517 1306 sed
2547 1255 2697 1307 nobis
2720 1254 2884 1308 abusu
2912 1254 3165 1323 quodam,
3200 1255 3271 1306 illi
3307 1269 3434 1308 vero
3459 1256 3674 1324 proprie
3710 1272 3722 1306 :
3753 1251 3882 1308 iilud

2284 1354 2485 1408 autem,
2517 1349 2826 1415 unigenitus,
2860 1347 2956 1415 ipsi
2989 1349 3261 1418 proprium
3283 1360 3384 1410 est,
3416 1349 3723 1418 nominique
3749 1348 3880 1400 aiio-

2290 1452 2406 1490 rum
2437 1439 2518 1490 vel
2547 1439 2765 1493 abusive
2811 1439 3079 1493 tribuitur.
3124 1439 3193 1495 Ut
3222 1441 3383 1510 igitur
3425 1441 3492 1495 ab
3530 1443 3883 1510 appellatione

2286 1534 2480 1587 nemini
2505 1543 2841 1601 competente
2865 1545 3214 1603 prretcrqnam
3245 1536 3340 1604 ipsi
3368 1534 3488 1597 soli,
3514 1536 3676 1589 etiam
3703 1535 3881 1599 aliam,

2282 1641 2401 1696 quae
2434 1625 2612 1678 multis
2642 1628 2909 1691 tribuitur,
2941 1627 3036 1695 ipsi
3062 1629 3330 1702 propriam
3359 1643 3479 1683 esse
3505 1639 3739 1697 putares,
3770 1629 3886 1681 ἰιιιςο

2283 1721 2428 1790 prius
2444 1720 2592 1785 dixit,
2616 1721 2916 1789 unigenitus,
2947 1732 3231 1790 posteaque
3253 1721 3298 1773 Γ
3301 1722 3433 1774 ilius.
3453 1721 3602 1788 Quod
3621 1723 3663 1776 si
3692 1738 3759 1776 ne
3779 1722 3887 1775 hzec

2282 1812 2492 1882 quidem
2512 1813 2603 1865 tibi
2628 1814 2754 1866 satis
2772 1813 2895 1878 sint,
2915 1813 3127 1866 tertium
3148 1813 3337 1866 addam
3357 1855 3369 1877 ,
3393 1814 3626 1882 illudque
3645 1829 3882 1868 crassum

2282 1917 2333 1959 et
2363 1905 2652 1958 humanum
2678 1946 2692 1968 ,
2723 1907 2814 1960 sed
2843 1905 2983 1974 quod
3016 1906 3182 1974 pOSsit
3213 1915 3389 1960 tamen
3442 1905 3587 1959 humi
3640 1916 3886 1974 repentes

2283 1999 2348 2052 ad
2378 1998 2562 2068 gloriae
2591 1998 2848 2068 unigeniti
2879 2000 3118 2053 n0titiam
3144 1999 3418 2054 reducere.
3443 1999 3579 2066 Quid
3606 2001 3733 2053 illud
3767 1984 3890 2054 est?

2287 2090 2386 2155 Qui
2413 2102 2483 2144 est
2513 2092 2566 2143 in
2590 2091 2703 2144 sinu
2731 2089 2924 2144 Patris.
2955 2091 3206 2145 Crassum
3248 2091 3373 2145 illud
3399 2092 3623 2146 verbum
3655 2103 3759 2153 est,
3791 2093 3882 2145 sed

2283 2183 2422 2252 quod
2448 2185 2576 2237 satis
2593 2184 2659 2236 sit
2676 2183 2737 2235 ad
2761 2184 3040 2253 genuinam
3059 2184 3316 2238 rationem
3338 2184 3890 2238 commonstrandam.

2286 2276 2330 2328 si
2359 2275 2807 2344 quemadmodum
2843 2276 2949 2329 Deo
2975 2275 3162 2330 deceat
3191 2275 3530 2345 intelligatur.
3571 2276 3719 2331 Sicut
3749 2273 3888 2329 enim

2285 2384 2406 2420 eum
2454 2369 2701 2420 thronum
2749 2366 2901 2420 audis
2946 2374 2999 2420 et
3047 2365 3283 2421 sedema
3315 2366 3554 2429 dextris,
3605 2383 3708 2421 non
3759 2382 3885 2420 vere

2288 2461 2538 2513 thronum
2563 2459 2816 2526 opinaris,
2848 2474 2947 2513 nec
2974 2460 3171 2525 locum,
3197 2475 3294 2513 nec
3315 2459 3891 2529 circumscriptionem,

2288 2551 2380 2603 sed
2412 2539 2650 2603 a’throni
2683 2549 3042 2618 appellatione
3073 2558 3127 2604 et
3154 2564 3180 2601 a
3210 2550 3352 2603 sedis
3383 2550 3639 2604 societate
3671 2551 3892 2604 honoris

2200 2678 2204 2684 ι
2287 2641 2645 2710 aequalitatem
2670 2641 3057 2709 paritatemque
3081 2640 3362 2710 intelligis;
3392 2641 3468 2695 sic
3491 2652 3541 2695 et
3569 2656 3687 2694 eum
3719 2642 3895 2694 sinum

2289 2736 2460 2797 audis,
2486 2749 2551 2788 ne
2578 2735 2750 2786 sinum
2777 2741 2928 2800 putes
2954 2747 3092 2798 esse,
3126 2749 3298 2802 neque
3323 2733 3498 2787 locum
3524 2749 3538 2796 ;
3569 2732 3662 2787 sed
3690 2749 3716 2785 a
3750 2733 3898 2788 sinus

2291 2841 2420 2879 voce
2486 2825 2929 2895 propinquitatem
2981 2833 3036 2877 et
3093 2823 3335 2876 fiduciam
3399 2825 3537 2890 apud
3595 2825 3895 2888 genitorem
3981 2854 3984 2856 -

2290 2918 2482 2986 Cogita.
2517 2917 2646 2970 Nam
2676 2915 2813 2984 quod
2848 2915 2897 2968 in
2930 2916 3049 2969 sinu
3086 2925 3332 2970 versetur
3355 2957 3369 2981 ,
3404 2915 3454 2968 id
3480 2903 3696 2986 if‘inl'itlS
3745 2917 3901 2970 nobis

2292 2985 2431 3076 quod
2459 3007 2687 3076 genitori
2718 3007 3048 3075 propinquus
3078 3006 3147 3058 sit
3173 2985 3523 3068 demonstrat,
3557 3021 3716 3073 quam
3743 3005 3889 3074 quod

2291 3116 2319 3151 a
2347 3100 2546 3154 dextris
2588 3100 2788 3152 sedeat.
2820 3099 2999 3166 Neque
3026 3099 3167 3152 enim
3194 3098 3348 3152 Pater
3377 3099 3428 3151 in
3475 3099 3594 3151 sinu
3623 3113 3720 3152 suo
3769 3114 3892 3153 esse

2294 3193 2487 3247 Filium
2508 3201 2800 3260 pateretur,
2826 3193 2924 3245 nisi
2949 3191 3188 3260 ejusdem
3213 3191 3522 3247 substantia:
3545 3200 3705 3254 esset,
3729 3207 3906 3261 neque

2293 3283 2404 3354 ipse
2435 3282 2621 3349 Filius,
2654 3284 2695 3337 si
2728 3283 3001 3337 inferioris
3028 3289 3174 3336 esset
3195 3293 3419 3348 natura),
3453 3282 3504 3336 in
3537 3293 3761 3352 paterno
3782 3284 3903 3337 sinu

2293 3377 2493 3432 versari
2519 3377 2826 3430 sustineret.
2864 3375 3126 3447 Ut‘F‘ilius
3156 3389 3282 3444 ergo
3306 3383 3359 3429 et
3389 3375 3712 3444 unigenitus,
3739 3384 3904 3443 atque

2295 3469 2346 3523 in
2377 3470 2494 3523 sinu
2528 3477 2749 3537 paterno
2790 3482 3030 3533 versans,
3061 3468 3236 3520 omnia
3265 3483 3383 3536 qua:
3416 3467 3590 3521 Patris
3617 3476 3739 3520 sunt
3784 3482 3907 3536 pcr-

2295 3561 2432 3617 fecte
2478 3561 2639 3615 novit.
2690 3561 3029 3630 Quapropter
3078 3559 3161 3614 his
3211 3560 3548 3629 Evangelista
3595 3560 3772 3614 verbis
3819 3568 3902 3614 est

2293 3669 2444 3719 usus,
2477 3660 2534 3705 ut
2559 3651 2678 3705 Filii
2711 3659 3010 3706 accuratam
3044 3665 3202 3718 quam
3246 3649 3313 3704 de
3341 3650 3495 3705 Patre
3522 3650 3682 3705 habet
3706 3651 3892 3720 cogni-

2296 3743 2495 3797 tionem
2527 3743 2824 3796 declararet
2866 3761 2879 3796 :
2936 3757 3057 3795 nam
3098 3741 3166 3796 de
3211 3741 3514 3810 cognitione
3557 3756 3736 3795 sermo
3767 3751 3903 3795 erat.

2297 3834 2448 3901 Quod
2494 3832 2593 3888 uiéi
2640 3835 2708 3888 ita
2741 3843 2922 3897 esset,
2951 3835 3237 3888 cur'sinus
3266 3833 3636 3887 memoratur?
3683 3832 3815 3887 Natu
3861 3834 3907 3887 si

2296 3929 2436 3983 Deus
2457 3944 2560 3980 nou
2585 3929 2652 3980 sit
2675 3941 2890 3994 corpus,
2921 3934 2977 3978 ut
2999 3941 3122 3980 vere
3147 3939 3250 3979 non
3280 3933 3382 3990 est,
3407 3940 3579 3994 neque
3600 3924 3908 3994 genuinitas

2297 4031 2353 4076 et
2415 4019 2779 4090 pmpiuquitas
2835 4017 2951 4072 Filii
3008 4032 3132 4087 erga
3191 4016 3483 4086 genitorem
3538 4016 3908 4085 significetur.

2293 4113 2495 4168 frustra
2539 4126 2600 4164 ac
2627 4111 2741 4163 sine
2766 4125 2923 4162 causa
2955 4108 3057 4162 hoc
3087 4108 3285 4162 dictum
3326 4107 3578 4174 injectum
3611 4106 3745 4168 fuit,
3780 4120 3906 4161 cum

2301 4205 2498 4258 nullius
2522 4203 2672 4256 nobis
2697 4203 2766 4255 sit
2790 4217 2938 4255 usus.
2965 4185 3168 4255 Verum.
3181 4215 3287 4254 non
3315 4198 3509 4253 frustra
3529 4199 3781 4268 injectum
3805 4210 3908 4252 est:

2302 4297 2472 4360 absit;
2504 4310 2675 4364 neque
2695 4295 3063 4348 enimiemere
3086 4292 3315 4361 Spiritus
3337 4291 3609 4360 loquitur;
3643 4290 3736 4344 sed
3768 4306 3896 4359 pro-

2303 4387 2647 4456 pinquitatem
2694 4385 2810 4438 Filii
2853 4399 2974 4453 erga
3027 4386 3238 4437 Patrem
3269 4382 3551 4452 signiﬁcat.
3584 4365 3715 4436 Cuin
3765 4381 3911 4439 enim

2305 4493 2418 4530 rem
2469 4490 2712 4544 magnam
2760 4475 3075 4528 asseruisset
3127 4473 3495 4542 Evangelista,
3550 4471 3691 4541 quod
3741 4487 3914 4540 neque

2307 4584 2536 4639 superna
2565 4578 2809 4622 creatura
2839 4567 3009 4635 ipsum
3038 4565 3210 4619 videat
3239 4608 3252 4627 ,
3306 4565 3356 4617 id
3386 4575 3470 4617 est
3495 4607 3508 4627 ,
3557 4562 3794 4632 perfecte
3825 4580 3922 4616 co-

2307 4670 2527 4733 gnoscat
2550 4703 2564 4720 .
2595 4670 2652 4713 ut
2681 4659 2780 4713 fide
2823 4658 3040 4727 dignum
3075 4656 3228 4727 hujus
3275 4657 3345 4709 rei
3381 4659 3395 4687 ¹
3429 4658 3701 4709 doctorem
3749 4656 3918 4709 addu-

2310 4748 2477 4820 ceret,
2511 4753 2625 4806 hmc
2673 4733 3088 4819 verbaprotulit
3111 4791 3124 4815 ,
3159 4759 3215 4801 ut
3245 4749 3381 4818 ipsi,
3419 4759 3669 4816 tanquam
3723 4748 3834 4799 tilio
3864 4757 3919 4801 et

2311 4843 2587 4914 unigenito
2637 4845 2689 4898 in
2733 4845 2959 4912 sinuque
3010 4851 3230 4909 paterno
3260 4841 3532 4900 versanti,
3566 4840 3616 4892 in
3665 4839 3920 4892 omnibus

2316 4937 2471 4991 ﬁdem
2503 4937 2745 5000 haberes,
2779 4949 2951 5003 neque
2982 4933 3205 4986 ulterius
3235 4931 3530 4984 dubitares.
3561 4929 3613 4982 Si
3646 4930 3766 4998 quis
3792 4945 3920 4982 vero

2317 5047 2414 5086 nec
2444 5030 2775 5083 contentiose
2798 5042 2896 5079 nec
2927 5024 3262 5092 impudenter
3291 5037 3448 5092 agere
3471 5021 3628 5081 velit,
3686 5020 3932 5087 idipsunt

2317 5122 2666 5175 aeternitatem
2731 5117 3083 5186 comprohare
3145 5115 3394 5167 dixerim.
3449 5111 3914 5179 Quemadmodum

2318 5214 2458 5268 enim
2490 5229 2550 5264 ex
2579 5213 2666 5264 illo
2696 5211 2759 5262 ad
2784 5210 2996 5280 Moysen
3024 5209 3186 5271 dirtn,
3225 5206 3331 5276 Ego
3358 5223 3466 5257 sum
3488 5205 3574 5274 qui
3595 5221 3726 5268 sum,
3759 5216 3918 5257 a-tcr-

2321 5306 2538 5359 nitatem
2569 5302 2886 5364 ediscimus;
2919 5301 2993 5353 sic
3020 5306 3073 5351 ct
3100 5315 3162 5351 ex
3193 5297 3281 5350 illo
3307 5339 3320 5362 ,
3348 5295 3444 5361 Qui
3474 5306 3543 5348 est
3571 5296 3619 5347 in
3650 5297 3765 5346 sinu
3805 5295 3914 5346 Pa-

2324 5399 2411 5451 tris
2439 5396 2455 5468 (
2484 5394 2649 5448 Exod.
2683 5395 2734 5448 5.
2769 5394 2900 5462 ii);
2951 5392 3119 5460 ipsum
3149 5389 3216 5441 ah
3241 5398 3441 5442 mternu
3487 5389 3535 5440 in
3580 5388 3700 5439 sinu
3750 5387 3921 5439 l‘atris

2325 5503 2442 5542 esse
2468 5502 2689 5556 arguere
2715 5499 3015 5554 pOSsumus.
3045 5481 3196 5548 Quod
3228 5482 3402 5550 itaque
3424 5490 3680 5533 creatura:
3703 5479 3923 5532 cuilibet

2325 5577 2620 5634 substantia
2673 5576 2767 5630 Dei
2817 5575 2886 5630 sit
2933 5571 3484 5642 incomprehensibilis
3532 5569 3613 5623 his
3671 5571 3923 5624 omnibus

2328 5673 2751 5728 demonstratum
2798 5679 2898 5724 est.
2944 5668 3129 5723 Restat
3171 5675 3226 5722 ut
3275 5664 3620 5720 ostendamus
3651 5662 3844 5718 Filium
3879 5671 3932 5718 et

2394 5828 2408 5856 ι
2446 5825 2549 5887 Alii,
2576 5822 2718 5886 hujus
2744 5823 2993 5886 dogmatis.
