4186 6326
246 366 358 425 7.33

247 483 508 555 Spiritum
529 497 770 545 sanctum
788 489 1063 547 dumtaxat
1081 494 1225 548 illum
1243 499 1646 554 accuratissime
1666 515 1864 568 cogno-

255 578 639 635 scere.Verum
661 597 723 636 ea
744 598 800 638 re
817 583 883 638 ad
903 584 1060 639 aliam
1085 585 1499 655 disputationem
1519 592 1768 656 remissa,
1798 607 1865 647 ne

247 667 516 724 dictorum
547 673 701 742 copia
732 677 1042 731 memoriam
1069 677 1462 736 confundamus
1482 724 1497 748 ,
1545 682 1611 736 ad
1652 683 1863 737 solitam

249 758 704 839 exhortationem
720 779 1021 821 sermonem
1057 776 1452 824 convertamus.
1483 771 1737 840 Qumnain
1775 773 1864 827 illa

253 852 419 906 solita
469 853 815 924 exhortatio?
843 851 909 913 Ut
937 859 1153 916 assidue
1197 863 1426 917 orationi
1473 873 1653 920 mente
1685 865 1866 920 sobria

252 941 511 1010 vigilique
554 945 736 1000 animo
775 947 1166 1006 incumbamus.
1213 952 1425 1007 Etenim
1457 969 1630 1025 nuper
1657 955 1757 1010 hac
1798 955 1867 1010 de

254 1046 317 1085 te
348 1046 441 1088 vos
467 1034 788 1106 alloquutus,
812 1053 1002 1096 omnes
1040 1043 1418 1119 vidiprompto
1445 1047 1625 1102 animo
1660 1064 1864 1102 morem

250 1137 467 1190 gerere.
503 1126 806 1183 Absurdum
850 1146 980 1192 sane
1006 1144 1189 1200 esset,
1221 1136 1266 1189 si
1293 1151 1437 1203 curnt
1463 1139 1741 1208 segniores
1771 1154 1867 1195 vos

257 1211 422 1267 video
451 1213 725 1286 objurgem
753 1257 769 1284 ,
800 1233 919 1274 cum
949 1237 1077 1277 vero
1104 1232 1249 1278 recte
1270 1226 1426 1295 agitis
1456 1242 1562 1282 non
1591 1227 1827 1283 laudem.

335 1301 536 1358 Laudat
582 1305 916 1366 Antiochenos
976 1315 1112 1384 quod
1158 1317 1363 1371 monitis
1415 1319 1519 1372 suis
1588 1303 1854 1388 obsequuti

255 1395 739 1481 sint._-—Laudare
770 1403 928 1472 igitur
955 1420 1048 1460 vos
1080 1407 1239 1462 hodie
1267 1409 1408 1475 volo,
1441 1410 1747 1481 gratiasque
1767 1427 1864 1466 vo-

257 1485 343 1541 bis
368 1487 509 1544 illius
529 1484 891 1563 obsequentia:
916 1495 1174 1552 reddere:
1203 1500 1402 1568 gratias
1445 1509 1622 1556 autem
1649 1505 1716 1556 ita
1739 1503 1865 1557 red-

257 1578 450 1633 demus
473 1620 487 1644 ,
520 1582 566 1636 si
591 1598 689 1637 vos
712 1583 1082 1653 docuerimus,
1109 1603 1214 1660 qua
1252 1590 1320 1646 de
1349 1607 1510 1646 causa
1539 1593 1654 1648 litec
1693 1595 1866 1655 oratio

257 1678 452 1724 cmtera
500 1675 803 1752 prtecedat,
845 1687 900 1733 et
942 1695 1038 1734 cur
1064 1680 1424 1738 daemoniacos
1467 1686 1518 1749 ι,
1565 1699 1630 1739 ac
1680 1694 1863 1741 mente

257 1769 444 1843 captos
468 1771 595 1820 tunc
613 1765 876 1822 Diaconus
897 1769 1074 1825 induci
1099 1782 1172 1836 ,et
1191 1774 1362 1842 capita
1389 1775 1864 1845 inclinarejubeat.

256 1851 370 1905 Cur
393 1868 523 1924 ergo
547 1860 630 1911 sic
648 1860 789 1928 agit?
813 1860 950 1915 Mala
975 1864 1256 1932 gravisque
1287 1874 1475 1921 catena
1522 1876 1604 1921 est
1649 1869 1866 1938 agitatio

257 1941 566 2000 diemouum
591 1965 606 2012 ;
634 1959 844 2017 catena,
874 1953 1089 2023 inquam
1111 1994 1126 2020 ,
1155 1956 1299 2010 ferro
1330 1957 1571 2013 validior.
1600 1959 1868 2026 Quemad-

267 2039 486 2092 modum
518 2041 677 2108 igitur
691 2041 872 2112 judiCe
896 2046 1196 2114 prodituro,
1227 2059 1283 2101 ut
1307 2049 1359 2103 itt
1380 2051 1594 2105 excelso
1617 2052 1866 2108 tribunali

256 2130 466 2197 sedeat,
490 2135 725 2189 carceris
748 2137 999 2192 custodes
1039 2139 1286 2196 detentus
1310 2159 1497 2199 omnes
1523 2136 1744 2201 eductos
1765 2147 1864 2201 do-

258 2223 458 2276 micilio
498 2235 625 2279 ante
669 2227 934 2283 cancellos
976 2239 1030 2284 et
1071 2232 1348 2287 tribunalis
1400 2236 1516 2289 vela
1559 2237 1862 2303 collocant,

259 2317 557 2385 sqttztlidos,
579 2319 875 2385 sordentes,
904 2323 1074 2392 passis
1095 2324 1301 2393 capillis
1319 2368 1334 2392 ,
1362 2327 1544 2380 scissis
1565 2329 1754 2397 pannis
1781 2328 1867 2382 in-

260 2405 458 2464 dutos:
490 2407 558 2461 ita
587 2408 773 2465 Patres
795 2411 1091 2467 faciendum
1121 2423 1459 2484 statuerunt,
1484 2418 1698 2487 quando
1729 2419 1870 2473 futu-

258 2511 379 2550 rum
406 2507 569 2553 estut
593 2501 836 2557 Christus
859 2519 954 2558 ci-u
987 2506 1037 2559 in
1069 2507 1285 2561 excelso
1309 2509 1556 2563 tribunali
1581 2510 1786 2578 sedeat,
1813 2512 1864 2565 iii

255 2587 493 2658 ipsisque
524 2594 792 2660 mysteriis
832 2605 1125 2664 appareat,
1159 2608 1218 2652 ut
1259 2601 1464 2654 scilicet
1508 2601 1865 2670 daemoniaci,

253 2680 408 2747 quasi
438 2682 602 2735 vincti
635 2683 849 2752 quidam
871 2686 1216 2759 inducantur,
1249 2706 1354 2745 non
1383 2699 1439 2745 ut
1471 2708 1628 2761 pinna
1655 2695 1865 2764 suppli-

258 2769 456 2840 cioque
501 2770 831 2841 afﬁciantur,
863 2777 958 2832 sed
987 2786 1042 2831 ut
1087 2781 1284 2850 potiqu
1324 2783 1560 2853 urbeque
1588 2794 1696 2839 tcta
1725 2787 1867 2842 intus

255 2870 524 2928 prasente
549 2878 862 2922 communes
890 2871 1305 2938 Supplicationes
1336 2872 1524 2929 fierent
1551 2915 1566 2941 ,
1616 2878 1869 2933 omnibus

253 2953 440 3008 animo
477 2973 582 3012 uno
608 2973 947 3018 communem
971 2965 1256 3030 Dom'num
1303 2967 1516 3024 illorum
1544 2959 1714 3041 gralia
1747 2957 1866 3043 pre-

253 3049 502 3105 cantibus
525 3092 541 3118 ,
571 3069 866 3125 magnaque
894 3072 1022 3112 voce
1048 3060 1469 3116 misericordiam
1499 3067 1862 3133 poscentibus.

343 3140 395 3194 5.
446 3142 626 3197 Talem
655 3147 815 3213 igitur
840 3151 1138 3224 orationrm
1161 3152 1471 3210 deserentes
1497 3157 1860 3225 increpabam,

256 3231 352 3301 qui
380 3232 471 3286 illo
497 3242 738 3305 tempore
769 3238 898 3294 foris
923 3242 1292 3299 versabantur.
1321 3244 1470 3300 Nunc
1495 3262 1588 3301 eos
1607 3248 1694 3318 qui
1725 3250 1867 3303 intus

256 3337 481 3380 manent
510 3327 753 3385 incusare
783 3333 938 3398 volo;
970 3347 1079 3388 non
1109 3337 1252 3405 quod
1279 3349 1565 3404 maneant,
1594 3335 1687 3396 sed
1723 3342 1866 3412 quod

253 3414 406 3469 intus
437 3417 592 3484 positi
620 3419 788 3475 nihilo
815 3422 1026 3487 melius,
1056 3439 1218 3494 quam
1249 3426 1285 3481 ii
1312 3429 1398 3497 qui
1427 3429 1644 3496 absunt,
1680 3447 1740 3487 se
1767 3432 1865 3487 ha-

260 3505 465 3573 beant,
499 3506 626 3562 dum
675 3511 945 3567 horrcndo
974 3515 1067 3570 illo
1109 3528 1349 3588 tempore
1377 3531 1564 3574 tnutuo
1603 3522 1862 3577 confabu»

258 3598 459 3653 lantur.
493 3601 628 3668 Quid
659 3605 772 3674 agis
796 3645 812 3669 ,
861 3621 894 3660 ο
921 3607 1123 3662 homo?
1151 3608 1254 3663 Tot
1281 3625 1348 3665 ex
1381 3610 1605 3666 fratrum
1652 3624 1884 3667 tuorum:

253 3707 485 3746 numero
521 3693 726 3750 vinctos
753 3712 918 3767 prope
946 3700 1124 3754 cernis
1148 3741 1166 3767 ,
1192 3712 1246 3755 et
1272 3711 1327 3756 tu
1357 3702 1425 3757 de
1452 3704 1612 3758 rebus
1637 3705 1769 3758 nihil
1797 3705 1864 3759 ad

257 3792 314 3838 te
346 3784 729 3853 pertinentibus
754 3787 1045 3846 fabularis?
1077 3793 1158 3846 An
1186 3795 1268 3848 vel
1293 3797 1404 3863 ipse
1428 3796 1574 3851 solus
1601 3799 1674 3852 rei
1704 3813 1864 3868 aspc-

256 3884 379 3929 ctus
409 3891 516 3930 non
545 3887 596 3931 te
627 3888 800 3948 potest
823 3880 1097 3938 deterrere
1123 3892 1178 3938 et
1198 3883 1266 3938 ad
1296 3885 1717 3941 miscricordiam
1744 3903 1864 3958 per-

257 3966 508 4022 trahere?
538 3970 726 4026 Frater
757 3982 875 4027 tuus
903 3975 1223 4040 in'vinculis,
1253 3987 1303 4031 et
1331 3987 1385 4031 tu
1415 3978 1469 4032 in
1491 3980 1718 4048 segnitie
1744 3996 1866 4034 ver-

256 4061 398 4115 Saris
418 4063 442 4112 2’
470 4061 604 4129 Qua,
633 4079 833 4133 quaeso,
862 4067 1014 4121 venia
1037 4067 1230 4139 dignus
1260 4071 1386 4136 eris,
1414 4067 1496 4125 'sic
1521 4072 1861 4138 inhumanus,

256 4151 673 4220 immisericors,
705 4155 910 4211 durus?
937 4159 1129 4213 Annon
1151 4160 1306 4215 times
1339 4176 1406 4216 ne
1442 4171 1494 4216 te
1518 4161 1865 4218 confabulan-

255 4255 392 4309 tein,
418 4245 653 4314 segniter
674 4255 940 4317 agentem,
965 4251 1343 4320 negligentem,
1367 4252 1577 4308 dromon
1599 4257 1861 4325 quispiam

253 4334 388 4389 inde
412 4337 684 4403 exsiliens,
704 4350 978 4396 vacantem
997 4343 1281 4413 scopisque
1303 4345 1610 4400 mundatam
1628 4349 1860 4403 animant

256 4435 407 4481 tuam
441 4427 592 4484 facile
619 4431 870 4499 invadat,
904 4444 1138 4488 reserata
1184 4437 1348 4490 domo
1376 4441 1624 4514 reperta?
1668 4443 1860 4496 Annon

252 4529 532 4587 oporteret
550 4537 736 4578 omnes
759 4525 848 4579 illo
870 4534 1110 4596 tempore
1132 4529 1394 4600 lacrymas
1415 4530 1689 4587 effundere
1712 4574 1726 4594 .
1753 4549 1864 4588 nia-

255 4613 508 4666 dentibus
527 4627 645 4668 esse
665 4615 855 4684 oculis,
880 4615 1036 4672 ﬂetus
1055 4620 1390 4689 gemituSquc
1427 4638 1519 4690 per
1558 4616 1853 4678 Ecclesiam

255 4703 472 4758 audiri?
497 4707 618 4760 Post
645 4710 1020 4779 mysteriorum
1042 4715 1494 4776 communionem.
1527 4726 1642 4784 post
1667 4716 1864 4772 lavacri

256 4796 492 4851 fructum
516 4837 532 4860 ,
563 4809 680 4868 post
709 4801 893 4856 initam
938 4817 1059 4858 cum
1088 4803 1303 4859 Christo
1329 4807 1637 4862 societatem
1663 4849 1678 4875 ,
1709 4810 1864 4879 lupus

255 4889 351 4943 ille
379 4892 548 4958 potuit
571 4906 636 4946 ex
675 4895 797 4948 ovili
822 4912 987 4967 agnos
1018 4912 1227 4966 rapere,
1261 4906 1316 4952 et
1337 4915 1499 4968 penes
1522 4916 1580 4954 se
1609 4900 1860 4966 retinere;

261 4991 317 5035 ttt
354 4997 481 5036 vero
509 4991 712 5039 tantam
741 5002 970 5042 cernens
993 4990 1350 5045 calamitatem
1386 4977 1498 5045 non
1517 4991 1864 5063 lacrytnaris?

249 5075 381 5139 Quo
406 5085 558 5144 pacto
581 5076 694 5132 lucc
720 5081 923 5146 possint
944 5082 1188 5138 excusari
1206 5081 1229 5134 ?
1250 5082 1364 5136 Non
1392 5085 1470 5137 vis
1494 5082 1670 5138 fratris
1694 5085 1862 5138 vicem

246 5166 488 5222 dolere?
522 5168 721 5222 Saltem
763 5186 857 5239 pro
889 5181 948 5226 'te
975 5181 1156 5227 metue
1180 5184 1233 5228 et
1263 5174 1657 5244 expergiscere.
1678 5174 1752 5230 .Si
1780 5175 1864 5228 vi-

247 5258 370 5314 cini
400 5259 472 5312 tui
502 5259 720 5314 domum
748 5263 1076 5332 conﬂagrare
1106 5264 1318 5319 videres
1343 5307 1357 5332 ,
1403 5266 1611 5320 etiamsi
1656 5267 1702 5320 is
1741 5282 1862 5320 oni-

246 5353 408 5409 nium
435 5353 525 5408 tibi
557 5355 952 5412 inimicissimus
990 5373 1170 5424 esset,
1197 5375 1376 5414 annon
1403 5376 1716 5415 accurrercs
1740 5402 1754 5427 ,
1804 5371 1860 5414 ut

247 5446 564 5502 incendium
592 5449 951 5520 restingueres
1016 5452 1219 5506 veritus
1250 5467 1316 5507 ne
1346 5452 1647 5506 incendium
1683 5452 1865 5521 paula-

252 5542 358 5595 tim
388 5554 611 5607 serpens
639 5537 785 5596 fores
822 5550 940 5597 tuas
981 5543 1292 5598 invaderet?
1326 5543 1558 5613 ldipsum
1586 5545 1635 5598 in
1664 5544 1864 5597 diuino-

249 5633 431 5689 niacis
460 5632 636 5702 cogita
657 5674 670 5698 ,
702 5649 823 5688 nam
850 5634 1153 5690 dicmonum
1186 5636 1404 5705 agitatio
1434 5653 1529 5691 ceu
1560 5636 1862 5690 incendium

323 5750 341 5780 ι
380 5754 450 5820 pe
468 5751 819 5820 energumenis
837 5758 889 5800 et
904 5751 1223 5820 dagrnouiacis
1239 5751 1578 5820 in__I-;cclesiam
1607 5753 1863 5820 mysterio-

248 5823 366 5860 rum
389 5812 847 5879 temporejiuductis
868 5827 895 5862 a
917 5815 1140 5879 .Diacouo
1178 5811 1397 5873 pluriliits
1419 5826 1639 5879 agemus,
1658 5811 1758 5863 ’ubi
1798 5814 1862 5862 de

250 5871 453 5936 iiturgia
477 5879 530 5923 et
552 5871 884 5929 celebratione
908 5871 1268 5932 mysteriorum.

1184 377 1270 435 DE
1311 379 1998 442 iNCOllPRElIENSlBlLI
2043 391 2150 445 lllil
2192 392 2495 450 NATURA.
2541 395 2632 452 IV.

3458 405 3576 461 751»

1971 507 2240 575 quoddam
2269 511 2552 566 exitiosum
2585 523 2686 568 est.
2715 514 2859 571 Cave
2901 529 3031 588 ergo
3061 530 3130 574 ne
3167 514 3384 574 daemon
3437 523 3572 577 ultra

1972 612 2290 668 progressus
2310 603 2543 657 animam
2573 605 2787 660 invadat
2811 616 2954 662 tuam
2976 625 2989 661 :
3013 623 3075 663 ac
3100 623 3222 663 cum
3255 618 3576 680 praesentem

1970 686 2168 744 videris
2196 730 2210 754 ,
2238 691 2522 762 diligenter
2561 695 2627 749 ad
2676 696 2959 751 Dominum
2996 697 3309 768 confugias:
3354 707 3414 752 ut
3454 715 3576 753 cum

1971 778 2181 835 daemon
2211 791 2264 837 te
2291 785 2470 839 animo
2494 785 2721 842 ferventi
2751 789 3089 860 excitatoque
3116 790 3341 856 viderit,
3372 791 3576 846 nullum

1972 873 2072 928 sibi
2107 876 2248 943 apud
2281 885 2332 933 te
2364 878 2564 934 aditum
2593 897 2712 936 esse
2755 883 3034 953 intelligat.
3075 884 3130 940 Si
3168 885 3309 940 enim
3350 894 3402 939 te
3432 886 3575 939 osci-

1973 977 2174 1023 tantem
2216 981 2519 1049 et_segnem
2562 971 2793 1039 viderit,
2837 983 2895 1031 ut
2919 976 3192 1032 desertum
3223 976 3576 1031 diversorium

1973 1057 2219 1125 invadet;
2251 1059 2332 1116 'sin
2360 1062 2666 1133 vigilan'em
2691 1074 2745 1120 et
2775 1066 3058 1129 intentum.
3087 1066 3334 1135 caelisqu':
3362 1066 3569 1120 haeren-

1975 1158 2102 1215 tem,
2134 1168 2200 1207 ne
2227 1154 2420 1208 intueri
2441 1155 2656 1224 quidem
2683 1157 2917 1212 audebit.
2943 1155 3124 1227 Itaque
3151 1156 3195 1211 si
3226 1155 3441 1211 fratrem
3471 1166 3576 1208 non

1971 1257 2166 1308 curas,
2215 1244 2404 1300 saltem
2460 1247 2550 1301 tibi
2573 1249 2792 1302 consule
2823 1289 2838 1312 ,
2883 1248 3186 1318 animmque
3232 1258 3336 1302 tuae
3376 1235 3577 1300 aditum

1972 1334 2204 1404 maligno
2224 1334 2456 1391 dacmoni
2483 1339 2724 1394 occlude.
2749 1339 2890 1394 Nihil
2913 1349 3090 1395 autem
3119 1339 3341 1409 perinde
3371 1339 3467 1408 ipsi
3497 1340 3579 1393 in-

1971 1438 2214 1492 gressum
2241 1428 2308 1480 ad
2344 1442 2440 1483 nos
2470 1429 2758 1485 occludere
2787 1430 2945 1497 solet,
2979 1439 3139 1499 atque
3164 1432 3337 1485 oratio
3360 1440 3414 1486 et
3441 1445 3572 1499 snp-

1973 1515 2184 1582 plicatio
2204 1516 2437 1571 assidua.
2471 1517 2600 1572 Nam
2629 1519 2772 1589 quod
2802 1520 3066 1575 Diaconus
3090 1521 3340 1574 omnibus
3385 1519 3582 1589 praeci-

1973 1605 2081 1674 piat
2105 1605 2188 1661 liis
2211 1608 2424 1663 verbis:
2455 1608 2626 1664 Erecti
2651 1620 2838 1665 stemus
2863 1611 3014 1683 probe
3041 1609 3327 1683 (Liturgia:
3360 1608 3578 1681 verba),

1972 1711 2076 1750 non
2108 1695 2306 1752 frustra
2336 1706 2644 1770 temereqpe
2673 1709 2929 1754 statutum
2958 1710 3034 1756 est
3058 1717 3072 1767 ;
3099 1700 3194 1756 sed
3225 1711 3282 1754 ut
3311 1699 3460 1753 humi
3487 1713 3580 1754 re-

1973 1795 2158 1857 pentes
2184 1789 2534 1858 cogitationes
2555 1791 2844 1861 erigamus,
2871 1801 3031 1861 utque
3057 1792 3338 1862 segnitiem
3367 1790 3582 1844 smcula.

1980 1879 2297 1936 ribusxuris
2327 1862 2531 1951 partam
2554 1883 2830 1952 ejicientes
2850 1926 2863 1948 ,
2899 1893 3100 1939 rectam
3127 1897 3304 1937 coram
3335 1883 3444 1937 Deo
3468 1881 3583 1935 ani-

1972 1984 2116 2044 mam
2162 1981 2398 2027 nostram
2447 1981 2684 2030 statuere
2730 1975 3018 2044 possimus.
3060 1974 3212 2041 Quod
3253 1983 3432 2028 autem
3480 1972 3583 2028 hoc

1973 2041 2156 2116 verum
2189 2063 2276 2129 sit,
2305 2063 2553 2134 quodque
2577 2080 2684 2118 non
2711 2080 2908 2135 corpus
2937 2067 3052 2120 haec
3077 2064 3236 2119 verba
3265 2048 3579 2135 respiciant,

1971 2153 2065 2208 sed
2087 2155 2320 2209 animam
2342 2171 2500 2226 quam
2521 2157 3017 2228 crigerejubcmur,
3039 2157 3318 2212 audiamus
3335 2155 3580 2222 Paulum,

1976 2231 2166 2301 eodem
2209 2247 2368 2304 modo
2410 2248 2498 2303 illa
2528 2249 2780 2320 loquendi
2811 2249 3035 2304 formula
3069 2266 3246 2303 usum.
3274 2249 3409 2305 Cum
3439 2249 3581 2303 enini

1975 2338 2142 2408 lapsis
2183 2350 2234 2395 et
2278 2356 2635 2396 mrumnarum
2678 2342 2818 2396 mole
2846 2356 2982 2411 pene
3012 2341 3421 2410 desperantibus
3451 2339 3582 2395 scri-

1973 2430 2124 2485 beret
2144 2473 2158 2496 ,
2191 2431 2402 2486 dicebat
2435 2450 2447 2485 :
2480 2431 2690 2487 Solutus
2730 2449 2911 2486 manus
2939 2441 2985 2486 et
3006 2431 3174 2486 soluta
3195 2447 3358 2503 genua
3405 2431 3582 2502 erigite

1972 2520 2265 2590 (Heb.12.
2298 2522 2428 2593 12).
2471 2526 2552 2578 An
2597 2523 2892 2578 dixerimus
2937 2523 3086 2578 illum
3129 2522 3196 2578 de
3236 2522 3482 2583 manibus
3529 2529 3583 2578 et

1971 2614 2196 2683 genibus
2221 2615 2495 2685 corporeis
2519 2614 2698 2686 lcqui?
2723 2615 2943 2670 Minime
2984 2633 2998 2670 :
3029 2630 3203 2686 neque
3232 2614 3374 2668 enim
3402 2613 3581 2669 homi-

1973 2720 2070 2762 nes
2099 2706 2284 2759 cursui
2331 2716 2386 2760 et
2434 2707 2817 2761 certaminibus
2845 2705 3056 2761 deditos
3100 2706 3429 2775 alloquitur,
3484 2705 3581 2760 sed

1971 2796 2115 2851 vires
2140 2797 2522 2865 cogi'ationum
2554 2812 2584 2850 a
2611 2797 2994 2852 tentationibus
3021 2805 3317 2867 prostratas
3345 2795 3428 2850 his
3455 2811 3581 2851 ver-

1971 2885 2054 2940 bis
2075 2887 2311 2943 excitare
2337 2886 2505 2956 jubet.
2535 2887 2721 2958 Cogita
2757 2887 2843 2942 cui
2874 2888 3117 2957 proxime
3141 2887 3341 2951 adstes,
3371 2901 3435 2942 ac
3463 2887 3582 2956 qui—

1971 2979 2194 3034 buscum
2230 2979 2395 3035 Deum
2420 2979 2762 3035 invocatur-us
2781 2979 2874 3044 sis,
2899 2980 3102 3034 scilicet
3126 2995 3245 3034 cum
3269 2977 3579 3034 Clierubim.

1970 3069 2353 3125 Animadverte
2383 3086 2517 3140 quos
2561 3071 2758 3126 lzabeas
2802 3071 3011 3135 socios,
3042 3071 3202 3140 ithue
3234 3071 3324 3124 tibi
3348 3070 3414 3124 ad
3444 3071 3579 3141 vigio

1971 3162 2188 3217 lantiam
2235 3165 2365 3218 satis
2393 3165 2531 3231 erit,
2565 3180 2685 3219 cum
2717 3175 2893 3219 tecum
2941 3166 3272 3234 reputaveris
3319 3174 3371 3219 te
3414 3179 3580 3221 carne

1971 3256 2212 3311 indutum
2230 3266 2284 3311 et
2303 3271 2528 3326 Corpore
2545 3274 2664 3312 cum
2690 3259 3020 3327 incorporeis
3042 3259 3323 3314 virtutibus
3345 3259 3410 3312 ad
3429 3272 3578 3313 tom-

1976 3363 2192 3401 munem
2216 3347 2495 3402 Dominum
2513 3349 2892 3405 celebrandum
2913 3348 3142 3404 adscribi
3161 3349 3388 3419 dignari.
3407 3347 3580 3403 Nemo

1971 3429 2134 3508 igitur
2169 3439 2348 3493 animo
2386 3439 2624 3495 resoluto
2654 3453 2836 3494 sacras
2862 3439 2980 3495 illas
3010 3438 3063 3494 et
3095 3439 3346 3510 mysticas
3391 3439 3581 3494 laudes

1971 3528 2164 3595 adeat;
2195 3544 2357 3584 nemo
2394 3530 2683 3585 srcculares
2712 3540 2838 3584 tunc
2866 3531 3122 3599 temporis
3146 3530 3497 3599 cogitationes
3524 3530 3574 3585 in

1971 3629 2150 3674 mente
2175 3629 2390 3675 verset:
2423 3621 2518 3675 sed
2552 3623 2784 3676 terrenis
2811 3621 3062 3676 omnibus
3091 3623 3348 3692 expulsis,
3387 3622 3440 3676 in
3467 3638 3578 3678 ea:-

1970 3712 2080 3764 lum
2108 3726 2167 3766 se
2193 3720 2359 3765 totum
2393 3711 2696 3779 transferat,
2728 3728 2791 3768 ac
2815 3712 2978 3787 quasi
2993 3712 3059 3766 ad
3090 3712 3341 3781 thronum
3383 3713 3572 3783 gloria)

1969 3801 2254 3865 admotus,
2284 3801 2720 3872 cum‘Serapliim
2770 3803 3015 3868 volaret,
3057 3802 3136 3856 sic
3175 3802 3573 3858 sanctissimum

1970 3893 2229 3965 hymnum
2288 3893 2572 3965 magnifico
2629 3893 3126 3965 gloriosissimoque
3174 3893 3286 3948 Deo
3343 3894 3574 3949 emittat.

1971 3991 2094 4047 Ideo
2121 4000 2247 4048 tunc
2277 3994 2532 4064 temporis
2555 3994 2722 4063 probe
2745 4004 2889 4050 stare
2912 3992 3184 4065 jubemur.
3209 3993 3384 4048 Probe
3425 4005 3580 4045 nam-

1970 4098 2078 4152 que
2107 4091 2250 4138 stare
2281 4084 2414 4138 nihil
2460 4084 2618 4147 aliud.
2650 4092 2772 4152 est,
2805 4100 2966 4156 quam
2994 4085 3067 4140 ita
3094 4093 3238 4141 stare
3261 4124 3277 4150 ,
3320 4091 3380 4138 ut
3416 4081 3576 4138 decet

1969 4173 2242 4230 hominem
2269 4175 2483 4231 adstare
2531 4175 2674 4231 Deo:
2717 4191 2914 4246 nempe
2945 4192 3067 4232 eum
3119 4175 3344 4230 horrore
3381 4183 3436 4228 et
3463 4184 3575 4228 tre-

1969 4281 2142 4333 more,
2174 4281 2293 4321 cum
2315 4268 2496 4321 animo
2524 4269 2665 4338 vigili
2694 4276 2747 4322 et
2774 4269 3034 4337 diligenti.
3067 4267 3197 4322 Nam
3230 4269 3330 4321 hoc
3359 4281 3572 4336 quoque

1969 4357 2170 4411 dictum
2201 4358 2266 4411 ad
2291 4359 2527 4412 animam
2570 4360 2839 4428 pertinere
2877 4348 3075 4415 Paulus
3108 4373 3317 4412 rursum
3359 4357 3568 4426 signifi-

1967 4448 2107 4502 cavit
2132 4448 2213 4501 his
2239 4443 2442 4512 verbis,
2459 4448 2548 4512 Sic
2565 4459 2694 4504 state
2720 4450 2771 4503 iu
2791 4449 3571 4520 Domino,carissimi(Philipp.

1969 4540 2142 4608 4.1).
2185 4541 2642 4607 Quemadmodum
2674 4543 2815 4595 enim
2854 4542 3161 4612 sagittarius
3205 4543 3249 4595 si
3279 4550 3426 4596 recte
3469 4543 3571 4594 tela

1969 4630 2193 4686 fundere
2225 4632 2371 4698 wlit,
2406 4633 2577 4702 primo
2605 4633 2827 4703 gradum
2855 4633 3248 4703 stationetnque
3285 4641 3575 4702 componat

1969 4732 2216 4794 Oportet:
2243 4723 2436 4779 deinde
2465 4740 2495 4778 e
2524 4725 2741 4795 regione
2766 4725 2912 4794 scepi
2933 4720 3216 4794 di'igentcr
3237 4727 3440 4794 positus
3471 4725 3572 4778 tela

1965 4798 2148 4882 jacere
2193 4815 2414 4880 nititur;
2443 4816 2521 4871 sic
2550 4825 2604 4870 et
2647 4825 2699 4870 tu
2727 4816 2977 4871 infestum
3008 4815 3205 4870 diaboli
3251 4826 3410 4886 caput
3458 4815 3579 4870 telis

1969 4907 2311 4976 impclitttrus
2337 4948 2354 4972 ,
2399 4908 2782 4978 cogitationum
2833 4915 3030 4962 statum
3077 4907 3251 4977 primo
3291 4923 3448 4963 cures
3472 4948 3487 4972 ,
3521 4915 3580 4962 ut

1966 5011 2176 5053 τεοιυιιι
2206 5001 2323 5052 sine
2347 4999 2500 5054 obice
2525 4999 2753 5070 gradum
2792 5008 3037 5054 statuens
3060 5039 3076 5065 ,
3107 4999 3273 5068 probe
3301 5008 3486 5053 contra
3517 4998 3577 5052 il-

1969 5091 2080 5146 lttm
2109 5093 2208 5147 tela
2238 5093 2468 5147 emittas.
2518 5103 2520 5105 '

2043 5207 2096 5262 6.
2129 5207 2512 5276 Marsupiomm
2540 5216 2755 5261 sectores
2791 5207 2843 5260 in
2874 5205 3282 5260 concione.-—Et
3307 5204 3423 5259 haec
3458 5205 3572 5272 qui-

1971 5301 2094 5356 dem
2132 5303 2202 5356 tle
2227 5295 2514 5355 oratione.~
2542 5299 2676 5358 (luia
2721 5315 2851 5354 vero
2904 5308 3098 5367 printer
3146 5298 3426 5366 segnitiem
3471 5299 3486 5329 ¹
3521 5298 3574 5352 in

1974 5397 2179 5450 orando
2207 5393 2350 5448 aliud
2375 5393 2646 5463 quidpiam
2675 5389 2965 5461 admodum
2997 5390 3353 5459 perniciosum
3385 5387 3573 5441 diabo-

1971 5488 2053 5542 lus
2084 5486 2430 5556 excogitavit,
2461 5484 2547 5539 hic
2575 5498 2789 5553 quoque
2825 5482 3002 5536 aditus
3031 5480 3129 5551 ipsi
3166 5478 3573 5548 prtecludendus

1971 5591 2073 5634 est.
2107 5581 2243 5646 Quid
2270 5578 2398 5647 ergo
2425 5578 2549 5632 mali
2578 5577 2916 5633 machinatus
2940 5585 3023 5630 est
3042 5573 3315 5643 improbus
3347 5573 3437 5626 ille
3461 5570 3572 5625 dte-

1973 5674 2142 5728 mon?
2175 5672 2278 5726 Vos
2307 5685 2532 5726 cernens
2555 5680 2824 5740 tamquam
2845 5683 2955 5723 uno
2979 5681 3208 5737 corpore
3238 5673 3567 5736 compactos,

2041 5849 2056 5881 ⁸
2092 5855 2191 5898 Duo
2235 5846 2436 5907 habent,
2479 5851 2656 5910 printer
2698 5854 2895 5897 sacrum
2932 5839 3211 5914 gaudium.-
