4186 6326
651 513 923 580 multoque
947 509 1124 563 studio
1143 508 1298 562 dictis
1323 507 1680 573 attendentes,
1713 524 1817 560 non
1845 523 2003 561 ausus
2024 509 2236 576 quidem

651 613 734 654 est
765 617 829 655 ex
858 601 1116 653 ministris
1143 601 1253 652 suis
1281 598 1486 666 aliquos
1514 600 1743 658 mittere,
1771 599 1869 667 .qui
1893 613 1986 650 vos
2015 599 2240 651 consilio

653 693 968 758 hr-rtatuque
998 705 1096 743 suo
1120 704 1148 740 a
1181 689 1524 743 concionibus
1553 688 1893 753 abducerent,
1922 704 2119 756 gnarus
2146 705 2238 741 ve-

653 796 819 834 strum
851 783 1116 834 neminem
1147 781 1248 833 tale
1271 781 1550 834 consilium
1573 780 1928 832 admissurum
1960 795 2078 833 0:58
2104 798 2116 831 2
2149 780 2241 832 sed

651 871 909 940 quosdam
927 872 1251 924 latrunculos
1263 880 1314 923 et
1332 872 1719 940 marsupiorum
1740 880 1975 924 sectores
2001 872 2238 923 multitu-

653 965 762 1015 dini
801 963 1118 1024 immiscuit,
1150 965 1459 1030 curavitque
1477 973 1534 1015 ut
1564 965 1740 1016 multis
1773 965 1857 1016 hic
1880 965 2238 1031 congregatis,

653 1068 865 1118 aurum,
894 1055 1034 1118 quod
1069 1055 1288 1122 ligatum
1320 1053 1644 1118 servabant,
1678 1053 2072 1121 subriperetur,
2102 1054 2241 1120 quod

652 1162 796 1214 cepe
822 1147 1104 1213 multisque
1135 1145 1375 1212 conligit.
1403 1143 1479 1198 Ne
1507 1146 1662 1212 igitur
1686 1147 1754 1197 ita
1787 1161 1998 1213 semper
2029 1145 2243 1197 coutin-

655 1248 764 1306 gat,
803 1252 934 1289 neve
973 1238 1316 1302 [.ecuniarnm
1353 1238 1559 1304 jactura
1598 1236 1845 1290 audiendi
1888 1237 2118 1289 studium
2146 1251 2242 1288 ex-

658 1329 912 1395 stinguat,
943 1329 1122 1380 multis
1153 1329 1201 1379 in
1245 1327 1350 1381 tale
1378 1328 1630 1381 damnum
1659 1328 2031 1389 incidentibus,
2061 1327 2246 1380 hortor

660 1433 752 1469 vos
774 1428 1064 1487 auctorque
1092 1434 1208 1471 sum
1241 1419 1390 1472 vobis
1420 1419 1689 1478 omnibus,
1718 1434 1784 1470 ne
1813 1434 2000 1470 aurum
2035 1418 2135 1470 huc
2161 1418 2243 1468 af-

660 1507 841 1561 feratis
863 1550 877 1570 ,
924 1524 989 1561 ne
1022 1518 1254 1560 vestrum
1295 1509 1625 1561 auscultandi
1652 1508 1888 1560 studium
1928 1524 2111 1560 ansam
2141 1509 2247 1561 illis

662 1598 897 1666 pra-beat
928 1600 1066 1652 male
1090 1599 1316 1666 agendi,
1347 1614 1477 1651 neve
1504 1599 1776 1667 voluptas,
1807 1615 1962 1668 quam
2003 1600 2087 1653 hic
2127 1615 2250 1653 ver-

660 1695 840 1739 santes
867 1689 1135 1755 percipitis
1162 1728 1173 1746 .
1206 1689 1317 1739 auri
1366 1687 1508 1741 furto
1552 1689 1886 1742 obturbetur.
1940 1689 2148 1742 Etenim
2195 1690 2244 1742 id

661 1777 903 1831 diabolus
929 1780 1142 1830 molitur
1182 1794 1286 1831 non
1318 1788 1373 1830 ut
1397 1794 1491 1831 vos
1516 1779 1860 1847 pauperiores
1904 1779 2112 1843 reddat,
2153 1781 2247 1833 sed

665 1879 724 1921 ut
752 1871 988 1937 pecunia:
1006 1871 1234 1938 jactura,
1261 1886 1545 1925 mmrorem
1575 1873 1817 1941 pariens,
1849 1876 1915 1925 ab
1939 1875 2247 1927 auscultan-

662 1960 713 2013 di
745 1962 1032 2029 cupiditate
1055 1977 1146 2014 vos
1173 1962 1414 2015 abducat.
1443 1962 1574 2015 Nam
1607 1972 1660 2016 et
1683 1963 1783 2018 Job
1814 1980 1917 2017 non
1945 1966 2067 2018 ideo
2097 1966 2250 2018 bouis

666 2052 914 2105 omnibus
941 2052 1212 2120 spoliavit,
1246 2061 1300 2105 ut
1330 2055 1695 2121 pauperiorem
1723 2057 1980 2120 efficeret,
2013 2057 2105 2110 sed
2135 2068 2190 2109 ut
2219 2073 2247 2110 a

665 2143 861 2210 pietate
885 2141 1198 2214 deturbaret
1223 2159 1235 2194 :
1268 2161 1370 2198 non
1401 2146 1476 2198 illi
1506 2162 1700 2215 seopus
1731 2158 1844 2200 emt
1865 2191 1878 2211 ,
1909 2160 1964 2202 ut
2000 2151 2248 2216 pecunias

663 2231 918 2298 auferret,
947 2235 1140 2303 quippe
1165 2237 1254 2304 qui
1283 2237 1415 2289 n'hil
1438 2237 1486 2290 id
1509 2253 1628 2292 esse
1658 2241 1840 2304 sciret,
1869 2242 1963 2294 sed
1995 2254 2046 2294 ut
2081 2242 2251 2295 facul-

666 2333 832 2379 L-ttum
854 2327 1134 2395 dispendio
1161 2331 1215 2382 in
1242 2341 1514 2399 peccatum
1540 2325 1831 2387 induceret.
1861 2334 2011 2400 Quod
2038 2320 2252 2403 quidem

666 2417 712 2470 si
744 2417 918 2472 facere
947 2431 1194 2490 nequeat,
1226 2438 1510 2490 numquam
1535 2439 1592 2477 se
1615 2440 1728 2477 rem
1753 2425 1884 2478 bene
1905 2429 2136 2494 gessisse
2156 2445 2252 2495 pu-

667 2511 817 2564 tabit.
849 2512 981 2565 Cum
1012 2529 1138 2583 ergo
1165 2515 1282 2583 ejus
1312 2531 1528 2584 scopum
1559 2525 1760 2579 teneas,
1800 2521 2096 2585 carissime,
2129 2536 2250 2572 cum

669 2612 722 2656 te
753 2604 831 2656 vel
862 2603 1036 2658 furum
1059 2622 1240 2675 opera,
1274 2609 1353 2662 vel
1383 2609 1484 2661 alia
1510 2610 1695 2676 quavis
1721 2612 1922 2664 ratione
1952 2627 2081 2664 auro
2111 2613 2250 2664 mul-

667 2699 890 2748 ctavcrit
911 2738 928 2757 ,
947 2698 1168 2765 gloriam
1199 2699 1423 2752 Domino
1446 2700 1664 2764 referas,
1696 2713 1748 2755 e:
1768 2704 1994 2771 amplius
2021 2704 2254 2757 lucratus

671 2784 854 2850 fueris,
907 2788 1279 2858 duplicemque
1327 2791 1423 2858 ipsi
1457 2791 1660 2859 plagam
1693 2792 1932 2860 intl3ges,
1975 2795 2115 2862 quod
2148 2811 2252 2847 non

671 2875 898 2929 moleste
916 2877 1117 2942 tuleris,
1137 2879 1382 2947 quodque
1413 2882 1609 2948 gratias
1620 2882 1812 2950 egeris.
1832 2881 1961 2935 Nam
1977 2885 2019 2936 si
2038 2892 2088 2936 te
2107 2883 2255 2936 vide-

674 2965 956 3018 ritdamno
982 2971 1326 3035 pecuniarum
1358 2970 1546 3039 frangi,
1577 2987 1746 3040 eoque
1771 2974 1960 3027 adduci
1993 2987 2045 3027 ut
2080 2976 2254 3028 Domi-

676 3070 746 3109 uo
774 3055 1041 3123 irascaris,
1066 3077 1351 3128 numquam
1377 3063 1534 3114 linem
1559 3061 1713 3115 faciet
1735 3063 1783 3115 id
1808 3065 2028 3133 agendi;
2059 3069 2139 3118 sin
2168 3067 2259 3118 ad-

1461 3195 1812 3206 ——*~_____

1334 3197 3323 3380 Bmaaa‘pm

1363 391 1420 449 3.
1460 392 1734 449 JOANNIS
1771 392 2245 448 ειιῐιγεοδτοιιι
2290 394 2605 449 .tl‘iCllIl-IP.
2648 396 3183 453 CONSTANTINOP.

3805 395 3916 451 738

2347 521 2516 561 vertat
2546 519 2596 563 te
2623 527 2726 562 non
2759 512 2918 564 modo
2967 527 3070 564 non
3115 513 3482 582 blasphemare
3517 512 3720 578 Deum,
3755 513 3846 582 qui
3880 521 3936 566 te

2345 609 2564 658 creavd,
2591 600 2683 650 sed
2705 603 2863 651 etiam
2895 601 2992 668 ipsi
3021 602 3088 654 de
3113 602 3316 668 jactura
3342 603 3538 670 gratias
3560 617 3738 671 agere,
3762 617 3791 654 a
3814 592 3923 655 teti-

2347 691 2638 742 tationibus
2664 690 2954 743 inferendis
2977 692 3216 756 absistet,
3243 708 3438 761 gnarus
3457 695 3816 748 molestiarum
3839 709 3936 746 es-

2348 783 2699 848 perimentum
2727 783 2818 835 tibi
2840 785 3128 850 gratiarum
3154 785 3378 836 aetionis
3397 795 3764 853 argumentum
3788 799 3933 847 esse,

2347 888 2409 926 ac
2438 873 2855 940 splendidiorem
2895 872 2986 925 tibi
3015 888 3267 927 coronam
3297 875 3553 942 pluraque
3593 875 3809 943 praemia
3841 889 3936 941 pa.

2348 979 2485 1016 rere.
2513 964 2663 1027 Quod
2695 965 2854 1015 etiam
2886 963 3114 1030 ipsi/Job
3139 964 3348 1017 accidit.
3376 966 3508 1018 Cum
3535 967 3678 1017 enim
3708 963 3938 1018 sublatis

2347 1054 2558 1120 opibus,
2594 1056 2972 1122 vulneratoque
2994 1067 3241 1121 corpore,
3265 1055 3395 1107 vidit
3417 1057 3564 1107 illum
3590 1056 3788 1124 gratias
3811 1069 3940 1122 age-

2349 1161 2428 1206 re,
2462 1162 2565 1197 non
2595 1147 2729 1198 ultra
2783 1147 2954 1213 ipsum
2998 1146 3210 1214 aggredi
3241 1161 3403 1199 ausus
3429 1157 3541 1210 est;
3594 1147 3687 1200 sed
3718 1148 3855 1212 turpi
3881 1156 3940 1198 et

2350 1235 2699 1302 ignominiosa
2717 1236 2868 1289 clade
2890 1236 3196 1304 proﬂigatus
3217 1237 3629 1299 absceSsit,cum
3654 1237 3744 1288 Dei
3762 1237 3940 1288 athle-

2351 1333 2457 1376 tam
2509 1326 2848 1377 illustriorem
2898 1326 3236 1378 reddidisset.
3293 1327 3418 1379 llmc
3445 1327 3604 1395 igitur
3647 1342 3767 1379 cum
3796 1327 3940 1378 scia-

2351 1429 2489 1478 mus,
2523 1430 2686 1466 unum
2717 1415 2991 1468 dumtaxat
3030 1425 3358 1479 metuamus,
3395 1425 3668 1484 peccatum
3695 1431 3886 1482 nemle
3923 1434 3938 1468 :

2351 1513 2545 1557 cetera
2575 1520 2701 1557 vero
2727 1516 2945 1558 strenue
2972 1507 3281 1570 toleremus,
3329 1508 3446 1558 sive
3475 1507 3817 1573 pecuniarum
3859 1506 3943 1573 ja-

2353 1607 2581 1660 cturam,
2611 1598 2723 1650 sive
2745 1600 2986 1664 corporis
3007 1599 3400 1666 :Pgritttdittem,
3432 1599 3543 1650 sive
3570 1599 3901 1652 calamitates
3924 1639 3940 1661 ,

2353 1688 2465 1742 sive
2494 1688 2686 1740 damna
2713 1696 2766 1742 et
2791 1687 3188 1758 sycophantias,
3212 1688 3325 1740 sive
3354 1687 3492 1740 aliud
3525 1679 3792 1756 quidpiam
3821 1701 3944 1738 mo-

2320 1759 2335 1770 ’
2357 1780 2547 1830 lestum
2593 1778 2872 1831 inferatur.
2919 1777 3043 1831 [Izcc
3070 1780 3265 1847 quippe
3291 1786 3477 1829 natura
3507 1792 3600 1830 sua
3632 1793 3738 1829 non
3768 1777 3945 1829 solum

2356 1885 2452 1923 nos
2471 1870 2793 1922 detrimento
2812 1870 3022 1924 afﬁcere
3037 1881 3302 1939 nequeunt
3316 1873 3356 1934 ',
3372 1871 3462 1922 sed
3486 1872 3642 1922 etiam
3658 1868 3948 1921 admodum

2348 1961 2628 2030 juvabunt,
2659 1960 2784 2012 dum
2815 1961 3013 2029 gratias
3047 1961 3254 2029 agendo
3281 1961 3512 2014 feramus
3533 2001 3546 2020 ,
3581 1961 3953 2028 majore-inque

2358 2053 2510 2105 nobis
2553 2051 2779 2105 aﬂ‘crent
2807 2052 3130 2105 mercedem.
3176 2051 3333 2104 Vides
3369 2054 3565 2119 quippe
3608 2053 3776 2118 ipsum
3807 2050 3948 2111 Job,

2359 2156 2634 2214 postquam
2666 2145 2933 2212 patientia:
2974 2154 3028 2197 et
3067 2143 3275 2196 virtutis
3303 2159 3501 2196 corona
3533 2142 3809 2195 redimitus
3836 2152 3948 2202 est,

2356 2254 2416 2290 ea
2447 2254 2566 2305 qua:
2592 2238 2843 2290 amiserat
2872 2237 3030 2304 dupla
3064 2237 3351 2309 recepisse.
3381 2236 3458 2288 Tu
3485 2251 3610 2288 ιρι-ο
3633 2249 3736 2287 non
3760 2235 3949 2301 dupla,

2358 2341 2443 2382 aut
2466 2329 2714 2398 triplicia,
2745 2327 2838 2380 sed
2865 2327 3114 2395 centupla
3140 2328 3317 2380 Omnia
3346 2326 3590 2392 recipies,
3618 2326 3660 2378 si
3683 2339 3955 2392 generose

2363 2419 2529 2479 feras,
2571 2429 2625 2471 et
2676 2419 2836 2470 vitam
2869 2430 3123 2471 :clcrnam
3179 2417 3231 2469 in
3285 2416 3647 2469 [nereditatem
3697 2415 3953 2481 accipies,

2359 2526 2516 2578 quam
2571 2511 2772 2562 utinam
2821 2524 3009 2562 omnes
3047 2523 3473 2576 consequamur,
3504 2509 3671 2575 gratia
3698 2518 3754 2560 et
3801 2507 3958 2560 beni-

2359 2605 2560 2672 gnitate
2593 2593 2803 2655 Domini
2835 2601 3002 2677 nostri
3031 2599 3158 2654 Jesu
3188 2598 3422 2662 Christi,
3455 2599 3538 2651 cui
3563 2598 3728 2666 gloria
3767 2608 3822 2649 et
3852 2598 3958 2648 im-

2362 2698 2565 2766 perium
2614 2710 2755 2748 nunc
2801 2705 2852 2749 et
2880 2708 3114 2762 semper,
3158 2700 3213 2746 et
3253 2691 3305 2743 in
3349 2690 3538 2744 secula
3583 2690 3904 2742 seculorum
3940 2729 3957 2754 ,

2365 2791 2556 2842 Amen.

2426 2958 2440 2982 ι
2472 2957 2558 2997 Pro
2584 2949 2766 3004 verbis,
2797 2949 2895 2995 sire
2917 2945 3074 3009 alunt“
3107 2941 3358 3009 quidpieru
3400 2940 3658 3009 molestum.
3687 2938 3961 3009 inferam,

2360 3013 2456 3060 duo
2474 3013 2665 3061 codices
2687 3003 2867 3063 ferunt,
2887 3007 2984 3055 sire
3007 3003 3142 3053 aliud
3162 3004 3406 3069 quoddam
3429 3003 3740 3069 infos‘tmn'ron
3753 3003 3963 3069 ingruat

2362 3075 2504 3124 tabis.
2534 3083 2711 3121 uorwn
2735 3062 2860 3119 enim
2890 3076 3063 3116 natura
3086 3062 3184 3115 non
3201 3065 3353 3115 saltim
3369 3062 3496 3113 tubis
3519 3076 3609 3110 utut
3631 3062 3832 3116 nixi-bit,
3860 3067 3960 3107 etc.

3753 3184 3963 3194 __.—-——

2005 3476 2248 3536 coa'r’na
2293 3492 2644 3537 monitos.

1961 3617 2337 3652 murram:
2347 3617 2546 3652 vn'm
2555 3616 2682 3651 Hm

1214 3746 1426 3789 ιιυιιιωιι
1467 3751 1681 3798 QUIXTA.

757 3892 808 3945 l.
849 3891 946 3957 Qui
976 3892 1234 3960 prolixius
1262 3902 1627 3959 argumentum
1650 3932 1664 3954 ,
1693 3891 1980 3962 multisque
2006 3894 2272 3945 sermoni-

684 3982 783 4035 bus
811 3997 971 4049 egens
1000 3996 1346 4048 aggressurus
1367 3991 1466 4044 est,
1501 3980 1642 4049 quod
1680 3995 1782 4032 non
1807 3997 1911 4033 uno
1937 3981 2142 4035 duobus
2174 3982 2271 4033 tri-

686 4073 851 4127 busvc
890 4051 982 4127 sed
1034 4074 1186 4139 longe
1221 4073 1459 4140 pluribus
1509 4072 1699 4124 diebus
1743 4073 2019 4127 absolvere
2068 4075 2270 4141 possit,

688 4163 810 4217 huic
838 4164 1087 4231 eXpedire
1123 4174 1288 4231 puto,
1323 4173 1379 4214 ut
1410 4178 1511 4216 non
1544 4171 1706 4216 totam
1757 4162 2038 4216 confertim
2068 4164 2273 4217 doctri-

689 4269 810 4306 nam
841 4255 891 4306 in
914 4253 1211 4306 auditorum
1240 4254 1446 4305 animos
1475 4253 1728 4315 eﬂ'undat,
1760 4252 1855 4310 sed
1880 4263 1933 4305 ut
1966 4262 2129 4305 totum
2155 4254 2274 4322 p‘u-

689 4359 775 4396 res
802 4345 852 4395 in
879 4353 1053 4410 partes
1095 4343 1400 4405 dividendo,
1433 4344 1529 4396 hac
1568 4343 1938 4397 distributione
1968 4345 2133 4397 levius
2157 4345 2277 4396 red-

688 4433 722 4484 tl
745 4443 778 4485 .t
800 4417 1064 4484 orationis
1083 4447 1235 4484 onus.
1287 4432 1416 4484 Nam
1453 4432 1646 4500 lingua,
1679 4431 1909 4492 auditus,
1943 4442 1996 4484 et
2023 4448 2272 4484 sensuum

693 4534 997 4577 nostrorqu
1025 4525 1236 4586 singuli,
1271 4523 1508 4586 modum,
1556 4525 1764 4591 regulas
1793 4525 2150 4591 terminosque.
2178 4524 2274 4574 ha—

693 4615 846 4677 bent,
893 4626 1026 4681 quos
1055 4614 1097 4666 si
1128 4615 1244 4682 quis
1286 4613 1578 4681 transgredi
1606 4613 1768 4677 velit,
1801 4629 1828 4664 a
1865 4623 2128 4681 praesente
2160 4601 2276 4664 “sibi

695 4710 938 4762 facultate
972 4709 1236 4777 dejicitur.
1284 4706 1416 4772 Quid
1445 4708 1584 4760 etti'n
1606 4747 1620 4770 ,
1668 4721 1864 4773 qumso,
1895 4705 2011 4758 luce
2035 4705 2280 4758 dulcius?

695 4801 828 4866 Quid
875 4801 1022 4853 radio
1060 4799 1391 4867 jucundius?
1441 4799 1686 4850 Attamen
1741 4796 1853 4850 haec
1883 4797 2134 4861 suavitas,
2162 4795 2282 4848 lure

697 4893 973 4958 voluptas,
1005 4893 1046 4942 si
1094 4891 1227 4941 ultra
1274 4889 1487 4942 modum
1519 4889 1570 4940 in
1609 4887 1776 4940 oculis
1805 4899 2065 4948 versetur,
2110 4887 2283 4954 gravis

697 4983 1025 5051 molestaun
1077 4981 1324 5033 efficitur.
1371 4975 1727 5046 Quamobrem
1777 4979 1914 5030 Deus
1940 4977 2041 5030 diei
2075 4994 2104 5028 ιι
2143 4991 2279 5028 ειοιιι

695 5077 983 5128 succedere
1028 5066 1212 5139 voluit,
1244 5085 1294 5125 ut
1330 5073 1569 5142 fatigatos
1599 5073 1781 5126 oeulos
1807 5072 2052 5123 demissis
2097 5071 2280 5140 palpe-

701 5168 808 5218 bris
838 5168 1090 5235 operiret,
1133 5147 1375 5232 'pupilias
1427 5165 1660 5232 sopirrt,
1709 5163 2146 5229 Iahoniutcmqne
2177 5162 2282 5214 vim

697 5258 973 5311 oculorum
1001 5257 1163 5325 quieti
1203 5257 1374 5317 daret,
1414 5265 1466 5308 et
1511 5255 1574 5306 ad
1607 5256 1878 5322 sequentis
1915 5254 2018 5305 diei
2053 5253 2284 5306 ufticium

698 5351 957 5421 aptiorem
1006 5348 1271 5400 redderet.
1325 5346 1446 5399 ideo
1493 5346 1666 5414 vigilia
1715 5353 1767 5396 ct
1797 5357 2015 5396 somnus
2069 5343 2203 5395 inter
2231 5357 2288 5421 se

699 5441 964 5494 contraria
1008 5454 1070 5492 ex
1105 5440 1378 5491 moderato
1407 5451 1500 5488 usu
1534 5451 1711 5504 parem
1736 5433 2119 5502 jucunditatem
2160 5414 2288 5485 am;-

702 5540 844 5594 ruut,
877 5544 1100 5596 cumque
1127 5529 1300 5602 lucent
1315 5542 1530 5580 suavem
1554 5541 1822 5585 vocemus,
1847 5539 2064 5577 suavem
2089 5523 2292 5591 pariter

701 5639 952 5676 vocamus
984 5637 1229 5674 Somnum
1276 5621 1361 5689 qui
1396 5634 1493 5673 nos
1523 5619 1734 5671 abducit
1760 5633 1788 5669 a
1821 5617 1954 5671 luce.
1990 5617 2061 5670 ita
2092 5617 2286 5668 immo-

704 5716 918 5768 deratus
944 5715 1068 5768 usus
1101 5714 1292 5781 ubique
1319 5711 1493 5780 gravis
1525 5709 1882 5777 molestusquc
1904 5719 2003 5772 est,
2038 5707 2285 5761 modera-

707 5817 787 5862 tus
810 5816 994 5859 contra
1016 5803 1208 5869 dulcis,
1238 5803 1378 5858 utilis
1400 5815 1452 5857 et
1481 5801 1675 5856 suavis.
1705 5799 1903 5857 Idcirco
1929 5813 2021 5856 nos
2047 5808 2289 5871 quartam

2378 3738 2681 3805 quintamve
2707 3734 2847 3787 diem
2872 3729 3073 3784 emensi
3095 3728 3141 3790 ¹,
3171 3741 3235 3781 ex
3263 3739 3370 3795 quo
3401 3723 3471 3777 de
3508 3719 3970 3798 incomprehensi-

2381 3828 2470 3880 hili
2501 3840 2657 3894 agere
2685 3822 2944 3890 carpimus
2965 3861 2978 3882 ,
3026 3833 3092 3870 ne
3132 3816 3346 3885 quidem
3370 3812 3527 3866 hodie
3552 3810 3970 3879 disputationem

2379 3917 2660 3970 absolvere
2702 3910 3116 3972 destinavimus,
3156 3907 3250 3959 sed
3278 3914 3556 3974 postquam
3593 3917 3656 3955 ea
3687 3917 3802 3969 qua:
3835 3901 3972 3952 satis

2380 4011 2485 4061 sint
2501 4016 2690 4060 vestra
2713 4002 2918 4057 caritati
2938 3998 3372 4060 disseruerimus,
3387 4007 3571 4062 rursus
3590 3990 3752 4046 menti
3773 3999 3972 4041 vestra:

2383 4087 2618 4151 inducias
2639 4094 2768 4148 dare
2796 4091 3157 4145 decrevimus.
3192 4086 3417 4140 Ubinam
3445 4098 3572 4151 ergo
3593 4095 3761 4149 nuper
3784 4080 3975 4146 dispu-

2385 4189 2525 4243 tandi
2559 4188 2714 4240 linem
2747 4182 2999 4238 fecimus?
3046 4176 3329 4246 Namindc
3353 4187 3652 4228 sermonem
3694 4183 3974 4222 resumere

2383 4278 2669 4341 convenit,
2695 4289 2797 4328 una
2828 4272 3086 4340 siquidem
3137 4278 3219 4321 est
3249 4266 3501 4319 doctrinm
3531 4263 3717 4316 series.
3742 4259 3972 4312 Diceba-

2384 4389 2500 4425 mus
2532 4382 2657 4424 tunc
2684 4368 2799 4421 haec
2825 4381 2943 4418 esse
2971 4364 3058 4415 lilii
3083 4361 3298 4414 touitrui
3326 4358 3504 4418 verba,
3541 4350 3700 4406 Deum
3729 4368 3873 4410 nemo
3904 4352 3970 4402 ri-

2385 4465 2456 4514 dit
2494 4477 2728 4528 umquam
2757 4475 2774 4510 :
2809 4455 3110 4523 Uip'gcnilus
3143 4450 3325 4513 Filius,
3350 4449 3433 4515 qui
3461 4457 3531 4499 est
3557 4446 3605 4495 in
3632 4445 3744 4496 sinu
3777 4441 3973 4503 Patris,

2385 4557 2492 4622 ipse
2520 4550 2748 4619 exposuit
2779 4548 2955 4615 (Joan.
2994 4547 3035 4596 Ι.
3093 4542 3201 4608 18).
3231 4539 3400 4593 Hodie
3427 4553 3530 4603 quo
3562 4537 3678 4587 loco
3711 4533 3822 4599 ipse
3851 4531 3977 4622 uni-

2385 4645 2594 4712 genitus
2623 4640 2787 4693 Filius
2830 4634 3136 4705 exposuerit
3171 4630 3351 4683 dicere
3376 4642 3552 4694 cpi-rce
3583 4624 3808 4712 pretium
3849 4621 3954 4670 erit

2391 4709 2689 4800 iit'spOiidil,
2719 4727 2921 4796 inquit,
2953 4725 3152 4777 Judwis
3182 4732 3226 4773 et
3255 4720 3388 4770 dixit
3420 4733 3437 4768 :
3482 4713 3599 4766 Non
3626 4713 3741 4780 quia
3771 4709 3976 4800 [fauent

2390 4826 2504 4877 vidit
2533 4823 2814 4890 quisquam,
2842 4817 2936 4868 nisi
2961 4816 3023 4877 is,
3056 4813 3140 4879 qui
3161 4820 3233 4863 cst
3262 4825 3324 4860 ea:
3352 4807 3488 4866 Deo;
3518 4805 3597 4855 hic
3623 4802 3742 4853 vidit
3768 4797 3978 4850 Pomm

2389 4917 2499 4986 (Id.
2524 4918 2576 4969 6.
2604 4914 2673 4967 46
2699 4913 2750 4978 ).
2803 4910 3071 4961 Visionem
3104 4906 3188 4968 hic
3219 4916 3400 4954 rursus
3420 4895 3778 4986 cognitionem
3801 4891 3984 4959 appet-

2392 4985 2462 5062 l:-.t
2495 5023 2508 5057 :
2543 5021 2641 5058 nec
2667 5001 2974 5068 simpliciter
3005 4996 3158 5057 dixit,
3214 4990 3377 5044 Nemo
3410 4989 3528 5040 cidit
3578 4985 3803 5044 Patrem,
3827 4990 3986 5056 post-

2390 5113 2558 5166 eaque
2583 5095 2764 5153 tacuit,
2797 5106 2860 5142 ne
2889 5089 3005 5156 quis
3041 5087 3106 5139 de
3138 5081 3442 5136 hominibus
3484 5087 3687 5130 tantum
3717 5073 3831 5125 hmc
3859 5085 3983 5123 cum

2391 5191 2587 5242 dixisse
2618 5193 2852 5252 putaret;
2898 5180 2990 5231 sed
3032 5191 3150 5228 eum
3181 5171 3463 5226 ostendere
3493 5167 3650 5219 vellet
3684 5178 3856 5230 neque
3885 5177 3982 5212 an-

2380 5268 2560 5355 gelos,
2595 5296 2768 5351 neque
2817 5274 3184 5344 areltangelos,
3241 5283 3412 5336 neque
3470 5274 3728 5330 supernas
3766 5259 3985 5309 virtutes

2460 5439 2473 5468 ι
2513 5443 2626 5481 uim
2671 5432 2784 5481 dicit
2823 5431 3184 5486 Chrysostomus
3224 5436 3279 5472 se
3314 5423 3412 5486 jam
3446 5422 3664 5486 quartam
3709 5419 3989 5486 quintamvi-

2391 5477 2806 5552 diemiagererex
2850 5479 2948 5552 qui)
2969 5491 3033 5537 de
3075 5477 3991 5552 lnoomlre'bensibilisgmouen‘i‘uiq-

2397 5535 2942 5615 ῖὲἶέἐῶἱᾶἔιιῗωῖἔ
2969 5535 3111 5612 uim
3156 5549 3204 5594 ίυ
3235 5535 3326 5592 hoc
3345 5543 3576 5615 ,αιιίίξξιυυ
3599 5535 3792 5615 9192"?“
3817 5535 3989 5615 itfle

2814 5593 3106 5678 Eni-uiuum
3144 5593 3519 5678 οςιιιιιιτυιιὶιξκξὶξ

2397 5661 2836 5739 ἷτίίὲἶίέίιίίέηῖει
2864 5661 3141 5739 Secundam
3183 5661 3378 5739 ιοιμέυίξι
3417 5661 3992 5739 i"}'~“:ir:'.‘_'_'.‘_“.:‘:tt‘..".'.'.'l'

2784 5714 3316 5800 ἶιῑεῖῖῧῦξιᾜζξαιξᾳέ.
3342 5727 3433 5800 Sed
3456 5714 3743 5800 affui-id:
3756 5716 3890 5800 haud
3911 5714 3985 5761 du

2518 5786 2608 5852 hoc
2619 5786 2831 5865 quatuor
2857 5797 2933 5847 vel
2953 5795 3169 5860 qumque
3192 5793 3381 5840 dierum
3405 5786 3610 5848 Statium
3633 5786 3817 5842 ιωιμι.
