4186 6326
620 399 720 455 ’157

611 513 853 585 αγγελοι,
893 510 1014 566 οὔτε
1078 507 1432 582 ἀρχάγγελοι,
1473 506 1596 561 οὔτε
1646 508 1702 561 αἰ
1750 507 1868 562 ἀνω
1901 507 2180 580 δυνάμεις,
2221 515 2290 584 τῇ

609 611 876 680 ἐπαγωγῇ
927 607 1085 661 τοῦτο
1137 605 1297 678 δῆλον
1346 605 1622 676 ἐποίησεν.
1657 602 1840 657 Εἰπὼν
1887 604 2016 676 γὰρ,
2061 609 2182 675 οὐχ
2205 607 2294 660 ὅτι

610 706 719 763 τὸν
737 703 969 772 Πατέρα
995 721 1085 769 τις
1109 701 1328 770 ἑώρακε
1357 699 1612 766 πώποτε,
1632 701 1933 772 ἐπήγαγεν,
1962 702 2032 754 Εἰ
2051 701 2138 770 μὴ
2160 706 2192 756 ό
2211 703 2296 755 ὢν

607 803 679 857 ἐκ
707 801 810 869 τοῦ
837 799 1008 871 Θεοῦ,
1039 795 1217 864 οὗτος
1274 797 1498 865 ἑώρακε
1536 797 1643 850 τὸν
1664 796 1919 866 Πατέρα.
1955 798 2017 851 Εἰ
2057 797 2155 868 μὲν
2188 797 2298 870 γὰρ

609 891 764 950 εἶπεν
802 892 1011 959 ἁπλῶς,
1041 892 1259 959 οὐδεὶς,
1305 890 1489 945 πολλοὶ
1537 889 1646 943 τῶν
1689 890 2036 944 ἀκουσάντων
2070 889 2199 954 ίσως
2233 891 2297 944 ἂν

609 991 857 1064 περὶτῆς
882 989 1162 1063 ἡμετέρας
1211 987 1470 1058 ἐνόμισαν
1499 986 1631 1040 αὐτὸ
1656 986 1878 1056 φύσεως
1919 985 2171 1058 εἰρῆσθαι
2206 987 2300 1057 μό-

608 1107 698 1144 νον
712 1080 731 1123 ·’
748 1089 844 1144 νῦν
875 1089 929 1143 δὲ
957 1065 1148 1152 εἰπὼν,
1184 1087 1414 1154 Οὐδεὶς,
1442 1087 1538 1139 καὶ
1557 1084 1836 1156 προσθεὶς,
1862 1087 1930 1139 Εἰ
1953 1084 2040 1154 μὴ
2069 1088 2101 1138 ὁ
2142 1086 2296 1152 Υἱὸς,

602 1189 675 1259 τῇ
698 1186 988 1258 προσθήκῃ
1006 1185 1100 1238 τοῦ
1123 1183 1465 1252 Μονογενοῦς
1479 1186 1659 1236 πᾶσαν
1678 1181 1774 1252 τὴν
1785 1180 1962 1234 κτίσιν
1979 1181 2295 1234 ἀπέκλεισε.

606 1277 673 1331 Τί
697 1275 812 1341 οὖν,
841 1276 996 1347 φησὶ,
1026 1277 1122 1330 καὶ
1169 1275 1230 1328 τὸ
1262 1273 1487 1344 Πνεῦμα
1517 1273 1578 1325 τὸ
1613 1272 1806 1340 ἇγιον;
1850 1270 2117 1341 Οὐδαμῶς
2142 1289 2154 1302 '
2176 1272 2299 1325 οὐδὲ

604 1354 716 1446 γάρ
751 1375 852 1444 τῆς
877 1373 1106 1435 κτίσεως
1130 1370 1290 1441 τοῦτο
1314 1369 1479 1442 μέρος
1497 1385 1511 1400 ⁸
1540 1368 1601 1422 τὸ
1629 1368 1708 1430 δὲ,
1757 1365 1983 1446 οὐδεὶς,
2021 1365 2179 1419 τοῦτο
2210 1369 2297 1420 ἀεὶ

777 1441 1184 1536 ἀντιδιαστολὴν
1221 1465 1322 1536 τῆς
1354 1463 1584 1528 κτίσεως
1623 1466 1803 1516 κεῖται
1840 1441 2028 1532 μόνηίς.

675 1671 785 1726 Καὶ
813 1669 959 1732 οὔτε,
994 1668 1060 1723 ἂν
1091 1669 1222 1740 1:591
1253 1667 1466 1739 Πατρὸς
1493 1665 1741 1736 λέγηται,
1768 1658 1867 1716 ’τὸν
1904 1662 2035 1715 Υίὸν
2071 1659 2294 1726 ἐξωθεῖ-

605 1785 718 1831 ται,
747 1766 893 1830 οὕτε,
931 1766 998 1820 ἂν
1049 1766 1178 1836 1:591
1233 1763 1387 1827 Υίοῦ,
1416 1765 1477 1815 τὸ
1505 1761 1730 1832 Πνεῦμα
1775 1758 2047 1816 ἐκϐάλλει.
2075 1759 2186 1812 K01
2212 1759 2300 1811 ἵνα

607 1865 741 1920 αὐτὸ
768 1864 925 1917 τοῦτο
973 1861 1225 1916 ἐντεῦθεν
1265 1859 1369 1932 ήδη
1417 1861 1632 1930 ποιήσω
1667 1857 1923 1928 φανερὸν,
1950 1856 2034 1910 ὅτι
2077 1855 2158 1920 τὸ,
2195 1857 2298 1908 οὺ-

603 1963 752 2029 δείς,
784 1962 846 2016 οὐ
888 1960 1026 2034 πρὸς
1064 1959 1325 2030 ἀθέτησιν
1363 1956 1458 2012 τοῦ
1487 1956 1828 2027 Πνεύματος,
1865 1953 2002 2009 ἀλλά
2037 1953 2174 2023 πρὸς
2200 1954 2298 2006 ἀνα

603 2059 946 2130 τιδιαστολὴν
987 2059 1087 2129 τῆς
1125 2057 1357 2120 κτίσεως
1401 2055 1643 2126 εἴρηται,
1697 2053 1827 2123 1:591
1866 2052 2038 2121 αὐτῆς
2093 2049 2300 2120 ταύτης

606 2159 706 2228 τῆς
736 2156 1017 2226 γνώσεως,
1051 2157 1117 2226 ἢν
1167 2152 1331 2224 μόνον
1363 2150 1458 2204 τοῦ
1496 2147 1627 2202 Υίοῦ
1654 2165 1818 2220 φησιν
1852 2143 2012 2212 εἰναι,
2049 2146 2297 2201 ἀκούσω-

608 2265 711 2318 μεν
756 2249 810 2301 τί
842 2247 1221 2317 διαλεγόμενος
1254 2246 1281 2298 6
1313 2241 1525 2306 Παῦλος
1566 2239 1874 2312 Κορινθίοις
1919 2238 2073 2310 φησί.
2109 2239 2174 2291 Τί
2204 2233 2298 2292 οὖν

607 2359 772 2415 φησι;
821 2342 917 2408 Τίς
958 2340 1069 2410 rdp
1116 2335 1240 2394 οἵδε
1295 2351 1321 2378 ι
1370 2337 1444 2391 τὰ
1487 2336 1594 2390 τοῦ
1633 2334 1974 2404 ἀνθρώπου,
2018 2337 2071 2388 εἰ
2106 2333 2193 2403 μὴ
2229 2332 2298 2386 τὸ

605 2436 845 2505 πνεῦμα
877 2434 984 2488 τοῦ
1006 2429 1324 2500 ἀνθρώπου
1359 2427 1424 2483 τὸ
1452 2430 1522 2483 ἐν
1547 2427 1708 2494 αὑτῷ
1729 2427 1929 2493 ςοῦτω
1958 2426 2056 2480 καί
2089 2427 2162 2480 τὰ
2189 2426 2298 2480 τοῦ

607 2526 758 2587 Θεοῦ
774 2529 973 2596 οὐδείς
991 2525 1174 2593 οἶδεν,
1206 2530 1258 2582 εἰ
1283 2526 1369 2596 μὴ
1396 2525 1462 2579 τὸ
1485 2524 1731 2594 Πνεῦμα
1750 2524 1857 2578 τοῦ
1890 2523 2059 2577 Θεοῦ.
2085 2523 2298 2594 ’Ὠσπερ

603 2625 697 2683 οῦν
719 2627 959 2682 ἐνταῦθα
988 2626 1048 2679 τὸ
1076 2625 1278 2690 οὐδεὶς
1303 2622 1597 2692 λεγόμενον
1619 2621 1720 2673 οὐκ
1750 2619 2004 2674 ἐκϐάλλει
2024 2619 2115 2672 τὸν
2138 2619 2292 2682 Υἱὸν,

600 2723 748 2778 οὕτω
768 2724 864 2777 καὶ
889 2723 987 2776 ἐπὶ
1011 2719 1105 2775 τοῦ
1137 2717 1375 2791 Χριστοῦ
1398 2717 1459 2771 τὸ
1479 2715 1678 2782 οὐδεὶς
1703 2715 1856 2769 τεθέν
1885 2716 1985 2768 οὐκ
2013 2715 2298 2780 ἐξωθεῖται

602 2821 664 2875 τὸ
689 2819 918 2891 Πνεῦμα
951 2818 1012 2871 τὸ
1040 2817 1219 2886 άγιον.
1253 2813 1419 2868 Ὅθεν
1451 2813 1610 2884 δῆλον
1634 2813 1712 2876 ὡς
1748 2811 1948 2883 ἀληθὲς
1979 2810 2041 2864 τὸ
2066 2809 2296 2882 εἰρημέ-

606 2933 716 2971 νον.
763 2914 957 2985 Εἰγὰρ
993 2913 1192 2982 λέγων,
1244 2911 1327 2964 ὅτι
1376 2909 1586 2975 Οὐδεὶς
1633 2907 1858 2976 ἑώρακε
1896 2907 2003 2960 τὸν
2038 2905 2296 2974 Πατέρα,

604 3013 762 3083 εἰμὴ
790 3017 822 3068 ό
849 3013 918 3066 ἐκ
954 3011 1062 3065 τοῦ
1097 3008 1247 3064 Θεοῦ
1297 3005 1404 3070 ὢν,
1435 3006 1497 3058 τὸ
1525 3004 1752 3077 Πνεῦμα
1789 3004 2065 3072 ἐξωθεῖτο,
2104 3019 2296 3072 περιτ-

605 3110 714 3187 τῶς
759 3113 786 3164 6
823 3107 1040 3172 Παῦλος
1087 3105 1294 3172 ἔλεγεν,
1327 3103 1411 3155 ὅτι
1455 3100 1645 3173 ὥσπερ
1677 3100 1964 3170 ἄνθρωπος
1993 3099 2064 3154 τά
2096 3099 2297 3153 ἐαυτοῦ
2343 3133 2350 3142 -

605 3206 767 3274 οῐδεν,
799 3207 942 3262 οὓτω
974 3205 1069 3260 καὶ
1113 3202 1175 3256 τὸ
1209 3200 1436 3273 Πνεῦμα
1480 3201 1542 3253 τὸ
1573 3200 1732 3268 ἀγιον
1770 3197 1839 3252 τὰ
1872 3197 1964 3251 τοῦ
1993 3188 2300 3267 Θεοῦμετὰ

607 3303 896 3389 ἀκριϐείας
923 3301 1236 3357 ἐπίσταται.
1267 3296 1427 3354 Οὕτω
1455 3297 1550 3352 καὶ
1581 3296 1641 3350 τὸ
1661 3290 1750 3363 εἷς
1775 3296 1992 3368 εἰρηται
2013 3309 2027 3325 ·
2055 3295 2157 3366 τὴν
2189 3292 2300 3389 γάρ

609 3378 781 3475 αὐτὴν
835 3400 991 3473 ἰσχὺν
1046 3398 1162 3470 ἐχει
1188 3397 1368 3469 τούτῳ
1405 3397 1500 3450 καὶ
1536 3393 1790 3465 δύναμιν.
1831 3393 2033 3446 Σκόπει
2065 3392 2155 3446 δέ’
2193 3378 2300 3450 Εἷς

611 3500 779 3569 Οεὸς,
807 3500 992 3570 φησὶν,
1015 3500 1049 3553 ό
1063 3498 1268 3566 Πατὴρ
1292 3495 1362 3561 ἐξ
1387 3490 1458 3550 οὗ
1490 3494 1564 3548 τὰ
1583 3491 1804 3556 πάντα,
1844 3490 1943 3545 καί
1969 3485 2058 3557 εἷς
2079 3489 2300 3559 Κύριος

620 3594 864 3664 Ἰησοῦς
894 3592 1150 3662 Χριστὸς
1181 3591 1257 3644 δι’
1287 3586 1359 3646 οὗ
1399 3588 1471 3643 τὰ
1498 3586 1717 3642 πάντα.
1756 3585 1967 3659 Είκγάρ
1999 3585 2060 3639 τὸ
2087 3585 2187 3638 ἐνα
2213 3583 2302 3636 λέ-

609 3691 801 3761 γεσθαι
838 3689 974 3744 Θεὸν
1003 3688 1095 3743 τὸν
1130 3687 1374 3758 Πατέρα,
1409 3684 1664 3739 ἐκϐάλλει
1697 3683 1786 3737 τὸν
1817 3683 1947 3737 Υἱὸν
1978 3683 2078 3754 τῆς
2107 3681 2300 3752 θεότη-

607 3804 724 3855 τος,
754 3787 849 3841 καὶ
873 3787 935 3840 τὸ
957 3786 1055 3840 Eva.
1083 3783 1338 3855 λέγεσθαι
1372 3783 1580 3856 Κύριον
1611 3780 1766 3855 [482]
1793 3781 1885 3835 τὸν
1913 3779 2062 3844 Υίὸν,
2094 3777 2300 3833 ἐκϐάλ-

609 3883 692 3939 λει
717 3881 811 3937 τὸν
842 3881 1064 3951 Πατέρα
1097 3879 1195 3950 τῆς
1224 3878 1578 3951 κυριότητος·
1609 3875 1747 3929 ἀλλά
1775 3874 1881 3948 μὴν
1915 3875 2016 3928 οὐκ
2047 3872 2300 3928 ἐκϐάλλει

607 3979 708 4052 τῆς
734 3977 1060 4048 κυριότητος
1081 3975 1173 4029 τὸν
1195 3975 1414 4046 Πατέρα
1442 3971 1516 4027 τὸ⁹
1527 3971 1803 4042 λέγεσθαι,
1825 3973 1907 4026 ὅτι
1942 3967 2051 4038 Εἷς
2087 3971 2306 4040 Κύριος

622 4073 878 4143 Ἰησοῦς,
906 4072 1165 4142 Χριστός
1189 4087 1203 4100 ο
1249 4071 1350 4124 οὐκ
1396 4069 1506 4141 ἄρα
1562 4068 1684 4123 οὐδέ
1718 4069 1991 4142 τὸνοϊίὸν
2048 4067 2300 4125 ἐκϐάλλει

607 4171 706 4242 τῆς
731 4163 986 4241 θεότητος
1028 4167 1090 4221 τὸ
1126 4165 1404 4236 λέγεσθαι,
1439 4165 1522 4218 ὅτι
1559 4158 1639 4229 εἷς
1670 4163 1803 4229 Θεὸς
1825 4165 1853 4217 6
1879 4164 2090 4236 Πατήρ.

682 4264 747 4338 β’.
768 4267 834 4321 Εἰ
852 4266 911 4320 δέ
942 4265 1150 4335 λέγοιεν
1182 4263 1368 4328 πάλιν,
1400 4263 1483 4317 ὅτι
1515 4261 1603 4314 διὰ
1631 4261 1791 4315 τοῦτο
1816 4256 1897 4326 εἷς
1927 4244 2060 4325 Θεὸς
2079 4260 2301 4330 λέγεται

606 4364 639 4417 6
659 4361 875 4437 Πατὴρ,
907 4361 1096 4433 ἐπειδὴ
1127 4359 1261 4424 Θεὸς
1294 4360 1393 4431 μέν
1434 4360 1582 4413 ἐστιν
1615 4360 1645 4411 ό
1689 4357 1840 4424 Υἰὸς,
1871 4358 1934 4412 οὐ
1962 4357 2205 4422 τοιοῦτος
2244 4358 2302 4411 δὲ

607 4459 764 4526 Θεὸς,
793 4455 906 4524 οἷος
940 4461 970 4514 6
1001 4458 1215 4535 Πατὴρ,
1259 4458 1455 4512 ἐπεται
1495 4442 1673 4511 ἐκεῖνο
1703 4458 1902 4521 εἰπεῖν,
1937 4457 1998 4522 ἐξ
2035 4451 2112 4511 ὧν
2141 4458 2298 4511 αὐτοὶ

606 4557 825 4613 τιθέασι
877 4557 1189 4628 λημμάτων
1235 4555 1317 4626 (οὐ
1351 4554 1462 4627 γὰρ
1484 4553 1550 4624 δὴ
1589 4555 1753 4625 ἡμεῖς
1783 4552 1850 4608 ἀν
1888 4553 2189 4625 εἴποιμεν),
2217 4556 2302 4608 ὅτι

606 4653 696 4710 διὰ
715 4653 874 4709 τοῦτο
901 4652 1122 4722 λέγεται
1154 4649 1234 4717 είς
1270 4652 1476 4724 Κύριος
1501 4654 1529 4706 ὁ
1549 4652 1698 4717 Υἱὸς,
1733 4651 1925 4723 ἐπειδὴ
1960 4650 2167 4723 Κύριος
2199 4652 2300 4722 μέν

608 4752 640 4804 6
665 4749 879 4824 Πατὴρ,
908 4751 971 4806 οὐ
992 4749 1237 4815 τοιοῦτος
1256 4749 1313 4803 δὲ
1340 4749 1565 4819 Κύριος,
1597 4743 1708 4812 οἷος
1729 4747 1760 4798 6
1797 4748 1940 4817 Υἱός.
1970 4749 2036 4802 Εἰ
2067 4748 2126 4802 δὲ
2141 4748 2303 4802 τοῦτο

609 4849 831 4916 ἀσεϐὲς,
863 4848 987 4904 οὐδὲ
1013 4849 1076 4902 τὸ
1107 4847 1376 4920 πρότερον
1420 4845 1487 4900 ἀν
1514 4845 1629 4919 ἔχοι
1659 4844 1818 4914 λόγον
1839 4863 1851 4877 ·
1888 4844 2006 4899 ἀλλ’
2029 4844 2220 4916 ὥσπερ
2241 4846 2302 4899 τὸ

606 4942 711 5013 Εις
739 4947 955 5016 Κύριος
1014 4945 1118 4999 οὐκ
1160 4944 1443 5010 ἐξωθεῖται
1479 4943 1572 4997 τὸν
1607 4943 1832 5016 Πατέρα
1896 4943 1997 5014 τῆς
2036 4941 2302 5014 ἀκριϐοῦς

611 5043 954 5115 κυριότητος,
985 5041 1108 5097 οὐδὲ
1139 5043 1218 5105 εἰς
1241 5040 1331 5094 τὸν
1355 5039 1486 5094 Υἰὸν
1515 5041 1858 5113 περιίστησιν
1883 5041 2057 5113 αὐτὴν
2097 5040 2259 5111 μόνον

612 5137 788 5203 οὕτως
819 5138 940 5192 οὐδὲ
960 5137 1021 5192 τὸ
1048 5132 1157 5204 Εἷς
1179 5136 1325 5202 Θεὸς
1355 5135 1610 5191 ἐκϐάλλει
1640 5135 1731 5190 τὸν
1764 5136 1893 5190 Υἰὸν
1930 5136 2031 5208 τῆς
2064 5135 2304 5209 ἀληθοῦς

612 5238 710 5292 καὶ
735 5237 966 5308 γνησίας
996 5237 1097 5291 3:01
1122 5235 1463 5310 ἀκραιφνοῦς
1499 5236 1530 5276 δ
1565 5235 1844 5307 θεότητος,
1885 5234 2007 5288 οὐδὲ
2060 5234 2156 5289 τοῦ
2190 5237 2302 5290 Πα-

613 5334 743 5409 τρὸς
777 5337 912 5390 αὐτὸ
943 5336 1102 5407 μόνον
1126 5316 1660 5389 ἀποδείκνυσιν.”0’τι
1679 5334 1791 5406 γάρ
1811 5333 1946 5397 Θεὸς
1965 5336 1993 5387 6
2017 5334 2164 5399 Υίὸς,
2207 5336 2303 5388 καὶ

615 5435 855 5500 τοιοῦτος
881 5434 1016 5499 Θεὸς
1039 5429 1151 5499 οίος
1181 5436 1211 5488 6
1246 5432 1459 5505 Πατὴρ,
1503 5432 1682 5504 μένων
1710 5433 1897 5505 μέντοι
1925 5433 2074 5498 Υίὸς,
2113 5434 2173 5500 ἐξ
2200 5435 2302 5488 αὒ-

679 5613 724 5684 ‘_
733 5611 887 5684 _Savi_l_.
913 5615 968 5662 et
985 5613 1197 5684 Euximi
1222 5625 1350 5684 pals
1529 5612 1816 5684 ἀκούσωμεν
1836 5613 2234 5684 τξλδιαλεγόμενος
2272 5617 2301 5664 6

613 5674 815 5731 Παῦλος
836 5675 1098 5746 Κορινθίοις
1117 5674 1253 5784 gnat.
1276 5674 1335 5724 Τί
1357 5674 1440 5724 οὖν
1462 5675 1704 5737 φησιςΤίς
1834 5675 1950 5724 οἶδε.
1978 5674 2156 5726 Idrél.
2180 5690 2302 5726 vero

615 5736 903 5798 ὼιούσωμεν
920 5737 966 5785 τί
987 5738 1129 5798 διὰᾼτγ
1168 5737 1272 5785 οἶδε
1311 5737 1563 5798 λεγόμενον
1585 5738 1613 5785 6
1645 5737 1837 5798 Παῦλος
1873 5738 2136 5798 Κορινθίοις
2166 5739 2299 5798 φησί’

615 5753 903 5799 manu."
920 5753 966 5785 τι
987 5753 1066 5785 οια
1087 5753 1144 5784 το
1168 5753 1272 5785 οιοε
1312 5753 1563 5798 Αεγομιενον
1585 5753 1613 5785 ο
1646 5753 1776 5785 ιιαυι
1787 5753 1837 5793 ος
1873 5753 2136 5801 ιορνυιοις
2232 5753 2298 5787 σι’

615 5800 702 5872 τίς
827 5798 943 5848 οἶδε.
957 5796 1133 5872 βξνίιὶἱ
1145 5800 1435 5872 εοείρῑρηξι
1460 5799 1605 5872 ηρὺίε
1623 5795 1858 5872 τοοίρετο.
1872 5801 2142 5872 νὶευιῃρεξ.
2164 5756 2298 5872 Em;

683 5861 714 5903 δ
733 5860 872 5923 Hiec,
892 5861 974 5910 καὶ
996 5860 1295 5926 ἀκραιφνοῦς,
1307 5860 1359 5911 in
1382 5860 1567 5913 Samio
1587 5867 1642 5912 ει
1658 5861 1708 5912 ω
1734 5861 1958 5923 plurimis
1978 5861 2088 5912 afiis
2098 5863 2297 5916 desunt.

1401 391 1460 448 ε.
1502 389 1786 448 JOANNIS
1824 389 2314 448 CIIRYSOSTOMI
2356 394 2659 452 ARCIIH‘ZP
2721 392 3278 452 CONSTANTINOP.
3989 402 4076 456 753

2401 515 2499 586 τῆς
2523 514 2623 582 τῆς
2659 522 2970 584 προσθήκης
2988 513 3167 584 δῆλον.
3208 513 3275 566 Εἰ
3315 511 3422 584 γὰρ
3462 513 3521 565 τὸ
3561 514 3705 578 Θεὸς
3741 512 3916 586 ὄνομα
3943 514 4086 570 τοῦτο

2399 604 2493 655 τοῦ
2538 603 2751 674 Πατρὸς
2789 604 2948 672 μόνον
3008 599 3096 673 ἦν,
3146 602 3241 654 καὶ
3291 602 3457 672 ἀλλην
3495 603 3595 655 οὐκ
3637 601 3873 672 ἠδύνατο
3905 604 4086 674 δηλοῦν

2400 691 2894 763 ἡμῖν’ὑπόστασιν,
2941 691 3054 744 ἀλλ’
3096 690 3315 760 ἐκείνην
3346 691 3516 760 μόνην
3549 691 3650 761 τὴν
3675 690 3974 762 ἀγέννητον
3997 694 4081 744 καὶ

2401 781 2649 852 πρώτην,
2705 783 2780 846 ᾡς
2839 781 2969 835 ἴδιον
3024 781 3200 851 αὐτῆς
3249 782 3420 852 μόνης
3463 780 3521 833 ὃν
3560 782 3654 834 καὶ
3709 766 4082 852 γνωριστικὸν,

2403 871 2738 944 περίιττῶςή
2782 869 2876 923 τοῦ
2916 870 3132 941 Πατρὸς
3175 871 3354 922 κεῖται
3407 869 3732 940 προσθήκη·
3778 869 3941 938 ἢρκει
3984 855 4082 939 γὰρ

2402 961 2576 1011 εἰπεῖν
2611 954 2714 1023 Εἷς
2745 957 2910 1024 Θεὸς,
2963 958 3057 1010 καὶ
3092 956 3464 1026 ἐγνωρίζομεν
3494 956 3579 1019 τίς
3608 952 3676 1026 ἢν
3709 956 4084 1024 ὸνηλεγόμενος·

2402 1046 2515 1100 ἀλλ’
2556 1046 2746 1118 ἐπειδὴ
2769 1047 2831 1099 τὸ
2855 1046 2984 1109 Θεὸς
3017 1046 3190 1114 ὄνομα
3231 1045 3409 1098 κοινὸν
3439 1044 3654 1116 Πατρὸς
3679 1045 3772 1099 καὶ
3806 1044 3964 1109 Υἱοῦ,
3994 1046 4082 1100 καὶ

2402 1133 2573 1188 εἰπὼν
2613 1131 2718 1201 Εἷς
2754 1134 2918 1199 Θεὸς.
2948 1134 3049 1186 οὑκ
3077 1133 3270 1204 ἐδήλου
3301 1131 3425 1185 τίνα
3475 1133 3641 1202 φησὶν
3670 1133 3698 1185 6
3736 1131 3971 1194 Παῦλος,
4004 1133 4085 1185 διὰ

2402 1222 2559 1277 τοῦτο
2581 1221 2774 1294 ἐδεήθη
2831 1222 2930 1292 τῆς
2958 1220 3053 1274 τοῦ
3083 1220 3302 1291 Πατρὸς
3350 1218 3693 1290 προσθήκης,
3728 1219 3817 1274 ίνα
3857 1218 4084 1290 δηλώσῃ,

2401 1313 2482 1365 ὅτι
2510 1311 2642 1382 1:591
2679 1312 2778 1380 τῆς
2813 1309 3048 1379 πρώτης
3080 1307 3435 1370 ὑποστάσεως
3466 1307 3561 1360 καὶ
3599 1309 3906 1378 ἀγεννήτου
3927 1309 4082 1375 λέγει,

2401 1394 2476 1457 ὡς
2503 1395 2606 1447 οὐκ
2635 1392 2916 1465 ἀρκούσης
2959 1394 3058 1463 τῆς
3092 1391 3188 1445 τοῦ
3227 1390 3362 1444 Θεοῦ
3405 1391 3781 1462 προσηγορίας
3816 1391 3987 1462 αὐτὴν
4015 1393 4086 1442 ἐνο

2401 1480 2700 1548 δείξασθαι,
2729 1481 2921 1551 ἐπειδὴ
2949 1479 3130 1533 κοινὸν
3163 1477 3323 1531 τοῦτο
3343 1477 3492 1548 αὑτῷ
3517 1477 3654 1548 πρὸς
3681 1477 3775 1531 τὸν
3798 1477 3950 1531 Υίόν.
3975 1477 4086 1530 Τῶν

2402 1572 2511 1645 γὰρ
2553 1570 2839 1641 ὀνομάτων
2859 1568 2927 1621 τὰ
2957 1569 3056 1638 μέν
3084 1569 3200 1619 ἐστι
3226 1566 3404 1624 κοινὰ.
3429 1566 3496 1618 τὰ
3518 1565 3575 1618 δὲ
3600 1565 3715 1618 ἴδια
3735 1583 3747 1597 ·
3779 1566 3938 1620 κοινὰ
3973 1567 4088 1637 μὲν,

2403 1659 2492 1712 ἵνα
2523 1658 2585 1711 τὸ
2608 1656 3029 1728 ἀπαράλλακτον
3065 1654 3217 1726 δείξῃ
3257 1653 3357 1723 τῆς
3387 1652 3597 1717 οὐσίας,
3629 1651 3738 1706 [δια
3777 1652 3856 1719 δὲ,
3887 1653 3974 1706 ἵνα
4000 1653 4089 1723 τήν

2406 1749 2645 1819 ἰδιότητα
2667 1745 3054 1819 χαρακτηρίσῃ
3079 1744 3191 1799 τῶν
3216 1741 3595 1798 ὑποστάσεων.

2473 1940 2548 1994 T6
2577 1939 2677 2010 μὲν
2697 1933 2790 1993 οῦν
2817 1938 3009 2010 Πατὴρ
3052 1925 3147 1991 καὶ
3195 1935 3345 2000 Υίὸς,
3401 1935 3537 1990 ίδιον
3579 1937 3822 2008 ἑκάστης
3863 1937 4084 1992 ὑποστά-

2407 2045 2571 2090 σεως,
2605 2027 2666 2081 τὸ
2698 2027 2754 2080 δὲ
2784 2026 2918 2091 Θεὸς
2957 2026 3053 2080 καὶ
3091 2025 3316 2097 Κύριος,
3347 2024 3545 2080 κοινόν.
3587 2025 3742 2078 Ἐπεὶ
3768 2021 3864 2078 οῦν
3889 2025 4086 2079 τέθεικε

2401 2115 2581 2168 κοινὸν
2603 2115 2778 2185 ὄνομα
2801 2113 2862 2168 τὸ
2887 2109 2993 2179 Εἷς
3016 2113 3182 2178 Θεὸς,
3213 2111 3408 2184 ἐδεήθη
3436 2111 3646 2166 καὶτοῦ
3679 2113 3995 2178 ἰδιάζοντος,
4015 2114 4089 2165 ἵνα

2399 2204 2679 2275 γνωρίσῃς
2698 2203 2821 2256 τίνα
2846 2201 3033 2272 φησὶν,
3060 2201 3202 2255 ὥστε
3229 2204 3262 2272 ή
3271 2205 3376 2272 μᾶς
3399 2202 3473 2272 μὴ
3491 2204 3754 2272 ἐμπεσεῖν
3777 2205 3858 2265 εἰς
3879 2201 3978 2273 τὴν
4000 2201 4090 2254 Σα-

2401 2291 2619 2356 ϐελλίου
2645 2291 2870 2362 μανίαν.
2902 2290 3026 2345 Ὅτι
3060 2290 3170 2360 γάρ
3199 2288 3323 2342 οὒτε
3343 2291 3402 2342 τὸ
3426 2290 3573 2354 Θεὸς
3603 2289 3777 2360 ὄνομα
3805 2289 3994 2360 μεῖζον
4006 2289 4088 2341 τοῦ

2399 2380 2640 2446 Κύριος,
2657 2377 2784 2431 οὔτε
2807 2377 2867 2430 τὸ
2888 2378 3106 2446 Κύριος
3123 2377 3344 2430 ἔλαττον
3373 2375 3467 2429 τοῦ
3493 2377 3657 2443 Θεὸς,
3675 2377 3837 2448 δῆλον
3849 2377 4072 2430 ἐκεῖθεν.

2412 2467 2502 2519 Ἐν
2527 2468 2595 2537 τῇ
2632 2466 2854 2536 Παλαιᾷ
2879 2465 3033 2537 πάσῃ
3069 2464 3311 2534 συνεχῶς
3334 2466 3363 2517 ὸ
3392 2465 3585 2536 Πατὴρ
3615 2464 3824 2534 Κύριος
3843 2464 4085 2532 λέγεται·

2399 2553 2616 2622 Κύριος
2639 2556 2672 2606 ό
2700 2553 2847 2624 Θεός
2863 2567 3003 2618 σου,
3031 2551 3188 2622 φησὶ,
3219 2552 3437 2620 Κύριος
3456 2547 3544 2618 εἷς
3563 2552 3737 2605 ἐστιν
3758 2570 3769 2581 ·
3795 2552 3894 2604 καὶ
3920 2550 4084 2615 πάλιν,

2400 2641 2622 2708 Κύριον
2674 2641 2783 2694 τὸν
2831 2642 2980 2694 Θεόν
3041 2656 3160 2693 σου
3227 2639 3721 2706 προσκυνήσεις,
3791 2638 3897 2692 καί
3944 2637 4086 2702 αὑτῷ

2393 2727 2564 2797 μὸνφ
2629 2728 3024 2796 λατρεύσειςο
3105 2728 3201 2781 καὶ
3245 2728 3448 2790 πάλιν,
3515 2725 3720 2796 Μέγας
3796 2728 3832 2780 d
3891 2728 4088 2795 Κύριος

2397 2815 2591 2885 ημῶν,
2627 2815 2725 2870 καί
2751 2815 2990 2886 μεγάλη
3015 2817 3053 2885 η
3079 2815 3265 2884 ἰσχὺς
3288 2815 3501 2880 αὐτοῦ,
3535 2813 3764 2884 καὶτῆς
3789 2814 4089 2879 συνέσεας

2399 2903 2588 2958 αὑτοῦ
2614 2907 2726 2960 οὐκ
2757 2905 2932 2959 ἐστιν
2963 2905 3212 2973 ἀριθμός
3233 2923 3246 2936 ·
3283 2905 3376 2958 καὶ
3409 2903 3594 2969 πάλιν,
3640 2903 3987 2958 Γνώτωσαν
4012 2903 4090 2955 ὅτι

2401 2991 2592 3062 ὄνομά
2623 3007 2722 3045 σοι
2763 2992 2980 3059 Κύριος
3000 3007 3013 3021 ·
3047 2990 3129 3044 σὺ
3161 2987 3223 3045 εἷ
3238 2993 3432 3060 μόνος
3448 2990 3730 3060 -ῧψιστος
3766 2991 3869 3065 ἐπὶ
3897 2989 4089 3045 πᾶσαν

2401 3077 2514 3148 τὴν
2540 3078 2680 3149 γῆν.
2705 3079 2897 3132 Καίτοι
2928 3095 2991 3146 γε
3020 3079 3070 3130 εἰ
3095 3077 3318 3132 ἔλαττον
3348 3077 3444 3131 τοῦ
3478 3078 3626 3146 Θεὸς
3653 3074 3721 3149 ἢν
3744 3078 3844 3131 καὶ
3877 3076 4083 3141 ἀνάξιον

2399 3169 2500 3238 τῆς
2535 3166 2724 3230 οὐσίας
2759 3165 2994 3236 ἐκείνης,
3036 3166 3137 3219 οὐκ
3181 3165 3290 3218 ἐδει
3320 3165 3601 3235 λέγεσθαι,
3643 3165 3988 3222 Γνώτωσαν
4013 3165 4088 3219 ὅτι

2401 3256 2592 3326 ὄνομά
2612 3272 2711 3310 σοι
2737 3258 2971 3324 Κύριος.
2999 3254 3171 3310 Πάλιν
3198 3257 3248 3308 εἰ
3275 3255 3336 3308 τὸ
3367 3255 3513 3321 Θεὸς
3541 3253 3729 3325 μεῖξον
3776 3250 3849 3327 ἦν
3882 3253 3976 3308 τοῦ
3991 3256 4090 3309 Κύ-

2392 3361 2527 3412 ριος
2568 3343 2662 3396 καὶ
2695 3343 3043 3414 σεμνότερον,
3074 3344 3175 3397 οὐκ
3202 3342 3308 3396 ἔδει
3337 3341 3426 3396 τὸν
3455 3343 3578 3397 κατ’
3601 3343 3806 3406 αὐτοὺς
3841 3341 4088 3397 ἐλάττονα

2402 3431 2531 3486 Υίὸν
2550 3430 2660 3486 ἀπὸ
2677 3430 2772 3484 τοῦ
2805 3431 3180 3503 προσήκοντος
3207 3431 3476 3502 ὀνόματος
3505 3430 3582 3502 τῷ
3602 3431 3775 3502 Πατρί⁵
3793 3430 4085 3492 καλεῖσθαι,

2401 3519 2430 3572 6
2457 3519 2556 3574 καὶ
2588 3519 2749 3590 μόνον
2777 3514 3004 3590 ίδιον.ἧν
3040 3519 3274 3572 ἐκείνου.
3329 3518 3471 3572 Ἀλλ’
3497 3519 3599 3572 οὐκ
3626 3517 3744 3572 ἐστι
3777 3518 3976 3585 ταῦτα,
4002 3518 4088 3577 οὐκ

2403 3607 2568 3662 ἔστιν.
2633 3606 2772 3661 Οὔτε
2824 3609 2937 3678 γὰρ
2967 3610 2997 3660 6
3038 3606 3170 3670 Υίὸς
3206 3605 3300 3660 τοῦ
3329 3605 3486 3678 [483]
3521 3606 3739 3679 Πατρὸς
3782 3607 4087 3661 ὑποδεέστε-

2403 3713 2496 3768 ρος
2524 3707 2572 3764 0,
2631 3694 2758 3748 οὔτε
2795 3695 2858 3747 τὸ
2903 3695 3109 3765 Κύριος
3162 3695 3336 3762 ὄνομα
3386 3694 3481 3748 τοῦ
3505 3694 3641 3759 Θεὸς
3695 3696 4084 3767 εὐτελέστερον.

2401 3783 2502 3838 Διὰ
2519 3784 2692 3838 -τοῦτο
2719 3784 2816 3838 x01
2837 3783 2930 3836 ἐπὶ
2957 3783 3171 3854 Πατρὸς
3209 3784 3306 3836 καὶ
3345 3784 3440 3836 ἐπὶ
3464 3783 3560 3836 τοῦ
3589 3783 3722 3837 Υίοῦ
3753 3785 4082 3857 ἀδιαφόρως.

2401 3873 2631 3938 ταύταις
2656 3872 2924 3944 κέχρηται
2953 3874 3074 3935 ταῖς
3098 3871 3498 3943 προσηγορίαις
3520 3875 3553 3944 ή
3580 3872 3796 3945 Γραφή.
3839 3873 4088 3944 Καθάπερ

2401 3956 2498 4014 οὖν
2517 3957 2791 4030 ἠκούσατε
2826 3957 3031 4030 Κύριον
3066 3959 3158 4012 τὸν
3192 3958 3414 4028 Πατέρα
3444 3959 3805 4032 καλούμενον,
3839 3961 3976 4032 φέρε
4001 3959 4088 4012 δεί-

2403 4049 2586 4120 ξωμεν
2609 4048 2868 4119 ὑμῖνκαί
2905 4047 2997 4100 τὸν
3025 4047 3155 4100 Υίὸν
3183 4045 3480 4118 λεγόμενον
3502 4048 3656 4106 Θεόν.
3704 4048 3856 4103 Ἰδοὺ
3890 4051 3930 4118 ἠ
3958 4064 4089 4117 παρ-

2402 4136 2578 4202 θένος
2616 4136 2689 4190 ἐν
2727 4134 2941 4205 γαστρί
2969 4134 3115 4201 ἕξει,
3167 4135 3269 4188 καί
3314 4135 3548 4201 τέξεται
3579 4138 3737 4200 υἱόν,
3785 4138 3891 4192 καί
3922 4135 4085 4192 καλέ·

2402 4238 2590 4278 σουσι
2619 4223 2686 4278 τὸ
2717 4222 2908 4293 ὄνομα
2938 4223 3556 4294 αὑτοῦἘμμανουὴλ,
3583 4224 3620 4277 ὅ
3645 4224 3781 4279 ἐστι
3804 4230 4084 4294 9305991;-

2401 4313 2752 4382 νευόμενον,
2766 4311 2903 4367 Μεθ’
2919 4311 3092 4381 ἡμῶν
3111 4314 3146 4366 ό
3165 4312 3335 4378 Θεός.
3362 4307 3520 4376 Εῐδες
3545 4311 3666 4377 πῶς
3693 4314 3791 4368 καὶ
3811 4313 3896 4386 τῷ
3924 4312 4086 4383 Πατρί

2403 4399 2578 4472 ὄνομα
2599 4400 2662 4453 τὸ
2677 4401 2919 4466 Κύριος,
2939 4399 3036 4454 καὶ
3058 4400 3137 4470 τῷ
3159 4399 3274 4468 Υἰῷ
3303 4399 3477 4471 ὄνομα
3493 4401 3554 4453 τὸ
3569 4403 3738 4467 Θεός;
3761 4402 3973 4473 Ὠσπερ
3991 4402 4085 4471 γὰρ

2403 4489 2523 4542 ἐκεῖ
2539 4506 2695 4562 φησι,
2713 4489 3057 4542 Γνώτωσαν
3073 4487 3164 4542 ὅτι
3182 4486 3372 4555 ὄνομά
3387 4505 3487 4543 σοι
3501 4490 3737 4559 Κύριος,
3749 4488 3897 4545 οὕτω
3909 4489 4000 4544 καὶ
4014 4491 4087 4540 5v-

2403 4575 2581 4629 ταῦθά
2605 4591 2760 4646 φησι,
2793 4574 3144 4629 Καλέσουσι
3179 4575 3248 4629 τὸ
3270 4576 3461 4646 ὄνομα
3477 4576 3666 4631 αὑτοῦ
3695 4573 4080 4647 Ἐμμανουήλ.

2403 4665 2514 4719 Καὶ
2528 4663 2713 4728 πάλιν,
2727 4663 2977 4719 Παιδίον
2985 4664 3282 4736 ἐγεννήθη
3302 4663 3604 4733 ἠμῖν,υἰὸς
3619 4665 3719 4721 καί
3735 4666 3919 4735 ἐδόδη
3933 4665 4078 4736 ἡμῖν,

2403 4749 2506 4804 καί
2538 4747 2809 4804 καλεῖται
2840 4747 2908 4802 τὸ
2950 4749 3140 4819 ὄνομα
3173 4749 3363 4804 αὑτοῦ
3401 4749 3679 4820 μεγάλης
3714 4749 3960 4820 ,ϐουλῆς
3987 4750 4081 4819 ἆγε

2402 4841 2601 4907 τελος,
2639 4836 2787 4902 Θεὸς
2833 4837 3105 4908 ἰσχυρὸς,
3141 4836 3577 4906 ἐξουσιαστής.
3631 4824 3745 4893 Καὶ
3779 4839 3972 4894 σκόπει
4003 4851 4083 4908 μοι

2404 4926 2704 4998 προφητῶν
2746 4923 2990 4990 σύνεσιν,
3025 4925 3535 4998 κα“ι,πνευματικὴν
3575 4925 3796 4996 σοφίαν.
3839 4929 3958 4982 ἰνα
3985 4925 4080 4996 γὰρ

2406 5013 2482 5085 μὴ
2510 5013 2699 5077 ἁπλῶς
2745 5013 2990 5078 εἰπόντες
3033 5012 3205 5077 Θεὸν,
3245 5013 3546 5084 νομισθῶσι
3583 5013 3715 5086 περὶ
3756 5013 3852 5068 τοῦ
3885 5012 4079 5083 Πατρὸς

2401 5102 2604 5172 λέγειν,
2624 5103 2725 5174 τῆς
2744 5101 3058 5174 οἰκονομίας
3088 5100 3357 5173 πρότερον
3389 5101 3728 5172 μέμνηνται·
3753 5101 3814 5155 οὐ
3841 5102 3951 5173 γάρ
3976 5100 4033 5170 δὴ
4057 5098 4079 5149 ὁ

2403 5194 2597 5264 Πατὴρ
2632 5191 2720 5246 διὰ
2765 5192 3038 5264 παρθένου
3086 5190 3375 5263 ἐγεννήθη,
3430 5191 3553 5244 οὐδὲ
3599 5191 3813 5246 παιδίον
3858 5190 4074 5261 ἐγένετο.

2404 5281 2576 5337 Πάλιν
2603 5281 2793 5353 ἕτερος
2843 5281 3133 5352 προφήτης
3165 5278 3367 5332 οὑτωσί
3403 5277 3522 5343 πώς
3559 5295 3693 5350 φησι
3737 5279 3870 5352 περὶ
3895 5274 4074 5333 αὐτοῦ·

2405 5366 2598 5436 Οὗτος
2622 5373 2657 5424 ὁ
2705 5369 2851 5436 Θεὸς
2893 5366 3083 5438 ἡμῶν,
3119 5369 3193 5420 οὐ
3224 5366 3662 5438 λογισθήσεται
3695 5367 3903 5437 ἕτερος
3943 5363 4074 5434 πρὸς

2402 5459 2612 5513 αὐτόν.
2665 5457 2778 5511 Καὶ
2805 5455 2937 5526 1:591
2967 5456 3112 5519 τίνος
3137 5455 3296 5508 τοῦτό
3323 5471 3489 5526 φησιν
3516 5472 3532 5521 ;
3587 5451 3700 5528 ἆρα
3727 5455 3806 5529 μὴ
3842 5454 3968 5526 περὶ
3993 5449 4073 5506 τοῦ

2403 5546 2648 5618 Πατρός;
2693 5545 2996 5616 υῦδαμῶς·
3056 5544 3290 5598 ἄκουσον
3334 5542 3445 5616 γάρ
3477 5542 3598 5608 πῶς
3645 5544 3742 5598 καὶ
3781 5536 3938 5607 οὗτος
3962 5539 4070 5612 περὶ

2402 5634 2503 5706 τῆς
2545 5632 2860 5705 οἰκονομίας
2907 5632 3192 5705 ἐμνήσθη·
3249 5630 3426 5687 εἰπὼν
3465 5630 3596 5707 γάρ,
3650 5625 3844 5700 θῦτος
3873 5631 3909 5688 δ
3943 5625 4068 5694 Θεὸς

2471 5865 2494 5896 ο
2520 5861 2727 5923 Quidam
2747 5862 3130 5928 καταδεέστερος.
