  <div class='ocr_page' id='page_1' title='image "/cluster/home/n/w/nwhite01/storage/ocr_20150623/48/pst.000005712458/224.png"; bbox 0 0 4174 6336; ppageno 0'>
   <div class='ocr_carea' id='block_1_1' title="bbox 231 401 323 436">
    <p class='ocr_par' dir='ltr' id='par_1_1' title="bbox 231 401 323 436">
     <span class='ocr_line' id='line_1_1' title="bbox 231 401 323 436; baseline 0.011 -1"><span class='ocrx_word' id='word_1_1' title='bbox 231 401 323 436; x_wconf 64' lang='lat' dir='ltr'><strong>Idl</strong></span> 
     </span>
    </p>
   </div>
   <div class='ocr_carea' id='block_1_2' title="bbox 219 496 1817 582">
    <p class='ocr_par' dir='ltr' id='par_1_2' title="bbox 219 496 1817 582">
     <span class='ocr_line' id='line_1_2' title="bbox 219 496 1817 582; baseline -0.006 -22"><span class='ocrx_word' id='word_1_2' title='bbox 219 519 350 562; x_wconf 76' lang='lat' dir='ltr'><strong>eum</strong></span> <span class='ocrx_word' id='word_1_3' title='bbox 380 503 559 560; x_wconf 86' lang='lat' dir='ltr'><strong>videre</strong></span> <span class='ocrx_word' id='word_1_4' title='bbox 590 519 782 582; x_wconf 82' lang='lat' dir='ltr'><strong>posse,</strong></span> <span class='ocrx_word' id='word_1_5' title='bbox 818 502 868 557; x_wconf 84' lang='lat' dir='ltr'><strong>id</strong></span> <span class='ocrx_word' id='word_1_6' title='bbox 898 502 1262 557; x_wconf 87' lang='lat' dir='ltr'><strong>additamento</strong></span> <span class='ocrx_word' id='word_1_7' title='bbox 1305 499 1394 553; x_wconf 92' lang='lat' dir='ltr'><strong>illo</strong></span> <span class='ocrx_word' id='word_1_8' title='bbox 1437 499 1609 568; x_wconf 97' lang='lat' dir='ltr'><strong>palam</strong></span> <span class='ocrx_word' id='word_1_9' title='bbox 1651 496 1817 552; x_wconf 82' lang='lat' dir='ltr'><strong>fecit:</strong></span> 
     </span>
    </p>
   </div>
   <div class='ocr_carea' id='block_1_3' title="bbox 217 588 1826 660">
    <p class='ocr_par' dir='ltr' id='par_1_3' title="bbox 217 588 1826 660">
     <span class='ocr_line' id='line_1_3' title="bbox 217 588 1826 660; baseline -0.004 -10"><span class='ocrx_word' id='word_1_10' title='bbox 217 611 349 650; x_wconf 88' lang='lat' dir='ltr'><strong>cum</strong></span> <span class='ocrx_word' id='word_1_11' title='bbox 378 596 519 651; x_wconf 89' lang='lat' dir='ltr'><strong>enim</strong></span> <span class='ocrx_word' id='word_1_12' title='bbox 550 595 772 650; x_wconf 85' lang='lat' dir='ltr'><strong>dixisset</strong></span> <span class='ocrx_word' id='word_1_13' title='bbox 798 638 812 653; x_wconf 91' lang='lat'><strong>.</strong></span> <span class='ocrx_word' id='word_1_14' title='bbox 847 593 1052 648; x_wconf 79' lang='lat' dir='ltr'><strong>Patrem</strong></span> <span class='ocrx_word' id='word_1_15' title='bbox 1085 609 1228 646; x_wconf 87' lang='lat' dir='ltr'><strong>nemo</strong></span> <span class='ocrx_word' id='word_1_16' title='bbox 1253 592 1375 644; x_wconf 83' lang='lat' dir='ltr'><strong>vidit</strong></span> <span class='ocrx_word' id='word_1_17' title='bbox 1399 607 1660 660; x_wconf 83' lang='lat' dir='ltr'><strong>umquam,</strong></span> <span class='ocrx_word' id='word_1_18' title='bbox 1692 588 1826 644; x_wconf 87' lang='lat' dir='ltr'><strong>sub-</strong></span> 
     </span>
    </p>
   </div>
   <div class='ocr_carea' id='block_1_4' title="bbox 220 680 1825 756">
    <p class='ocr_par' dir='ltr' id='par_1_4' title="bbox 220 680 1825 756">
     <span class='ocr_line' id='line_1_4' title="bbox 220 680 1825 756; baseline -0.005 -12"><span class='ocrx_word' id='word_1_19' title='bbox 220 689 418 752; x_wconf 86' lang='lat' dir='ltr'><strong>iunxit,</strong></span> <span class='ocrx_word' id='word_1_20' title='bbox 475 687 595 742; x_wconf 74' lang='lat' dir='ltr'><strong>Nisi</strong></span> <span class='ocrx_word' id='word_1_21' title='bbox 641 688 684 742; x_wconf 89' lang='lat' dir='ltr'><strong>is</strong></span> <span class='ocrx_word' id='word_1_22' title='bbox 736 687 822 756; x_wconf 87' lang='lat' dir='ltr'><strong>qui</strong></span> <span class='ocrx_word' id='word_1_23' title='bbox 856 696 936 737; x_wconf 86' lang='lat' dir='ltr'><strong>est</strong></span> <span class='ocrx_word' id='word_1_24' title='bbox 970 702 1031 740; x_wconf 76' lang='lat' dir='ltr'><strong>ea:</strong></span> <span class='ocrx_word' id='word_1_25' title='bbox 1073 684 1218 748; x_wconf 89' lang='lat' dir='ltr'><strong>Deo;</strong></span> <span class='ocrx_word' id='word_1_26' title='bbox 1249 684 1330 736; x_wconf 88' lang='lat' dir='ltr'><strong>hic</strong></span> <span class='ocrx_word' id='word_1_27' title='bbox 1354 684 1478 737; x_wconf 80' lang='lat' dir='ltr'><strong>vidit</strong></span> <span class='ocrx_word' id='word_1_28' title='bbox 1507 682 1738 737; x_wconf 88' lang='lat' dir='ltr'><strong>Patrem.</strong></span> <span class='ocrx_word' id='word_1_29' title='bbox 1767 680 1825 736; x_wconf 89' lang='lat' dir='ltr'><strong>Si</strong></span> 
     </span>
    </p>
   </div>
   <div class='ocr_carea' id='block_1_5' title="bbox 221 772 1826 849">
    <p class='ocr_par' dir='ltr' id='par_1_5' title="bbox 221 772 1826 849">
     <span class='ocr_line' id='line_1_5' title="bbox 221 772 1826 849; baseline -0.005 -16"><span class='ocrx_word' id='word_1_30' title='bbox 221 779 373 833; x_wconf 86' lang='lat' dir='ltr'><strong>enim</strong></span> <span class='ocrx_word' id='word_1_31' title='bbox 401 778 711 849; x_wconf 75' lang='lat' dir='ltr'><strong>simpliciter</strong></span> <span class='ocrx_word' id='word_1_32' title='bbox 739 776 980 841; x_wconf 77' lang='lat' dir='ltr'><strong>dixisset,</strong></span> <span class='ocrx_word' id='word_1_33' title='bbox 1010 791 1153 830; x_wconf 89' lang='lat' dir='ltr'><strong>nemo</strong></span> <span class='ocrx_word' id='word_1_34' title='bbox 1178 817 1192 841; x_wconf 92' lang='lat'><strong>,</strong></span> <span class='ocrx_word' id='word_1_35' title='bbox 1224 774 1374 828; x_wconf 91' lang='lat' dir='ltr'><strong>multi</strong></span> <span class='ocrx_word' id='word_1_36' title='bbox 1401 789 1467 828; x_wconf 91' lang='lat' dir='ltr'><strong>ex</strong></span> <span class='ocrx_word' id='word_1_37' title='bbox 1494 772 1826 827; x_wconf 77' lang='lat' dir='ltr'><strong>auditoribus</strong></span> 
     </span>
    </p>
   </div>
   <div class='ocr_carea' id='block_1_6' title="bbox 220 865 1824 935">
    <p class='ocr_par' dir='ltr' id='par_1_6' title="bbox 220 865 1824 935">
     <span class='ocr_line' id='line_1_6' title="bbox 220 865 1824 935; baseline -0.004 -12"><span class='ocrx_word' id='word_1_38' title='bbox 220 869 275 924; x_wconf 89' lang='lat' dir='ltr'><strong>id</strong></span> <span class='ocrx_word' id='word_1_39' title='bbox 331 869 398 924; x_wconf 89' lang='lat' dir='ltr'><strong>de</strong></span> <span class='ocrx_word' id='word_1_40' title='bbox 444 881 632 923; x_wconf 89' lang='lat' dir='ltr'><strong>natura</strong></span> <span class='ocrx_word' id='word_1_41' title='bbox 678 877 878 922; x_wconf 90' lang='lat' dir='ltr'><strong>tantum</strong></span> <span class='ocrx_word' id='word_1_42' title='bbox 911 878 1092 922; x_wconf 90' lang='lat' dir='ltr'><strong>nostra</strong></span> <span class='ocrx_word' id='word_1_43' title='bbox 1122 866 1322 921; x_wconf 90' lang='lat' dir='ltr'><strong>dictum</strong></span> <span class='ocrx_word' id='word_1_44' title='bbox 1355 873 1670 935; x_wconf 89' lang='lat' dir='ltr'><strong>putassent:</strong></span> <span class='ocrx_word' id='word_1_45' title='bbox 1714 865 1824 932; x_wconf 90' lang='lat' dir='ltr'><strong>jam</strong></span> 
     </span>
    </p>
   </div>
   <div class='ocr_carea' id='block_1_7' title="bbox 221 953 1821 1028">
    <p class='ocr_par' dir='ltr' id='par_1_7' title="bbox 221 953 1821 1028">
     <span class='ocr_line' id='line_1_7' title="bbox 221 953 1821 1028; baseline -0.003 -18"><span class='ocrx_word' id='word_1_46' title='bbox 221 974 379 1025; x_wconf 88' lang='lat' dir='ltr'><strong>vero,</strong></span> <span class='ocrx_word' id='word_1_47' title='bbox 407 974 525 1013; x_wconf 91' lang='lat' dir='ltr'><strong>cum</strong></span> <span class='ocrx_word' id='word_1_48' title='bbox 549 969 831 1028; x_wconf 89' lang='lat' dir='ltr'><strong>postquam</strong></span> <span class='ocrx_word' id='word_1_49' title='bbox 859 957 1089 1022; x_wconf 76' lang='lat' dir='ltr'><strong>dixerat,</strong></span> <span class='ocrx_word' id='word_1_50' title='bbox 1114 973 1279 1021; x_wconf 89' lang='lat' dir='ltr'><strong>nemo,</strong></span> <span class='ocrx_word' id='word_1_51' title='bbox 1302 956 1485 1021; x_wconf 80' lang='lat' dir='ltr'><strong>addat,</strong></span> <span class='ocrx_word' id='word_1_52' title='bbox 1514 956 1611 1008; x_wconf 89' lang='lat' dir='ltr'><strong>nisi</strong></span> <span class='ocrx_word' id='word_1_53' title='bbox 1634 953 1821 1018; x_wconf 88' lang='lat' dir='ltr'><strong>Filius,</strong></span> 
     </span>
    </p>
   </div>
   <div class='ocr_carea' id='block_1_8' title="bbox 221 1045 1822 1117">
    <p class='ocr_par' dir='ltr' id='par_1_8' title="bbox 221 1045 1822 1117">
     <span class='ocr_line' id='line_1_8' title="bbox 221 1045 1822 1117; baseline -0.002 -17"><span class='ocrx_word' id='word_1_54' title='bbox 221 1045 336 1102; x_wconf 85' lang='lat' dir='ltr'><strong>huc</strong></span> <span class='ocrx_word' id='word_1_55' title='bbox 350 1048 603 1117; x_wconf 77' lang='lat' dir='ltr'><strong>unigeniti</strong></span> <span class='ocrx_word' id='word_1_56' title='bbox 629 1048 993 1103; x_wconf 90' lang='lat' dir='ltr'><strong>additameuto</strong></span> <span class='ocrx_word' id='word_1_57' title='bbox 1009 1062 1225 1100; x_wconf 87' lang='lat' dir='ltr'><strong>onmem</strong></span> <span class='ocrx_word' id='word_1_58' title='bbox 1253 1055 1553 1100; x_wconf 86' lang='lat' dir='ltr'><strong>creaturam</strong></span> <span class='ocrx_word' id='word_1_59' title='bbox 1577 1045 1822 1099; x_wconf 77' lang='lat' dir='ltr'><strong>exclusit.</strong></span> 
     </span>
    </p>
   </div>
   <div class='ocr_carea' id='block_1_9' title="bbox 219 1134 1827 1208">
    <p class='ocr_par' dir='ltr' id='par_1_9' title="bbox 219 1134 1827 1208">
     <span class='ocr_line' id='line_1_9' title="bbox 219 1134 1827 1208; baseline -0.001 -16"><span class='ocrx_word' id='word_1_60' title='bbox 219 1138 368 1205; x_wconf 88' lang='lat' dir='ltr'><strong>Quid</strong></span> <span class='ocrx_word' id='word_1_61' title='bbox 396 1153 544 1208; x_wconf 76' lang='lat' dir='ltr'><strong>ergo,</strong></span> <span class='ocrx_word' id='word_1_62' title='bbox 560 1137 728 1204; x_wconf 88' lang='lat' dir='ltr'><strong>dices,</strong></span> <span class='ocrx_word' id='word_1_63' title='bbox 758 1136 1016 1207; x_wconf 90' lang='lat' dir='ltr'><strong>numquid</strong></span> <span class='ocrx_word' id='word_1_64' title='bbox 1046 1145 1100 1192; x_wconf 91' lang='lat' dir='ltr'><strong>et</strong></span> <span class='ocrx_word' id='word_1_65' title='bbox 1124 1135 1381 1207; x_wconf 86' lang='lat' dir='ltr'><strong>Spiritum</strong></span> <span class='ocrx_word' id='word_1_66' title='bbox 1410 1137 1693 1190; x_wconf 85' lang='lat' dir='ltr'><strong>sanctum?</strong></span> <span class='ocrx_word' id='word_1_67' title='bbox 1721 1134 1827 1192; x_wconf 87' lang='lat' dir='ltr'><strong>Ne-</strong></span> 
     </span>
    </p>
   </div>
   <div class='ocr_carea' id='block_1_10' title="bbox 220 1226 1826 1298">
    <p class='ocr_par' dir='ltr' id='par_1_10' title="bbox 220 1226 1826 1298">
     <span class='ocr_line' id='line_1_10' title="bbox 220 1226 1826 1298; baseline -0.001 -16"><span class='ocrx_word' id='word_1_68' title='bbox 220 1243 514 1298; x_wconf 81' lang='lat' dir='ltr'><strong>quaquam,</strong></span> <span class='ocrx_word' id='word_1_69' title='bbox 537 1244 712 1298; x_wconf 90' lang='lat' dir='ltr'><strong>neque</strong></span> <span class='ocrx_word' id='word_1_70' title='bbox 739 1229 882 1284; x_wconf 91' lang='lat' dir='ltr'><strong>enim</strong></span> <span class='ocrx_word' id='word_1_71' title='bbox 911 1229 999 1284; x_wconf 91' lang='lat' dir='ltr'><strong>ille</strong></span> <span class='ocrx_word' id='word_1_72' title='bbox 1030 1243 1153 1298; x_wconf 90' lang='lat' dir='ltr'><strong>pars</strong></span> <span class='ocrx_word' id='word_1_73' title='bbox 1172 1238 1538 1282; x_wconf 89' lang='lat' dir='ltr'><strong>creaturarum</strong></span> <span class='ocrx_word' id='word_1_74' title='bbox 1562 1236 1665 1281; x_wconf 92' lang='lat' dir='ltr'><strong>est.</strong></span> <span class='ocrx_word' id='word_1_75' title='bbox 1696 1226 1826 1280; x_wconf 69' lang='lat' dir='ltr'><strong>Illud</strong></span> 
     </span>
    </p>
   </div>
   <div class='ocr_carea' id='block_1_11' title="bbox 225 1318 1829 1386">
    <p class='ocr_par' dir='ltr' id='par_1_11' title="bbox 225 1318 1829 1386">
     <span class='ocr_line' id='line_1_11' title="bbox 225 1318 1829 1386; baseline 0 -16"><span class='ocrx_word' id='word_1_76' title='bbox 225 1336 385 1386; x_wconf 70' lang='lat' dir='ltr'><strong>vero,</strong></span> <span class='ocrx_word' id='word_1_77' title='bbox 417 1335 562 1373; x_wconf 89' lang='lat' dir='ltr'><strong>nemo</strong></span> <span class='ocrx_word' id='word_1_78' title='bbox 582 1359 598 1384; x_wconf 85' lang='lat'><strong>,</strong></span> <span class='ocrx_word' id='word_1_79' title='bbox 625 1319 692 1373; x_wconf 91' lang='lat' dir='ltr'><strong>ad</strong></span> <span class='ocrx_word' id='word_1_80' title='bbox 717 1329 1081 1374; x_wconf 83' lang='lat' dir='ltr'><strong>creaturarum</strong></span> <span class='ocrx_word' id='word_1_81' title='bbox 1105 1328 1318 1373; x_wconf 78' lang='lat' dir='ltr'><strong>tantum</strong></span> <span class='ocrx_word' id='word_1_82' title='bbox 1357 1318 1643 1374; x_wconf 84' lang='lat' dir='ltr'><strong>discrimen</strong></span> <span class='ocrx_word' id='word_1_83' title='bbox 1685 1334 1829 1372; x_wconf 89' lang='lat' dir='ltr'><strong>sem-</strong></span> 
     </span>
    </p>
   </div>
   <div class='ocr_carea' id='block_1_12' title="bbox 226 1410 594 1479">
    <p class='ocr_par' dir='ltr' id='par_1_12' title="bbox 226 1410 594 1479">
     <span class='ocr_line' id='line_1_12' title="bbox 226 1410 594 1479; baseline -0.003 -15"><span class='ocrx_word' id='word_1_84' title='bbox 226 1424 332 1478; x_wconf 80' lang='lat' dir='ltr'><strong>per</strong></span> <span class='ocrx_word' id='word_1_85' title='bbox 362 1410 594 1479; x_wconf 85' lang='lat' dir='ltr'><strong>ponitur.</strong></span> 
     </span>
    </p>
   </div>
   <div class='ocr_carea' id='block_1_13' title="bbox 298 1488 1830 1571">
    <p class='ocr_par' dir='ltr' id='par_1_13' title="bbox 298 1488 1830 1571">
     <span class='ocr_line' id='line_1_13' title="bbox 298 1488 1830 1571; baseline -0.004 -17"><span class='ocrx_word' id='word_1_86' title='bbox 298 1488 469 1554; x_wconf 82' lang='lat' dir='ltr'><strong>Filius</strong></span> <span class='ocrx_word' id='word_1_87' title='bbox 513 1508 561 1553; x_wconf 91' lang='lat' dir='ltr'><strong>et</strong></span> <span class='ocrx_word' id='word_1_88' title='bbox 607 1498 834 1571; x_wconf 80' lang='lat' dir='ltr'><strong>Spiritus</strong></span> <span class='ocrx_word' id='word_1_89' title='bbox 882 1499 946 1554; x_wconf 93' lang='lat' dir='ltr'><strong>S.</strong></span> <span class='ocrx_word' id='word_1_90' title='bbox 985 1499 1194 1553; x_wconf 79' lang='lat' dir='ltr'><strong>Patrem</strong></span> <span class='ocrx_word' id='word_1_91' title='bbox 1239 1501 1458 1571; x_wconf 78' lang='lat' dir='ltr'><strong>perfecte</strong></span> <span class='ocrx_word' id='word_1_92' title='bbox 1495 1507 1727 1552; x_wconf 84' lang='lat' dir='ltr'><strong>noscunt.</strong></span> <span class='ocrx_word' id='word_1_93' title='bbox 1755 1525 1830 1536; x_wconf 93' lang='lat'><strong>—</strong></span> 
     </span>
    </p>
   </div>
   <div class='ocr_carea' id='block_1_14' title="bbox 225 1586 1870 1655">
    <p class='ocr_par' dir='ltr' id='par_1_14' title="bbox 225 1586 1870 1655">
     <span class='ocr_line' id='line_1_14' title="bbox 225 1586 1870 1655; baseline -0.004 -10"><span class='ocrx_word' id='word_1_94' title='bbox 225 1589 344 1645; x_wconf 83' lang='lat' dir='ltr'><strong>Nec</strong></span> <span class='ocrx_word' id='word_1_95' title='bbox 381 1591 427 1644; x_wconf 94' lang='lat' dir='ltr'><strong>si</strong></span> <span class='ocrx_word' id='word_1_96' title='bbox 469 1590 538 1646; x_wconf 91' lang='lat' dir='ltr'><strong>de</strong></span> <span class='ocrx_word' id='word_1_97' title='bbox 578 1591 738 1646; x_wconf 84' lang='lat' dir='ltr'><strong>Patre</strong></span> <span class='ocrx_word' id='word_1_98' title='bbox 765 1589 994 1655; x_wconf 87' lang='lat' dir='ltr'><strong>dicatur,</strong></span> <span class='ocrx_word' id='word_1_99' title='bbox 1030 1589 1221 1644; x_wconf 87' lang='lat' dir='ltr'><strong>Filium</strong></span> <span class='ocrx_word' id='word_1_100' title='bbox 1248 1588 1483 1643; x_wconf 81' lang='lat' dir='ltr'><strong>excludit</strong></span> <span class='ocrx_word' id='word_1_101' title='bbox 1509 1586 1656 1654; x_wconf 88' lang='lat' dir='ltr'><strong>,nec</strong></span> <span class='ocrx_word' id='word_1_102' title='bbox 1686 1587 1728 1642; x_wconf 91' lang='lat' dir='ltr'><strong>si</strong></span> <span class='ocrx_word' id='word_1_103' title='bbox 1760 1587 1828 1642; x_wconf 91' lang='lat' dir='ltr'><strong>de</strong></span> <span class='ocrx_word' id='word_1_104' title='bbox 1863 1627 1870 1638; x_wconf 86' lang='lat'>,</span> 
     </span>
    </p>
   </div>
   <div class='ocr_carea' id='block_1_15' title="bbox 224 1678 1826 1750">
    <p class='ocr_par' dir='ltr' id='par_1_15' title="bbox 224 1678 1826 1750">
     <span class='ocr_line' id='line_1_15' title="bbox 224 1678 1826 1750; baseline -0.002 -15"><span class='ocrx_word' id='word_1_105' title='bbox 224 1681 402 1746; x_wconf 79' lang='lat' dir='ltr'><strong>Filio,</strong></span> <span class='ocrx_word' id='word_1_106' title='bbox 444 1679 701 1750; x_wconf 86' lang='lat' dir='ltr'><strong>Spiritum</strong></span> <span class='ocrx_word' id='word_1_107' title='bbox 741 1689 1003 1735; x_wconf 90' lang='lat' dir='ltr'><strong>sanctum.</strong></span> <span class='ocrx_word' id='word_1_108' title='bbox 1028 1678 1100 1736; x_wconf 90' lang='lat' dir='ltr'><strong>Ut</strong></span> <span class='ocrx_word' id='word_1_109' title='bbox 1128 1689 1307 1734; x_wconf 89' lang='lat' dir='ltr'><strong>autem</strong></span> <span class='ocrx_word' id='word_1_110' title='bbox 1336 1681 1420 1733; x_wconf 89' lang='lat' dir='ltr'><strong>vel</strong></span> <span class='ocrx_word' id='word_1_111' title='bbox 1446 1678 1568 1733; x_wconf 92' lang='lat' dir='ltr'><strong>inde</strong></span> <span class='ocrx_word' id='word_1_112' title='bbox 1597 1678 1826 1733; x_wconf 86' lang='lat' dir='ltr'><strong>demon-</strong></span> 
     </span>
    </p>
   </div>
   <div class='ocr_carea' id='block_1_16' title="bbox 227 1767 1827 1846">
    <p class='ocr_par' dir='ltr' id='par_1_16' title="bbox 227 1767 1827 1846">
     <span class='ocr_line' id='line_1_16' title="bbox 227 1767 1827 1846; baseline -0.003 -21"><span class='ocrx_word' id='word_1_113' title='bbox 227 1783 400 1828; x_wconf 90' lang='lat' dir='ltr'><strong>strem</strong></span> <span class='ocrx_word' id='word_1_114' title='bbox 446 1771 604 1836; x_wconf 92' lang='lat' dir='ltr'><strong>illud,</strong></span> <span class='ocrx_word' id='word_1_115' title='bbox 635 1788 817 1836; x_wconf 85' lang='lat' dir='ltr'><strong>nemo,</strong></span> <span class='ocrx_word' id='word_1_116' title='bbox 859 1786 964 1826; x_wconf 94' lang='lat' dir='ltr'><strong>non</strong></span> <span class='ocrx_word' id='word_1_117' title='bbox 1012 1771 1080 1826; x_wconf 92' lang='lat' dir='ltr'><strong>ad</strong></span> <span class='ocrx_word' id='word_1_118' title='bbox 1109 1771 1340 1841; x_wconf 89' lang='lat' dir='ltr'><strong>Spiritus</strong></span> <span class='ocrx_word' id='word_1_119' title='bbox 1383 1769 1592 1835; x_wconf 87' lang='lat' dir='ltr'><strong>sancti,</strong></span> <span class='ocrx_word' id='word_1_120' title='bbox 1623 1769 1716 1846; x_wconf 72' lang='lat' dir='ltr'><strong>sed</strong></span> <span class='ocrx_word' id='word_1_121' title='bbox 1758 1767 1827 1822; x_wconf 90' lang='lat' dir='ltr'><strong>ad</strong></span> 
     </span>
    </p>
   </div>
   <div class='ocr_carea' id='block_1_17' title="bbox 225 1859 1826 1930">
    <p class='ocr_par' dir='ltr' id='par_1_17' title="bbox 225 1859 1826 1930">
     <span class='ocr_line' id='line_1_17' title="bbox 225 1859 1826 1930; baseline -0.003 -13"><span class='ocrx_word' id='word_1_122' title='bbox 225 1872 491 1918; x_wconf 70' lang='lat' dir='ltr'><strong>creatura:</strong></span> <span class='ocrx_word' id='word_1_123' title='bbox 528 1863 892 1918; x_wconf 85' lang='lat' dir='ltr'><strong>exclusioncm</strong></span> <span class='ocrx_word' id='word_1_124' title='bbox 923 1863 1122 1917; x_wconf 88' lang='lat' dir='ltr'><strong>dictum</strong></span> <span class='ocrx_word' id='word_1_125' title='bbox 1166 1877 1321 1928; x_wconf 90' lang='lat' dir='ltr'><strong>esse,</strong></span> <span class='ocrx_word' id='word_1_126' title='bbox 1371 1862 1440 1916; x_wconf 90' lang='lat' dir='ltr'><strong>de</strong></span> <span class='ocrx_word' id='word_1_127' title='bbox 1478 1859 1666 1916; x_wconf 86' lang='lat' dir='ltr'><strong>eadein</strong></span> <span class='ocrx_word' id='word_1_128' title='bbox 1714 1861 1826 1930; x_wconf 87' lang='lat' dir='ltr'><strong>ipsa</strong></span> 
     </span>
    </p>
   </div>
   <div class='ocr_carea' id='block_1_18' title="bbox 228 1949 1828 2024">
    <p class='ocr_par' dir='ltr' id='par_1_18' title="bbox 228 1949 1828 2024">
     <span class='ocr_line' id='line_1_18' title="bbox 228 1949 1828 2024; baseline -0.003 -15"><span class='ocrx_word' id='word_1_129' title='bbox 228 1956 556 2024; x_wconf 77' lang='lat' dir='ltr'><strong>cognitione,</strong></span> <span class='ocrx_word' id='word_1_130' title='bbox 609 1969 766 2023; x_wconf 89' lang='lat' dir='ltr'><strong>quam</strong></span> <span class='ocrx_word' id='word_1_131' title='bbox 813 1955 982 2008; x_wconf 88' lang='lat' dir='ltr'><strong>solius</strong></span> <span class='ocrx_word' id='word_1_132' title='bbox 1025 1954 1144 2008; x_wconf 89' lang='lat' dir='ltr'><strong>Filii</strong></span> <span class='ocrx_word' id='word_1_133' title='bbox 1184 1969 1305 2008; x_wconf 89' lang='lat' dir='ltr'><strong>esse</strong></span> <span class='ocrx_word' id='word_1_134' title='bbox 1353 1949 1828 2017; x_wconf 55' lang='lat' dir='ltr'><strong>dicit,&#39;audiamus</strong></span> 
     </span>
    </p>
   </div>
   <div class='ocr_carea' id='block_1_19' title="bbox 228 2043 1822 2115">
    <p class='ocr_par' dir='ltr' id='par_1_19' title="bbox 228 2043 1822 2115">
     <span class='ocr_line' id='line_1_19' title="bbox 228 2043 1822 2115; baseline -0.001 -19"><span class='ocrx_word' id='word_1_135' title='bbox 228 2046 359 2115; x_wconf 89' lang='lat' dir='ltr'><strong>quid</strong></span> <span class='ocrx_word' id='word_1_136' title='bbox 403 2060 532 2099; x_wconf 83' lang='lat' dir='ltr'><strong>voce</strong></span> <span class='ocrx_word' id='word_1_137' title='bbox 555 2086 570 2112; x_wconf 93' lang='lat'><strong>,</strong></span> <span class='ocrx_word' id='word_1_138' title='bbox 611 2046 779 2107; x_wconf 82' lang='lat' dir='ltr'><strong>novit,</strong></span> <span class='ocrx_word' id='word_1_139' title='bbox 816 2045 1052 2099; x_wconf 88' lang='lat' dir='ltr'><strong>adhibita</strong></span> <span class='ocrx_word' id='word_1_140' title='bbox 1089 2045 1286 2099; x_wconf 86' lang='lat' dir='ltr'><strong>Paulus</strong></span> <span class='ocrx_word' id='word_1_141' title='bbox 1313 2043 1608 2099; x_wconf 85' lang='lat' dir='ltr'><strong>Corinthiis</strong></span> <span class='ocrx_word' id='word_1_142' title='bbox 1644 2043 1822 2097; x_wconf 84' lang='lat' dir='ltr'><strong>dicat:</strong></span> 
     </span>
    </p>
   </div>
   <div class='ocr_carea' id='block_1_20' title="bbox 227 2133 1857 2205">
    <p class='ocr_par' dir='ltr' id='par_1_20' title="bbox 227 2133 1857 2205">
     <span class='ocr_line' id='line_1_20' title="bbox 227 2133 1857 2205; baseline -0.001 -17"><span class='ocrx_word' id='word_1_143' title='bbox 227 2134 360 2199; x_wconf 84' lang='lat' dir='ltr'><strong>Quis</strong></span> <span class='ocrx_word' id='word_1_144' title='bbox 379 2135 509 2199; x_wconf 79' lang='lat' dir='ltr'><strong>enim</strong></span> <span class='ocrx_word' id='word_1_145' title='bbox 535 2136 668 2188; x_wconf 83' lang='lat' dir='ltr'><strong>novit</strong></span> <span class='ocrx_word' id='word_1_146' title='bbox 682 2136 698 2166; x_wconf 87' lang='grc'>¹</span> <span class='ocrx_word' id='word_1_147' title='bbox 715 2150 829 2204; x_wconf 72' lang='lat' dir='ltr'><strong>qua:</strong></span> <span class='ocrx_word' id='word_1_148' title='bbox 847 2144 963 2188; x_wconf 89' lang='lat' dir='ltr'><strong>sunt</strong></span> <span class='ocrx_word' id='word_1_149' title='bbox 984 2135 1225 2201; x_wconf 76' lang='lat' dir='ltr'><strong>hominis,</strong></span> <span class='ocrx_word' id='word_1_150' title='bbox 1239 2135 1336 2188; x_wconf 86' lang='lat' dir='ltr'><strong>nisi</strong></span> <span class='ocrx_word' id='word_1_151' title='bbox 1358 2135 1566 2205; x_wconf 84' lang='lat' dir='ltr'><strong>spiritus</strong></span> <span class='ocrx_word' id='word_1_152' title='bbox 1586 2133 1824 2196; x_wconf 85' lang='lat' dir='ltr'><strong>hominis,</strong></span> <span class='ocrx_word' id='word_1_153' title='bbox 1855 2164 1857 2166; x_wconf 88' lang='grc'><strong>-</strong></span> 
     </span>
    </p>
   </div>
   <div class='ocr_carea' id='block_1_21' title="bbox 224 2222 1828 2299">
    <p class='ocr_par' dir='ltr' id='par_1_21' title="bbox 224 2222 1828 2299">
     <span class='ocr_line' id='line_1_21' title="bbox 224 2222 1828 2299; baseline 0.001 -23"><span class='ocrx_word' id='word_1_154' title='bbox 224 2226 316 2292; x_wconf 85' lang='lat' dir='ltr'><strong>qui</strong></span> <span class='ocrx_word' id='word_1_155' title='bbox 339 2234 411 2279; x_wconf 87' lang='lat' dir='ltr'><strong>est</strong></span> <span class='ocrx_word' id='word_1_156' title='bbox 440 2225 491 2299; x_wconf 85' lang='lat' dir='ltr'><strong>in</strong></span> <span class='ocrx_word' id='word_1_157' title='bbox 515 2225 627 2294; x_wconf 85' lang='lat' dir='ltr'><strong>ipso</strong></span> <span class='ocrx_word' id='word_1_158' title='bbox 644 2223 670 2277; x_wconf 70' lang='lat'><strong>.9</strong></span> <span class='ocrx_word' id='word_1_159' title='bbox 689 2222 777 2277; x_wconf 87' lang='lat' dir='ltr'><strong>Ita</strong></span> <span class='ocrx_word' id='word_1_160' title='bbox 800 2235 850 2278; x_wconf 92' lang='lat' dir='ltr'><strong>et</strong></span> <span class='ocrx_word' id='word_1_161' title='bbox 877 2241 992 2294; x_wconf 74' lang='lat' dir='ltr'><strong>qua:</strong></span> <span class='ocrx_word' id='word_1_162' title='bbox 1014 2224 1105 2278; x_wconf 90' lang='lat' dir='ltr'><strong>Dei</strong></span> <span class='ocrx_word' id='word_1_163' title='bbox 1126 2235 1240 2278; x_wconf 86' lang='lat' dir='ltr'><strong>sunt</strong></span> <span class='ocrx_word' id='word_1_164' title='bbox 1262 2225 1432 2278; x_wconf 83' lang='lat' dir='ltr'><strong>nullus</strong></span> <span class='ocrx_word' id='word_1_165' title='bbox 1456 2225 1706 2295; x_wconf 84' lang='lat' dir='ltr'><strong>cognovit,</strong></span> <span class='ocrx_word' id='word_1_166' title='bbox 1730 2223 1828 2277; x_wconf 85' lang='lat' dir='ltr'><strong>nisi</strong></span> 
     </span>
    </p>
   </div>
   <div class='ocr_carea' id='block_1_22' title="bbox 226 2313 1825 2386">
    <p class='ocr_par' dir='ltr' id='par_1_22' title="bbox 226 2313 1825 2386">
     <span class='ocr_line' id='line_1_22' title="bbox 226 2313 1825 2386; baseline -0.001 -17"><span class='ocrx_word' id='word_1_167' title='bbox 226 2314 459 2385; x_wconf 82' lang='lat' dir='ltr'><strong>Spiritus</strong></span> <span class='ocrx_word' id='word_1_168' title='bbox 486 2314 579 2369; x_wconf 86' lang='lat' dir='ltr'><strong>Dei</strong></span> <span class='ocrx_word' id='word_1_169' title='bbox 605 2317 680 2386; x_wconf 89' lang='grc'><strong>(1.</strong></span> <span class='ocrx_word' id='word_1_170' title='bbox 713 2313 833 2370; x_wconf 86' lang='lat' dir='ltr'><strong>Cor.</strong></span> <span class='ocrx_word' id='word_1_171' title='bbox 860 2315 915 2369; x_wconf 79' lang='grc'><strong>2.</strong></span> <span class='ocrx_word' id='word_1_172' title='bbox 951 2317 1058 2386; x_wconf 78' lang='lat' dir='ltr'><strong>ii).</strong></span> <span class='ocrx_word' id='word_1_173' title='bbox 1081 2317 1229 2372; x_wconf 89' lang='lat' dir='ltr'><strong>Sicut</strong></span> <span class='ocrx_word' id='word_1_174' title='bbox 1266 2316 1424 2385; x_wconf 86' lang='lat' dir='ltr'><strong>igitur</strong></span> <span class='ocrx_word' id='word_1_175' title='bbox 1449 2315 1537 2370; x_wconf 88' lang='lat' dir='ltr'><strong>hic</strong></span> <span class='ocrx_word' id='word_1_176' title='bbox 1574 2331 1674 2370; x_wconf 88' lang='lat' dir='ltr'><strong>vox</strong></span> <span class='ocrx_word' id='word_1_177' title='bbox 1706 2316 1825 2381; x_wconf 88' lang='lat' dir='ltr'><strong>illa,</strong></span> 
     </span>
    </p>
   </div>
   <div class='ocr_carea' id='block_1_23' title="bbox 225 2407 1829 2474">
    <p class='ocr_par' dir='ltr' id='par_1_23' title="bbox 225 2407 1829 2474">
     <span class='ocr_line' id='line_1_23' title="bbox 225 2407 1829 2474; baseline 0.002 -16"><span class='ocrx_word' id='word_1_178' title='bbox 225 2423 402 2470; x_wconf 86' lang='lat' dir='ltr'><strong>nemo,</strong></span> <span class='ocrx_word' id='word_1_179' title='bbox 435 2423 544 2461; x_wconf 87' lang='lat' dir='ltr'><strong>non</strong></span> <span class='ocrx_word' id='word_1_180' title='bbox 573 2407 808 2462; x_wconf 87' lang='lat' dir='ltr'><strong>excludit</strong></span> <span class='ocrx_word' id='word_1_181' title='bbox 837 2408 1067 2474; x_wconf 87' lang='lat' dir='ltr'><strong>Filium;</strong></span> <span class='ocrx_word' id='word_1_182' title='bbox 1096 2409 1174 2464; x_wconf 90' lang='lat' dir='ltr'><strong>sic</strong></span> <span class='ocrx_word' id='word_1_183' title='bbox 1197 2417 1252 2463; x_wconf 92' lang='lat' dir='ltr'><strong>et</strong></span> <span class='ocrx_word' id='word_1_184' title='bbox 1279 2424 1398 2463; x_wconf 91' lang='lat' dir='ltr'><strong>cum</strong></span> <span class='ocrx_word' id='word_1_185' title='bbox 1427 2409 1493 2462; x_wconf 91' lang='lat' dir='ltr'><strong>de</strong></span> <span class='ocrx_word' id='word_1_186' title='bbox 1513 2409 1727 2463; x_wconf 83' lang='lat' dir='ltr'><strong>Christo</strong></span> <span class='ocrx_word' id='word_1_187' title='bbox 1748 2408 1829 2462; x_wconf 85' lang='lat' dir='ltr'><strong>di-</strong></span> 
     </span>
    </p>
   </div>
   <div class='ocr_carea' id='block_1_24' title="bbox 222 2498 1826 2571">
    <p class='ocr_par' dir='ltr' id='par_1_24' title="bbox 222 2498 1826 2571">
     <span class='ocr_line' id='line_1_24' title="bbox 222 2498 1826 2571; baseline 0.002 -21"><span class='ocrx_word' id='word_1_188' title='bbox 222 2498 390 2565; x_wconf 88' lang='lat' dir='ltr'><strong>citur,</strong></span> <span class='ocrx_word' id='word_1_189' title='bbox 423 2513 530 2552; x_wconf 82' lang='lat' dir='ltr'><strong>vox</strong></span> <span class='ocrx_word' id='word_1_190' title='bbox 560 2499 747 2554; x_wconf 89' lang='lat' dir='ltr'><strong>eadem</strong></span> <span class='ocrx_word' id='word_1_191' title='bbox 767 2542 782 2565; x_wconf 92' lang='lat'><strong>,</strong></span> <span class='ocrx_word' id='word_1_192' title='bbox 813 2517 960 2553; x_wconf 89' lang='lat' dir='ltr'><strong>nemo</strong></span> <span class='ocrx_word' id='word_1_193' title='bbox 979 2543 993 2567; x_wconf 90' lang='lat'><strong>,</strong></span> <span class='ocrx_word' id='word_1_194' title='bbox 1023 2516 1128 2555; x_wconf 91' lang='lat' dir='ltr'><strong>non</strong></span> <span class='ocrx_word' id='word_1_195' title='bbox 1154 2501 1389 2555; x_wconf 81' lang='lat' dir='ltr'><strong>excludit</strong></span> <span class='ocrx_word' id='word_1_196' title='bbox 1415 2501 1668 2571; x_wconf 85' lang='lat' dir='ltr'><strong>Spiritum</strong></span> <span class='ocrx_word' id='word_1_197' title='bbox 1700 2516 1826 2554; x_wconf 85' lang='lat' dir='ltr'><strong>san-</strong></span> 
     </span>
    </p>
   </div>
   <div class='ocr_carea' id='block_1_25' title="bbox 203 2590 1824 2663">
    <p class='ocr_par' dir='ltr' id='par_1_25' title="bbox 203 2590 1824 2663">
     <span class='ocr_line' id='line_1_25' title="bbox 203 2590 1824 2663; baseline 0.002 -21"><span class='ocrx_word' id='word_1_198' title='bbox 203 2599 394 2643; x_wconf 86' lang='lat' dir='ltr'><strong>.ctum.</strong></span> <span class='ocrx_word' id='word_1_199' title='bbox 425 2590 579 2644; x_wconf 82' lang='lat' dir='ltr'><strong>Patet</strong></span> <span class='ocrx_word' id='word_1_200' title='bbox 601 2606 731 2662; x_wconf 80' lang='lat' dir='ltr'><strong>ergo</strong></span> <span class='ocrx_word' id='word_1_201' title='bbox 758 2607 946 2647; x_wconf 90' lang='lat' dir='ltr'><strong>verum</strong></span> <span class='ocrx_word' id='word_1_202' title='bbox 984 2607 1104 2648; x_wconf 88' lang='lat' dir='ltr'><strong>esse</strong></span> <span class='ocrx_word' id='word_1_203' title='bbox 1130 2591 1271 2663; x_wconf 88' lang='lat' dir='ltr'><strong>quod</strong></span> <span class='ocrx_word' id='word_1_204' title='bbox 1301 2593 1554 2647; x_wconf 72' lang='lat' dir='ltr'><strong>diximus.</strong></span> <span class='ocrx_word' id='word_1_205' title='bbox 1591 2592 1648 2646; x_wconf 85' lang='lat' dir='ltr'><strong>Si</strong></span> <span class='ocrx_word' id='word_1_206' title='bbox 1682 2592 1824 2647; x_wconf 90' lang='lat' dir='ltr'><strong>enim</strong></span> 
     </span>
    </p>
   </div>
   <div class='ocr_carea' id='block_1_26' title="bbox 221 2680 1826 2752">
    <p class='ocr_par' dir='ltr' id='par_1_26' title="bbox 221 2680 1826 2752">
     <span class='ocr_line' id='line_1_26' title="bbox 221 2680 1826 2752; baseline 0.001 -17"><span class='ocrx_word' id='word_1_207' title='bbox 221 2695 356 2735; x_wconf 86' lang='lat' dir='ltr'><strong>cum</strong></span> <span class='ocrx_word' id='word_1_208' title='bbox 395 2680 617 2745; x_wconf 80' lang='lat' dir='ltr'><strong>dicitur,</strong></span> <span class='ocrx_word' id='word_1_209' title='bbox 647 2680 813 2736; x_wconf 85' lang='lat' dir='ltr'><strong>Nemo</strong></span> <span class='ocrx_word' id='word_1_210' title='bbox 843 2684 976 2736; x_wconf 79' lang='lat' dir='ltr'><strong>novit</strong></span> <span class='ocrx_word' id='word_1_211' title='bbox 1006 2681 1220 2738; x_wconf 81' lang='lat' dir='ltr'><strong>Patrem</strong></span> <span class='ocrx_word' id='word_1_212' title='bbox 1243 2725 1258 2748; x_wconf 96' lang='lat'><strong>,</strong></span> <span class='ocrx_word' id='word_1_213' title='bbox 1289 2683 1390 2737; x_wconf 85' lang='lat' dir='ltr'><strong>nisi</strong></span> <span class='ocrx_word' id='word_1_214' title='bbox 1433 2683 1478 2736; x_wconf 92' lang='lat' dir='ltr'><strong>is</strong></span> <span class='ocrx_word' id='word_1_215' title='bbox 1517 2682 1604 2752; x_wconf 86' lang='lat' dir='ltr'><strong>qui</strong></span> <span class='ocrx_word' id='word_1_216' title='bbox 1628 2699 1693 2736; x_wconf 79' lang='lat' dir='ltr'><strong>ea:</strong></span> <span class='ocrx_word' id='word_1_217' title='bbox 1723 2681 1826 2736; x_wconf 91' lang='lat' dir='ltr'><strong>Deo</strong></span> 
     </span>
    </p>
   </div>
   <div class='ocr_carea' id='block_1_27' title="bbox 223 2770 1827 2840">
    <p class='ocr_par' dir='ltr' id='par_1_27' title="bbox 223 2770 1827 2840">
     <span class='ocr_line' id='line_1_27' title="bbox 223 2770 1827 2840; baseline 0.001 -16"><span class='ocrx_word' id='word_1_218' title='bbox 223 2781 325 2835; x_wconf 88' lang='lat' dir='ltr'><strong>est,</strong></span> <span class='ocrx_word' id='word_1_219' title='bbox 358 2770 588 2840; x_wconf 84' lang='lat' dir='ltr'><strong>Spiritus</strong></span> <span class='ocrx_word' id='word_1_220' title='bbox 617 2782 832 2827; x_wconf 90' lang='lat' dir='ltr'><strong>sanctus</strong></span> <span class='ocrx_word' id='word_1_221' title='bbox 862 2773 1261 2840; x_wconf 86' lang='lat' dir='ltr'><strong>excluderetur,</strong></span> <span class='ocrx_word' id='word_1_222' title='bbox 1287 2773 1480 2828; x_wconf 78' lang='lat' dir='ltr'><strong>frustra</strong></span> <span class='ocrx_word' id='word_1_223' title='bbox 1511 2772 1707 2828; x_wconf 86' lang='lat' dir='ltr'><strong>Paulus</strong></span> <span class='ocrx_word' id='word_1_224' title='bbox 1741 2773 1827 2826; x_wconf 86' lang='lat' dir='ltr'><strong>di-</strong></span> 
     </span>
    </p>
   </div>
   <div class='ocr_carea' id='block_1_28' title="bbox 221 2863 1826 2935">
    <p class='ocr_par' dir='ltr' id='par_1_28' title="bbox 221 2863 1826 2935">
     <span class='ocr_line' id='line_1_28' title="bbox 221 2863 1826 2935; baseline 0.002 -18"><span class='ocrx_word' id='word_1_225' title='bbox 221 2870 412 2929; x_wconf 82' lang='lat' dir='ltr'><strong>ceret,</strong></span> <span class='ocrx_word' id='word_1_226' title='bbox 443 2863 591 2918; x_wconf 87' lang='lat' dir='ltr'><strong>Sicut</strong></span> <span class='ocrx_word' id='word_1_227' title='bbox 631 2863 791 2918; x_wconf 85' lang='lat' dir='ltr'><strong>homo</strong></span> <span class='ocrx_word' id='word_1_228' title='bbox 819 2880 936 2935; x_wconf 73' lang='lat' dir='ltr'><strong>qua:</strong></span> <span class='ocrx_word' id='word_1_229' title='bbox 962 2873 1082 2919; x_wconf 91' lang='lat' dir='ltr'><strong>sunt</strong></span> <span class='ocrx_word' id='word_1_230' title='bbox 1109 2880 1203 2920; x_wconf 92' lang='lat' dir='ltr'><strong>sua</strong></span> <span class='ocrx_word' id='word_1_231' title='bbox 1225 2867 1391 2933; x_wconf 82' lang='lat' dir='ltr'><strong>novit,</strong></span> <span class='ocrx_word' id='word_1_232' title='bbox 1419 2866 1497 2921; x_wconf 93' lang='lat' dir='ltr'><strong>sic</strong></span> <span class='ocrx_word' id='word_1_233' title='bbox 1521 2875 1576 2920; x_wconf 91' lang='lat' dir='ltr'><strong>et</strong></span> <span class='ocrx_word' id='word_1_234' title='bbox 1597 2865 1826 2935; x_wconf 85' lang='lat' dir='ltr'><strong>Spiritus</strong></span> 
     </span>
    </p>
   </div>
   <div class='ocr_carea' id='block_1_29' title="bbox 221 2957 1827 3030">
    <p class='ocr_par' dir='ltr' id='par_1_29' title="bbox 221 2957 1827 3030">
     <span class='ocr_line' id='line_1_29' title="bbox 221 2957 1827 3030; baseline 0.003 -22"><span class='ocrx_word' id='word_1_235' title='bbox 221 2964 449 3030; x_wconf 84' lang='lat' dir='ltr'><strong>sanctus</strong></span> <span class='ocrx_word' id='word_1_236' title='bbox 487 2971 607 3026; x_wconf 75' lang='lat' dir='ltr'><strong>quze</strong></span> <span class='ocrx_word' id='word_1_237' title='bbox 643 2966 768 3011; x_wconf 88' lang='lat' dir='ltr'><strong>sunt</strong></span> <span class='ocrx_word' id='word_1_238' title='bbox 794 2957 886 3012; x_wconf 89' lang='lat' dir='ltr'><strong>Dei</strong></span> <span class='ocrx_word' id='word_1_239' title='bbox 916 2968 1166 3012; x_wconf 88' lang='lat' dir='ltr'><strong>accurate</strong></span> <span class='ocrx_word' id='word_1_240' title='bbox 1195 2959 1360 3015; x_wconf 87' lang='lat' dir='ltr'><strong>novit.</strong></span> <span class='ocrx_word' id='word_1_241' title='bbox 1383 2957 1587 3013; x_wconf 87' lang='lat' dir='ltr'><strong>Eodem</strong></span> <span class='ocrx_word' id='word_1_242' title='bbox 1615 2973 1827 3030; x_wconf 87' lang='lat' dir='ltr'><strong>quoque</strong></span> 
     </span>
    </p>
   </div>
   <div class='ocr_carea' id='block_1_30' title="bbox 219 3040 1826 3121">
    <p class='ocr_par' dir='ltr' id='par_1_30' title="bbox 219 3040 1826 3121">
     <span class='ocr_line' id='line_1_30' title="bbox 219 3040 1826 3121; baseline 0.004 -22"><span class='ocrx_word' id='word_1_243' title='bbox 219 3045 394 3101; x_wconf 87' lang='lat' dir='ltr'><strong>modo</strong></span> <span class='ocrx_word' id='word_1_244' title='bbox 420 3063 520 3102; x_wconf 85' lang='lat' dir='ltr'><strong>vox</strong></span> <span class='ocrx_word' id='word_1_245' title='bbox 551 3040 660 3115; x_wconf 90' lang='lat' dir='ltr'><strong>illa,</strong></span> <span class='ocrx_word' id='word_1_246' title='bbox 690 3064 839 3114; x_wconf 86' lang='lat' dir='ltr'><strong>unus,</strong></span> <span class='ocrx_word' id='word_1_247' title='bbox 871 3048 1084 3112; x_wconf 86' lang='lat' dir='ltr'><strong>dicitur,</strong></span> <span class='ocrx_word' id='word_1_248' title='bbox 1118 3050 1364 3104; x_wconf 87' lang='lat' dir='ltr'><strong>eamdem</strong></span> <span class='ocrx_word' id='word_1_249' title='bbox 1403 3049 1602 3121; x_wconf 87' lang='lat' dir='ltr'><strong>quippe</strong></span> <span class='ocrx_word' id='word_1_250' title='bbox 1627 3051 1734 3104; x_wconf 71' lang='lat' dir='ltr'><strong>vim</strong></span> <span class='ocrx_word' id='word_1_251' title='bbox 1771 3060 1826 3106; x_wconf 92' lang='lat' dir='ltr'><strong>et</strong></span> 
     </span>
    </p>
   </div>
   <div class='ocr_carea' id='block_1_31' title="bbox 219 3138 1828 3207">
    <p class='ocr_par' dir='ltr' id='par_1_31' title="bbox 219 3138 1828 3207">
     <span class='ocr_line' id='line_1_31' title="bbox 219 3138 1828 3207; baseline 0.004 -17"><span class='ocrx_word' id='word_1_252' title='bbox 219 3147 550 3206; x_wconf 85' lang='lat' dir='ltr'><strong>potestatem</strong></span> <span class='ocrx_word' id='word_1_253' title='bbox 581 3138 758 3193; x_wconf 83' lang='lat' dir='ltr'><strong>habet.</strong></span> <span class='ocrx_word' id='word_1_254' title='bbox 792 3139 925 3194; x_wconf 86' lang='lat' dir='ltr'><strong>Illud</strong></span> <span class='ocrx_word' id='word_1_255' title='bbox 957 3155 1084 3194; x_wconf 86' lang='lat' dir='ltr'><strong>vero</strong></span> <span class='ocrx_word' id='word_1_256' title='bbox 1122 3140 1431 3207; x_wconf 76' lang='lat' dir='ltr'><strong>consideres</strong></span> <span class='ocrx_word' id='word_1_257' title='bbox 1463 3141 1652 3203; x_wconf 83' lang='lat' dir='ltr'><strong>velim,</strong></span> <span class='ocrx_word' id='word_1_258' title='bbox 1685 3140 1828 3197; x_wconf 88' lang='lat' dir='ltr'><strong>Unus</strong></span> 
     </span>
    </p>
   </div>
   <div class='ocr_carea' id='block_1_32' title="bbox 220 3227 1827 3301">
    <p class='ocr_par' dir='ltr' id='par_1_32' title="bbox 220 3227 1827 3301">
     <span class='ocr_line' id='line_1_32' title="bbox 220 3227 1827 3301; baseline 0.002 -19"><span class='ocrx_word' id='word_1_259' title='bbox 220 3228 374 3283; x_wconf 79' lang='lat' dir='ltr'><strong>Deus</strong></span> <span class='ocrx_word' id='word_1_260' title='bbox 396 3227 574 3294; x_wconf 86' lang='lat' dir='ltr'><strong>Pater,</strong></span> <span class='ocrx_word' id='word_1_261' title='bbox 607 3230 812 3299; x_wconf 86' lang='lat' dir='ltr'><strong>inquit,</strong></span> <span class='ocrx_word' id='word_1_262' title='bbox 844 3247 908 3285; x_wconf 77' lang='lat' dir='ltr'><strong>ea:</strong></span> <span class='ocrx_word' id='word_1_263' title='bbox 943 3247 1044 3301; x_wconf 85' lang='lat' dir='ltr'><strong>quo</strong></span> <span class='ocrx_word' id='word_1_264' title='bbox 1082 3232 1254 3284; x_wconf 83' lang='lat' dir='ltr'><strong>omnia</strong></span> <span class='ocrx_word' id='word_1_265' title='bbox 1280 3240 1366 3285; x_wconf 91' lang='lat' dir='ltr'><strong>:et</strong></span> <span class='ocrx_word' id='word_1_266' title='bbox 1407 3248 1541 3285; x_wconf 90' lang='lat' dir='ltr'><strong>unus</strong></span> <span class='ocrx_word' id='word_1_267' title='bbox 1581 3229 1827 3288; x_wconf 82' lang='lat' dir='ltr'><strong>Dominus</strong></span> 
     </span>
    </p>
   </div>
   <div class='ocr_carea' id='block_1_33' title="bbox 216 3320 1826 3397">
    <p class='ocr_par' dir='ltr' id='par_1_33' title="bbox 216 3320 1826 3397">
     <span class='ocr_line' id='line_1_33' title="bbox 216 3320 1826 3397; baseline 0.004 -23"><span class='ocrx_word' id='word_1_268' title='bbox 216 3320 384 3377; x_wconf 68' lang='lat' dir='ltr'><strong>Iesus</strong></span> <span class='ocrx_word' id='word_1_269' title='bbox 410 3321 660 3389; x_wconf 82' lang='lat' dir='ltr'><strong>Christus,</strong></span> <span class='ocrx_word' id='word_1_270' title='bbox 692 3339 781 3391; x_wconf 86' lang='lat' dir='ltr'><strong>per</strong></span> <span class='ocrx_word' id='word_1_271' title='bbox 829 3339 974 3393; x_wconf 83' lang='lat' dir='ltr'><strong>quem</strong></span> <span class='ocrx_word' id='word_1_272' title='bbox 1003 3324 1174 3377; x_wconf 88' lang='lat' dir='ltr'><strong>omnia</strong></span> <span class='ocrx_word' id='word_1_273' title='bbox 1224 3320 1336 3397; x_wconf 82' lang='lat' dir='ltr'><strong>(Id.</strong></span> <span class='ocrx_word' id='word_1_274' title='bbox 1380 3325 1434 3379; x_wconf 89' lang='lat'><strong>8.</strong></span> <span class='ocrx_word' id='word_1_275' title='bbox 1468 3323 1546 3394; x_wconf 87' lang='lat'><strong>6).</strong></span> <span class='ocrx_word' id='word_1_276' title='bbox 1596 3323 1728 3379; x_wconf 87' lang='lat' dir='ltr'><strong>Nam</strong></span> <span class='ocrx_word' id='word_1_277' title='bbox 1781 3325 1826 3380; x_wconf 90' lang='lat' dir='ltr'><strong>si</strong></span> 
     </span>
    </p>
   </div>
   <div class='ocr_carea' id='block_1_34' title="bbox 217 3413 1831 3489">
    <p class='ocr_par' dir='ltr' id='par_1_34' title="bbox 217 3413 1831 3489">
     <span class='ocr_line' id='line_1_34' title="bbox 217 3413 1831 3489; baseline 0.002 -22"><span class='ocrx_word' id='word_1_278' title='bbox 217 3428 295 3468; x_wconf 88' lang='lat' dir='ltr'><strong>eo</strong></span> <span class='ocrx_word' id='word_1_279' title='bbox 327 3413 469 3483; x_wconf 86' lang='lat' dir='ltr'><strong>quod</strong></span> <span class='ocrx_word' id='word_1_280' title='bbox 490 3428 628 3469; x_wconf 82' lang='lat' dir='ltr'><strong>unus</strong></span> <span class='ocrx_word' id='word_1_281' title='bbox 645 3415 855 3471; x_wconf 88' lang='lat' dir='ltr'><strong>dicatur</strong></span> <span class='ocrx_word' id='word_1_282' title='bbox 877 3431 997 3471; x_wconf 89' lang='lat' dir='ltr'><strong>esse</strong></span> <span class='ocrx_word' id='word_1_283' title='bbox 1019 3416 1159 3472; x_wconf 91' lang='lat' dir='ltr'><strong>Deus</strong></span> <span class='ocrx_word' id='word_1_284' title='bbox 1180 3416 1356 3484; x_wconf 88' lang='lat' dir='ltr'><strong>Pater,</strong></span> <span class='ocrx_word' id='word_1_285' title='bbox 1381 3417 1550 3474; x_wconf 84' lang='lat' dir='ltr'><strong>Filius</strong></span> <span class='ocrx_word' id='word_1_286' title='bbox 1571 3432 1602 3473; x_wconf 91' lang='lat' dir='ltr'><strong>a</strong></span> <span class='ocrx_word' id='word_1_287' title='bbox 1628 3417 1831 3489; x_wconf 74' lang='lat' dir='ltr'><strong>deitate</strong></span> 
     </span>
    </p>
   </div>
   <div class='ocr_carea' id='block_1_35' title="bbox 217 3505 1828 3578">
    <p class='ocr_par' dir='ltr' id='par_1_35' title="bbox 217 3505 1828 3578">
     <span class='ocr_line' id='line_1_35' title="bbox 217 3505 1828 3578; baseline 0.003 -19"><span class='ocrx_word' id='word_1_288' title='bbox 217 3505 635 3573; x_wconf 86' lang='lat' dir='ltr'><strong>excluderetur;</strong></span> <span class='ocrx_word' id='word_1_289' title='bbox 664 3507 827 3562; x_wconf 86' lang='lat' dir='ltr'><strong>etiam</strong></span> <span class='ocrx_word' id='word_1_290' title='bbox 866 3507 1010 3578; x_wconf 89' lang='lat' dir='ltr'><strong>quod</strong></span> <span class='ocrx_word' id='word_1_291' title='bbox 1052 3524 1188 3562; x_wconf 93' lang='lat' dir='ltr'><strong>unus</strong></span> <span class='ocrx_word' id='word_1_292' title='bbox 1216 3508 1425 3563; x_wconf 89' lang='lat' dir='ltr'><strong>dicatur</strong></span> <span class='ocrx_word' id='word_1_293' title='bbox 1453 3509 1711 3563; x_wconf 90' lang='lat' dir='ltr'><strong>Dominus</strong></span> <span class='ocrx_word' id='word_1_294' title='bbox 1739 3508 1828 3564; x_wconf 84' lang='lat' dir='ltr'><strong>Fi-</strong></span> 
     </span>
    </p>
   </div>
   <div class='ocr_carea' id='block_1_36' title="bbox 218 3591 1825 3670">
    <p class='ocr_par' dir='ltr' id='par_1_36' title="bbox 218 3591 1825 3670">
     <span class='ocr_line' id='line_1_36' title="bbox 218 3591 1825 3670; baseline 0.001 -17"><span class='ocrx_word' id='word_1_295' title='bbox 218 3599 339 3653; x_wconf 85' lang='lat' dir='ltr'><strong>lius</strong></span> <span class='ocrx_word' id='word_1_296' title='bbox 360 3639 374 3662; x_wconf 93' lang='lat'><strong>,</strong></span> <span class='ocrx_word' id='word_1_297' title='bbox 402 3599 561 3654; x_wconf 87' lang='lat' dir='ltr'><strong>Pater</strong></span> <span class='ocrx_word' id='word_1_298' title='bbox 605 3614 636 3653; x_wconf 91' lang='lat' dir='ltr'><strong>a</strong></span> <span class='ocrx_word' id='word_1_299' title='bbox 677 3599 1047 3655; x_wconf 86' lang='lat' dir='ltr'><strong>dominatione</strong></span> <span class='ocrx_word' id='word_1_300' title='bbox 1071 3591 1482 3655; x_wconf 68' lang='lat' dir='ltr'><strong>excluderetur:</strong></span> <span class='ocrx_word' id='word_1_301' title='bbox 1512 3601 1654 3670; x_wconf 86' lang='lat' dir='ltr'><strong>atqui</strong></span> <span class='ocrx_word' id='word_1_302' title='bbox 1685 3601 1825 3669; x_wconf 82' lang='lat' dir='ltr'><strong>quod</strong></span> 
     </span>
    </p>
   </div>
   <div class='ocr_carea' id='block_1_37' title="bbox 217 3691 1825 3759">
    <p class='ocr_par' dir='ltr' id='par_1_37' title="bbox 217 3691 1825 3759">
     <span class='ocr_line' id='line_1_37' title="bbox 217 3691 1825 3759; baseline 0.003 -14"><span class='ocrx_word' id='word_1_303' title='bbox 217 3691 461 3758; x_wconf 74' lang='lat' dir='ltr'><strong>dicatur,</strong></span> <span class='ocrx_word' id='word_1_304' title='bbox 481 3692 630 3749; x_wconf 87' lang='lat' dir='ltr'><strong>Unus</strong></span> <span class='ocrx_word' id='word_1_305' title='bbox 653 3693 910 3748; x_wconf 88' lang='lat' dir='ltr'><strong>Dominus</strong></span> <span class='ocrx_word' id='word_1_306' title='bbox 935 3693 1095 3749; x_wconf 82' lang='lat' dir='ltr'><strong>Jesus</strong></span> <span class='ocrx_word' id='word_1_307' title='bbox 1113 3692 1377 3759; x_wconf 84' lang='lat' dir='ltr'><strong>Christus,</strong></span> <span class='ocrx_word' id='word_1_308' title='bbox 1403 3694 1455 3748; x_wconf 95' lang='lat' dir='ltr'><strong>id</strong></span> <span class='ocrx_word' id='word_1_309' title='bbox 1484 3694 1695 3751; x_wconf 87' lang='lat' dir='ltr'><strong>Patrem</strong></span> <span class='ocrx_word' id='word_1_310' title='bbox 1718 3711 1825 3750; x_wconf 92' lang='lat' dir='ltr'><strong>non</strong></span> 
     </span>
    </p>
   </div>
   <div class='ocr_carea' id='block_1_38' title="bbox 216 3781 1827 3855">
    <p class='ocr_par' dir='ltr' id='par_1_38' title="bbox 216 3781 1827 3855">
     <span class='ocr_line' id='line_1_38' title="bbox 216 3781 1827 3855; baseline 0.002 -19"><span class='ocrx_word' id='word_1_311' title='bbox 216 3781 467 3837; x_wconf 80' lang='lat' dir='ltr'><strong>excludit</strong></span> <span class='ocrx_word' id='word_1_312' title='bbox 489 3797 521 3838; x_wconf 89' lang='lat' dir='ltr'><strong>a</strong></span> <span class='ocrx_word' id='word_1_313' title='bbox 560 3781 955 3849; x_wconf 89' lang='lat' dir='ltr'><strong>dominatione;</strong></span> <span class='ocrx_word' id='word_1_314' title='bbox 977 3798 1106 3854; x_wconf 78' lang='lat' dir='ltr'><strong>ergo</strong></span> <span class='ocrx_word' id='word_1_315' title='bbox 1133 3799 1305 3855; x_wconf 89' lang='lat' dir='ltr'><strong>neque</strong></span> <span class='ocrx_word' id='word_1_316' title='bbox 1335 3783 1504 3839; x_wconf 88' lang='lat' dir='ltr'><strong>Filius</strong></span> <span class='ocrx_word' id='word_1_317' title='bbox 1528 3784 1827 3840; x_wconf 83' lang='lat' dir='ltr'><strong>excluditur</strong></span> 
     </span>
    </p>
   </div>
   <div class='ocr_carea' id='block_1_39' title="bbox 215 3874 1464 3941">
    <p class='ocr_par' dir='ltr' id='par_1_39' title="bbox 215 3874 1464 3941">
     <span class='ocr_line' id='line_1_39' title="bbox 215 3874 1464 3941; baseline 0.001 -12"><span class='ocrx_word' id='word_1_318' title='bbox 215 3888 250 3929; x_wconf 84' lang='lat' dir='ltr'><strong>a</strong></span> <span class='ocrx_word' id='word_1_319' title='bbox 288 3874 491 3930; x_wconf 88' lang='lat' dir='ltr'><strong>deitate</strong></span> <span class='ocrx_word' id='word_1_320' title='bbox 516 3888 637 3929; x_wconf 91' lang='lat' dir='ltr'><strong>cum</strong></span> <span class='ocrx_word' id='word_1_321' title='bbox 656 3874 874 3941; x_wconf 91' lang='lat' dir='ltr'><strong>dicitur,</strong></span> <span class='ocrx_word' id='word_1_322' title='bbox 899 3874 1067 3930; x_wconf 90' lang='lat' dir='ltr'><strong>Deum</strong></span> <span class='ocrx_word' id='word_1_323' title='bbox 1093 3890 1212 3931; x_wconf 88' lang='lat' dir='ltr'><strong>esse</strong></span> <span class='ocrx_word' id='word_1_324' title='bbox 1231 3875 1464 3930; x_wconf 86' lang='lat' dir='ltr'><strong>Patrem.</strong></span> 
     </span>
    </p>
   </div>
   <div class='ocr_carea' id='block_1_40' title="bbox 295 3960 1820 4030">
    <p class='ocr_par' dir='ltr' id='par_1_40' title="bbox 295 3960 1820 4030">
     <span class='ocr_line' id='line_1_40' title="bbox 295 3960 1820 4030; baseline 0.003 -14"><span class='ocrx_word' id='word_1_325' title='bbox 295 3962 357 4016; x_wconf 71' lang='grc' dir='ltr'><strong>Ξ.</strong></span> <span class='ocrx_word' id='word_1_326' title='bbox 387 3962 537 4029; x_wconf 83' lang='lat' dir='ltr'><strong>Quod</strong></span> <span class='ocrx_word' id='word_1_327' title='bbox 559 3964 602 4018; x_wconf 87' lang='lat' dir='ltr'><strong>si</strong></span> <span class='ocrx_word' id='word_1_328' title='bbox 631 3960 824 4019; x_wconf 84' lang='lat' dir='ltr'><strong>iterum</strong></span> <span class='ocrx_word' id='word_1_329' title='bbox 845 3963 1048 4030; x_wconf 85' lang='lat' dir='ltr'><strong>dicant,</strong></span> <span class='ocrx_word' id='word_1_330' title='bbox 1077 3965 1201 4021; x_wconf 89' lang='lat' dir='ltr'><strong>ideo</strong></span> <span class='ocrx_word' id='word_1_331' title='bbox 1226 3965 1436 4020; x_wconf 88' lang='lat' dir='ltr'><strong>Patrem</strong></span> <span class='ocrx_word' id='word_1_332' title='bbox 1461 3982 1623 4021; x_wconf 90' lang='lat' dir='ltr'><strong>unum</strong></span> <span class='ocrx_word' id='word_1_333' title='bbox 1653 3966 1820 4022; x_wconf 90' lang='lat' dir='ltr'><strong>Deum</strong></span> 
     </span>
    </p>
   </div>
   <div class='ocr_carea' id='block_1_41' title="bbox 214 4055 1815 4125">
    <p class='ocr_par' dir='ltr' id='par_1_41' title="bbox 214 4055 1815 4125">
     <span class='ocr_line' id='line_1_41' title="bbox 214 4055 1815 4125; baseline 0.001 -15"><span class='ocrx_word' id='word_1_334' title='bbox 214 4055 360 4120; x_wconf 85' lang='lat' dir='ltr'><strong>diei,</strong></span> <span class='ocrx_word' id='word_1_335' title='bbox 383 4056 522 4125; x_wconf 91' lang='lat' dir='ltr'><strong>quod</strong></span> <span class='ocrx_word' id='word_1_336' title='bbox 547 4055 714 4111; x_wconf 83' lang='lat' dir='ltr'><strong>Filius</strong></span> <span class='ocrx_word' id='word_1_337' title='bbox 744 4057 866 4115; x_wconf 88' lang='lat' dir='ltr'><strong>licet</strong></span> <span class='ocrx_word' id='word_1_338' title='bbox 890 4056 1054 4124; x_wconf 89' lang='lat' dir='ltr'><strong>Deus,</strong></span> <span class='ocrx_word' id='word_1_339' title='bbox 1086 4073 1192 4112; x_wconf 93' lang='lat' dir='ltr'><strong>non</strong></span> <span class='ocrx_word' id='word_1_340' title='bbox 1220 4057 1340 4111; x_wconf 87' lang='lat' dir='ltr'><strong>talis</strong></span> <span class='ocrx_word' id='word_1_341' title='bbox 1361 4067 1538 4112; x_wconf 88' lang='lat' dir='ltr'><strong>tamen</strong></span> <span class='ocrx_word' id='word_1_342' title='bbox 1565 4057 1708 4113; x_wconf 90' lang='lat' dir='ltr'><strong>Deus</strong></span> <span class='ocrx_word' id='word_1_343' title='bbox 1726 4058 1815 4122; x_wconf 85' lang='lat' dir='ltr'><strong>sit,</strong></span> 
     </span>
    </p>
   </div>
   <div class='ocr_carea' id='block_1_42' title="bbox 214 4146 1820 4223">
    <p class='ocr_par' dir='ltr' id='par_1_42' title="bbox 214 4146 1820 4223">
     <span class='ocr_line' id='line_1_42' title="bbox 214 4146 1820 4223; baseline 0.003 -24"><span class='ocrx_word' id='word_1_344' title='bbox 214 4146 407 4217; x_wconf 85' lang='lat' dir='ltr'><strong>qualis</strong></span> <span class='ocrx_word' id='word_1_345' title='bbox 427 4146 599 4212; x_wconf 87' lang='lat' dir='ltr'><strong>Pater,</strong></span> <span class='ocrx_word' id='word_1_346' title='bbox 620 4162 691 4203; x_wconf 87' lang='lat' dir='ltr'><strong>ex</strong></span> <span class='ocrx_word' id='word_1_347' title='bbox 715 4161 904 4213; x_wconf 88' lang='lat' dir='ltr'><strong>eorum</strong></span> <span class='ocrx_word' id='word_1_348' title='bbox 927 4147 1363 4204; x_wconf 88' lang='lat' dir='ltr'><strong>distinctionibus</strong></span> <span class='ocrx_word' id='word_1_349' title='bbox 1382 4149 1513 4223; x_wconf 88' lang='lat' dir='ltr'><strong>illud</strong></span> <span class='ocrx_word' id='word_1_350' title='bbox 1534 4149 1820 4221; x_wconf 74' lang='lat' dir='ltr'><strong>dicendum</strong></span> 
     </span>
    </p>
   </div>
   <div class='ocr_carea' id='block_1_43' title="bbox 213 4237 1816 4316">
    <p class='ocr_par' dir='ltr' id='par_1_43' title="bbox 213 4237 1816 4316">
     <span class='ocr_line' id='line_1_43' title="bbox 213 4237 1816 4316; baseline 0.004 -26"><span class='ocrx_word' id='word_1_351' title='bbox 213 4237 552 4307; x_wconf 85' lang='lat' dir='ltr'><strong>relinquitur</strong></span> <span class='ocrx_word' id='word_1_352' title='bbox 575 4238 790 4309; x_wconf 90' lang='lat' dir='ltr'><strong>(neque</strong></span> <span class='ocrx_word' id='word_1_353' title='bbox 817 4240 959 4294; x_wconf 91' lang='lat' dir='ltr'><strong>enim</strong></span> <span class='ocrx_word' id='word_1_354' title='bbox 984 4255 1083 4308; x_wconf 83' lang='lat' dir='ltr'><strong>nos</strong></span> <span class='ocrx_word' id='word_1_355' title='bbox 1104 4240 1156 4294; x_wconf 94' lang='lat' dir='ltr'><strong>id</strong></span> <span class='ocrx_word' id='word_1_356' title='bbox 1187 4255 1438 4310; x_wconf 88' lang='lat' dir='ltr'><strong>umquam</strong></span> <span class='ocrx_word' id='word_1_357' title='bbox 1464 4240 1816 4316; x_wconf 89' lang='lat' dir='ltr'><strong>dixerimus),</strong></span> 
     </span>
    </p>
   </div>
   <div class='ocr_carea' id='block_1_44' title="bbox 214 4327 1821 4400">
    <p class='ocr_par' dir='ltr' id='par_1_44' title="bbox 214 4327 1821 4400">
     <span class='ocr_line' id='line_1_44' title="bbox 214 4327 1821 4400; baseline 0.003 -19"><span class='ocrx_word' id='word_1_358' title='bbox 214 4341 427 4395; x_wconf 85' lang='lat' dir='ltr'><strong>nempe</strong></span> <span class='ocrx_word' id='word_1_359' title='bbox 450 4327 571 4383; x_wconf 89' lang='lat' dir='ltr'><strong>ideo</strong></span> <span class='ocrx_word' id='word_1_360' title='bbox 596 4327 792 4384; x_wconf 84' lang='lat' dir='ltr'><strong>Filium</strong></span> <span class='ocrx_word' id='word_1_361' title='bbox 814 4329 995 4385; x_wconf 86' lang='lat' dir='ltr'><strong>vocari</strong></span> <span class='ocrx_word' id='word_1_362' title='bbox 1026 4329 1332 4398; x_wconf 84' lang='lat' dir='ltr'><strong>Dominum,</strong></span> <span class='ocrx_word' id='word_1_363' title='bbox 1365 4331 1488 4400; x_wconf 83' lang='lat' dir='ltr'><strong>quia</strong></span> <span class='ocrx_word' id='word_1_364' title='bbox 1515 4331 1636 4386; x_wconf 91' lang='lat' dir='ltr'><strong>licet</strong></span> <span class='ocrx_word' id='word_1_365' title='bbox 1663 4331 1821 4386; x_wconf 88' lang='lat' dir='ltr'><strong>Pater</strong></span> 
     </span>
    </p>
   </div>
   <div class='ocr_carea' id='block_1_45' title="bbox 211 4410 1820 4494">
    <p class='ocr_par' dir='ltr' id='par_1_45' title="bbox 211 4410 1820 4494">
     <span class='ocr_line' id='line_1_45' title="bbox 211 4410 1820 4494; baseline 0.004 -22"><span class='ocrx_word' id='word_1_366' title='bbox 211 4420 292 4472; x_wconf 88' lang='lat' dir='ltr'><strong>sit</strong></span> <span class='ocrx_word' id='word_1_367' title='bbox 326 4410 604 4484; x_wconf 83' lang='lat' dir='ltr'><strong>Dominus,</strong></span> <span class='ocrx_word' id='word_1_368' title='bbox 629 4434 737 4473; x_wconf 92' lang='lat' dir='ltr'><strong>non</strong></span> <span class='ocrx_word' id='word_1_369' title='bbox 768 4426 947 4474; x_wconf 89' lang='lat' dir='ltr'><strong>tamen</strong></span> <span class='ocrx_word' id='word_1_370' title='bbox 975 4420 1096 4494; x_wconf 86' lang='lat' dir='ltr'><strong>talis</strong></span> <span class='ocrx_word' id='word_1_371' title='bbox 1130 4416 1387 4475; x_wconf 85' lang='lat' dir='ltr'><strong>Dominus</strong></span> <span class='ocrx_word' id='word_1_372' title='bbox 1408 4462 1423 4487; x_wconf 94' lang='lat'><strong>,</strong></span> <span class='ocrx_word' id='word_1_373' title='bbox 1455 4421 1628 4491; x_wconf 87' lang='lat' dir='ltr'><strong>qualis</strong></span> <span class='ocrx_word' id='word_1_374' title='bbox 1651 4421 1820 4479; x_wconf 84' lang='lat' dir='ltr'><strong>Filius</strong></span> 
     </span>
    </p>
   </div>
   <div class='ocr_carea' id='block_1_46' title="bbox 212 4510 1823 4584">
    <p class='ocr_par' dir='ltr' id='par_1_46' title="bbox 212 4510 1823 4584">
     <span class='ocr_line' id='line_1_46' title="bbox 212 4510 1823 4584; baseline 0.002 -18"><span class='ocrx_word' id='word_1_375' title='bbox 212 4519 332 4566; x_wconf 82' lang='lat' dir='ltr'><strong>est.</strong></span> <span class='ocrx_word' id='word_1_376' title='bbox 379 4510 530 4579; x_wconf 85' lang='lat' dir='ltr'><strong>Quod</strong></span> <span class='ocrx_word' id='word_1_377' title='bbox 574 4512 619 4566; x_wconf 90' lang='lat' dir='ltr'><strong>si</strong></span> <span class='ocrx_word' id='word_1_378' title='bbox 660 4513 762 4567; x_wconf 82' lang='lat' dir='ltr'><strong>hoc</strong></span> <span class='ocrx_word' id='word_1_379' title='bbox 802 4513 1022 4583; x_wconf 90' lang='lat' dir='ltr'><strong>impium</strong></span> <span class='ocrx_word' id='word_1_380' title='bbox 1049 4523 1164 4578; x_wconf 89' lang='lat' dir='ltr'><strong>est,</strong></span> <span class='ocrx_word' id='word_1_381' title='bbox 1196 4529 1370 4582; x_wconf 88' lang='lat' dir='ltr'><strong>neque</strong></span> <span class='ocrx_word' id='word_1_382' title='bbox 1394 4515 1539 4584; x_wconf 89' lang='lat' dir='ltr'><strong>prius</strong></span> <span class='ocrx_word' id='word_1_383' title='bbox 1561 4513 1689 4570; x_wconf 90' lang='lat' dir='ltr'><strong>illud</strong></span> <span class='ocrx_word' id='word_1_384' title='bbox 1718 4515 1823 4570; x_wconf 90' lang='lat' dir='ltr'><strong>dici</strong></span> 
     </span>
    </p>
   </div>
   <div class='ocr_carea' id='block_1_47' title="bbox 211 4604 1831 4677">
    <p class='ocr_par' dir='ltr' id='par_1_47' title="bbox 211 4604 1831 4677">
     <span class='ocr_line' id='line_1_47' title="bbox 211 4604 1831 4677; baseline 0.003 -18"><span class='ocrx_word' id='word_1_385' title='bbox 211 4604 422 4674; x_wconf 84' lang='lat' dir='ltr'><strong>possit.</strong></span> <span class='ocrx_word' id='word_1_386' title='bbox 449 4604 554 4660; x_wconf 75' lang='lat' dir='ltr'><strong>sed</strong></span> <span class='ocrx_word' id='word_1_387' title='bbox 577 4605 1025 4676; x_wconf 86' lang='lat' dir='ltr'><strong>quemadmodum</strong></span> <span class='ocrx_word' id='word_1_388' title='bbox 1052 4606 1204 4674; x_wconf 92' lang='lat' dir='ltr'><strong>illud,</strong></span> <span class='ocrx_word' id='word_1_389' title='bbox 1231 4605 1374 4662; x_wconf 86' lang='lat' dir='ltr'><strong>Unus</strong></span> <span class='ocrx_word' id='word_1_390' title='bbox 1399 4607 1651 4662; x_wconf 83' lang='lat' dir='ltr'><strong>Dominus</strong></span> <span class='ocrx_word' id='word_1_391' title='bbox 1669 4650 1684 4677; x_wconf 91' lang='lat'><strong>,</strong></span> <span class='ocrx_word' id='word_1_392' title='bbox 1716 4611 1831 4664; x_wconf 77' lang='lat' dir='ltr'><strong>non&#39;</strong></span> 
     </span>
    </p>
   </div>
   <div class='ocr_carea' id='block_1_48' title="bbox 213 4693 1823 4767">
    <p class='ocr_par' dir='ltr' id='par_1_48' title="bbox 213 4693 1823 4767">
     <span class='ocr_line' id='line_1_48' title="bbox 213 4693 1823 4767; baseline 0.001 -17"><span class='ocrx_word' id='word_1_393' title='bbox 213 4694 473 4750; x_wconf 83' lang='lat' dir='ltr'><strong>excludit</strong></span> <span class='ocrx_word' id='word_1_394' title='bbox 513 4693 725 4750; x_wconf 84' lang='lat' dir='ltr'><strong>Patrem</strong></span> <span class='ocrx_word' id='word_1_395' title='bbox 765 4710 798 4750; x_wconf 89' lang='lat' dir='ltr'><strong>a</strong></span> <span class='ocrx_word' id='word_1_396' title='bbox 834 4695 1067 4765; x_wconf 62' lang='lat' dir='ltr'><strong>perfecta</strong></span> <span class='ocrx_word' id='word_1_397' title='bbox 1097 4695 1462 4753; x_wconf 84' lang='lat' dir='ltr'><strong>dominatione</strong></span> <span class='ocrx_word' id='word_1_398' title='bbox 1485 4737 1501 4762; x_wconf 92' lang='lat'><strong>,</strong></span> <span class='ocrx_word' id='word_1_399' title='bbox 1533 4712 1707 4767; x_wconf 90' lang='lat' dir='ltr'><strong>neque</strong></span> <span class='ocrx_word' id='word_1_400' title='bbox 1731 4698 1823 4753; x_wconf 91' lang='lat' dir='ltr'><strong>uni</strong></span> 
     </span>
    </p>
   </div>
   <div class='ocr_carea' id='block_1_49' title="bbox 211 4783 1825 4858">
    <p class='ocr_par' dir='ltr' id='par_1_49' title="bbox 211 4783 1825 4858">
     <span class='ocr_line' id='line_1_49' title="bbox 211 4783 1825 4858; baseline 0.002 -20"><span class='ocrx_word' id='word_1_401' title='bbox 211 4793 440 4838; x_wconf 80' lang='lat' dir='ltr'><strong>tantum</strong></span> <span class='ocrx_word' id='word_1_402' title='bbox 469 4783 608 4840; x_wconf 84' lang='lat' dir='ltr'><strong>Filio</strong></span> <span class='ocrx_word' id='word_1_403' title='bbox 645 4786 794 4840; x_wconf 89' lang='lat' dir='ltr'><strong>illam</strong></span> <span class='ocrx_word' id='word_1_404' title='bbox 833 4785 1126 4853; x_wconf 88' lang='lat' dir='ltr'><strong>adscribit;</strong></span> <span class='ocrx_word' id='word_1_405' title='bbox 1171 4787 1241 4840; x_wconf 88' lang='lat' dir='ltr'><strong>ita</strong></span> <span class='ocrx_word' id='word_1_406' title='bbox 1278 4801 1453 4858; x_wconf 90' lang='lat' dir='ltr'><strong>neque</strong></span> <span class='ocrx_word' id='word_1_407' title='bbox 1487 4786 1641 4852; x_wconf 89' lang='lat' dir='ltr'><strong>illud,</strong></span> <span class='ocrx_word' id='word_1_408' title='bbox 1677 4784 1825 4842; x_wconf 87' lang='lat' dir='ltr'><strong>Unus</strong></span> 
     </span>
    </p>
   </div>
   <div class='ocr_carea' id='block_1_50' title="bbox 208 4860 1823 4952">
    <p class='ocr_par' dir='ltr' id='par_1_50' title="bbox 208 4860 1823 4952">
     <span class='ocr_line' id='line_1_50' title="bbox 208 4860 1823 4952; baseline 0.004 -23"><span class='ocrx_word' id='word_1_409' title='bbox 208 4875 374 4930; x_wconf 79' lang='lat' dir='ltr'><strong>Deus</strong></span> <span class='ocrx_word' id='word_1_410' title='bbox 394 4860 630 4937; x_wconf 62' lang='lat' dir='ltr'><strong>,‘Filium</strong></span> <span class='ocrx_word' id='word_1_411' title='bbox 657 4867 893 4952; x_wconf 76' lang='lat' dir='ltr'><strong>excludit</strong></span> <span class='ocrx_word' id='word_1_412' title='bbox 920 4892 948 4931; x_wconf 91' lang='lat' dir='ltr'><strong>a</strong></span> <span class='ocrx_word' id='word_1_413' title='bbox 979 4892 1108 4933; x_wconf 89' lang='lat' dir='ltr'><strong>vera</strong></span> <span class='ocrx_word' id='word_1_414' title='bbox 1128 4919 1144 4945; x_wconf 96' lang='lat'><strong>,</strong></span> <span class='ocrx_word' id='word_1_415' title='bbox 1180 4893 1433 4949; x_wconf 76' lang='lat' dir='ltr'><strong>germana</strong></span> <span class='ocrx_word' id='word_1_416' title='bbox 1472 4887 1529 4935; x_wconf 91' lang='lat' dir='ltr'><strong>et</strong></span> <span class='ocrx_word' id='word_1_417' title='bbox 1569 4879 1777 4936; x_wconf 90' lang='lat' dir='ltr'><strong>sincera</strong></span> <span class='ocrx_word' id='word_1_418' title='bbox 1801 4883 1823 4913; x_wconf 82' lang='grc'><strong>⁸</strong></span> 
     </span>
    </p>
   </div>
   <div class='ocr_carea' id='block_1_51' title="bbox 206 4966 1821 5041">
    <p class='ocr_par' dir='ltr' id='par_1_51' title="bbox 206 4966 1821 5041">
     <span class='ocr_line' id='line_1_51' title="bbox 206 4966 1821 5041; baseline 0.002 -19"><span class='ocrx_word' id='word_1_419' title='bbox 206 4968 430 5023; x_wconf 83' lang='lat' dir='ltr'><strong>deitate</strong></span> <span class='ocrx_word' id='word_1_420' title='bbox 450 5006 466 5032; x_wconf 90' lang='lat'><strong>,</strong></span> <span class='ocrx_word' id='word_1_421' title='bbox 495 4983 667 5039; x_wconf 90' lang='lat' dir='ltr'><strong>neque</strong></span> <span class='ocrx_word' id='word_1_422' title='bbox 692 4969 760 5024; x_wconf 91' lang='lat' dir='ltr'><strong>ad</strong></span> <span class='ocrx_word' id='word_1_423' title='bbox 786 4969 1001 5025; x_wconf 84' lang='lat' dir='ltr'><strong>Patrem</strong></span> <span class='ocrx_word' id='word_1_424' title='bbox 1041 4970 1214 5025; x_wconf 90' lang='lat' dir='ltr'><strong>solum</strong></span> <span class='ocrx_word' id='word_1_425' title='bbox 1254 4971 1526 5041; x_wconf 86' lang='lat' dir='ltr'><strong>pertinere</strong></span> <span class='ocrx_word' id='word_1_426' title='bbox 1565 4966 1821 5029; x_wconf 71' lang='lat' dir='ltr'><strong>ostendit.</strong></span> 
     </span>
    </p>
   </div>
   <div class='ocr_carea' id='block_1_52' title="bbox 209 5058 1818 5137">
    <p class='ocr_par' dir='ltr' id='par_1_52' title="bbox 209 5058 1818 5137">
     <span class='ocr_line' id='line_1_52' title="bbox 209 5058 1818 5137; baseline 0.006 -24"><span class='ocrx_word' id='word_1_427' title='bbox 209 5058 390 5126; x_wconf 86' lang='lat' dir='ltr'><strong>Quod</strong></span> <span class='ocrx_word' id='word_1_428' title='bbox 415 5059 556 5114; x_wconf 90' lang='lat' dir='ltr'><strong>enim</strong></span> <span class='ocrx_word' id='word_1_429' title='bbox 581 5061 718 5118; x_wconf 89' lang='lat' dir='ltr'><strong>Deus</strong></span> <span class='ocrx_word' id='word_1_430' title='bbox 742 5063 813 5118; x_wconf 92' lang='lat' dir='ltr'><strong>sit</strong></span> <span class='ocrx_word' id='word_1_431' title='bbox 832 5062 1017 5132; x_wconf 84' lang='lat' dir='ltr'><strong>Filius,</strong></span> <span class='ocrx_word' id='word_1_432' title='bbox 1040 5072 1095 5120; x_wconf 92' lang='lat' dir='ltr'><strong>et</strong></span> <span class='ocrx_word' id='word_1_433' title='bbox 1115 5063 1237 5119; x_wconf 88' lang='lat' dir='ltr'><strong>talis</strong></span> <span class='ocrx_word' id='word_1_434' title='bbox 1259 5065 1423 5131; x_wconf 89' lang='lat' dir='ltr'><strong>Deus,</strong></span> <span class='ocrx_word' id='word_1_435' title='bbox 1446 5067 1620 5137; x_wconf 84' lang='lat' dir='ltr'><strong>qualis</strong></span> <span class='ocrx_word' id='word_1_436' title='bbox 1640 5067 1818 5125; x_wconf 87' lang='lat' dir='ltr'><strong>Pater.</strong></span> 
     </span>
    </p>
   </div>
   <div class='ocr_carea' id='block_1_53' title="bbox 173 5150 1825 5234">
    <p class='ocr_par' dir='ltr' id='par_1_53' title="bbox 173 5150 1825 5234">
     <span class='ocr_line' id='line_1_53' title="bbox 173 5150 1825 5234; baseline 0.005 -29"><span class='ocrx_word' id='word_1_437' title='bbox 173 5231 182 5234; x_wconf 78' lang='lat'><em>_</em></span> <span class='ocrx_word' id='word_1_438' title='bbox 209 5153 362 5206; x_wconf 88' lang='lat' dir='ltr'><strong>dum</strong></span> <span class='ocrx_word' id='word_1_439' title='bbox 394 5157 570 5206; x_wconf 88' lang='lat' dir='ltr'><strong>tamen</strong></span> <span class='ocrx_word' id='word_1_440' title='bbox 592 5150 763 5234; x_wconf 84' lang='lat' dir='ltr'><strong>Filius</strong></span> <span class='ocrx_word' id='word_1_441' title='bbox 782 5163 962 5210; x_wconf 90' lang='lat' dir='ltr'><strong>manet</strong></span> <span class='ocrx_word' id='word_1_442' title='bbox 985 5196 1001 5221; x_wconf 96' lang='lat'><strong>,</strong></span> <span class='ocrx_word' id='word_1_443' title='bbox 1031 5169 1096 5210; x_wconf 85' lang='lat' dir='ltr'><strong>ex</strong></span> <span class='ocrx_word' id='word_1_444' title='bbox 1127 5153 1245 5226; x_wconf 89' lang='lat' dir='ltr'><strong>ipso</strong></span> <span class='ocrx_word' id='word_1_445' title='bbox 1273 5155 1639 5213; x_wconf 78' lang='lat' dir='ltr'><strong>additamenta</strong></span> <span class='ocrx_word' id='word_1_446' title='bbox 1664 5158 1825 5231; x_wconf 80' lang='lat' dir='ltr'><strong>liqui-</strong></span> 
     </span>
    </p>
   </div>
   <div class='ocr_carea' id='block_1_54' title="bbox 205 5232 1820 5315">
    <p class='ocr_par' dir='ltr' id='par_1_54' title="bbox 205 5232 1820 5315">
     <span class='ocr_line' id='line_1_54' title="bbox 205 5232 1820 5315; baseline 0.006 -17"><span class='ocrx_word' id='word_1_447' title='bbox 205 5245 360 5298; x_wconf 86' lang='lat' dir='ltr'><strong>dum</strong></span> <span class='ocrx_word' id='word_1_448' title='bbox 400 5251 502 5297; x_wconf 79' lang='lat' dir='ltr'><strong>est.</strong></span> <span class='ocrx_word' id='word_1_449' title='bbox 541 5242 672 5298; x_wconf 79' lang='lat' dir='ltr'><strong>Nam</strong></span> <span class='ocrx_word' id='word_1_450' title='bbox 703 5232 910 5310; x_wconf 43' lang='lat' dir='ltr'><strong>si‘jllud</strong></span> <span class='ocrx_word' id='word_1_451' title='bbox 938 5261 1133 5302; x_wconf 90' lang='lat' dir='ltr'><strong>nomen</strong></span> <span class='ocrx_word' id='word_1_452' title='bbox 1154 5289 1170 5315; x_wconf 93' lang='lat'><strong>,</strong></span> <span class='ocrx_word' id='word_1_453' title='bbox 1201 5248 1375 5315; x_wconf 90' lang='lat' dir='ltr'><strong>Deus,</strong></span> <span class='ocrx_word' id='word_1_454' title='bbox 1415 5248 1590 5305; x_wconf 88' lang='lat' dir='ltr'><strong>Patris</strong></span> <span class='ocrx_word' id='word_1_455' title='bbox 1617 5261 1820 5308; x_wconf 89' lang='lat' dir='ltr'><strong>tantum</strong></span> 
     </span>
    </p>
   </div>
   <div class='ocr_carea' id='block_1_55' title="bbox 204 5335 1822 5413">
    <p class='ocr_par' dir='ltr' id='par_1_55' title="bbox 204 5335 1822 5413">
     <span class='ocr_line' id='line_1_55' title="bbox 204 5335 1822 5413; baseline 0.006 -23"><span class='ocrx_word' id='word_1_456' title='bbox 204 5343 397 5399; x_wconf 80' lang='lat' dir='ltr'><strong>esset,</strong></span> <span class='ocrx_word' id='word_1_457' title='bbox 427 5348 600 5413; x_wconf 83' lang='lat' dir='ltr'><strong>neque</strong></span> <span class='ocrx_word' id='word_1_458' title='bbox 620 5335 781 5390; x_wconf 86' lang='lat' dir='ltr'><strong>aliam</strong></span> <span class='ocrx_word' id='word_1_459' title='bbox 812 5337 966 5395; x_wconf 88' lang='lat' dir='ltr'><strong>nobis</strong></span> <span class='ocrx_word' id='word_1_460' title='bbox 1002 5337 1317 5410; x_wconf 81' lang='lat' dir='ltr'><strong>hypostasin</strong></span> <span class='ocrx_word' id='word_1_461' title='bbox 1354 5340 1660 5412; x_wconf 72' lang='lat' dir='ltr'><strong>signiﬁcare</strong></span> <span class='ocrx_word' id='word_1_462' title='bbox 1697 5357 1822 5413; x_wconf 80' lang='lat' dir='ltr'><strong>pos—</strong></span> 
     </span>
    </p>
   </div>
   <div class='ocr_carea' id='block_1_56' title="bbox 268 5546 1817 5637">
    <p class='ocr_par' dir='ltr' id='par_1_56' title="bbox 268 5546 1817 5637">
     <span class='ocr_line' id='line_1_56' title="bbox 268 5546 1817 5637; baseline 0 0"><span class='ocrx_word' id='word_1_463' title='bbox 268 5546 483 5637; x_wconf 48' lang='lat' dir='ltr'><strong>L332?</strong></span> 
     </span>
    </p>
   </div>
   <div class='ocr_carea' id='block_1_57' title="bbox 195 5610 1828 5747">
    <p class='ocr_par' dir='ltr' id='par_1_57' title="bbox 195 5610 1828 5747">
     <span class='ocr_line' id='line_1_57' title="bbox 195 5610 1823 5689; baseline 0.005 -28"><span class='ocrx_word' id='word_1_464' title='bbox 195 5610 471 5671; x_wconf 77' lang='lat' dir='ltr'><strong>alloquats</strong></span> <span class='ocrx_word' id='word_1_465' title='bbox 696 5610 862 5683; x_wconf 41' lang='lat' dir='ltr'><strong>dicit}</strong></span> <span class='ocrx_word' id='word_1_466' title='bbox 883 5612 1005 5674; x_wconf 82' lang='lat' dir='ltr'><strong>Quid</strong></span> <span class='ocrx_word' id='word_1_467' title='bbox 1035 5610 1186 5687; x_wconf 64' lang='lat' dir='ltr'><strong>igitur</strong></span> <span class='ocrx_word' id='word_1_468' title='bbox 1203 5610 1483 5674; x_wconf 68' lang='lat' dir='ltr'><strong>dicit:(ius&#39;s</strong></span> <span class='ocrx_word' id='word_1_469' title='bbox 1505 5617 1635 5689; x_wconf 73' lang='lat' dir='ltr'><strong>enim</strong></span> <span class='ocrx_word' id='word_1_470' title='bbox 1661 5618 1823 5669; x_wconf 78' lang='lat' dir='ltr'><strong>novit?</strong></span> 
     </span>
     <span class='ocr_line' id='line_1_58' title="bbox 197 5671 1828 5747; baseline 0.002 0"><span class='ocrx_word' id='word_1_471' title='bbox 197 5671 956 5747; x_wconf 52' lang='lat' dir='ltr'><strong>ste-19:21:13.9,</strong></span> <span class='ocrx_word' id='word_1_472' title='bbox 973 5676 1102 5745; x_wconf 74' lang='grc' dir='ltr'><strong>ςιιοά</strong></span> <span class='ocrx_word' id='word_1_473' title='bbox 1123 5689 1259 5747; x_wconf 60' lang='lat' dir='ltr'><strong>erat</strong></span> <span class='ocrx_word' id='word_1_474' title='bbox 1285 5677 1501 5740; x_wconf 69' lang='grc' dir='ltr'><strong>κτυιιηιο</strong></span> <span class='ocrx_word' id='word_1_475' title='bbox 1523 5688 1672 5743; x_wconf 71' lang='grc' dir='ltr'><strong>ηοω,</strong></span> <span class='ocrx_word' id='word_1_476' title='bbox 1699 5689 1828 5734; x_wconf 59' lang='lat' dir='ltr'><strong>Paw</strong></span> 
     </span>
    </p>
   </div>
   <div class='ocr_carea' id='block_1_58' title="bbox 199 5732 1332 5798">
    <p class='ocr_par' dir='ltr' id='par_1_58' title="bbox 199 5732 1332 5798">
     <span class='ocr_line' id='line_1_59' title="bbox 199 5732 1332 5798; baseline 0.003 -12"><span class='ocrx_word' id='word_1_477' title='bbox 199 5732 570 5798; x_wconf 50' lang='lat' dir='ltr'><strong>(auem</strong></span> <span class='ocrx_word' id='word_1_478' title='bbox 735 5748 756 5788; x_wconf 89' lang='lat'><strong><em>:</em></strong></span> <span class='ocrx_word' id='word_1_479' title='bbox 777 5735 892 5798; x_wconf 76' lang='lat' dir='ltr'><strong>ouis</strong></span> <span class='ocrx_word' id='word_1_480' title='bbox 911 5732 1040 5787; x_wconf 72' lang='lat' dir='ltr'><strong>enim</strong></span> <span class='ocrx_word' id='word_1_481' title='bbox 1059 5737 1220 5788; x_wconf 70' lang='lat' dir='ltr'><strong>tinuit?</strong></span> <span class='ocrx_word' id='word_1_482' title='bbox 1236 5732 1332 5789; x_wconf 81' lang='lat' dir='ltr'><strong>etc.</strong></span> 
     </span>
    </p>
   </div>
   <div class='ocr_carea' id='block_1_59' title="bbox 269 5796 1481 5864">
    <p class='ocr_par' dir='ltr' id='par_1_59' title="bbox 269 5796 1481 5864">
     <span class='ocr_line' id='line_1_60' title="bbox 269 5796 1481 5864; baseline 0.007 -20"><span class='ocrx_word' id='word_1_483' title='bbox 269 5796 301 5830; x_wconf 74' lang='grc' dir='ltr'>ι</span> <span class='ocrx_word' id='word_1_484' title='bbox 336 5801 512 5860; x_wconf 76' lang='lat' dir='ltr'><strong>vocas.</strong></span> <span class='ocrx_word' id='word_1_485' title='bbox 529 5801 579 5849; x_wconf 88' lang='lat' dir='ltr'><strong>et</strong></span> <span class='ocrx_word' id='word_1_486' title='bbox 598 5796 815 5864; x_wconf 55' lang='lat' dir='ltr'><strong>sincera;</strong></span> <span class='ocrx_word' id='word_1_487' title='bbox 838 5799 1019 5849; x_wconf 81' lang='lat' dir='ltr'><strong>desunt</strong></span> <span class='ocrx_word' id='word_1_488' title='bbox 1039 5800 1092 5849; x_wconf 84' lang='lat' dir='ltr'><strong>in</strong></span> <span class='ocrx_word' id='word_1_489' title='bbox 1111 5799 1334 5864; x_wconf 83' lang='lat' dir='ltr'><strong>plurimis</strong></span> <span class='ocrx_word' id='word_1_490' title='bbox 1354 5802 1481 5853; x_wconf 85' lang='lat' dir='ltr'><strong>aliis.</strong></span> 
     </span>
    </p>
   </div>
   <div class='ocr_carea' id='block_1_60' title="bbox 1144 373 2552 445">
    <p class='ocr_par' dir='ltr' id='par_1_60' title="bbox 1144 373 2552 445">
     <span class='ocr_line' id='line_1_61' title="bbox 1144 373 2552 445; baseline -0.007 0"><span class='ocrx_word' id='word_1_491' title='bbox 1144 389 1232 445; x_wconf 86' lang='lat' dir='ltr'><strong>DE</strong></span> <span class='ocrx_word' id='word_1_492' title='bbox 1274 373 2112 444; x_wconf 55' lang='lat' dir='ltr'><strong>lNCOllPREllENSlBlLl&#39;DEl</strong></span> <span class='ocrx_word' id='word_1_493' title='bbox 2145 380 2450 437; x_wconf 69' lang='lat' dir='ltr'><strong>NATURA.</strong></span> <span class='ocrx_word' id='word_1_494' title='bbox 2487 377 2552 435; x_wconf 73' lang='grc' dir='ltr'><strong>Υ.</strong></span> 
     </span>
    </p>
   </div>
   <div class='ocr_carea' id='block_1_61' title="bbox 3426 375 3532 433">
    <p class='ocr_par' dir='ltr' id='par_1_61' title="bbox 3426 375 3532 433">
     <span class='ocr_line' id='line_1_62' title="bbox 3426 375 3532 433; baseline 0 0"><span class='ocrx_word' id='word_1_495' title='bbox 3426 375 3532 433; x_wconf 76' lang='lat'><strong>738</strong></span> 
     </span>
    </p>
   </div>
   <div class='ocr_carea' id='block_1_62' title="bbox 1929 490 3532 563">
    <p class='ocr_par' dir='ltr' id='par_1_62' title="bbox 1929 490 3532 563">
     <span class='ocr_line' id='line_1_63' title="bbox 1929 490 3532 563; baseline -0.002 -16"><span class='ocrx_word' id='word_1_496' title='bbox 1929 502 2037 560; x_wconf 89' lang='lat' dir='ltr'><strong>set,</strong></span> <span class='ocrx_word' id='word_1_497' title='bbox 2065 493 2169 548; x_wconf 90' lang='lat' dir='ltr'><strong>nisi</strong></span> <span class='ocrx_word' id='word_1_498' title='bbox 2194 492 2337 548; x_wconf 83' lang='lat' dir='ltr'><strong>illam</strong></span> <span class='ocrx_word' id='word_1_499' title='bbox 2367 493 2539 548; x_wconf 88' lang='lat' dir='ltr'><strong>solum</strong></span> <span class='ocrx_word' id='word_1_500' title='bbox 2568 490 2858 563; x_wconf 81' lang='lat' dir='ltr'><strong>ingenitam</strong></span> <span class='ocrx_word' id='word_1_501' title='bbox 2883 502 2937 547; x_wconf 91' lang='lat' dir='ltr'><strong>et</strong></span> <span class='ocrx_word' id='word_1_502' title='bbox 2963 490 3225 562; x_wconf 87' lang='lat' dir='ltr'><strong>primam;</strong></span> <span class='ocrx_word' id='word_1_503' title='bbox 3252 497 3435 560; x_wconf 89' lang='lat' dir='ltr'><strong>utpote</strong></span> <span class='ocrx_word' id='word_1_504' title='bbox 3457 490 3532 545; x_wconf 91' lang='lat' dir='ltr'><strong>illi</strong></span> 
     </span>
    </p>
   </div>
   <div class='ocr_carea' id='block_1_63' title="bbox 1930 579 3531 657">
    <p class='ocr_par' dir='ltr' id='par_1_63' title="bbox 1930 579 3531 657">
     <span class='ocr_line' id='line_1_64' title="bbox 1930 579 3531 657; baseline -0.004 -16"><span class='ocrx_word' id='word_1_505' title='bbox 1930 587 2029 642; x_wconf 88' lang='lat' dir='ltr'><strong>soli</strong></span> <span class='ocrx_word' id='word_1_506' title='bbox 2073 587 2350 657; x_wconf 89' lang='lat' dir='ltr'><strong>proprium</strong></span> <span class='ocrx_word' id='word_1_507' title='bbox 2398 593 2453 640; x_wconf 88' lang='lat' dir='ltr'><strong>et</strong></span> <span class='ocrx_word' id='word_1_508' title='bbox 2494 584 2611 654; x_wconf 90' lang='lat' dir='ltr'><strong>ejus</strong></span> <span class='ocrx_word' id='word_1_509' title='bbox 2650 583 3084 655; x_wconf 78' lang='lat' dir='ltr'><strong>signiticativum,</strong></span> <span class='ocrx_word' id='word_1_510' title='bbox 3118 579 3293 639; x_wconf 88' lang='lat' dir='ltr'><strong>Patris</strong></span> <span class='ocrx_word' id='word_1_511' title='bbox 3321 582 3531 636; x_wconf 82' lang='lat' dir='ltr'><strong>addita-</strong></span> 
     </span>
    </p>
   </div>
   <div class='ocr_carea' id='block_1_64' title="bbox 1932 674 3534 748">
    <p class='ocr_par' dir='ltr' id='par_1_64' title="bbox 1932 674 3534 748">
     <span class='ocr_line' id='line_1_65' title="bbox 1932 674 3534 748; baseline -0.001 -17"><span class='ocrx_word' id='word_1_512' title='bbox 1932 688 2174 732; x_wconf 88' lang='lat' dir='ltr'><strong>mentum</strong></span> <span class='ocrx_word' id='word_1_513' title='bbox 2206 676 2473 748; x_wconf 86' lang='lat' dir='ltr'><strong>supertlue</strong></span> <span class='ocrx_word' id='word_1_514' title='bbox 2493 677 2720 746; x_wconf 88' lang='lat' dir='ltr'><strong>jaceret.</strong></span> <span class='ocrx_word' id='word_1_515' title='bbox 2750 677 2894 732; x_wconf 84' lang='lat' dir='ltr'><strong>Satis</strong></span> <span class='ocrx_word' id='word_1_516' title='bbox 2924 677 3069 731; x_wconf 91' lang='lat' dir='ltr'><strong>enim</strong></span> <span class='ocrx_word' id='word_1_517' title='bbox 3112 686 3260 732; x_wconf 86' lang='lat' dir='ltr'><strong>esset</strong></span> <span class='ocrx_word' id='word_1_518' title='bbox 3296 674 3534 737; x_wconf 56' lang='lat' dir='ltr'><strong>dixisse,</strong></span> 
     </span>
    </p>
   </div>
   <div class='ocr_carea' id='block_1_65' title="bbox 1936 765 3533 839">
    <p class='ocr_par' dir='ltr' id='par_1_65' title="bbox 1936 765 3533 839">
     <span class='ocr_line' id='line_1_66' title="bbox 1936 765 3533 839; baseline -0.003 -15"><span class='ocrx_word' id='word_1_519' title='bbox 1936 766 2080 824; x_wconf 87' lang='lat' dir='ltr'><strong>Unus</strong></span> <span class='ocrx_word' id='word_1_520' title='bbox 2103 768 2240 822; x_wconf 86' lang='lat' dir='ltr'><strong>Deus</strong></span> <span class='ocrx_word' id='word_1_521' title='bbox 2259 810 2274 831; x_wconf 90' lang='lat'><strong>,</strong></span> <span class='ocrx_word' id='word_1_522' title='bbox 2302 776 2360 823; x_wconf 93' lang='lat' dir='ltr'><strong>ut</strong></span> <span class='ocrx_word' id='word_1_523' title='bbox 2385 768 2452 823; x_wconf 93' lang='lat' dir='ltr'><strong>de</strong></span> <span class='ocrx_word' id='word_1_524' title='bbox 2483 783 2590 839; x_wconf 89' lang='lat' dir='ltr'><strong>quo</strong></span> <span class='ocrx_word' id='word_1_525' title='bbox 2615 766 2893 823; x_wconf 86' lang='lat' dir='ltr'><strong>diceretur</strong></span> <span class='ocrx_word' id='word_1_526' title='bbox 2935 767 3361 837; x_wconf 76' lang='lat' dir='ltr'><strong>intelligeremus</strong></span> <span class='ocrx_word' id='word_1_527' title='bbox 3393 783 3406 819; x_wconf 93' lang='lat'><strong>:</strong></span> <span class='ocrx_word' id='word_1_528' title='bbox 3439 765 3533 819; x_wconf 84' lang='lat' dir='ltr'><strong>sed</strong></span> 
     </span>
    </p>
   </div>
   <div class='ocr_carea' id='block_1_66' title="bbox 1932 856 3532 928">
    <p class='ocr_par' dir='ltr' id='par_1_66' title="bbox 1932 856 3532 928">
     <span class='ocr_line' id='line_1_67' title="bbox 1932 856 3532 928; baseline -0.003 -15"><span class='ocrx_word' id='word_1_529' title='bbox 1932 858 2054 928; x_wconf 85' lang='lat' dir='ltr'><strong>quia</strong></span> <span class='ocrx_word' id='word_1_530' title='bbox 2085 859 2214 912; x_wconf 91' lang='lat' dir='ltr'><strong>illud</strong></span> <span class='ocrx_word' id='word_1_531' title='bbox 2241 873 2459 924; x_wconf 92' lang='lat' dir='ltr'><strong>nomen,</strong></span> <span class='ocrx_word' id='word_1_532' title='bbox 2492 859 2654 923; x_wconf 90' lang='lat' dir='ltr'><strong>Deus,</strong></span> <span class='ocrx_word' id='word_1_533' title='bbox 2691 872 2979 912; x_wconf 88' lang='lat' dir='ltr'><strong>commune</strong></span> <span class='ocrx_word' id='word_1_534' title='bbox 3008 866 3096 912; x_wconf 88' lang='lat' dir='ltr'><strong>est</strong></span> <span class='ocrx_word' id='word_1_535' title='bbox 3119 857 3259 912; x_wconf 87' lang='lat' dir='ltr'><strong>Patri</strong></span> <span class='ocrx_word' id='word_1_536' title='bbox 3287 866 3343 911; x_wconf 91' lang='lat' dir='ltr'><strong>et</strong></span> <span class='ocrx_word' id='word_1_537' title='bbox 3366 856 3532 920; x_wconf 84' lang='lat' dir='ltr'><strong>Filio,</strong></span> 
     </span>
    </p>
   </div>
   <div class='ocr_carea' id='block_1_67' title="bbox 1931 933 3533 1020">
    <p class='ocr_par' dir='ltr' id='par_1_67' title="bbox 1931 933 3533 1020">
     <span class='ocr_line' id='line_1_68' title="bbox 1931 933 3533 1020; baseline -0.002 -14"><span class='ocrx_word' id='word_1_538' title='bbox 1931 960 1986 1006; x_wconf 90' lang='lat' dir='ltr'><strong>et</strong></span> <span class='ocrx_word' id='word_1_539' title='bbox 2029 968 2150 1006; x_wconf 90' lang='lat' dir='ltr'><strong>cum</strong></span> <span class='ocrx_word' id='word_1_540' title='bbox 2197 952 2394 1006; x_wconf 87' lang='lat' dir='ltr'><strong>Paulus</strong></span> <span class='ocrx_word' id='word_1_541' title='bbox 2437 951 2662 1016; x_wconf 86' lang='lat' dir='ltr'><strong>dicens,</strong></span> <span class='ocrx_word' id='word_1_542' title='bbox 2708 949 2852 1007; x_wconf 85' lang='lat' dir='ltr'><strong>Unus</strong></span> <span class='ocrx_word' id='word_1_543' title='bbox 2889 950 3050 1016; x_wconf 85' lang='lat' dir='ltr'><strong>Deus,</strong></span> <span class='ocrx_word' id='word_1_544' title='bbox 3079 965 3185 1005; x_wconf 88' lang='lat' dir='ltr'><strong>non</strong></span> <span class='ocrx_word' id='word_1_545' title='bbox 3208 933 3533 1020; x_wconf 64' lang='lat' dir='ltr'><strong>signiﬁcaret</strong></span> 
     </span>
    </p>
   </div>
   <div class='ocr_carea' id='block_1_68' title="bbox 1931 1042 3531 1114">
    <p class='ocr_par' dir='ltr' id='par_1_68' title="bbox 1931 1042 3531 1114">
     <span class='ocr_line' id='line_1_69' title="bbox 1931 1042 3531 1114; baseline -0.002 -16"><span class='ocrx_word' id='word_1_546' title='bbox 1931 1043 1998 1098; x_wconf 91' lang='lat' dir='ltr'><strong>dc</strong></span> <span class='ocrx_word' id='word_1_547' title='bbox 2027 1059 2134 1114; x_wconf 91' lang='lat' dir='ltr'><strong>quo</strong></span> <span class='ocrx_word' id='word_1_548' title='bbox 2164 1043 2446 1114; x_wconf 89' lang='lat' dir='ltr'><strong>loquatur;</strong></span> <span class='ocrx_word' id='word_1_549' title='bbox 2476 1043 2599 1098; x_wconf 83' lang='lat' dir='ltr'><strong>ideo</strong></span> <span class='ocrx_word' id='word_1_550' title='bbox 2631 1043 2804 1098; x_wconf 85' lang='lat' dir='ltr'><strong>Patris</strong></span> <span class='ocrx_word' id='word_1_551' title='bbox 2837 1042 3205 1098; x_wconf 80' lang='lat' dir='ltr'><strong>additamenta</strong></span> <span class='ocrx_word' id='word_1_552' title='bbox 3244 1058 3376 1097; x_wconf 86' lang='lat' dir='ltr'><strong>usus</strong></span> <span class='ocrx_word' id='word_1_553' title='bbox 3419 1051 3496 1096; x_wconf 91' lang='lat' dir='ltr'><strong>est</strong></span> <span class='ocrx_word' id='word_1_554' title='bbox 3516 1083 3531 1105; x_wconf 87' lang='lat'><strong>,</strong></span> 
     </span>
    </p>
   </div>
   <div class='ocr_carea' id='block_1_69' title="bbox 1933 1118 3533 1205">
    <p class='ocr_par' dir='ltr' id='par_1_69' title="bbox 1933 1118 3533 1205">
     <span class='ocr_line' id='line_1_70' title="bbox 1933 1118 3533 1205; baseline -0.003 -17"><span class='ocrx_word' id='word_1_555' title='bbox 1933 1144 1990 1188; x_wconf 89' lang='lat' dir='ltr'><strong>ut</strong></span> <span class='ocrx_word' id='word_1_556' title='bbox 2019 1118 2282 1188; x_wconf 80' lang='lat' dir='ltr'><strong>indicaret</strong></span> <span class='ocrx_word' id='word_1_557' title='bbox 2306 1150 2365 1188; x_wconf 86' lang='lat' dir='ltr'><strong>se</strong></span> <span class='ocrx_word' id='word_1_558' title='bbox 2389 1135 2456 1189; x_wconf 90' lang='lat' dir='ltr'><strong>de</strong></span> <span class='ocrx_word' id='word_1_559' title='bbox 2483 1134 2652 1204; x_wconf 87' lang='lat' dir='ltr'><strong>prima</strong></span> <span class='ocrx_word' id='word_1_560' title='bbox 2681 1143 2735 1188; x_wconf 91' lang='lat' dir='ltr'><strong>et</strong></span> <span class='ocrx_word' id='word_1_561' title='bbox 2776 1133 3012 1204; x_wconf 77' lang='lat' dir='ltr'><strong>ingenita</strong></span> <span class='ocrx_word' id='word_1_562' title='bbox 3045 1134 3320 1205; x_wconf 85' lang='lat' dir='ltr'><strong>hypostasi</strong></span> <span class='ocrx_word' id='word_1_563' title='bbox 3352 1131 3533 1202; x_wconf 92' lang='lat' dir='ltr'><strong>loqui,</strong></span> 
     </span>
    </p>
   </div>
   <div class='ocr_carea' id='block_1_70' title="bbox 1932 1225 3531 1300">
    <p class='ocr_par' dir='ltr' id='par_1_70' title="bbox 1932 1225 3531 1300">
     <span class='ocr_line' id='line_1_71' title="bbox 1932 1225 3531 1300; baseline 0.003 -23"><span class='ocrx_word' id='word_1_564' title='bbox 1932 1225 2076 1297; x_wconf 88' lang='lat' dir='ltr'><strong>quod</strong></span> <span class='ocrx_word' id='word_1_565' title='bbox 2107 1226 2280 1300; x_wconf 83' lang='lat' dir='ltr'><strong>solum</strong></span> <span class='ocrx_word' id='word_1_566' title='bbox 2311 1226 2405 1280; x_wconf 89' lang='lat' dir='ltr'><strong>Dei</strong></span> <span class='ocrx_word' id='word_1_567' title='bbox 2436 1241 2633 1282; x_wconf 89' lang='lat' dir='ltr'><strong>nomen</strong></span> <span class='ocrx_word' id='word_1_568' title='bbox 2663 1227 2831 1296; x_wconf 90' lang='lat' dir='ltr'><strong>ipsam</strong></span> <span class='ocrx_word' id='word_1_569' title='bbox 2866 1225 3142 1281; x_wconf 88' lang='lat' dir='ltr'><strong>declarare</strong></span> <span class='ocrx_word' id='word_1_570' title='bbox 3173 1241 3278 1280; x_wconf 91' lang='lat' dir='ltr'><strong>non</strong></span> <span class='ocrx_word' id='word_1_571' title='bbox 3313 1233 3531 1294; x_wconf 85' lang='lat' dir='ltr'><strong>posset:</strong></span> 
     </span>
    </p>
   </div>
   <div class='ocr_carea' id='block_1_71' title="bbox 1931 1314 3533 1389">
    <p class='ocr_par' dir='ltr' id='par_1_71' title="bbox 1931 1314 3533 1389">
     <span class='ocr_line' id='line_1_72' title="bbox 1931 1314 3533 1389; baseline -0.002 -17"><span class='ocrx_word' id='word_1_572' title='bbox 1931 1320 2054 1389; x_wconf 91' lang='lat' dir='ltr'><strong>quia</strong></span> <span class='ocrx_word' id='word_1_573' title='bbox 2095 1317 2229 1373; x_wconf 88' lang='lat' dir='ltr'><strong>illud</strong></span> <span class='ocrx_word' id='word_1_574' title='bbox 2254 1333 2542 1373; x_wconf 90' lang='lat' dir='ltr'><strong>commune</strong></span> <span class='ocrx_word' id='word_1_575' title='bbox 2571 1320 2640 1373; x_wconf 92' lang='lat' dir='ltr'><strong>sit</strong></span> <span class='ocrx_word' id='word_1_576' title='bbox 2668 1318 2832 1374; x_wconf 89' lang='lat' dir='ltr'><strong>etiam</strong></span> <span class='ocrx_word' id='word_1_577' title='bbox 2873 1317 3051 1373; x_wconf 88' lang='lat' dir='ltr'><strong>Filio:</strong></span> <span class='ocrx_word' id='word_1_578' title='bbox 3075 1317 3292 1372; x_wconf 87' lang='lat' dir='ltr'><strong>nomina</strong></span> <span class='ocrx_word' id='word_1_579' title='bbox 3330 1314 3533 1386; x_wconf 82' lang='lat' dir='ltr'><strong>quippe</strong></span> 
     </span>
    </p>
   </div>
   <div class='ocr_carea' id='block_1_72' title="bbox 1932 1394 3532 1480">
    <p class='ocr_par' dir='ltr' id='par_1_72' title="bbox 1932 1394 3532 1480">
     <span class='ocr_line' id='line_1_73' title="bbox 1932 1394 3532 1480; baseline -0.003 -16"><span class='ocrx_word' id='word_1_580' title='bbox 1932 1412 2033 1464; x_wconf 89' lang='lat' dir='ltr'><strong>alia</strong></span> <span class='ocrx_word' id='word_1_581' title='bbox 2054 1394 2188 1464; x_wconf 89' lang='lat' dir='ltr'><strong>sunt</strong></span> <span class='ocrx_word' id='word_1_582' title='bbox 2212 1410 2537 1477; x_wconf 89' lang='lat' dir='ltr'><strong>communia,</strong></span> <span class='ocrx_word' id='word_1_583' title='bbox 2565 1411 2669 1464; x_wconf 90' lang='lat' dir='ltr'><strong>alia</strong></span> <span class='ocrx_word' id='word_1_584' title='bbox 2700 1409 2936 1480; x_wconf 90' lang='lat' dir='ltr'><strong>propria.</strong></span> <span class='ocrx_word' id='word_1_585' title='bbox 2959 1407 3279 1465; x_wconf 87' lang='lat' dir='ltr'><strong>Communia</strong></span> <span class='ocrx_word' id='word_1_586' title='bbox 3324 1417 3381 1469; x_wconf 86' lang='lat' dir='ltr'><strong>ut</strong></span> <span class='ocrx_word' id='word_1_587' title='bbox 3424 1422 3532 1461; x_wconf 89' lang='lat' dir='ltr'><strong>non</strong></span> 
     </span>
    </p>
   </div>
   <div class='ocr_carea' id='block_1_73' title="bbox 1931 1487 3532 1572">
    <p class='ocr_par' dir='ltr' id='par_1_73' title="bbox 1931 1487 3532 1572">
     <span class='ocr_line' id='line_1_74' title="bbox 1931 1487 3532 1572; baseline -0.001 -17"><span class='ocrx_word' id='word_1_588' title='bbox 1931 1499 2150 1556; x_wconf 80' lang='lat' dir='ltr'><strong>ditl&#39;erre</strong></span> <span class='ocrx_word' id='word_1_589' title='bbox 2178 1487 2532 1556; x_wconf 80' lang='lat' dir='ltr'><strong>substantiam</strong></span> <span class='ocrx_word' id='word_1_590' title='bbox 2565 1501 2916 1567; x_wconf 85' lang='lat' dir='ltr'><strong>ostendatur;</strong></span> <span class='ocrx_word' id='word_1_591' title='bbox 2944 1501 3163 1572; x_wconf 88' lang='lat' dir='ltr'><strong>propria</strong></span> <span class='ocrx_word' id='word_1_592' title='bbox 3194 1509 3257 1555; x_wconf 94' lang='lat' dir='ltr'><strong>ut</strong></span> <span class='ocrx_word' id='word_1_593' title='bbox 3286 1500 3532 1570; x_wconf 87' lang='lat' dir='ltr'><strong>proprie-</strong></span> 
     </span>
    </p>
   </div>
   <div class='ocr_carea' id='block_1_74' title="bbox 1935 1591 2776 1663">
    <p class='ocr_par' dir='ltr' id='par_1_74' title="bbox 1935 1591 2776 1663">
     <span class='ocr_line' id='line_1_75' title="bbox 1935 1591 2776 1663; baseline 0.001 -18"><span class='ocrx_word' id='word_1_594' title='bbox 1935 1600 2017 1645; x_wconf 88' lang='lat' dir='ltr'><strong>tas</strong></span> <span class='ocrx_word' id='word_1_595' title='bbox 2047 1591 2416 1663; x_wconf 81' lang='lat' dir='ltr'><strong>hypostasinm</strong></span> <span class='ocrx_word' id='word_1_596' title='bbox 2447 1591 2776 1653; x_wconf 80' lang='lat' dir='ltr'><strong>declaretur.</strong></span> 
     </span>
    </p>
   </div>
   <div class='ocr_carea' id='block_1_75' title="bbox 2005 1677 3536 1746">
    <p class='ocr_par' dir='ltr' id='par_1_75' title="bbox 2005 1677 3536 1746">
     <span class='ocr_line' id='line_1_76' title="bbox 2005 1677 3536 1746; baseline -0.001 -13"><span class='ocrx_word' id='word_1_597' title='bbox 2005 1678 2172 1746; x_wconf 84' lang='lat' dir='ltr'><strong>Illud,</strong></span> <span class='ocrx_word' id='word_1_598' title='bbox 2201 1681 2338 1735; x_wconf 88' lang='lat' dir='ltr'><strong>Deus</strong></span> <span class='ocrx_word' id='word_1_599' title='bbox 2355 1690 2400 1734; x_wconf 88' lang='lat' dir='ltr'><strong>et</strong></span> <span class='ocrx_word' id='word_1_600' title='bbox 2425 1680 2575 1746; x_wconf 86' lang='lat' dir='ltr'><strong>illud,</strong></span> <span class='ocrx_word' id='word_1_601' title='bbox 2597 1681 2872 1745; x_wconf 89' lang='lat' dir='ltr'><strong>Dominus,</strong></span> <span class='ocrx_word' id='word_1_602' title='bbox 2897 1677 3044 1733; x_wconf 82' lang='lat' dir='ltr'><strong>Patri</strong></span> <span class='ocrx_word' id='word_1_603' title='bbox 3069 1688 3118 1732; x_wconf 91' lang='lat' dir='ltr'><strong>et</strong></span> <span class='ocrx_word' id='word_1_604' title='bbox 3146 1677 3197 1733; x_wconf 71' lang='grc' dir='ltr'><em>Γ</em></span> <span class='ocrx_word' id='word_1_605' title='bbox 3197 1680 3288 1734; x_wconf 87' lang='lat' dir='ltr'><strong>ilio</strong></span> <span class='ocrx_word' id='word_1_606' title='bbox 3307 1696 3536 1734; x_wconf 80' lang='lat' dir='ltr'><strong>commu-</strong></span> 
     </span>
    </p>
   </div>
   <div class='ocr_carea' id='block_1_76' title="bbox 1933 1771 3536 1844">
    <p class='ocr_par' dir='ltr' id='par_1_76' title="bbox 1933 1771 3536 1844">
     <span class='ocr_line' id='line_1_77' title="bbox 1933 1771 3536 1844; baseline -0.002 -17"><span class='ocrx_word' id='word_1_607' title='bbox 1933 1772 2041 1827; x_wconf 89' lang='lat' dir='ltr'><strong>nia.</strong></span> <span class='ocrx_word' id='word_1_608' title='bbox 2067 1800 2138 1811; x_wconf 94' lang='lat'><strong>—</strong></span> <span class='ocrx_word' id='word_1_609' title='bbox 2163 1771 2294 1825; x_wconf 91' lang='lat' dir='ltr'><strong>Illud</strong></span> <span class='ocrx_word' id='word_1_610' title='bbox 2325 1772 2520 1841; x_wconf 87' lang='lat' dir='ltr'><strong>itaque,</strong></span> <span class='ocrx_word' id='word_1_611' title='bbox 2548 1773 2708 1828; x_wconf 90' lang='lat' dir='ltr'><strong>Pater</strong></span> <span class='ocrx_word' id='word_1_612' title='bbox 2733 1781 2787 1827; x_wconf 89' lang='lat' dir='ltr'><strong>et</strong></span> <span class='ocrx_word' id='word_1_613' title='bbox 2819 1773 3006 1837; x_wconf 85' lang='lat' dir='ltr'><strong>Filius,</strong></span> <span class='ocrx_word' id='word_1_614' title='bbox 3029 1771 3342 1827; x_wconf 85' lang='lat' dir='ltr'><strong>alterutrius</strong></span> <span class='ocrx_word' id='word_1_615' title='bbox 3365 1772 3536 1844; x_wconf 80' lang='lat' dir='ltr'><strong>hypo-</strong></span> 
     </span>
    </p>
   </div>
   <div class='ocr_carea' id='block_1_77' title="bbox 1932 1863 3530 1934">
    <p class='ocr_par' dir='ltr' id='par_1_77' title="bbox 1932 1863 3530 1934">
     <span class='ocr_line' id='line_1_78' title="bbox 1932 1863 3530 1934; baseline -0.001 -16"><span class='ocrx_word' id='word_1_616' title='bbox 1932 1873 2146 1918; x_wconf 83' lang='lat' dir='ltr'><strong>staseos</strong></span> <span class='ocrx_word' id='word_1_617' title='bbox 2171 1863 2442 1934; x_wconf 83' lang='lat' dir='ltr'><strong>preprium</strong></span> <span class='ocrx_word' id='word_1_618' title='bbox 2476 1872 2590 1928; x_wconf 90' lang='lat' dir='ltr'><strong>est;</strong></span> <span class='ocrx_word' id='word_1_619' title='bbox 2615 1864 2742 1920; x_wconf 91' lang='lat' dir='ltr'><strong>illud</strong></span> <span class='ocrx_word' id='word_1_620' title='bbox 2767 1880 2895 1918; x_wconf 79' lang='lat' dir='ltr'><strong>vero</strong></span> <span class='ocrx_word' id='word_1_621' title='bbox 2922 1907 2936 1929; x_wconf 98' lang='lat'><strong>,</strong></span> <span class='ocrx_word' id='word_1_622' title='bbox 2964 1865 3105 1920; x_wconf 87' lang='lat' dir='ltr'><strong>Deus</strong></span> <span class='ocrx_word' id='word_1_623' title='bbox 3143 1872 3198 1919; x_wconf 85' lang='lat' dir='ltr'><strong>et</strong></span> <span class='ocrx_word' id='word_1_624' title='bbox 3240 1864 3530 1928; x_wconf 88' lang='lat' dir='ltr'><strong>Dominus,</strong></span> 
     </span>
    </p>
   </div>
   <div class='ocr_carea' id='block_1_78' title="bbox 1931 1954 3532 2025">
    <p class='ocr_par' dir='ltr' id='par_1_78' title="bbox 1931 1954 3532 2025">
     <span class='ocr_line' id='line_1_79' title="bbox 1931 1954 3532 2025; baseline -0.001 -16"><span class='ocrx_word' id='word_1_625' title='bbox 1931 1969 2217 2010; x_wconf 89' lang='lat' dir='ltr'><strong>commune</strong></span> <span class='ocrx_word' id='word_1_626' title='bbox 2243 1965 2344 2009; x_wconf 93' lang='lat' dir='ltr'><strong>est.</strong></span> <span class='ocrx_word' id='word_1_627' title='bbox 2383 1955 2515 2022; x_wconf 87' lang='lat' dir='ltr'><strong>Quia</strong></span> <span class='ocrx_word' id='word_1_628' title='bbox 2565 1956 2725 2025; x_wconf 81' lang='lat' dir='ltr'><strong>igitur</strong></span> <span class='ocrx_word' id='word_1_629' title='bbox 2751 1971 3037 2012; x_wconf 85' lang='lat' dir='ltr'><strong>commune</strong></span> <span class='ocrx_word' id='word_1_630' title='bbox 3077 1969 3272 2014; x_wconf 80' lang='lat' dir='ltr'><strong>nomen</strong></span> <span class='ocrx_word' id='word_1_631' title='bbox 3317 1954 3532 2025; x_wconf 91' lang='lat' dir='ltr'><strong>posuit,</strong></span> 
     </span>
    </p>
   </div>
   <div class='ocr_carea' id='block_1_79' title="bbox 1937 2044 3531 2116">
    <p class='ocr_par' dir='ltr' id='par_1_79' title="bbox 1937 2044 3531 2116">
     <span class='ocr_line' id='line_1_80' title="bbox 1937 2044 3531 2116; baseline 0.001 -16"><span class='ocrx_word' id='word_1_632' title='bbox 1937 2045 2080 2100; x_wconf 80' lang='lat' dir='ltr'><strong>Unus</strong></span> <span class='ocrx_word' id='word_1_633' title='bbox 2110 2044 2271 2112; x_wconf 86' lang='lat' dir='ltr'><strong>Deus,</strong></span> <span class='ocrx_word' id='word_1_634' title='bbox 2301 2047 2517 2116; x_wconf 89' lang='lat' dir='ltr'><strong>proprio</strong></span> <span class='ocrx_word' id='word_1_635' title='bbox 2545 2047 2763 2101; x_wconf 91' lang='lat' dir='ltr'><strong>nomine</strong></span> <span class='ocrx_word' id='word_1_636' title='bbox 2802 2062 2939 2116; x_wconf 86' lang='lat' dir='ltr'><strong>opus</strong></span> <span class='ocrx_word' id='word_1_637' title='bbox 2977 2047 3179 2111; x_wconf 85' lang='lat' dir='ltr'><strong>habuit,</strong></span> <span class='ocrx_word' id='word_1_638' title='bbox 3231 2057 3288 2100; x_wconf 89' lang='lat' dir='ltr'><strong>ut</strong></span> <span class='ocrx_word' id='word_1_639' title='bbox 3326 2056 3531 2114; x_wconf 69' lang='lat' dir='ltr'><strong>cogno-</strong></span> 
     </span>
    </p>
   </div>
   <div class='ocr_carea' id='block_1_80' title="bbox 1932 2138 3532 2209">
    <p class='ocr_par' dir='ltr' id='par_1_80' title="bbox 1932 2138 3532 2209">
     <span class='ocr_line' id='line_1_81' title="bbox 1932 2138 3532 2209; baseline 0 -17"><span class='ocrx_word' id='word_1_640' title='bbox 1932 2152 2112 2193; x_wconf 89' lang='lat' dir='ltr'><strong>sceres</strong></span> <span class='ocrx_word' id='word_1_641' title='bbox 2140 2138 2207 2192; x_wconf 92' lang='lat' dir='ltr'><strong>de</strong></span> <span class='ocrx_word' id='word_1_642' title='bbox 2232 2154 2338 2207; x_wconf 89' lang='lat' dir='ltr'><strong>quo</strong></span> <span class='ocrx_word' id='word_1_643' title='bbox 2368 2140 2697 2209; x_wconf 86' lang='lat' dir='ltr'><strong>loqueretur,</strong></span> <span class='ocrx_word' id='word_1_644' title='bbox 2732 2154 2804 2194; x_wconf 88' lang='lat' dir='ltr'><strong>ne</strong></span> <span class='ocrx_word' id='word_1_645' title='bbox 2831 2139 2882 2193; x_wconf 93' lang='lat' dir='ltr'><strong>in</strong></span> <span class='ocrx_word' id='word_1_646' title='bbox 2909 2139 3127 2193; x_wconf 89' lang='lat' dir='ltr'><strong>Sabellii</strong></span> <span class='ocrx_word' id='word_1_647' title='bbox 3159 2138 3419 2192; x_wconf 89' lang='lat' dir='ltr'><strong>insaniam</strong></span> <span class='ocrx_word' id='word_1_648' title='bbox 3448 2138 3532 2192; x_wconf 92' lang='lat' dir='ltr'><strong>in-</strong></span> 
     </span>
    </p>
   </div>
   <div class='ocr_carea' id='block_1_81' title="bbox 1870 2224 3532 2301">
    <p class='ocr_par' dir='ltr' id='par_1_81' title="bbox 1870 2224 3532 2301">
     <span class='ocr_line' id='line_1_82' title="bbox 1870 2224 3532 2301; baseline -0.001 -18"><span class='ocrx_word' id='word_1_649' title='bbox 1870 2224 1887 2229; x_wconf 77' lang='grc'><strong><em>”</em></strong></span> <span class='ocrx_word' id='word_1_650' title='bbox 1929 2227 2250 2284; x_wconf 89' lang='lat' dir='ltr'><strong>cideremus.</strong></span> <span class='ocrx_word' id='word_1_651' title='bbox 2275 2228 2426 2296; x_wconf 84' lang='lat' dir='ltr'><strong>Quod</strong></span> <span class='ocrx_word' id='word_1_652' title='bbox 2457 2229 2599 2282; x_wconf 89' lang='lat' dir='ltr'><strong>enim</strong></span> <span class='ocrx_word' id='word_1_653' title='bbox 2633 2228 2760 2292; x_wconf 87' lang='lat' dir='ltr'><strong>illud</strong></span> <span class='ocrx_word' id='word_1_654' title='bbox 2792 2243 3009 2294; x_wconf 89' lang='lat' dir='ltr'><strong>nomen,</strong></span> <span class='ocrx_word' id='word_1_655' title='bbox 3045 2227 3199 2294; x_wconf 87' lang='lat' dir='ltr'><strong>Deus,</strong></span> <span class='ocrx_word' id='word_1_656' title='bbox 3231 2227 3404 2301; x_wconf 88' lang='lat' dir='ltr'><strong>majus</strong></span> <span class='ocrx_word' id='word_1_657' title='bbox 3425 2242 3532 2282; x_wconf 91' lang='lat' dir='ltr'><strong>nou</strong></span> 
     </span>
    </p>
   </div>
   <div class='ocr_carea' id='block_1_82' title="bbox 1891 2317 3532 2389">
    <p class='ocr_par' dir='ltr' id='par_1_82' title="bbox 1891 2317 3532 2389">
     <span class='ocr_line' id='line_1_83' title="bbox 1891 2317 3532 2389; baseline 0 -17"><span class='ocrx_word' id='word_1_658' title='bbox 1891 2343 1894 2346; x_wconf 53' lang='grc'><strong>’</strong></span> <span class='ocrx_word' id='word_1_659' title='bbox 1932 2317 2003 2372; x_wconf 87' lang='lat' dir='ltr'><strong>sit</strong></span> <span class='ocrx_word' id='word_1_660' title='bbox 2031 2318 2121 2373; x_wconf 92' lang='lat' dir='ltr'><strong>illo</strong></span> <span class='ocrx_word' id='word_1_661' title='bbox 2139 2359 2153 2380; x_wconf 89' lang='lat'><strong>,</strong></span> <span class='ocrx_word' id='word_1_662' title='bbox 2184 2317 2466 2385; x_wconf 87' lang='lat' dir='ltr'><strong>Dominus,</strong></span> <span class='ocrx_word' id='word_1_663' title='bbox 2498 2335 2671 2389; x_wconf 89' lang='lat' dir='ltr'><strong>neque</strong></span> <span class='ocrx_word' id='word_1_664' title='bbox 2702 2318 2830 2373; x_wconf 91' lang='lat' dir='ltr'><strong>illud</strong></span> <span class='ocrx_word' id='word_1_665' title='bbox 2854 2361 2871 2385; x_wconf 90' lang='lat'><strong>,</strong></span> <span class='ocrx_word' id='word_1_666' title='bbox 2898 2318 3172 2383; x_wconf 77' lang='lat' dir='ltr'><strong>Dominus,</strong></span> <span class='ocrx_word' id='word_1_667' title='bbox 3200 2317 3372 2388; x_wconf 79' lang='lat' dir='ltr'><strong>majus</strong></span> <span class='ocrx_word' id='word_1_668' title='bbox 3401 2318 3496 2372; x_wconf 93' lang='lat' dir='ltr'><strong>illo</strong></span> <span class='ocrx_word' id='word_1_669' title='bbox 3515 2358 3532 2383; x_wconf 86' lang='lat'><strong>,</strong></span> 
     </span>
    </p>
   </div>
   <div class='ocr_carea' id='block_1_83' title="bbox 1931 2405 3534 2474">
    <p class='ocr_par' dir='ltr' id='par_1_83' title="bbox 1931 2405 3534 2474">
     <span class='ocr_line' id='line_1_84' title="bbox 1931 2405 3534 2474; baseline 0.001 -14"><span class='ocrx_word' id='word_1_670' title='bbox 1931 2405 2091 2474; x_wconf 87' lang='lat' dir='ltr'><strong>Deus,</strong></span> <span class='ocrx_word' id='word_1_671' title='bbox 2122 2407 2246 2462; x_wconf 86' lang='lat' dir='ltr'><strong>hinc</strong></span> <span class='ocrx_word' id='word_1_672' title='bbox 2272 2409 2610 2463; x_wconf 75' lang='lat' dir='ltr'><strong>manifestum</strong></span> <span class='ocrx_word' id='word_1_673' title='bbox 2641 2417 2743 2465; x_wconf 90' lang='lat' dir='ltr'><strong>est.</strong></span> <span class='ocrx_word' id='word_1_674' title='bbox 2770 2409 2826 2462; x_wconf 94' lang='lat' dir='ltr'><strong>ln</strong></span> <span class='ocrx_word' id='word_1_675' title='bbox 2849 2408 3030 2463; x_wconf 80' lang='lat' dir='ltr'><strong>Veteri</strong></span> <span class='ocrx_word' id='word_1_676' title='bbox 3063 2409 3407 2464; x_wconf 88' lang='lat' dir='ltr'><strong>Testamento</strong></span> <span class='ocrx_word' id='word_1_677' title='bbox 3434 2409 3534 2462; x_wconf 88' lang='lat' dir='ltr'><strong>Pa-</strong></span> 
     </span>
    </p>
   </div>
   <div class='ocr_carea' id='block_1_84' title="bbox 1932 2499 3533 2570">
    <p class='ocr_par' dir='ltr' id='par_1_84' title="bbox 1932 2499 3533 2570">
     <span class='ocr_line' id='line_1_85' title="bbox 1932 2499 3533 2570; baseline 0.001 -18"><span class='ocrx_word' id='word_1_678' title='bbox 1932 2507 2016 2554; x_wconf 88' lang='lat' dir='ltr'><strong>ter</strong></span> <span class='ocrx_word' id='word_1_679' title='bbox 2048 2501 2354 2570; x_wconf 77' lang='lat' dir='ltr'><strong>frequenter</strong></span> <span class='ocrx_word' id='word_1_680' title='bbox 2379 2501 2636 2556; x_wconf 84' lang='lat' dir='ltr'><strong>Dominus</strong></span> <span class='ocrx_word' id='word_1_681' title='bbox 2663 2509 2887 2555; x_wconf 83' lang='lat' dir='ltr'><strong>vocatur</strong></span> <span class='ocrx_word' id='word_1_682' title='bbox 2918 2518 2930 2554; x_wconf 96' lang='lat'><strong>:</strong></span> <span class='ocrx_word' id='word_1_683' title='bbox 2968 2499 3218 2554; x_wconf 85' lang='lat' dir='ltr'><strong>Dominus</strong></span> <span class='ocrx_word' id='word_1_684' title='bbox 3257 2499 3420 2564; x_wconf 80' lang='lat' dir='ltr'><strong>Deus,</strong></span> <span class='ocrx_word' id='word_1_685' title='bbox 3446 2499 3533 2555; x_wconf 85' lang='lat' dir='ltr'><strong>in-</strong></span> 
     </span>
    </p>
   </div>
   <div class='ocr_carea' id='block_1_85' title="bbox 1922 2590 3532 2663">
    <p class='ocr_par' dir='ltr' id='par_1_85' title="bbox 1922 2590 3532 2663">
     <span class='ocr_line' id='line_1_86' title="bbox 1922 2590 3532 2663; baseline 0 -19"><span class='ocrx_word' id='word_1_686' title='bbox 1922 2591 2067 2658; x_wconf 84' lang='lat' dir='ltr'><strong>quit,</strong></span> <span class='ocrx_word' id='word_1_687' title='bbox 2108 2590 2356 2646; x_wconf 87' lang='lat' dir='ltr'><strong>Dominus</strong></span> <span class='ocrx_word' id='word_1_688' title='bbox 2384 2609 2513 2646; x_wconf 88' lang='lat' dir='ltr'><strong>unus</strong></span> <span class='ocrx_word' id='word_1_689' title='bbox 2552 2601 2624 2645; x_wconf 89' lang='lat' dir='ltr'><strong>est</strong></span> <span class='ocrx_word' id='word_1_690' title='bbox 2663 2594 2683 2662; x_wconf 90' lang='lat'><strong>(</strong></span> <span class='ocrx_word' id='word_1_691' title='bbox 2712 2591 2878 2663; x_wconf 74' lang='lat' dir='ltr'><strong>Exod.</strong></span> <span class='ocrx_word' id='word_1_692' title='bbox 2909 2590 3001 2646; x_wconf 74' lang='grc'><strong>20.</strong></span> <span class='ocrx_word' id='word_1_693' title='bbox 3041 2590 3111 2663; x_wconf 76' lang='lat'><strong>2)</strong></span> <span class='ocrx_word' id='word_1_694' title='bbox 3139 2609 3153 2644; x_wconf 91' lang='lat'><strong>:</strong></span> <span class='ocrx_word' id='word_1_695' title='bbox 3185 2607 3249 2646; x_wconf 88' lang='lat' dir='ltr'><strong>ac</strong></span> <span class='ocrx_word' id='word_1_696' title='bbox 3292 2605 3532 2657; x_wconf 84' lang='lat' dir='ltr'><strong>rursum,</strong></span> 
     </span>
    </p>
   </div>
   <div class='ocr_carea' id='block_1_86' title="bbox 1932 2678 3531 2750">
    <p class='ocr_par' dir='ltr' id='par_1_86' title="bbox 1932 2678 3531 2750">
     <span class='ocr_line' id='line_1_87' title="bbox 1932 2678 3531 2750; baseline 0.001 -17"><span class='ocrx_word' id='word_1_697' title='bbox 1932 2678 2207 2734; x_wconf 87' lang='lat' dir='ltr'><strong>Dominum</strong></span> <span class='ocrx_word' id='word_1_698' title='bbox 2228 2680 2391 2735; x_wconf 90' lang='lat' dir='ltr'><strong>Deum</strong></span> <span class='ocrx_word' id='word_1_699' title='bbox 2409 2692 2547 2735; x_wconf 86' lang='lat' dir='ltr'><strong>tuum</strong></span> <span class='ocrx_word' id='word_1_700' title='bbox 2569 2682 2828 2747; x_wconf 82' lang='lat' dir='ltr'><strong>adorabis,</strong></span> <span class='ocrx_word' id='word_1_701' title='bbox 2852 2690 2897 2735; x_wconf 90' lang='lat' dir='ltr'><strong>et</strong></span> <span class='ocrx_word' id='word_1_702' title='bbox 2922 2682 3000 2736; x_wconf 83' lang='lat' dir='ltr'><strong>illi</strong></span> <span class='ocrx_word' id='word_1_703' title='bbox 3023 2682 3118 2736; x_wconf 88' lang='lat' dir='ltr'><strong>soli</strong></span> <span class='ocrx_word' id='word_1_704' title='bbox 3144 2683 3328 2736; x_wconf 77' lang='lat' dir='ltr'><strong>seruies</strong></span> <span class='ocrx_word' id='word_1_705' title='bbox 3347 2680 3531 2750; x_wconf 82' lang='lat' dir='ltr'><strong>(Deut.</strong></span> 
     </span>
    </p>
   </div>
   <div class='ocr_carea' id='block_1_87' title="bbox 1931 2769 3536 2845">
    <p class='ocr_par' dir='ltr' id='par_1_87' title="bbox 1931 2769 3536 2845">
     <span class='ocr_line' id='line_1_88' title="bbox 1931 2769 3536 2845; baseline 0.003 -21"><span class='ocrx_word' id='word_1_706' title='bbox 1931 2769 1986 2824; x_wconf 86' lang='lat'><strong>6.</strong></span> <span class='ocrx_word' id='word_1_707' title='bbox 2022 2770 2124 2844; x_wconf 78' lang='grc'><strong>15)</strong></span> <span class='ocrx_word' id='word_1_708' title='bbox 2155 2790 2168 2824; x_wconf 88' lang='lat'><strong>:</strong></span> <span class='ocrx_word' id='word_1_709' title='bbox 2201 2773 2468 2843; x_wconf 89' lang='lat' dir='ltr'><strong>itemque,</strong></span> <span class='ocrx_word' id='word_1_710' title='bbox 2500 2771 2723 2844; x_wconf 72' lang='lat' dir='ltr'><strong>Magnus</strong></span> <span class='ocrx_word' id='word_1_711' title='bbox 2757 2772 3007 2828; x_wconf 86' lang='lat' dir='ltr'><strong>Dominus</strong></span> <span class='ocrx_word' id='word_1_712' title='bbox 3048 2784 3218 2828; x_wconf 85' lang='lat' dir='ltr'><strong>noster</strong></span> <span class='ocrx_word' id='word_1_713' title='bbox 3259 2785 3304 2828; x_wconf 89' lang='lat' dir='ltr'><strong>et</strong></span> <span class='ocrx_word' id='word_1_714' title='bbox 3347 2791 3536 2845; x_wconf 84' lang='lat' dir='ltr'><strong>magna</strong></span> 
     </span>
    </p>
   </div>
   <div class='ocr_carea' id='block_1_88' title="bbox 1931 2848 3529 2936">
    <p class='ocr_par' dir='ltr' id='par_1_88' title="bbox 1931 2848 3529 2936">
     <span class='ocr_line' id='line_1_89' title="bbox 1931 2848 3529 2936; baseline 0.005 -22"><span class='ocrx_word' id='word_1_715' title='bbox 1931 2862 2091 2916; x_wconf 80' lang='lat' dir='ltr'><strong>uirtus</strong></span> <span class='ocrx_word' id='word_1_716' title='bbox 2111 2863 2240 2931; x_wconf 82' lang='lat' dir='ltr'><strong>eius,</strong></span> <span class='ocrx_word' id='word_1_717' title='bbox 2263 2848 2589 2934; x_wconf 11' lang='lat' dir='ltr'><strong>elisapientia:</strong></span> <span class='ocrx_word' id='word_1_718' title='bbox 2610 2865 2718 2936; x_wconf 87' lang='lat' dir='ltr'><strong>ejus</strong></span> <span class='ocrx_word' id='word_1_719' title='bbox 2740 2882 2839 2918; x_wconf 90' lang='lat' dir='ltr'><strong>non</strong></span> <span class='ocrx_word' id='word_1_720' title='bbox 2861 2873 2931 2918; x_wconf 87' lang='lat' dir='ltr'><strong>est</strong></span> <span class='ocrx_word' id='word_1_721' title='bbox 2953 2883 3190 2919; x_wconf 79' lang='lat' dir='ltr'><strong>numerus</strong></span> <span class='ocrx_word' id='word_1_722' title='bbox 3208 2864 3377 2936; x_wconf 86' lang='lat' dir='ltr'><strong>(Psal.</strong></span> <span class='ocrx_word' id='word_1_723' title='bbox 3403 2865 3529 2922; x_wconf 75' lang='lat' dir='ltr'><strong>N6.</strong></span> 
     </span>
    </p>
   </div>
   <div class='ocr_carea' id='block_1_89' title="bbox 1932 2953 3532 3028">
    <p class='ocr_par' dir='ltr' id='par_1_89' title="bbox 1932 2953 3532 3028">
     <span class='ocr_line' id='line_1_90' title="bbox 1932 2953 3532 3028; baseline 0.002 -18"><span class='ocrx_word' id='word_1_724' title='bbox 1932 2953 1988 3026; x_wconf 82' lang='lat'><strong>5)</strong></span> <span class='ocrx_word' id='word_1_725' title='bbox 2018 2973 2031 3009; x_wconf 93' lang='lat'><strong>:</strong></span> <span class='ocrx_word' id='word_1_726' title='bbox 2061 2955 2379 3025; x_wconf 90' lang='lat' dir='ltr'><strong>iterumque,</strong></span> <span class='ocrx_word' id='word_1_727' title='bbox 2410 2956 2728 3028; x_wconf 86' lang='lat' dir='ltr'><strong>Cognoscant</strong></span> <span class='ocrx_word' id='word_1_728' title='bbox 2753 2958 2874 3028; x_wconf 88' lang='lat' dir='ltr'><strong>quia</strong></span> <span class='ocrx_word' id='word_1_729' title='bbox 2919 2975 3100 3012; x_wconf 87' lang='lat' dir='ltr'><strong>nomen</strong></span> <span class='ocrx_word' id='word_1_730' title='bbox 3131 2958 3220 3012; x_wconf 84' lang='lat' dir='ltr'><strong>tibi</strong></span> <span class='ocrx_word' id='word_1_731' title='bbox 3244 2957 3532 3028; x_wconf 85' lang='lat' dir='ltr'><strong>Dominus;</strong></span> 
     </span>
    </p>
   </div>
   <div class='ocr_carea' id='block_1_90' title="bbox 1933 3048 3534 3121">
    <p class='ocr_par' dir='ltr' id='par_1_90' title="bbox 1933 3048 3534 3121">
     <span class='ocr_line' id='line_1_91' title="bbox 1933 3048 3534 3121; baseline 0.001 -19"><span class='ocrx_word' id='word_1_732' title='bbox 1933 3057 1987 3102; x_wconf 86' lang='lat' dir='ltr'><strong>tu</strong></span> <span class='ocrx_word' id='word_1_733' title='bbox 2011 3048 2152 3102; x_wconf 89' lang='lat' dir='ltr'><strong>solus</strong></span> <span class='ocrx_word' id='word_1_734' title='bbox 2175 3048 2451 3102; x_wconf 85' lang='lat' dir='ltr'><strong>altissimus</strong></span> <span class='ocrx_word' id='word_1_735' title='bbox 2481 3050 2532 3103; x_wconf 89' lang='lat' dir='ltr'><strong>in</strong></span> <span class='ocrx_word' id='word_1_736' title='bbox 2562 3051 2700 3104; x_wconf 88' lang='lat' dir='ltr'><strong>omni</strong></span> <span class='ocrx_word' id='word_1_737' title='bbox 2723 3060 2858 3104; x_wconf 88' lang='lat' dir='ltr'><strong>terra</strong></span> <span class='ocrx_word' id='word_1_738' title='bbox 2884 3049 2903 3121; x_wconf 95' lang='lat'><strong>(</strong></span> <span class='ocrx_word' id='word_1_739' title='bbox 2927 3048 3068 3103; x_wconf 81' lang='lat' dir='ltr'><strong>Psal.</strong></span> <span class='ocrx_word' id='word_1_740' title='bbox 3098 3050 3189 3106; x_wconf 69' lang='lat'><strong>82.</strong></span> <span class='ocrx_word' id='word_1_741' title='bbox 3216 3050 3338 3120; x_wconf 88' lang='grc'><strong>19).</strong></span> <span class='ocrx_word' id='word_1_742' title='bbox 3374 3051 3534 3120; x_wconf 82' lang='lat' dir='ltr'><strong>Atqui</strong></span> 
     </span>
    </p>
   </div>
   <div class='ocr_carea' id='block_1_91' title="bbox 1932 3125 3533 3212">
    <p class='ocr_par' dir='ltr' id='par_1_91' title="bbox 1932 3125 3533 3212">
     <span class='ocr_line' id='line_1_92' title="bbox 1932 3125 3533 3212; baseline 0 -17"><span class='ocrx_word' id='word_1_743' title='bbox 1932 3140 1975 3195; x_wconf 90' lang='lat' dir='ltr'><strong>si</strong></span> <span class='ocrx_word' id='word_1_744' title='bbox 2021 3139 2111 3194; x_wconf 90' lang='lat' dir='ltr'><strong>illa</strong></span> <span class='ocrx_word' id='word_1_745' title='bbox 2155 3154 2254 3194; x_wconf 83' lang='lat' dir='ltr'><strong>vox</strong></span> <span class='ocrx_word' id='word_1_746' title='bbox 2305 3141 2483 3194; x_wconf 90' lang='lat' dir='ltr'><strong>minor</strong></span> <span class='ocrx_word' id='word_1_747' title='bbox 2523 3151 2668 3196; x_wconf 88' lang='lat' dir='ltr'><strong>esset</strong></span> <span class='ocrx_word' id='word_1_748' title='bbox 2705 3156 2871 3208; x_wconf 81' lang='lat' dir='ltr'><strong>voce,</strong></span> <span class='ocrx_word' id='word_1_749' title='bbox 2909 3140 3083 3208; x_wconf 83' lang='lat' dir='ltr'><strong>Deus,</strong></span> <span class='ocrx_word' id='word_1_750' title='bbox 3115 3150 3170 3196; x_wconf 92' lang='lat' dir='ltr'><strong>et</strong></span> <span class='ocrx_word' id='word_1_751' title='bbox 3197 3141 3410 3212; x_wconf 79' lang='lat' dir='ltr'><strong>indigna</strong></span> <span class='ocrx_word' id='word_1_752' title='bbox 3443 3125 3533 3195; x_wconf 87' lang='lat' dir='ltr'><strong>illa</strong></span> 
     </span>
    </p>
   </div>
   <div class='ocr_carea' id='block_1_92' title="bbox 1932 3232 3532 3305">
    <p class='ocr_par' dir='ltr' id='par_1_92' title="bbox 1932 3232 3532 3305">
     <span class='ocr_line' id='line_1_93' title="bbox 1932 3232 3532 3305; baseline -0.001 -17"><span class='ocrx_word' id='word_1_753' title='bbox 1932 3232 2222 3288; x_wconf 82' lang='lat' dir='ltr'><strong>substantia</strong></span> <span class='ocrx_word' id='word_1_754' title='bbox 2252 3272 2270 3298; x_wconf 92' lang='lat'><strong>,</strong></span> <span class='ocrx_word' id='word_1_755' title='bbox 2301 3247 2406 3287; x_wconf 90' lang='lat' dir='ltr'><strong>non</strong></span> <span class='ocrx_word' id='word_1_756' title='bbox 2437 3232 2719 3288; x_wconf 88' lang='lat' dir='ltr'><strong>dicendum</strong></span> <span class='ocrx_word' id='word_1_757' title='bbox 2749 3243 2867 3289; x_wconf 67' lang='lat' dir='ltr'><strong>erat</strong></span> <span class='ocrx_word' id='word_1_758' title='bbox 2889 3274 2905 3300; x_wconf 92' lang='lat'><strong>,</strong></span> <span class='ocrx_word' id='word_1_759' title='bbox 2945 3233 3263 3305; x_wconf 85' lang='lat' dir='ltr'><strong>Cognoscant</strong></span> <span class='ocrx_word' id='word_1_760' title='bbox 3292 3235 3412 3303; x_wconf 83' lang='lat' dir='ltr'><strong>quia</strong></span> <span class='ocrx_word' id='word_1_761' title='bbox 3440 3251 3532 3287; x_wconf 88' lang='lat' dir='ltr'><strong>no-</strong></span> 
     </span>
    </p>
   </div>
   <div class='ocr_carea' id='block_1_93' title="bbox 1931 3313 3534 3394">
    <p class='ocr_par' dir='ltr' id='par_1_93' title="bbox 1931 3313 3534 3394">
     <span class='ocr_line' id='line_1_94' title="bbox 1931 3313 3534 3394; baseline 0.001 -18"><span class='ocrx_word' id='word_1_762' title='bbox 1931 3339 2048 3377; x_wconf 86' lang='lat' dir='ltr'><strong>men</strong></span> <span class='ocrx_word' id='word_1_763' title='bbox 2089 3322 2178 3378; x_wconf 84' lang='lat' dir='ltr'><strong>tibi</strong></span> <span class='ocrx_word' id='word_1_764' title='bbox 2217 3322 2490 3379; x_wconf 88' lang='lat' dir='ltr'><strong>Dominus.</strong></span> <span class='ocrx_word' id='word_1_765' title='bbox 2521 3313 2753 3380; x_wconf 78' lang='lat' dir='ltr'><strong>Rursum</strong></span> <span class='ocrx_word' id='word_1_766' title='bbox 2782 3318 2829 3381; x_wconf 92' lang='lat' dir='ltr'><strong>si</strong></span> <span class='ocrx_word' id='word_1_767' title='bbox 2857 3340 2958 3379; x_wconf 86' lang='lat' dir='ltr'><strong>vox</strong></span> <span class='ocrx_word' id='word_1_768' title='bbox 2987 3325 3073 3380; x_wconf 91' lang='lat' dir='ltr'><strong>illa</strong></span> <span class='ocrx_word' id='word_1_769' title='bbox 3093 3365 3110 3392; x_wconf 91' lang='lat'><strong>,</strong></span> <span class='ocrx_word' id='word_1_770' title='bbox 3150 3323 3324 3391; x_wconf 86' lang='lat' dir='ltr'><strong>Deus,</strong></span> <span class='ocrx_word' id='word_1_771' title='bbox 3361 3325 3534 3394; x_wconf 87' lang='lat' dir='ltr'><strong>major</strong></span> 
     </span>
    </p>
   </div>
   <div class='ocr_carea' id='block_1_94' title="bbox 1931 3410 3532 3492">
    <p class='ocr_par' dir='ltr' id='par_1_94' title="bbox 1931 3410 3532 3492">
     <span class='ocr_line' id='line_1_95' title="bbox 1931 3410 3532 3492; baseline 0.001 -24"><span class='ocrx_word' id='word_1_772' title='bbox 1931 3423 2075 3469; x_wconf 89' lang='lat' dir='ltr'><strong>esset</strong></span> <span class='ocrx_word' id='word_1_773' title='bbox 2119 3415 2208 3469; x_wconf 92' lang='lat' dir='ltr'><strong>illa</strong></span> <span class='ocrx_word' id='word_1_774' title='bbox 2233 3410 2260 3492; x_wconf 58' lang='grc' dir='ltr'><strong>ρ’</strong></span> <span class='ocrx_word' id='word_1_775' title='bbox 2277 3411 2558 3480; x_wconf 83' lang='lat' dir='ltr'><strong>Dominus,</strong></span> <span class='ocrx_word' id='word_1_776' title='bbox 2588 3425 2644 3471; x_wconf 90' lang='lat' dir='ltr'><strong>et</strong></span> <span class='ocrx_word' id='word_1_777' title='bbox 2674 3415 3058 3481; x_wconf 86' lang='lat' dir='ltr'><strong>bonorabilior,</strong></span> <span class='ocrx_word' id='word_1_778' title='bbox 3101 3431 3206 3470; x_wconf 90' lang='lat' dir='ltr'><strong>non</strong></span> <span class='ocrx_word' id='word_1_779' title='bbox 3257 3423 3532 3486; x_wconf 86' lang='lat' dir='ltr'><strong>oporteret</strong></span> 
     </span>
    </p>
   </div>
   <div class='ocr_carea' id='block_1_95' title="bbox 1933 3505 3529 3578">
    <p class='ocr_par' dir='ltr' id='par_1_95' title="bbox 1933 3505 3529 3578">
     <span class='ocr_line' id='line_1_96' title="bbox 1933 3505 3529 3578; baseline 0.001 -18"><span class='ocrx_word' id='word_1_780' title='bbox 1933 3505 2148 3571; x_wconf 81' lang='lat' dir='ltr'><strong>Filium,</strong></span> <span class='ocrx_word' id='word_1_781' title='bbox 2179 3507 2471 3562; x_wconf 87' lang='lat' dir='ltr'><strong>secundum</strong></span> <span class='ocrx_word' id='word_1_782' title='bbox 2503 3508 2623 3562; x_wconf 87' lang='lat' dir='ltr'><strong>illos</strong></span> <span class='ocrx_word' id='word_1_783' title='bbox 2652 3508 2942 3574; x_wconf 89' lang='lat' dir='ltr'><strong>minorem,</strong></span> <span class='ocrx_word' id='word_1_784' title='bbox 2972 3509 3195 3563; x_wconf 88' lang='lat' dir='ltr'><strong>nomine</strong></span> <span class='ocrx_word' id='word_1_785' title='bbox 3218 3507 3359 3578; x_wconf 89' lang='lat' dir='ltr'><strong>quod</strong></span> <span class='ocrx_word' id='word_1_786' title='bbox 3385 3507 3529 3562; x_wconf 83' lang='lat' dir='ltr'><strong>Patri</strong></span> 
     </span>
    </p>
   </div>
   <div class='ocr_carea' id='block_1_96' title="bbox 1931 3591 3531 3683">
    <p class='ocr_par' dir='ltr' id='par_1_96' title="bbox 1931 3591 3531 3683">
     <span class='ocr_line' id='line_1_97' title="bbox 1931 3591 3531 3683; baseline 0 -31"><span class='ocrx_word' id='word_1_787' title='bbox 1931 3600 2215 3654; x_wconf 87' lang='lat' dir='ltr'><strong>conveniat</strong></span> <span class='ocrx_word' id='word_1_788' title='bbox 2255 3591 2467 3683; x_wconf 73' lang='lat' dir='ltr'><strong>vocari,</strong></span> <span class='ocrx_word' id='word_1_789' title='bbox 2497 3599 2760 3671; x_wconf 84' lang='lat' dir='ltr'><strong>siquidem</strong></span> <span class='ocrx_word' id='word_1_790' title='bbox 2799 3600 2874 3655; x_wconf 86' lang='lat' dir='ltr'><strong>illi</strong></span> <span class='ocrx_word' id='word_1_791' title='bbox 2918 3601 3016 3656; x_wconf 88' lang='lat' dir='ltr'><strong>soli</strong></span> <span class='ocrx_word' id='word_1_792' title='bbox 3051 3600 3325 3679; x_wconf 90' lang='lat' dir='ltr'><strong>proprium</strong></span> <span class='ocrx_word' id='word_1_793' title='bbox 3362 3609 3531 3655; x_wconf 82' lang='lat' dir='ltr'><strong>esset.</strong></span> 
     </span>
    </p>
   </div>
   <div class='ocr_carea' id='block_1_97' title="bbox 1934 3677 3531 3762">
    <p class='ocr_par' dir='ltr' id='par_1_97' title="bbox 1934 3677 3531 3762">
     <span class='ocr_line' id='line_1_98' title="bbox 1934 3677 3531 3762; baseline 0.003 -21"><span class='ocrx_word' id='word_1_794' title='bbox 1934 3690 2001 3742; x_wconf 82' lang='lat' dir='ltr'><strong>At</strong></span> <span class='ocrx_word' id='word_1_795' title='bbox 2028 3704 2132 3742; x_wconf 92' lang='lat' dir='ltr'><strong>non</strong></span> <span class='ocrx_word' id='word_1_796' title='bbox 2163 3691 2232 3743; x_wconf 91' lang='lat' dir='ltr'><strong>ita</strong></span> <span class='ocrx_word' id='word_1_797' title='bbox 2261 3677 2393 3745; x_wconf 86' lang='lat' dir='ltr'><strong>sane</strong></span> <span class='ocrx_word' id='word_1_798' title='bbox 2417 3706 2506 3747; x_wconf 86' lang='lat' dir='ltr'><strong>res</strong></span> <span class='ocrx_word' id='word_1_799' title='bbox 2528 3705 2586 3745; x_wconf 87' lang='lat' dir='ltr'><strong>se</strong></span> <span class='ocrx_word' id='word_1_800' title='bbox 2612 3689 2795 3746; x_wconf 82' lang='lat' dir='ltr'><strong>habet.</strong></span> <span class='ocrx_word' id='word_1_801' title='bbox 2819 3690 3004 3762; x_wconf 84' lang='lat' dir='ltr'><strong>Neque</strong></span> <span class='ocrx_word' id='word_1_802' title='bbox 3030 3677 3173 3746; x_wconf 86' lang='lat' dir='ltr'><strong>enim</strong></span> <span class='ocrx_word' id='word_1_803' title='bbox 3198 3691 3364 3747; x_wconf 80' lang='lat' dir='ltr'><strong>Filius</strong></span> <span class='ocrx_word' id='word_1_804' title='bbox 3383 3691 3531 3747; x_wconf 87' lang='lat' dir='ltr'><strong>Patri</strong></span> 
     </span>
    </p>
   </div>
   <div class='ocr_carea' id='block_1_98' title="bbox 1933 3778 3528 3849">
    <p class='ocr_par' dir='ltr' id='par_1_98' title="bbox 1933 3778 3528 3849">
     <span class='ocr_line' id='line_1_99' title="bbox 1933 3778 3528 3849; baseline 0.003 -17"><span class='ocrx_word' id='word_1_805' title='bbox 1933 3778 2176 3845; x_wconf 78' lang='lat' dir='ltr'><strong>inferior,</strong></span> <span class='ocrx_word' id='word_1_806' title='bbox 2221 3795 2395 3849; x_wconf 91' lang='lat' dir='ltr'><strong>neque</strong></span> <span class='ocrx_word' id='word_1_807' title='bbox 2438 3780 2648 3834; x_wconf 91' lang='lat' dir='ltr'><strong>Domini</strong></span> <span class='ocrx_word' id='word_1_808' title='bbox 2693 3795 2892 3836; x_wconf 89' lang='lat' dir='ltr'><strong>nomen</strong></span> <span class='ocrx_word' id='word_1_809' title='bbox 2937 3781 3155 3838; x_wconf 89' lang='lat' dir='ltr'><strong>nomine</strong></span> <span class='ocrx_word' id='word_1_810' title='bbox 3207 3783 3300 3838; x_wconf 91' lang='lat' dir='ltr'><strong>Dei</strong></span> <span class='ocrx_word' id='word_1_811' title='bbox 3348 3782 3528 3838; x_wconf 86' lang='lat' dir='ltr'><strong>vilius.</strong></span> 
     </span>
    </p>
   </div>
   <div class='ocr_carea' id='block_1_99' title="bbox 1929 3869 3530 3939">
    <p class='ocr_par' dir='ltr' id='par_1_99' title="bbox 1929 3869 3530 3939">
     <span class='ocr_line' id='line_1_100' title="bbox 1929 3869 3530 3939; baseline 0.001 -15"><span class='ocrx_word' id='word_1_812' title='bbox 1929 3869 2286 3939; x_wconf 90' lang='lat' dir='ltr'><strong>Quamobrem</strong></span> <span class='ocrx_word' id='word_1_813' title='bbox 2315 3880 2369 3924; x_wconf 91' lang='lat' dir='ltr'><strong>et</strong></span> <span class='ocrx_word' id='word_1_814' title='bbox 2395 3871 2462 3925; x_wconf 88' lang='lat' dir='ltr'><strong>de</strong></span> <span class='ocrx_word' id='word_1_815' title='bbox 2503 3871 2660 3931; x_wconf 86' lang='lat' dir='ltr'><strong>Patre</strong></span> <span class='ocrx_word' id='word_1_816' title='bbox 2687 3880 2743 3926; x_wconf 90' lang='lat' dir='ltr'><strong>et</strong></span> <span class='ocrx_word' id='word_1_817' title='bbox 2775 3872 2845 3927; x_wconf 90' lang='lat' dir='ltr'><strong>de</strong></span> <span class='ocrx_word' id='word_1_818' title='bbox 2883 3871 3021 3926; x_wconf 82' lang='lat' dir='ltr'><strong>Filio</strong></span> <span class='ocrx_word' id='word_1_819' title='bbox 3063 3870 3530 3928; x_wconf 87' lang='lat' dir='ltr'><strong>indiscriminatim</strong></span> 
     </span>
    </p>
   </div>
   <div class='ocr_carea' id='block_1_100' title="bbox 1933 3958 3550 4034">
    <p class='ocr_par' dir='ltr' id='par_1_100' title="bbox 1933 3958 3550 4034">
     <span class='ocr_line' id='line_1_101' title="bbox 1933 3958 3550 4034; baseline 0.002 -19"><span class='ocrx_word' id='word_1_820' title='bbox 1933 3961 2017 4016; x_wconf 91' lang='lat' dir='ltr'><strong>bis</strong></span> <span class='ocrx_word' id='word_1_821' title='bbox 2045 3962 2494 4030; x_wconf 87' lang='lat' dir='ltr'><strong>appellationibus</strong></span> <span class='ocrx_word' id='word_1_822' title='bbox 2534 3963 2699 4018; x_wconf 87' lang='lat' dir='ltr'><strong>utitur</strong></span> <span class='ocrx_word' id='word_1_823' title='bbox 2727 3963 3024 4034; x_wconf 82' lang='lat' dir='ltr'><strong>Scriptura.</strong></span> <span class='ocrx_word' id='word_1_824' title='bbox 3049 3958 3550 4031; x_wconf 57' lang='lat' dir='ltr'><strong>Quemadmodum</strong></span> 
     </span>
    </p>
   </div>
   <div class='ocr_carea' id='block_1_101' title="bbox 1932 4052 3530 4141">
    <p class='ocr_par' dir='ltr' id='par_1_101' title="bbox 1932 4052 3530 4141">
     <span class='ocr_line' id='line_1_102' title="bbox 1932 4052 3530 4141; baseline 0.002 -34"><span class='ocrx_word' id='word_1_825' title='bbox 1932 4053 2092 4122; x_wconf 75' lang='lat' dir='ltr'><strong>igitur</strong></span> <span class='ocrx_word' id='word_1_826' title='bbox 2115 4052 2342 4108; x_wconf 82' lang='lat' dir='ltr'><strong>audistis</strong></span> <span class='ocrx_word' id='word_1_827' title='bbox 2370 4053 2580 4110; x_wconf 88' lang='lat' dir='ltr'><strong>Patrem</strong></span> <span class='ocrx_word' id='word_1_828' title='bbox 2607 4055 2890 4110; x_wconf 90' lang='lat' dir='ltr'><strong>Dominum</strong></span> <span class='ocrx_word' id='word_1_829' title='bbox 2919 4057 3200 4141; x_wconf 79' lang='lat' dir='ltr'><strong>appellari,</strong></span> <span class='ocrx_word' id='word_1_830' title='bbox 3226 4071 3324 4127; x_wconf 75' lang='lat' dir='ltr'><strong>age</strong></span> <span class='ocrx_word' id='word_1_831' title='bbox 3348 4067 3530 4112; x_wconf 86' lang='lat' dir='ltr'><strong>osten-</strong></span> 
     </span>
    </p>
   </div>
   <div class='ocr_carea' id='block_1_102' title="bbox 1912 4143 3532 4220">
    <p class='ocr_par' dir='ltr' id='par_1_102' title="bbox 1912 4143 3532 4220">
     <span class='ocr_line' id='line_1_103' title="bbox 1912 4143 3532 4220; baseline 0.002 -23"><span class='ocrx_word' id='word_1_832' title='bbox 1912 4143 2118 4220; x_wconf 33' lang='lat' dir='ltr'><strong>ldamus</strong></span> <span class='ocrx_word' id='word_1_833' title='bbox 2149 4144 2337 4220; x_wconf 73' lang='lat' dir='ltr'><strong>Filium</strong></span> <span class='ocrx_word' id='word_1_834' title='bbox 2361 4147 2522 4201; x_wconf 89' lang='lat' dir='ltr'><strong>etiam</strong></span> <span class='ocrx_word' id='word_1_835' title='bbox 2547 4145 2712 4200; x_wconf 88' lang='lat' dir='ltr'><strong>Deum</strong></span> <span class='ocrx_word' id='word_1_836' title='bbox 2739 4147 2918 4202; x_wconf 84' lang='lat' dir='ltr'><strong>vocari</strong></span> <span class='ocrx_word' id='word_1_837' title='bbox 2949 4164 2962 4200; x_wconf 95' lang='lat'><strong>:</strong></span> <span class='ocrx_word' id='word_1_838' title='bbox 2991 4145 3127 4200; x_wconf 83' lang='lat' dir='ltr'><strong>Ecce</strong></span> <span class='ocrx_word' id='word_1_839' title='bbox 3149 4147 3291 4217; x_wconf 76' lang='lat' dir='ltr'><strong>uirgo</strong></span> <span class='ocrx_word' id='word_1_840' title='bbox 3314 4147 3367 4200; x_wconf 89' lang='lat' dir='ltr'><strong>in</strong></span> <span class='ocrx_word' id='word_1_841' title='bbox 3387 4156 3532 4201; x_wconf 81' lang='lat' dir='ltr'><strong>utero</strong></span> 
     </span>
    </p>
   </div>
   <div class='ocr_carea' id='block_1_103' title="bbox 1933 4230 3528 4307">
    <p class='ocr_par' dir='ltr' id='par_1_103' title="bbox 1933 4230 3528 4307">
     <span class='ocr_line' id='line_1_104' title="bbox 1933 4230 3528 4307; baseline 0.001 -19"><span class='ocrx_word' id='word_1_842' title='bbox 1933 4235 2149 4301; x_wconf 83' lang='lat' dir='ltr'><strong>habebit,</strong></span> <span class='ocrx_word' id='word_1_843' title='bbox 2174 4246 2222 4290; x_wconf 91' lang='lat' dir='ltr'><strong>et</strong></span> <span class='ocrx_word' id='word_1_844' title='bbox 2249 4237 2409 4305; x_wconf 77' lang='lat' dir='ltr'><strong>pariet</strong></span> <span class='ocrx_word' id='word_1_845' title='bbox 2434 4230 2618 4306; x_wconf 82' lang='lat' dir='ltr'><strong>ﬁlium,</strong></span> <span class='ocrx_word' id='word_1_846' title='bbox 2644 4246 2694 4291; x_wconf 88' lang='lat' dir='ltr'><strong>et</strong></span> <span class='ocrx_word' id='word_1_847' title='bbox 2717 4237 2964 4292; x_wconf 83' lang='lat' dir='ltr'><strong>rocabunt</strong></span> <span class='ocrx_word' id='word_1_848' title='bbox 2984 4253 3166 4291; x_wconf 86' lang='lat' dir='ltr'><strong>nomen</strong></span> <span class='ocrx_word' id='word_1_849' title='bbox 3186 4239 3297 4307; x_wconf 83' lang='lat' dir='ltr'><strong>ejus</strong></span> <span class='ocrx_word' id='word_1_850' title='bbox 3316 4235 3528 4290; x_wconf 80' lang='lat' dir='ltr'><strong>Emma-</strong></span> 
     </span>
    </p>
   </div>
   <div class='ocr_carea' id='block_1_104' title="bbox 1931 4325 3521 4402">
    <p class='ocr_par' dir='ltr' id='par_1_104' title="bbox 1931 4325 3521 4402">
     <span class='ocr_line' id='line_1_105' title="bbox 1931 4325 3521 4402; baseline 0.001 -22"><span class='ocrx_word' id='word_1_851' title='bbox 1931 4325 2070 4392; x_wconf 85' lang='lat' dir='ltr'><strong>nuel,</strong></span> <span class='ocrx_word' id='word_1_852' title='bbox 2103 4329 2240 4398; x_wconf 79' lang='lat' dir='ltr'><strong>quod</strong></span> <span class='ocrx_word' id='word_1_853' title='bbox 2260 4337 2336 4382; x_wconf 90' lang='lat' dir='ltr'><strong>est</strong></span> <span class='ocrx_word' id='word_1_854' title='bbox 2361 4329 2764 4398; x_wconf 78' lang='lat' dir='ltr'><strong>interpretatum,</strong></span> <span class='ocrx_word' id='word_1_855' title='bbox 2792 4329 3053 4382; x_wconf 84' lang='lat' dir='ltr'><strong>nobiscum</strong></span> <span class='ocrx_word' id='word_1_856' title='bbox 3075 4327 3218 4384; x_wconf 84' lang='lat' dir='ltr'><strong>Deus</strong></span> <span class='ocrx_word' id='word_1_857' title='bbox 3239 4328 3447 4402; x_wconf 82' lang='lat' dir='ltr'><strong>(Hesai.</strong></span> <span class='ocrx_word' id='word_1_858' title='bbox 3467 4329 3521 4385; x_wconf 83' lang='grc'><strong>7.</strong></span> 
     </span>
    </p>
   </div>
   <div class='ocr_carea' id='block_1_105' title="bbox 1933 4415 3532 4489">
    <p class='ocr_par' dir='ltr' id='par_1_105' title="bbox 1933 4415 3532 4489">
     <span class='ocr_line' id='line_1_106' title="bbox 1933 4415 3532 4489; baseline 0.001 -17"><span class='ocrx_word' id='word_1_859' title='bbox 1933 4417 2021 4472; x_wconf 68' lang='lat' dir='ltr'><strong>ﬂ.</strong></span> <span class='ocrx_word' id='word_1_860' title='bbox 2054 4415 2238 4471; x_wconf 69' lang='lat' dir='ltr'><strong>Matth.</strong></span> <span class='ocrx_word' id='word_1_861' title='bbox 2271 4417 2324 4472; x_wconf 88' lang='grc'><strong>1.</strong></span> <span class='ocrx_word' id='word_1_862' title='bbox 2349 4417 2704 4489; x_wconf 72' lang='lat' dir='ltr'><strong>23)..Vidisti</strong></span> <span class='ocrx_word' id='word_1_863' title='bbox 2733 4427 2790 4473; x_wconf 90' lang='lat' dir='ltr'><strong>et</strong></span> <span class='ocrx_word' id='word_1_864' title='bbox 2820 4419 2964 4473; x_wconf 86' lang='lat' dir='ltr'><strong>Patri</strong></span> <span class='ocrx_word' id='word_1_865' title='bbox 2995 4423 3188 4474; x_wconf 88' lang='lat' dir='ltr'><strong>nomen</strong></span> <span class='ocrx_word' id='word_1_866' title='bbox 3220 4419 3348 4474; x_wconf 90' lang='lat' dir='ltr'><strong>illud</strong></span> <span class='ocrx_word' id='word_1_867' title='bbox 3368 4460 3385 4484; x_wconf 96' lang='lat'><strong>,</strong></span> <span class='ocrx_word' id='word_1_868' title='bbox 3419 4418 3532 4474; x_wconf 84' lang='lat' dir='ltr'><strong>Do-</strong></span> 
     </span>
    </p>
   </div>
   <div class='ocr_carea' id='block_1_106' title="bbox 1931 4511 3533 4581">
    <p class='ocr_par' dir='ltr' id='par_1_106' title="bbox 1931 4511 3533 4581">
     <span class='ocr_line' id='line_1_107' title="bbox 1931 4511 3533 4581; baseline 0.001 -15"><span class='ocrx_word' id='word_1_869' title='bbox 1931 4513 2130 4581; x_wconf 86' lang='lat' dir='ltr'><strong>minus,</strong></span> <span class='ocrx_word' id='word_1_870' title='bbox 2160 4522 2222 4578; x_wconf 91' lang='lat' dir='ltr'><strong>et_</strong></span> <span class='ocrx_word' id='word_1_871' title='bbox 2250 4512 2392 4567; x_wconf 87' lang='lat' dir='ltr'><strong>Filio</strong></span> <span class='ocrx_word' id='word_1_872' title='bbox 2425 4527 2620 4569; x_wconf 88' lang='lat' dir='ltr'><strong>nomen</strong></span> <span class='ocrx_word' id='word_1_873' title='bbox 2647 4512 2778 4568; x_wconf 88' lang='lat' dir='ltr'><strong>illud</strong></span> <span class='ocrx_word' id='word_1_874' title='bbox 2817 4511 2959 4568; x_wconf 86' lang='lat' dir='ltr'><strong>Deus</strong></span> <span class='ocrx_word' id='word_1_875' title='bbox 2982 4513 3233 4568; x_wconf 89' lang='lat' dir='ltr'><strong>adscribi.</strong></span> <span class='ocrx_word' id='word_1_876' title='bbox 3263 4513 3533 4580; x_wconf 88' lang='lat' dir='ltr'><strong>Quemad-</strong></span> 
     </span>
    </p>
   </div>
   <div class='ocr_carea' id='block_1_107' title="bbox 1933 4588 3528 4675">
    <p class='ocr_par' dir='ltr' id='par_1_107' title="bbox 1933 4588 3528 4675">
     <span class='ocr_line' id='line_1_108' title="bbox 1933 4588 3528 4675; baseline 0 -15"><span class='ocrx_word' id='word_1_877' title='bbox 1933 4588 2151 4660; x_wconf 81' lang='lat' dir='ltr'><strong>modum</strong></span> <span class='ocrx_word' id='word_1_878' title='bbox 2181 4606 2322 4661; x_wconf 89' lang='lat' dir='ltr'><strong>enim</strong></span> <span class='ocrx_word' id='word_1_879' title='bbox 2348 4605 2456 4659; x_wconf 92' lang='lat' dir='ltr'><strong>illic</strong></span> <span class='ocrx_word' id='word_1_880' title='bbox 2473 4605 2585 4659; x_wconf 88' lang='lat' dir='ltr'><strong>ait:</strong></span> <span class='ocrx_word' id='word_1_881' title='bbox 2611 4603 2929 4675; x_wconf 82' lang='lat' dir='ltr'><strong>Cognoscant</strong></span> <span class='ocrx_word' id='word_1_882' title='bbox 2953 4605 3075 4675; x_wconf 78' lang='lat' dir='ltr'><strong>quia</strong></span> <span class='ocrx_word' id='word_1_883' title='bbox 3100 4621 3283 4659; x_wconf 85' lang='lat' dir='ltr'><strong>nomen</strong></span> <span class='ocrx_word' id='word_1_884' title='bbox 3306 4605 3395 4659; x_wconf 86' lang='lat' dir='ltr'><strong>tibi</strong></span> <span class='ocrx_word' id='word_1_885' title='bbox 3412 4603 3528 4660; x_wconf 74' lang='lat' dir='ltr'><strong>Do~</strong></span> 
     </span>
    </p>
   </div>
   <div class='ocr_carea' id='block_1_108' title="bbox 1932 4694 3529 4768">
    <p class='ocr_par' dir='ltr' id='par_1_108' title="bbox 1932 4694 3529 4768">
     <span class='ocr_line' id='line_1_109' title="bbox 1932 4694 3529 4768; baseline 0.001 -18"><span class='ocrx_word' id='word_1_886' title='bbox 1932 4698 2098 4753; x_wconf 87' lang='lat' dir='ltr'><strong>minus</strong></span> <span class='ocrx_word' id='word_1_887' title='bbox 2120 4696 2294 4768; x_wconf 88' lang='lat' dir='ltr'><strong>(Psal.</strong></span> <span class='ocrx_word' id='word_1_888' title='bbox 2324 4695 2414 4752; x_wconf 70' lang='lat'><strong>82.</strong></span> <span class='ocrx_word' id='word_1_889' title='bbox 2447 4695 2570 4765; x_wconf 83' lang='lat' dir='ltr'><strong>l9);</strong></span> <span class='ocrx_word' id='word_1_890' title='bbox 2602 4696 2682 4751; x_wconf 87' lang='lat' dir='ltr'><strong>sic</strong></span> <span class='ocrx_word' id='word_1_891' title='bbox 2707 4705 2762 4751; x_wconf 89' lang='lat' dir='ltr'><strong>et</strong></span> <span class='ocrx_word' id='word_1_892' title='bbox 2789 4695 2894 4751; x_wconf 86' lang='lat' dir='ltr'><strong>hoc</strong></span> <span class='ocrx_word' id='word_1_893' title='bbox 2936 4695 3057 4752; x_wconf 88' lang='lat' dir='ltr'><strong>loco</strong></span> <span class='ocrx_word' id='word_1_894' title='bbox 3081 4695 3231 4758; x_wconf 91' lang='lat' dir='ltr'><strong>dicit,</strong></span> <span class='ocrx_word' id='word_1_895' title='bbox 3267 4694 3529 4751; x_wconf 78' lang='lat' dir='ltr'><strong>Vocabunt</strong></span> 
     </span>
    </p>
   </div>
   <div class='ocr_carea' id='block_1_109' title="bbox 1933 4785 3529 4860">
    <p class='ocr_par' dir='ltr' id='par_1_109' title="bbox 1933 4785 3529 4860">
     <span class='ocr_line' id='line_1_110' title="bbox 1933 4785 3529 4860; baseline 0 -18"><span class='ocrx_word' id='word_1_896' title='bbox 1933 4805 2116 4843; x_wconf 89' lang='lat' dir='ltr'><strong>nomen</strong></span> <span class='ocrx_word' id='word_1_897' title='bbox 2144 4791 2261 4860; x_wconf 83' lang='lat' dir='ltr'><strong>ejus</strong></span> <span class='ocrx_word' id='word_1_898' title='bbox 2283 4787 2624 4854; x_wconf 82' lang='lat' dir='ltr'><strong>Emmanuel;</strong></span> <span class='ocrx_word' id='word_1_899' title='bbox 2648 4803 2711 4842; x_wconf 89' lang='lat' dir='ltr'><strong>ac</strong></span> <span class='ocrx_word' id='word_1_900' title='bbox 2735 4803 2971 4853; x_wconf 89' lang='lat' dir='ltr'><strong>rursum,</strong></span> <span class='ocrx_word' id='word_1_901' title='bbox 3001 4785 3136 4842; x_wconf 85' lang='lat' dir='ltr'><strong>Puer</strong></span> <span class='ocrx_word' id='word_1_902' title='bbox 3157 4796 3309 4842; x_wconf 86' lang='lat' dir='ltr'><strong>natus</strong></span> <span class='ocrx_word' id='word_1_903' title='bbox 3327 4798 3402 4841; x_wconf 83' lang='lat' dir='ltr'><strong>est</strong></span> <span class='ocrx_word' id='word_1_904' title='bbox 3430 4804 3529 4842; x_wconf 82' lang='lat' dir='ltr'><strong>no-</strong></span> 
     </span>
    </p>
   </div>
   <div class='ocr_carea' id='block_1_110' title="bbox 1931 4877 3527 4949">
    <p class='ocr_par' dir='ltr' id='par_1_110' title="bbox 1931 4877 3527 4949">
     <span class='ocr_line' id='line_1_111' title="bbox 1931 4877 3527 4949; baseline 0 -17"><span class='ocrx_word' id='word_1_905' title='bbox 1931 4880 2026 4946; x_wconf 88' lang='lat' dir='ltr'><strong>bis,</strong></span> <span class='ocrx_word' id='word_1_906' title='bbox 2056 4889 2104 4933; x_wconf 91' lang='lat' dir='ltr'><strong>et</strong></span> <span class='ocrx_word' id='word_1_907' title='bbox 2130 4881 2270 4949; x_wconf 80' lang='lat' dir='ltr'><strong>[ilius</strong></span> <span class='ocrx_word' id='word_1_908' title='bbox 2300 4878 2450 4933; x_wconf 68' lang='lat' dir='ltr'><strong>datus</strong></span> <span class='ocrx_word' id='word_1_909' title='bbox 2487 4887 2558 4933; x_wconf 86' lang='lat' dir='ltr'><strong>est</strong></span> <span class='ocrx_word' id='word_1_910' title='bbox 2601 4878 2746 4932; x_wconf 85' lang='lat' dir='ltr'><strong>nobis</strong></span> <span class='ocrx_word' id='word_1_911' title='bbox 2764 4918 2780 4943; x_wconf 95' lang='lat'><strong>,</strong></span> <span class='ocrx_word' id='word_1_912' title='bbox 2818 4886 2866 4932; x_wconf 87' lang='lat' dir='ltr'><strong>et</strong></span> <span class='ocrx_word' id='word_1_913' title='bbox 2907 4877 3166 4933; x_wconf 75' lang='lat' dir='ltr'><strong>vocabitur</strong></span> <span class='ocrx_word' id='word_1_914' title='bbox 3187 4893 3372 4932; x_wconf 76' lang='lat' dir='ltr'><strong>nomen</strong></span> <span class='ocrx_word' id='word_1_915' title='bbox 3396 4878 3527 4948; x_wconf 79' lang='lat' dir='ltr'><strong>ejus,</strong></span> 
     </span>
    </p>
   </div>
   <div class='ocr_carea' id='block_1_111' title="bbox 1932 4953 3526 5045">
    <p class='ocr_par' dir='ltr' id='par_1_111' title="bbox 1932 4953 3526 5045">
     <span class='ocr_line' id='line_1_112' title="bbox 1932 4953 3526 5045; baseline 0 -22"><span class='ocrx_word' id='word_1_916' title='bbox 1932 4971 2105 5042; x_wconf 85' lang='lat' dir='ltr'><strong>magni</strong></span> <span class='ocrx_word' id='word_1_917' title='bbox 2131 4971 2331 5024; x_wconf 86' lang='lat' dir='ltr'><strong>consilii</strong></span> <span class='ocrx_word' id='word_1_918' title='bbox 2355 4971 2589 5042; x_wconf 85' lang='lat' dir='ltr'><strong>angelus,</strong></span> <span class='ocrx_word' id='word_1_919' title='bbox 2617 4967 2761 5023; x_wconf 87' lang='lat' dir='ltr'><strong>Deus</strong></span> <span class='ocrx_word' id='word_1_920' title='bbox 2795 4953 2974 5045; x_wconf 80' lang='lat' dir='ltr'><strong>fortis,</strong></span> <span class='ocrx_word' id='word_1_921' title='bbox 3006 4979 3184 5042; x_wconf 79' lang='lat' dir='ltr'><strong>potens</strong></span> <span class='ocrx_word' id='word_1_922' title='bbox 3210 4971 3230 5042; x_wconf 90' lang='lat'><strong>(</strong></span> <span class='ocrx_word' id='word_1_923' title='bbox 3256 4967 3438 5024; x_wconf 82' lang='lat' dir='ltr'><strong>Hesai.</strong></span> <span class='ocrx_word' id='word_1_924' title='bbox 3469 4969 3526 5025; x_wconf 84' lang='lat'><strong>9.</strong></span> 
     </span>
    </p>
   </div>
   <div class='ocr_carea' id='block_1_112' title="bbox 1932 5059 3526 5139">
    <p class='ocr_par' dir='ltr' id='par_1_112' title="bbox 1932 5059 3526 5139">
     <span class='ocr_line' id='line_1_113' title="bbox 1932 5059 3526 5139; baseline 0.001 -24"><span class='ocrx_word' id='word_1_925' title='bbox 1932 5059 2013 5132; x_wconf 88' lang='lat'><strong>6).</strong></span> <span class='ocrx_word' id='word_1_926' title='bbox 2043 5061 2423 5116; x_wconf 82' lang='lat' dir='ltr'><strong>Animadverte</strong></span> <span class='ocrx_word' id='word_1_927' title='bbox 2452 5059 2582 5114; x_wconf 87' lang='lat' dir='ltr'><strong>mihi</strong></span> <span class='ocrx_word' id='word_1_928' title='bbox 2613 5059 2996 5139; x_wconf 76' lang='lat' dir='ltr'><strong>prophetarum</strong></span> <span class='ocrx_word' id='word_1_929' title='bbox 3023 5059 3385 5130; x_wconf 89' lang='lat' dir='ltr'><strong>prudentiam,</strong></span> <span class='ocrx_word' id='word_1_930' title='bbox 3410 5061 3526 5132; x_wconf 87' lang='lat' dir='ltr'><strong>spi-</strong></span> 
     </span>
    </p>
   </div>
   <div class='ocr_carea' id='block_1_113' title="bbox 1932 5151 3525 5223">
    <p class='ocr_par' dir='ltr' id='par_1_113' title="bbox 1932 5151 3525 5223">
     <span class='ocr_line' id='line_1_114' title="bbox 1932 5151 3525 5223; baseline 0.001 -14"><span class='ocrx_word' id='word_1_931' title='bbox 1932 5154 2287 5223; x_wconf 89' lang='lat' dir='ltr'><strong>ritualemque</strong></span> <span class='ocrx_word' id='word_1_932' title='bbox 2315 5153 2653 5223; x_wconf 87' lang='lat' dir='ltr'><strong>sapientiam.</strong></span> <span class='ocrx_word' id='word_1_933' title='bbox 2675 5151 2820 5207; x_wconf 79' lang='lat' dir='ltr'><strong>Nam</strong></span> <span class='ocrx_word' id='word_1_934' title='bbox 2839 5167 2907 5207; x_wconf 88' lang='lat' dir='ltr'><strong>ue</strong></span> <span class='ocrx_word' id='word_1_935' title='bbox 2941 5152 3258 5223; x_wconf 87' lang='lat' dir='ltr'><strong>simpliciter</strong></span> <span class='ocrx_word' id='word_1_936' title='bbox 3281 5153 3525 5210; x_wconf 84' lang='lat' dir='ltr'><strong>dicentes</strong></span> 
     </span>
    </p>
   </div>
   <div class='ocr_carea' id='block_1_114' title="bbox 1931 5242 3524 5314">
    <p class='ocr_par' dir='ltr' id='par_1_114' title="bbox 1931 5242 3524 5314">
     <span class='ocr_line' id='line_1_115' title="bbox 1931 5242 3524 5314; baseline 0.001 -16"><span class='ocrx_word' id='word_1_937' title='bbox 1931 5243 2129 5310; x_wconf 89' lang='lat' dir='ltr'><strong>Deum,</strong></span> <span class='ocrx_word' id='word_1_938' title='bbox 2152 5243 2220 5300; x_wconf 86' lang='lat' dir='ltr'><strong>de</strong></span> <span class='ocrx_word' id='word_1_939' title='bbox 2245 5242 2406 5299; x_wconf 79' lang='lat' dir='ltr'><strong>Patre</strong></span> <span class='ocrx_word' id='word_1_940' title='bbox 2435 5243 2582 5314; x_wconf 89' lang='lat' dir='ltr'><strong>loqui</strong></span> <span class='ocrx_word' id='word_1_941' title='bbox 2611 5251 2955 5314; x_wconf 89' lang='lat' dir='ltr'><strong>putarentur,</strong></span> <span class='ocrx_word' id='word_1_942' title='bbox 2983 5245 3344 5300; x_wconf 65' lang='lat' dir='ltr'><strong>monomiam</strong></span> <span class='ocrx_word' id='word_1_943' title='bbox 3361 5287 3387 5311; x_wconf 19' lang='grc' dir='ltr'><strong>,Α</strong></span> <span class='ocrx_word' id='word_1_944' title='bbox 3406 5246 3446 5299; x_wconf 91' lang='lat' dir='ltr'><strong>i.</strong></span> <span class='ocrx_word' id='word_1_945' title='bbox 3473 5261 3524 5301; x_wconf 86' lang='lat' dir='ltr'><strong>e.</strong></span> 
     </span>
    </p>
   </div>
   <div class='ocr_carea' id='block_1_115' title="bbox 1935 5335 3526 5408">
    <p class='ocr_par' dir='ltr' id='par_1_115' title="bbox 1935 5335 3526 5408">
     <span class='ocr_line' id='line_1_116' title="bbox 1935 5335 3526 5408; baseline 0.002 -19"><span class='ocrx_word' id='word_1_946' title='bbox 1935 5335 2355 5390; x_wconf 89' lang='lat' dir='ltr'><strong>incarnationem</strong></span> <span class='ocrx_word' id='word_1_947' title='bbox 2375 5376 2391 5401; x_wconf 89' lang='lat'><strong>,</strong></span> <span class='ocrx_word' id='word_1_948' title='bbox 2425 5335 2572 5405; x_wconf 91' lang='lat' dir='ltr'><strong>prius</strong></span> <span class='ocrx_word' id='word_1_949' title='bbox 2609 5343 3104 5392; x_wconf 88' lang='lat' dir='ltr'><strong>commemorarunt</strong></span> <span class='ocrx_word' id='word_1_950' title='bbox 3130 5351 3144 5388; x_wconf 93' lang='lat'><strong>:</strong></span> <span class='ocrx_word' id='word_1_951' title='bbox 3176 5350 3351 5408; x_wconf 83' lang='lat' dir='ltr'><strong>neque</strong></span> <span class='ocrx_word' id='word_1_952' title='bbox 3379 5337 3526 5392; x_wconf 89' lang='lat' dir='ltr'><strong>enim</strong></span> 
     </span>
    </p>
   </div>
   <div class='ocr_carea' id='block_1_116' title="bbox 1928 5427 3532 5512">
    <p class='ocr_par' dir='ltr' id='par_1_116' title="bbox 1928 5427 3532 5512">
     <span class='ocr_line' id='line_1_117' title="bbox 1928 5427 3532 5512; baseline 0.001 -28"><span class='ocrx_word' id='word_1_953' title='bbox 1928 5427 2181 5484; x_wconf 63' lang='lat' dir='ltr'><strong>Patende</strong></span> <span class='ocrx_word' id='word_1_954' title='bbox 2209 5429 2427 5512; x_wconf 74' lang='lat' dir='ltr'><strong>Virgine</strong></span> <span class='ocrx_word' id='word_1_955' title='bbox 2459 5437 2616 5483; x_wconf 86' lang='lat' dir='ltr'><strong>natus</strong></span> <span class='ocrx_word' id='word_1_956' title='bbox 2645 5436 2728 5484; x_wconf 90' lang='lat' dir='ltr'><strong>est</strong></span> <span class='ocrx_word' id='word_1_957' title='bbox 2746 5468 2765 5495; x_wconf 94' lang='lat'><strong>,</strong></span> <span class='ocrx_word' id='word_1_958' title='bbox 2809 5443 2986 5512; x_wconf 81' lang='lat' dir='ltr'><strong>neque</strong></span> <span class='ocrx_word' id='word_1_959' title='bbox 3010 5443 3144 5498; x_wconf 90' lang='lat' dir='ltr'><strong>puer</strong></span> <span class='ocrx_word' id='word_1_960' title='bbox 3170 5427 3291 5484; x_wconf 78' lang='lat' dir='ltr'><strong>fuit.</strong></span> <span class='ocrx_word' id='word_1_961' title='bbox 3320 5429 3532 5486; x_wconf 79' lang='lat' dir='ltr'><strong>Rursus</strong></span> 
     </span>
    </p>
   </div>
   <div class='ocr_carea' id='block_1_117' title="bbox 1931 5511 3528 5592">
    <p class='ocr_par' dir='ltr' id='par_1_117' title="bbox 1931 5511 3528 5592">
     <span class='ocr_line' id='line_1_118' title="bbox 1931 5511 3528 5592; baseline -0.001 -17"><span class='ocrx_word' id='word_1_962' title='bbox 1931 5521 2068 5576; x_wconf 90' lang='lat' dir='ltr'><strong>alter</strong></span> <span class='ocrx_word' id='word_1_963' title='bbox 2094 5519 2353 5590; x_wconf 86' lang='lat' dir='ltr'><strong>propheta</strong></span> <span class='ocrx_word' id='word_1_964' title='bbox 2378 5511 2457 5576; x_wconf 85' lang='lat' dir='ltr'><strong>sic</strong></span> <span class='ocrx_word' id='word_1_965' title='bbox 2470 5517 2550 5576; x_wconf 67' lang='lat' dir='ltr'><strong>~de</strong></span> <span class='ocrx_word' id='word_1_966' title='bbox 2579 5521 2694 5592; x_wconf 88' lang='lat' dir='ltr'><strong>ipso</strong></span> <span class='ocrx_word' id='word_1_967' title='bbox 2723 5511 2998 5590; x_wconf 86' lang='lat' dir='ltr'><strong>loquitur:</strong></span> <span class='ocrx_word' id='word_1_968' title='bbox 3033 5518 3134 5575; x_wconf 83' lang='lat' dir='ltr'><strong>Hie</strong></span> <span class='ocrx_word' id='word_1_969' title='bbox 3155 5519 3298 5576; x_wconf 84' lang='lat' dir='ltr'><strong>Deus</strong></span> <span class='ocrx_word' id='word_1_970' title='bbox 3327 5527 3528 5583; x_wconf 85' lang='lat' dir='ltr'><strong>noster,</strong></span> 
     </span>
    </p>
   </div>
   <div class='ocr_carea' id='block_1_118' title="bbox 1929 5610 3525 5685">
    <p class='ocr_par' dir='ltr' id='par_1_118' title="bbox 1929 5610 3525 5685">
     <span class='ocr_line' id='line_1_119' title="bbox 1929 5610 3525 5685; baseline 0 -18"><span class='ocrx_word' id='word_1_971' title='bbox 1929 5629 2031 5667; x_wconf 87' lang='lat' dir='ltr'><strong>non</strong></span> <span class='ocrx_word' id='word_1_972' title='bbox 2056 5612 2387 5666; x_wconf 67' lang='lat' dir='ltr'><strong>cstimabitur</strong></span> <span class='ocrx_word' id='word_1_973' title='bbox 2418 5610 2552 5666; x_wconf 81' lang='lat' dir='ltr'><strong>alius</strong></span> <span class='ocrx_word' id='word_1_974' title='bbox 2579 5610 2821 5666; x_wconf 71' lang='lat' dir='ltr'><strong>aduersu</strong></span> <span class='ocrx_word' id='word_1_975' title='bbox 2847 5628 2965 5667; x_wconf 82' lang='lat' dir='ltr'><strong>eum</strong></span> <span class='ocrx_word' id='word_1_976' title='bbox 3002 5610 3023 5685; x_wconf 89' lang='lat'><strong>(</strong></span> <span class='ocrx_word' id='word_1_977' title='bbox 3044 5610 3171 5668; x_wconf 87' lang='lat' dir='ltr'><strong>Bar.</strong></span> <span class='ocrx_word' id='word_1_978' title='bbox 3191 5612 3254 5669; x_wconf 78' lang='grc'><strong>’5.</strong></span> <span class='ocrx_word' id='word_1_979' title='bbox 3283 5612 3354 5670; x_wconf 76' lang='grc'><strong>56</strong></span> <span class='ocrx_word' id='word_1_980' title='bbox 3372 5611 3416 5684; x_wconf 88' lang='grc'><strong>).</strong></span> <span class='ocrx_word' id='word_1_981' title='bbox 3449 5613 3525 5667; x_wconf 79' lang='lat' dir='ltr'><strong>De</strong></span> 
     </span>
    </p>
   </div>
   <div class='ocr_carea' id='block_1_119' title="bbox 1930 5700 3526 5776">
    <p class='ocr_par' dir='ltr' id='par_1_119' title="bbox 1930 5700 3526 5776">
     <span class='ocr_line' id='line_1_120' title="bbox 1930 5700 3526 5776; baseline 0.001 -17"><span class='ocrx_word' id='word_1_982' title='bbox 1930 5717 2162 5774; x_wconf 85' lang='lat' dir='ltr'><strong>quonam</strong></span> <span class='ocrx_word' id='word_1_983' title='bbox 2205 5701 2323 5758; x_wconf 65' lang='lat' dir='ltr'><strong>haec</strong></span> <span class='ocrx_word' id='word_1_984' title='bbox 2363 5702 2474 5759; x_wconf 71' lang='lat' dir='ltr'><strong>ait?</strong></span> <span class='ocrx_word' id='word_1_985' title='bbox 2505 5700 2643 5759; x_wconf 84' lang='lat' dir='ltr'><strong>Num</strong></span> <span class='ocrx_word' id='word_1_986' title='bbox 2671 5701 2742 5760; x_wconf 91' lang='lat' dir='ltr'><strong>de</strong></span> <span class='ocrx_word' id='word_1_987' title='bbox 2766 5703 2967 5761; x_wconf 79' lang='lat' dir='ltr'><strong>Patre?</strong></span> <span class='ocrx_word' id='word_1_988' title='bbox 2991 5703 3359 5776; x_wconf 81' lang='lat' dir='ltr'><strong>Nequaquam.</strong></span> <span class='ocrx_word' id='word_1_989' title='bbox 3388 5704 3526 5761; x_wconf 76' lang='lat' dir='ltr'><strong>Audi</strong></span> 
     </span>
    </p>
   </div>
   <div class='ocr_carea' id='block_1_120' title="bbox 1929 5792 3529 5868">
    <p class='ocr_par' dir='ltr' id='par_1_120' title="bbox 1929 5792 3529 5868">
     <span class='ocr_line' id='line_1_121' title="bbox 1929 5792 3529 5868; baseline -0.001 -15"><span class='ocrx_word' id='word_1_990' title='bbox 1929 5795 2073 5853; x_wconf 90' lang='lat' dir='ltr'><strong>enim</strong></span> <span class='ocrx_word' id='word_1_991' title='bbox 2099 5810 2206 5867; x_wconf 89' lang='lat' dir='ltr'><strong>quo</strong></span> <span class='ocrx_word' id='word_1_992' title='bbox 2233 5803 2390 5867; x_wconf 87' lang='lat' dir='ltr'><strong>pacto</strong></span> <span class='ocrx_word' id='word_1_993' title='bbox 2423 5803 2478 5852; x_wconf 88' lang='lat' dir='ltr'><strong>et</strong></span> <span class='ocrx_word' id='word_1_994' title='bbox 2520 5794 2636 5868; x_wconf 84' lang='lat' dir='ltr'><strong>ipse</strong></span> <span class='ocrx_word' id='word_1_995' title='bbox 2671 5792 3029 5853; x_wconf 66' lang='lat' dir='ltr'><strong>monomiam</strong></span> <span class='ocrx_word' id='word_1_996' title='bbox 3065 5804 3332 5854; x_wconf 81' lang='lat' dir='ltr'><strong>memoret</strong></span> <span class='ocrx_word' id='word_1_997' title='bbox 3353 5810 3374 5853; x_wconf 89' lang='lat'><strong>:</strong></span> <span class='ocrx_word' id='word_1_998' title='bbox 3399 5808 3529 5852; x_wconf 79' lang='lat' dir='ltr'><strong>eum</strong></span> 
     </span>
    </p>
   </div>
  </div>
