4186 6326
692 382 799 436 759

701 497 840 551 enim
869 490 1112 545 dixisset.
1148 488 1244 541 llic
1275 485 1407 539 Dens
1436 494 1621 541 noster,
1655 498 1753 533 non
1795 475 2126 531 (estimabitnr
2153 472 2284 522 alius

701 587 937 637 adversus
965 599 1096 643 eum,
1130 580 1195 632 ita
1228 577 1416 646 pergit,
1449 574 1647 627 Invenit
1669 585 1865 622 onmem
1892 567 2021 618 viam
2048 561 2286 624 scientia',

702 687 747 729 et
775 674 911 726 dedit
954 688 1062 723 eam
1109 669 1270 722 Jacob
1315 683 1468 738 puero
1509 682 1635 726 suo,
1673 672 1718 715 et
1760 658 1924 713 Israel
1968 656 2147 708 dilecto
2178 669 2289 704 suo.

705 765 835 818 Post
862 765 967 815 haec
995 763 1046 812 in
1077 760 1222 814 terris
1251 759 1384 811 visus
1413 766 1485 808 est
1511 798 1525 819 ,
1555 764 1602 806 et
1627 769 1741 805 cum
1769 743 2054 802 hominibus
2090 758 2297 797 conver-

705 844 844 909 satus
873 861 944 906 est
975 850 1200 924 (Baruch
1229 846 1385 902 5.57.
1405 841 1736 913 58).Paulus
1754 854 1881 892 vero
1932 855 1947 891 ε
1997 833 2083 888 E1:
2119 833 2297 902 quibus

707 945 934 998 Christus
961 939 1234 994 secundum
1264 952 1466 989 carnem
1487 975 1502 1000 ,
1543 933 1628 1001 qui
1663 940 1734 984 est
1775 944 1924 997 super
1963 925 2131 977 omnia
2161 921 2299 975 Deus

710 1034 996 1087 benedictus
1023 1033 1072 1082 in
1103 1027 1324 1093 sa'cula,
1356 1042 1501 1078 amen
1535 1025 1551 1092 (
1583 1024 1731 1077 Rom.
1761 1020 1813 1075 9.
1843 1018 1914 1088 5)
1941 1035 1952 1070 :
1982 1025 2037 1070 ct
2067 1028 2294 1073 rursum,

715 1113 1217 1191 Umnisfomicctor,
1264 1127 1353 1169 aut
1387 1131 1578 1168 avarus
1609 1129 1709 1165 non
1751 1109 1947 1163 habebit
1977 1105 2302 1158 hereditatem

713 1220 762 1268 in
793 1232 944 1284 regno
970 1212 1158 1268 Christi
1183 1220 1229 1264 et
1266 1210 1356 1262 Dei
1383 1210 1400 1280 (
1426 1208 1613 1276 Ephcs.
1645 1207 1697 1258 5.
1724 1202 1829 1272 5):
1857 1203 2171 1267 iterumque,
2202 1193 2305 1246 Per

714 1311 982 1361 adventum
1024 1305 1196 1375 magni
1239 1301 1334 1355 Dei
1382 1311 1426 1354 et
1472 1297 1754 1354 Saluatoris
1785 1294 1941 1348 nostri
1968 1291 2091 1343 Jcsn
2121 1285 2306 1340 Christi

701 1387 734 1467 ’(
785 1397 892 1451 Tit.
947 1397 1000 1450 2.
1062 1395 1215 1466 l3).
1249 1394 1482 1448 Joannes
1511 1405 1720 1459 quoque
1757 1389 1835 1441 sic
1877 1385 2115 1438 nominat
2141 1394 2260 1434 eum
2288 1419 2303 1441 ,

715 1506 836 1540 cum
868 1488 1018 1548 dicit,
1052 1485 1119 1539 In
1162 1484 1417 1553 principio
1448 1493 1556 1536 erat
1596 1481 1811 1534 Verbum
1833 1520 1845 1539 ,
1876 1486 1920 1528 et
1959 1473 2174 1527 Verbum
2200 1479 2306 1524 erat

717 1580 855 1649 αριιτι
876 1578 1061 1642 Deum,
1086 1588 1130 1629 et
1159 1575 1298 1629 Deus
1326 1584 1430 1628 erat
1467 1573 1682 1626 Verbum
1711 1568 1886 1640 (Joan.
1922 1567 1971 1620 l.
2003 1564 2075 1634 l).

792 1672 844 1723 5.
874 1669 986 1722 lloc
1019 1668 1208 1732 fateor,
1241 1666 1449 1735 inquies
1472 1707 1486 1732 ,
1516 1661 1608 1716 scd
1638 1661 1763 1714 illud
1801 1657 2022 1712 ostende
2046 1696 2060 1716 ,
2094 1653 2308 1707 ubinam

723 1770 845 1806 cum
876 1754 1034 1807 Patre
1065 1751 1257 1804 Filium
1291 1749 1639 1817 conjungens,
1671 1744 1952 1798 Dominum
1981 1740 2191 1794 Patrem
2214 1751 2308 1804 ap-

727 1848 904 1916 pellet.
941 1847 1048 1914 Ego
1071 1861 1198 1898 vero
1230 1858 1333 1896 non
1355 1829 1416 1895 id
1446 1850 1650 1894 tantum
1675 1835 1978 1897 ostendam,
2007 1831 2098 1885 sed
2127 1830 2311 1892 etiam,

724 1942 865 2012 quod
890 1942 1166 1995 Dominum
1190 1940 1424 2000 Patrem,
1453 1945 1506 1990 et
1535 1933 1814 1988 Dominutu
1842 1928 2034 1982 Filium
2056 1922 2310 1994 appellet,

726 2011 997 2101 etiamque
1029 2032 1238 2085 Patrem
1271 2022 1434 2082 Deum
1465 2035 1516 2079 et
1544 2023 1735 2077 Filium
1769 2021 1953 2081 Deum,
1986 2024 2207 2082 utraque
2239 2011 2315 2064 si-

731 2127 840 2179 tunl
873 2125 1082 2176 nomina
1119 2136 1342 2190 ponens.
1381 2116 1605 2172 Ubinam
1638 2114 1752 2166 hcce
1792 2105 2162 2178 reperiuntur?
2185 2101 2314 2156 Cum

729 2218 928 2273 Juda-is
965 2213 1251 2283 aliquando
1287 2211 1565 2279 disputans
1603 2207 1848 2261 Christus
1877 2202 1986 2254 ait:
2020 2198 2156 2264 Quid
2183 2195 2319 2248 vobis

703 2309 925 2360 ‘ridetnr
946 2307 1006 2358 de
1032 2304 1272 2358 Christo?
1300 2300 1456 2366 Cuius
1485 2298 1622 2366 ﬁlius
1652 2295 1761 2349 est?
1794 2292 1980 2345 Dicunt
2011 2290 2054 2341 ei
2083 2304 2101 2342 :
2129 2285 2315 2339 Dat-id.

738 2398 869 2450 Dicit
895 2399 964 2449 eis
989 2413 1006 2448 :
1041 2394 1304 2460 Quomodo
1345 2407 1462 2460 ergo
1495 2388 1659 2440 David
1701 2387 1751 2438 in
1795 2383 1975 2452 spiritu
2026 2387 2166 2431 vocat
2209 2392 2321 2428 eum

739 2490 1031 2552 Dominum,
1063 2488 1266 2538 dicens:
1301 2483 1438 2535 Dixit
1466 2480 1714 2532 Dominus
1747 2475 1962 2528 Domino
1990 2487 2118 2534 meo,
2151 2468 2266 2521 sede
2293 2483 2323 2517 a

737 2581 927 2633 dextris
955 2579 1077 2631 meis
1110 2575 1330 2646 (Matth.
1376 2573 1467 2624 29..
1509 2570 1578 2623 b9.
1600 2565 1945 2635 -M)?Eccc
1985 2561 2243 2615 Dominus
2271 2566 2325 2610 et

741 2673 1018 2725 Dominus.
1054 2670 1214 2721 Visne
1252 2657 1463 2719 discere
1503 2661 1589 2714 ubi
1617 2660 1830 2714 Patrem
1858 2664 1912 2711 et
1941 2655 2132 2710 Filium
2163 2649 2322 2704 simul

740 2765 937 2833 positos
967 2761 1131 2815 Deum
1160 2756 1213 2813 et
1239 2759 1402 2810 Deum
1433 2753 1625 2808 vocet?
1655 2749 1788 2804 Audi
1819 2747 2131 2818 prophetam
2157 2740 2320 2796 David

739 2866 795 2912 et
821 2855 1118 2925 apostolum
1150 2849 1372 2905 Paulum
1403 2847 1503 2900 hoe
1554 2846 1725 2914 ipsum
1761 2841 1914 2894 nobis
1953 2837 2323 2917 declat-antes:

743 2947 976 3001 Thronus
1001 2955 1114 2996 tuus
1138 2941 1275 2995 Deus
1297 2941 1349 2994 in
1376 2938 1617 2992 swculnm
1643 2934 1834 2998 surculi,
1857 2935 1997 3002 virga
2018 2927 2324 2990 directionis,

719 3029 728 3035 ’
757 3033 903 3100 virga
941 3029 1088 3097 regni
1121 3029 1216 3078 tui.
1248 3023 1780 3092 Dilexistijustitiam
1807 3029 1856 3075 et
1889 3019 2053 3074 odisti
2084 3018 2334 3088 iniquita-

741 3133 879 3175 tem:
906 3129 1182 3188 propterea
1208 3118 1358 3169 unxit
1385 3125 1434 3168 te
1456 3114 1618 3175 Deus,
1657 3114 1794 3165 Deus
1821 3113 1961 3170 tuus.
1987 3110 2100 3163 oleo
2125 3107 2331 3162 lwtitia:

739 3231 850 3284 prie
869 3211 1198 3267 consortibus
1223 3210 1327 3263 tuis
1351 3208 1527 3274 (Psal.
1547 3206 1708 3272 44.7;
1727 3204 1856 3257 Πρὸ.
1879 3205 1928 3256 1.
1953 3203 2007 3256 8.
2031 3202 2107 3271 9).
2131 3199 2334 3253 Paulus

745 3322 966 3360 rursum
1003 3305 1106 3358 hoc
1123 3301 1497 3357 testimonium
1523 3299 1747 3352 adducit
1768 3297 1855 3350 his
1885 3295 2103 3349 verbis:
2132 3292 2212 3347 Ad
2237 3309 2335 3344 an-

744 3400 883 3470 gelos
909 3398 1120 3468 quidem
1143 3395 1308 3447 dicit:
1334 3394 1437 3459 Qui
1457 3393 1585 3461 facit
1610 3369 1980 3460 angelos'suos
2009 3386 2252 3454 spiritus;
2270 3382 2337 3435 ad

741 3491 948 3545 Filium
969 3498 1170 3542 autem:
1190 3488 1432 3541 Thronus
1455 3495 1596 3550 tuus,
1624 3484 1786 3546 Deus,
1803 3484 1856 3534 in
1877 3479 2130 3535 swculum
2150 3478 2337 3532 saeculi

743 3583 931 3652 (Hebr.
968 3583 1019 3635 l.
1068 3582 1099 3634 7
1131 3581 1252 3649 -9).
1291 3580 1410 3646 Qua
1445 3579 1514 3632 de
1549 3591 1716 3631 causa
1757 3569 1868 3636 hic,
1923 3572 2126 3642 inquit,
2170 3570 2337 3624 Deum

754 3673 971 3726 Patrem
994 3671 1231 3725 vocavit.
1257 3668 1454 3722 Filium
1482 3683 1614 3720 vero
1642 3664 1977 3720 Dominum?

827 3757 981 3811 Pauli
1008 3755 1274 3825 prudentia
1310 3755 1361 3806 in
1407 3751 1648 3804 docendo.
1675 3779 1745 3788 ——
1767 3747 1884 3801 Non
1913 3757 2130 3808 temere,
2163 3759 2335 3813 neque

753 3849 947 3901 frustra
979 3847 1029 3899 id
1062 3846 1162 3899 hoc
1189 3845 1308 3898 loco
1337 3842 1492 3905 fecit;
1523 3839 1616 3894 sed
1662 3839 1783 3908 quia
1831 3837 2084 3890 adversus
2110 3834 2336 3904 gentiles

754 3940 943 4008 agebat
972 3938 1192 3991 deorum
1226 3926 1628 4001 multiplicitatis
1670 3928 1857 3982 morbo
1901 3928 2222 3981 laborantes.
2261 3924 2336 3978 Ne

757 4033 934 4099 itaque
977 4029 1074 4098 ipsi
1121 4029 1356 4080 dicerent
1389 4043 1403 4078 :
1440 4024 1572 4077 Dum
1607 4037 1700 4074 nos
1733 4020 1942 4075 incusas
1971 4018 2109 4087 quod
2141 4017 2337 4069 multos

753 4125 884 4178 deos
911 4123 1170 4184 dicamus,
1199 4129 1251 4172 et
1281 4118 1472 4170 multos
1499 4115 1763 4175 dctniuos,
1794 4123 1848 4165 tu
1880 4113 1992 4180 ipse
2019 4108 2203 4163 iisdem
2231 4108 2337 4162 cri-

756 4216 986 4269 minibus
1028 4212 1293 4268 obnoxius
1340 4207 1795 4278 deprehenderis,
1846 4204 1972 4257 dum
2019 4203 2182 4265 deos,
2233 4216 2336 4254 non

756 4311 917 4363 deum
960 4306 1092 4359 dicis
1123 4322 1135 4357 :
1172 4305 1290 4357 ideo
1323 4302 1530 4356 illorum
1580 4297 1872 4352 inﬁrmitati
1918 4309 2036 4348 sese
2076 4302 2338 4373 attepipc-

758 4416 882 4454 rans
925 4399 1149 4462 Filium,
1183 4397 1287 4448 vim
1332 4393 1571 4448 eamdem
1617 4391 1934 4452 habentem,
1979 4389 2084 4441 alio
2124 4386 2341 4440 nomine

760 4493 985 4547 vocavit.
1021 4489 1179 4566 Quod
1201 4498 1374 4541 autem
1401 4485 1526 4540 illud
1559 4486 1626 4538 sit
1659 4500 1861 4545 verum,
1892 4483 1933 4534 si
1967 4482 2140 4536 locum
2183 4479 2341 4532 altius

757 4596 1060 4655 repetamus
1108 4578 1250 4636 clare
1294 4580 1629 4648 intelligetis,
1677 4591 1781 4630 nou
1828 4591 1897 4629 ex
1939 4584 2116 4627 nostra
2147 4573 2341 4642 quippe

760 4679 1064 4745 conjectura
1096 4675 1360 4743 loquimur
1385 4691 1396 4724 :
1430 4672 1506 4724 De
1527 4657 1806 4733 iisgautem,
1835 4684 1947 4739 qua:
1972 4667 2119 4719 idolis
2148 4664 2345 4731 sacri/i-

759 4780 977 4836 cantnr,
1023 4771 1207 4822 scimus
1244 4766 1480 4836 quoniam
1507 4780 1678 4816 omnes
1733 4761 1992 4814 scientiam
2042 4756 2339 4821 habemus‘.

763 4862 987 4916 Scientia
1016 4861 1189 4927 inﬂat,
1221 4859 1407 4911 caritas
1440 4871 1553 4907 vero
1589 4853 1829 4920 aediﬁcat.
1867 4850 1939 4903 De
1982 4850 2104 4902 escis
2133 4859 2298 4900 autem
2324 4885 2340 4913 ,

761 4969 873 5022 qua:
918 4951 1069 5004 idolis
1103 4949 1476 5015 sacriﬁcantur,
1517 4947 1703 4998 scimus
1733 4943 1967 5012 quoniam
1995 4941 2121 4993 nihil
2135 4949 2207 4992 est
2235 4940 2348 4991 ida-

764 5047 868 5095 lum
895 5041 1173 5101 inmundo,
1197 5050 1242 5092 et
1258 5038 1493 5108 quoniam
1515 5035 1684 5088 nullus
1707 5033 1839 5085 Deus
1863 5032 1959 5084 nisi
1984 5048 2110 5083 unus
2130 5032 2203 5101 (Ι.
2224 5010 2341 5081 Cor.

765 5137 818 5188 8.
857 5136 906 5187 t.
938 5135 1017 5200 4).
1055 5131 1214 5185 Vides
1247 5146 1368 5184 eum
1419 5128 1670 5181 adversus
1711 5141 1803 5178 eos
1848 5123 2008 5192 loqui,
2039 5122 2125 5190 qui
2171 5121 2346 5188 plures

763 5229 895 5280 deos
920 5241 1040 5279 esse
1068 5223 1349 5292 putarent?
1372 5221 1510 5275 Nam
1541 5220 1631 5273 ctsi
1657 5227 1772 5271 sunt
1803 5217 1968 5280 multi,
2001 5216 2084 5281 qui
2111 5215 2348 5268 dicuntur

764 5319 855 5382 dii,
906 5327 950 5369 et
997 5317 1186 5383 domini
1214 5314 1378 5375 multi,
1403 5314 1503 5366 sive
1529 5311 1581 5363 in
1611 5310 1758 5371 caelo,
1791 5309 1893 5361 sive
1917 5307 1966 5358 in
1997 5317 2127 5358 terra
2172 5303 2345 5376 (Ibid.

763 5423 811 5462 υ.
854 5405 942 5478 5);
969 5420 1150 5460 rursus
1172 5420 1263 5459 eos
1281 5405 1350 5457 ita
1377 5404 1647 5472 impugnat
1674 5419 1684 5453 :
1714 5399 1780 5454 Ut
1806 5412 1937 5452 certe
1957 5407 2072 5451 sunt
2093 5397 2162 5448 dii
2184 5396 2345 5460 multi,

769 5509 813 5551 ct
843 5499 1036 5551 domini
1063 5499 1247 5561 multi;
1279 5496 1331 5550 id
1363 5504 1462 5559 est,
1491 5495 1579 5564 qui
1616 5495 1692 5548 sic
1717 5493 1987 5554 dicuntur,
2017 5491 2156 5542 nobis
2183 5499 2348 5541 tamen

770 5609 901 5644 unus
924 5591 1059 5645 Deus
1086 5590 1264 5656 Pater,
1290 5605 1352 5643 ex
1377 5605 1472 5657 quo
1493 5587 1661 5641 omnia
1685 5602 1702 5638 :
1724 5595 1769 5638 et
1786 5601 1915 5638 unus
1937 5581 2182 5635 Dominus
2201 5579 2233 5632 J
2239 5596 2350 5632 esus

773 5707 1156 5850 ὺιῇαωῗιεε.
1192 5726 1377 5775 habent
1423 5739 1437 5776 :
1473 5723 1521 5774 Si
1562 5722 1810 5773 scientiam
1855 5721 2114 5780 habemus,
2147 5718 2345 5770 scientia

909 5831 923 5854 1

1417 371 1475 426 S.
1516 366 1790 424 JOANNIS
1828 355 2298 418 CllilYSOS't'Olll
2341 352 2660 411 AﬂClllEl‘.
2704 343 3241 407 CONSTANTlXOP.

3892 332 3997 386 τι)

2403 465 2654 524 Christus,
2685 480 2772 532 per
2801 478 2943 531 quem
2973 459 3161 509 omnia.
3194 455 3316 510 Ideo
3349 451 3472 506 illud
3500 451 3678 509 etiam,
3715 463 3869 509 unus,
3901 445 3996 498 ad-

2397 559 2523 625 jerit
2571 574 2635 607 ne
2679 568 2887 607 rursum
2935 551 3007 602 illi
3056 545 3499 614 tttltlll['tllt'll:\lCltl
3545 541 3768 594 deorum
3815 536 3997 590 induci

2406 655 2686 716 ιἰιιιτιτριιιε
2718 657 2986 710 unumque
3038 641 3202 692 Deum
3247 636 3465 705 Patrem
3509 631 3748 693 vocavit,
3792 643 3899 680 non
3945 637 4002 678 ut

2405 740 2617 806 ejiceret
2647 735 2835 787 Filium
2864 748 2891 785 a
2924 731 3122 785 deitate
3155 746 3168 793 ;
3199 729 3333 782 sicut
3356 735 3408 779 et
3442 724 3626 777 Filium
3655 763 3669 784 ,
3701 735 3867 772 unum
3892 706 4000 769 ob-

2407 829 2628 893 minum,
2657 843 2760 879 non
2791 834 2847 878 ut
2874 825 3092 894 ejic‘eret
3122 821 3329 874 Patrem
3359 833 3386 869 a
3410 813 3796 874 dominatione,
3819 807 3913 862 sed
3948 815 4005 859 ut

2408 923 2617 976 illorum
2653 920 3014 973 infirmitatem
3043 913 3373 974 emendaret,
3399 909 3707 975 nullamque
3738 905 3844 956 illis
3867 917 3996 968 pra}.

2409 1013 2559 1066 heret
2599 1025 2802 1062 ansam.
2846 1007 2998 1074 Quod
3047 1006 3217 1074 ipsum
3251 1004 3300 1054 in
3339 1015 3496 1054 causa
3529 997 3628 1050 fuit
3655 1011 3751 1048 cur
3779 991 4002 1056 .ludzeis,

2411 1121 2516 1156 non
2562 1103 2705 1156 clare
2747 1110 2800 1153 et
2843 1098 3149 1161 manifeste,
3182 1094 3276 1149 sed
3313 1093 3538 1146 obscure
3578 1100 3807 1155 raroque
3834 1081 4006 1137 Filius

2412 1195 2502 1248 Dei
2550 1210 2579 1247 a
2627 1192 2899 1261 prophetis
2931 1188 3339 1258 signiﬁcaretur.
3369 1183 3500 1236 Cum
3539 1179 3681 1232 enim
3728 1189 3901 1243 nuper
3937 1170 4008 1224 ab

2412 1301 2595 1340 errore
2625 1285 2850 1352 plurium
2880 1281 3102 1334 deorum
3127 1276 3342 1331 abducti
3372 1279 3571 1334 essent,
3598 1270 3640 1321 si
3675 1280 3887 1320 rursum
3910 1278 4010 1316 au-

2412 1379 2638 1438 dissent,
2658 1375 2816 1429 deum
2841 1384 2894 1427 et
2916 1373 3095 1434 deum,
3120 1382 3305 1422 rursus
3329 1367 3378 1417 in
3402 1363 3647 1418 eumdem
3664 1359 4011 1417 rccidissent,

2415 1470 2678 1539 tuqrbnm.
2709 1466 2836 1521 ldeo
2868 1464 3178 1533 frequenter
3208 1458 3484 1530 propheta:
3521 1453 3725 1513 dicunt,
3767 1448 3911 1504 Unus
3940 1453 4015 1497 est

2418 1537 2573 1624 Deus,
2605 1570 2649 1611 et
2681 1567 2860 1628 pra‘tcr
2883 1573 2995 1609 eum
3026 1553 3195 1606 nullus
3225 1560 3295 1604 cst
3320 1548 3494 1617 (Deut.
3521 1547 3574 1600 4.
3599 1544 3686 1597 55.
3718 1540 3894 1593 Ilesai.
3917 1537 4015 1590 45.

2417 1655 2470 1708 5.
2494 1653 2609 1720 21).
2630 1651 2744 1705 Non
2771 1648 2912 1718 qttod
2938 1646 3130 1701 Filium
3164 1649 3387 1712 negent;
3413 1637 3572 1702 absit,
3599 1633 3691 1690 sed
3715 1643 3771 1686 ut
3793 1631 4020 1685 illorum

2419 1744 2780 1799 inﬁrmitatem
2810 1747 3083 1801 curarent,
3117 1737 3353 1804 ipsisque
3383 1730 3596 1784 interim
3620 1725 3934 1785 suaderent,
3962 1727 4026 1772 ut

2419 1853 2447 1890 a
2478 1836 2762 1890 multorum
2796 1848 2893 1887 nec
2920 1845 3046 1885 vere
3081 1826 3454 1882 exsisteutium
3497 1823 3720 1874 deorum
3761 1813 4024 1883 opinione

2420 1929 2766 1983 absisterent.
2798 1925 2930 1979 Cum
2962 1923 3120 1992 igitur
3143 1918 3355 1978 audies,
3385 1930 3517 1967 unus
3542 1921 3595 1965 et
3622 1909 3794 1962 nullus
3815 1948 3828 1970 ,
3858 1915 3912 1959 et
3942 1904 4025 1957 si-

2423 2022 2588 2084 milia,
2621 2035 2688 2073 ne
2718 2017 2994 2072 Trinitatis
3012 2013 3233 2084 gloriam
3266 2010 3506 2067 minutas,
3555 2003 3647 2057 sed
3687 2007 3892 2069 quanto
3940 1996 4030 2048 in-

2424 2113 2646 2169 tervallo
2669 2127 2696 2164 a
2725 2119 2966 2164 creatura
3012 2107 3172 2160 distet
3217 2103 3340 2156 hinc
3387 2097 3614 2154 ediscas.
3647 2091 3860 2146 Etenim
3891 2088 4029 2140 alibi

2417 2195 2633 2275 quoque
2658 2182 2784 2255 dicit
2816 2219 2828 2255 :
2865 2200 2988 2264 Quis
3017 2197 3148 2249 enim
3174 2194 3309 2245 novit
3335 2204 3535 2244 sensum
3565 2184 3772 2237 Domini
3799 2181 3814 2249 (
3837 2176 4028 2232 "esui.

2425 2299 2633 2354 40.15.
2680 2294 2832 2348 Rom.
2861 2293 2951 2346 11.
2988 2287 3138 2361 54)⁶ἶ
3174 2283 3323 2354 Quod
3364 2290 3540 2335 autem
3585 2293 3650 2330 ne
3673 2275 3760 2328 hic
3806 2286 4033 2342 quoque

2426 2395 2618 2450 Filium
2646 2392 2726 2445 vel
2750 2389 3001 2458 Spiritum
3034 2393 3274 2440 sanctum
3302 2381 3368 2434 ab
3397 2379 3483 2432 illa
3513 2370 4035 2444 cognitioneexclu-

2428 2486 2538 2550 dat,
2566 2485 2674 2553 jam
2706 2496 2863 2550 supra
2894 2480 3316 2532 demonstratum
3348 2479 3466 2534 est,
3500 2465 3711 2538 quando
3741 2464 3841 2516 hoc
3873 2461 4036 2514 testi-

2427 2577 2666 2631 monium
2694 2572 3010 2626 adduximus
3043 2587 3054 2622 ε
3094 2567 3217 2634 Quis
3245 2565 3377 2618 enim
3402 2562 3534 2614 novit
3565 2573 3677 2627 qlia:
3703 2565 3818 2608 sunt
3853 2554 4036 2606 Itami-

2430 2672 2537 2734 nis,
2571 2668 2667 2721 nisi
2695 2667 2901 2737 spiritus
2942 2650 3192 2724 hominis,
3226 2659 3309 2728 qui
3337 2665 3409 2708 e:t
3447 2655 3496 2706 in
3538 2651 3691 2720 ipso?
3732 2648 3815 2701 Ita
3841 2658 3886 2700 et
3913 2661 4038 2715 qua:

2433 2761 2525 2816 Dei
2553 2767 2667 2816 sunt
2698 2758 2869 2812 nullus
2894 2755 3141 2825 cognorit,
3171 2753 3266 2804 nisi
3295 2748 3519 2817 Spiritus
3563 2743 3660 2796 Dei
3703 2742 3789 2809 (l.
3819 2741 3938 2793 Cor.
3968 2739 4035 2791 9..

2433 2851 2522 2924 Η)
2549 2868 2563 2906 ;
2592 2866 2654 2905 ac
2684 2863 2894 2903 rursum
2928 2846 3093 2900 Filius
3118 2843 3193 2894 ait
3223 2860 3234 2893 :
3270 2838 3436 2892 Nemo
3481 2835 3613 2888 not-it
3653 2831 3838 2884 Filium
3864 2869 3881 2894 ,
3929 2829 4040 2880 nisi

2435 2947 2589 3000 Pater
2617 2961 2636 2999 .'
2663 2959 2818 3012 neque
2846 2940 3049 2993 Patrem
3077 2938 3188 3006 quis
3217 2934 3350 2988 norit
3370 2974 3384 2996 ,
3413 2931 3512 2983 nisi
3541 2928 3711 2981 Filius
3737 2924 3904 2996 (Luc.
3939 2922 4036 2978 10.

2432 3037 2557 3107 92).
2600 3037 2685 3089 Sic
2709 3044 2760 3088 et
2783 3032 2883 3086 ltoc
2908 3032 3027 3084 loco
3050 3046 3063 3081 :
3091 3027 3210 3081 Non
3237 3030 3352 3096 quia
3385 3022 3588 3075 Patrem
3619 3020 3729 3090 quis
3751 3017 3902 3079 vidit,
3931 3014 4043 3067 nisi

2432 3105 2614 3202 quiest
2643 3143 2704 3179 ea:
2733 3124 2838 3177 Deo
2869 3139 2885 3174 :
2913 3123 2992 3174 hic
3025 3121 3144 3202 vidit
3176 3117 3384 3171 Patrem
3414 3113 3596 3183 (Joan.
3625 3110 3818 3186 6.}6).
3853 3105 4038 3161 Simul

2434 3201 2575 3275 enim
2606 3228 2660 3273 et
2685 3216 2918 3286 perfecte
2950 3201 3316 3271 illum'nosse,
3358 3215 3413 3261 et
3455 3217 3672 3259 causam
3705 3215 3800 3254 cur
3826 3212 4040 3266 cogno-

2435 3321 2570 3377 scat,
2601 3310 2837 3379 apponit.
2866 3306 3119 3374 Qumnam
3143 3301 3282 3354 ‘htec
3345 3296 3543 3352 eausa?
3572 3293 3833 3362 Quoniam
3862 3305 3939 3343 ex
3967 3303 4040 3342 eo

2437 3415 2518 3458 est
2550 3421 2563 3456 ἒ
2595 3417 2661 3455 ex
2705 3415 2768 3453 ρο
2799 3408 2976 3452 autem
3005 3409 3125 3450 esse
3156 3405 3371 3446 l'lll‘Sllﬂl
3401 3389 3801 3443 demonstratur
3829 3398 3897 3436 CX
3930 3395 3998 3434 ρο
4019 3421 4037 3442 ,

2436 3493 2578 3564 quod
2608 3493 2780 3560 ipsum
2812 3493 3122 3558 cognoscat.
3155 3484 3359 3538 Idcirco
3384 3488 3560 3534 autem
3596 3477 3740 3532 illum
3766 3474 3910 3528 clare
3937 3488 4041 3524 no-

2437 3589 2531 3648 vit,
2555 3584 2679 3654 quia
2707 3597 2770 3636 ex
2805 3582 2920 3651 ipso
2946 3587 3065 3642 est;
3113 3577 3323 3645 signum
3355 3585 3483 3626 vero
3511 3568 3653 3638 quod
3692 3582 3756 3621 ex
3801 3565 3918 3631 ipso
3967 3563 4043 3616 sit

2439 3653 2583 3731 illud
2609 3687 2727 3741 est,
2771 3671 2914 3742 quod
2961 3671 3104 3724 clare
3146 3673 3434 3735 cognoscat
3477 3663 3671 3731 ipsum.
3722 3653 4042 3712 Substantia

2420 3766 2633 3840 ‘quippe
2660 3765 3010 3822 substantiam
3038 3762 3372 3832 superiorem
3405 3771 3509 3809 non
3548 3751 3717 3822 probe
3749 3764 3908 3802 nosse
3941 3761 4043 3815 po-

2441 3869 2580 3926 test,
2611 3858 2818 3912 etiamsi
2849 3871 3014 3926 parvo
3041 3851 3323 3908 intervallo
3349 3849 3531 3902 distet.
3558 3843 3694 3898 Audi
3733 3841 3872 3895 enim
3905 3840 4043 3909 quid

2441 3955 2508 4010 de
2540 3953 2742 4022 angelis
2773 3950 3027 4021 propheta
3062 3946 3224 4008 dicat,
3260 3941 3522 4008 simulque
3557 3937 3625 3991 de
3664 3935 3891 3987 lmmana
3938 3947 4043 3985 na-

2442 4056 2596 4109 tura,
2645 4041 2784 4111 quod
2831 4039 3098 4093 modicum
3149 4036 3216 4088 sit
3262 4034 3400 4085 inter
3449 4039 3731 4094 utramque
3788 4030 4042 4076 naturam

2442 4136 2754 4189 discrimen.
2798 4131 2927 4186 Cum
2974 4129 3116 4182 enim
3164 4125 3405 4188 dixisset,
3435 4119 3571 4184 Quid
3595 4129 3668 4171 est
3699 4116 3868 4179 homo,
3901 4115 4047 4183 quod

2443 4244 2634 4281 menter
2671 4243 2721 4278 es
2770 4225 2917 4294 ejus?
2967 4231 3052 4273 ant
3099 4220 3234 4286 ﬁlius
3284 4214 3538 4277 hominis,
3567 4211 3804 4280 quoniam
3832 4217 4044 4275 reputas

2444 4336 2554 4372 cum
2582 4317 2750 4384 (Psal.
2781 4317 2833 4368 8.
2865 4315 2916 4368 5.
2946 4313 3034 4380 6)?
3064 4309 3257 4377 adjecit
3286 4325 3299 4359 :
3335 4305 3563 4358 illinuisti
3600 4317 3712 4353 cum
3755 4296 3908 4366 paulo
3939 4299 4042 4346 mi-

2445 4429 2540 4465 nus
2566 4411 2625 4462 ab
2656 4407 2866 4478 angelis.
2896 4407 3141 4458 Attamen
3178 4402 3303 4454 licet
3333 4396 3548 4467 paulum
3576 4394 3643 4446 sit
3671 4386 4001 4443 discriminis
4025 4427 4041 4449 ,

2445 4507 2565 4576 quia
2611 4513 2792 4556 tamen
2832 4497 3043 4565 aliquod
3096 4495 3314 4547 interest
3361 4487 3645 4542 discrimen
3667 4525 3700 4548 ,,
3727 4480 4042 4547 angelorum

2447 4596 2795 4652 substantiam
2829 4607 2931 4644 non
2962 4595 3210 4643 accurate
3256 4583 3525 4642 novimus,
3569 4579 3795 4645 licetque
3842 4572 4046 4626 millies

2449 4689 2910 4762 philosophentur,
2946 4683 3184 4752 reperire
3215 4694 3320 4733 non
3354 4686 3656 4745 possumus.

2519 4783 2571 4837 4.
2605 4780 2724 4834 Νοη
2779 4776 3084 4847 Angelorum
3133 4770 3311 4836 modo,
3371 4765 3478 4820 sed.
3509 4780 3570 4816 ne
3607 4757 4046 4853 animtﬁquidcm

2449 4883 2634 4928 nostra:
2662 4869 2994 4925 substantiam
3044 4865 3291 4919 novimus.
3315 4890 3388 4899 —
3413 4856 3520 4912 Sed
3569 4870 3663 4908 cur
3715 4849 3779 4903 de
3799 4849 3815 4853 ⁷
3837 4849 4046 4916 angelis

2450 4969 2638 5037 loquor
2666 5007 2680 5030 ,
2731 4977 2850 5017 cum
2885 4976 2951 5014 ne
2981 4957 3171 5011 animm
3203 4952 3416 5024 quidem
3447 4957 3642 5014 nostra:
3688 4941 4043 4997 substantiam

2453 5061 2588 5114 bene
2615 5069 2900 5111 noscomus
2924 5095 2937 5117 ,
2973 5053 3079 5104 imo
3109 5063 3237 5102 vero
3263 5040 3597 5098 nullatenus?
3625 5038 3772 5104 Quod
3802 5035 3844 5087 si
3876 5035 3949 5087 illi
3984 5049 4045 5088 se

2454 5165 2612 5203 nosse
2643 5145 2965 5201 contendant
2987 5183 3002 5206 ,
3035 5141 3298 5205 interroga
3324 5150 3443 5204 qua:
3470 5132 3539 5184 sit
3567 5129 3758 5182 animm
3786 5126 4042 5178 substan-

2455 5242 2523 5294 tia
2545 5281 2559 5304 ,
2590 5254 2714 5292 num
2745 5252 2836 5289 aer
2865 5275 2881 5299 ,
2913 5247 3040 5286 num
3070 5229 3306 5299 spiritus,
3329 5241 3394 5277 an
3426 5233 3613 5275 ventus
3637 5260 3652 5282 ,
3706 5232 3772 5269 an
3822 5216 3961 5283 ignis
3983 5215 4042 5265 ‘?

2454 5333 2791 5389 Nihileorum
2820 5327 2996 5380 dicent
3021 5341 3032 5376 :
3066 5323 3178 5374 hcce
3216 5317 3408 5388 quipre
3434 5311 3610 5366 omnia
3638 5321 3864 5376 corpora
3887 5311 4040 5370 sunt,

2455 5426 2542 5480 illa
2573 5439 2700 5477 vero
2729 5422 3058 5487 incorporea.
3095 5412 3323 5480 Angelos
3350 5423 3454 5461 non
3505 5411 3798 5466 noverunt,
3833 5414 3932 5452 nec
3961 5396 4040 5465 ip-

2457 5533 2542 5570 sas
2593 5517 2797 5567 animas
2829 5525 2951 5563 suas
3003 5512 3262 5566 noscnnt,
3302 5501 3487 5552 herum
3529 5505 3706 5548 autem
3765 5490 4039 5544 dominum

2456 5618 2507 5664 et
2537 5615 2831 5663 creatorem
2878 5617 2936 5656 se
2965 5597 3196 5670 perfecte
3250 5608 3410 5648 nosse
3439 5584 3770 5645 contendunt
3810 5603 3822 5638 :
3855 5579 4044 5653 ecquid

2525 5775 2540 5805 ⁸
2577 5773 2738 5828 Deest,
2765 5780 2826 5832 au
2861 5760 3001 5826 ignis,
3027 5762 3071 5809 in
3098 5758 3314 5822 plurimis
3339 5747 3692 5812 manuscriptis.
