4186 6326
185 397 295 457 730

182 512 377 580 ἡμῶν,
423 517 500 569 οὐ
531 512 966 584 ,λογισθήσεται
999 513 1202 582 ἕτερος
1240 514 1392 580 πρὸς
1422 514 1630 573 αὐτὸν,
1663 514 1875 584 ἐπήγα-

180 617 311 668 γεν-
376 601 620 668 Ἐξεῦρε
669 601 877 655 πᾶσαν
914 600 1060 654 ὁδὸν
1089 600 1450 670 ἐπιστήμης,
1499 600 1599 654 καὶ
1652 600 1877 655 ἔδωκεν

176 688 384 755 αὐτὴν
420 688 622 742 Ἰακὼϐ
651 687 731 754 τῷ
763 688 931 744 παιδὶ
962 688 1173 753 αὺτοῦ,
1207 688 1307 742 καὶ
1350 687 1591 755 Ἰσραὴλ
1626 686 1706 752 τῷ
1730 687 1875 757 ⁴ἠγα-

179 777 436 844 πημένῳ
472 777 574 830 ὑπ’
613 776 821 831 αὐτοῦ.
863 775 1027 830 Μετὰ
1064 777 1252 831 ταῦτα
1282 777 1382 830 ἐπὶ
1408 775 1520 844 τῆς
1558 774 1673 845 γῆς
1704 775 1872 844 ὤφθη

179 862 286 915 καὶ
310 863 435 929 τοῖς
459 863 794 932 ἀνθρώποις
818 863 1312 932 συνανεστράρη.
1348 865 1407 917 '0
1438 863 1650 926 Παῦλος
1669 863 1747 929 δὲ,
1777 862 1873 927 Ἐξ

175 941 273 1001 ὧν
307 952 341 1003 ό
367 951 643 1018 Χριστὸς,
674 952 740 1004 τὸ
764 952 916 1004 κατὰ
947 951 1168 1019 σάρκα,
1202 952 1387 1020 φησὶν,
1424 954 1455 1003 ό
1482 949 1570 1003 ῶν
1592 950 1691 1004 ἐπὶ
1723 951 1874 1003 πάν-

179 1053 310 1089 των
338 1037 482 1104 Θεὸς
499 1038 827 1109 εὐλογητὸς
863 1041 951 1105 εἰς
978 1039 1123 1105 τοὺς
1149 1038 1394 1103 αἰῶνας,
1426 1037 1622 1107 ἀμήνο
1649 1039 1745 1091 καὶ
1766 1038 1872 1091 πά-

177 1123 293 1188 λιν,
312 1124 438 1192 Πᾶς
463 1128 689 1196 πόρνος
720 1127 759 1196 ἢ
785 1126 1158 1193 πλεονέκτης
1174 1129 1285 1180 οὐκ
1311 1126 1437 1194 ἔχει
1463 1126 1873 1195 κληρονομίαν

174 1211 255 1265 ἐν
287 1211 366 1280 τῇ
400 1213 690 1280 βασιλείᾳ
717 1213 823 1267 τοῦ
856 1211 1117 1282 Χριστοῦ
1160 1212 1259 1265 καὶ
1307 1212 1457 1265 Θεοῦ
1476 1228 1490 1242 ’
1541 1213 1638 1265 καὶ
1667 1212 1829 1266 πάλιν
1853 1228 1866 1240 ·

176 1301 353 1354 Κατὰ
388 1300 506 1369 τὴν
530 1302 886 1370 ἐπιφάνειαν
922 1300 1031 1354 τοῦ
1059 1292 1330 1370 μεγάλου
1368 1299 1516 1354 Θεοῦ
1546 1299 1645 1353 καί
1673 1296 1871 1368 Σωτῆ-

171 1402 289 1454 ρος
336 1386 507 1457 ἡμῶν
545 1389 740 1456 Ἰησοῦ
790 1388 1072 1457 Χριστοῦ.
1129 1388 1241 1441 Καὶ
1283 1387 1538 1457 Ἰωάννης
1592 1387 1649 1441 δὲ
1695 1386 1869 1451 οὑτως

178 1472 351 1527 αὑτὸν
380 1474 534 1528 καλεῖ
560 1475 764 1544 λέγων’
824 1476 921 1529 Ἐν
952 1473 1113 1544 ἀρχῇ
1143 1471 1223 1543 ἦν
1258 1477 1291 1528 ό
1324 1475 1537 1544 Λόγος,
1568 1472 1669 1528 καὶ
1696 1478 1732 1528 ό
1760 1473 1870 1528 Λό-

176 1577 293 1632 τος
322 1558 399 1631 ἦν
421 1562 572 1631 πρὸς
600 1562 708 1617 τὸν
734 1559 904 1627 Θεὸν,
936 1563 1036 1616 καὶ
1064 1563 1209 1628 Θεὸς
1230 1558 1311 1631 ἦν
1345 1565 1378 1615 ό
1411 1563 1623 1631 Λόγος.

250 1657 325 1719 γ’.
342 1651 467 1714 Ναὶ,
495 1650 661 1721 φησίν
677 1666 688 1679 ·
713 1650 827 1705 ἀλλ’
847 1652 1025 1703 ἐκεῖνο
1043 1647 1237 1714 δεῖξον,
1257 1648 1359 1702 ποῦ
1385 1649 1522 1719 μετὰ
1542 1647 1636 1701 τοῦ
1656 1649 1868 1719 Πατρὸς

174 1735 347 1790 αὑτὸν
368 1738 737 1792 συντάττουσα
769 1740 802 1809 ή
832 1738 1046 1809 Γραφὴ,
1079 1737 1283 1806 Κύριον
1320 1736 1411 1789 τὸν
1441 1735 1664 1806 Πατέρα
1690 1736 1865 1790 καλεῖ.

188 1821 339 1893 Ἐγὼ
379 1824 436 1877 δὲ
474 1826 535 1878 οὑ
566 1824 727 1878 τοῦτο
768 1824 1017 1894 δείκνυμι
1061 1825 1243 1895 μόνον,
1274 1824 1387 1876 ἀλλ’
1416 1823 1497 1877 ὅτι
1537 1824 1631 1875 καὶ
1663 1823 1869 1894 Κύριον

172 1909 273 1965 τὸν
305 1911 523 1983 Πατέρα
560 1912 735 1976 καλεῖ,
778 1912 873 1966 καὶ
904 1912 1111 1983 Κύριον
1159 1912 1252 1964 τὸν
1282 1912 1433 1975 Υἰὸν,
1480 1911 1574 1963 καὶ
1621 1911 1702 1963 ὅτι
1735 1911 1869 1964 Θεὸν

172 1998 273 2052 τὸν
299 2000 521 2071 Πατέρα
559 2002 732 2067 καλεῖ,
764 2000 860 2054 καὶ
906 2000 989 2053 ὅτι
1028 1999 1165 2053 Θεὸν
1209 2000 1301 2053 τὸν
1344 1999 1495 2063 Υίὸν,
1533 1998 1669 2070 ὁμοῦ
1696 1999 1870 2061 τιθεὶς

176 2087 420 2160 ἑκάτερα
442 2090 511 2143 τά
538 2090 801 2160 ὀνόματα.
831 2087 942 2142 Ποῦ
974 2085 1069 2142 οὖν
1101 2089 1266 2142 τοῦτο
1293 2087 1440 2141 ἔστιν
1478 2088 1697 2159 εὑρεῖνς
1738 2088 1866 2140 Δια-

172 2174 471 2247 λεγόμενός
503 2196 634 2232 ποτε
667 2181 780 2241 τοῖς
813 2177 1091 2241 Ἰουδαίοις
1123 2178 1152 2230 ὁ
1182 2178 1417 2249 Χριστός
1433 2194 1563 2248 φησι
1586 2194 1598 2205 ·
1640 2177 1701 2230 Τί
1726 2174 1870 2245 ὑμῖν

171 2264 351 2319 δοκεῖ
374 2266 509 2334 περὶ
535 2265 643 2319 τοῦ
664 2265 960 2334 Χριστοῦ;
990 2265 1158 2330 τίνος
1182 2265 1315 2331 υἱός
1342 2264 1552 2328 ἐστιν;
1590 2267 1654 2318 Οἱ
1684 2263 1751 2317 δὲ
1770 2264 1870 2318 λέ-

169 2371 400 2424 γουσιν
428 2354 588 2420 αὐτῷ
610 2370 628 2387 ο
679 2353 791 2408 Τοῦ
820 2352 1027 2410 Δαυΐδ.
1098 2351 1272 2423 Λέγει
1311 2352 1517 2417 αὐτοῖς
1539 2371 1553 2385 ο
1597 2352 1730 2417 Πῶς
1756 2350 1871 2408 οὖν

168 2442 361 2498 Δαυῒδ
387 2444 459 2496 ἐν
487 2443 781 2511 πνεύματι
803 2443 1026 2513 Κύριον
1051 2441 1240 2495 αὐτὸν
1268 2441 1447 2496 καλεῖ
1458 2440 1655 2511 λέγων
1674 2457 1687 2471 ·
1716 2439 1868 2496 Εἷπε

170 2534 210 2585 ό
234 2533 457 2601 Κύριος
484 2531 565 2597 τῷ
598 2531 795 2601 Κυρίῳ
819 2549 963 2601 μου,
995 2530 1185 2585 κάθου
1205 2532 1273 2585 ἐκ
1299 2529 1517 2595 δεξιῶν
1536 2546 1691 2599 you;
1735 2531 1868 2586 Ἰδοὺ

168 2619 385 2691 Κύριος
419 2620 513 2672 καὶ
543 2619 768 2691 Κύριος.
820 2618 1012 2673 Βούλει
1051 2618 1244 2688 μαθεῖν
1285 2618 1390 2679 ποῦ
1435 2617 1569 2670 Θεὸν
1608 2618 1703 2672 καὶ
1735 2617 1869 2673 Θεὸν

167 2709 337 2763 καλεῖ
361 2709 455 2763 τὸν
485 2709 707 2781 Πατέρα
736 2709 942 2762 καὶτὸν
976 2708 1106 2762 Υίὸν
1131 2706 1270 2778 ὁμοῦ
1300 2707 1510 2761 τιθεῖσα
1532 2709 1566 2779 ή
1592 2708 1784 2778 Γραφή
1804 2720 1864 2776 ις

166 2798 411 2852 ἄκουσον
444 2797 655 2851 καὶτοῦ
684 2798 966 2870 προφήτου
987 2794 1153 2851 Δαυῗδ
1172 2797 1266 2849 καὶ
1288 2794 1383 2849 τοῦ
1406 2795 1706 2849 ἀποστόλου
1720 2795 1868 2850 Παύ-

166 2884 269 2940 λου
294 2885 455 2940 τοῦτο
485 2886 616 2940 αὑτὸ
636 2886 940 2957 δηλούντων
968 2888 1101 2957 ἡμῖν
1119 2901 1132 2915 ·
1160 2884 1221 2938 '0
1252 2884 1466 2953 θρόνος
1480 2900 1621 2948 σου,
1647 2887 1681 2939 ό
1698 2885 1865 2953 Θεὸς,

166 2977 263 3042 εἰς
283 2974 399 3053 τὸν
414 2972 600 3028 αἰῶνα
614 2974 722 3029 τοῦ
751 2972 989 3045 αἰῶνος,
1004 2972 1232 3041 ῥάϐδος
1249 2973 1577 3041 εὐθύτητος
1591 2973 1629 3041 ἡ
1641 2972 1868 3041 ῥάϐδος

168 3065 289 3131 τῆς
334 3065 661 3129 ,ϐασιλείας
703 3080 841 3119 σου.
900 3061 1250 3133 Ἠγάπησας
1290 3062 1711 3131 δικαιοσύνην,
1764 3064 1866 3117 καί

168 3154 482 3220 ἐμίσησας
514 3153 801 3221 ἀνομίαν·
853 3152 953 3207 διὰ
988 3152 1166 3207 τοῦτο
1208 3151 1421 3221 ἔχρισέ
1460 3167 1535 3207 σε
1566 3156 1599 3207 ό
1626 3155 1792 3220 Θεὸς,
1833 3156 1868 3208 ό

167 3242 326 3307 Θεός
356 3256 497 3303 σου,
527 3241 736 3295 ἔλαιον
765 3240 1181 3310 ἀγαλλιάσεως
1212 3243 1371 3309 παρὰ
1394 3241 1537 3308 τοὺς
1564 3243 1865 3312 μετόχους

166 3345 312 3383 σου.
361 3330 474 3382 Καὶ
516 3331 544 3382 ὁ
574 3328 786 3391 Παῦλος
842 3329 1004 3382 πάλιν
1044 3328 1146 3398 τὴν
1180 3328 1489 3400 μαρτυρίαν
1522 3329 1730 3400 ταύτην
1759 3330 1862 3384 ἐπ-

169 3402 358 3488 ήγαγε
391 3416 589 3485 λέγων,
643 3414 797 3488 [484]
825 3416 906 3469 ὅτι
941 3417 970 3457 b
1024 3416 1182 3485 Πρὸς
1223 3416 1343 3486 μὲν
1393 3417 1535 3483 τοὺς
1564 3418 1866 3487 ἀγγέλους

165 3506 363 3561 αὐτοῦ
396 3519 621 3574 φησιν’
666 3504 729 3558 '0
759 3502 946 3558 ποιῶν
973 3503 1117 3571 τοὺς
1143 3504 1441 3574 ἀγγέλους
1473 3505 1661 3561 αὑτοῦ
1686 3507 1869 3561 πνεύ-

164 3611 362 3663 ματα·
417 3594 565 3662 πρὸς
603 3594 673 3647 δὲ
707 3594 817 3648 τὸν
855 3595 1028 3648 Υίόν’
1091 3594 1152 3646 '0
1180 3596 1394 3662 θρόνος
1433 3608 1573 3656 σου,
1620 3598 1654 3649 ό
1696 3595 1863 3661 Θεὸς,

166 3684 255 3746 εἰς
286 3682 396 3735 τὸν
437 3682 625 3736 αίῶνα
663 3682 770 3737 τοῦ
798 3681 1036 3748 αἰῶνος.
1073 3682 1231 3745 Τίνος
1267 3676 1360 3736 οῦν
1389 3682 1580 3735 ἕνεκεν
1603 3681 1863 3747 ἐνταῦθα,

164 3770 329 3842 φησὶ,
350 3770 444 3823 τὸν
470 3770 569 3840 μὲν
600 3770 731 3823 Θεὸν
752 3769 973 3841 Πατέρα
999 3769 1251 3835 ἐκάλεσε,
1274 3771 1365 3824 τὸν
1396 3770 1597 3824 δέΥἰὸν
1623 3770 1861 3844 Κούριονς

242 3947 359 4016 Οὑχ
396 3945 586 4009 ἁπλῶς
627 3945 749 4000 οὑδέ
789 3945 917 4017 εἰκῆ
962 3945 1200 4000 ἐνταῦθα
1238 3945 1397 4000 τοῦτο
1443 3946 1720 4017 ἐποίησεν,
1749 3948 1866 4004 ἀλλ’

162 4034 361 4103 ἐπειδὴ
385 4033 805 4104 πρὸςἝλληνας
822 4029 891 4104 ἦν
916 4033 1118 4102 ὁλόγος
1140 4033 1289 4105 αὑτῷ
1316 4034 1610 4089 πολυθεῖαν
1642 4038 1867 4093 νοσοῦν-

158 4122 394 4187 τας.’Ίν’
427 4117 521 4176 οῦν
555 4121 631 4192 μὴ
653 4120 908 4190 λέγωσιν,
946 4122 1029 4176 ὅτι
1060 4123 1193 4192 ἡμῖν
1227 4123 1479 4191 ἐγκαλῶν
1516 4124 1594 4188 ὼς
1632 4126 1868 4193 πολλοὺς

162 4209 329 4273 θεοὺς
366 4208 589 4278 λέγουσι
628 4208 725 4263 καί⁵
758 4208 990 4272 πολλοὺς
1022 4210 1270 4280 κυρίους,
1309 4212 1473 4276 αὑτὸς
1511 4213 1867 4285 ἀλίσκῃθτοῖς

161 4298 482 4367 ἐγκλήμασι
509 4295 722 4359 τούτοις
752 4295 909 4367 θεοὺς
939 4296 1136 4365 λέγων,
1174 4301 1269 4353 καὶ
1298 4302 1360 4353 οὑ
1393 4299 1557 4354 Θεὸν·
1594 4301 1684 4356 διὰ
1706 4304 1868 4359 τοῦτο

158 4383 627 4453 συγκαταϐαίνων
646 4384 827 4439 αὐτῶν
849 4387 917 4457 τῇ
952 4385 1232 4460 ἀσθενείᾳ,
1262 4389 1436 4460 ἑτέρῳ
1457 4390 1615 4443 καλεῖ
1630 4391 1722 4446 τὸν
1737 4392 1868 4449 Υἰὸν

158 4471 395 4542 ὀνόματι
423 4472 522 4543 τὴν
554 4471 725 4543 αὐτὴν
752 4472 985 4545 δύναμιν
1018 4475 1216 4546 ἔχοντι.
1277 4478 1388 4532 Καὶ
1412 4478 1496 4531 ὅτι
1523 4480 1680 4534 τοῦτό
1717 4483 1867 4539 ἐστιν

158 4558 390 4629 ἀληθὲς,
422 4558 633 4614 ἀνωθεν
658 4560 987 4633 ἀναγνῶμεν
1019 4563 1151 4617 αὐτὸ
1181 4565 1244 4617 τὸ
1277 4565 1499 4636 χωρίον,
1532 4566 1629 4621 καὶ
1650 4567 1867 4625 είσεσθε

162 4647 362 4717 σαφῶς
380 4648 463 4700 ὅτι
494 4647 593 4717 οὑχ
626 4648 896 4720 ἡμέτερός
937 4652 1054 4704 ἐστι
1087 4653 1396 4722 στοχασμὸς
1437 4654 1498 4707 τὸ
1538 4654 1862 4726 λεγόμενον·

156 4733 313 4803 Περί
332 4733 401 4787 δὲ
423 4733 543 4787 τῶν
560 4736 977 4792 ειδωλοθύτων
1000 4737 1251 4808 οἴδαμεν
1270 4739 1359 4794 ὅτι
1385 4740 1609 4809 πάντες
1637 4745 1867 4812 γνῶσιν

156 4821 407 4890 ἔχομεν.
424 4822 719 4891 Ἠγνῶσις
730 4826 947 4893 φυσιοῖ
965 4837 1013 4891 ε,
1037 4828 1076 4896 ἡ
1088 4827 1156 4881 δὲ
1165 4828 1365 4898 ἀγάπη
1383 4830 1701 4899 οίκοδομεῖ.
1722 4836 1864 4901 Περὶ

156 4907 576 4977 τῆςβρώσεως
596 4908 711 4967 οὖν
733 4912 853 4968 τῶν
867 4912 1281 4971 είδωλοθύτων
1301 4917 1553 4987 οἴδαμεν
1574 4919 1665 4974 ὅτι
1680 4921 1865 4976 οὐδὲν

155 4994 424 5051 ειδωλον
443 4996 513 5049 ἐν
526 5000 755 5070 κόσμῳ,
768 5003 867 5057 καί
885 5002 975 5057 ὅτι
990 5003 1191 5071 οὐδεὶς
1204 5005 1350 5072 Θεὸς
1365 5004 1569 5075 ἕτερος
1580 5010 1630 5062 εί
1648 5010 1736 5079 μὴ
1750 5005 1859 5078 εἷς.

166 5084 345 5155 Ὅρᾷς
364 5084 453 5167 ὅτι
462 5086 617 5167 πρὸς
642 5088 888 5155 ἐκείνους
911 5092 1334 5163 ἀποτεινόμενος
1360 5095 1535 5150 ταῦτα
1556 5097 1705 5167 λέγει
1734 5100 1863 5165 τοὺς

154 5170 397 5235 πολλοὺς
414 5165 554 5248 εἶναι
579 5174 903 5245 νομίζοντας
930 5176 1116 5245 θεούς;
1157 5179 1269 5235 Καὶ
1289 5182 1402 5251 γὰρ
1414 5182 1583 5252 είπερ
1615 5165 1736 5239 εἰσὶ
1763 5190 1864 5241 λε-

156 5258 405 5343 γόμενοι
419 5260 540 5313 θεοὶ
557 5263 799 5328 πολλοὶ,
819 5261 941 5335 [καὶ
964 5266 1160 5336 κύριοι
1177 5269 1443 5342 πολλοί,]
1459 5272 1581 5326 εἴτε
1598 5274 1669 5327 ἐν
1682 5276 1863 5343 οὐρα-

152 5341 406 5434 νῷ,εττε
419 5346 519 5434 ἐπὶ
547 5347 658 5416 τῆς
686 5347 800 5434 γῆς
820 5349 1007 5421 (πάλιν
1034 5354 1170 5425 πρὸς
1192 5341 1441 5422 ἐκείνους
1457 5359 1715 5434 μάχεται)
1736 5341 1859 5417 ῶσ-

155 5438 278 5495 περ
296 5422 413 5483 οὖν
437 5430 559 5483 εισι
581 5431 704 5487 θεοὶ
724 5435 946 5489 πολλοὶ
967 5437 1067 5491 καὶ
1080 5422 1722 5511 -κύριοινπολλοίἷτοῦεέ
1741 5446 1858 5503 ἐστι

156 5514 480 5585 λεγόμενοι*
523 5518 664 5573 ἀλλ’
703 5520 852 5590 ἡμῖν
889 5517 979 5590 εἷς
1012 5524 1160 5592 Θεὸς
1190 5529 1225 5581 ό
1270 5528 1480 5600 Πατὴρ
1503 5572 1519 5597 ,
1554 5530 1625 5598 ἐξ
1664 5528 1738 5590 οὗ
1786 5536 1859 5588 τὰ

223 5665 244 5738 ξ
409 5671 639 5738 nonuqlli
662 5672 786 5738 δμοῦ
804 5678 976 5738 neck;

224 5727 742 5815 ξυιξι-ἓενξίἷο
772 5738 914 5787 πάλιν
934 5727 1045 5804 περὶ
1074 5741 1161 5791 τοῦ
1200 5746 1413 5810 Χριστοῦ
1447 5750 1534 5809 τήν
1576 5767 1627 5815 μ.
1676 5754 1853 5814 ταύτην

157 5792 432 5883 παρήγαγεν
454 5795 621 5851 εἰπὼν,
643 5798 732 5844 ὅτι.
1003 5792 1013 5804 ³

272 5855 393 5883 Τπ-ο.)
416 5869 516 5883 mea
576 5858 653 5883 Isin
682 5860 856 5883 ...1.1....ι
890 5863 924 5883 -1
954 5881 987 5883 η.
1019 5866 1043 5876 -ν

280 5855 395 5931 fres
415 5869 535 5904 mss.
574 5858 654 5906 hic
680 5860 863 5910 addunt
888 5863 927 5911 εἰ
953 5866 1131 5925 γνῶσιν
1150 5867 1341 5930 ἔχομεν.

518 5946 793 6010 ΡΔιδιιοι..
842 5955 959 6013 Gn.
1010 5958 1292 6019 XLVII].

1225 399 1312 453 DE
1354 396 2055 455 INCOMPREHENSIBILI
2092 395 2200 449 DE!
2241 394 2550 451 NA'I‘URA.
2595 394 2660 449 Υ.

3563 393 3668 449 7w

1960 511 2216 577 ¹πάντα,
2249 509 2349 564 καί
2388 505 2476 576 εἷς
2521 510 2735 576 Κύριος
2796 506 3027 574 Ἰησοῦς
3069 507 3340 575 Χέηιστὸς,
3386 506 3459 559 δι’
3492 503 3564 563 οὗ
3600 510 3675 565 τὰ

1983 599 2199 653 πάντα.
2229 598 2332 651 Διά
2362 596 2520 650 τοῦτο
2554 596 2647 648 καὶ
2681 595 2742 649 τὸ
2774 590 2861 660 εἷς
2888 593 3248 665 προσέθηκεν,
3279 596 3366 648 ἵνα
3402 596 3477 665 μὴ
3506 596 3671 649 πολυ-

1983 688 2134 741 θεῖαν
2164 686 2482 754 εἰσάγεσθαι
2517 683 2678 738 πάλιν
2708 685 2905 737 ἐκεῖνοι
2936 682 3234 751 νομίζωσι,
3276 683 3370 736 καὶ
3404 683 3501 737 ἕνα
3534 683 3668 737 Θεὸν

1980 776 2073 829 τὸν
2107 775 2328 845 Πατέρα
2361 774 2643 839 ἐκάλεσεν,
2676 772 2777 825 οὑκ
2809 771 3090 824 ἐκϐάλλων
3128 771 3221 824 τὸν
3250 771 3379 824 Υἰὸν
3416 772 3518 843 τῆς
3546 772 3667 825 θεό-

1979 880 2161 933 τητος,
2197 862 2388 933 ῶσπερ
2419 857 2511 915 οῦν
2549 860 2645 913 καὶ
2673 859 2770 912 ἕνα
2795 859 3002 929 Κύριον
3030 857 3122 911 τὸν
3150 858 3300 921 Υἰὸν,
3334 859 3437 912 οὐκ
3470 858 3670 913 ἐκϐάλ-

1979 949 2087 1003 λων
2110 950 2211 1019 τῆς
2237 950 2556 1019 κυριότητος
2576 948 2667 1000 τὸν
2698 946 2938 1015 Πατέρα,
2967 944 3103 998 ἀλλά
3130 944 3232 1015 τὴν
3260 945 3485 999 ἐκείνων
3511 947 3670 1000 ἀσθέ·

1978 1054 2126 1089 νειαν
2153 1035 2563 1108 διορθούμενος,
2606 1034 2701 1088 καὶ
2738 1032 3009 1103 μηδεμίαν
3056 1032 3239 1095 αὐτοῖς
3268 1030 3453 1086 δοῦναι
3495 1032 3667 1103 λαϐὴν

1980 1122 2319 1194 βουλόμενος.
2352 1120 2523 1174 Τοῦτο
2548 1121 2679 1190 γοῦν
2708 1121 2804 1173 καὶ
2832 1120 3003 1173 αἴτιον
3024 1119 3214 1187 γέγονε
3240 1119 3335 1172 τοῦ
3368 1122 3443 1190 μὴ
3478 1119 3668 1188 σαφῶς

1982 1210 2117 1280 μηδέ
2148 1209 2418 1281 φανερῶς,
2454 1208 2569 1262 ἀλλ’
2599 1206 2857 1279 ἀμυδρῶς
2886 1225 3003 1269 πως
3028 1207 3122 1259 καὶ
3171 1207 3414 1269 σπανίως
3443 1206 3533 1261 διά
3556 1206 3669 1260 τῶν

1978 1300 2274 1371 προφητῶν
2324 1299 2695 1373 γνωρισθῆναι
2742 1299 2855 1359 τοῖς
2911 1296 3185 1358 Ἰουδαίοις
3243 1296 3335 1347 τὸν
3390 1296 3522 1348 Υίὸν
3571 1295 3668 1349 τοῦ

1976 1387 2132 1440 Θεοῦ.
2168 1389 2328 1457 ’Ἄρτι
2360 1387 2468 1457 γὰρ
2501 1386 2601 1455 τῆς
2656 1383 2918 1441 πολυθέου
2956 1384 3166 1453 πλάνης
3212 1382 3666 1449 ἀπαλλαγέντες,

1977 1477 2025 1527 εί
2065 1474 2229 1527 πάλιν
2264 1475 2504 1543 ἥκουσαν
2534 1470 2668 1525 Θεὸν
2700 1472 2794 1524 καὶ
2823 1470 2976 1529 Θεὸν,
3017 1471 3155 1539 πρὸς
3207 1471 3305 1540 τὴν
3336 1469 3508 1540 αὑτὴν
3546 1470 3611 1524 ἂν
3636 1470 3661 1508 ά

1977 1561 2325 1633 ὑπέστρεψαν
2351 1562 2526 1613 νόσον.
2564 1559 2662 1612 Διά
2702 1557 2858 1611 τοῦτο
2888 1557 3001 1610 ἀνω
3035 1559 3129 1611 καὶ
3163 1557 3316 1610 κάτω
3345 1556 3587 1627 συνεχῶς
3616 1559 3665 1610 οἱ

1976 1650 2253 1721 προφῆται
2293 1650 2542 1717 λέγουσιν
2563 1650 2645 1701 ὅτι
2670 1643 2759 1713 εἷς
2788 1648 2953 1712 Θεὸς,
3001 1646 3101 1701 καὶ
3133 1646 3305 1715 πλὴν
3329 1647 3517 1701 αὐτοῦ
3552 1648 3666 1700 οὐκ

1976 1735 2179 1790 ἔστιν·
2205 1737 2328 1806 οὑχὶ
2356 1736 2446 1789 τὸν
2477 1735 2603 1788 Υἰὸν
2632 1721 2975 1797 ἀθετοῦντες,
3010 1734 3085 1805 μὴ
3117 1733 3348 1802 γένοιτο,
3387 1733 3527 1786 ἀλλά
3563 1734 3665 1803 τὴν

1977 1825 2201 1878 ἐκείνων
2234 1824 2517 1877 ἀσθένειαν
2555 1823 2895 1894 θεραπεῦσαι
2945 1821 3279 1892 βουλόμενοι,
3337 1822 3431 1874 καὶ
3475 1824 3667 1881 πεῖσαι

1976 1911 2114 1975 τέως
2159 1912 2261 1981 τῆς
2311 1912 2421 1964 τῶν
2455 1910 2664 1964 πολλῶν
2714 1909 2854 1964 θεῶν
2901 1910 2994 1962 καὶ
3040 1910 3141 1963 οὑκ
3195 1909 3367 1965 ὅντων
3394 1909 3667 1978 ,ὑπονοίας

1976 1998 2376 2070 ἀπαλλαγῆναι.
2412 2000 2581 2052 Ὅταν
2609 1997 2791 2051 τοίνυν
2823 1996 3066 2071 ἀκούσῃς
3089 1997 3152 2050 τὸ
3188 1993 3277 2063 εἷς
3307 1997 3401 2050 καὶ
3427 1997 3629 2063 οὐδεὶς
3654 2039 3663 2055 .

1977 2088 2073 2140 καὶ
2103 2087 2205 2140 ὅσα
2232 2086 2484 2149 τοιαῦτα,
2514 2086 2588 2156 μὴ
2618 2084 2981 2155 τῆς,Τριόιδος
3015 2083 3327 2157 ὲλαττὼσῃς
3356 2084 3454 2154 τὴν
3484 2084 3662 2151 δόξαν,

1976 2175 2114 2229 ἀλλά
2144 2176 2207 2229 τὸ
2238 2175 2401 2246 μέσον
2436 2174 2608 2243 αὐτῆς
2637 2174 2775 2245 πρὸς
2808 2174 2908 2244 τὴν
2951 2173 3131 2226 κτίσιν
3172 2173 3262 2226 διὰ
3285 2173 3494 2227 τούτων
3530 2174 3669 2243 μάνο

1979 2263 2105 2318 θανε
2147 2262 2255 2317 τῶν
2284 2264 2572 2334 ῥημάτωνο
2620 2263 2744 2314 ἐπεὶ
2798 2262 2894 2315 καὶ
2938 2261 3174 2331 ἀλλαχοῦ
3220 2278 3387 2332 φησιο
3425 2262 3521 2327 Τίς
3554 2262 3663 2330 γὰρ

1975 2352 2129 2420 ἔγνω
2164 2350 2318 2403 νοῦν
2344 2349 2567 2416 Κυρίου
2580 2365 2599 2411 ;
2641 2350 2752 2402 Καὶ
2784 2349 2865 2401 ὅτι
2893 2348 3051 2401 τοῦτό
3091 2349 3239 2401 ἐστιν
3274 2348 3534 2412 ἐνταῦθα,
3564 2353 3663 2403 καὶ

1974 2436 2098 2491 οὔτε
2132 2438 2222 2490 τὸν
2256 2437 2403 2500 Υίὸν,
2437 2435 2560 2489 οῦτε
2591 2435 2652 2488 τὸ
2687 2436 2913 2506 Πνεῦμα
2954 2429 3208 2488 ἐκϐάλλει
3238 2438 3338 2505 τῆς
3370 2434 3626 2503 γνώσεως
3646 2473 3662 2497 ,

1974 2524 2460 2595 προαποδέδεικται
2506 2524 2565 2575 ἐν
2607 2524 2720 2587 τοῖς
2760 2522 3017 2593 ἀνωτέρω
3055 2522 3401 2593 εἰρημένοις,
3444 2522 3530 2574 ὅτε
3564 2522 3665 2589 τὴν

1978 2610 2286 2682 μαρτυρίαν
2330 2609 2732 2681 παρηγάγομεν
2769 2609 2869 2679 τὴν
2898 2608 3184 2678 λέγουσαν⁸
3247 2610 3342 2675 Τίς
3383 2607 3494 2680 γὰρ
3539 2605 3666 2662 οἵδε

1973 2698 2048 2753 τὰ
2075 2698 2181 2752 τοῦ
2219 2696 2569 2763 ἀνθρώπου,
2606 2697 2661 2750 εί
2696 2696 2782 2766 μὴ
2815 2696 2883 2750 τὸ
2921 2696 3159 2766 πνεῦμα
3197 2696 3305 2750 τοῦ
3344 2697 3666 2765 ἀνθρώπου

1974 2785 2040 2840 τὸ
2082 2785 2153 2839 ἐν
2200 2782 2397 2849 αὑτῷ;
2454 2785 2618 2837 Οὕτω
2666 2784 2765 2838 καὶ
2807 2784 2881 2838 τὰ
2927 2784 3077 2839 Θεοῦ
3126 2784 3328 2850 οὐδεὶς
3369 2785 3569 2848 οἶδεν,
3612 2787 3668 2838 εί

1965 2872 2055 2944 μὴ
2088 2873 2157 2928 τὸ
2186 2873 2433 2942 Πνεῦμα
2458 2871 2565 2927 τοῦ
2594 2872 2765 2927 Θεοῦ.
2801 2872 2918 2926 Καὶ
2941 2873 3103 2927 πάλιν
3130 2875 3158 2925 ὁ
3195 2873 3430 2942 Χριστός
3464 2890 3630 2943 φησιν
3649 2890 3662 2902 ·

1975 2961 2183 3026 Οὐδεὶς
2218 2961 2501 3031 γινώσκει
2528 2960 2638 3014 τὸν
2680 2962 2839 3029 Υίὸν,
2868 2965 2921 3015 εί
2951 2962 3095 3031 μὴοό
3126 2962 3351 3030 Πατὴρ,
3389 2962 3534 3016 οὐδὲ
3557 2963 3667 3016 τὸν

1973 3050 2206 3118 Πατέρα
2252 3067 2342 3116 τις
2380 3048 2761 3119 ἐπιγινώσκει
2786 3061 2834 3124 θ,
2860 3052 2915 3104 εί
2946 3051 3033 3120 μὴ
3056 3053 3089 3105 ό
3114 3052 3265 3117 Υἱός.
3294 3050 3452 3103 Οῦτω
3480 3050 3543 3121 δὴ
3568 3052 3667 3105 καὶ

1972 3137 2207 3191 ἐνταῦθα
2227 3152 2240 3166 ο
2274 3139 2399 3205 Οὐχ
2440 3136 2529 3190 ὅτι
2570 3137 2678 3190 τὸν
2705 3138 2941 3207 Πατέρα
2972 3155 3061 3203 τις
3091 3137 3374 3205 ἑώρακεν,
3415 3139 3469 3191 εἰ
3496 3137 3583 3207 μὴ
3632 3141 3666 3193 ό

1972 3218 2058 3274 ὢν
2074 3221 2144 3274 ἐκ
2162 3219 2271 3273 τοῦ
2295 3218 2466 3274 Θεοῦ·
2491 3214 2672 3286 οὗτος
2699 3219 2921 3288 ἑώρακε
2937 3222 3045 3275 τὸν
3067 3220 3321 3289 Πατέρα.
3361 3219 3532 3291 Ὁμοῦ
3554 3222 3666 3293 γὰρ

1973 3308 2052 3361 ὅτι
2084 3306 2221 3378 μετά
2251 3306 2540 3377 ἀκριϐείας
2573 3307 2737 3361 αὑτὸν
2763 3302 2925 3369 οἶδεν,
2951 3303 3094 3374 εἷπε,
3120 3307 3215 3360 καὶ
3242 3308 3341 3378 τὴν
3366 3309 3545 3361 αἰτίαν
3574 3308 3666 3361 τέ-

1974 3394 2171 3460 θεικεν,
2197 3395 2266 3448 δι’
2305 3394 2373 3464 ἢν
2414 3390 2543 3447 οἶδε.
2580 3395 2678 3458 Τίς
2705 3395 2765 3449 δὲ
2794 3397 2828 3466 ή
2867 3395 3053 3461 αἰτία;
3098 3395 3172 3447 Τὸ
3214 3393 3273 3460 ἐξ
3306 3394 3472 3448 αὑτοῦ
3508 3392 3661 3467 [485]

1972 3479 2143 3536 εἶναι’
2177 3480 2270 3535 τοῦ
2308 3481 2367 3534 δὲ
2412 3471 2472 3546 ἐξ
2501 3481 2665 3536 αὑτοῦ
2715 3477 2855 3535 εἶναι
2897 3482 3063 3537 πάλιν
3107 3481 3383 3546 ἀπόδειξις
3426 3483 3488 3535 τὸ
3525 3484 3665 3552 μετά

1972 3569 2257 3641 ἀκριϐείας
2271 3568 2434 3622 αὑτὸν
2454 3568 2673 3622 εἰδέναι.
2696 3569 2797 3623 Διά
2816 3569 2976 3622 τοῦτο
3003 3569 3113 3640 γὰρ
3134 3569 3296 3622 αὑτὸν
3317 3563 3427 3622 οἶδε
3449 3568 3661 3639 σαφῶς,

1972 3654 2157 3725 ἐπειδὴ
2198 3654 2257 3721 ἐξ
2299 3654 2465 3708 αὑτοῦ
2509 3656 2683 3720 ἐστιν,
2720 3655 2816 3708 καὶ
2845 3658 3073 3725 σημεῖον
3103 3654 3197 3709 τοῦ
3229 3654 3288 3721 ἐξ
3318 3655 3486 3708 αὑτοῦ
3519 3651 3661 3709 εἶναι

1968 3743 2030 3797 τὸ
2058 3742 2253 3796 εἰδέναι
2275 3742 2438 3797 αὑτὸν
2471 3743 2680 3812 σαφῶς.
2707 3743 2881 3796 Οὑσία
2921 3744 3029 3814 γὰρ
3062 3744 3249 3797 οὐσίαν
3284 3744 3663 3816 ὑπερέχουσαν

1970 3834 2070 3886 οὑκ
2098 3832 2164 3887 ἂν
2190 3831 2441 3903 δυνηθείη
2468 3831 2653 3897 καλῶς
2675 3832 2912 3898 εἰδέναι,
2952 3834 3058 3888 κᾶν
3090 3833 3271 3902 ὀλίγον
3374 3834 3435 3888 τὸ
3467 3835 3655 3905 μέσον.

1974 3916 2241 3970 Ἀκουσον
2263 3914 2399 3985 γοῦν
2429 3918 2558 3988 περὶ
2586 3917 2697 3972 τῶν
2730 3918 2979 3987 ἀγγέλων
3004 3918 3056 3972 τί
3082 3937 3247 3990 φησιν
3278 3921 3305 3973 ὁ
3337 3921 3626 3991 προφήτης
3648 3932 3660 3984 ὲ

1972 4003 2068 4057 καὶ
2103 4003 2231 4075 περὶ
2262 4004 2362 4074 τῆς
2387 4004 2737 4077 ἀνθρωπίνης
2767 4004 3003 4075 φύσεως,
3039 4007 3122 4060 ὅτι
3160 4006 3341 4075 ὀλίγον
3373 4007 3435 4060 τὸ
3475 4006 3665 4075 διάφο-

1978 4108 2068 4163 ρον
2092 4091 2297 4161 ταύτης
2323 4092 2609 4163 κάκείνης.
2642 4092 2826 4147 Εἰπὼν
2860 4093 2994 4165 γὰρ,
3030 4093 3098 4147 Τί
3122 4092 3297 4148 ἐστιν
3325 4093 3662 4162 ἅνθρωπος,

1974 4177 2062 4231 ὅτι
2090 4177 2405 4248 μιμνήσκῃ
2433 4179 2642 4245 αὐτοῦ,
2686 4180 2725 4249 ἢ
2777 4181 2911 4248 υίὸς
2942 4181 3285 4249 ἀνθρώπου,
3317 4180 3407 4235 ὅτι
3458 4179 3665 4251 λογίζῃ

1972 4266 2195 4340 αὑτόν;
2228 4266 2529 4336 ἐπήγαγεν,
2578 4266 2967 4335 Ἦλάττωσας
2995 4268 3186 4323 αὐτὸν
3207 4269 3412 4338 ,ϐραχύ
3444 4286 3498 4322 τι
3526 4272 3663 4335 παρ’

1973 4352 2291 4423 ἀγγέλους.
2346 4354 2484 4408 Ἀλλ’
2519 4357 2670 4427 ὅμως
2704 4358 2753 4410 εἰ
2795 4356 2891 4411 καὶ
2928 4357 3101 4430 βραχὺ
3134 4358 3198 4412 τὸ
3242 4358 3429 4429 μέσον,
3473 4358 3662 4429 ἐπειδὴ

1972 4436 2111 4500 ὅλως
2139 4438 2256 4491 ἐστί
2285 4456 2339 4492 τι
2377 4440 2562 4509 μέσον,
2604 4443 2707 4495 οὑκ
2733 4442 2958 4514 οίδαμεν
3000 4444 3141 4515 μετά
3176 4444 3468 4516 ἀκριϐείας
3498 4445 3665 4513 ἀγγέ-

1972 4522 2079 4577 λων
2104 4525 2314 4590 ούσίαν,
2346 4526 2449 4581 κᾶν
2499 4528 3192 4604 μυρίαίφιλοσοφήσωμεν,
3243 4532 3427 4601 εὑρεῖν
3466 4532 3527 4585 οὑ
3567 4531 3663 4585 δυ-

1973 4609 2203 4680 νάμεθα.

2040 4782 2103 4836 δ’.
2136 4786 2247 4839 Καὶ
2276 4788 2326 4839 τί
2348 4788 2491 4857 λέγω
2525 4791 2792 4859 ἀγγέλων,
2813 4792 2945 4846 ὅπου
2962 4810 3025 4862 γε
3042 4793 3163 4848 οὐδὲ
3183 4794 3354 4863 αὑτῆς
3387 4797 3486 4866 τῆς
3518 4797 3661 4867 ἡμε-

1969 4868 2134 4941 τέρας
2172 4873 2352 4945 ψυχῆς
2393 4878 2494 4949 τὴν
2522 4878 2711 4933 οὐσίαν
2758 4881 2915 4950 ίσμεν
2948 4880 3152 4945 καλῶς,
3199 4884 3400 4952 μᾶλλον
3435 4884 3493 4938 δὲ
3538 4885 3661 4939 οὐδὲ

1968 4959 2258 5029 ὀπωσοῦν;
2295 4964 2358 5017 Ei
2387 4964 2443 5017 δὲ
2474 4967 2673 5020 ἐκεῖνοι
2703 4966 3103 5037 φιλονεικοῦσιν
3132 4971 3352 5038 εἰδέναι,
3382 4972 3660 5044 ἐρώτησον

1969 5046 2022 5099 τί
2052 5064 2184 5101 ποτε
2229 5049 2347 5104 ἐστι
2379 5052 2477 5123 τὴν
2517 5054 2707 5108 οὑσίαν
2736 5056 2769 5126 ή
2799 5055 2980 5128 ψυχή’
3015 5054 3126 5129 ἆρα
3153 5058 3262 5130 ἀὴρ
3283 5101 3297 5123 ,
3330 5060 3364 5131 ἢ
3396 5060 3618 5131 πνεῦμα
3642 5101 3657 5123 ,

1969 5131 2001 5203 ἢ
2031 5134 2250 5206 ἄνεμος,
2281 5139 2313 5210 ἢ
2340 5139 2455 5211 πῦρ
2491 5142 2545 5207 f;
2592 5143 2732 5197 Ἀλλ’
2762 5145 2917 5198 οὐδὲν
2966 5145 3175 5200 τούτων
3228 5147 3447 5219 ἐροῦσι,
3478 5149 3652 5201 ταῦτα

1965 5220 2075 5293 γὰρ
2118 5225 2299 5280 πάντα
2339 5228 2603 5299 σώματα,
2653 5233 2841 5305 ἐκείνη
2879 5234 2937 5287 δὲ
2968 5235 3282 5306 ἀσώματος.
3315 5233 3452 5291 Εἶτα
3491 5240 3660 5306 ἀγγέ-

1964 5306 2092 5401 λους
2137 5313 2235 5381 μὲν
2275 5316 2375 5368 οὑκ
2414 5317 2617 5384 ἴσασιν,
2665 5321 2787 5374 οὐδὲ
2832 5322 3184 5401 τάςΟέαυτῶν
3233 5324 3443 5395 ψυχὰς,
3475 5326 3567 5377 τὸν
3600 5326 3658 5378 δὲ

1964 5399 2185 5455 πάντων
2222 5406 2503 5478 Δεσπότην
2536 5409 2631 5461 καὶ
2673 5399 3014 5481 δημιουργὸν
3052 5412 3251 5466 εἰδέναι
3287 5414 3657 5483 φιλονεικοῦσι

1962 5489 2104 5557 μετά
2140 5492 2461 5566 ἀκριϐείας;
2506 5499 2602 5551 καὶ
2646 5500 2701 5552 τί
2745 5500 2952 5571 ταύτης
2993 5500 3195 5570 γένοιτ’
3237 5504 3307 5557 ἂν
3326 5505 3430 5574 τῆς
3471 5503 3658 5570 ἀνοίας

1961 5578 2179 5647 χεῖρον;
2207 5582 2318 5635 Καὶ
2341 5583 2395 5636 τί
2418 5583 2582 5653 λέγω,
2605 5586 2657 5639 τί
2686 5587 2785 5659 τὴν
2809 5588 2998 5642 οὐσίαν
3025 5589 3172 5642 ἐστὶν
3198 5593 3231 5660 ή
3253 5591 3431 5662 ψυχή;
3462 5591 3657 5657 Ὅπως

2019 5689 2257 5771 ilhiprel:
2283 5705 2333 5748 et
2352 5699 2552 5771 μυηθῇ]
2596 5703 2853 5771 [1150.an
2897 5704 3083 5771 ταύτην.
3114 5706 3189 5763 ἄν,
3216 5708 3301 5755 alii
3347 5706 3492 5769 (inter
3532 5720 3655 5771 quos

1956 5752 2396 5844 δαξίίλρκπρὸςτήν
2418 5765 2566 5821 αὐτὴν
2593 5766 2649 5813 ἄν
2677 5752 3235 5829 (ηιιὸάὶεδενὶρεὶηιιιὲ).

2078 5817 2177 5867 Alii
2201 5817 2443 5881 γινώσκει.
2530 5817 2538 5821 ’
2682 5817 2721 5829 η
2960 5844 2979 5852 -

2032 5873 2055 5916 ί
2102 5882 2161 5929 Ἦ
2186 5873 2281 5947 πῦρ
2303 5886 2451 5937 deest
2471 5889 2519 5935 in
2543 5885 2766 5950 plurimis
2788 5890 3145 5953 manuscriptis.

3245 5973 3318 6034 Πι-
