4186 6326
609 381 705 439 7H

602 497 761 566 ήμῶν
789 498 934 550 ἐστιν
962 498 1019 550 ἐν
1046 497 1124 569 τῷ
1160 495 1393 568 σώματι,
1435 499 1555 554 οὐδὲ
1584 500 1744 554 τοῦτο
1785 500 1934 554 ἔστιν
1965 501 2161 553 εἰπεῖν.
2209 499 2281 552 Τί

605 584 713 654 7&9
742 583 854 654 εχοι
891 601 974 648 τις
1006 583 1073 637 ἀν
1117 586 1322 651 είπεῖν;
1351 586 1434 639 ὅτι
1471 589 1890 657 παρεκτείνεται
1934 586 2013 657 τῷ
2051 585 2146 638 τοῦ
2182 583 2286 637 σώ-

1389 384 1450 440 S.
1488 384 1773 441 JOANMS
1807 383 2301 442 CHRYSOSTOMI
2338 383 2663 441 ARCHIEP.
2704 382 3257 447 CONSTANTINOP.

2359 531 2362 534 ~
2392 501 2473 554 ὅτι
2517 502 2784 555 Ἤκουσα
2824 499 3051 568 ἆῤῥητα
3077 487 3339 566 ῥήματα,
3366 494 3404 548 d
3444 495 3555 548 οὐκ
3603 495 3748 558 ἐξὸν
3782 493 4079 562 ἀνθρώπῳ

3943 142 4159 270 -Ἶ

3969 383 4080 441 713

2389 585 2680 655 λαλῆσαι.
2721 587 2861 640 Ἀλλ’
2886 588 3038 656 ὅμως
3082 585 3178 638 καὶ
3209 584 3372 646 αὐτὸς
3419 579 3574 644 οὗτος
3606 583 3701 636 καὶ
3746 582 3872 635 τότε
3905 579 4078 635 ἀκούο

608 670 776 740 ματος
803 670 986 741 δγκῳς
1040 671 1201 724 Ἀλλά
1245 671 1402 725 τοῦτο
1442 671 1658 742 ἀλογον,
1703 674 1972 745 σωμάτων
2018 672 2128 742 γὰρ
2154 673 2285 725 ῐδιον
2393 690 2490 738 σας
2536 675 2753 745 ἄρρητα
2807 674 3050 744 ῥήματα,
3081 671 3116 725 ἀ
3150 672 3253 724 οὐκ
3305 669 3424 734 ἐξὸν
3476 667 3753 740 ἀνθρώπῳ
3799 665 4073 737 λαλῆσαι,

603 758 792 812 τοῦτο’
822 759 903 812 δτι
931 758 989 812 δὲ
1020 760 1112 812 ἐπὶ
1139 758 1316 831 ψυχῆς
1343 762 1445 814 οὐκ
1480 760 1596 814 ἐστι
1632 761 1793 814 τοῦτο
1814 759 2066 814 ἐντεῦθεν
2098 759 2280 829 δῆλον,

605 845 866 909 πολλάκις
894 847 988 900 καὶ
1014 846 1122 899 τῶν
1145 846 1343 919 χειρῶν
1366 849 1461 902 καὶ
1486 849 1597 901 τῶν
1627 848 1804 901 ποδῶν
1828 847 2279 918 ἐκκεκομμένων,

604 930 896 1001 ὁλόκληρος
925 931 1108 1002 ἐκείνη
1138 932 1309 1003 μένει,
1333 934 1486 987 οὐδὲν
1511 933 2031 1005 ἀκρωτηριασθεῖσα
2053 932 2162 986 ἀπὸ
2181 935 2282 1004 τῆς

605 1016 698 1070 τοῦ
748 1016 1001 1089 σώματος
1028 1009 1362 1091 πηρώσεως.
1423 1022 1564 1075 Ἀλλ’
1604 1022 1706 1075 οὐκ
1749 1022 1900 1074 ἐστιν
1949 1021 2008 1073 ἐν
2053 1020 2160 1091 ὅλῳ
2203 1019 2282 1090 τῷ

606 1100 842 1173 σώματι,
870 1103 984 1157 ἀλλ’
1015 1107 1073 1157 ἐν
1103 1106 1255 1177 μέρει
1282 1109 1388 1161 τινὶ
1412 1107 1764 1178 συνείληπται
1785 1114 1811 1144 ι
1835 1123 1850 1174 ;
1870 1105 2080 1159 Οὐκοῦν
2112 1105 2281 1177 νεκρά

604 1188 818 1261 ἀνάγκη
849 1189 918 1244 τά
940 1191 1101 1245 λοιπά
1127 1189 1277 1247 εἶναι’
1291 1195 1427 1266 μέλη
1448 1209 1463 1224 ⁸
1493 1196 1555 1248 τὸ
1584 1195 1693 1266 7&9
1718 1193 1922 1264 ἄψυχον
1953 1193 2170 1256 πάντως
2195 1209 2280 1246 νε-

605 1277 754 1347 κρόν.
803 1278 942 1332 Ἀλλ’
970 1280 1091 1333 οὐδὲ
1119 1280 1278 1335 τοῦτο
1315 1282 1462 1336 ἐστιν
1495 1284 1692 1342 εἰπεῖν,
1725 1281 1844 1336 ἀλλ’
1883 1282 1967 1334 ὅτι
2004 1281 2104 1351 μέν
2132 1279 2278 1332 εστιν

603 1364 663 1416 ἐν
691 1362 768 1435 τῷ
802 1364 1015 1436 σώματι
1045 1367 1123 1439 τῷ
1153 1370 1406 1441 ἡμετέρῳ
1439 1370 1620 1441 ῖσμεν,
1651 1369 1714 1422 :6
1748 1369 1804 1422 δέ
1838 1368 1956 1432 πῶς
1994 1369 2143 1421 ἐστιν
2176 1366 2277 1420 οὐκ

605 1449 782 1519 ῖσμεν.
815 1452 915 1505 Διά
947 1453 1056 1526 7&9
1097 1454 1256 1508 τοῦτο
1283 1458 1376 1509 καὶ
1412 1455 1511 1528 τὴν
1543 1454 1758 1526 ταύτης
1785 1455 1988 1523 γνῶσιν
2015 1453 2276 1508 ἀπέκλει-

607 1551 698 1588 σεν
721 1536 750 1588 6
775 1536 908 1601 Θεὸς
933 1539 998 1592 ἐκ
1031 1540 1230 1610 πολλῆς
1259 1539 1575 1612 περιουσίας
1601 1538 1973 1610 ἐπιστομίζων
1999 1540 2152 1610 ἡμᾶς
2183 1537 2276 1592 καὶ

605 1619 868 1690 κατέχων,
893 1623 986 1676 καὶ
1029 1625 1212 1694 μένειν
1249 1627 1400 1679 κάτω
1441 1625 1664 1690 πείθων,
1698 1626 1795 1678 καὶ
1835 1625 1906 1678 τά
1944 1625 2083 1695 ὑπὲρ
2128 1625 2278 1694 ήμᾶς

607 1708 683 1778 μὴ
727 1710 1221 1780 περιεργάζεσθαι,
1271 1713 1409 1784 μηδὲ
1451 1712 1948 1783 πολυπραγμονεῖν.
2003 1711 2141 1764 Ἀλλ’
2189 1712 2276 1763 ῐνα

608 1794 682 1862 μὴ
724 1795 832 1848 ἀπὺ
880 1796 1152 1868 λογισμῶν
1193 1798 1261 1852 τά
1311 1798 1535 1852 τοιαῦτα
1578 1798 2275 1868 κατασκευάσωμεν,,φέρε

605 1881 767 1936 πάλιν
795 1884 886 1936 ἐπὶ
911 1887 1004 1956 τὴν
1033 1886 1255 1958 Γραφὴν
1276 1887 1364 1940 τὸν
1379 1887 1538 1955 λόγον
1559 1888 1878 1957 ἀγάγωμεν.
1901 1888 2025 1954 Οὐχ
2057 1885 2146 1938 ὅτι
2169 1884 2277 1938 τὸν

603 1967 834 2036 Πατέρα
869 1969 1090 2039 ἑώρακέ
1113 1990 1224 2038 τις,
1252 1974 1438 2044 φησὶν,
1466 1976 1520 2026 εὶ
1539 1973 1627 2041 μὴ
1656 1976 1689 2026 ό
1725 1970 1810 2025 ὢν
1832 1973 1903 2025 έκ
1943 1972 2046 2026 τοῦ
2091 1969 2273 2033 Θεοῦ,

604 2048 783 2120 οὗτος
805 2055 1028 2124 ἑώρακε
1067 2057 1173 2111 τὸν
1212 2058 1463 2127 Πατέρα.
1507 2059 1618 2112 Καὶ
1643 2058 1696 2112 τί
1733 2057 1922 2124 τοῦτο;
1955 2057 2149 2128 φησίν·
2179 2056 2273 2109 06-

602 2139 751 2192 δέπω
786 2141 894 2213 γὰρ
936 2143 1084 2216 αὐτῷ
1119 2144 1319 2213 γνῶσιν
1353 2145 1564 2217 ἀκριϐῆ
1607 2146 1769 2199 τοῦτο
1815 2144 2166 2215 ἐμαρτύρησε
2213 2142 2276 2195 τὸ

602 2227 780 2297 ῥῆμα.
824 2229 961 2282 Ἀλλ’
997 2232 1078 2284 ὅτι
1109 2233 1207 2302 μὲν
1233 2233 1395 2285 αὐτὸν
1424 2236 1457 2302 ή
1489 2233 1666 2294 κτίσις
1692 2234 1793 2285 οὐκ
1833 2228 1973 2284 οἶδεν
2008 2229 2276 2301 ἐδήλωσεν

604 2314 805 2369 εἰπών’
843 2319 967 2385 Οὐχ
1003 2318 1092 2372 ὅτι
1137 2320 1244 2384 τὸν
1279 2319 1510 2388 Πατέρα
1550 2336 1636 2385 τις
1687 2318 1909 2386 ἑώρακε
1933 2333 1947 2346 °
1996 2317 2092 2370 καὶ
2125 2319 2207 2369 ὅτι
2248 2315 2276 2368 6

604 2400 732 2464 Υἱὸς
778 2403 939 2456 αὐτὸν
978 2400 1116 2470 οἶδε,
1168 2393 1453 2459 καὶτοῦτο
1497 2406 1658 2458 πάλιν
1699 2406 1936 2476 ἐδήλωσε
1977 2403 2272 2477 προσθείς·

598 2488 767 2556 Ειμὴ
795 2491 829 2542 ό
857 2489 942 2542 ὢν
972 2491 1041 2543 ἐκ
1075 2491 1181 2544 τοῦ
1212 2492 1380 2555 Θεοῦ,
1409 2488 1586 2557 οὗτος
1610 2489 1831 2560 ἑώρακε
1870 2492 1975 2544 τὸν
2012 2490 2271 2558 Πατέρα·

598 2576 681 2628 ὅτι
721 2577 906 2646 μέντοι
928 2577 1174 2649 ἀκριϐῶς
1194 2579 1356 2632 αὐτὸν
1379 2575 1508 2643 οἶδε,
1540 2581 1636 2632 καὶ
1668 2579 1842 2641 οὕτως
1861 2577 1938 2641 ὡς
1963 2578 2126 2640 αὐτὸς
2157 2579 2279 2630 ἐαυ-

597 2661 710 2727 τὸν,
744 2663 954 2718 οὐδέπω
987 2666 1145 2719 τοῦτο
1171 2667 1564 2722 ἀποδέδεικται.
1613 2666 1922 2736 Ἐνδέχεται
1943 2665 2074 2735 γὰρ,
2115 2664 2273 2733 φησὶ,

600 2739 742 2821 μηδὲ
785 2752 884 2822 τήν
928 2753 1107 2808 κτίσιν
1141 2753 1302 2807 αὐτὸν
1339 2754 1537 2808 εἰδέναι
1569 2753 1791 2824 σαφῶς,
1825 2754 1963 2824 μήτε
2004 2743 2274 2816 τὸνΥίὸν,

597 2837 716 2890 ἀλλ’
743 2840 958 2909 ἐκείνης
997 2839 1152 2912 [486]
1186 2841 1286 2911 μὲν
1328 2841 1686 2912 σαφέστερον,
1713 2841 1814 2911 τήν
1861 2840 2043 2910 μέντοι
2069 2838 2276 2909 ἀκριϐῆ

601 2925 905 2996 κατάληψιν
934 2927 1074 2998 μηδὲ
1114 2927 1304 2982 τοῦτον
1344 2927 1509 2999 ἐχειν.
1543 2929 1666 2981 Ὅτι
1701 2928 1800 2999 μὲν
1831 2928 1941 2998 7&9
1979 2926 2141 2980 αὐτὸν
2176 2925 2278 2996 ὁρᾷ

601 3011 738 3082 ὅπερ
770 3013 888 3066 ἐστὶ
913 3015 1008 3067 καὶ
1038 3013 1296 3082 γινώσκει
1321 3011 1494 3080 εἶπεν,
1521 3016 1604 3069 ὄτι
1630 3013 1688 3066 δὲ
1717 3013 1965 3085 ἀκριϐῶς
1993 3012 2157 3065 αὐτὸν
2187 3028 2275 3081 γι-

601 3099 822 3165 νώσκει,
844 3103 940 3154 καὶ
960 3101 1133 3167 οὕτως
1151 3103 1227 3167 ώς
1251 3103 1413 3167 αὐτὸς
1435 3102 1647 3167 ἐαυτὸν,
1671 3099 1822 3154 οὐπω
1841 3100 1997 3154 τοῦτο
2019 3099 2277 3170 ἐδήλωσε.

600 3185 864 3242 Βούλεσθε
916 3183 1010 3242 οὖν
1047 3189 1335 3244 καὶτοῦτο
1383 3191 1492 3244 ἀπὸ
1536 3189 1646 3243 τῶν
1698 3187 1933 3266 ραφῶν
1987 3186 2278 3239 πιστωσώ-

603 3275 763 3345 μεθα,
806 3277 901 3330 καὶ
936 3277 1031 3331 ἀπ’
1059 3279 1231 3350 αὐτῆς
1264 3279 1363 3348 τῆς
1399 3277 1494 3332 τοῦ
1534 3277 1774 3349 Χριστοῦ
1814 3276 2033 3346 φωνῆς;
2068 3274 2277 3329 Οὐκοῦν

601 3363 924 3434 ἀκούσωμεν
961 3365 1014 3418 τί
1050 3383 1182 3437 φησι
1215 3367 1353 3438 πρὸς
1398 3369 1526 3430 τοὺς
1567 3366 1887 3429 Ἰουδαίους’
1933 3363 2138 3430 Καθὼς
2192 3380 2278 3432 γι-

600 3449 824 3504 νώσκει
867 3467 946 3520 με
981 3454 1015 3506 ό
1054 3451 1288 3520 Πατὴρ,
1326 3452 1488 3520 κάγὼ
1538 3451 1813 3522 γινώσκω
1862 3450 1970 3505 τὸν
2019 3449 2275 3517 Πατέρα.

602 3536 672 3589 Τί
719 3537 921 3608 ταύτης
959 3539 1344 3611 ἀκριϐέστερον
1395 3539 1573 3609 βούλει
1613 3542 1712 3609 τῆς
1765 3537 2020 3608 γνώσεως
2052 3537 2274 3602 λοιπόν;

614 3625 920 3698 Ἐρώτησον
958 3627 1051 3681 τὸν
1090 3629 1437 3698 ἀντιλέγοντα
1461 3645 1473 3656 ·
1505 3625 1645 3682 οἶδεν
1674 3627 1917 3699 ἀκριϐῶς
1970 3628 2063 3680 τὸν
2099 3626 2226 3680 Υίὸν
2251 3628 2280 3679 6

599 3715 814 3787 Πατὴρ,
845 3717 940 3770 καὶ
978 3719 1158 3770 πᾶσαν
1188 3717 1356 3771 αὐτοῦ
1392 3717 1636 3788 ἀκριϐῶς
1663 3717 1758 3786 τὴν
1791 3717 1992 3784 γνῶσιν
2018 3715 2152 3786 ἔχει,
2185 3715 2279 3769 καὶ

599 3801 753 3856 οὐδὲν
795 3804 959 3858 αὐτὸν
1004 3805 1400 3860 λανθάνει-τῶν
1447 3805 1586 3858 κατὰ
1633 3804 1728 3857 ’τὸν
1768 3804 1917 3866 Υίὸν,
1955 3802 2070 3856 ἀλλ’
2101 3805 2280 3873 ἀπηρ-

598 3890 831 3960 τισμένη
885 3892 1034 3945 ἐστὶν
1085 3895 1118 3964 ή
1175 3892 1414 3964 είδησις;
1459 3893 1598 3959 Ναὶ,
1651 3892 1830 3963 φησίν.
1876 3889 2106 3966 Οὐκοῦν,
2152 3891 2279 3943 ὅταν

599 3977 841 4049 ἀκούσῃς
866 3980 947 4032 ὅτι
974 3980 1068 4033 καὶ
1092 3981 1120 4032 6
1151 3979 1276 4043 Υἱὸς
1313 3980 1490 4042 οὕτως
1516 3979 1680 4032 αὐτὸν
1711 3975 1853 4033 οἶδεν
1884 3978 1964 4042 ὡς
1993 3979 2157 4040 αὐτὸς
2183 3978 2278 4030 τὸν

601 4062 751 4129 Υίδν,
784 4065 949 4136 μηδὲν
987 4065 1066 4119 ἔτι
1096 4066 1248 4136 ζήτει
1288 4067 1473 4131 πλέον,
1513 4065 1656 4119 οὓτω
1691 4065 1832 4135 μετά
1864 4065 2152 4136 ἀκριϐείας
2177 4064 2278 4134 τῆς

599 4151 856 4220 γνώσεως
889 4147 1264 4224 ἐξισαζούσης.
1302 4153 1406 4207 Καὶ
1440 4155 1547 4225 7&9
1575 4155 1670 4207 καὶ
1697 4154 1931 4223 ἀλλαχοῦ
1963 4153 2120 4206 τοῦτο
2149 4152 2280 4205 αὐτὸ

599 4240 883 4310 ἐμφαίνων
924 4241 1142 4310 ἔλεγεν·
1194 4241 1404 4305 Οὐδεὶς
1433 4241 1723 4310 γινώσκει
1756 4241 1862 4294 τὸν
1903 4242 2061 4306 Υιὸν,
2102 4243 2157 4294 ει
2192 4241 2277 4309 μὴ

598 4329 635 4381 ὀ
677 4327 903 4397 Πατὴρ,
932 4328 1076 4383 οὐδὲ
1114 4328 1220 4382 τὸν
1254 4329 1485 4397 Πατέρα
1530 4347 1620 4395 τις·
1663 4328 2064 4398 ἐπιγινώσκει,
2098 4332 2150 4381 εὶ
2191 4329 2278 4397 μὴ

599 4415 635 4468 ό
679 4414 830 4481 Υἱὸς,
882 4415 981 4469 καὶ
1018 4409 1066 4482 ᾧ
1102 4416 1212 4469 ἐὰν
1252 4417 1550 4484 ,βούληται
1594 4420 1626 4469 ό
1677 4417 1810 4482 Υἱὸς
1860 4419 2275 4485 ἀποκαλύψαι.

611 4501 1011 4555 Ἀποκαλύπτει
1039 4501 1117 4566 δὲ,
1143 4504 1240 4573 οὐχ
1272 4504 1394 4556 ὅσον
1421 4504 1583 4566 αὐτὸς
1611 4496 1772 4567 οἶδεν,
1807 4504 1921 4557 ἀλλ’
1957 4507 2080 4557 ὅσον
2119 4506 2280 4574 ήμεῖς

599 4589 905 4660 χωροῦμεν.
929 4589 995 4645 EE
1031 4591 1139 4661 7&9
1166 4594 1194 4643 6
1227 4591 1438 4653 Παῦλος
1470 4590 1633 4644 τοῦτο
1661 4595 1827 4658 ποιεῖ,
1865 4592 2044 4661 πολλῷ
2075 4592 2280 4661 μᾶλλον

598 4680 628 4730 6
651 4677 910 4746 Χριστός·
940 4679 1035 4732 καὶ
1063 4679 1171 4748 γὰρ
1203 4679 1407 4742 ἐκεῖνός
1434 4696 1565 4749 φησι
1598 4682 1711 4742 τοῖς
1742 4679 1939 4732 ἐαυτοῦ
1975 4679 2290 4749 μαθηταῖςν

603 4767 725 4818 Οὐκ
752 4765 1070 4834 ἠδυνήθην
1098 4765 1240 4835 ὑμῖν
1265 4766 1532 4832 λαλῆσαι
1561 4769 1641 4832 ὡς
1668 4766 2114 4834 πνευματικοῖς,
2143 4767 2279 4820 ἀλλ’

598 4852 678 4917 ὠς
719 4853 1066 4921 σαρκικοῖς·
1103 4853 1184 4918 ὡς
1219 4855 1475 4920 νηπίους
1522 4854 1592 4907 έν
1645 4852 1878 4921 Χριστῷ
1927 4854 2083 4923 γάλα
2125 4853 2281 4922 ὑμᾶς

597 4939 885 5003 ἐπότισα,
937 4942 1009 4993 οὺ
1064 4939 1308 5008 βρῶμαο
1361 4941 1524 4992 οὔπω
1580 4940 1692 5010 γὰρ
1756 4940 2083 5007 ἠδύνασθε.
2121 4925 2282 4995 ’Ἀλλά

601 5018 914 5099 Κορινθίοις
954 5029 1144 5096 τοῦτο,
1169 5031 1356 5100 φησὶν,
1385 5029 1538 5098 ἔλεγε
1570 5031 1751 5099 μόνον.
1793 5030 1857 5082 Τί
1905 5027 2019 5096 οὖν,
2049 5031 2115 5084 ἂν
2181 5032 2283 5084 δεί-

601 5116 784 5185 ξωμεν
845 5117 927 5169 ὅτι
990 5118 1084 5170 καὶ
1134 5117 1298 5188 ἕτερά
1349 5118 1376 5156 ι)
1441 5135 1594 5179 τινα,
1642 5117 1678 5169 ὃ.
1731 5117 1920 5187 μηδεὶς
1976 5117 2281 5189 ἀνθρώπων

600 5205 804 5274 ἐμαοεν
836 5206 982 5277 ᾔδει,
1027 5206 1122 5261 καὶ
1167 5207 1376 5276 ἀπῆλθε
1423 5207 1584 5276 μόνος
1621 5205 1760 5258 αὐτά
1793 5206 1900 5259 τῶν
1937 5207 2153 5259 πάντων
2188 5209 2284 5260 ἁν-

603 5291 836 5362 θρώπων
881 5293 1070 5358 εἰδώςς
1119 5294 1375 5348 Καὶποῦ
1425 5294 1584 5347 τοῦτο
1634 5293 1779 5346 ἐστιν
1828 5295 2044 5364 εὐρεῖν;
2090 5297 2176 5347 Ἐν
2215 5300 2280 5367 τῇ

605 5380 740 5449 πρὸς
790 5382 1112 5452 Κορινθίους
1157 5382 1445 5452 ἐπιστολῇ’
1491 5376 1646 5444 οὗτος
1686 5381 1795 5451 γάρ
1833 5383 1980 5435 ἐστιν
2015 5385 2044 5435 ὁ
2085 5383 2280 5450 λέγων,

681 5666 702 5692 ⁸
724 5661 818 5714 Alii
846 5665 1160 5714 συνείλεκται.
1190 5665 1346 5714 Paulo
1375 5670 1487 5726 post
1511 5665 1728 5726 quinque
1755 5680 1868 5716 mss.
1893 5674 1945 5715 et
1966 5667 2119 5718 Savil.
2141 5671 2282 5719 λοιπὰ

609 5729 814 5790 γίνεσθαι
832 5728 967 5790 μέρη·
995 5728 1050 5774 τὸ
1069 5726 1174 5790 γάρ.

679 5793 707 5832 ιι
727 5787 952 5850 Quinque
985 5787 1100 5839 mss)
1129 5787 1351 5844 δείξωμεν
1377 5788 1533 5836 εἰδότα
1574 5789 1654 5835 καὶ
1678 5789 1874 5853 ἔτερα...
1896 5791 2062 5851 ἔμαθεν
2078 5791 2187 5849 ἤδη.

2391 764 2622 833 μερικὴν
2654 763 2767 833 ἔχει
2806 762 3005 830 γνῶσιν
3040 763 3135 814 καλ⁵
3165 760 3300 814 πολὺ
3327 762 3430 832 τῆς
3457 759 3758 830 μελλούσης
3803 756 4074 812 ἀποδέου-

2388 865 2508 904 σαν.
2531 851 2702 913 Αὐτὸς
2734 849 2843 920 γὰρ
2861 851 2890 902 6
2922 847 3094 901 ταῦτα
3124 846 3295 901 εἰπὼν
3321 847 3550 900 κάκεῖνα
3583 847 3830 917 εἴρηκεν,
3856 845 3941 898 δτι
3973 844 4074 897 Ἐκ

2379 936 2605 1005 μέρους
2644 935 3040 1004 γινώσκομεν,
3071 935 3169 987 καί
3203 935 3273 988 ἐκ
3303 933 3531 1003 μέρους
3575 933 4068 1002 προφητεύομεν·

2386 1025 2498 1086 καὶ,
2525 1023 2655 1076 Ὅτε
2687 1023 2850 1092 ήμην
2877 1021 3117 1088 νήπιος,
3146 1021 3228 1088 ὡς
3256 1022 3476 1088 νήπιος
3509 1020 3801 1086 ἐλάλουν,
3841 1020 3922 1086 ὡς
3957 1019 4070 1086 νή-

2384 1125 2521 1178 πιος
2564 1112 2884 1179 ἐφρόνουν,
2931 1111 3013 1176 ὡς
3065 1110 3285 1176 νήπιος
3328 1108 3716 1178 ἐλογιζόμηνυ
3751 1110 3870 1174 καὶ,
3910 1110 4068 1176 Ἄρτι

2377 1194 2593 1258 ,ϐλέπω
2636 1193 2711 1247 δι’
2738 1194 3039 1262 ἐσόπτρου
3073 1193 3144 1246 έν
3188 1193 3488 1262 αἰνίγματι
3508 1232 3523 1256 ,
3572 1193 3708 1246 τότε
3745 1191 3816 1245 δὲ
3875 1194 4065 1259 πρόσ-

2382 1293 2548 1334 ωπον
2574 1281 2726 1348 πρὸς
2769 1281 3116 1349 πρόσωπον.
3144 1281 3309 1333 Ὥστε
3351 1281 3416 1332 ἐκ
3453 1279 3668 1343 τούτων,
3698 1281 3832 1350 ἡμῖν
3878 1279 4069 1332 ἅπασα

2382 1367 2562 1420 αὐτῶν
2609 1369 2643 1436 ὴ
2719 1367 2992 1439 σκευωρία
3025 1378 3047 1405 ο
3114 1367 3526 1438 διελήλεγκταιο
3577 1368 3709 1420 ὃταν
3758 1365 3869 1436 7&9
3927 1364 4071 1434 αὑτὴ

2318 1471 2339 1481 ’
2380 1457 2416 1525 ή
2443 1455 2598 1518 οὐσία
2627 1457 2908 1525 ἀγνοῆται,
2950 1455 3049 1524 οὐχ
3088 1456 3170 1508 ὅτι
3216 1454 3386 1517 ἐστιν,
3415 1454 3553 1523 ἀλλά
3600 1454 3654 1506 τί
3697 1455 3870 1515 ἐστιν,
3899 1452 4068 1522 ἐσχά-

2380 1558 2480 1612 της
2514 1541 2580 1595 ἀν
2608 1539 2693 1611 εἴη
2737 1541 2937 1609 μανίας
2965 1542 3059 1594 καὶ
3089 1541 3262 1611 ὄνομα
3295 1542 3434 1612 αὐτῇ
3486 1537 3717 1594 τιθέναι.
3749 1540 3946 1593 Καίτοι
4001 1555 4069 1606 γε

2381 1627 2476 1680 καὶ
2524 1629 2574 1680 εί
2617 1627 2753 1696 δήλη
2803 1626 2898 1680 καὶ
2950 1626 3226 1699 γνώριμος
3273 1623 3364 1699 ἦν,
3409 1628 3532 1680 οὐδὲ
3579 1626 3757 1691 οὕτως
3811 1621 3884 1698 ἦν
3932 1627 4072 1696 ἡμῖν

2381 1713 2619 1783 ἀσφαλὲς
2657 1713 2852 1776 αὐτοὺς
2880 1712 3089 1776 οἴκοθεν
3123 1715 3219 1766 καὶ
3263 1715 3396 1784 παρ’
3438 1713 3649 1768 ἑαυτῶν
3682 1713 4067 1783 προσηγορίαν

2381 1800 2678 1853 ἐπιτιθέναι
2721 1802 2788 1869 τῇ
2835 1798 2930 1851 τοῦ
2977 1800 3252 1852 Δεσπὸτου
3303 1800 3485 1871 οὐσίᾳ.
3523 1801 3588 1853 ΕΞ
3634 1800 3748 1871 γάρ
3777 1802 3806 1854 6
3854 1798 4070 1862 Παῦλος

2379 1888 2501 1948 ταῖς
2534 1884 2648 1937 ἀνω
2693 1884 2989 1954 δυνάμεσιν
3031 1886 3134 1938 οὐκ
3179 1885 3481 1957 ἐτόλμησεν
3532 1887 3782 1962 ὀνοματα
3816 1885 4064 1940 ἐπιτιθέ-

2380 1986 2500 2043 ναι,
2547 1970 2664 2024 ἀλλ’
2710 1971 2899 2035 εἰπὼν,
2941 1973 3022 2025 ὅτι
3077 1971 3350 2027 Ἐκάθισε
3399 1973 3510 2027 τὸν
3560 1973 3821 2041 Χριστὸν
3856 1962 4063 2026 ’ἐπάνω

2381 2054 2584 2120 πάσης
2604 2053 2796 2122 ἀρχῆς
2830 2056 2929 2108 καὶ
2963 2055 3252 2121 ἐξουσίας
3285 2055 3738 2126 καὶδυνάμεως,
3770 2055 3870 2108 καὶ
3912 2070 4067 2108 xar-

2380 2141 2484 2206 τὸς
2521 2140 2812 2208 ὀνόματος
2849 2140 3305 2210 ὀνομαζομένου,
3334 2143 3408 2196 οὐ
3441 2144 3636 2211 μόνον
3669 2142 3739 2194 ἐν
3771 2139 3852 2206 τῷ
3889 2139 4062 2195 αίῶνι

2379 2229 2586 2295 τούτῳ,
2614 2227 2775 2282 ἀλλὰ
2807 2227 2908 2282 και
2938 2229 3009 2281 έν
3053 2226 3136 2293 τῷ
3174 2227 3489 2298 μέλλοντι,
3520 2230 3617 2283 καὶ
3645 2228 3866 2294 διδάξας
3916 2230 4066 2300 ἡμᾶς

2380 2314 2462 2367 δτι
2494 2313 2608 2368 ἐστι
2637 2315 2760 2370 τινὰ
2788 2315 3027 2385 ὀνόματα
3053 2315 3161 2369 τῶν
3193 2314 3502 2385 δυνάμεων,
3530 2315 3567 2370 ἃ
3607 2316 3729 2368 τότε
3765 2315 4063 2385 εἰσόμεθα,

2381 2401 2483 2454 οὐκ
2522 2399 2826 2472 ἐθάρρησεν
2879 2402 3044 2473 ἕτερα
3091 2402 3252 2466 αὐτὸς
3293 2403 3408 2455 ἀντ’
3444 2403 3670 2456 ἐκείνων
3708 2403 3908 2466 θεῖναι,
3947 2402 4067 2457 0666

2381 2489 2521 2542 αὐτά
2575 2489 2759 2543 ἐκεῖνα
2814 2489 3338 2561 περιεργάζεσθαιάο
3373 2491 3519 2555 τίνος
3561 2493 3626 2546 ἂν
3671 2488 3784 2545 εἷεν
3819 2491 4065 2559 συγγνώη

2387 2593 2492 2646 μης
2549 2575 2720 2640 ἄξιοι.
2767 2576 2799 2647 ἢ
2849 2577 3010 2641 ποίας
3066 2577 3364 2645 ἀπολογίας
3428 2580 3478 2631 οί
3535 2578 3631 2630 ἐπὶ
3680 2579 3782 2648 τῆς
3839 2578 3936 2632 τοῦ
3973 2580 4069 2630 Αε-

2385 2660 2585 2713 σπότου
2631 2662 2820 2726 οὐσίας
2873 2662 3047 2716 ταῦτα
3091 2663 3431 2734 τολμῶντες;
3462 2665 3634 2717 Ὅταν
3677 2664 3736 2717 δὲ
3781 2663 3881 2717 καὶ
3927 2663 4067 2733 αὑτὴ

2381 2747 2415 2816 ή
2447 2747 2605 2801 οὐσία
2633 2749 2893 2819 ἀγνοῆται
2934 2749 3186 2821 καθάπερ
3223 2753 3350 2814 τοὺς
3395 2751 3817 2822 παραπαίοντας
3868 2750 4069 2812 αὐτοὺς

2383 2833 2821 2904 ἀποστρέφεσθαι
2863 2838 2992 2907 χρή.
3042 2838 3163 2890 Ὅτι
3213 2839 3312 2908 μὲν
3354 2837 3463 2909 γὰρ
3505 2837 3803 2907 ἀγέννητὸς
3844 2839 3999 2890 ἐστιν
4039 2836 4068 2888 6

2382 2921 2513 2984 Θεὸς
2561 2921 2748 2992 δῆλονο
2789 2924 2870 2976 ὅτι
2909 2924 2968 2977 δὲ
3009 2925 3169 2977 τοῦτό
3212 2925 3360 2978 ἐστιν
3401 2925 3566 2978 αὐτοῦ
3620 2925 3719 2994 τῆς
3768 2924 3961 2988 οὐσίας
4004 2923 4064 2977 τὸ

2382 3007 2552 3078 ὄνομα
2601 3009 2775 3073 οὐδεὶς
2811 3013 3096 3082 προφήτης
3137 3006 3314 3080 εἶπεν,
3353 3013 3531 3077 οὐδεὶς
3568 3013 3868 3075 ἀπόστολος
3918 3007 4065 3085 [487]

2382 3098 2625 3169 ⁴ᾐνίξατο,
2668 3101 2842 3164 οὐδεὶς
2892 3101 3323 3173 εὐαγγελιστής·
3367 3100 3462 3155 καλ¹
3518 3102 3666 3172 μάλα
3725 3101 3975 3164 εἰκότως.
4006 3099 4069 3153 οι

2383 3185 2493 3257 γὰρ
2524 3186 2694 3257 αὐτὴν
2734 3187 2834 3260 τήν
2879 3188 3067 3243 οὐσίαν
3112 3188 3464 3259 ἀγνοοῦντες,
3509 3188 3629 3253 πῶς
3673 3189 3847 3260 ὄνομα
3898 3187 4072 3260 αὐτῆς

2384 3272 2565 3341 λέγειν
2606 3273 2871 3346 ήμελλον;

2459 3422 2522 3472 ε’.
2563 3417 2673 3470 Καὶ
2721 3418 2776 3470 τί
2809 3416 2953 3486 λέγω
2992 3417 3122 3490 περὶ
3172 3417 3281 3472 τῶν
3316 3417 3476 3472 θείων
3523 3417 3782 3490 Γραφῶν,
3816 3417 3963 3471 ὅπου
4009 3433 4071 3487 γε

2383 3503 2621 3576 τοσαύτη
2660 3507 2759 3576 τῆς
2794 3506 3025 3569 ἀτοπίας
3069 3508 3102 3577 ή
3139 3506 3469 3577 περιφάνεια
3502 3517 3551 3571 ο,
3595 3505 3693 3558 καὶ
3735 3505 3836 3576 τῆς
3890 3522 4070 3576 παρα-

2385 3595 2578 3666 νομίας
2611 3597 2646 3666 ή
2676 3595 2971 3670 ὑπερϐολὴ,
3013 3597 3089 3660 ὡς
3131 3597 3266 3668 μηδὲ
3305 3597 3435 3658 τοὺς
3478 3596 3579 3667 τῆς
3615 3594 3879 3666 ἀληθείας
3926 3595 4066 3648 ἀπο-

2385 3683 2758 3754 πλανηθέντας
2793 3683 3066 3754 ’Έλληνας
3115 3685 3464 3754 ἐπιχειρῆσαί
3525 3683 3657 3736 ποτέ
3711 3699 3765 3735 τι
3823 3681 4067 3736 τοιοῦτον

2384 3775 2586 3836 είπεῖν;
2619 3772 2807 3834 Οὐδεὶς
2839 3771 2948 3843 γὰρ
2976 3772 3099 3825 οὐδὲ
3138 3771 3364 3825 ἐκείνων
3392 3771 3663 3841 ἐτόλμησε
3695 3769 3849 3832 θείας
3879 3770 4067 3832 οὐσίας

2385 3861 2509 3931 ὅρον
2540 3859 2817 3922 ἐκθέσθαι,
2845 3861 2940 3912 καὶ
2967 3861 3046 3912 ἑνὶ
3073 3860 3296 3931 ὀνόματι
3325 3859 3662 3931 περιλαϐεῖν.
3688 3859 3800 3912 Καὶ
3832 3858 3888 3911 τί
3929 3858 4066 3926 λέγω

2386 3947 2533 4009 θείας
2565 3946 2770 4010 οὐσίας,
2797 3949 2933 4000 ὅπου
2964 3963 3027 4014 γε
3061 3949 3190 4017 περὶ
3229 3948 3325 4016 τῆς
3349 3946 3458 4000 τῶν
3495 3945 3809 4015 ἀσωμάτων
3852 3944 4066 4014 φύσεως

2387 4034 2800 4104 φιλοσοφοῦντες
2822 4035 2944 4086 οὐδέ
2970 4033 3175 4104 ταύτης
3199 4033 3609 4104 ἀπηρτισμένον
3638 4033 3763 4104 ὅρον
3792 4031 4060 4096 ἐξέθεντο,

2386 4121 2502 4174 ἀλλ’
2543 4121 2792 4192 ἀμυδράν
2841 4137 2960 4173 τινα
2996 4120 3257 4190 ἐξήγησιν
3296 4119 3392 4172 καὶ
3426 4119 3753 4191 ὑπογραφὴν
3801 4117 4064 4190 μᾶλλονῆ

2387 4209 2544 4278 ὃρον;
2581 4208 2742 4262 Ἀλλά
2769 4207 2854 4271 τίς
2884 4209 2912 4259 6
2955 4207 3121 4276 σοφὸς
3155 4205 3338 4259 αὐτῶν
3378 4205 3575 4274 λόγος;

2459 4349 2576 4400 Οὐκ
2620 4343 2765 4410 οἶδας
2814 4341 2906 4400 οὖν
2942 4347 2970 4399 6
3021 4345 3230 4410 σέϐεις;
3282 4345 3437 4414 φησί.
3492 4344 3745 4398 Μάλιστα
3801 4345 3906 4414 μὲν
3951 4344 4060 4399 οὐδὲ

2387 4434 2782 4504 ἀποκρίνασθαι
2830 4434 2966 4504 πρὸς
3018 4432 3177 4485 τοῦτο
3222 4432 3358 4496 ἔδει,
3412 4432 3684 4502 τοσαύτης
3738 4431 4061 4495 ἀποδείξεως

2386 4523 2452 4574 ἐκ
2476 4521 2583 4573 τῶν
2618 4520 2848 4591 Γραφῶν
2877 4521 3195 4590 γενομένης,
3232 4520 3314 4572 ὅτι
3346 4518 3608 4572 ἀδύνατον
3640 4518 3842 4571 εἰδέναι
3880 4520 3934 4572 τί
3972 4520 4063 4588 τήν

2386 4609 2571 4662 οὐσίαν
2610 4609 2757 4661 ἐστὶν
2787 4609 2814 4659 6
2850 4607 3018 4670 Θεός·
3055 4607 3325 4678 ἐπειδὴδὲ
3358 4607 3420 4660 06
3469 4608 3606 4678 πρὸς
3647 4606 3850 4677 ἔχθραν
3900 4607 4061 4676 φθεγ-

2373 4683 2627 4764 γόμεθα,
2671 4694 2783 4746 ἀλλ’
2813 4694 2954 4747 ὥστε
3002 4695 3198 4756 αὐτοὺς
3231 4693 3559 4766 διορθῶσαι,
3593 4695 3726 4764 φέρε
3777 4694 4059 4764 δείξωμεν,

2387 4783 2466 4835 ὅτι
2498 4783 2559 4834 οὐ
2597 4782 2657 4835 :6
2688 4783 2900 4849 ἀγνοεῖν
2939 4781 2990 4833 τί
3023 4782 3122 4850 τὴν
3161 4782 3352 4834 οὐσίαν
3396 4783 3545 4834 ἐστὶν
3577 4785 3604 4834 6
3638 4781 3790 4842 Θεὸς,
3839 4781 3975 4834 ἀλλά
4005 4782 4061 4834 :6

2390 4871 2709 4941 φιλονεικεῖν
2739 4871 2958 4934 εἰδέναι,
2987 4869 3145 4922 τοῦτο
3174 4869 3288 4922 ἐστι
3314 4869 3408 4923 τὸν
3439 4869 3573 4924 Θεὸν
3601 4870 3840 4938 ἀγνοεῖν.

2460 5022 2594 5075 Εἰπὲ
2625 5023 2733 5092 γάρ
2770 5039 2879 5091 μοι,
2906 5023 2955 5073 εί
2985 5019 3078 5073 δύο
3105 5019 3409 5092 ἀνθρώπων
3441 5022 3898 5091 φιλονεικούντων
3931 5023 4059 5094 πρὸς

2389 5109 2651 5179 ἀλλήλους
2697 5108 2892 5160 εἰδέναι
2944 5107 3035 5159 τοῦ
3086 5108 3319 5178 οὐρανοῦ
3367 5109 3429 5161 :6
3485 5108 3735 5179 μέγεθος,
3776 5112 3804 5161 6
3843 5112 3941 5180 μὲν
3983 5106 4057 5172 είς

2387 5198 2536 5265 λέγει
2593 5197 2666 5266 μὴ
2721 5195 2981 5248 δύνασθαι
3032 5196 3163 5247 αὐτὸ
3227 5195 3567 5265 ἀνθρώπινον
3621 5195 4053 5266 καταλαμϐάνειν

2387 5283 2687 5352 ὀφθαλμὸν,
2731 5285 2759 5335 6
2803 5281 2859 5334 δὲ
2910 5283 3097 5351 ἕτερος
3149 5281 3476 5353 φιλονεικοίη
3525 5282 3751 5337 δυνατὸν
3779 5279 3946 5348 εἶναι,
3987 5284 4050 5354 τῇ

2456 5614 2479 5640 ⁸
2517 5610 2612 5672 Alii
2637 5611 2890 5672 σκαιωρία.

2455 5671 2482 5711 d
2518 5671 2615 5720 Alii
2641 5671 3039 5734 περιεργάσασθαι
3048 5709 3057 5718 .

2458 5737 2483 5763 θ
2512 5735 2618 5782 Duo
2641 5732 3092 5805 πηοί-ὑπερηφανία,
3131 5740 3185 5782 el
3227 5732 3298 5805 sic
3332 5733 3483 5786 Savil.
3523 5734 3655 5789 Infra
3691 5739 3914 5804 quinque
3942 5754 4031 5795 mss

2395 5794 2514 5843 ὅπου
2536 5811 2588 5855 γε
2609 5795 2713 5856 περί
2734 5800 2818 5851 τῆς
2839 5794 2933 5842 τῶν
2954 5795 3190 5856 σωμάτων
3210 5796 3411 5858 φύσεως.
