4174 6336
315 497 417 554 7“

317 608 417 664 hac
451 605 656 662 Insania
698 601 960 658 deterius?
987 602 1093 656 Cur
1133 609 1312 656 autem
1348 599 1470 655 dico
1494 641 1509 665 ,
1553 614 1670 670 quae
1693 599 1764 655 sit
1793 598 1908 653 ani-

317 699 419 753 ma:
455 693 787 751 substantia?
814 691 890 746 Ne
919 691 1132 761 quidem
1162 690 1430 759 quomodo
1471 689 1543 744 sit
1587 689 1640 743 in
1681 701 1908 758 corpore

211 807 218 812 ·
313 787 579 858 quispiam
607 785 789 840 dicere
832 792 1027 854 potest.
1064 782 1199 851 Quid
1225 782 1369 837 enim
1403 781 1644 846 dicatur,
1671 796 1737 834 an
1787 794 1905 835 eam

316 879 370 932 in
412 885 525 932 tota
547 875 787 946 corporis
823 873 966 929 mole
1009 871 1269 927 extendi?
1295 870 1399 927 Sed
1445 870 1547 925 hoc
1573 869 1861 925 absurdum
1888 909 1906 936 ,

316 970 370 1025 id
399 969 596 1038 quippe
621 964 936 1036 corporibus
967 964 1238 1034 proprium
1283 959 1768 1027 est.'Quod‘.autem
1794 960 1908 1014 ani-

316 1075 403 1114 ma
432 1059 511 1115 sic
537 1071 661 1113 esse
699 1070 805 1111 non
850 1039 1019 1126 possit
1043 1095 1058 1119 ,
1086 1052 1220 1115 hinc,
1250 1053 1417 1122 liquet
1443 1069 1457 1103 :
1489 1065 1633 1120 s-rpe
1660 1050 1907 1104 manibus

314 1149 646 1221 pedibusque
696 1147 932 1217 pmcisis
971 1184 989 1210 ,
1038 1144 1247 1213 integra
1307 1143 1397 1197 illa
1451 1150 1673 1207 manet,
1727 1156 1901 1211 neque

319 1249 569 1294 truncato
590 1251 819 1307 corpore
847 1234 1033 1291 mutila
1064 1233 1313 1288 etlieitur.
1348 1231 1537 1285 Verum
1570 1231 1623 1284 in
1655 1239 1766 1285 toto
1791 1244 1904 1285 cor-

315 1344 450 1397 pore
495 1342 602 1382 non
646 1335 758 1393 est,
811 1324 907 1379 sed
955 1323 1008 1378 in
1059 1333 1213 1392 parte
1252 1321 1478 1392 quadam
1518 1319 1906 1375 continetur':

243 1471 249 1475 .
318 1433 453 1488 ergo
498 1417 699 1487 reliqua
731 1413 1218 1484 mcmbragmortua‘
1233 1425 1354 1466 esse
1392 1424 1613 1465 necesse
1640 1419 1759 1475 est,
1785 1424 1908 1464 nam

317 1510 460 1582 quod
503 1510 881 1584 inanimatum,
911 1514 1179 1560 mortuum
1236 1512 1342 1560 est.
1383 1503 1452 1556 At
1496 1516 1596 1556 nec
1645 1500 1773 1555 illud
1825 1501 1910 1555 di-

315 1601 545 1656 centium
571 1642 587 1667 ,
634 1599 726 1653 sed
755 1598 900 1652 illam
931 1595 1146 1666 quidem
1196 1594 1252 1649 in
1296 1607 1524 1662 corpore
1558 1605 1679 1647 esse
1723 1602 1909 1646 nostro

315 1693 518 1746 scimus
539 1733 555 1758 ,
602 1688 872 1761 quomodo
901 1696 1081 1743 autem
1117 1687 1227 1750 sit,
1266 1686 1593 1756 ignoramus.
1621 1683 1909 1752 Propterea

316 1784 463 1838 enim
500 1783 641 1838 Deus
670 1781 809 1836 hanc
851 1780 1005 1834 nobis
1041 1776 1396 1848 cognitionem
1435 1775 1645 1844 penitus
1672 1773 1910 1828 occulta-

315 1878 389 1930 vit
418 1916 434 1940 ,
462 1883 521 1930 ut
548 1873 705 1928 nobis
733 1886 828 1927 ora
871 1871 1120 1925 fraenaret
1141 1911 1157 1937 ,
1185 1869 1509 1931 contineret,
1541 1876 1706 1936 atque
1742 1865 1793 1919 in
1825 1864 1909 1918 in-

315 1964 457 2018 timis
487 1977 706 2018 manere
748 1960 1037 2026 suaderet,
1081 1973 1148 2013 ne
1183 1973 1303 2029 qua:
1326 1971 1485 2025 supra
1516 1970 1614 2010 nos
1664 1963 1789 2008 sunt
1816 1970 1911 2008 eu-

314 2057 459 2110 riose
489 2064 869 2118 serutaremur,
901 2061 996 2105 aut
1022 2045 1675 2119 perquireremus.Verum
1703 2059 1770 2099 ne
1797 2045 1912 2099 haec

314 2145 616 2201 ratiociniis
661 2143 858 2216 nostris
906 2142 1377 2216 demonstremus,
1425 2153 1524 2209 age
1577 2153 1788 2192 rursum
1843 2137 1912 2203 ad

317 2234 650 2305 Scripturam
696 2215 1002 2289 sermonem
1031 2242 1442 2286 convertamus:
1477 2228 1600 2282 Non
1641 2230 1762 2298 quia
1799 2227 1913 2284 Pa-z

315 2336 442 2380 trem
471 2325 596 2379 vidit
636 2324 904 2396 quisquam
926 2363 941 2386 ,
986 2321 1084 2375 nisi
1135 2321 1221 2391 qui
1263 2336 1328 2374 ea:
1353 2319 1461 2373 Deo
1504 2328 1617 2386 est,
1665 2318 1747 2372 hic
1787 2318 1911 2372 vidit

317 2415 531 2492 Patrem
554 2415 735 2485 (Joan.
782 2413 836 2469 6.
866 2411 984 2483 46).
1009 2411 1208 2466 Verum
1235 2410 1362 2480 quid
1389 2410 1531 2465 hoc?
1556 2410 1792 2480 inquiet:
1812 2410 1915 2466 hoc

315 2510 519 2569 dictum
575 2526 682 2564 non
730 2509 829 2579 ipsi
860 2508 1222 2578 cognitionem
1255 2505 1543 2575 perfectam
1589 2504 1910 2574 adscripsit,

317 2601 415 2655 sed
440 2609 740 2654 creaturam
768 2600 981 2668 quidem
1012 2613 1134 2653 eum
1161 2612 1269 2652 non
1291 2611 1452 2652 nosse
1497 2595 1788 2651 declaravit
1830 2595 1914 2650 his

318 2693 540 2747 verbis:
574 2689 697 2744 Non
750 2693 872 2760 quia
919 2689 1131 2744 Patrem
1172 2690 1294 2743 vidit
1346 2690 1646 2760 quisquam;
1684 2688 1916 2757 itemque

316 2781 462 2838 dixit
513 2781 708 2836 Filium
753 2783 926 2851 ipsum
977 2795 1171 2845 nosse,
1204 2779 1319 2834 haec
1372 2778 1740 2848 subjungens,
1795 2773 1917 2831 Nisi

317 2874 408 2942 qui
445 2883 517 2928 est
541 2890 606 2927 ea:
623 2871 734 2927 Deo
756 2889 774 2926 :
789 2874 881 2926 \hic
900 2873 1023 2926 vidit
1050 2870 1276 2926 Patrem.
1306 2870 1460 2939 Quod
1479 2881 1654 2926 autem
1682 2867 1917 2941 perfecte

320 2963 468 3018 illum
500 2972 792 3032 cognoscat
813 3003 828 3028 ,
859 2973 1017 3032 atque
1044 2963 1114 3016 ita
1154 2973 1212 3016 ut
1237 2961 1351 3031 ipse
1391 2962 1628 3030 seipsum
1654 2959 1836 3026 novit,
1861 2957 1916 3012 id

319 3055 556 3110 nondum
608 3055 1031 3110 demonstratum
1083 3063 1187 3111 est.
1230 3054 1370 3109 Fieri
1425 3067 1656 3122 namque
1695 3058 1870 3122 poteSt
1897 3091 1914 3117 ,

321 3148 398 3201 ait
419 3188 436 3213 ,
465 3156 525 3202 ut
565 3163 740 3218 neque
781 3153 1025 3202 creatura
1054 3162 1175 3201 eum
1204 3145 1348 3201 clare
1390 3153 1678 3215 cognoscat
1703 3185 1716 3208 .
1744 3158 1917 3213 neque

321 3229 511 3304 Filius,
540 3237 635 3293 sed
661 3237 858 3292 clarius
887 3239 974 3292 hic
1000 3253 1158 3307 quam
1206 3237 1315 3300 illa,
1339 3245 1392 3291 et
1418 3245 1596 3291 tamen
1625 3234 1916 3306 perfectam

321 3328 858 3399 comprehensionem
907 3344 1014 3384 non
1062 3330 1303 3398 attingat.
1334 3328 1466 3382 Nam
1506 3328 1654 3382 illum
1702 3327 1918 3396 quidem

322 3419 541 3485 videre,
573 3428 632 3474 ut
668 3429 785 3488 est,
818 3429 873 3474 et
897 3434 1222 3489 cognoscere
1248 3435 1307 3475 se
1347 3421 1458 3485 ait,
1483 3417 1715 3489 perfecte
1739 3428 1918 3473 autem

325 3525 657 3582 cognoscere
684 3519 845 3579 atque
874 3520 931 3564 ut
958 3511 1072 3580 ipse
1113 3512 1348 3580 seipsum
1384 3511 1568 3575 novit,
1597 3509 1648 3563 id
1675 3493 1918 3564 nondum

323 3599 636 3656 declaravit.
667 3599 907 3656 Vultisne
931 3600 1094 3670 igitur
1119 3641 1135 3666 ,
1163 3610 1222 3654 ut
1249 3615 1280 3654 a
1318 3600 1484 3654 sacris
1505 3599 1834 3669 Scripturis',
1866 3607 1921 3653 et

321 3693 392 3748 ab
433 3692 564 3763 ipsis
587 3691 788 3747 Christi
824 3692 1002 3748 verbis
1037 3691 1089 3747 id
1112 3691 1444 3762 probemus?
1474 3690 1765 3744 Audiamus
1791 3689 1921 3761 quid

322 3783 523 3839 ludatis
562 3783 678 3853 ipse
701 3782 844 3838 dicat
871 3798 886 3837 :
920 3782 1064 3837 Sicut
1087 3782 1344 3853 cognoscit
1372 3798 1451 3834 me
1480 3779 1639 3851 Pater
1659 3821 1677 3848 ,
1722 3791 1769 3835 et
1825 3797 1921 3853 ego

320 3889 571 3945 cognosco
599 3871 810 3926 Patrem
862 3871 977 3942 (Id.
1010 3872 1096 3928 lO.
1125 3872 1240 3942 i5).
1289 3870 1426 3940 Quid
1479 3869 1579 3926 hac
1597 3871 1922 3942 cognitione

325 3965 620 4036 perfectius
647 3963 844 4020 deinde
891 3963 1149 4035 quaeras?
1173 3963 1456 4033 interroga
1508 3962 1872 4018 adversarium
1903 4005 1919 4031 ,

323 4074 390 4111 an
417 4057 578 4113 Pater
606 4055 801 4110 Filium
833 4055 1070 4126 perfecte
1100 4055 1284 4122 novit,
1315 4055 1783 4125 omnimodamque
1806 4053 1924 4124 ejus

323 4149 686 4221 cognitionem
726 4149 928 4215 habet,
963 4149 1201 4218 nihilque
1255 4149 1354 4217 ipsi
1397 4148 1527 4203 latet
1568 4161 1756 4202 eorum
1804 4161 1924 4217 qua:

323 4243 522 4300 Filium
552 4251 796 4314 spectant
818 4284 833 4310 ,
865 4242 963 4299 sed
1014 4241 1247 4312 perfecta
1273 4249 1356 4296 est
1399 4240 1663 4296 scientia?
1700 4239 1775 4294 ita
1804 4249 1920 4305 est,

325 4336 693 4406 respondebit.
740 4335 906 4406 igitur
967 4346 1088 4390 cum
1133 4333 1405 4405 audieris,
1468 4334 1538 4387 ita
1589 4347 1714 4388 eum
1764 4346 1925 4387 nosse

325 4426 524 4483 Filium
561 4436 620 4481 ut
643 4427 757 4497 ipse
786 4425 979 4482 Filium
1005 4425 1186 4493 novit,
1216 4424 1347 4479 nihil
1369 4423 1504 4478 ultra
1527 4437 1735 4494 quaeras
1757 4463 1771 4488 ,
1802 4439 1924 4478 cum

325 4517 609 4588 utrobique
648 4518 880 4587 cognitio
908 4518 976 4571 ita
1021 4517 1091 4571 sit
1142 4515 1382 4586 aequalis.
1425 4515 1557 4570 Nam
1588 4524 1642 4570 et
1669 4515 1796 4570 alibi
1844 4515 1927 4570 id-

323 4608 504 4680 ipsum
560 4610 850 4665 declaravit
900 4609 984 4665 his
1027 4610 1250 4666 verbis:
1285 4608 1451 4665 Nemo
1495 4609 1631 4663 novit
1693 4607 1922 4675 Filium,

327 4701 430 4756 nisi
481 4699 638 4754 Pater
661 4741 676 4766 ,
737 4717 897 4771 neque
939 4700 1149 4755 Patrem
1200 4701 1312 4771 quis
1361 4700 1529 4765 novit,
1569 4699 1667 4753 nisi
1713 4697 1884 4752 Filius
1906 4738 1922 4763 ,

327 4799 380 4846 et
427 4793 514 4846 cui
564 4793 775 4847 voluerit
804 4791 981 4854 Filius,
1015 4794 1235 4847 revelare
1268 4789 1481 4863 (Matth.
1535 4791 1622 4845 ll.
1677 4790 1794 4861 27).
1819 4789 1927 4845 Re-

329 4883 475 4939 velat
513 4891 694 4938 autem
747 4899 854 4938 non
880 4892 1139 4956 quantum
1167 4883 1281 4954 ipse
1309 4883 1496 4948 novit,
1539 4883 1635 4938 sed
1669 4892 1925 4952 quantum

329 4988 432 5029 nos
455 4974 716 5044 capimus.
751 4973 887 5028 Nam
932 4974 975 5028 si
1001 4973 1197 5028 Paulus
1223 4974 1294 5028 ita
1319 4971 1517 5038 faciat,
1544 4973 1712 5027 multo
1757 4972 1926 5042 magis

326 5066 611 5122 Christus:
633 5068 909 5138 discipulis
925 5069 1130 5138 quippe
1150 5067 1263 5122 suis
1286 5066 1364 5122 sic
1393 5066 1482 5121 ille
1507 5067 1612 5120 ait:
1639 5064 1760 5119 Non
1785 5065 1928 5135 potui

329 5159 473 5212 vobis
501 5159 637 5226 loqui
691 5159 838 5227 quasi
870 5158 1254 5227 spiritualibus,
1283 5158 1371 5211 sed
1419 5158 1565 5227 quasi
1611 5158 1924 5236 carnalibus.

334 5251 620 5321 Tamquam
662 5250 889 5322 parvulis
930 5250 985 5304 in
1011 5249 1213 5303 Christo
1249 5249 1327 5302 lac
1372 5248 1508 5303 nobis
1554 5259 1727 5319 potum
1765 5248 1923 5314 dedi,

331 5345 911 5396 nonescamrnondum
949 5341 1082 5394 enim
1112 5341 1350 5412 poteratis
1380 5341 1460 5410 (l.
1490 5341 1607 5394 Cor.
1629 5341 1682 5394 5.
1717 5340 1742 5394 l
1755 5351 1793 5410 ).
1821 5339 1926 5396 Sed

335 5433 393 5488 td
418 5432 714 5488 Corinthiis
762 5440 998 5499 tantum,
1027 5431 1265 5501 inquiet,
1313 5430 1460 5485 dicit.
1501 5429 1639 5499 Quid
1698 5431 1856 5500 igitur
1881 5430 1926 5485 si

335 5523 931 5594 ostendamus,ipsum
973 5523 1076 5579 alia
1134 5523 1389 5590 novisse,
1439 5538 1558 5594 quae
1605 5521 1782 5578 nullus
1826 5523 1926 5579 ho-

335 5619 546 5677 minum
575 5625 818 5684 noverat,
845 5627 899 5672 et
925 5632 1048 5672 cum
1073 5618 1218 5672 solus
1256 5617 1438 5680 sciret,
1471 5616 1548 5670 sic
1575 5631 1606 5670 e
1656 5616 1789 5670 vivis
1813 5615 1926 5670 dis-

336 5714 608 5782 cessisse?
648 5712 876 5769 Ubinam
925 5720 1103 5766 autem
1143 5720 1321 5765 autem
1355 5708 1408 5763 id
1452 5709 1675 5780 reperiri
1717 5709 1928 5778 possit?

403 5870 421 5903 ι
443 5867 828 5934 slii,_coltigitur.
855 5865 998 5934 Paulo
1033 5872 1142 5928 post
1158 5877 1264 5928 pro,
1276 5862 1463 5934 reliqua
1485 5862 1700 5934 membra
1737 5869 1928 5916 mortua

338 5943 461 5993 asse,
484 5925 703 5996 quinque
728 5938 853 5991 Mss,
873 5925 1082 5995 reliquas
1103 5925 1264 5993 partes
1285 5932 1497 5976 mortuas
1516 5925 1642 5989 ﬁeri.

1240 487 1328 544 ns
1356 455 2054 544 ’mcoupnsnsusimu
2096 484 2208 541 DEI
2245 480 2552 543 unum.
2587 442 2662 541 γ.

3499 488 3601 546 749.

2015 595 2074 650 In
2105 597 2326 668 epistola
2372 597 2439 652 ad
2487 595 2828 664 Corinthios,
2861 596 2950 654 ubi
2999 597 3072 652 ita
3120 598 3390 670 loquitur:
3421 598 3605 654 Audivi

2014 703 2203 741 arcana
2222 688 2370 742 verba
2393 729 2410 756 ,
2441 704 2560 758 qua:
2594 704 2696 742 non
2721 688 2835 743 licet
2879 688 3071 743 homini
3095 689 3232 760 loqui
3265 689 3339 760 (2.
3363 689 3484 746 Cor.
3517 689 3604 744 η.

2014 779 2094 849 ι).
2140 778 2209 834 Et
2236 786 2414 833 tamen
2455 777 2542 833 hic
2567 778 2680 848 ipse
2701 779 2791 847 qui
2817 778 3018 834 audivit
3045 793 3240 834 arcana
3265 779 3425 834 verba
3444 822 3460 846 ,
3487 796 3608 850 qua:

2014 882 2122 922 non
2151 867 2278 924 licet
2304 867 2508 923 homini
2538 867 2682 938 loqui
2713 909 2729 936 ,
2765 867 3141 938 particularem
3185 870 3472 940 quamdam
3513 885 3608 926 co-

2012 959 2308 1029 gnitionem
2359 959 2560 1027 habet,
2603 968 2657 1015 et
2706 960 2880 1015 futura
2928 960 3019 1016 illa
3068 961 3225 1032 longe
3274 960 3604 1019 inferiorem.

2015 1049 2116 1116 Qui
2164 1050 2306 1105 enim
2342 1051 2430 1106 illa
2478 1041 2651 1118 dixit,
2696 1051 2776 1106 sic
2829 1052 2991 1107 ﬂiam
3027 1051 3306 1122 loquitur:
3338 1051 3425 1108 Ea:
3466 1065 3610 1123 parte

2015 1143 2380 1213 cognoscimus,
2408 1152 2456 1197 et
2481 1159 2545 1199 ea:
2566 1152 2714 1214 parte
2749 1141 3130 1214 praphetamus.
3158 1143 3284 1204 Cum
3308 1159 3466 1199 essem
3496 1123 3609 1214 par-

2014 1236 2193 1300 vulus,
2237 1235 2477 1314 loquebar
2519 1245 2575 1288 ut
2613 1234 2855 1303 parvulus
2876 1273 2893 1300 ,
2941 1233 3199 1305 sapidam
3237 1245 3296 1289 ut
3339 1238 3606 1308 parvulus,

2013 1319 2317 1392 cogitabam
2333 1331 2391 1375 ut
2415 1321 2692 1390 parvulus.
2719 1321 2786 1376 Et
2809 1338 2948 1375 nunc
2969 1323 3115 1376 video
3134 1339 3228 1390 per
3259 1325 3532 1393 speculum
3555 1328 3609 1382 in

2014 1415 2318 1484 (enigmate;
2339 1423 2465 1470 tunc
2484 1425 2666 1471 autem
2688 1414 2827 1483 [acie
2855 1414 2926 1469 ad
2953 1415 3147 1485 [aciem
3174 1415 3250 1487 (l.
3279 1416 3406 1472 Cor.
3432 1417 3522 1474 15.
3551 1418 3606 1473 9.

2017 1507 2106 1560 ll.
2124 1508 2147 1560 l
2162 1504 2236 1572 2).
2262 1505 2451 1577 Itaque
2469 1520 2537 1560 ex
2563 1505 2648 1562 bis
2673 1507 2832 1563 nobis
2853 1515 2967 1562 tota
2993 1508 3213 1562 illorum
3237 1496 3456 1564 fallacia
3475 1510 3492 1540 ⁸
3520 1524 3610 1566 re-

2013 1593 2292 1665 darguitur
2323 1611 2337 1648 :
2365 1593 2501 1648 cum'
2521 1592 2666 1648 enim
2695 1594 2810 1664 ipsa
2836 1592 3132 1649 substantia
3159 1593 3436 1664 ignoratur
3456 1632 3474 1660 ,
3501 1605 3610 1647 non

1988 1698 2085 1738 an
2133 1685 2225 1749 sit,
2270 1683 2365 1738 sed
2394 1682 2520 1754 quid
2563 1683 2678 1750 sit,
2723 1692 2980 1738 extrema:
3005 1672 3138 1738 sane
3175 1682 3399 1738 insaniae
3452 1680 3612 1738 fuerit

2021 1789 2219 1830 nomen
2258 1774 2359 1843 ipsi
2387 1775 2644 1829 tribuere.
2693 1774 3023 1844 Quamquam
3054 1774 3154 1829 etsi
3201 1775 3326 1828 nota
3359 1783 3612 1846 certaque

2014 1858 2200 1931 esset,
2231 1880 2338 1918 non
2383 1873 2551 1918 tutum
2609 1874 2787 1920 tamen
2844 1874 3028 1932 esset,
3077 1880 3178 1920 nos
3231 1866 3377 1935 ipsos
3411 1880 3608 1921 nomen

2014 1965 2201 2011 nostro
2252 1955 2411 2010 modo
2457 1964 2703 2012 statuere
2754 1958 3070 2012 substantiae
3127 1958 3357 2013 Domini.
3390 1958 3611 2030 Namsi

2017 2045 2215 2101 Paulus
2262 2046 2510 2115 supernis
2552 2047 2838 2102 virtutibus
2894 2047 3126 2102 nomina
3167 2049 3446 2118 imponere
3505 2063 3612 2104 non

2016 2147 2180 2192 ausus
2225 2148 2342 2204 est,
2391 2138 2485 2192 sed
2531 2153 2652 2193 cum
2705 2139 2963 2206 dixisset,
3034 2139 3303 2195 Constituit
3359 2141 3616 2196 Christum

2015 2245 2170 2300 super
2217 2247 2414 2284 onmem
2452 2231 2794 2312 principatum
2829 2242 2877 2284 et
2929 2242 3222 2302 potestatem
3240 2246 3266 2300 ,'
3298 2243 3346 2287 et
3385 2235 3615 2288 virtutem

2026 2331 2082 2375 et
2121 2338 2270 2376 omne
2328 2339 2546 2388 nomen,
2594 2324 2732 2395 quod
2800 2325 3127 2390 nominatur,
3182 2342 3284 2380 non
3353 2327 3517 2381 solum
3563 2332 3617 2380 in

2019 2415 2113 2468 hoc
2137 2415 2322 2488 sweuto
2346 2456 2363 2483 ,
2392 2415 2482 2471 sed
2506 2417 2656 2470 etiam
2682 2419 2734 2470 in
2757 2417 2931 2487 futura
2959 2417 3174 2490 (Ephes.
3202 2420 3252 2474 i.
3271 2420 3389 2491 2i),
3412 2437 3621 2492 nosque

2018 2505 2330 2576 docuisset,
2380 2503 2501 2563 esse
2579 2509 2823 2578 quaedam
2883 2509 3138 2564 virtutum
3192 2513 3442 2576 nomina,
3497 2527 3619 2582 qua:

2020 2607 2149 2654 tunc
2197 2614 2626 2671 cognoscemus,
2674 2616 2775 2656 nec
2839 2616 3003 2657 ausus
3057 2602 3172 2672 ipse
3240 2613 3324 2658 est
3361 2604 3465 2658 alia
3515 2619 3616 2674 pro

2020 2691 2132 2746 illis
2171 2701 2440 2758 statuere,
2475 2707 2648 2762 neque
2692 2693 2781 2748 illa
2823 2695 3128 2764 exquirere,
3173 2711 3276 2764 qua
3323 2696 3500 2762 venia,
3534 2697 3619 2751 vel

2020 2798 2126 2853 qua
2167 2785 2513 2841 excusatione
2541 2785 2688 2856 digni
2731 2785 2930 2842 fuerint
2975 2788 3044 2854 ii,
3087 2788 3178 2858 qui
3230 2789 3371 2858 circa
3409 2789 3620 2844 Domini

2020 2875 2373 2931 substantiam
2413 2877 2644 2948 idipsum
2671 2879 2850 2936 facere
2870 2879 3111 2935 audent?
3132 2881 3263 2936 Cum
3290 2891 3468 2937 autem
3499 2885 3614 2954 ipsa

2021 2981 2233 3037 quoque
2291 2967 2588 3024 substantia
2636 2970 2912 3040 ignoretur
2938 3011 2955 3038 ,
3023 2972 3168 3042 ipsos
3218 2987 3318 3028 ceu
3387 2973 3619 3031 furiosos

2027 3060 2264 3114 aversari
2294 3069 2525 3130 oportet.
2563 3060 2697 3116 Nam
2741 3062 2882 3132 quod
2931 3063 3077 3118 Deus
3115 3065 3186 3118 sit
3227 3065 3495 3136 ingenitus
3525 3082 3622 3136 pa-

2022 3149 2126 3203 lam
2157 3157 2283 3216 est;
2331 3151 2474 3221 quod
2501 3161 2680 3207 autem
2727 3153 2858 3208 illud
2902 3155 2972 3209 sit
3013 3154 3130 3226 ejus
3155 3155 3471 3212 substantiae
3518 3173 3616 3212 no-

2022 3257 2178 3310 men,
2206 3242 2261 3298 id
2286 3245 2463 3301 nullus
2489 3247 2872 3316 prophetarum
2919 3247 3093 3316 dixit,
3139 3249 3319 3304 nullus
3344 3251 3620 3320 apostolo-

2023 3349 2143 3389 rum
2187 3334 2584 3404 subindicavit,
2641 3338 2930 3407 nullusque
2968 3340 3336 3410 evangelista;
3363 3349 3420 3397 et
3465 3351 3613 3399 recte

2023 3427 2260 3499 quidem.
2282 3428 2383 3498 Qui
2400 3430 2728 3501 enim‘ipsam
2750 3432 3106 3489 substantiam
3133 3436 3466 3505 ignorarent,
3486 3451 3620 3508 quo-

2024 3518 2187 3575 modo
2213 3534 2411 3576 nomen
2440 3522 2557 3591 ejus
2585 3522 2828 3592 preferre
2858 3525 3122 3594 possent?

2096 3609 2151 3666 5.
2183 3609 2387 3682 Ecquid
2423 3613 2615 3683 loquor
2671 3613 2739 3669 de
2793 3615 2988 3670 divinis
3045 3615 3336 3688 Scripturis
3360 3658 3376 3685 ,
3406 3620 3621 3689 quando

2026 3711 2172 3758 tanta
2235 3712 2320 3760 est
2370 3705 2714 3760 absurditatis
2774 3706 2920 3766 illius
2965 3707 3264 3774 evidentia,
3323 3719 3465 3764 tanta
3518 3709 3623 3766 ini-

2027 3794 2241 3864 quitatis
2285 3796 2595 3866 magnitudo
2619 3838 2634 3865 ,
2679 3805 2740 3851 ut
2791 3813 2861 3853 ne
2901 3798 3132 3868 gentiles
3171 3799 3388 3870 quidem
3419 3841 3434 3865 ,
3462 3800 3551 3871 qui
3593 3816 3624 3854 a

2028 3889 2250 3944 veritate
2290 3888 2704 3957 aberraverant,
2748 3890 2873 3960 quid
2925 3891 3100 3947 simile
3148 3907 3399 3963 umquam
3443 3893 3627 3948 dicere

2027 3979 2140 4033 ausi
2189 3979 2341 4032 sint:
2372 3993 2532 4034 nemo
2578 3980 2722 4035 enim
2776 3995 2844 4036 ex
2897 3981 3002 4037 illis
3044 3980 3241 4037 divina:
3308 3983 3622 4038 substantize

2027 4067 2392 4126 deﬁnitionem
2417 4069 2609 4127 eli‘erre
2658 4072 2883 4127 tentavit
2905 4113 2919 4137 ,
2946 4067 3173 4144 eamque
3203 4089 3310 4129 uno
3337 4075 3625 4144 complecti

2030 4163 2249 4218 nomine
2279 4178 2443 4219 ausus
2467 4173 2570 4218 est.
2601 4164 2669 4219 Et
2700 4164 2829 4235 quid
2857 4165 3047 4236 loquor
3073 4165 3142 4221 de
3171 4166 3348 4221 divina
3378 4167 3628 4221 substan-

2031 4253 2101 4306 tia
2126 4292 2140 4316 ,
2184 4254 2398 4323 quando
2424 4270 2492 4309 ne
2529 4254 2597 4309 de
2631 4255 2959 4326 incorporea
2989 4255 3204 4327 quidem
3245 4267 3435 4311 natura
3456 4259 3478 4289 ’
3507 4258 3626 4326 phi-

2032 4341 2398 4413 losophantes,
2422 4346 2538 4415 ejus
2571 4345 2863 4415 perfectam
2893 4346 3262 4403 deﬁnitionem
3284 4357 3587 4403 statuerunt
3611 4365 3626 4414 ;

2028 4435 2125 4491 sed
2155 4437 2437 4492 obscuram
2460 4447 2663 4492 tantum
2691 4437 3105 4508 descriptionem
3135 4449 3191 4495 et
3215 4439 3628 4496 delineationem

2030 4530 2206 4600 potius
2229 4571 2246 4597 ,
2276 4545 2433 4599 quam
2458 4530 2844 4587 definitionem.
2872 4531 3075 4597 Verum
3100 4530 3228 4604 quid
3258 4535 3525 4602 sapientes
3551 4532 3627 4587 illi

2030 4621 2330 4691 objiciunt?

2107 4710 2334 4783 Objectio
2374 4713 2753 4767 Anomteorum.
2781 4713 3013 4783 —Ergo
3057 4713 3300 4783 ignoras,
3357 4711 3540 4779 aiunt,
3577 4713 3630 4768 id

2031 4803 2174 4874 quod
2202 4805 2377 4863 colis?
2422 4805 2556 4861 Huic
2583 4808 2736 4876 plane
2766 4806 3054 4877 objectioni
3096 4822 3164 4861 ne
3191 4805 3626 4876 respondendum

2035 4895 2250 4965 quidem
2315 4907 2500 4963 esset,
2551 4907 2834 4969 postquam
2875 4913 2942 4954 ex
2995 4898 3288 4970 Scripturis
3349 4897 3633 4968 perspicue

2032 4987 2457 5045 demonstratum
2481 5002 2586 5057 est,
2607 4992 2857 5062 cognosci
2880 5006 2986 5047 non
3007 5006 3166 5062 posse
3191 4992 3317 5061 quid
3338 4992 3632 5048 secundum

2033 5084 2385 5140 substantiam
2416 5084 2488 5138 sit
2529 5085 2694 5138 Deus.
2725 5083 2860 5154 Quia
2889 5099 3016 5138 vero
3045 5098 3153 5138 non
3197 5082 3415 5138 inimico
3455 5083 3630 5153 loqui-

2036 5193 2157 5233 mur
2190 5178 2372 5232 animo
2391 5219 2406 5242 ,
2436 5175 2531 5232 sed
2561 5184 2622 5230 ut
2648 5191 2741 5230 eos
2769 5175 3117 5231 emendemus
3147 5193 3160 5229 :
3193 5190 3291 5246 age
3312 5217 3327 5241 ,
3372 5175 3632 5230 ostenda-

2034 5286 2155 5326 mus
2194 5286 2300 5326 non
2349 5271 2595 5341 ignorare
2631 5267 2759 5338 quid
2818 5267 3110 5323 secundum
3160 5266 3510 5322 substantiam
3565 5267 3636 5323 sit

2036 5363 2176 5419 Deus
2205 5403 2220 5428 ,
2248 5362 2344 5418 sed
2373 5362 2424 5417 id
2452 5376 2512 5416 se
2537 5375 2697 5416 nosse
2745 5359 3072 5414 contendere
3092 5400 3108 5425 ,
3151 5356 3281 5414 illud
3310 5374 3432 5415 esse
3463 5359 3631 5414 Deum

2034 5455 2304 5527 ignorare.

2109 5549 2411 5620 Responsio.
2435 5578 2504 5588 —-
2531 5547 2626 5602 Die
2653 5548 2794 5602 enim
2825 5547 2953 5600 mihi
2976 5587 2989 5611 ,
3041 5547 3084 5601 si
3125 5544 3234 5599 duo
3270 5544 3516 5599 homines
3562 5543 3631 5602 de

2037 5641 2416 5711 magnitudinis
2459 5638 2575 5694 eazli
2643 5638 2828 5693 notitia
2873 5637 3012 5692 inter
3070 5651 3129 5692 se
3194 5635 3628 5704 contenderent,

2035 5747 2262 5803 quorum
2289 5732 2424 5786 alter
2445 5731 2666 5796 diceret,
2687 5744 2790 5784 non
2814 5743 2971 5799 posse
2993 5729 3227 5784 humano
3249 5729 3404 5784 oculo
3432 5727 3623 5784 caelum

2102 5869 2119 5898 ι
2155 5865 2261 5924 Alii,
2286 5865 2514 5929 nequitia.

2102 5935 2122 5964 ο
2158 5926 2379 5992 Quinque
2401 5935 2528 5992 Mss,
2556 5926 2617 5979 de
2633 5938 2885 5990 corporum
2934 5931 3120 5976 natura.
