4186 6326
581 447 688 501 715

582 544 961 614 comprehendi
990 562 1003 609 ;
1043 545 1179 601 alter
1207 562 1332 601 vero
1360 548 1650 607 affirmaret
1692 566 1849 619 posse
1894 550 2163 607 hominem

582 639 762 705 patruo
815 647 980 691 totum
1009 638 1263 701 dimetiri;
1292 655 1449 708 quem
1477 657 1545 694 ex
1572 642 1659 694 his
1696 626 1999 698 diceremus
2050 647 2165 698 caeli

584 727 997 798 magnitudinem
1027 745 1215 784 nosse:
1237 745 1430 785 eumne
1450 733 1539 801 qui
1564 738 1909 792 contenderet
1926 750 1985 789 se
2006 750 2166 790 nosse

590 830 721 888 quot
753 820 958 888 palmos
988 820 1179 875 habeat
1223 836 1288 875 an
1316 838 1438 876 eum
1467 824 1556 892 qui
1586 840 1644 879 se
1671 826 1913 895 ignorare
1951 826 2167 895 profite—

589 910 762 965 retur?
782 912 932 978 Quod
959 913 1002 966 si
1036 914 1079 966 is
1108 914 1197 983 qui
1228 915 1340 967 (ιλιιιί
1373 917 1717 986 magnitudini
1742 918 1903 978 cedit,
1933 919 2046 986 ipse
2073 934 2168 986 po—

579 1000 684 1056 tius
704 1002 984 1070 novitejus
1009 1002 1442 1076 magnitudinem,
1476 1021 1639 1073 quare
1663 1022 1766 1060 non
1807 1008 1873 1061 de
1898 1007 2005 1060 Deo
2053 1009 2166 1076 pari

590 1105 714 1147 cum
747 1094 1040 1145 reverentia
1064 1070 1376 1161 loquemur'?
1396 1095 1673 1160 Quomodo
1696 1112 1798 1149 non
1832 1098 1882 1150 id
1913 1108 2168 1152 extremae

582 1179 867 1236 dementiae
905 1182 1110 1238 fuerit?
1137 1184 1289 1251 Quod
1314 1196 1491 1241 autent
1524 1188 1575 1241 id
1606 1189 1775 1242 solum
1804 1190 2106 1259 requiratur
2134 1207 2165 1245 a

583 1272 756 1337 nobis,
781 1282 836 1326 ut
857 1274 1087 1328 sciamus
1115 1276 1277 1329 Demn
1306 1291 1446 1342 esse,
1472 1294 1574 1331 non
1600 1289 1654 1332 ut
1678 1280 1793 1348 ejus
1811 1283 2158 1335 substantiam

586 1365 794 1421 curiose
823 1373 1160 1432 scrutemur,
1210 1367 1331 1422 audi
1392 1369 1609 1423 Paulum
1660 1372 2006 1440 loquentem:
2050 1372 2170 1428 Cre-

579 1454 699 1505 dere
723 1454 855 1505 enim
884 1466 1076 1525 oportet
1125 1472 1238 1510 eum
1260 1459 1346 1528 qui
1365 1460 1432 1511 ad
1458 1459 1621 1514 Deum
1671 1464 1897 1525 accedit,
1929 1464 2047 1532 quia
2097 1475 2169 1518 est

588 1543 772 1612 (Hebr.
826 1546 912 1599 11.
954 1546 1030 1615 6).
1086 1548 1311 1602 Rursum
1365 1552 1619 1620 propheta
1651 1595 1666 1619 ,
1717 1569 1835 1606 cum
1887 1555 2169 1623 impietatis

584 1636 885 1704 quempiam
913 1648 1222 1705 accusaret,
1251 1655 1355 1693 non
1387 1643 1435 1695 ei
1467 1644 1596 1696 vitio
1622 1645 1778 1697 vertit
1802 1684 1817 1707 ,
1849 1646 1990 1714 quod
2023 1646 2168 1714 igno-

583 1735 727 1778 raret
753 1726 877 1794 quid
930 1728 999 1781 sit
1031 1729 1207 1794 Deus,
1240 1732 1335 1785 sed
1384 1732 1525 1801 quod
1579 1749 1697 1787 eum
1748 1749 1867 1789 esse
1914 1737 2165 1791 nesciret.

582 1814 715 1868 Nam
763 1816 855 1879 ait,
888 1815 1030 1871 Dixit
1058 1820 1299 1888 insipiens
1345 1822 1398 1874 in
1426 1822 1578 1876 corde
1618 1840 1708 1876 suo
1734 1866 1749 1889 ,
1795 1842 1898 1878 non
1928 1834 2000 1879 cst
2031 1825 2170 1880 Deus

581 1903 752 1973 (Psat.
787 1908 873 1961 l5.
901 1906 975 1976 1).
1010 1906 1171 1977 Igitur
1218 1920 1276 1965 ut
1325 1912 1411 1965 ille
1454 1913 1648 1981 impius
1692 1924 1805 1979 est,
1868 1932 1972 1969 non
2027 1917 2169 1986 Quod

583 1996 791 2064 ignoret
844 1998 969 2067 quid
1013 2002 1305 2057 secundum
1352 2004 1701 2059 substantiam
1746 2007 1814 2059 sit
1866 2007 2045 2073 Deus,
2077 2008 2171 2062 sed

582 2088 724 2157 quod
768 2090 977 2159 ignoret
1030 2092 1191 2147 Deum
1238 2110 1357 2149 esse
1386 2079 1416 2159 ς’
1448 2097 1526 2150 sic
1554 2096 1619 2149 ad
1668 2097 1804 2166 piam
1858 2099 2168 2168 religionem

583 2179 781 2233 sufﬁcit
806 2222 823 2247 ,
860 2190 916 2235 ut
945 2183 1145 2237 sciatur
1177 2186 1340 2238 Deum
1372 2201 1509 2240 esse.
1550 2186 1655 2242 Sed
1686 2189 1880 2255 habent
1906 2191 1979 2245 illi
2009 2193 2167 2246 aliam

582 2268 889 2324 meditatam
954 2275 1358 2342 argumentandi
1409 2277 1713 2333 rationem:
1754 2296 1911 2348 quam
1978 2282 2170 2336 illam?

583 2360 789 2415 Dictum
836 2371 955 2429 est,
1006 2363 1281 2433 inquiunt,
1339 2366 1564 2435 Spiritus
1599 2378 1671 2422 est
1704 2368 1844 2423 Deus
1871 2369 2049 2443 (Joan.
2112 2374 2167 2427 4.

579 2448 697 2522 24).
739 2451 973 2507 Hoccine
997 2494 1013 2520 ,
1046 2453 1130 2507 dic
1155 2456 1283 2508 mihi
1311 2497 1326 2522 ,
1354 2457 1706 2512 substantiam
1733 2460 1849 2528 ejus
1889 2462 2121 2517 declarat
2146 2464 2170 2517 ‘i

583 2544 779 2615 Ecquis
806 2546 925 2602 haec
964 2549 1138 2616 ferat,
1169 2553 1213 2604 si
1247 2553 1331 2606 vel
1360 2554 1618 2606 tantillum
1656 2554 1723 2608 ad
1768 2556 2055 2626 Scriptura:
2081 2572 2169 2611 sa-

580 2651 686 2692 cra:
728 2640 869 2693 fores
912 2642 1242 2695 accesserit?
1280 2641 1413 2696 Nam
1460 2643 1561 2699 bac
1609 2648 1817 2700 ratione
1864 2648 2002 2701 Deus
2035 2650 2171 2717 ignis

580 2742 791 2797 quoque
843 2731 982 2794 erit;
1036 2731 1483 2800 quemadmodum
1529 2735 1670 2788 enim
1718 2737 1972 2805 scriptum
2020 2747 2101 2791 est
2150 2755 2165 2791 :

582 2816 808 2887 Spiritus
855 2830 928 2874 est
969 2820 1153 2886 Deus;
1184 2822 1255 2876 ita
1305 2840 1517 2894 quoque
1558 2826 1813 2895 scriptum
1858 2836 1978 2889 est,
2031 2826 2171 2881 Deus

580 2919 752 2964 noster
776 2911 906 2981 ignis
932 2928 1231 2967 consumens
1260 2925 1329 2969 est
1354 2914 1535 2987 (Hebr.
1568 2916 1655 2970 12.
1677 2916 1769 2987 29)
1797 2934 1811 2983 ;
1842 2933 1903 2971 ac
1930 2933 2167 2986 rursum,

579 2998 722 3055 Fons
751 3017 898 3072 aqua:
918 3004 1041 3057 uim
1083 3004 1301 3074 (Jerem.
1331 3007 1389 3060 2.
1428 3008 1537 3077 15).
1569 3008 1748 3079 Neque
1776 3010 2007 3078 Spiritus
2050 3009 2170 3065 fons

579 3100 635 3147 et
682 3092 818 3163 ignis
875 3102 1077 3150 tantum
1116 3096 1258 3164 erit,
1305 3098 1398 3153 sed
1445 3101 1606 3154 etiam
1679 3102 1890 3166 anima,
1937 3112 2167 3171 ventus,

581 3199 734 3238 mens
786 3187 1013 3242 humana
1041 3228 1056 3252 ,
1093 3199 1145 3244 et
1175 3190 1276 3244 alia
1332 3190 1416 3246 bis
1466 3192 1624 3263 longe
1651 3194 2008 3260 absurdiora;
2062 3211 2169 3251 non

575 3273 722 3328 enim
771 3277 948 3330 omnia
975 3293 1256 3334 recensere
1285 3296 1421 3350 opus
1464 3293 1589 3347 est,
1646 3300 1818 3354 neque
1853 3285 2061 3340 illorum
2091 3288 2172 3340 iu-

581 3364 787 3417 saniatn
844 3365 1059 3420 imitari.
1130 3368 1241 3423 Hoc
1278 3372 1418 3424 cnim
1490 3388 1704 3427 nomen-
1736 3375 1945 3442 spiritus
2004 3377 2169 3430 multa

578 3454 841 3523 significat
868 3472 883 3522 ;
933 3458 1163 3513 animam
1196 3476 1386 3529 nempe
1430 3475 1665 3517 nostram
1693 3505 1706 3530 ,
1740 3474 1797 3519 ut
1825 3466 1900 3519 ait
1929 3466 2123 3522 Paulus
2150 3510 2166 3535 ,

587 3541 797 3599 Tradite
844 3545 1139 3613 Itujusmodi
1187 3549 1437 3605 hominem
1479 3564 1707 3617 satanas,
1740 3566 1794 3608 ut
1836 3558 2043 3626 spiritus
2068 3562 2172 3612 sat-

578 3650 672 3689 eus
718 3637 792 3691 sit
846 3637 924 3709 (1.
957 3638 1075 3694 Cor.
1106 3641 1159 3696 5.
1191 3641 1285 3711 5);
1336 3643 1569 3714 itemque
1614 3656 1829 3700 ventum
1875 3649 2167 3702 secundum

576 3727 927 3794 prOpbetam,
987 3730 1188 3801 Spiritu
1238 3734 1512 3787 vehementi
1577 3747 1803 3791 conteres
1864 3754 1949 3792 eos
1995 3739 2166 3811 (Psal.

578 3817 667 3870 47.
704 3817 805 3888 8);
846 3819 1044 3874 donum
1095 3824 1256 3877 etiam
1302 3826 1576 3893 spirituale
1614 3828 1691 3880 sic
1734 3839 1995 3883 vocatur:
2046 3829 2170 3900 Ipse

579 3912 712 3963 enim
739 3912 950 3981 spiritus
979 3916 1317 3969 testimonium
1342 3916 1508 3970 reddit
1533 3918 1735 3987 spiritui
1763 3931 1935 3975 nostra
1989 3921 2165 3995 (Rom.

577 4004 631 4059 8.
664 4005 752 4075 16)
776 4022 789 4069 ;
819 4021 882 4060 ac
928 4022 1137 4067 rursum
1157 4049 1173 4075 ,
1205 4006 1375 4061 Orabo
1402 4011 1584 4079 spiritu
1605 4052 1619 4077 ,
1651 4013 1805 4065 orabo
1826 4023 1871 4067 et
1900 4025 2061 4070 mente
2088 4017 2167 4085 (1.

581 4094 702 4147 Cor.
752 4096 837 4150 14.
872 4097 962 4169 15)
991 4114 1007 4153 :
1049 4107 1269 4152 vocatur
1313 4099 1440 4152 item
1491 4100 1603 4166 ira;
1633 4101 1851 4157 llesaias
1875 4107 2016 4160 enim
2047 4107 2121 4161 ait
2149 4150 2165 4176 ,

579 4184 767 4239 Nonne
781 4198 834 4241 tu
851 4205 962 4242 eras
982 4189 1068 4256 qui
1085 4188 1406 4243 meditabaris
1426 4192 1609 4259 spiritu
1630 4203 1716 4247 tuo
1736 4193 1864 4247 duro
1884 4195 2169 4252 interimere

576 4294 683 4340 eos.
729 4276 935 4347 (llesai.
978 4279 1068 4333 27.
1099 4280 1199 4349 8)?
1226 4280 1498 4335 Auxilium
1545 4298 1758 4353 quoque
1809 4285 1903 4341 Dei
1950 4294 2169 4342 vocatur

578 4370 798 4440 spiritus
828 4387 843 4427 :
876 4370 1103 4441 Spiritus
1128 4372 1261 4424 enim
1294 4381 1412 4425 ante
1457 4374 1638 4443 facient
1668 4386 1889 4429 nostram
1936 4375 2167 4433 Christus

578 4457 826 4523 Dominus
855 4459 1064 4531 (Tliren.
1091 4461 1146 4516 4.
1173 4462 1290 4535 20).
1337 4463 1461 4517 lla:c
1495 4479 1622 4534 ergo
1663 4466 1841 4522 omnia
1888 4467 2027 4522 Deus
2066 4470 2169 4524 erit

580 4567 648 4606 ex
693 4551 903 4607 illorum
931 4555 1226 4620 sententia,
1260 4565 1419 4625 atque
1447 4571 1511 4611 ex
1552 4557 1657 4611 illis
1693 4558 1853 4612 rebus
1878 4561 2163 4616 constabit.

580 4644 684 4699 Sed
712 4659 779 4698 ne
807 4660 1037 4716 nugaces
1087 4647 1255 4703 simus
1302 4650 1387 4705 illa
1415 4651 1683 4706 afferenda
1711 4694 1726 4718 ,
1753 4668 1873 4723 qua:
1918 4670 1985 4709 ne
2036 4671 2167 4713 con-

576 4737 890 4792 futatiouem
953 4739 1164 4808 quidem
1221 4754 1538 4797 merentur:
1585 4759 1683 4815 age
1726 4746 1984 4802 adversus
2046 4748 2166 4804 illos

580 4827 910 4898 disceptandi
959 4830 1119 4887 finem
1168 4834 1423 4890 faciamus
1451 4878 1466 4903 ,
1498 4846 1553 4892 et
1604 4838 1669 4893 ad
1727 4840 1985 4895 orandum
2030 4858 2163 4896 con-

575 4930 886 4986 vertamur,
940 4932 1087 4978 tanto
1116 4928 1284 4996 magis
1331 4944 1428 4997 pro
1466 4930 1571 4985 illis
1596 4942 1842 5002 rogantes
1885 4944 1937 4987 et
1964 4936 2164 5005 suppli-

576 5020 801 5081 cantes,
849 5022 907 5068 ut
957 5014 1024 5069 ab
1053 5017 1254 5071 insania
1298 5022 1599 5089 absistaut,
1631 5035 1830 5092 quanto
1875 5026 2041 5095 magis
2086 5028 2163 5083 illi

577 5102 740 5172 impie
763 5113 946 5175 agunt.
979 5106 1090 5163 [loc
1116 5109 1256 5164 enim
1284 5120 1491 5179 gratum
1518 5125 1901 5185 acceptumque
1929 5128 2031 5171 erit
2053 5119 2163 5173 Deo

575 5197 839 5251 servatori
869 5207 1081 5266 nostro,
1119 5198 1218 5263 Qui
1244 5203 1346 5255 uult
1376 5219 1547 5257 omnes
1571 5206 1796 5260 homines
1823 5208 1990 5261 salvos
2010 5209 2121 5275 ﬁeri
2144 5251 2158 5274 ,

580 5298 628 5342 et
664 5290 733 5342 ad
789 5290 1098 5359 agnitione»:
1173 5295 1395 5347 ueritatis
1471 5297 1637 5349 venire
1690 5299 1768 5367 (1.
1815 5298 1949 5353 Tim.
1980 5301 2036 5353 2.
2080 5303 2159 5371 4).

578 5378 583 5385 ’
650 5378 701 5431 6.
735 5378 983 5450 Magnum
1012 5386 1163 5435 telum
1191 5386 1431 5454 precatio.
1452 5416 1527 5426 —
1551 5387 1627 5442 Ne
1653 5388 1957 5444 desinamus
1985 5392 2163 5460 itaque

574 5483 761 5536 preces
785 5486 878 5538 pro
903 5472 1010 5526 illis
1035 5475 1315 5531 emittere:
1344 5492 1589 5548 magnum
1612 5482 1753 5535 enim
1779 5483 1941 5537 telum
1968 5486 2159 5551 oratio,

574 5558 853 5616 thesaurus
880 5562 1207 5643 indeficicns,
1237 5567 1435 5623 divitia:
1469 5570 1817 5638 inexhausta),
1848 5584 2034 5644 portus
2066 5576 2164 5629 flu-

572 5651 743 5708 ctibus
765 5668 981 5719 vacuus,
1006 5659 1217 5712 occasio
1240 5661 1631 5729 tranquillitatis
1657 5682 1669 5716 :
1696 5665 2160 5723 innumerabilium

568 5743 831 5797 bonorum
864 5746 1030 5809 radix,
1065 5747 1182 5801 fons
1212 5758 1263 5803 et
1294 5762 1463 5806 mater
1488 5761 1569 5807 cst
1596 5756 1797 5817 oratio,
1826 5758 2045 5827 ipsoque
2073 5776 2161 5812 re-

573 5850 681 5907 guo
706 5837 989 5906 potemior.
1029 5837 1183 5909 Saepe
1223 5844 1399 5913 itaque
1440 5845 1533 5898 illo
1580 5848 1693 5915 ipso
1730 5850 1818 5918 qui
1859 5848 2161 5905 diademate

1304 434 1359 491 s.
1402 435 1677 493 JOANNtS
1714 437 2187 495 cuuvsosrom
2227 406 2545 494 incum».
2586 435 3119 494 CONSTANTINOP.

3761 428 3870 486 7M

2276 561 2494 607 ornatur
2524 553 2857 608 febricitante
2885 560 2937 606 et
2980 552 3029 604 iu
3072 551 3208 604 lecto
3234 548 3445 619 jacente
3464 590 3478 612 ,
3510 546 3721 601 adstant
3751 562 3873 600 me-

2274 643 2398 707 dici,
2432 644 2709 708 satellites,
2741 644 2940 703 famuli,
2971 644 3135 697 duces
3163 660 3173 694 :
3205 656 3375 709 neque
3402 639 3728 694 medicorum
3756 653 3868 701 ars,

2275 748 2447 802 neque
2474 732 2766 787 amicorum
2796 733 3099 803 praesentia,
3128 746 3233 785 non
3261 745 3533 784 servorum
3563 730 3872 797 famulatus,

2274 838 2381 875 non
2404 822 2911 876 medicamentorum
2942 822 3189 885 varietas,
3219 836 3322 874 non
3355 830 3637 890 apparatus
3664 820 3874 889 magni-

2276 910 2489 964 ﬁcentia
2509 950 2526 976 ,
2567 926 2672 963 nou
2715 911 3055 980 pecuniarum
3087 911 3236 977 copia
3258 952 3272 972 ,
3303 925 3398 962 uec
3424 909 3567 962 aliud
3598 909 3871 978 quidpiam

2275 998 2565 1054 humanum
2610 1010 2782 1070 potest
2813 1000 3091 1069 aegrotanti
3134 999 3381 1053 solatium
3426 999 3635 1052 afferre.
3666 999 3718 1053 Si
3752 1000 3873 1068 quis

2274 1106 2405 1145 vero
2430 1106 2616 1144 eorum
2637 1132 2652 1157 ,
2689 1090 2778 1159 qtti
2819 1092 2869 1144 iu
2902 1091 3123 1143 Domino
3154 1090 3398 1143 fiduciam
3430 1082 3663 1153 habent,
3693 1089 3873 1156 ingre-

2274 1181 2476 1246 diatur,
2509 1196 2809 1250 corpusque
2844 1181 3177 1235 Sulunnnodo
3209 1190 3418 1249 tangat,
3450 1194 3745 1249 puramque
3775 1196 3874 1247 pro

2276 1271 2366 1323 illo
2409 1273 2704 1324 orationem
2745 1271 2985 1335 emittat,
3024 1270 3385 1326 infirmitatem
3431 1285 3645 1325 omnem
3687 1271 3871 1339 abigit.

2274 1362 2533 1431 Quodque
2575 1377 2682 1415 non
2738 1362 2936 1415 divitia:
2982 1372 3301 1430 potuerunt,
3348 1378 3454 1416 non
3505 1364 3872 1416 ministrorum

2276 1452 2571 1522 frequentia
2596 1494 2611 1517 ,
2646 1470 2749 1506 non
2791 1454 3122 1508 medicinalis
3157 1455 3481 1524 experientia
3504 1496 3520 1521 ,
3553 1470 3658 1509 neu
3692 1456 3875 1523 regius

2278 1545 2440 1599 fastus
2461 1588 2475 1611 ,
2509 1546 2608 1599 hoc
2638 1561 2780 1614 smpe
2820 1547 2989 1614 potuit
3015 1547 3169 1600 unius
3200 1548 3448 1616 pauperis
3472 1558 3526 1602 et
3549 1548 3725 1616 inopis
3752 1563 3876 1600 ora-

2279 1636 2368 1690 tio.
2401 1637 2707 1689 Orationem
2735 1637 2886 1701 dico,
2918 1654 3022 1691 non
3054 1638 3188 1691 hanc
3221 1638 3391 1691 levem
3417 1647 3471 1691 et
3499 1614 3723 1706 segnitie
3756 1638 3875 1708 plc-

2277 1742 2434 1791 nam,
2468 1727 2559 1779 sed
2603 1726 2935 1793 ferventem,
2966 1728 3293 1801 quaranitno
3325 1728 3539 1782 dolente
3576 1738 3630 1781 et
3669 1728 3875 1783 intenta

2276 1827 2453 1870 mente
2492 1815 2749 1870 funditur.
2793 1818 2917 1871 11ωο
2955 1819 3150 1887 quippe
3184 1820 3235 1871 iu
3265 1819 3454 1873 czclum
3494 1819 3732 1874 ascendit
3766 1837 3778 1871 :
3808 1833 3878 1873 ac

2276 1907 2722 1975 quemadmodum
2748 1923 2898 1976 aqua:
2923 1908 3094 1963 donec
3122 1910 3172 1961 iu
3203 1910 3357 1977 plano
3388 1910 3504 1963 loco
3534 1910 3795 1975 feruntur,
3819 1918 3879 1964 et

2278 1998 2441 2052 latum
2472 2000 2701 2066 spatium
2732 2010 2994 2069 occupant
3018 2041 3032 2064 ,
3061 2018 3166 2059 non
3198 2002 3247 2058 in
3280 2001 3507 2057 sublime
3535 2002 3876 2067 ascendunt;

2276 2099 2601 2158 comantem
2632 2098 2822 2144 manus
2850 2092 3109 2145 artificum
3152 2094 3289 2161 ipsas
3318 2094 3676 2162 comprimens
3707 2094 3756 2146 in
3789 2108 3880 2146 an-

2274 2192 2487 2251 gustum
2511 2182 2756 2249 deduxit,
2783 2182 2888 2237 telo
2913 2183 3210 2237 velociores
3235 2197 3353 2237 sese
3378 2184 3430 2236 in
3455 2184 3621 2237 altum
3642 2184 3881 2252 jaculau-

2279 2283 2395 2340 tur;
2423 2275 2498 2327 sic
2518 2282 2571 2328 et
2591 2272 2819 2327 humana
2844 2288 3013 2337 meus,
3038 2274 3209 2328 donec
3232 2274 3395 2327 multa
3419 2275 3611 2328 fruitur
3633 2274 3876 2339 licentia,

2276 2366 2587 2420 diffunditur
2617 2375 2671 2421 et
2714 2365 2919 2431 effluit;
2950 2381 3071 2419 cum
3110 2375 3286 2421 autem
3328 2369 3580 2420 mrumnis
3614 2367 3881 2436 deprimi-

2278 2467 2391 2525 tur,
2420 2460 2473 2511 iu
2505 2466 2892 2528 angustumque
2919 2456 3201 2513 deducitur
3220 2500 3236 2527 ,
3268 2459 3345 2512 sic
3387 2460 3555 2528 probe
3585 2458 3881 2515 exercitata

2277 2566 2435 2620 putas
2462 2562 2515 2604 et
2542 2549 2810 2604 ferventes
2838 2550 2889 2603 in
2916 2551 3082 2603 altum
3120 2550 3313 2604 emittit
3351 2551 3644 2605 orationes.
3676 2549 3748 2605 Ut
3774 2564 3881 2603 au-

2279 2654 2385 2697 tem
2414 2643 2621 2696 ediscas
2656 2642 2774 2696 illas
2802 2642 3033 2696 maxime
3057 2644 3297 2698 exaudiri
3330 2659 3485 2712 posse
3504 2686 3519 2711 ,
3550 2660 3667 2713 qua:
3694 2643 3743 2697 iu
3774 2658 3880 2698 an-

2276 2732 2442 2800 gustia
2466 2732 2800 2796 emittuntur,
2826 2733 2948 2787 audi
2979 2736 3289 2802 prophetam
3315 2752 3329 2786 :
3355 2736 3434 2787 Ad
3460 2735 3736 2789 Dominum
3758 2752 3883 2791 cum

2275 2822 2545 2876 tributarer
2564 2822 2798 2889 clamavi,
2821 2833 2869 2877 et
2891 2825 3142 2877 exaudivit
3165 2841 3242 2877 me
3262 2823 3433 2893 (l’sal.
3461 2826 3583 2880 119.
3616 2824 3687 2898 1).
3714 2826 3885 2895 Igitur

2276 2922 2514 2969 nostram
2555 2913 2849 2969 ferventem
2892 2914 3149 2967 faciamus
3190 2916 3605 2982 conscientiam,
3642 2919 3883 2974 animam

2277 3014 2615 3075 peccatorum
2643 3006 2900 3060 memoria
2930 3004 3259 3075 afﬂigamus;
3289 3006 3604 3076 afﬂiganius,
3633 3008 3883 3075 inquam,

2276 3112 2382 3150 non
2405 3106 2461 3150 ut
2482 3097 2533 3150 in
2555 3108 2834 3167 angustam
2859 3097 3183 3152 deducamus
3205 3098 3366 3163 viam,
3389 3099 3480 3152 sed
3504 3115 3621 3152 eam
3645 3100 3713 3167 ita
3734 3115 3887 3155 com-

2276 3202 2524 3257 paremus
2543 3228 2558 3251 ,
2586 3196 2644 3241 ut
2668 3186 3017 3250 exaudiatur;
3049 3199 3103 3241 ut
3132 3188 3365 3243 sobriam
3384 3230 3398 3253 ,
3430 3189 3643 3260 vigilem
3670 3191 3886 3259 ipsum-

2275 3293 2379 3347 que
2408 3278 2598 3333 caclum
2624 3287 2942 3348 1angentem
2971 3278 3275 3333 reddamus.
3317 3278 3459 3333 Nihil
3487 3280 3556 3334 ita
3592 3282 3885 3351 segnitiem

2275 3379 2329 3424 et
2357 3370 2656 3426 socordiam
2684 3371 2867 3440 abigit,
2899 3380 2955 3425 ut
2983 3385 3185 3426 mceror
3216 3380 3271 3427 et
3295 3369 3534 3439 afflictio,
3566 3388 3685 3441 quze
3716 3375 3885 3428 undi-

2275 3478 2379 3531 que
2406 3472 2639 3516 mentem
2668 3462 2898 3531 colligit,
2929 3472 2983 3517 et
3010 3463 3076 3517 ad
3105 3464 3333 3533 seipsem
3366 3464 3559 3519 reverti
3595 3463 3738 3518 facit.
3774 3466 3886 3532 Qui

2275 3553 2352 3606 sic
2379 3554 2429 3605 in
2457 3550 2745 3607 afflicdone
2765 3562 2818 3607 et
2848 3554 2899 3607 in
2931 3553 3173 3609 oratione
3200 3563 3463 3621 versatur,
3502 3565 3621 3624 post
3649 3555 3889 3613 emissas

2276 3655 2464 3710 preces
2491 3657 2737 3710 magnam
2775 3643 2954 3697 animo
2982 3643 3308 3712 voluptatem
3334 3658 3526 3714 capere
3548 3645 3765 3699 valebit.
3802 3649 3887 3703 Ac

2273 3733 2718 3803 quemadmodum
2749 3733 2965 3787 nubium
2988 3733 3268 3790 conflictus
3294 3734 3554 3805 principio
3580 3750 3759 3791 aerem
3789 3751 3888 3791 ca-

2275 3825 2437 3895 ligine
2463 3825 2721 3891 oﬂ‘uscat;
2749 3825 2841 3881 ubi
2865 3840 2993 3881 vero
3021 3826 3242 3881 crebras
3266 3828 3503 3882 emiserit
3528 3828 3720 3895 stillas,
3748 3844 3887 3884 eva-

2274 3926 2431 3972 cuata
2472 3916 2681 3986 pluvia,
2721 3932 2970 3972 serenum
3012 3916 3300 3987 laetumque
3327 3931 3506 3972 aerem
3532 3918 3548 3948 ί
3581 3917 3883 3988 relinquit;

2275 4008 2353 4064 sic
2378 4018 2432 4064 et
2461 4023 2664 4063 maeror
2700 4007 2873 4063 donec
2902 4010 3042 4062 intus
3076 4018 3339 4075 versatur,
3369 4009 3742 4078 cogitationem
3773 4012 3884 4065 oh—

2274 4100 2421 4155 ducit
2467 4109 2704 4154 nostram
2747 4117 2761 4152 :
2803 4108 3080 4169 postquam
3126 4107 3303 4153 autem
3352 4099 3609 4154 orationis
3652 4100 3838 4155 verbis
3865 4143 3882 4168 ,

2274 4191 2652 4247 comitantibus
2698 4190 2986 4260 lacrymis,
3035 4199 3321 4245 evacuatus
3363 4190 3524 4244 fuerit
3569 4198 3625 4245 et
3669 4190 3889 4259 ejectns

2274 4285 2645 4354 difﬂatusque,
2676 4298 2921 4353 magnam
2962 4282 3119 4338 affert
3158 4282 3320 4336 animi
3356 4282 3618 4349 la‘tiliam,
3650 4282 3743 4336 Dei
3778 4298 3886 4352 pa-

2273 4375 2501 4431 trocinio
2528 4375 2661 4429 radii
2686 4375 2856 4429 instar
2876 4375 2929 4428 in
2953 4373 3156 4429 orantis
3176 4384 3408 4428 mentem
3438 4374 3646 4444 illapso.
3673 4375 3885 4432 Verum

2275 4468 2519 4538 quisnam
2555 4466 2643 4521 ille
2681 4465 2903 4535 frigidus
2941 4464 3225 4519 multorum
3265 4464 3480 4519 sermo?
3516 4464 3753 4530 Vereor,
3790 4467 3887 4521 in-

2275 4559 2482 4628 quiunt,
2513 4557 2716 4627 pudore
2743 4555 3040 4624 suffundor,
3072 4570 3245 4625 neque
3272 4570 3487 4624 possum
3518 4556 3599 4611 vel
3630 4570 3693 4609 os
3720 4556 3889 4611 didu~

2274 4664 2417 4703 cere.
2441 4648 2688 4703 Satanica
2714 4656 2798 4703 est
2822 4649 2937 4702 haec
2962 4646 3301 4712 verecundia,
3325 4648 3570 4716 segnitiei
3598 4646 3884 4703 obtentus.

2275 4738 2392 4793 Tibi
2443 4754 2673 4809 namque
2714 4737 2957 4793 diabolus
3005 4739 3204 4792 aditum
3253 4736 3320 4791 ad
3373 4737 3541 4790 Deum
3590 4736 3887 4794 occludere

2276 4837 2465 4884 tentat.
2496 4828 2784 4883 Fiduciane
2814 4816 3000 4883 cares?
3026 4827 3212 4897 Magna
3241 4826 3438 4881 ﬁdendi
3466 4842 3646 4890 causa,
3680 4843 3886 4897 magna

2275 4922 2509 4987 utilitas,
2547 4920 2591 4991 si
2632 4932 2682 4974 te
2724 4930 2879 4989 putas
2918 4918 3115 4974 ﬁdendi
3145 4933 3357 4973 causam
3403 4932 3507 4970 non
3551 4917 3787 4981 habere;
3823 4932 3889 4974 ut

2273 5024 2457 5068 contra
2485 5013 2653 5083 pudor
2673 5022 3018 5081 extremaque
3039 5010 3330 5076 damnatio,
3355 5010 3400 5064 si
3428 5020 3477 5064 te
3498 5020 3651 5079 putas
3675 5010 3886 5066 fidendi

2272 5121 2489 5159 causam
2532 5104 2733 5159 habere
2766 5122 2779 5159 :
2811 5118 3128 5174 quamquam
3160 5105 3300 5158 enim
3343 5104 3509 5157 multa
3538 5103 3676 5157 bona
3707 5118 3887 5173 opera

2273 5195 2498 5263 feceris,
2540 5210 2859 5265 quamquam
2901 5195 3096 5249 nullius
3126 5194 3198 5249 sis
3234 5195 3326 5249 tibi
3360 5195 3608 5249 conscius
3635 5194 3759 5248 mali
3780 5235 3800 5267 ,
3833 5197 3884 5252 si

2272 5302 2425 5360 putes
2453 5300 2505 5343 te
2535 5288 2730 5343 fidendi
2760 5304 2971 5343 causam
3010 5288 3206 5343 habere
3225 5330 3240 5355 ,
3268 5288 3337 5342 ab
3374 5289 3614 5343 oratione
3657 5289 3885 5357 penitus

2272 5381 2535 5436 excidisti.

2346 5472 2626 5526 Humilitas
2661 5471 2901 5539 ﬁduciam
2939 5471 3094 5542 parit.
3124 5501 3196 5511 —
3221 5472 3416 5526 Contra
3452 5472 3497 5525 si
3536 5486 3698 5526 onera
3739 5487 3885 5541 pec-

2271 5573 2509 5620 calorum
2556 5564 2833 5617 innumera
2874 5564 2925 5617 in
2972 5563 3297 5617 conscientia
3344 5561 3543 5629 habes,
3576 5561 3737 5615 modo
3773 5565 3885 5619 tibi

2272 5655 2594 5726 persuadeas
2621 5663 2672 5707 te
2692 5655 2927 5707 omnium
2949 5654 3192 5707 ultimum
3215 5668 3352 5717 esse,
3378 5667 3625 5723 magnam
3648 5652 3887 5710 habebis

2269 5746 2412 5817 apud
2436 5746 2603 5800 Deum
2627 5745 2871 5798 fiduciam
2900 5761 2911 5795 :
2939 5745 3063 5799 licet
3088 5744 3139 5797 id
3164 5744 3303 5799 nulla
3332 5743 3601 5798 humilitas
3629 5742 3885 5810 sit,'cunt

2338 5860 2357 5890 ί
2393 5855 2499 5920 Alii,
2521 5855 2775 5919 fretumque
2800 5854 2923 5907 hunc
2948 5854 3120 5907 locum.
