4186 6326
243 381 354 440 ’2ᾱὸ

236 502 495 574 σπιθαμῇ
545 501 644 572 τῆς
677 501 862 574 χειρὸς
898 503 1079 556 πάντα
1116 503 1279 555 αὐτὸν
1316 505 1622 575 μετροῦντα
1670 506 1940 571 ἐπελθεῖν,

235 591 366 644 τίνα
397 590 462 643 ἂν
498 593 747 661 φήσομεν
785 590 989 644 εἰδέναι
1027 589 1259 661 μέγεθος
1285 591 1542 661 οὐρανοῦ,
1573 593 1667 646 τὸν
1713 594 1946 664 φιλονει-

239 680 445 733 κοῦντα
475 682 678 733 εἰδέναι
708 676 885 742 πόσας
918 679 1034 750 ἔχει
1067 678 1372 750 σπιθαμὰς,
1400 681 1433 751 ἢ
1459 681 1550 733 τὸν
1577 681 1945 751 ὁμολογοῦντα

237 768 491 836 ἀγνοεῖν;
537 764 672 823 Εἵτα
712 769 806 822 ἐπὶ
849 768 950 839 μὲν
983 767 1217 839 οὐρανοῦ
1267 771 1296 821 6
1348 770 1698 841 παραχωρῶν
1731 771 1811 841 τῷ
1846 789 1942 841 με·

235 856 417 926 γέθει,
446 850 602 920 οὗτος
649 856 804 909 ἔσται
849 858 879 909 6
917 856 1118 927 μᾶλλον
1153 855 1309 921 εἰδὼς
1353 857 1415 911 τὸ
1463 858 1715 928 μέγεθος,
1758 860 1852 912 ἐπὶ
1888 860 1944 913 δὲ

236 945 339 1001 τοῦ
368 945 505 999 Θεοῦ
535 944 658 998 οὐδέ
690 943 867 1015 ταύτῃ
914 944 1236 1016 χρησόμεθα
1266 948 1332 1017 τῇ
1369 946 1661 1017 εὐλαϐείᾳ;
1700 948 1796 1001 καὶ
1828 950 1945 1012 πῶς

233 1035 346 1088 οὐκ
392 1034 631 1103 ἐσχάτης
686 1032 848 1085 τοῦτο
899 1032 1318 1104 παραπληξίας;
1349 1034 1473 1088 Ὅτι
1528 1036 1641 1105 γάρ
1686 1036 1959 1107 τοσοῦτον

241 1120 627 1190 ἀπαιτούμεθα
666 1121 826 1190 μόνον
863 1120 1086 1183 εἰδέναι,
1113 1121 1196 1173 ὅτι
1230 1121 1345 1174 ἔστι
1380 1122 1534 1186 Θεὸς,
1568 1124 1690 1194 οὐχὶ
1723 1141 1944 1197 περιερ-

242 1209 509 1279 γάζεσθαι
532 1209 699 1262 αὐτοῦ
731 1208 831 1279 τὴν
858 1208 1071 1273 οὐσίαν,
1096 1208 1330 1264 ἄκουσον
1368 1212 1421 1263 τί
1453 1228 1619 1281 φησιν
1647 1213 1675 1265 6
1697 1213 1940 1276 Παῦλος·

241 1298 578 1351 Πιστεῦσαι
623 1297 736 1365 γὰρ
772 1297 868 1351 δεῖ
897 1297 1009 1351 τὸν
1044 1300 1537 1368 προσερχόμενον
1573 1298 1655 1365 τῷ
1689 1300 1812 1366 Θεῷ
1854 1300 1943 1353 ὅτι

240 1384 395 1439 ἔστι.
433 1387 546 1439 Καὶ
578 1386 743 1438 πάλιν
772 1387 801 1438 6
828 1386 1117 1458 προφήτης
1146 1386 1399 1456 ἐγκαλῶν
1430 1388 1689 1444 ἀσέϐειαν
1720 1389 1847 1453 τινὶ,
1878 1391 1942 1458 οὐ

237 1472 404 1525 τοῦτο
434 1472 678 1540 ἐγκαλεῖ,
723 1474 806 1526 ὅτι
839 1473 941 1526 οὐκ
996 1468 1108 1528 οἶδε
1158 1475 1213 1528 τί
1264 1477 1413 1530 ἐστιν
1441 1477 1470 1528 ὁ
1503 1476 1660 1541 Θεὸς,
1704 1476 1821 1531 ἀλλ’
1860 1477 1942 1530 ὅτι

238 1559 343 1613 οὐκ
383 1555 548 1618 οἶδεν,
579 1561 663 1613 ὅτι
697 1559 814 1612 ἐστι
845 1560 999 1623 Θεός.
1031 1557 1184 1616 Εἷπε
1229 1562 1359 1634 γάρ,
1404 1562 1593 1634 φησὶν,
1635 1563 1843 1633 ἄφρων
1874 1563 1944 1615 ἐν

240 1646 459 1716 καρδίῃ
511 1648 723 1714 αὐτοῦ,
769 1650 884 1702 οὐκ
934 1649 1071 1702 ἐστι
1124 1651 1293 1718 Θεός.
1329 1652 1543 1723 ’Ὠσπερ
1590 1648 1685 1706 οὖν
1733 1654 1942 1706 ἐκεῖνον

241 1734 416 1805 ἀσεϐῆ
456 1738 603 1787 ποιεῖ
632 1736 695 1788 οὐ
725 1736 786 1789 τὸ
825 1737 1042 1804 ἀγνοεῖν
1076 1737 1129 1790 τί
1163 1739 1265 1810 τὴν
1306 1739 1497 1794 οὐσίαν
1531 1741 1682 1795 ἐστὶν
1718 1742 1747 1794 6
1785 1740 1939 1804 Θεὸς,

242 1820 383 1875 ἀλλά
425 1820 487 1873 τὸ
542 1823 783 1889 ἀγνοεῖν,
846 1824 929 1877 ὃτι
980 1823 1097 1877 ἔστι
1150 1824 1322 1890 Θεόςδ
1376 1826 1553 1890 οὕτως
1603 1829 1767 1899 ἀρκεῖ
1802 1829 1943 1899 πρὸς

241 1909 529 1973 εὐσέϐειαν
563 1910 625 1963 τὸ
656 1911 857 1964 εἰδέναι
894 1912 977 1965 ὅτι
1016 1912 1162 1968 ἐστιν
1194 1915 1222 1966 6
1244 1914 1398 1978 Θεός.
1446 1915 1587 1970 Ἀλλ’
1610 1915 1795 1987 ἔχουσί
1819 1934 1943 1969 τινα

242 1994 340 2048 καὶ
378 1996 570 2066 ἕτερον
608 1996 1057 2068 μεμελετημένον
1090 1998 1271 2068 λόγον.
1313 2000 1448 2054 Τίνα
1475 2001 1802 2073 δὴλτοῦτονς
1850 2002 1941 2057 El-

241 2099 432 2152 ρηται,
463 2083 620 2153 φησὶ,
669 2084 917 2154 Πνεῦμα
959 2088 993 2139 ό
1050 2087 1218 2152 Θεός.
1255 2087 1429 2141 Τοῦτο
1469 2084 1563 2142 οὖν
1614 2090 1716 2161 τῆς
1751 2089 1966 2153 οὐσίας-

239 2169 414 2223 αῦτοῦ
454 2171 893 2249 παραστατικὸν,
928 2172 1050 2225 εἰπέ
1096 2190 1222 2244 μοι;
1268 2175 1362 2228 καὶ
1404 2174 1492 2240 τίς
1533 2166 1710 2230 ταῦτα
1749 2177 1941 2242 ἀνέξε-

243 2273 353 2319 ται,
389 2256 497 2310 κᾶν
534 2257 788 2311 ὁπωσοῦν
823 2259 917 2312 ἐπὶ
952 2259 1126 2331 θύρας
1146 2260 1257 2315 τῶν
1286 2260 1447 2318 θείων
1475 2263 1714 2335 Γραφῶν
1737 2264 1939 2333 ἐλθών;

241 2345 443 2399 Ἔσται
500 2345 611 2418 γάρ
669 2347 815 2402 κατά
868 2346 1061 2401 τοῦτον
1104 2347 1197 2402 τὸν
1228 2348 1392 2418 λόγον
1431 2351 1527 2405 καὶ
1578 2351 1689 2424 πῦρ
1722 2354 1752 2405 6
1783 2352 1940 2417 Θεός·

237 2431 433 2503 ὥσπερ
484 2434 597 2506 γάρ
634 2434 949 2506 γέγραπται
984 2436 1069 2490 ὅτι
1105 2436 1353 2507 Πνεῦμα
1390 2441 1424 2493 ὀ
1470 2438 1637 2508 Θεὸς,
1670 2440 1813 2494 οὕτω
1850 2440 1943 2510 γέ-

240 2536 489 2591 γραπται
522 2521 607 2574 ὅτι
649 2521 714 2575 '0
763 2521 912 2589 Θεὸς
948 2522 1124 2590 ἡμῶν
1154 2523 1276 2593 πῦρ
1326 2528 1801 2592 καταναλίσκον,
1849 2530 1942 2582 καὶ

237 2609 427 2672 πάλιν,
452 2608 625 2693 Πηγὴ
666 2609 890 2677 ὕδατος
916 2609 1155 2685 ζῶντος.
1189 2612 1264 2666 Οὐ
1296 2613 1517 2684 πνεῦμα
1550 2600 1608 2668 δὲ
1644 2616 1739 2669 καὶ
1788 2618 1940 2689 πηγὴ

236 2696 335 2750 καὶ
364 2696 475 2768 πῦρ
520 2696 676 2751 ἔσται
731 2699 916 2769 μόνον,
948 2699 1087 2753 ἀλλά
1130 2701 1225 2755 καὶ
1252 2700 1424 2773 ψυχὴ,
1465 2703 1561 2756 καὶ
1593 2704 1817 2775 ἄνεμος,
1848 2705 1943 2758 καὶ

238 2782 367 2847 νοῦς
405 2783 772 2855 ἀνθρώπινος,
825 2786 922 2840 καὶ
951 2786 1118 2859 ’ἐτερα
1151 2788 1334 2860 πολλῷ
1357 2788 1563 2844 τούτων
1591 2792 1940 2863 ἀτοπώτερα·

234 2872 302 2926 οὐ
332 2873 441 2942 γὰρ
462 2873 528 2944 δὴ
547 2872 731 2930 πάντα
760 2873 1037 2943 ἐπεξιέναι
1068 2874 1175 2947 χρὴ
1200 2877 1280 2947 τῷ
1304 2877 1472 2948 λόγῳ,
1509 2879 1632 2932 οὐδὲ
1659 2881 1761 2951 τὴν
1793 2881 1942 2934 ἐκεί-

235 2976 347 3015 νων
373 2961 664 3031 μιμεῖσθαι
695 2962 917 3033 μανίαν.
960 2963 1035 3017 Τὸ
1067 2964 1176 3035 γάρ
1207 2965 1447 3035 πνεῦμα
1465 2967 1626 3020 τοῦτο
1663 2968 1836 3023 πολλά
1850 2968 1944 3040 δη-

234 3047 343 3111 λοῖ,
377 3044 490 3102 οἷον
512 3048 613 3120 τὴν
631 3048 812 3121 ψυχὴν
840 3048 941 3122 τὴν
970 3050 1277 3123 ήμετέραν,
1310 3052 1564 3127 καθάπερ
1592 3056 1689 3110 καὶ
1728 3056 1942 3121 Παῦλὸς

235 3153 397 3207 φησι·
441 3135 596 3209 [488]
637 3136 951 3206 Παράδοτε
1000 3139 1109 3193 τὸν
1143 3140 1423 3195 τοιοῦτον
1445 3141 1526 3208 τῷ
1546 3144 1804 3211 σατανᾷ,
1840 3146 1942 3200 ἵνα

234 3222 307 3278 τὸ
337 3223 577 3293 πνεῦμα
608 3222 799 3293 σωθῇ·
823 3224 920 3278 καὶ
948 3222 1173 3297 ἄνεμον,
1203 3226 1455 3299 καθάπερ
1474 3230 1504 3280 6
1536 3232 1826 3303 προφήτης
1851 3231 1936 3285 λέο

234 3328 349 3381 γει·
386 3312 692 3381 Πνεύματι
730 3312 916 3377 ,βιαίῳ
964 3308 1325 3383 συντρίψεις
1379 3318 1627 3383 αὐτούς.
1675 3319 1941 3373 Καλεῖται

233 3398 296 3453 δέ
328 3400 424 3452 καί
460 3399 523 3452 τὸ
554 3398 810 3472 χάρισμα
830 3400 896 3454 τὸ
937 3403 1314 3472 πνευματικὸν
1338 3402 1533 3469 οὓτως·
1556 3407 1712 3463 Αὐτὸ
1739 3408 1848 3477 γὰρ
1875 3408 1939 3462 τὸ

236 3487 478 3555 πνεῦμα
506 3486 931 3557 συμμαρτιφεῖ
952 3487 1032 3555 τῷ
1060 3492 1362 3560 πνεύματι
1398 3493 1605 3562 ἡμῶν,
1653 3496 1810 3566 φησί·
1846 3497 1942 3550 καὶ

234 3575 426 3637 πάλιν,
448 3575 866 3646 Προσεύξομαι
889 3575 959 3629 δὲ
976 3575 1058 3642 τῷ
1072 3568 1387 3649 πνεύματι,
1423 3582 1836 3654 προσεύξομαι
1873 3584 1941 3638 δὲ

235 3664 340 3719 καὶ
389 3662 469 3729 τῷ
499 3665 614 3719 νοτ.
644 3662 912 3717 Καλεῖται
956 3664 1014 3718 66
1043 3665 1138 3719 καὶ
1164 3667 1192 3720 6
1224 3666 1403 3737 ¹θυμὸς
1450 3669 1645 3735 οὕτως·
1692 3672 1788 3726 καὶ
1831 3674 1940 3745 γὰρ

248 3752 481 3815 Ἠσαίας
506 3752 695 3822 φησίν·
720 3748 817 3833 οὐ
847 3752 930 3807 σὺ
970 3749 1135 3823 ἦσθα
1167 3758 1201 3809 ὁ
1237 3756 1512 3825 μελετῶν
1540 3758 1621 3831 τῷ
1644 3762 1943 3830 πνεύματί

235 3837 466 3904 σουτῷ
511 3836 763 3907 σκληρῷ
808 3838 1055 3893 ἀνελεῖν
1096 3843 1356 3908 αὐτούς;
1397 3844 1658 3900 Καλεῖται
1698 3846 1755 3900 δὲ
1788 3848 1939 3920 καὶή

236 3926 465 3997 βοήθεια
496 3928 528 3997 ἡ
559 3926 714 3999 παρὰ
744 3926 841 3980 τοῦ
900 3927 1035 3982 Θεοῦ
1080 3929 1323 4001 πνεῦμα·
1378 3933 1623 4001 Πνεῦμα
1668 3936 1781 4004 γὰρ
1823 3936 1938 4005 πρὸ

234 4014 569 4083 προσώπου
621 4012 795 4084 ἡμῶν
842 4016 1102 4084 Χριστὸς
1131 4019 1369 4087 Κύριος.
1400 4019 1588 4075 Ταῦτα
1622 4017 1716 4075 οὖν
1760 4024 1940 4078 πάντα

232 4103 373 4171 ἡμῖν
402 4101 581 4163 ὁΘεὸς
608 4100 765 4154 ἔσται
804 4102 927 4155 κατ’
955 4103 1223 4169 ἐκείνους,
1262 4107 1358 4158 καί
1388 4106 1452 4159 ἐκ
1478 4106 1751 4161 τοσούτων
1803 4126 1938 4179 συγ-

234 4185 506 4239 κείσεται.
526 4186 692 4240 Ἀλλά
707 4187 815 4259 γὰρ
845 4188 935 4243 ἶνα
958 4188 1034 4261 μὴ
1060 4189 1124 4260 λη
1132 4190 1341 4261 ρῶμεν,
1363 4191 1433 4245 τά
1458 4192 1594 4264 μηδέ
1627 4194 1939 4264 ἀντιλογίας

233 4273 474 4343 δεόμενα
504 4275 853 4345 παράγοντες
889 4278 970 4340 εἰς
1007 4264 1193 4347 μέσον,
1233 4278 1368 4350 φέρε
1407 4280 1646 4336 ἐνταῦθα
1674 4281 1767 4337 τὸν
1802 4283 1941 4355 πρὸς

233 4362 439 4425 αὐτοὺς
461 4362 868 4430 καταλύσαντες
901 4365 1081 4433 λόγον,
1127 4368 1223 4420 ἐπὶ
1248 4367 1346 4439 τὴν
1379 4368 1545 4441 εὐχήν
1590 4370 1651 4424 τὸ
1677 4375 1786 4427 πᾶν
1808 4374 1937 4445 τρέ-

231 4449 456 4519 ψωμεν,
513 4451 625 4520 ὅσῳ
675 4451 940 4521 μειζόνως
994 4453 1275 4519 ἀσεϐοῦσι,
1330 4457 1568 4527 τοσούτῳ
1603 4459 1765 4513 πλέον
1797 4462 1938 4534 ὑπὲρ

232 4534 420 4590 αὐτῶν
448 4536 900 4608 παρακαλοῦντες
930 4540 1025 4592 καὶ
1057 4540 1303 4611 δεόμενοι
1342 4544 1646 4616 ἀποστῆναί
1676 4564 1805 4600 ποτε
1839 4548 1939 4619 τῆς

235 4621 443 4692 μανίας
474 4624 694 4687 αὐτούς.
729 4624 902 4679 Τοῦτο
931 4625 1042 4697 γάρ
1085 4628 1391 4684 ἀποδεκτὸν
1434 4631 1667 4687 ἐνώπιον
1698 4634 1795 4688 τοῦ
1826 4637 1939 4689 Σω-

230 4709 409 4780 τῆρος
434 4712 468 4781 ή
478 4710 597 4781 μῶν
623 4710 785 4774 Θεοῦ,
820 4713 926 4779 Ὃς
954 4713 1190 4780 πάντας
1227 4716 1583 4785 ἀνθρώπους
1614 4719 1776 4775 θέλει
1821 4737 1938 4775 σω-

232 4792 438 4879 θῆναι,
472 4798 576 4853 καί
603 4802 692 4866 εἰς
713 4798 1047 4871 ἐπίγνωσιν
1062 4802 1354 4870 ἀληθείας
1380 4805 1605 4864 ἐλθεῖν.

314 5081 386 5139 ς’.
416 5074 508 5147 Μὴ
535 5074 909 5161 διαλείπωμεν
931 5077 1114 5133 τοίνυν
1140 5078 1237 5144 τὰς
1262 5079 1404 5152 ὐπέρ
1439 5079 1619 5138 αὐτῶν
1653 5087 1938 5161 ἱκετηρίας

231 5162 579 5232 ποιούμενοι.
610 5147 772 5231 Μέγα
793 5147 904 5236 γὰρ
928 5165 1093 5219 ὅπλον
1119 5166 1277 5239 εὐχὴ,
1310 5147 1588 5241 θησαυρὸς
1618 5147 1934 5248 ἀνελλίπὴς,

232 5248 472 5314 πλοῦτος
506 5249 780 5321 μηδέποτε
810 5251 1227 5325 δαπανώμενος.
1266 5255 1431 5327 λιμὴν
1460 5258 1800 5331 ἀκύμαντος,
1838 5282 1938 5334 γα-

229 5338 411 5408 λήνης
438 5336 718 5425 ὐπόθεσις,
751 5339 843 5393 καὶ
869 5342 1080 5413 μυρίων
1109 5344 1335 5412 ἀγαθῶν
1370 5346 1493 5417 ῥίζα
1516 5349 1610 5401 καὶ
1645 5353 1797 5425 πηγὴ
1843 5356 1939 5408 καὶ

234 5424 429 5495 μήτηρ
460 5424 614 5477 ἐστὶν
641 5427 675 5497 ή
723 5426 879 5498 εὐχὴ,
905 5428 1000 5481 καὶ
1024 5430 1195 5501 αὐτῆς
1242 5431 1343 5501 τῆς
1386 5432 1664 5503 βασιλείας
1697 5424 1939 5494 δυνατω-

225 5510 392 5581 τέρα.
416 5511 687 5576 Πολλάκις
720 5510 815 5570 οὖν
844 5515 1011 5570 αὐτοῦ
1054 5518 1149 5571 τοῦ
1174 5518 1236 5572 τὸ
1273 5519 1513 5593 διάδημα
1547 5528 1936 5598 περικειμένου

226 5599 625 5669 πυρέττοντος,
649 5603 745 5658 καὶ
765 5605 858 5658 ἐπὶ
889 5605 989 5677 τῆς
1012 5606 1204 5679 κλίνης
1242 5610 1500 5680 κειμένου
1533 5613 1627 5679 καί
1661 5615 1935 5688 φλεγομέ-

226 5704 349 5753 νου,
371 5691 789 5777 παρεστήκασιν
820 5694 1017 5765 ἰατροὶ,
1042 5695 1352 5769 δορυφόροι,
1394 5696 1747 5770 θεράποντες,
1780 5722 1939 5777 στρα-

224 5775 417 5846 τηγοὶ,
451 5777 548 5829 καὶ
582 5777 709 5832 οὕτε
760 5781 964 5854 ἰατρῶν
1034 5782 1223 5855 τέχνη,
1268 5783 1395 5838 οὔτε
1430 5789 1707 5859 παρουσία
1741 5775 1934 5860 φίλων,

122 5902 131 5905 ν
221 5862 338 5921 οὐκ
360 5865 592 5922 οἰκετῶν
614 5865 882 5938 διακονία,
935 5871 995 5925 οὐ
1028 5871 1346 5944 φαρμάκων
1373 5872 1642 5945 δαψίλεια,
1674 5879 1734 5933 οὐ
1769 5881 1935 5935 πολυ-

1309 388 1392 442 [Hi
1436 388 2140 447 iNi‘ZOMPRElIENSIBILl
2184 391 2295 447 DEI
2336 390 2757 446 ΝΑΤυιιλμν.

3648 388 3752 444 Ὴῑ

2058 509 2242 560 τέλεια
2287 508 2670 579 παρασκευῆς,
2704 507 2765 558 οὐ
2794 506 3091 575 χρημάτων
3137 506 3446 576 περιουσία,
3484 504 3583 556 οὐκ
3626 501 3757 556 ἄλ)ο

2057 596 2209 649 οὐδὲν
2230 595 2341 649 τῶν
2373 595 2730 665 ἀνθρωπίνων
2764 592 2936 662 ἰσχύει
2963 592 3470 663 παραμυθήσασθαι
3504 590 3604 661 τὴν
3632 591 3753 642 ἐπι-

2058 683 2320 753 κειμένην
2352 681 2686 752 ἀρρωστίαν·
2722 681 2788 734 ἂν
2828 680 2887 745 δέ
2944 696 3029 743 τις
3078 679 3393 752 παρρησίαν
3435 678 3574 750 ἔχων
3615 676 3753 748 πρὸς

2056 770 2146 823 τὸν
2176 766 2309 824 Θεὸν
2339 769 2577 841 εἰσέλθῃ,
2603 769 2699 822 καὶ
2736 767 2833 820 τοῦ
2882 767 3137 837 σώματος
3176 769 3382 838 ἅψηται
3431 768 3612 838 μόνον,
3661 768 3755 819 καὶ

2056 859 2309 928 καθαρὰν
2347 857 2486 929 ὑπὲρ
2514 855 2678 909 αὐτοῦ
2705 856 2909 929 ποιήσῃ
2942 854 3041 927 τὴν
3070 856 3259 926 εὐχὴν,
3286 855 3503 909 ἅπασαν
3536 853 3635 924 τὴν
3652 855 3754 926 ἀρ-

2056 942 2297 1016 ρωστίαν
2343 945 2697 1015 ἐφυγάδευσε·
2741 945 2838 997 καὶ
2863 947 3002 1015 ὅπερ
3045 945 3147 997 οὐκ
3183 944 3405 1014 ίσχυσεν
3446 944 3473 996 6
3502 941 3752 1006 πλοῦτος,

2055 1034 2148 1086 καί
2176 1034 2287 1085 τῶν
2324 1033 2759 1103 διακονουμένων
2798 1032 2858 1085 τὸ
2881 1031 3110 1102 πλῆθος,
3147 1031 3293 1102 καὶὴ
3322 1030 3421 1102 τῆς
3459 1029 3758 1100 ἐμπειρίας

2054 1123 2363 1193 ἐπιστήμη,
2401 1121 2497 1174 καί
2539 1122 2567 1173 6
2608 1122 2707 1191 τῆς
2771 1120 3050 1191 βασιλείας
3102 1120 3288 1187 ὄγκος,
3343 1118 3502 1179 τοῦτο
3536 1119 3756 1188 ἴσχυσεν

2053 1209 2173 1273 ἐνὸς
2206 1198 2441 1282 πένητος
2475 1209 2740 1272 πολλάκις
2778 1208 2873 1262 καὶ
2928 1206 3307 1277 πτωχεύοντος
3370 1207 3541 1278 εὐχή..
3571 1206 3757 1277 Εὐχὴν

2052 1296 2109 1350 δὲ
2136 1297 2301 1367 λέγω,
2344 1298 2405 1351 οὐ
2445 1300 2544 1370 τὴν
2571 1297 2733 1369 ψιλὴν
2786 1296 2993 1367 ταύτην
3021 1296 3117 1349 καὶ
3152 1295 3427 1367 ῥᾳθυμίας
3451 1290 3754 1364 γέμουσαν,

2052 1381 2191 1440 ἀλλᾶ
2215 1387 2315 1457 τὴν
2347 1388 2465 1459 μετ’
2518 1387 2798 1451 ἐκτενείας
2845 1385 3162 1457 γινομένην,
3220 1384 3358 1455 μετά
3410 1381 3757 1453 όδυνωμένης

2051 1473 2251 1546 ψυχῆς,
2283 1477 2425 1546 μετά
2477 1476 2888 1545 συντεταμένης
2917 1473 3161 1536 διανοίας
3190 1473 3231 1526 ⁸.
3273 1469 3424 1543 Αῦτη
3468 1470 3580 1540 γάρ
3608 1473 3757 1523 ἐστιν

2054 1563 2086 1632 ἡ
2112 1564 2249 1634 πρὸς
2270 1564 2362 1616 τὸν
2391 1564 2621 1635 οὐρανὸν
2643 1561 3038 1624 ἀναϐαίνουσα,
3072 1561 3169 1613 καὶ
3188 1558 3444 1630 καθάπερ
3472 1558 3540 1611 τά
3564 1557 3755 1624 ὕδατα,

2052 1650 2158 1713 ἕως
2187 1650 2286 1720 μὲν
2311 1650 2378 1704 ἂν
2407 1651 2501 1704 ἐπὶ
2526 1650 2780 1704 ἰσοπέδου
2820 1649 3057 1721 φέρηται
3094 1646 3379 1720 [χωρίου],
3418 1647 3514 1700 καλ⁸
3552 1646 3754 1717 πολλῆς

2051 1738 2302 1810 ἀπολαύῃ
2349 1739 2453 1810 τῆς
2501 1739 2868 1811 εὐρυχωρίας,
2907 1738 3007 1790 οὐκ
3056 1736 3343 1791 ἀνίσταται
3392 1736 3531 1807 πρὸς
3586 1733 3746 1803 ῦψος·

2051 1826 2272 1880 ἐπειδὰν
2312 1827 2369 1881 δέ
2405 1827 2546 1880 αὐτά
2580 1830 2765 1897 χεῖρες
2800 1825 3081 1896 ὸχετηγῶν
3116 1822 3365 1878 κάτωθεν
3397 1822 3759 1895 περισφίγξα-

2053 1930 2144 1967 σαι
2189 1914 2421 1983 θλίψωσι
2458 1912 2965 1984 στενοχωρούμενα,
3022 1911 3212 1981 βέλους
3252 1909 3457 1973 παντὸς
3498 1908 3758 1981 ὀξύτερον

2051 2003 2195 2073 πρὸς
2217 2002 2279 2054 16
2333 2001 2468 2071 ῦψος
2495 2000 2926 2065 ἐξακοντίζεται·
2967 2000 3112 2053 οῦτω
3139 1998 3203 2070 δὴ
3238 2001 3334 2052 καὶ
3374 1999 3409 2069 ἡ
3436 1997 3759 2068 ἀνθρωπίνη

2049 2088 2280 2150 διάνοια,
2314 2088 2420 2153 ἕως
2469 2090 2569 2159 μὲν
2596 2089 2661 2141 ἂν
2695 2087 2885 2150 ἀδείας
2927 2085 3182 2156 ἀπολαύῃ
3224 2084 3449 2155 πολλῆς,
3488 2084 3759 2154 διαχεῖται

2051 2174 2147 2226 καὶ
2168 2172 2404 2244 διαρρεῖ·
2427 2170 2735 2225 ἐπειδὰν.δέ
2780 2171 3126 2241 πραγμάτων
3152 2170 3481 2242 περίστασις
3511 2166 3759 2223 κάτωθεν

2050 2259 2223 2331 αὐτὴν
2248 2260 2657 2331 στενοχωρήσῃ,
2694 2259 3101 2330 ἀποθλιϐομένη
3133 2258 3338 2323 καλῶς,
3368 2257 3619 2329 καθαρὶις
3662 2255 3760 2311 καὶ

2050 2349 2304 2416 εὐτόνους
2356 2348 2494 2419 πρὸς
2531 2347 2594 2400 16
2650 2346 2784 2416 ὕψος
2811 2347 3132 2418 ἀναπέμπει
3172 2347 3270 2410 τάς
3302 2346 3489 2415 εὐχάς.
3524 2345 3635 2399 Καὶ
3669 2345 3760 2399 ἵνα

2055 2430 2239 2510 μάθῃς
2259 2437 2340 2489 61:
2366 2435 2604 2505 μάλιστα
2632 2436 2839 2487 ἐκεῖναι
2866 2433 3241 2489 ἐπακούεσθαι
3275 2435 3304 2474 δ
3329 2434 3568 2487 δύναιντ’
3597 2432 3665 2486 ἂν
3699 2433 3760 2487 αῖ

2056 2524 2196 2595 μετὰ
2225 2522 2460 2593 θλίψεως
2483 2523 2787 2593 γινόμεναι,
2825 2522 3060 2577 ἄκουσον
3094 2521 3148 2575 τί
3180 2539 3347 2593 φησιν
3383 2523 3411 2575 6
3446 2522 3759 2593 προφήτης·

2052 2612 2210 2681 Πρὸς
2234 2612 2454 2679 Κύριον
2471 2610 2543 2664 ἐν
2578 2609 2659 2676 τῷ
2691 2611 3009 2665 θλίϐεσθαι
3052 2627 3130 2680 με
3162 2610 3484 2680 ἐκέκραξα,
3509 2608 3609 2664 καὶ
3637 2610 3762 2663 εισ-

2050 2699 2288 2766 ήκουσέ
2323 2686 2467 2769 μου.
2500 2698 2974 2769 Διαθερμάνωμεν
3004 2698 3185 2752 τοίνυν
3215 2697 3278 2751 16
3304 2697 3567 2763 συνειδὸς,
3606 2694 3763 2768 [4891

2053 2788 2335 2859 θλίψωμεν
2363 2788 2463 2858 τὴν
2495 2787 2675 2858 ψυχὴν
2697 2790 2764 2857 τῇ
2801 2789 2993 2859 μνήμῃ
3023 2786 3135 2840 τῶν
3174 2786 3617 2857 ἁμαρτημάτων,
3641 2784 3759 2837 θλί-

2050 2875 2268 2947 ψωμεν,
2316 2877 2415 2946 οὐχ
2438 2876 2527 2928 ἴνα
2564 2876 3101 2946 στενοχωρήσωμεν,
3139 2874 3257 2928 ἀλλ’
3291 2874 3381 2927 ἴνα
3416 2873 3761 2943 ἀκουσθῆναι

2051 2964 2593 3035 παρασκευάσωμεν,
2626 2963 2714 3016 Eva
2766 2965 2960 3033 νήφειν
3018 2963 3341 3033 ποιήσωμεν
3390 2962 3486 3014 καὶ
3526 2964 3761 3033 ἐγρηγο-

2054 3053 2228 3123 ρέναι,
2283 3054 2379 3106 καὶ
2413 3050 2595 3104 αὐτῶν
2630 3037 2903 3103 ἅπτεσθαι
2932 3050 3045 3103 τῶν
3089 3049 3359 3122 οὐρανῶν.
3413 3048 3582 3103 Οὐδὲν
3616 3048 3759 3102 οὐτω

2052 3139 2351 3210 φυγαδεύει
2379 3138 2657 3210 ῥᾳθυμίαν
2701 3137 2797 3190 καί
2837 3136 3157 3207 ὀλιγωρίαν,
3193 3137 3271 3200 ὡς
3309 3136 3475 3209 ὀδύνη
3513 3136 3607 3190 καί
3642 3135 3760 3189 θλῖο

2050 3229 2145 3299 ψις
2179 3227 2519 3299 πανταχόθεν
2549 3225 2865 3295 συνάγουσα
2903 3226 3003 3297 τὴν
3034 3225 3301 3290 διάνοιαν,
3332 3224 3427 3278 καὶ
3458 3224 3597 3296 πρὸς
3625 3225 3759 3278 ἑαυ-

2049 3318 2150 3388 τὴν
2182 3316 2614 3387 ἐπιστρέφουσα.
2664 3314 2724 3367 '0
2757 3312 3077 3384 θλιϐόμενος
3130 3312 3275 3366 οὕτω
3320 3313 3417 3367 καί
3459 3313 3761 3382 εὐχόμενος

2052 3404 2255 3476 πολλὴν
2290 3402 2451 3477 μετάη
2480 3402 2579 3473 τὴν
2614 3402 2783 3472 εὐχὴν
2810 3402 2892 3465 εἰς
2929 3400 3031 3472 τὴν
3063 3399 3244 3470 ψυχὴν
3283 3398 3383 3470 τὴν
3413 3398 3611 3469 ἑαυτοῦ
3659 3396 3762 3470 τὴν

2051 3491 2246 3563 ἡδονὴν
2280 3490 2574 3544 είσοικίσαι
2607 3491 2926 3561 δυνήσεται.
2972 3488 3084 3543 Καὶ
3109 3488 3365 3560 καθάπερ
3405 3486 3585 3555 νεφῶν
3632 3503 3761 3540 συν-

2049 3581 2225 3651 δρομὴ
2259 3579 2412 3651 παρὰ
2468 3580 2565 3651 μὲν
2597 3578 2698 3650 τὴν
2749 3578 2927 3651 ἀρχὴν
2975 3578 3207 3650 ζοφερὸν
3268 3581 3416 3631 ποιεῖ
3465 3577 3557 3631 τὸν
3596 3577 3756 3647 ἀέρα·

2052 3669 2274 3723 ἐπειδᾶν
2305 3669 2363 3723 66
2393 3668 2738 3740 ἐπαλλήλους
2792 3668 2980 3739 ἐπαφῇ
3012 3668 3111 3730 τὰς
3159 3666 3407 3735 νιφάδας.
3439 3665 3760 3737 ἀποθεμένη

2052 3756 2142 3809 τὸν
2172 3755 2327 3808 ὑετὸν
2369 3756 2606 3822 ἅπαντα,
2633 3753 2873 3825 γαληνὸν
2915 3754 3007 3807 καὶ
3050 3754 3278 3825 φαιδρὸν
3315 3754 3624 3825 ’ἐργάζεται
3667 3754 3763 3807 τὸν

2051 3846 2191 3915 ἀέρα
2229 3855 2278 3911 ο,
2309 3843 2454 3898 οὕτω
2482 3843 2548 3914 δὴ
2589 3845 2685 3898 καὶ
2729 3842 2942 3912 ἀθυμία
2970 3843 3075 3907 ἕως
3118 3844 3217 3914 μὲν
3254 3842 3320 3896 ἂν
3353 3842 3502 3895 ἔνδον
3532 3841 3760 3913 συστρέ-

2052 3951 2244 4003 φηται,
2289 3935 2474 3985 σκοτοῖ
2502 3932 2595 3985 τὸν
2645 3922 2937 4004 ἡμέτερον
2970 3931 3258 4002 λογισμόν·
3299 3931 3521 4007 ἐπειδάν
3580 3931 3637 3985 δὲ
3672 3930 3762 3985 διά

2049 4021 2159 4075 τῶν
2183 4022 2283 4090 τῆς
2312 4020 2479 4090 εὐχῆς
2516 4020 2784 4092 ῥημάτων
2816 4021 2912 4074 καὶ
2944 4010 3059 4072 τῶν
3087 4022 3205 4090 μετ’
3232 4019 3462 4072 ἐκείνων
3500 4017 3767 4089 δακρύων

2022 4109 2284 4180 κενωθῇ,
2320 4109 2416 4162 καὶ⁵
2441 4109 2521 4172 εἰς
2551 4108 2610 4161 16
2644 4107 2751 4174 ἔξω
2801 4107 3129 4178 διαπνεύσῃ,
3162 4107 3367 4179 πολλὴν
3414 4101 3658 4179 ἐντίθησι
3687 4109 3755 4178 τῇ

2048 4197 2196 4268 ψυχῇ
2225 4196 2325 4267 τὴν
2384 4195 2744 4266 φαιδρότητα,
2784 4195 2889 4265 τῆς
2940 4195 3284 4268 ἀντιλήψεως
3326 4195 3421 4248 τοῦ
3453 4195 3591 4248 Θεοῦ
3624 4195 3758 4249 καθ-

2050 4286 2196 4357 άπερ
2220 4284 2367 4350 τινὸς
2388 4286 2607 4348 ἀκτῖνος
2635 4285 2716 4348 εἰς
2748 4285 2849 4353 τὴν
2864 4283 3105 4337 διάνοιαν
3126 4282 3431 4353 ἀφεθείσης
3464 4283 3559 4337 τοῦ
3600 4284 3760 4353 εὐχο-

2052 4375 2240 4446 μένου.
2296 4372 2459 4426 Ἀλλά
2500 4373 2586 4435 τίς
2618 4374 2647 4426 6
2683 4372 2892 4444 ψυχρὸς
2932 4373 3042 4425 τῶν
3072 4371 3286 4426 πολλῶν
3319 4371 3513 4440 λόγος;
3551 4372 3758 4444 Ἀπαρ-

2051 4461 2347 4535 ῥησίαστός
2375 4462 2514 4530 εἰμι,
2548 4461 2736 4532 φησὶν,
2770 4458 3039 4532 αἰσχύνης
3072 4460 3253 4531 γέμω,
3302 4460 3425 4513 οὐδέ
3456 4458 3665 4525 ἀνοῖξαι
3695 4459 3771 4511 16.

2049 4549 2229 4621 στόμα
2274 4548 2532 4619 δύναμαι.
2565 4548 2841 4620 Σατανικὴ
2881 4546 3021 4618 αῦτη
3068 4549 3102 4618 ή
3152 4547 3440 4613 εὐλάϐεια,
3482 4546 3767 4619 ῥᾳθυμίας

2047 4638 2225 4691 ταῦτα
2278 4635 2757 4707 προκαλύμματα·
2798 4635 3127 4689 ἀποκλεῖσαι
3154 4636 3265 4706 γάρ
3303 4652 3385 4688 σοι
3433 4635 3535 4699 τάς
3583 4634 3756 4707 θύρας

2046 4729 2146 4797 τῆς
2176 4726 2313 4797 1:96;
2342 4725 2435 4777 16v
2466 4724 2600 4777 Θεὸν
2634 4725 2900 4794 προσόδου
2933 4724 3185 4795 βούλεται
3212 4724 3242 4776 ό
3269 4723 3537 4787 διάϐολος.
3558 4724 3758 4796 ’Λπαρο

2051 4815 2346 4888 ῥησίαστος
2384 4807 2474 4879 εἷ;
2506 4814 2737 4884 Μεγάλη
2769 4812 3077 4886 παρρησία.
3110 4812 3257 4884 μέγα
3281 4811 3444 4865 τοῦτο
3476 4811 3609 4866 αὐτὸ
3629 4811 3757 4881 ὅφι-

2047 4904 2137 4967 λος
2157 4903 2219 4956 τὸ
2247 4902 2493 4973 νομίζειν
2515 4902 2969 4973 ἀπαρρησίαστον
3000 4896 3162 4966 εἶναι,
3189 4900 3383 4972 ὥσπερ
3403 4897 3497 4955 οὖν
3523 4900 3756 4972 αἰσχύνη

2047 4993 2143 5048 καὶ
2173 4993 2499 5062 κατάκρισις
2526 4992 2729 5062 ἐσχάτη
2751 4990 2813 5042 τὸ
2841 4989 3086 5060 νομίζειν
3102 4989 3421 5061 παρρησίαν
3447 4989 3615 5060 ἔχειν.
3635 4989 3765 5045 Κάν

2046 5082 2155 5153 γάρ
2184 5079 2359 5133 πολλά
2407 5078 2538 5151 ἔχῃς
2582 5077 3008 5149 κατορθώματα,
3040 5077 3134 5131 καὶ
3170 5076 3338 5149 μηδὲν
3374 5077 3553 5149 ἐαυτῷ
3579 5078 3756 5133 σύνοι-

2046 5172 2144 5233 δας
2175 5168 2432 5241 πονηρὸν,
2470 5165 2699 5238 νομίζῃς
2726 5166 2784 5220 66
2809 5165 3121 5237 παρρησίαν
3152 5164 3317 5236 ἔχειν,
3346 5165 3529 5238 πάσης
3561 5165 3753 5232 ἐξέπε-

2049 5274 2142 5322 σες
2166 5260 2266 5328 τῆς
2292 5256 2492 5326 εὐχῆς·
2535 5256 2642 5309 κᾶν
2687 5255 2861 5327 μυρία
2897 5254 3071 5325 φέρῃς
3104 5254 3524 5325 ἁμαρτημάτων
3559 5254 3767 5326 φορτία

2046 5346 2143 5400 ἐπὶ
2178 5343 2274 5399 τοῦ
2304 5344 2624 5407 συνειδότος,
2665 5342 2759 5396 καὶ
2793 5342 2955 5412 μόνον
2993 5340 3152 5395 τοῦτο
3186 5342 3385 5414 πείσῃς
3420 5342 3639 5407 σαυτὸν,
3670 5343 3755 5397 ὅτι

2047 5434 2267 5489 πάντων
2300 5420 2525 5505 ἔσχατος
2565 5426 2633 5498 εἷ,
2664 5430 2864 5502 πολλὴν
2900 5429 3045 5496 ἕξεις
3077 5427 3217 5502 πρὸς
3242 5428 3335 5484 τὸν
3370 5429 3504 5485 Θεὸν
3533 5432 3751 5504 παρρηο

2113 5710 2139 5738 ⁸
2164 5709 2339 5773 Μονεγι.
2355 5713 2408 5758 et
2426 5706 2627 5772 quidam
2647 5724 2765 5761 mss.
2792 5711 2913 5763 μετὰ
2931 5710 3329 5773 συντετριμμένης
3350 5711 3575 5770 διανοίας.
3592 5712 3744 5767 Savil.

2047 5782 2159 5841 cup:
2179 5772 2436 5841 pigrjsque
2460 5785 2577 5841 _ms§.
2599 5775 2966 5837 συντεταμένης,
2988 5772 3173 5822 melius
3190 5772 3251 5821 ιιι
3278 5773 3491 5823 videtur.

2110 5832 2139 5872 δ
2167 5832 2261 5881 Alii
2287 5832 2613 5890 ὐπᾲκούεσθαι

2112 5898 2135 5925 τ
2161 5895 2259 5945 Alii
2280 5897 2374 5959 ἀφῇ
2423 5895 2529 5945 Mox
2552 5895 2633 5946 alii
2656 5895 2988 5958 plnwaiov...
3015 5896 3261 5958 ἐργάζεται
3286 5895 3367 5944 τὸν
3388 5897 3551 5947 τόπον.
