4186 6326
246 405 359 461 Ἶᾶ5

253 521 328 574 sis
379 527 665 588 peccator,
711 523 764 569 te
815 523 1147 583 precatorem
1193 512 1517 565 existimare.
1565 507 1847 562 llumilitas

253 611 451 682 quippe
477 619 577 674 est,
611 623 730 662 cum
756 608 898 676 quis,
928 605 1213 658 multorum
1243 615 1662 672 magnorumque
1688 598 1852 654 meri-

259 715 432 757 turum
453 701 554 755 sibi
577 698 844 761 conscius,
874 696 1006 750 nihil
1037 694 1210 764 magni
1235 693 1304 747 de
1328 693 1509 761 seipso
1536 690 1807 745 existimat
1837 705 1852 741 :

257 808 380 846 cum
407 791 528 860 quis
558 789 722 842 Paulo
749 786 941 840 sintilis
967 786 1144 838 dicere
1175 792 1367 852 potest,
1406 778 1552 834 Nihil
1580 779 1704 832 mihi
1730 793 1856 831 con-

257 884 396 938 scius
423 898 573 945 sum;
598 887 653 935 et
681 888 858 933 tamen
887 876 1056 942 addit,
1089 875 1195 930 Sed
1223 891 1324 927 non
1349 874 1402 926 in
1431 873 1526 925 hoc
1546 871 1877 942 justiﬁcatus‘

259 990 375 1026 sunt
395 973 472 1035 (l.
494 969 614 1025 Cor.
635 970 688 1024 ιι.
713 971 770 1039 4)
794 985 809 1021 :
831 983 895 1022 ac
917 981 1149 1030 rursum,
1170 963 1398 1018 Christus
1416 961 1566 1039 Iesus
1587 959 1720 1013 venit
1739 974 1857 1028 pec-

261 1073 462 1116 catores
497 1060 723 1123 salvere,
752 1036 979 1128 quorum
1022 1057 1214 1126 primus
1248 1070 1362 1108 sunt
1394 1068 1487 1122 ego
1517 1036 1602 1121 (l.
1631 1049 1770 1104 Tim.
1803 1050 1857 1102 1.

264 1153 394 1222 15).
438 1149 552 1206 lloc
582 1159 667 1205 est
705 1149 1009 1211 humilitas,
1042 1161 1165 1200 cum
1194 1145 1314 1213 quis
1341 1144 1586 1197 excelsus
1611 1139 1863 1210 Operihus

265 1257 388 1297 sese
414 1251 594 1295 mente
621 1237 883 1293 humiliat.
923 1237 1170 1290 Attamen
1203 1236 1342 1288 Deus
1381 1241 1596 1302 propter
1622 1227 1862 1284 ineffabi-

265 1337 374 1397 ιεω
407 1333 748 1405 clementiam
789 1344 937 1384 suam
958 1369 973 1392 ,
1003 1343 1110 1380 non
1139 1341 1235 1380 eos
1276 1323 1436 1378 modo
1462 1323 1554 1392 qui
1594 1319 1867 1375 humiliter

266 1427 530 1492 sentiunt,
553 1423 648 1479 sed
675 1424 836 1478 etiam
865 1434 980 1481 eos.
1014 1419 1099 1488 qui
1127 1418 1267 1471 bono
1291 1417 1470 1469 animo
1491 1428 1586 1467 sua
1607 1410 1869 1467 conﬁten-

271 1529 361 1573 tur
391 1525 634 1587 peccata,
659 1513 910 1574 admittit,
941 1510 1147 1579 recipit,
1177 1509 1360 1577 sicque
1381 1505 1586 1560 alfectis
1607 1501 1869 1574 propitius

271 1619 376 1664 est.
408 1608 479 1663 Ut
504 1615 680 1659 autem
711 1605 888 1658 discas
914 1610 1169 1672 quantum
1217 1599 1416 1652 bonum
1451 1597 1522 1649 sit
1559 1609 1665 1648 non
1704 1593 1866 1646 altum

275 1713 496 1768 sapere,
524 1697 661 1751 duos
686 1695 825 1764 finge
850 1707 1038 1748 currus
1056 1731 1072 1756 ,
1098 1690 1262 1760 junge
1283 1685 1540 1757 iustitiam
1571 1698 1692 1739 eum
1720 1695 1870 1735 arro-

273 1793 476 1863 gantia,
515 1800 570 1844 et
599 1797 873 1858 peccatum
903 1801 1023 1839 eum
1057 1782 1374 1847 humilimte,
1405 1777 1716 1845 videbisqne
1746 1787 1871 1842 pec-

275 1882 380 1937 cati
405 1894 626 1934 currum
658 1876 876 1948 iustitia:
912 1888 1127 1928 currum
1163 1868 1497 1940 prmcederc,
1526 1881 1630 1919 non
1659 1861 1872 1934 propria

277 1972 363 2035 vi,
409 1970 506 2025 sed
551 1967 853 2036 conjunctae
895 1961 1207 2016 humilitatis
1250 1959 1446 2011 virtute
1485 1974 1500 2009 :
1541 1955 1704 2007 alium
1745 1952 1874 2005 item

277 2075 494 2116 currum
522 2056 762 2127 superari
792 2052 997 2108 videbis
1027 2067 1131 2103 non
1158 2047 1378 2117 iustitiae
1407 2044 1714 2098 infirmitate
1737 2083 1750 2104 ,
1780 2038 1876 2094 sed

244 2195 246 2198 μ
277 2165 447 2206 onere
472 2124 718 2216 maleque
746 2142 1086 2213 arrogantiae.
1112 2136 1572 2206 Quemadmodum
1603 2133 1744 2187 enim
1780 2124 1881 2199 hu}

281 2242 480 2296 militas
501 2236 857 2309 praecellentia
875 2251 968 2288 sua
990 2241 1328 2303 peccatorum
1351 2227 1672 2298 gravitatem
1695 2222 1878 2285 vineit,

280 2343 337 2388 ct
355 2332 423 2386 ad
443 2331 635 2385 caelum
663 2342 829 2397 usque
853 2325 1135 2395 pertingit;
1164 2321 1243 2377 sic
1263 2329 1315 2374 et
1340 2317 1638 2386 arrogantia
1667 2313 1807 2367 mole
1825 2319 1882 2366 et

280 2422 542 2491 gravitate
568 2433 666 2472 sua
696 2425 868 2485 potest
891 2414 1110 2483 justitia:
1141 2411 1413 2466 levitatem
1439 2408 1673 2469 vincere,
1705 2403 1880 2457 illam-

283 2527 389 2581 que
418 2511 572 2565 facile
591 2508 842 2562 deorsum
873 2493 1106 2558 trahere.

357 2602 410 2654 7.
435 2598 506 2655 Ut
521 2607 700 2652 autem
723 2595 903 2650 videas
923 2593 1061 2646 hanc
1081 2591 1257 2661 bigam
1281 2589 1369 2643 illa
1390 2585 1713 2642 velociorem
1735 2595 1878 2648 esse,

283 2691 573 2750 recordare
599 2687 854 2744 Pharisazi
873 2700 939 2740 ac
961 2683 1248 2753 publicani.
1276 2680 1461 2735 Junxit
1485 2677 1787 2732 Pharisaaus
1802 2673 1889 2742 ju-

286 2783 490 2837 stitiam
514 2789 570 2835 et
593 2777 946 2847 arrogantiam
967 2815 984 2841 ,
1011 2773 1090 2829 sic
1118 2773 1340 2843 loquens
1366 2787 1381 2823 :
1411 2768 1616 2823 Gratias
1645 2765 1734 2819 tibi
1755 2779 1853 2833 ago
1868 2804 1883 2828 ,

287 2874 409 2945 quia
436 2888 539 2926 non
565 2886 678 2924 sum
710 2869 839 2922 sicut
874 2866 1040 2920 ceteri
1067 2864 1362 2927 hominum,
1392 2867 1648 2928 raptores,
1677 2853 1885 2925 injusti,

290 2944 451 3030 neque
469 2956 599 3015 sicut
617 2961 700 3012 hic
724 2958 1022 3029 publicanus
1043 2954 1194 3026 (Luc.
1223 2954 1311 3008 l8.
1339 2949 1450 3023 11).
1479 2949 1524 3004 0
1551 2948 1810 3002 insaniam
1831 2944 1884 2996 ‘l

293 3055 555 3110 Universa
594 3040 869 3105 hominum
914 3056 1106 3101 natura
1143 3045 1259 3115 ejus
1286 3041 1643 3112 arrogantiam
1673 3036 1892 3105 explere

291 3162 402 3201 non
429 3143 628 3213 potuit,
655 3132 750 3196 sbd
788 3138 1072 3210 publicano
1101 3135 1344 3206 proxime
1373 3131 1546 3202 posito
1578 3129 1892 3197 insipienter

292 3235 582 3292 admodum
614 3231 904 3287 insultarit.
931 3229 1069 3297 Quid
1096 3227 1255 3298 igitur
1277 3225 1403 3280 ille?
1428 3223 1630 3279 Probra
1664 3215 1770 3274 non
1806 3233 1894 3273 re-

293 3330 463 3398 pulit,
491 3343 598 3380 non
638 3339 779 3394 :egre
807 3323 923 3376 tulit
951 3318 1379 3376 criminationem
1401 3357 1418 3382 ,
1450 3314 1543 3369 sed
1572 3311 1715 3382 quod
1744 3311 1894 3364 dice-

296 3423 455 3476 batur
480 3420 620 3473 bono
640 3418 850 3485 excepit
874 3414 1054 3468 animo
1079 3429 1093 3466 :
1122 3409 1429 3477 inimicique
1459 3406 1620 3460 telum
1648 3403 1748 3485 ipsi
1777 3416 1897 3457 ver-

297 3529 419 3567 sum
443 3511 599 3565 estin
628 3508 1076 3563 medicamentum
1104 3512 1158 3558 et
1183 3502 1536 3562 curationem,
1561 3474 1818 3566 probrum
1842 3494 1896 3547 in

297 3603 532 3667 laudem,
554 3599 856 3668 criminatio
885 3599 935 3650 in
961 3610 1239 3651 coronam.
1262 3592 1493 3647 Tantum
1518 3598 1603 3644 est
1626 3586 1898 3642 humilitas

298 3697 534 3759 bonum,
566 3702 770 3748 tantum
802 3692 1008 3745 lucrum
1040 3703 1147 3742 non
1184 3685 1417 3739 morderi
1460 3682 1672 3754 probris
1699 3679 1896 3746 illatis,

301 3801 406 3842 nec
429 3783 640 3839 cil’erari
678 3781 1037 3836 contumeliis.
1068 3778 1150 3832 Ex
1187 3777 1255 3831 iis
1281 3777 1477 3845 quippe
1505 3787 1755 3842 magnum
1786 3769 1900 3824 fru-

301 3886 449 3931 ctum
473 3874 766 3943 ingensque
792 3871 988 3924 bonum
1010 3880 1326 3936 comparare
1352 3878 1655 3935 possumus,
1682 3859 1825 3932 quod
1847 3869 1904 3915 et

303 3967 589 4038 publicano
625 3962 868 4032 contigit.
908 3961 1112 4015 Probra
1154 3959 1296 4014 enim
1336 3957 1645 4024 excipiens,
1683 3962 1902 4024 peccata

304 4056 586 4126 deposuit,
615 4066 846 4121 cumque
874 4051 1130 4115 dixisset,
1159 4047 1421 4118 Propitius
1446 4055 1550 4100 esto
1576 4045 1702 4099 mihi
1727 4059 1906 4115 pecco-

307 4148 406 4201 tori
434 4145 613 4217 (Ibid.
641 4159 693 4197 ν.
725 4144 838 4212 15),
879 4140 1157 4196 descendit
1181 4137 1501 4209 justiﬁmtus
1538 4151 1649 4206 pra:
1690 4136 1819 4200 illo,
1851 4143 1906 4189 et

307 4239 469 4294 dictis
492 4235 631 4291 facta
660 4243 908 4305 superata
948 4242 1103 4298 sunt,
1129 4231 1309 4288 verbis
1335 4239 1507 4302 gesta.
1535 4231 1689 4286 Alter
1711 4230 1908 4300 quippe

310 4328 570 4400 iustitiam
614 4324 1008 4396 praetendebat,
1049 4323 1251 4394 jejunia
1271 4364 1288 4389 ,
1317 4323 1586 4388 decimas;
1624 4323 1712 4376 hic
1744 4321 1909 4377 verba

312 4417 578 4488 simplicia
603 4415 939 4486 proferebat,
965 4424 1021 4470 et
1041 4414 1221 4469 omnia
1251 4421 1470 4484 peccata
1494 4413 1763 4483 deposuit.
1789 4409 1909 4467 Non

313 4509 462 4564 etiim
502 4507 666 4566 verba
705 4506 879 4561 solum
925 4505 1067 4561 Dens
1101 4505 1338 4573 audivit,
1371 4504 1469 4560 sed
1501 4513 1774 4571 mentem,
1803 4507 1911 4574 qua

317 4599 436 4656 hac
463 4598 832 4671 proferrentur
861 4597 1025 4668 vidit,
1055 4597 1306 4668 illamque
1340 4595 1668 4666 bumiliatam
1696 4606 1751 4652 et
1773 4610 1910 4652 ccu-

385 4951 508 5001 Post
551 4917 728 5008 verba:
763 4940 1045 5009 criminatio
1086 4938 1443 5009 igt_coronam,.
1470 4937 1916 5009 hegjmeruutm

319 5017 376 5066 in
390 4999 560 5062 ‘Siﬁl-
606 4999 801 5078 υροίειίε
842 4999 1918 5078 actm;[9w,,_.9§!!i91,‘§“__9392_199

322 5243 1332 5356 ,ζῧέ
1353 5243 1920 5356 resumat":

323 5305 1014 5370 ιεῐῖιωῖηυκοαπσηιεαιη
1051 5311 1150 5358 που
1194 5305 1633 5359 υἱααΐἜποοιαδ
1673 5305 1918 5365 cum,

323 5379 568 5430 conscium
590 5381 771 5437 autem
808 5369 994 5437 glutis!
1040 5371 1099 5419 ει
1134 5367 1469 5437 fegjsperitum
1487 5366 1695 5437 tam
1733 5365 1918 5437 dicens,

325 5428 462 5504 ima
499 5435 737 5504 σαίρω-ι
776 5428 850 5486 εῖτ
891 5431 1093 5504 imm
1132 5428 1380 5504 εῖιᾷμάει
1419 5437 1464 5480 ιε
1503 5428 1921 5504 alienam

326 5489 1002 5560 ἀὴωήςέελταπωξερ
1026 5504 1139 5560 ,ηρη
1173 5490 1306 5542 labia
1342 5498 1443 5560 tua.
1492 5489 1808 5560 ιταωεςωηιι,
1829 5501 1922 5538 αυ-

327 5549 426 5614 ient
465 5549 683 5649 adiunge
1139 5566 1229 5604 nec
1270 5551 1435 5649 ocglps
1470 5551 1536 5599 ad
1574 5551 1752 5601 emittm
1789 5549 1922 5600 leua-

328 5635 493 5649 --..
601 5630 818 5649 νη...
947 5626 1036 5649 m
1089 5626 1287 5649 .mum
1368 5614 1922 5649 srmo-Ibun_mn.

328 5613 426 5681 fe;
466 5621 556 5674 κά
947 5619 1287 5683 ρεαιεεειηιηρ
1324 5613 1498 5683 uirens
1533 5627 1554 5664 :
1597 5614 1764 5680 Deus,
1804 5624 1922 5674 pro—

530 5689 634 5735 ⁶⁸¹⁰
673 5673 1923 5754 9⁸³⁸⁸..Ρβέεξξθέηςηέὲάέπ..ΑἮῙμεέηίξξῖἕξοὶξηῖξξ

471 5743 546 5811 ue
581 5743 760 5811 mw.
787 5737 860 5811 ρε-
874 5737 1038 5811 statim
1076 5748 1322 5811 ερνοτιαηε,
1347 5737 1561 5811 φωιαυειο
1607 5737 1729 5811 Di.“
1761 5742 1922 5785 autem

330 5796 490 5869 iuba,
506 5796 760 5860 descendit
779 5798 860 5852 hic
874 5798 1171 5866 justiﬁcatus
1189 5797 1241 5848 in
1263 5798 1461 5848 domum
1489 5796 1674 5874 suam.)

1160 397 1250 454 DE
1288 392 1976 454 INCOMPREIIENSIBILI
2020 393 2134 449 DEI
2172 393 2475 452 NATURA.
2519 394 2578 453 ν.

3441 392 3547 449 746

1963 506 2140 561 tritam
2171 510 2457 564 miseratus
2483 517 2595 576 est,
2625 519 2687 564 ac
2722 508 2948 580 benigne
2982 510 3210 579 excepit.
3237 505 3364 562 llzcc
3393 521 3560 575 porro

1937 596 2082 652 'dico
2103 640 2119 663 ,
2149 614 2256 653 non
2285 608 2344 654 ut
2368 615 2652 670 peccemus
2677 643 2709 676 ,ς
2728 600 2823 654 sed
2853 609 2912 655 ut
2943 599 3214 654 humiliter
3241 599 3555 654 sentiamus.
3626 607 3627 610 ‘

1959 689 2091 744 Nam
2113 690 2159 744 si
2179 691 2495 761 publicanus
2516 692 2696 754 homo,
2718 691 2859 761 quod
2879 701 2964 746 est
2984 700 3284 745 extremum
3307 687 3559 758 nequitiae

1960 795 2158 851 genus,
2193 774 2515 835 non'humili
2544 791 2782 846 tantum,
2810 781 2905 837 sed
2935 781 3102 852 probo
3131 781 3312 835 animo
3340 789 3558 849 peccata

1961 887 2057 927 sua
2077 872 2458 950 confessns,ct
2482 875 2533 929 id
2556 875 2697 944 quod
2720 883 2837 928 erat
2863 873 3196 937 testiﬁcatus,
3229 881 3429 926 tantam
3457 871 3560 924 sibi

1962 964 2060 1019 Dei
2099 964 2526 1020 benevolentiam
2559 965 2896 1031 conciliavit,
2933 973 3186 1035 quantam
3223 962 3290 1026 ii,
3317 961 3408 1032 qui
3437 975 3561 1016 cum

1963 1055 2221 1124 praeclara
2267 1056 2566 1126 gesserint,
2600 1071 2709 1110 non
2751 1057 2918 1110 altum
2963 1064 3146 1109 tamen
3183 1052 3427 1122 sapiunt,
3458 1049 3564 1104 sibi

1964 1162 2121 1217 opem
2149 1147 2441 1202 attrahunt.
2469 1148 2829 1216 Quamobrem
2861 1147 3022 1203 etiam
3052 1155 3212 1214 atque
3246 1146 3407 1199 etiam
3440 1132 3567 1195 hur-

1968 1248 2070 1304 tor,
2101 1253 2230 1308 rogo
2251 1247 2306 1294 et
2333 1254 2450 1304 oro,
2481 1249 2538 1293 ut
2563 1240 2866 1307 frequenter
2898 1238 3006 1292 Deo
3030 1234 3413 1292 confiteamini.
3440 1233 3562 1287 Non

1968 1337 2021 1384 te
2044 1330 2099 1382 in
2128 1329 2389 1384 theatrum
2415 1344 2798 1385 conservorum
2828 1339 3039 1383 tuorum
3069 1329 3228 1390 duco,
3261 1341 3435 1396 neque
3459 1327 3564 1378 ho-

1970 1421 2202 1475 minibus
2250 1431 2468 1490 peccata
2509 1422 2751 1476 revelare
2793 1436 2961 1491 cogo;
3000 1420 3384 1475 conscientiam
3421 1427 3566 1471 tuam

1969 1511 2214 1581 expande
2242 1526 2424 1566 coram
2455 1510 2603 1577 Deo,
2631 1513 2856 1568 ostende
2895 1513 2996 1582 ipsi
3034 1512 3250 1565 vulnera
3271 1553 3285 1575 ,
3316 1520 3371 1565 et
3404 1509 3474 1563 ab
3501 1522 3568 1562 eo

1973 1601 2359 1662 medicamenta
2389 1603 2594 1672 pustula
2624 1618 2637 1655 :
2669 1602 2892 1657 ostende
2917 1617 3022 1656 non
3061 1600 3439 1671 exprobranti,
3474 1598 3570 1653 sed

1972 1693 2179 1746 curanti
2209 1710 2222 1745 :
2254 1693 2378 1747 licet
2404 1693 2547 1746 enim
2576 1700 2775 1758 taceas,
2805 1693 2920 1761 ipse
2946 1688 3097 1746 novit
3120 1690 3322 1746 omnia.
3357 1689 3451 1744 Dic
3479 1687 3574 1754 igi—

1976 1792 2083 1846 tur,
2109 1780 2166 1837 ut
2195 1782 2247 1836 id
2279 1782 2428 1836 lucro
2459 1783 2551 1837 tibi
2579 1783 2648 1836 sit
2673 1801 2686 1834 :
2715 1782 2824 1848 die,
2849 1792 2900 1834 ut
2934 1782 3040 1836 illis
3068 1780 3155 1834 hic
3180 1778 3458 1846 depositis,
3482 1775 3576 1831 illo

1975 1873 2140 1928 abeas
2180 1887 2347 1942 purus
2370 1881 2425 1928 et
2462 1888 2494 1926 a
2523 1872 2733 1927 delictis
2771 1886 2969 1926 vacuus
2992 1911 3006 1935 ,
3037 1880 3092 1924 et
3130 1870 3197 1923 ab
3242 1865 3578 1922 intoleranda:

1976 1966 2402 2036 promulgatione
2427 1965 2512 2019 illa
2542 1965 2809 2040 libereris.
2841 1965 2974 2020 Tres
3002 1964 3148 2035 pueri
3182 1964 3256 2016 illi
3284 1962 3336 2015 in
3364 1959 3579 2016 mulino

1977 2056 2282 2127 degebant,
2326 2057 2670 2126 animamque
2699 2071 2850 2111 suam
2891 2070 2986 2124 pro
3015 2056 3240 2108 Domino
3265 2053 3532 2107 dederunt
3563 2093 3578 2106 .
3655 2097 3666 2112 ,,

1979 2158 2217 2204 attamen
2248 2155 2367 2218 post
2393 2158 2473 2204 tot
2498 2158 2750 2219 tantaque
2774 2149 2986 2202 virtutis
3011 2146 3186 2202 officia
3211 2145 3432 2200 dicunt:
3460 2142 3582 2195 Non

1982 2256 2248 2309 possumus
2275 2240 2474 2309 aperire
2500 2255 2556 2294 os
2587 2255 2607 2292 .'
2635 2239 2868 2310 confusio
2896 2248 2942 2291 et
2970 2236 3300 2307 opprobrium
3337 2234 3463 2304 facti
3498 2249 3585 2287 su-

1982 2346 2094 2383 mus
2113 2330 2268 2409 servis
2287 2331 2407 2394 tuis,
2434 2340 2482 2384 et
2501 2331 2779 2385 colentibus
2806 2340 2852 2383 te
2877 2328 3038 2400 (Dan.
3063 2328 3116 2382 3.
3140 2325 3255 2397 53).
3281 2327 3386 2381 Cur
3409 2326 3587 2393 itaque

1983 2435 2046 2475 os
2072 2420 2328 2489 aperitis?
2357 2429 2419 2474 ut
2456 2421 2558 2476 hoc
2587 2422 2761 2490 ipsum
2787 2419 3050 2485 dicamus,
3082 2418 3348 2488 inquiunt,
3382 2432 3490 2470 non
3521 2416 3587 2469 li-

1985 2525 2111 2565 cere
2137 2509 2292 2565 nobis
2315 2526 2377 2566 os
2403 2512 2636 2580 aperire,
2668 2522 2724 2566 et
2749 2527 2816 2566 eo
2846 2511 2962 2581 ipso
2996 2510 3277 2565 Dominum
3303 2509 3585 2564 leniamus.

1985 2598 2255 2654 Orationis
2281 2600 2364 2653 vis
2391 2600 2496 2654 vim
2524 2601 2662 2671 ignis
2689 2592 2980 2666 exstinxit,
2999 2600 3212 2655 leonum
3246 2597 3480 2653 furorem
3507 2613 3589 2651 re-

1988 2689 2248 2755 frenavit,
2280 2689 2420 2745 bella
2449 2695 2771 2759 composuit.
2803 2706 3008 2761 pugnas
3035 2689 3264 2756 sedavit,
3295 2696 3589 2758 tempesta-

1990 2790 2072 2836 tes
2103 2781 2358 2848 sustulit,
2391 2782 2666 2838 daemones
2707 2783 2949 2853 fugavit,
2978 2782 3108 2837 emli’
3137 2791 3317 2852 portas
3343 2781 3553 2850 aperuit
3573 2819 3597 2846 ,

1992 2873 2205 2926 vincula
2232 2873 2420 2927 mortis
2442 2874 2677 2944 abmpit,
2706 2875 2923 2929 morbos
2949 2876 3128 2944 ejecit,
3151 2873 3344 2928 damna
3374 2872 3597 2943 repulit,

1991 2961 2152 3016 urbes
2173 2977 2464 3018 concussas
2493 2963 2752 3031 ﬁrmavit,
2782 2964 3009 3019 inflictas
3033 2964 3240 3019 caelitus
3268 2965 3470 3032 plagas,
3500 2962 3595 3017 ho-

1992 3053 2196 3108 minum
2223 3053 2478 3121 insidias,
2509 3055 2688 3110 omnia
2719 3055 2952 3125 denique
2991 3054 3130 3109 mala
3161 3054 3376 3109 sustulit
3402 3054 3594 3108 oratio.

1995 3139 2303 3200 Orationem
2331 3159 2493 3214 porro
2520 3145 2664 3213 dico,
2694 3160 2802 3201 non
2836 3160 2956 3200 eam
2987 3161 3107 3216 qua:
3131 3159 3226 3199 ore
3253 3154 3410 3199 tenus
3437 3142 3599 3199 effer-

2000 3245 2108 3302 tur,
2135 3237 2232 3293 sed
2259 3253 2377 3293 eam
2405 3253 2524 3308 quae
2551 3253 2619 3294 ex
2650 3239 2840 3293 intimo
2878 3239 3074 3293 mentis
3105 3236 3366 3293 ascendit.
3396 3235 3599 3303 Quem-

1995 3330 2283 3385 admodum
2328 3331 2472 3386 enim
2519 3331 2743 3386 arbores
2789 3331 2934 3397 illm,
2984 3331 3106 3400 qum
3155 3328 3393 3384 radicem
3441 3326 3602 3382 altius

1995 3422 2283 3487 miserint,
2314 3422 2414 3478 etsi
2455 3423 2773 3478 innumeros
2813 3429 3097 3478 ventorum
3143 3421 3410 3491 impulsus
3449 3419 3601 3474 exci—

1999 3513 2176 3582 piant,
2211 3529 2319 3568 non
2362 3513 2717 3584 franguntur,
2751 3528 2852 3569 nec
2888 3513 3219 3579 evelluntur,
3249 3510 3518 3566 radicibus
3546 3508 3603 3564 in

2000 3604 2108 3659 imo
2132 3613 2290 3659 terrae
2312 3605 2536 3660 [imiter
2559 3605 2914 3672 haerentibus;
2936 3605 3013 3659 sic
3036 3604 3306 3659 orationes
3324 3617 3389 3657 ex
3415 3601 3615 3656 intimo-

2000 3695 2196 3750 mentis
2224 3695 2458 3757 emissae,
2488 3694 2590 3750 hac
2615 3695 2812 3750 innixze
2848 3694 3050 3761 radice,
3078 3709 3265 3750 secure
3294 3694 3346 3748 in
3376 3691 3606 3748 sublimo

2004 3788 2294 3854 tolluntur,
2336 3787 2590 3858 nulloque
2625 3787 3008 3859 cogitationum
3049 3786 3248 3855 impetu
3278 3780 3606 3841 subvertan-

2005 3887 2092 3932 tur
2123 3896 2137 3932 :
2169 3877 2291 3932 ideo
2320 3877 2582 3948 propheta
2607 3877 2823 3933 dicebat
2847 3893 2863 3930 :
2893 3875 2974 3930 De
3001 3875 3272 3948 profundis
3297 3874 3515 3930 clamavi
3537 3873 3608 3926 ad

2003 3978 2078 4036 te,
2113 3969 2329 4039 Domine
2357 3967 2542 4044 (Paul.
2573 3968 2699 4026 129.
2731 3970 2752 4024 l
2776 3968 2821 4037 ).
2854 3967 2985 4024 llaec
3009 3968 3130 4023 dico
3159 3981 3265 4022 non
3293 3975 3354 4021 ut
3381 3964 3623 4020 laudetis:

2007 4068 2235 4126 tantum,
2265 4058 2361 4115 sed
2390 4068 2448 4114 ut
2474 4058 2629 4115 factis
2655 4059 2818 4115 etiam
2843 4057 3168 4114 exhibeatis.
3202 4056 3335 4113 Nam
3361 4055 3421 4110 sis
3438 4055 3624 4110 homi-

2005 4149 2164 4207 nibus
2204 4151 2536 4206 calamitates
2575 4151 2820 4228 proprias
2858 4163 3113 4216 narrare,
3146 4149 3317 4218 iisque
3344 4146 3483 4204 mala
3512 4160 3626 4202 sua.

2006 4240 2339 4307 describere,
2373 4241 2426 4298 id
2452 4229 2739 4313 quamdam
2774 4240 2931 4298 amart
2969 4239 3322 4296 merentibus
3360 4238 3607 4294 consola-

2009 4331 2210 4387 tionem
2234 4373 2251 4397 ,
2287 4347 2352 4388 ac
2392 4332 2441 4388 si
2477 4333 2569 4387 illa
2609 4348 2706 4403 per
2732 4332 3002 4402 loquelam
3030 4329 3414 4397 exsumentur,
3443 4329 3622 4383 multo

2011 4423 2180 4492 magis
2206 4422 2254 4479 si
2282 4423 2447 4478 animi
2472 4425 2546 4479 tui
2582 4424 2827 4479 miserias
2857 4421 3085 4477 Domino
3113 4428 3206 4475 tuo
3241 4418 3612 4475 communica-

1991 4512 2173 4582 ‘veris,
2197 4511 2482 4584 quamdam
2509 4513 2902 4568 recreationem
2920 4510 3452 4578 consolationemque
3478 4507 3615 4561 mul-

2012 4614 2120 4662 tam
2157 4605 2411 4676 accipies.
2456 4605 2630 4660 Homo
2667 4604 2811 4660 enim
2847 4618 2993 4672 saepe
3027 4611 3313 4672 gravatur,
3341 4599 3616 4671 querentis

2011 4699 2346 4769 higentisqne
2366 4696 2601 4765 fastidio,
2620 4710 2852 4768 eumque
2873 4689 3053 4764 rcji'cit
3068 4693 3372 4764 abigitque:
3394 4697 3451 4746 at
3475 4691 3618 4746 Deus

2011 4803 2120 4844 non
2151 4787 2314 4856 item,
2354 4787 2452 4842 sed
2494 4785 2732 4842 admittit
2768 4801 2834 4841 ac
2872 4783 3136 4857 pertrahit
3164 4800 3178 4838 :
3211 4783 3256 4838 si
3283 4781 3618 4837 calamitates

2011 4878 2132 4938 tuas
2161 4881 2262 4953 ipsi
2288 4879 2690 4936 communicare
2713 4878 2806 4935 diu
2837 4891 3030 4949 pergas
3049 4916 3065 4941 ,
3096 4883 3223 4931 tunc
3253 4883 3306 4930 te
3333 4873 3504 4944 magis
3531 4871 3618 4927 di-

2012 4974 2164 5047 ligit,
2206 4974 2421 5044 tuisque
2459 4972 2714 5046 precibus
2749 4970 2958 5026 annuit.
3005 4968 3120 5024 Hoc
3162 4968 3335 5037 ipsum
3377 4963 3626 5020 indicum

2012 5064 2262 5122 Christus
2289 5063 2507 5121 diccbat
2533 5080 2549 5118 :
2586 5061 2764 5118 Venite
2789 5061 2859 5115 ad
2886 5076 2970 5114 me
2994 5074 3167 5114 omnes
3192 5058 3280 5122 qui
3305 5054 3546 5111 laboratis
3572 5063 3622 5108 ct

2012 5157 2212 5214 onerati
2233 5157 2376 5226 satis,
2396 5164 2449 5213 ct
2472 5171 2565 5228 ego
2591 5153 2820 5224 reﬁciam
2839 5169 2930 5207 vos
2951 5149 3166 5225 (Matth.
3195 5149 3284 5203 11.
3305 5147 3426 5217 28).
3449 5145 3623 5199 Vocat

2014 5247 2211 5320 icitur,
2239 5261 2311 5304 uc
2335 5245 2754 5316 inobsequentes
2787 5243 2994 5308 simus;
3025 5238 3276 5305 attrahit,
3307 5252 3376 5292 ne
3414 5235 3622 5292 resilia-

1902 5342 1918 5409 Ῑ
2013 5353 2177 5408 mus;
2223 5336 2330 5395 etsi
2370 5337 2606 5409 peccatis
2645 5333 2942 5390 innumeris
2985 5330 3205 5386 obnoxii
3248 5327 3457 5393 simus,
3495 5336 3624 5382 tunc

2015 5430 2188 5502 magis
2226 5441 2572 5485 accurramus
2601 5443 2616 5481 :
2649 5422 2957 5497 hujusmodi
2993 5423 3138 5478 enim
3179 5419 3428 5475 homines
3466 5425 3625 5474 vocat

2017 5522 2107 5576 ille
2134 5537 2151 5575 :
2187 5517 2308 5575 Non
2331 5519 2463 5586 veni,
2491 5518 2684 5588 inquit,
2707 5530 2889 5570 socors
2913 5514 3104 5586 justas,
3129 5510 3220 5566 sed
3245 5520 3529 5571 peccatores
3552 5505 3623 5560 ad

2017 5613 2364 5683 patinarium
2407 5607 2536 5682 (Id.
2566 5607 2622 5664 9.
2669 5605 2794 5679 I3).
2845 5604 3109 5661 Oneratas
3157 5601 3243 5656 hic
3284 5607 3439 5655 vocat
3487 5611 3622 5661 eos,

2015 5705 2108 5776 qui
2152 5704 2433 5768 laborant,
2458 5701 2550 5771 qui
2591 5707 2937 5770 peccatorum
2980 5694 3240 5764 gravitate
3277 5689 3641 5759 affliguntur;

2021 5806 2244 5854 vocatur
2275 5796 2418 5852 enim
2450 5795 2590 5849 Deus
2615 5789 3033 5854 consolationis,
3063 5796 3116 5844 et
3144 5787 3284 5840 Deus
3313 5781 3623 5839 miserimu-
