4174 6336
1324 380 1382 435 S.
1425 378 1705 436 JOANNIS
1742 379 2226 434 CHRYSOSTOMI
2254 378 2571 435 ARCHIEP.
2611 379 3148 437 CONSTANTINOP.
3791 386 3906 442 τίς

2304 492 2481 547 delet?
2505 492 2572 548 Ut
2597 493 2755 563 igitur
2784 503 3098 563 praesentem
3129 495 3286 547 vitam
3310 510 3426 549 cum
3451 494 3701 550 facilitate
3723 507 3907 552 trans-

2303 584 2504 654 igamus
2526 625 2541 651 ,
2593 594 2646 638 et
2673 593 2885 653 peccata
2908 627 2921 649 ,
2947 600 3064 655 qua:
3091 587 3456 640 contraximus
3475 629 3490 652 ,
3519 587 3860 656 deponantus
3882 631 3903 652 .

2299 690 2526 744 cumque
2546 674 2732 730 ﬁducia
2756 685 2958 731 stemus
2978 685 3100 730 ante
3122 677 3352 731 tribunal
3371 676 3589 744 Christi,
3613 677 3716 732 hoc
3736 679 3903 733 nobis

2298 778 2554 838 perpetuo
2593 769 3036 824 medicamentum
3078 785 3324 838 paremus
3363 771 3644 841 laerymis,
3676 771 3894 828 studio.

2297 861 2637 926 assiduitate,
2690 862 2938 931 patientia
2986 862 3112 915 illud
3151 856 3494 928 condieutes;
3539 864 3609 916 ita
3651 861 3794 917 enim
3837 873 3897 916 et

2297 952 2516 1021 perenni
2549 951 2785 1008 fruemur
2814 952 3117 1008 valetudine
3139 993 3154 1018 ,
3190 962 3245 1007 et
3287 952 3460 1007 futura
3491 967 3898 1023 consequemur

2296 1044 2454 1109 bona,
2478 1059 2596 1112 quas
2624 1059 2722 1099 nos
2747 1059 2934 1101 omnes
2958 1045 3176 1114 adipisci
3203 1047 3492 1115 contingat,
3519 1046 3687 1116 gratia
3711 1055 3766 1099 et
3791 1045 3892 1098 hu-

2295 1139 2549 1193 manitate
2589 1138 2798 1192 Domini
2838 1139 3004 1192 nostri
3042 1137 3167 1193 Jesu
3193 1138 3422 1202 Christi,
3450 1153 3573 1192 cum
3603 1153 3710 1208 quo
3743 1137 3890 1192 Patri

2294 1229 2460 1298 gloria
2487 1228 2750 1298 simulque
2777 1238 2959 1284 sancto
2984 1227 3227 1298 Spiritui,
3261 1244 3398 1283 nunc
3427 1237 3482 1284 et
3510 1241 3726 1298 semper
3751 1236 3807 1281 et
3834 1227 3889 1280 in

2295 1320 2491 1376 smcula
2519 1322 2857 1376 saeculorum.
2889 1322 3080 1376 Amen.

613 380 711 436 7H

608 494 811 546 diarum
840 493 915 563 (~2.
950 491 1065 548 Cor.
1097 494 1146 547 l.
1178 493 1232 562 ὅ)
1260 511 1271 542 :
1305 494 1553 562 quoniam
1583 493 1682 546 hoc
1708 492 1824 562 ejus
1852 491 2084 547 oﬂicium
2113 503 2197 549 est

611 594 943 652 perpetuum,
975 593 1031 638 ut
1053 583 1294 638 dolentes
1320 592 1373 638 et
1400 583 1626 638 afﬂictos
1655 583 1960 638 consoletur
1985 592 2039 639 et
2067 585 2193 638 hor-

607 687 764 737 tetur,
794 677 999 730 etiamsi
1031 676 1321 731 innumeris
1350 678 1457 730 sint
1485 677 1715 745 peccatis
1740 679 1935 732 onusti.
1969 677 2193 732 Tantum

609 783 706 821 nos
744 768 838 835 ipsi
878 767 1169 832 dedamus,
1204 774 1404 820 tantum
1443 781 1784 821 aceurramus
1810 766 1877 820 ad
1911 775 2063 834 enm,
2095 785 2194 824 nec

605 860 956 924 desistamus,
997 868 1156 930 atque
1201 860 1566 929 experimento
1607 859 1870 914 dictorum
1913 861 2191 915 veritatem

606 951 905 1006 cdiscemus
927 993 941 1015 ,
977 951 1222 1022 nullaque
1251 967 1338 1006 res
1365 965 1462 1006 nos
1496 950 1680 1005 dolore
1712 949 1927 1005 afficere
1967 952 2188 1020 poterit,

600 1045 638 1096 si
676 1044 886 1098 assidua
907 1053 961 1099 et
979 1051 1221 1099 accurata
1242 1043 1482 1098 oratione
1503 1053 1732 1097 utamur.
1758 1043 2024 1113 Quidquid
2047 1044 2188 1099 enim

605 1137 827 1202 accidat,
860 1152 956 1206 per
985 1137 1128 1191 illam
1159 1125 1312 1192 facile
1340 1135 1613 1207 depellere
1645 1136 1955 1205 poterimus.
1989 1137 2190 1206 Ecquid

605 1229 795 1282 mirum
833 1229 877 1282 si
916 1228 1171 1283 humanas
1210 1243 1474 1284 (erumnas
1517 1229 1688 1283 oratio
1729 1227 1937 1283 solvere
1981 1229 2185 1298 possit,

605 1319 814 1388 quando
843 1328 1180 1390 peccatorum
1217 1329 1460 1375 naturam
1504 1321 1572 1374 ita
1616 1318 1775 1374 facile
1814 1318 2100 1385 exstinguit
2133 1328 2189 1375 et

1652 2324 1748 2396 lN'
1773 2336 1971 2396 TRES
2007 2333 2462 2409 SEQUENTES
2490 2332 2881 2394 HOMILIAS

723 2898 823 2955 Hic
852 2898 1209 2952 vetustiorum
1235 2895 1480 2950 ordinem
1506 2892 2004 2962 manuscriptorum
2036 2888 2220 2959 sequi-

653 3030 799 3078 mur,
832 3027 992 3082 quem
1034 3019 1254 3066 seeutus
1287 3008 1413 3062 item
1446 3015 1530 3062 est
1558 3023 1612 3060 v.
1641 3006 1714 3060 el.
1745 3005 1949 3060 Fronto
1969 3003 2219 3059 Ducteus.

655 3123 773 3178 Non
834 3121 992 3192 pauci
1039 3119 1238 3190 quippe
1302 3117 1539 3182 codices,
1601 3123 1728 3186 post
1760 3115 2006 3184 quinque
2039 3121 2225 3166 contra

657 3239 934 3293 Anomaeos
972 3232 1251 3297 homilias,
1284 3237 1490 3285 sextam
1529 3227 1836 3298 adiungunt
1877 3225 1957 3279 De
1997 3223 2055 3280 S.
2094 3225 2226 3278 Phi-

658 3348 890 3418 logonio,
922 3344 1207 3415 septimam
1250 3341 1325 3396 De
1357 3337 1826 3407 consubstantiali,
1872 3345 2118 3392 octavam
2150 3335 2227 3390 De

653 3459 904 3527 petitione
945 3456 1178 3525 ﬁliorum
1217 3452 1455 3508 Zebedtei
1483 3467 1501 3504 :
1560 3465 1794 3521 quarum
1839 3447 1962 3503 dua:
2008 3447 2226 3515 quidem

658 3581 950 3642 postremae
996 3585 1105 3625 non
1151 3579 1393 3638 tempore
1439 3577 1672 3630 tantum,
1717 3565 1812 3621 sed
1861 3565 2023 3620 etiam
2069 3578 2231 3634 argu-

661 3697 846 3743 mento
875 3701 998 3742 cum
1053 3687 1295 3755 quinque
1325 3683 1604 3754 prioribus
1648 3680 2020 3742 conveniunt;
2081 3686 2234 3733 sexta

659 3814 812 3863 vero,
873 3798 974 3853 etsi
1024 3805 1148 3867 post
1182 3797 1471 3867 quintam,
1521 3794 1668 3848 nulla
1725 3791 2048 3861 interposita
2104 3789 2232 3854 alia,

664 3911 848 3965 habita
880 3910 1063 3974 fuerit,
1092 3917 1416 3978 argumento
1447 3906 1734 3977 peregrina
1769 3920 1995 3975 prorsus
2029 3906 2235 3959 videre-

667 4030 780 4086 tur,
817 4020 922 4075 nisi
955 4019 1111 4073 initio
1141 4017 1345 4073 diceret
1387 4015 1836 4087 Chrysostomus,
1893 4027 1952 4066 se
1996 4027 2026 4065 a
2079 4009 2236 4065 solita

668 4131 1046 4199 destinataque
1114 4136 1302 4182 contra
1361 4127 1658 4180 Anommos
1721 4089 2126 4177 concertatione
2176 4117 2236 4172 S.

673 4242 976 4312 Philogonii
1008 4241 1093 4295 die
1119 4239 1258 4295 festo
1291 4238 1644 4308 interpellari.
1683 4234 1810 4290 ldeo
1843 4249 1965 4290 mos
2004 4233 2243 4288 obtinuit

669 4355 804 4409 utin
845 4353 1071 4409 vetustis
1104 4352 1382 4408 codicibus
1410 4334 1666 4407 eumdem
1719 4348 1968 4421 ordinem
2011 4355 2238 4410 teneret,

2328 2902 2487 2956 quem
2519 2885 2926 2947 interturbare,
2983 2880 3278 2936 Frontonis
3343 2877 3523 2932 Dnetei
3589 2875 3903 2946 exemplum

2329 3000 2522 3063 secuti,
2549 2997 2849 3052 noluimus.

2396 3110 2524 3166 Haec
2544 3124 2709 3180 porro
2735 3111 2792 3161 in
2821 3106 2880 3163 S.
2915 3101 3291 3175 Philogonium
3326 3101 3549 3156 homilia
3607 3099 3790 3155 habita
3818 3105 3912 3153 est

2333 3238 2480 3278 anno
2529 3221 2656 3287 386,
2715 3220 2974 3276 vicesima
3028 3217 3373 3280 Decembris,
3426 3215 3671 3286 quinque
3703 3211 3912 3267 diebus

2335 3349 2460 3396 ante
2480 3339 2722 3394 Natalem
2750 3335 2973 3401 Christi,
3018 3342 3079 3389 ut
3108 3333 3310 3389 dicitur
3350 3347 3504 3387 num.
3549 3332 3604 3386 4.
3633 3327 3769 3383 Nam
3808 3327 3912 3382 illo

2336 3468 2580 3524 tempore
2604 3453 2719 3521 jam
2753 3449 2959 3504 Natalis
3011 3448 3214 3503 Christi
3268 3447 3404 3511 dies,
3443 3441 3906 3514 quemadmodum

2339 3568 2611 3636 hodieque
2667 3565 2720 3618 in
2778 3561 3092 3623 Occidente,
3135 3559 3207 3614 25
3230 3557 3544 3614 Decembris
3601 3553 3909 3609 Antiochia:

2340 3673 2738 3735 celebrabatur,
2769 3671 2931 3742 idque
2960 3686 2991 3725 a
3027 3669 3217 3740 paucis
3261 3668 3443 3733 annis,
3473 3676 3534 3721 ut
3583 3666 3640 3720 in
3705 3663 3915 3719 Monito

2343 3784 2407 3839 ad
2433 3783 2711 3838 homiliam
2743 3782 2797 3836 in
2828 3780 3080 3836 eumdem
3117 3779 3362 3834 Natalem
3390 3777 3765 3833 enarrabitur:
3788 3790 3916 3844 qua:

2343 3895 2561 3962 quidem
2604 3891 2830 3946 homilia
2863 3890 3005 3944 inter
3040 3887 3395 3958 panegyricos
3450 3898 3733 3941 sermones
3771 3882 3914 3937 infra

2344 4007 2577 4062 locatur.
2636 4003 2821 4059 Sancti
2862 4016 2990 4057 vero
3019 3999 3327 4070 Philogonii
3361 3997 3748 4069 panegyricum
3802 4011 3916 4049 non

2347 4119 2580 4175 absolvit
2640 4117 3102 4186 Chrysostomus;
3179 4111 3274 4167 sed
3347 4109 3588 4164 maxima
3654 4105 3916 4176 praconii

2345 4241 2498 4303 parte
2529 4229 2790 4285 Flaviano
2819 4228 3097 4297 episcopo,
3126 4224 3317 4280 eadem
3355 4223 3442 4277 die
3486 4220 3907 4280 concionaturo,

2341 4348 2526 4404 relicta
2549 4387 2566 4415 ,
2605 4346 2662 4401 in
2697 4341 2963 4399 orationis
3008 4339 3189 4395 medio
3225 4351 3450 4393 cursum
3495 4331 3805 4402 intercipit,
3853 4337 3916 4384 ut

691 4559 3946 4605 MM

662 4740 726 4782 IN
772 4739 1029 4782 BEATUM
1072 4738 1533 4792 PHILOGONIUM,
1581 4737 1688 4791 QUI
1731 4737 1882 4780 FUIT
1926 4737 2010 4778 EX
2056 4735 2346 4778 PATRONO
2390 4732 2728 4776 CAUSABUM
2771 4731 3009 4774 FACTUS
3055 4730 3412 4786 EPISCOPUS,
3443 4730 3522 4772 ET
3551 4729 3722 4782 QUOD
3765 4730 3939 4773 NIHIL

743 4840 927 4892 EQUE
971 4841 1210 4882 BEDDIT
1253 4841 1367 4885 NOS
1413 4842 1538 4884 ι)Εο
1582 4839 1924 4893 ΡιιοΒΑτοε,
1971 4839 2181 4890 ATQUE
2226 4840 2281 4883 Sl
2325 4837 2613 4881 STUDIOSI
2661 4837 2844 4880 SIMUS
2889 4837 3109 4879 EARUM
3154 4837 3378 4880 RERUM
3411 4864 3426 4892 ,
3473 4837 3615 4889 QUE
3659 4834 3946 4878 PUBLICﬂ

723 4943 1122 4987 .CONDUCUNT
1163 4943 1488 4987 UTILITATI
1533 4944 1612 4986 ET
1654 4943 1824 4995 QUOD
1868 4941 2310 4984 NEGLIGENTER
2370 4938 2700 4981 ADEUNTES
2755 4937 2975 4980 DIVINA
3024 4937 3346 4980 MYSTERIA
3400 4937 3782 4981 GBAVISSIIB
3826 4935 3945 4978 ιδυ-

741 5045 1053 5101 ΝιυΝΤυιι,
1103 5046 1300 5088 ΕΤῘΔΜ
1345 5045 1400 5088 Sl
1444 5045 1649 5088 SEMEL
1690 5044 1952 5086 TANTUM
2011 5042 2075 5084 IN
2140 5041 2218 5084 ΛΝ

2364 5039 2591 5082 scmus
2638 5037 2761 5081 noc
2818 5037 3275 5080 coumsnnm'r.
3324 5037 3510 5080 me“
3555 5037 3671 5080 EST
3722 5023 3944 5080 Αυτιςιι

742 5134 1028 5200 QUINQUE
1056 5143 1281 5190 DIEBUS
1322 5147 1488 5190 ANTE
1531 5145 1827 5188 unum
1856 5143 2109 5186 cnntsrt
2144 5140 2182 5180 ι.

2112 5294 2496 5306 —.—.—————-

1243 5438 1245 5440 .
1281 5391 1497 5440 adlinit
1537 5402 1611 5439 vt.

733 5517 782 5570 l.
814 5517 922 5586 Ego
951 5516 1162 5587 quidem
1191 5527 1246 5572 et
1268 5504 1426 5573 hodie
1451 5517 1770 5574 destinarem
1794 5517 2050 5572 adversus
2078 5514 2246 5569 licere-

662 5610 795 5661 tieos
821 5608 1111 5686 luctatnrus
1128 5617 1304 5662 vestes
1324 5623 1540 5673 exuere,
1559 5609 1806 5678 quodque
1832 5609 2064 5663 restabat
2083 5607 2246 5662 debiti

661 5701 811 5754 vobis
840 5701 1140 5769 persolvere
1172 5719 1184 5755 :
1219 5716 1400 5756 verum
1427 5701 1565 5755 beati
1604 5701 1901 5770 Philogonii
1933 5702 2064 5768 dies,
2095 5700 2247 5769 enjns

662 5796 853 5850 festum
880 5794 1232 5860 celebramus,
1255 5795 1319 5849 ad
1341 5796 1504 5863 ipsius
1531 5795 1926 5849 benefactorum
1951 5800 2246 5851 enarratio-

727 5912 741 5941 ¹
779 5910 956 5961 Collata
977 5925 1085 5962 cum
1125 5912 1374 5962 Codicibus
1409 5913 1568 5975 Regiis
1596 5913 1731 5971 1958,
1762 5913 1898 5966 1959,
1927 5913 2050 5961 ⁸25ίό
2074 5921 2121 5962 et
2141 5915 2247 5963 Col-

661 5974 789 6036 hert.
815 5975 922 6022 974.
951 5983 1077 6024 Unus
1097 5977 1372 6035 praemittit,
1397 5974 1504 6023 ante
1542 5975 1715 6036 festum
1751 5975 2005 6028 nativitatis
2047 5975 2238 6030 Cln't'stt.

661 6035 828 6086 Halita
847 6046 1008 6088 autem
1033 6045 1109 6088 est
1133 6038 1366 6101 vigesima
1388 6035 1685 6089 Decembris.

2356 5411 2477 5450 nem
2503 5394 2731 5464 linguam
2760 5401 2994 5446 nostram
3017 5392 3275 5445 evocavit.
3309 5390 3376 5445 Et
3406 5390 3625 5446 omnino
3648 5390 3944 5460 parendum

2350 5497 2464 5552 est;
2511 5487 2706 5541 etenim
2751 5485 2794 5540 si
2838 5485 2927 5554 qui
2977 5483 3108 5552 patri
3155 5483 3379 5537 matrive
3419 5480 3720 5548 maledicit,
3770 5492 3948 5539 morte

2353 5578 2596 5639 moritur,
2621 5579 2783 5646 liquet
2804 5590 2948 5636 eum,
2972 5576 3057 5642 qui
3082 5572 3411 5628 benedixerit
3434 5573 3556 5637 illis,
3578 5573 3702 5627 vita:
3724 5574 3946 5642 praemia

2351 5682 2685 5740 recepturum
2731 5667 2922 5738 (Exod.
2945 5666 3033 5721 21,
3061 5666 3146 5721 16.
3168 5664 3435 5719 Levium.
3465 5665 3522 5734 9)
3553 5683 3566 5718 :
3595 5674 3649 5720 et
3682 5666 3725 5720 si
3760 5665 3824 5719 iis
3855 5667 3947 5736 qui

2353 5773 2539 5816 natura
2569 5770 2818 5830 parentes
2850 5767 2972 5812 sunt
3001 5766 3198 5810 tantam
3221 5757 3476 5812 debemus
3500 5767 3757 5827 praestare
3782 5757 3946 5811 bene-

2355 5856 2658 5918 volentiam,
2690 5853 2856 5906 multo
2887 5848 3052 5916 magis
3075 5849 3122 5902 id
3148 5847 3504 5918 praestandum
3533 5849 3615 5913 iis,
3637 5850 3727 5917 qui
3752 5849 3949 5917 spiritu

2351 5956 2476 6003 sunt
2507 5952 2774 6015 parentes,
2799 5943 3130 6014 potissimum
3150 5955 3277 5994 vero
3298 5955 3419 5994 cum
3449 5938 3732 5995 defunctos
3761 5933 3957 5996 nostra

2350 6043 2580 6099 laudatio
2612 6042 2777 6096 nihilo
2809 6040 2995 6097 reddat
3022 6041 3360 6113 gloriosiores
3381 6081 3397 6110 ,
3439 6055 3537 6096 nos
3567 6054 3695 6096 vero
3720 6053 3952 6108 congre-
