4186 6326
151 397 266 452 759

142 521 308 579 gates
351 519 462 566 tum
507 509 594 579 qui
639 509 925 579 loquimur,
966 516 1076 562 tum
1117 508 1205 578 qui
1242 499 1520 572 audimus,
1564 508 1753 562 reddat

145 603 432 658 meliores.
463 603 596 657 Nam
621 603 705 656 ille
725 601 940 672 quidem
965 601 1252 656 subvectus
1282 602 1334 654 in
1365 601 1554 655 cadum
1585 599 1754 653 baud-

143 709 422 763 quaquam
439 707 597 762 egere
619 701 791 761 potest
816 691 1062 746 humanis
1089 691 1336 746 laudibus
1364 691 1430 745 ad
1459 688 1752 746 feliciorem

143 794 355 838 sortem
389 783 655 852 profectus
687 800 701 836 :
732 797 832 836 nos
858 797 991 836 vero
1028 783 1116 852 qui
1155 781 1412 836 hactenus
1450 781 1539 835 hic
1566 795 1753 835 versa-

143 893 257 932 mut
292 917 311 941 ,
360 877 630 946 multaque
675 890 811 944 opus
853 874 1111 929 habemus
1153 873 1558 939 exhortatione,
1609 873 1755 927 illius

140 981 378 1036 egemus
414 967 691 1027 encomiis,
719 982 826 1035 quo
857 966 1097 1020 videlicet
1138 965 1203 1018 ad
1242 966 1360 1032 ejus
1399 964 1749 1018 imitationem

141 1059 469 1119 excitemur.
499 1057 836 1127 Quapropter
860 1057 1074 1123 sapiens
1103 1055 1317 1123 quidam
1347 1057 1590 1108 hortatur
1612 1096 1626 1116 ,
1669 1055 1752 1108 di-

139 1163 278 1203 cens
309 1167 324 1200 :
359 1147 610 1202 Memoria
637 1149 768 1217 justi
796 1164 908 1200 cum
935 1147 1170 1200 laudibus
1199 1145 1379 1214 (Prov.
1409 1146 1494 1201 10.
1526 1147 1605 1216 7).
1634 1146 1750 1199 Non

138 1239 298 1309 quasi
327 1239 402 1292 illi
428 1239 516 1308 qui
545 1238 909 1303 decesserunt,
940 1237 1035 1293 sed
1075 1238 1109 1291 ii
1147 1237 1326 1308 potius
1349 1237 1438 1304 qui
1460 1252 1552 1291 eos
1573 1236 1747 1290 laudi-

139 1331 248 1384 bus
293 1338 530 1395 ornant,
585 1329 870 1383 maximam
923 1328 1048 1383 inde
1096 1329 1392 1398 percipiant
1439 1329 1744 1382 utilitatem.

138 1422 412 1490 Quoniam
437 1422 593 1491 igitur
617 1421 718 1475 hac
743 1437 806 1476 ex
836 1436 894 1476 re
922 1431 1123 1476 tantum
1155 1422 1310 1475 nobis
1341 1421 1546 1475 lucrum
1576 1421 1747 1475 obve-

140 1517 242 1578 nit,
277 1513 736 1582 obtcmperemus,
767 1530 940 1583 neque
971 1529 1301 1578 recusemus.
1334 1501 1464 1568 Nam
1490 1525 1545 1569 et
1572 1515 1743 1583 ipsum

139 1615 361 1674 tempus
407 1605 530 1658 huic
585 1606 874 1660 narrationi
927 1607 1190 1676 congruit.
1259 1607 1533 1675 Siquidem
1585 1606 1747 1659 hodie

135 1695 334 1749 beatus
380 1694 468 1748 ille
511 1694 578 1748 ad
626 1695 963 1763 tranquillam
993 1696 1274 1765 omnisque
1305 1696 1620 1749 turbationis
1650 1711 1745 1749 ex-

135 1795 349 1854 pertem
374 1786 536 1840 vitam
570 1787 855 1840 translatus
883 1795 984 1850 est,
1015 1802 1184 1856 eoque
1210 1787 1473 1856 navigium
1502 1787 1740 1856 appulit,

134 1881 226 1934 ubi
268 1880 528 1949 deinceps
567 1895 674 1933 non
719 1882 916 1948 poterit
953 1889 1192 1934 metuere
1235 1878 1597 1949 naufragium,
1642 1894 1743 1934 nec

134 1975 302 2027 ullam
333 1974 500 2027 animi
523 1971 878 2040 dejectionem
905 1981 994 2026 aut
1017 1971 1277 2028 dolorem.
1311 1971 1525 2050 Et'quid
1547 1973 1740 2026 mirum

132 2075 238 2126 est,
287 2065 334 2118 si
381 2065 529 2118 locus
570 2064 660 2118 ille
705 2079 870 2132 purus
897 2073 978 2118 est
1005 2063 1073 2117 ab
1100 2064 1245 2118 omni
1275 2064 1521 2118 molestia
1547 2064 1737 2130 animi,

133 2173 257 2209 cum
288 2157 488 2211 Paulus
516 2157 823 2211 hominibus
848 2157 1024 2210 adhuc
1061 2157 1112 2210 in
1152 2155 1250 2209 hac
1285 2157 1386 2209 vita
1424 2155 1740 2224 degentibus

133 2250 368 2317 loquens
393 2250 536 2303 dicat
561 2268 572 2301 :
599 2249 811 2318 Semper
835 2248 1068 2320 gaudete,
1088 2249 1197 2303 sine
1215 2247 1580 2302 intermissione
1599 2257 1741 2302 orate

131 2341 210 2409 (l.
246 2340 428 2395 Thess.
457 2341 510 2396 5.
545 2343 632 2395 16.
667 2341 794 2406 l7)?

206 2433 378 2496 Quam
413 2440 616 2499 pra-stet
651 2431 753 2485 vita
791 2435 966 2502 futura
1000 2434 1251 2502 prtesenti.
1274 2462 1342 2473 -
1374 2432 1523 2500 Quod
1552 2433 1598 2488 si
1628 2432 1736 2496 hic,

131 2521 223 2580 ubi
251 2523 446 2588 morbi,
492 2522 581 2576 ubi
626 2523 1022 2590 insectationes,
1075 2523 1160 2578 ubi
1209 2533 1542 2592 pnematurze
1589 2538 1738 2577 mor-

129 2630 246 2686 tes,
293 2620 384 2674 ubi
427 2621 728 2685 calumniae,
772 2616 861 2672 ubi
909 2617 1140 2678 invidize,
1180 2615 1269 2670 ubi
1317 2629 1600 2678 mmrores,
1645 2613 1738 2668 ubi

131 2713 265 2775 iraa,
325 2713 415 2765 ubi
451 2711 839 2780 cupiditates,
887 2711 973 2763 ubi
1018 2706 1434 2764 innumerabiles
1489 2706 1735 2772 insidim,

127 2803 220 2857 ubi
270 2801 597 2870 quotidiana:
635 2801 1046 2862 sollicitudines,
1092 2799 1182 2853 ubi
1227 2808 1480 2868 perpetua
1530 2799 1737 2867 sibique

127 2891 457 2946 cohzerentia
481 2890 616 2946 mala
638 2900 784 2955 sunt,
809 2891 1119 2945 innumeros
1146 2905 1214 2944 ex
1240 2891 1384 2944 omni
1416 2899 1564 2959 parte
1584 2889 1738 2944 dolo-

129 2998 220 3037 res
245 2982 543 3048 aï¬‚'erentia,
568 2979 763 3035 Paulus
789 2981 921 3035 dixit
966 2981 1078 3035 fieri
1108 2996 1264 3049 posse
1285 2975 1342 3034 ut
1369 2996 1586 3050 semper
1609 2995 1739 3050 gau-

127 3073 390 3136 deamus,
442 3073 486 3126 si
534 3074 654 3142 quis
698 3073 968 3142 paululum
1009 3087 1076 3127 ex
1121 3087 1300 3127 rerum
1348 3073 1735 3126 mundanarum

129 3166 387 3221 fluctibus
425 3166 660 3220 erexerit
700 3175 860 3234 caput
880 3207 894 3229 ,
925 3165 1193 3235 vitamque
1222 3181 1372 3220 suam
1407 3174 1554 3220 recte
1579 3180 1733 3220 com-

129 3256 374 3324 posuerit
406 3273 420 3309 :
447 3256 616 3310 multo
650 3256 817 3326 magis
858 3264 1135 3325 postquam
1183 3255 1310 3310 hinc
1349 3255 1735 3325 demigraveri-

128 3361 250 3400 mus
277 3345 432 3405 facile
452 3355 728 3416 compotes
756 3346 955 3402 erimus
977 3346 1093 3415 ejus
1112 3346 1258 3412 boni,
1277 3362 1396 3400 cum
1420 3347 1533 3400 hmc
1555 3349 1732 3400 omnia

127 3438 343 3491 sublata
389 3434 609 3501 fuerint,
655 3437 878 3492 adversa
922 3437 1187 3502 valetudo,
1241 3437 1434 3497 morbi.
1479 3438 1734 3505 peccandi

131 3529 379 3592 materia,
410 3528 497 3582 ubi
531 3543 636 3581 non
675 3539 756 3582 est
801 3542 976 3581 meum
1022 3543 1086 3582 ac
1130 3538 1294 3593 tuum,
1331 3527 1583 3598 frigidum
1606 3528 1733 3581 illud

128 3619 446 3682 verbum,et
465 3619 716 3688 quidquid
738 3628 818 3672 est
841 3619 1097 3673 malorum
1127 3617 1180 3672 in
1208 3619 1369 3674 vitam
1401 3631 1637 3672 nostram
1662 3620 1737 3673 in-

129 3711 354 3774 vehens,
375 3709 758 3780 innumeraque
777 3711 997 3781 gignens
1018 3710 1176 3764 bella.
1193 3709 1550 3777 Quamobrem
1570 3711 1741 3764 maxi-

131 3816 353 3871 mopere
398 3803 638 3871 gratulor
682 3800 837 3871 hujus
879 3797 1045 3857 sancti
1074 3803 1349 3870 felicitati,
1376 3805 1518 3874 quod
1548 3821 1736 3873 quam-

132 3909 296 3963 quam
321 3895 607 3949 translatus
635 3904 738 3959 est,
765 3905 926 3966 atque
944 3895 1214 3952 civitatem
1237 3905 1475 3951 nostram
1496 3898 1731 3967 reliquit,

129 3995 312 4039 tamen
352 3986 404 4038 in
441 3986 663 4040 alteram
715 3987 924 4041 transiit
960 3987 1252 4052 civitatem,
1299 4003 1490 4057 nempe
1525 3989 1640 4055 Dei,
1670 4004 1734 4044 ac

132 4077 408 4148 digressus
442 4077 511 4130 ab
543 4077 645 4132 bac
684 4077 918 4132 Ecclesia
943 4078 1008 4131 ad
1033 4079 1175 4133 illam
1204 4079 1477 4148 pervenit,
1504 4095 1624 4149 qum
1650 4089 1736 4134 est

133 4170 610 4238 primogenitorum
657 4169 1045 4239 descriptorum
1093 4171 1146 4224 in
1190 4171 1370 4234 cadis,
1421 4185 1485 4225 ac
1533 4171 1733 4226 relictis

136 4262 287 4318 hisce
304 4260 452 4316 festis
469 4261 677 4315 transiit
695 4261 762 4314 ad
780 4261 1142 4316 celebritatem
1161 4263 1490 4331 angelorum.
1521 4262 1730 4316 Etenim

134 4352 278 4422 quod
320 4361 378 4406 et
414 4356 646 4422 superne
684 4353 754 4406 sit
793 4352 1014 4418 civitas,
1048 4353 1306 4418 Ecclesia,
1335 4368 1400 4408 ac
1423 4353 1727 4419 celebritas,

134 4443 258 4497 andi
307 4443 528 4498 Paulum
575 4443 841 4498 dicentem
873 4443 1202 4499 :Accessistis
1237 4445 1307 4498 ad
1343 4445 1594 4498 civitatem
1635 4443 1734 4498 Dei

135 4533 362 4596 viventis,
388 4532 458 4585 ad
473 4532 846 4603 Jerosolymam
866 4534 1130 4601 cwlestem,
1159 4542 1206 4588 et
1239 4533 1518 4589 Ecclesium
1543 4535 1734 4604 printe-

137 4625 419 4692 genitorum
456 4624 821 4694 descriptorttm
861 4625 916 4678 in
955 4624 1122 4687 uelis,
1151 4633 1199 4678 et
1222 4625 1291 4678 ad
1314 4624 1732 4678 innumerabilem

137 4713 430 4784 angelorum
463 4715 798 4784 frequentiam
818 4713 1003 4786 (Hebr.
1026 4713 1116 4769 12.
1140 4713 1231 4769 2â€˜2.
1262 4713 1376 4787 23).
1416 4714 1530 4768 Non
1558 4715 1730 4770 solum

137 4815 314 4858 autem
352 4807 422 4856 ob
461 4804 854 4860 multitudinem
880 4805 1138 4861 virtutum
1184 4805 1512 4871 caelestium,
1546 4821 1731 4861 verum

138 4895 295 4948 etiam
322 4894 396 4948 ob
421 4893 798 4949 abundantiam
827 4895 1088 4950 bonorum
1107 4937 1124 4961 ,
1159 4911 1224 4950 ac
1251 4895 1377 4967 juge
1399 4897 1650 4967 gaudium
1678 4906 1735 4952 et

139 4985 400 5048 lzctitiam,
436 4986 767 5056 panegyrim,
810 4985 911 5041 hoc
954 4998 1058 5052 est,
1102 4987 1452 5058 frequentiam
1498 4988 1734 5057 appellat

141 5085 301 5129 totam
331 5076 478 5130 illam
505 5076 691 5131 vitam.
735 5076 845 5132 Nec
870 5078 1013 5131 enim
1039 5077 1183 5133 aliud
1215 5078 1524 5151 panegyrim
1556 5080 1732 5138 facere

138 5168 297 5232 solet,
341 5183 503 5238 quam
547 5169 897 5225 multitudinis
937 5180 1130 5237 cattus,
1175 5173 1431 5229 mercium
1463 5177 1729 5232 venalium

137 5259 312 5328 cepia,
345 5273 468 5313 cum
510 5259 765 5326 triticum,
793 5260 1078 5326 hordeum,
1110 5273 1164 5318 et
1191 5265 1490 5335 omnigenus
1518 5265 1730 5338 frugum

139 5350 364 5418 species,
388 5350 567 5406 ovium
591 5365 801 5420 greges,
825 5352 985 5407 boum
1010 5364 1272 5419 armenta,
1296 5365 1490 5422 vestes,
1523 5359 1732 5429 aliaque

139 5443 192 5497 id
216 5456 384 5512 genus
411 5441 636 5510 plurima
663 5442 1051 5510 importantnr,
1083 5460 1202 5500 a..is
1241 5446 1457 5516 quidem
1487 5449 1729 5504 venden-

138 5535 297 5602 tibus,
324 5533 442 5590 aliis
473 5548 603 5589 vero
627 5535 946 5592 ementibus.
993 5536 1098 5592 Sed
1137 5538 1264 5608 quid
1303 5539 1505 5610 inquis,
1541 5541 1729 5596 harum

140 5640 316 5680 rerum
343 5632 428 5680 est
455 5623 510 5678 in
539 5624 730 5680 cadis?
773 5625 974 5680 llorum
1012 5627 1227 5696 quidem
1267 5628 1432 5694 nihil,
1473 5631 1568 5686 sed
1607 5641 1732 5687 sunt

140 5717 221 5774 his
247 5718 414 5774 multo
435 5717 796 5788 prmelariora.
836 5718 952 5773 Non
993 5720 1137 5774 enim
1175 5719 1280 5774 illic
1316 5731 1441 5775 sunt
1469 5722 1726 5790 triticum,

142 5810 423 5880 hordeum,
465 5824 529 5867 ac
565 5809 774 5882 frugum
803 5810 963 5867 Varia:
993 5811 1200 5883 species
1219 5854 1233 5883 ,
1262 5813 1357 5870 sed
1386 5815 1494 5872 illic
1534 5811 1729 5888 ubique

1325 395 1414 450 DE
1451 393 1680 452 BEATO
1719 394 2155 455 PHILOGONIO.
2200 399 2287 454 Vl.

3347 409 3457 465 750

1869 508 2072 565 fructus
2109 512 2330 581 spiritus
2373 513 2589 577 caritas.
2631 516 2912 586 gaudium,
2953 519 3186 588 bonitas,
3233 539 3354 592 pax,
3395 539 3461 580 ac

1861 603 2216 657 mansuetudo
2245 617 2451 658 summa
2477 607 2734 660 exuluerat
2761 611 2934 676 copia.
2974 611 3090 665 Non
3119 617 3300 669 ovium
3328 631 3459 685 gre-

1856 705 1974 760 ges,
2005 709 2111 747 non
2135 693 2294 747 boum
2321 707 2585 761 armenta.
2617 698 2711 753 sed
2739 701 2958 769 spiritus
2981 701 3248 772 justorum
3281 707 3458 775 perfeo

1859 792 2067 837 ctorum
2088 825 2102 848 ,
2133 786 2429 840 animarum
2464 788 2685 843 virtutes
2709 831 2723 852 ,
2755 796 2987 862 vita-que
3026 804 3168 849 recta
3196 795 3329 851 facta
3359 813 3459 868 per

1858 887 2047 928 onmes
2069 875 2232 929 czelos
2252 876 2434 932 videre
2459 878 2600 934 licet.
2633 880 2746 934 Non
2771 893 2947 936 vestes
2970 892 3060 937 aut
3087 887 3336 953 amictus,
3361 889 3457 943 sed

1855 975 2083 1018 coronas
2108 968 2295 1036 quovis
2321 983 2454 1023 auro
2490 971 2861 1036 pretiosiores,
2901 982 3012 1028 tum
3055 975 3256 1041 brahia,
3281 989 3460 1034 certa-

1857 1057 2058 1109 minum
2093 1059 2327 1131 pnetnia,
2357 1061 2566 1129 aliaque
2608 1063 2885 1118 innumera
2930 1069 3066 1119 bona
3112 1067 3345 1136 reposita
3393 1070 3457 1125 iis

1852 1151 1942 1216 qui
1970 1159 2117 1223 recte
2148 1149 2369 1204 fecerint
2397 1171 2412 1207 :
2440 1145 2506 1206 ad
2546 1153 2659 1207 h:ec
2703 1155 2772 1207 ibi
2820 1167 2903 1210 est
2947 1156 3263 1226 frequentia,
3298 1160 3457 1229 longe
3540 1174 3543 1175 '

1854 1245 1964 1292 tum
1997 1241 2284 1309 copiosior,
2315 1251 2424 1296 tum
2456 1242 2786 1298 honoratior.
2833 1245 3016 1315 Neque
3060 1249 3201 1302 enim
3244 1259 3456 1305 constat

1853 1346 1919 1385 ex
1952 1331 2084 1386 viris
2123 1333 2338 1386 urbanis
2378 1335 2744 1406 indigenisqne
2766 1380 2780 1400 ,
2831 1339 2922 1392 Sed
2957 1339 3042 1393 hic
3071 1349 3195 1394 sunt
3228 1343 3452 1411 angelo-

1852 1437 1968 1475 rum
1999 1421 2197 1475 infinita
2228 1423 2389 1477 millia
2410 1467 2424 1487 ,
2455 1426 2559 1479 illic
2587 1428 2748 1480 multa
2782 1428 2941 1481 millia
2967 1431 3408 1501 archangelorum
3429 1473 3450 1500 ,

1849 1513 1976 1567 alibi
2015 1512 2259 1569 sodalitia
2302 1517 2716 1584 prophetarum,
2758 1519 2880 1572 alibi
2929 1531 3224 1592 martyrum
3271 1523 3446 1589 chori,

1848 1610 2211 1678 apostolorum
2239 1611 2474 1676 ordines,
2497 1612 2652 1666 cunei
2675 1612 2963 1682 justorum,
2987 1619 3333 1684 omniumque
3358 1617 3450 1686 qui

1851 1698 1963 1754 Deo
2001 1699 2315 1770 placuerunt
2352 1701 2481 1755 varii
2526 1707 2718 1758 cmtus.
2761 1704 3009 1759 Profecto
3040 1705 3278 1761 miranda
3304 1722 3454 1776 quat-

1848 1791 1970 1845 dam
2013 1784 2295 1863 paâ€˜uegyris
2323 1804 2405 1848 est
2438 1811 2452 1848 :
2482 1796 2728 1864 quodque
2756 1797 2928 1864 majus
2955 1806 3038 1851 est
3063 1799 3317 1853 omnibus
3341 1841 3356 1861 ,
3397 1799 3449 1852 in

1847 1883 2022 1937 media
2045 1882 2341 1953 frequentia
2364 1897 2608 1940 versatur
2630 1886 3071 1943 horumomnium
3096 1905 3207 1944 rex.
3237 1890 3449 1945 Etenim

1846 1975 1934 2028 ubi
1963 1974 2204 2040 dixisset,
2229 1976 2306 2028 Ad
2326 1976 2765 2031 innumerabilium
2782 1980 3077 2048 angelorum
3092 1981 3447 2050 frequentiam,

1802 2142 1806 2145 _
1846 2064 2097 2132 subjecit,
2124 2076 2173 2118 et
2197 2067 2266 2118 ad
2283 2066 2513 2137 judicent
2551 2068 2897 2122 universorum
2925 2068 3090 2126 Deum
3128 2070 3328 2141 (Hebr.
3356 2072 3447 2128 i2.

1843 2153 1971 2225 23).
2019 2155 2151 2222 Quis
2197 2173 2447 2226 umquam
2475 2158 2600 2211 vidit
2647 2159 2700 2213 in
2749 2162 3058 2230 panegyrim
3090 2162 3443 2231 prodeuntem

1845 2264 2027 2325 regem
2053 2250 2078 2302 ?
2124 2248 2223 2303 llic
2261 2249 2476 2320 quidem
2519 2266 2676 2305 nemo
2707 2252 2854 2316 vidit,
2886 2253 2996 2308 illic
3020 2262 3198 2309 autem
3227 2255 3316 2325 qui
3342 2255 3440 2309 ad-

1844 2324 2741 2414 suttlperpetttoivident,quatenus
2771 2344 2918 2399 illum
2945 2346 3128 2401 videre
3157 2324 3301 2413 licet,
3331 2363 3441 2403 non

1842 2431 2014 2486 solum
2047 2428 2387 2502 prasentem,
2412 2449 2596 2489 verum
2622 2434 2783 2488 etiam
2809 2450 2921 2491 sua:
2944 2437 3130 2506 gloriaâ€˜
3151 2438 3440 2508 splendore

1842 2524 2292 2580 condecorantem
2316 2525 2627 2579 universum
2657 2535 2879 2582 costum.
2910 2527 2977 2582 Et
3003 2540 3204 2584 nostra:
3223 2530 3456 2601 quidem

1841 2613 2181 2669 celebritates
2208 2615 2308 2669 sub
2338 2615 2615 2671 meridiem
2647 2618 2959 2688 plerumque
2985 2620 3270 2675 solvuntur
3289 2663 3306 2688 ,
3351 2622 3443 2677 illa

1843 2722 1971 2760 vero
2001 2720 2106 2760 non
2137 2706 2284 2760 item.
2314 2705 2495 2777 Neque
2520 2707 2662 2761 enim
2687 2710 2948 2763 mensium
2979 2710 3030 2764 in
3051 2711 3236 2765 orbem
3261 2726 3446 2766 recur-

1841 2810 1951 2861 sus,
1982 2811 2155 2865 neque
2184 2811 2444 2850 annorum
2471 2797 2728 2852 circuitus
2749 2837 2764 2863 ,
2806 2813 2980 2868 neque
3013 2799 3222 2854 dierum
3249 2816 3442 2856 nume-

1841 2903 1959 2941 rum
2001 2895 2274 2955 exspectat
2323 2904 2336 2939 :
2378 2887 2472 2941 sed
2519 2895 2620 2940 szat
2666 2897 2956 2957 perpetuo,
3007 2889 3254 2960 illiusque
3297 2890 3437 2944 bona

1846 2977 1993 3031 nullo
2024 2977 2251 3032 termino
2279 2965 2614 3038 clauduntur,
2650 2976 2808 3030 ï¬nem
2839 2993 2944 3030 non
2973 2977 3190 3043 habent,
3225 2994 3323 3034 nec
3351 2995 3444 3034 se-

1844 3083 2090 3134 nescere,
2121 3083 2219 3122 nec
2240 3082 2574 3122 marcescere
2607 3077 2846 3135 possunt,
2878 3067 2970 3121 sed
2999 3079 3122 3121 sunt
3145 3077 3254 3122 tum
3281 3070 3440 3137 senii,

1845 3169 1958 3214 tum
1995 3159 2187 3213 mortis
2215 3158 2471 3227 expertia.
2518 3156 2704 3211 Nullus
2729 3157 2836 3211 illic
2864 3159 3118 3212 tumultus
3138 3199 3154 3223 ,
3183 3160 3443 3228 quemad-

1847 3251 2066 3304 modum
2112 3249 2228 3312 hic,
2260 3249 2401 3302 nulla
2436 3248 2684 3313 turbatio,
2717 3246 2810 3301 sed
2841 3248 3027 3318 ingens
3053 3249 3292 3304 omnium
3318 3265 3443 3304 cum

1844 3343 2036 3396 ordine
2063 3341 2380 3410 compositio
2399 3381 2413 3404 ,
2449 3339 2584 3394 haud
2616 3354 2773 3394 secus
2800 3349 2962 3409 atque
2999 3340 3051 3394 in
3080 3340 3282 3396 cithara
3312 3358 3438 3411 qua-

1843 3433 2026 3501 piam,
2070 3432 2548 3486 modulatissimum
2592 3443 2907 3486 concentum
2939 3442 2993 3488 et
3020 3435 3206 3503 quavis
3239 3435 3441 3490 musica

1843 3526 2145 3579 suaviorem
2187 3523 2522 3578 reddentium
2569 3524 2842 3594 utriusque
2886 3534 3146 3579 creatura:
3190 3526 3440 3593 Domino,

1839 3613 1965 3667 dttm
1992 3612 2170 3666 anima
2194 3612 2303 3665 illic
2329 3612 2472 3666 velut
2495 3613 2547 3666 in
2575 3613 2741 3666 sacris
2761 3613 2964 3681 adytis,
2992 3613 3290 3684 divinisque
3317 3630 3440 3685 my-

1840 3710 2021 3764 steriis
2040 3750 2055 3773 ,
2084 3708 2384 3762 divinorum
2416 3723 2730 3761 arcanorunt
2769 3709 3184 3763 celebrationem
3214 3711 3437 3779 peragit.

1908 3800 1962 3855 2.
1993 3801 2072 3854 Ad
2105 3799 2242 3854 hanc
2270 3799 2475 3854 beatam
2502 3811 2554 3854 et
2585 3800 2716 3853 senii
2743 3811 3016 3868 expertem
3047 3812 3244 3854 sortem
3275 3802 3436 3857 hodie

1839 3874 2051 3946 transiit
2071 3893 2260 3946 beatus
2289 3891 2647 3961 l'hilogonius.
2680 3892 2934 3957 Qumnam
2963 3891 3122 3963 igitur
3139 3878 3313 3946 oratio
3341 3909 3437 3962 par

1835 3985 1907 4038 sit
1946 3985 2082 4049 viro,
2127 3999 2286 4054 quem
2335 3983 2478 4054 Deus,
2513 3993 2617 4037 tam
2662 3983 2799 4038 felici
2840 3993 2988 4039 sorte
3026 3984 3272 4053 dignatus
3315 3987 3438 4040 est?

1834 4074 2010 4130 Nulla.
2038 4074 2143 4130 Sed
2171 4090 2289 4143 age,
2320 4074 2404 4128 dic
2443 4075 2593 4138 mihi,
2626 4091 2754 4129 num
2784 4074 2982 4129 idcirco
3008 4075 3328 4130 silebimus?
3371 4077 3439 4131 Et
3482 4136 3485 4139 _

1835 4167 1987 4237 enjus
2030 4167 2108 4221 rei
2151 4168 2319 4236 gratia
2358 4165 2746 4221 convenimus?
2791 4168 2871 4220 An
2901 4166 3141 4220 dicemus
3171 4182 3269 4221 nos
3293 4166 3435 4222 haud

1836 4271 1995 4326 posse
2042 4256 2458 4326 magnitudinem
2508 4261 2780 4326 gestorum
2833 4257 3075 4311 oratione
3131 4256 3436 4328 consequi?

1805 4389 1807 4391 Î¹
1834 4347 1995 4418 Atqui
2016 4347 2087 4402 ob
2105 4347 2209 4403 hoc
2234 4347 2403 4417 ipsum
2430 4361 2651 4401 necesse
2669 4356 2752 4402 est
2777 4347 2977 4411 dicere,
2997 4347 3430 4419 quandoquidem

1836 4439 1952 4493 haec
1974 4446 2058 4493 est
2085 4437 2347 4507 prmeipua
2369 4437 2583 4492 laudum
2606 4438 2745 4493 illius
2765 4454 2908 4509 pars,
2932 4437 3075 4509 quod
3099 4441 3249 4494 factis
3268 4440 3431 4495 verba

1835 4529 2151 4599 :rquiparari
2179 4543 2284 4583 non
2314 4528 2537 4598 possint.
2579 4529 2710 4583 Nam
2750 4544 2978 4598 quorum
3005 4539 3152 4600 gesta
3185 4539 3431 4587 naturam

1835 4620 1996 4675 etiam
2040 4628 2295 4691 superant
2337 4619 2652 4684 mortalem,
2696 4621 3034 4690 perspicuum
3076 4630 3191 4686 est,
3239 4623 3433 4678 horum

1834 4711 2020 4767 laudes
2049 4710 2314 4766 excedere
2343 4711 2577 4781 linguam
2609 4710 2918 4767 humanam.
2969 4712 3118 4767 Haud
3155 4721 3332 4769 tamen
3359 4715 3433 4769 ob

1837 4804 1889 4859 id
1917 4804 2291 4875 aspernabitur
2314 4802 2553 4858 oflicium
2584 4813 2849 4865 nostrum,
2877 4803 2972 4858 sed
3002 4819 3157 4858 suum
3194 4806 3432 4860 imitabi-

1837 4900 1923 4950 tu'r
1963 4896 2242 4950 Dominum
2276 4913 2290 4950 :
2329 4886 2591 4964 siquidem
2622 4885 2688 4949 á¼Î¹
2731 4895 2821 4949 ille
2859 4884 3032 4949 vidua:
3059 4894 3195 4950 duos
3224 4905 3430 4952 tantum

1831 4985 2023 5042 obolos
2045 4985 2336 5055 dejicienti,
2366 5001 2474 5040 non
2504 4994 2706 5039 tantum
2727 4985 2955 5040 duorum
2981 4986 3260 5042 obolorum
3287 4985 3432 5044 mer-

1834 5079 2018 5134 cedem
2048 5079 2295 5134 reddidit.
2336 5078 2444 5134 Cur
2483 5079 2552 5132 ita
2595 5079 2844 5134 tandem?
2885 5080 3144 5148 Quoniam
3175 5095 3282 5136 non
3308 5098 3435 5153 per-

1835 5169 2100 5240 pendebat
2127 5169 2364 5238 pecunia:
2390 5169 2628 5236 modum,
2652 5169 2747 5224 sed
2775 5168 2939 5224 animi
2962 5169 3195 5226 divitias.
3224 5171 3357 5227 Nam
3384 5174 3431 5228 si

1836 5261 2078 5332 pecunia:
2107 5261 2324 5315 modum
2351 5259 2623 5330 expendat:
2643 5302 2658 5322 .
2685 5274 2876 5330 magna
2913 5268 3198 5330 paupertas
3233 5269 3320 5317 est
3347 5261 3435 5318 Ï„Î¿Î¹

1835 5354 2160 5409 voluntatem
2186 5351 2444 5422 explices,
2468 5351 2787 5407 ineffabilem
2813 5351 3018 5408 videbis
3037 5352 3238 5408 excelsi
3264 5353 3431 5410 animi

1836 5446 2165 5501 thesaurum.
2189 5444 2422 5499 Proinde
2443 5443 2685 5514 quamvis
2712 5452 2909 5499 nostra:
2929 5444 3203 5500 facultates
3223 5446 3431 5517 exigua

1833 5538 1940 5592 sint
1965 5537 2280 5614 minimique
2305 5536 2492 5605 pretii,
2521 5543 2755 5590 attamen
2784 5549 2905 5605 qum
2933 5548 3219 5604 possumus
3243 5535 3430 5592 oï¬‚â€™en-

1834 5646 1972 5684 mus.
2021 5629 2092 5683 Et
2138 5628 2265 5683 licet
2311 5643 2417 5682 non
2468 5627 2830 5697 respondeant
2870 5628 3220 5698 magnitudini
3264 5628 3432 5684 animi

1836 5719 2077 5790 praeclari
2121 5718 2358 5789 justique
2403 5717 2696 5788 Philogonii
2720 5758 2738 5782 ,
2781 5725 2958 5772 tamen
2990 5718 3092 5773 hoc
3114 5719 3284 5788 ipsum
3313 5733 3429 5773 man

1837 5811 2199 5887 gnanimitatis
2221 5811 2363 5867 illius
2381 5809 2672 5867 maximum
2698 5809 2851 5867 fuerit
2875 5822 3268 5880 argumentum,
3285 5811 3426 5882 quod
