4174 6336
721 382 817 438 751

719 512 817 551 nec
847 495 1034 566 pusilla
1065 490 1310 560 repellat,
1335 489 1429 545 sed
1459 490 1596 542 idem
1627 488 1782 540 faciat
1811 485 1950 555 quod
1979 485 2156 539 solent
2178 484 2309 537 divi-

721 601 819 643 tes.
858 586 1127 656 Siquidem
1168 585 1243 638 illi
1279 598 1400 636 cum
1428 581 1728 650 acceperint
1771 595 1800 634 a
1847 580 2089 634 tenuibus
2116 581 2304 646 exigua

723 679 909 748 quibus
949 693 1054 730 non
1096 684 1277 744 egent,
1307 689 1400 727 sua
1441 672 1672 726 vicissim
1714 680 2006 739 apponunt,
2057 685 2304 723 remune-

722 780 895 824 ranles
939 783 1053 829 eos,
1091 767 1178 834 qui
1217 765 1358 834 quod
1396 772 1642 833 poterant
1682 763 2012 816 obtulerint:
2047 760 2226 813 itidem
2257 769 2310 812 et

717 861 804 915 hic
845 877 965 915 cum
1010 860 1276 929 acceperit
1313 874 1344 910 a
1392 857 1546 910 nobis
1587 855 1816 920 laudem,
1839 870 1942 924 qua
1974 867 2306 922 nequaquam

715 963 852 1022 eget,
869 951 1146 1006 redonabit
1167 950 1319 1003 nobis
1341 965 1433 1017 per
1453 949 1564 1016 ipsa
1588 946 1721 1001 facta
1739 945 2184 1010 benedictionem,
2204 959 2306 1014 qua

715 1059 928 1110 semper
956 1042 1271 1110 indigemus.
1305 1039 1453 1094 Unde
1478 1039 1634 1108 igitur
1662 1038 1870 1091 laudem
1902 1038 2041 1090 illius
2065 1037 2310 1105 auspica-

717 1133 931 1186 biumr?
981 1133 1061 1185 An
1109 1147 1138 1184 a
1186 1131 1518 1200 magistratu,
1544 1144 1701 1198 quem
1730 1127 1960 1196 Spiritus
1989 1126 2064 1180 illi
2094 1125 2310 1179 tradidit

715 1226 919 1294 gratia?
949 1224 1081 1278 Nam
1106 1223 1357 1276 mundani
1380 1223 1717 1292 magistratus
1733 1234 2064 1288 nequaquam
2084 1226 2308 1288 possunt

716 1331 922 1381 eorum,
971 1315 1164 1384 quibus
1207 1313 1396 1370 crediti
1441 1323 1603 1379 sunt,
1640 1313 2008 1367 demonstrare
2037 1311 2257 1364 virtutes
2293 1327 2306 1363 :

717 1407 844 1475 quin
873 1407 1046 1474 potius
1081 1403 1389 1474 frequenter
1420 1404 1615 1458 habent
1650 1404 2040 1457 accusationem
2071 1400 2306 1454 malitim.

716 1496 928 1561 Quare?
955 1495 1215 1561 Quoniam
1245 1503 1299 1549 et
1329 1495 1619 1563 patrocinia
1650 1495 1963 1557 amicorum,
1997 1500 2050 1546 ct
2075 1492 2307 1545 circum-

722 1587 1049 1641 eursationes
1087 1595 1142 1641 et
1183 1586 1514 1640 adulationes
1534 1627 1547 1648 ,
1575 1585 1782 1653 aliaque
1810 1581 2068 1650 permulta
2105 1581 2187 1635 his
2215 1580 2314 1635 fte-

727 1675 871 1730 Jiora
899 1677 1028 1730 tales
1056 1676 1394 1744 magistratus
1415 1675 1589 1727 solent
1609 1672 1923 1727 conciliare:
1948 1680 2197 1738 caeterum
2223 1670 2312 1724 ubi

723 1773 862 1823 deus
901 1785 1000 1823 suo
1042 1769 1294 1836 sulTragio
1324 1767 1610 1837 designarit
1629 1766 1882 1834 aliquem,
1908 1765 2100 1832 illaque
2126 1777 2315 1817 manus

719 1869 962 1912 sanctum
994 1858 1273 1928 contigerit
1324 1866 1517 1926 caput,
1561 1857 1926 1925 incorruptum
1981 1853 2311 1923 sulTragium,

724 1950 957 2004 alienum
984 1965 1014 2003 a
1038 1949 1337 2018 suSpicioue
1363 1947 1638 2014 judicium,
1672 1945 1964 2000 indubitata
1987 1943 2144 1997 fuerit
2165 1943 2314 1997 dele-

719 2039 790 2094 cti
815 2033 1177 2108 comprobatio
1202 2048 1420 2107 propter
1443 2037 1557 2106 ejus
1578 2036 1666 2104 qui
1697 2034 1892 2104 delegit
1920 2034 2311 2088 auctoritatem.

794 2129 1129 2200 Pliilogonius
1149 2130 1449 2198 conjugatus
1473 2130 1642 2199 forum
1662 2125 1964 2191 sectabatur,
1985 2135 2155 2194 postea
2179 2124 2312 2191 Epic

716 2236 900 2289 scopas
928 2221 1090 2290 factus
1115 2229 1208 2272 est.
1232 2209 1302 2257 4—
1329 2219 1495 2271 l‘orro
1525 2215 1666 2287 quod
1707 2216 1929 2285 elegerit
1956 2215 2104 2269 illum
2133 2215 2271 2268 Deus
2295 2253 2312 2280 ,

719 2313 805 2367 vel
828 2327 894 2366 ex
922 2312 1033 2380 ipsa
1063 2327 1271 2364 morum
1304 2310 1602 2374 integritate
1633 2308 1970 2378 perspicuum
1994 2316 2095 2368 est.
2119 2306 2313 2376 quippe

718 2417 875 2471 quem
899 2417 964 2455 ex
997 2401 1172 2454 medio
1203 2403 1481 2469 abreptum
1512 2399 1627 2452 foro
1653 2397 1718 2452 ad
1751 2397 1997 2451 thronum
2027 2397 2168 2450 hunc
2191 2411 2314 2450 cve—

717 2495 860 2548 xerit
885 2511 900 2548 :
929 2493 1063 2548 adeo
1087 2504 1288 2547 castam
1320 2502 1374 2546 et
1400 2493 1657 2560 insignem
1687 2492 1833 2560 prius
1859 2491 1964 2560 egit
1989 2491 2172 2555 vitam,
2191 2505 2310 2543 cum

716 2597 939 2637 uxorem
971 2582 1189 2637 haberet
1216 2597 1280 2636 ac
1311 2581 1470 2634 filiam
1502 2588 1556 2635 et
1580 2579 1632 2633 in
1659 2579 1772 2633 foro
1799 2587 2101 2633 versaretur
2135 2596 2147 2632 :
2179 2577 2315 2634 adeo

717 2674 885 2728 solem
917 2673 1087 2742 ipsum
1117 2671 1402 2741 splendore
1441 2658 1602 2736 vicit,
1630 2678 1690 2724 ut
1733 2671 1973 2738 protinus
2002 2669 2104 2722 hoc
2143 2669 2314 2738 magi-

717 2774 888 2817 Stratu
908 2763 1100 2833 dignus
1124 2763 1420 2826 videretur,
1451 2772 1503 2816 et
1526 2778 1556 2815 a
1577 2761 1898 2830 judiciorum
1929 2761 1945 2791 ²
1976 2759 2220 2814 tribunali
2249 2759 2314 2814 ad

717 2868 928 2908 sacrum
951 2853 1180 2907 tribunal
1197 2861 1412 2907 evectus
1431 2853 1521 2906 sit.
1547 2852 1624 2905 Ac
1647 2859 1756 2904 tum
1775 2850 1988 2920 quidem
2010 2850 2324 2920 hominibus,

716 2945 1154 3018 patrocinabatur
1183 2945 1438 2999 adversus
1461 2943 1728 3012 homines,
1754 2944 1843 3013 qui
1871 2943 2149 2998 struebant
2178 2943 2311 2997 insi-

714 3041 852 3105 dias,
883 3052 979 3096 eos
1003 3038 1091 3107 qui
1119 3037 1486 3093 afficiebantur
1510 3039 1723 3108 injuria,
1751 3039 2055 3108 superiores
2081 3037 2314 3093 reddens

714 3132 802 3197 iis,
830 3135 918 3202 qni
946 3128 1192 3200 injuriam
1219 3129 1517 3185 inferebant
1544 3145 1559 3185 :
1583 3128 1672 3184 hic
1699 3137 1877 3184 autem
1902 3128 2056 3184 adest
2076 3128 2311 3184 homini-

714 3226 814 3279 bus
835 3214 1181 3295 patrocinans
1202 3222 1460 3277 adversus
1484 3222 1755 3292 daemones
1777 3221 2108 3293 invadentes.
2133 3223 2314 3288 Quan-

715 3322 828 3370 tum
858 3325 1033 3370 autem
1061 3312 1132 3370 sit
1161 3313 1372 3382 pietatis
1401 3322 1796 3381 argumentum,
1829 3311 1970 3382 quod
2000 3311 2138 3367 Deus
2167 3313 2312 3367 illum

714 3417 863 3462 tanto
883 3407 1191 3475 magistratu
1208 3405 1423 3475 dignum
1437 3404 1707 3472 judicarit,
1730 3404 1874 3470 audi,
1896 3403 2143 3458 Christus
2159 3405 2306 3458 exci-

715 3507 857 3552 tatus
882 3513 912 3552 a
935 3507 1127 3564 morte,
1160 3496 1288 3566 quid
1312 3496 1440 3550 dicit
1462 3495 1656 3550 Petro?
1685 3495 1970 3564 Postquam
1996 3495 2138 3549 enim
2161 3496 2310 3549 illum

715 3591 1115 3660 interrogasset,
1137 3589 1310 3655 Petre,
1330 3605 1472 3642 amas
1495 3604 1573 3642 me
1590 3587 1770 3657 (Joan.
1789 3587 1879 3642 2i.
1903 3587 2029 3657 16)?
2047 3588 2195 3656 isque
2211 3603 2316 3642 res-

714 3681 1012 3750 p0ndissct:
1038 3680 1133 3745 Tu,
1147 3679 1487 3745 Domine,scis
1507 3678 1640 3749 quod
1655 3695 1770 3732 amo
1790 3687 1864 3733 te:
1883 3692 1988 3732 non
2007 3678 2139 3732 dixit
2154 3677 2310 3730 Chri-

714 3772 1026 3842 stus,abjice
1039 3773 1312 3841 pecunias,
1325 3771 1583 3841 jejunium
1597 3785 1810 3855 exerce,
1825 3784 2035 3823 macera
2057 3779 2106 3822 te
2121 3769 2308 3822 labori-

715 3864 839 3929 bus,
867 3872 1104 3918 mortuos
1129 3863 1322 3928 excita,
1345 3862 1616 3916 daemones
1631 3861 1784 3931 abige
1801 3902 1816 3925 ,
1836 3861 1964 3914 nihil
1983 3860 2063 3914 vel
2091 3860 2307 3925 horum,

714 3955 802 4008 vel
819 3955 1044 4007 aliorum
1059 3953 1434 4008 miraculorum
1453 3962 1705 4022 recteque
1726 3952 1984 4006 factorum
2008 3952 2059 4004 in
2078 3951 2310 4005 medium

713 4042 954 4108 adduxit,
989 4045 1084 4099 sed
1112 4045 1362 4098 omnibus
1391 4044 1492 4097 illis
1523 4043 1899 4113 prmtermissis
1929 4043 2058 4097 dicit
2095 4043 2168 4095 illi
2204 4059 2217 4096 :
2251 4041 2314 4097 Si

715 4138 885 4207 diligis
917 4154 1025 4201 me,
1057 4153 1205 4206 pasce
1242 4151 1356 4190 oves
1394 4151 1550 4188 meas.
1586 4134 1700 4188 Hoc
1740 4144 1919 4188 autem
1959 4133 2170 4188 dicebat
2203 4147 2310 4186 non

715 4230 889 4283 solum
905 4236 963 4281 ut
979 4227 1134 4280 nobis
1151 4226 1449 4280 certissime
1467 4224 1784 4291 declararet,
1799 4232 2128 4294 quantopere
2142 4224 2311 4293 ipsum

673 4303 679 4308 κ
715 4318 959 4389 diligeret
985 4318 1173 4371 Petrus
1197 4333 1210 4369 :
1241 4332 1426 4371 verum
1449 4318 1608 4372 etiam
1631 4325 1689 4370 ut
1716 4332 1870 4370 suum
1885 4331 2007 4386 erga
2033 4329 2156 4369 suas
2182 4329 2310 4369 oves

715 4426 951 4466 amorem
983 4409 1326 4474 ostenderet,
1361 4409 1650 4462 maximum
1682 4408 1988 4475 exemplum
2034 4407 2308 4477 proposuit

715 4505 860 4559 Petri
887 4519 1010 4572 erga
1035 4503 1207 4572 ipsum
1236 4503 1450 4566 amoris,
1484 4510 1685 4554 tantum
1714 4516 1818 4554 non
1844 4501 2026 4555 dicens
2061 4520 2074 4556 :
2106 4502 2203 4569 Qui
2225 4499 2310 4556 di-

715 4598 830 4666 ligit
857 4610 986 4650 oves
1025 4609 1171 4650 meas
1194 4636 1209 4658 ,
1241 4610 1327 4649 me
1369 4594 1557 4663 diligit.
1591 4593 1723 4648 Vide
1768 4593 1925 4662 igitur
1954 4611 2110 4663 quam
2145 4598 2308 4652 multa

715 4696 934 4755 propter
965 4685 1108 4740 hunc
1137 4699 1354 4754 gregem
1404 4699 1590 4754 passus
1630 4685 1699 4739 sit
1736 4684 1998 4739 Christus.
2028 4686 2198 4740 Homo
2235 4687 2310 4751 fa-

715 4787 836 4833 ctus
857 4786 958 4842 est,
979 4778 1118 4831 servi
1145 4778 1371 4831 formam
1396 4777 1702 4846 assumpsit,
1717 4785 2006 4845 consputus
2018 4787 2118 4842 est,
2141 4779 2310 4849 alapis

715 4886 886 4925 caesus
912 4879 1027 4937 est,
1069 4879 1341 4940 postremo
1387 4886 1455 4924 ne
1497 4881 1723 4924 mortem
1754 4871 1964 4938 quidem
2006 4875 2305 4940 recusavit,

715 4964 940 5029 eamque
963 4961 1549 5030 ignominiosissimam;
1584 4961 1844 5031 siquidem
1874 4961 1924 5015 in
1951 4977 2108 5016 cruce
2134 4964 2304 5032 ipsum

713 5048 873 5106 etiam
905 5052 1216 5123 sanguinem
1265 5050 1469 5106 eﬂ'udit.
1503 5050 1684 5121 Itaque
1723 5052 1770 5105 si
1816 5053 1933 5121 quis
1960 5053 2193 5123 voluerit.
2230 5055 2307 5108 illi

714 5142 1120 5196 commendatus
1147 5156 1288 5205 esse,
1317 5141 1717 5196 curam-habeat
1740 5144 1918 5196 ovium
1952 5145 2109 5206 illius,
2137 5145 2308 5214 publi-

714 5249 832 5287 cam
864 5242 1067 5303 qumrat
1113 5234 1393 5288 utilitatem
1419 5277 1432 5298 ,
1461 5233 1686 5288 fratrum
1732 5251 1948 5290 suorum
1989 5238 2142 5292 saluti
2185 5254 2308 5307 pro-

669 5368 672 5372 .
713 5324 903 5392 spiciat
932 5340 944 5375 :
976 5324 1176 5378 nullum
1222 5326 1367 5379 enim
1409 5324 1642 5379 officium
1684 5326 1786 5380 hoc
1829 5327 1938 5380 Deo
1967 5329 2141 5382 carius
2184 5337 2305 5384 est:

716 5413 838 5469 ideo
864 5414 990 5471 alibi
1028 5415 1157 5470 dicit
1187 5431 1201 5470 :
1234 5415 1414 5470 Simon
1437 5456 1453 5480 ,
1485 5417 1696 5482 Simon,
1725 5419 1957 5487 expetivit
1985 5420 2226 5483 Satanas,
2256 5430 2310 5474 ut

714 5506 954 5561 cribraret
980 5516 1026 5558 te
1051 5515 1308 5576 tamquam
1328 5508 1548 5560 triticum
1572 5548 1588 5574 ,
1617 5509 1706 5562 sed
1729 5526 1820 5579 ego
1849 5510 2023 5580 rogavi
2046 5527 2135 5578 pro
2165 5523 2229 5574 te,
2255 5519 2311 5566 ut

715 5613 817 5650 non
845 5597 1046 5665 deﬁciat
1074 5599 1199 5666 ﬁdes
1225 5607 1314 5651 tua
1362 5597 1527 5669 (Luc.
1568 5600 1658 5653 22.
1694 5602 1781 5656 5i.
1815 5601 1947 5672 '52).
1975 5603 2124 5670 Quod
2154 5604 2312 5673 igitur

722 5687 882 5759 hujus
900 5689 1274 5744 sollicitudinis
1299 5706 1546 5761 cumque
1569 5695 1844 5762 prmmium
1874 5696 2000 5752 mihi
2025 5697 2312 5768 rependis?

789 5801 807 5835 ³
844 5807 893 5852 ω
921 5799 1168 5866 plerisque
1184 5811 1290 5855 Mss.
1316 5804 1478 5868 deest,
1492 5806 1810 5869 indiciorum.

1458 373 1514 428 S.
1557 371 1836 427 JOA'NNIS
1862 370 2335 426 GilRYSOSTOMl
2380 371 2698 427 ARCIIIEP.
2740 375 3288 431 CONSTANTINOP.

3917 377 4039 433 7.32

2413 485 2517 538 Sed
2542 503 2697 554 quam
2723 488 2888 555 poscit
2909 490 3169 558 gratiam?
3191 490 3439 544 Eamdem
3464 506 3664 554 curam,
3684 507 3840 558 quam
3863 492 4027 548 nobis

2415 575 2670 644 impendit
2703 581 2953 646 reposcit.
2987 580 3116 634 Nam
3149 591 3194 633 et
3233 589 3318 644 tu,
3354 583 3560 649 inquit,
3590 584 3868 651 aliquando
3897 601 4028 635 con-

2414 681 2584 719 versus
2609 709 2623 733 ,
2652 669 2900 736 conﬁrma
2937 672 3120 739 fratres
3151 680 3282 723 tuos.
3317 670 3405 724 Sic
3432 681 3484 724 et
3511 671 3705 725 Paulus
3732 673 3804 725 ait
3837 691 3848 724 :
3883 671 4024 725 Imi-

2413 767 2598 809 tatores
2625 760 2720 811 mei
2767 768 2918 812 estote
2947 760 3076 812 sicut
3107 770 3152 813 et
3191 777 3282 830 ego
3310 760 3495 813 Christi
3524 765 3539 828 (
3566 763 3616 816 1.
3648 761 3766 816 Cor.
3797 763 3849 816 ι.
3890 762 3955 816 16
3974 764 4020 829 ',.

2411 848 2691 914 Quomodo
2729 850 2898 905 factus
2938 866 2998 905 es
3037 849 3232 905 Christi
3282 853 3552 906 imitator?
3590 854 3852 908 Omnibus
3920 871 4024 922 per

2413 941 2589 994 omnia
2609 942 2846 1009 placens,
2863 958 2964 996 non
2988 958 3233 1012 quzerens
3252 959 3424 1014 meam
3446 945 3744 1007 utilitatem,
3765 947 3858 1001 sed
3880 947 4026 998 mul-

2415 1042 2611 1097 torum,
2637 1041 2693 1085 ut
2713 1033 2844 1087 salvi
2868 1032 3077 1087 tierent.
3103 1034 3307 1087 Rursus
3334 1034 3440 1087 alio
3468 1035 3586 1088 loco
3610 1035 3743 1089 dicit
3769 1054 3780 1087 :
3808 1035 4030 1089 Etenim

2415 1119 2645 1175 Christus
2667 1139 2766 1174 non
2787 1123 2881 1176 sibi
2903 1124 3001 1192 ipsi
3029 1125 3240 1192 placuit,
3265 1125 3351 1177 sed
3377 1112 3545 1179 multis
3573 1127 3591 1198 (
3612 1127 3757 1180 Rom.
3791 1128 3873 1180 l5.
3899 1129 4017 1198 3)‘:

2415 1230 2588 1284 neque
2618 1229 2837 1284 prorsus
2869 1216 2969 1268 alia
2999 1231 3087 1271 res
3118 1225 3218 1282 est,
3251 1232 3368 1287 qure
3398 1220 3617 1285 perinde
3651 1220 3886 1273 declaret
3913 1221 4022 1273 du—

2415 1316 2662 1374 ceatque,
2697 1307 2815 1376 quis
2843 1307 2912 1360 sit
2937 1307 3106 1362 fidelis
3131 1317 3183 1362 et
3207 1323 3394 1361 amans
3413 1308 3629 1371 Christi,
3655 1326 3811 1378 quam
3837 1312 3882 1364 si
3909 1311 4021 1363 fra-

2418 1407 2556 1451 trum
2586 1414 2768 1452 curam
2798 1408 2938 1467 agat,
2974 1399 3293 1468 illormnque
3320 1400 3474 1452 saluti
3507 1401 3811 1469 prOSpiciat.

2488 1490 2542 1543 5.
2586 1491 2710 1544 llaec
2738 1491 2958 1545 audiant
2987 1500 3040 1545 et
3081 1492 3327 1546 monachi
3367 1507 3554 1547 omnes
3578 1534 3592 1559 ,
3621 1493 3710 1562 qui
3751 1492 4032 1546 mentiunt-

2416 1589 2749 1648 occuparunt
2773 1583 3083 1648 cacumina,
3112 1584 3306 1652 quique
3335 1583 3509 1636 modis
3533 1584 3779 1638 omnibus
3806 1585 4028 1652 seipsos

2417 1669 2614 1723 mundo
2657 1671 3068 1737 crucifixerunt;
3122 1689 3226 1742 quo
3263 1689 3362 1744 pro
3401 1675 3604 1730 viribus
3652 1675 4026 1730 Ecclesiarum

2418 1761 2696 1831 pra-lectos
2725 1763 3013 1831 adjuvent,
3047 1776 3102 1820 et
3129 1765 3348 1820 incitent
3374 1767 3654 1834 precibus,
3686 1767 3970 1821 concordia
4001 1810 4022 1832 ,

2422 1854 2668 1919 caritate,
2695 1855 2925 1909 scientes
2951 1855 3092 1924 quod
3123 1858 3173 1910 ni
3204 1856 3376 1910 modis
3414 1859 3662 1914 omnibus
3685 1859 4027 1928 opitulentur

2416 1943 2503 2008 iis,
2527 1946 2616 2013 qui
2651 1953 2728 1998 tot
2765 1946 3013 2013 periculis
3041 1946 3363 2013 objiciuntur
3392 1963 3487 2018 per
3515 1950 3736 2018 gratiam
3767 1950 3880 2014 Dei,
3905 1959 4021 2003 tot.-

2415 2050 2520 2106 que
2557 2037 2889 2106 negotiorum
2921 2053 3078 2091 curas
3106 2038 3374 2093 sustinent
3397 2081 3410 2104 ,
3442 2041 3861 2110 quibuscumque
3894 2056 4028 2110 pos.

2417 2137 2542 2182 sunt
2584 2128 2877 2184 rationibus
2913 2129 3265 2194 ausilicntur,
3295 2145 3618 2201 quamquam
3647 2132 3830 2200 procul
3857 2132 4027 2187 habil-

2419 2230 2614 2286 tantes,
2640 2229 2692 2276 et
2726 2231 2889 2290 caput
2917 2221 3049 2290 ipsis
3089 2221 3301 2292 peribit,
3346 2231 3401 2277 et
3447 2232 3556 2277 tota
3593 2223 3897 2278 destruetur
3931 2239 4028 2278 sa-

2419 2311 2639 2380 pientia.
2685 2311 2886 2366 Verum
2939 2312 3042 2367 hoc
3086 2327 3207 2367 esse
3249 2313 3540 2368 maximum
3591 2314 3839 2368 amicitia:
3887 2328 4031 2384 erga

2417 2403 2687 2459 Christum
2717 2415 3091 2474 argumentum
3117 2405 3244 2459 hinc
3262 2405 3566 2461 declaratur
3588 2424 3601 2460 :
3623 2407 3898 2462 videamus
3922 2422 4026 2460 au-

2420 2512 2525 2559 tem
2585 2504 2854 2574 quomodo
2915 2521 3109 2560 munus
3171 2505 3272 2558 hoc
3333 2504 3566 2574 episc0pi
3610 2504 4023 2557 administrarit.

2419 2595 2555 2663 Quin
2579 2597 2753 2666 potius
2775 2601 2881 2663 p'on
2906 2605 2989 2652 est
3017 2611 3152 2666 opus
3178 2596 3266 2650 hic
3297 2597 3536 2666 pluribus
3565 2597 3743 2650 verbis
3769 2607 3862 2650 aut
3886 2611 4026 2652 voce

2418 2695 2596 2740 nostra
2619 2728 2634 2752 ,
2666 2687 2876 2756 quando
2901 2698 3137 2742 vestrum
3168 2687 3401 2742 studium
3450 2688 3549 2742 hoc
3589 2689 3729 2742 ultro
3757 2687 4022 2743 declarat.

2421 2776 2570 2832 Sicut
2591 2778 2732 2832 enim
2755 2779 2946 2848 aliquis
2977 2779 3248 2849 ingressus
3269 2778 3500 2844 vineam,
3527 2780 3765 2849 vitesque
3785 2790 4032 2834 contem-

2419 2867 2594 2937 platus
2620 2868 2883 2937 pampinis
2899 2880 3194 2934 comantes,
3221 2870 3390 2924 fructu
3412 2878 3654 2937 onustas,
3680 2870 3931 2925 maceriis
3954 2884 4030 2925 ac

2418 2960 2584 3027 septis
2602 2961 2835 3030 undique
2848 2963 3099 3027 munitas,
3114 2962 3519 3032 haudquaquam
3536 2963 3804 3018 desiderat
3816 2965 4031 3019 oratio-

2419 3066 2542 3107 nem
2571 3053 3017 3123 cujusquam,qui
3047 3052 3378 3109 demonstret
3412 3055 3648 3109 vinitoris
3678 3055 4026 3121 industriam,

2419 3153 2475 3200 et
2494 3145 2744 3214 agricolae
2768 3146 3020 3201 virtutem
3056 3165 3070 3202 :
3102 3146 3283 3202 itidem
3307 3155 3363 3201 et
3392 3147 3500 3212 hic,
3533 3148 3578 3201 si
3606 3148 3726 3217 quis
3748 3148 4033 3218 ingressus

2417 3237 2710 3306 conspiciat
2737 3239 2870 3292 vites
2899 3239 3222 3307 spirituales,
3249 3247 3598 3309 vestrumque
3629 3240 3856 3295 fructum
3882 3257 4029 3296 con-

2420 3333 2731 3402 templetur,
2765 3334 2838 3388 nil
2869 3349 3002 3403 opus
3033 3334 3318 3400 habuerit,
3357 3342 3414 3386 ut
3455 3350 3522 3388 ex
3559 3334 3868 3404 cujusquam
3897 3350 4032 3389 ora-

2421 3424 2564 3478 tione
2599 3423 2788 3487 discat,
2837 3427 3008 3494 qualis
3053 3426 3124 3478 sit
3164 3435 3346 3479 vester
3383 3425 3722 3495 pmpositus.
3771 3424 3921 3479 Sicut
3965 3435 4032 3480 et

2418 3514 2615 3569 Paulus
2641 3515 2825 3570 scribit
2857 3532 2870 3568 :
2909 3514 3140 3584 Epistola
3182 3532 3292 3568 mea
3329 3531 3416 3568 vos
3451 3516 3599 3582 estis,
3631 3531 3747 3584 qua:
3775 3517 4032 3585 inscripta

2419 3615 2510 3672 est,
2540 3618 2586 3660 et
2615 3609 2796 3677 legitur
2825 3608 2911 3677 (2.
2939 3608 3057 3661 Cor.
3085 3609 3138 3663 '5.
3168 3607 3257 3679 2).
3289 3608 3510 3663 Fluvius
3542 3610 3718 3678 arguit
3752 3608 3923 3677 qualis
3949 3609 4030 3663 s'rt

2421 3698 2573 3764 fons,
2603 3709 2657 3752 et
2689 3700 2893 3753 fructus
2939 3699 3139 3753 indicat
3184 3699 3356 3769 qualis
3398 3701 3467 3753 sit
3511 3699 3686 3753 radix.
3723 3697 4028 3753 Dicendum

2420 3790 2580 3862 igitur
2600 3799 2715 3846 erat
2743 3801 2797 3845 ct
2820 3801 3027 3861 tempus
3056 3807 3163 3861 quo
3187 3791 3541 3861 principatum
3569 3792 3710 3846 hunc
3734 3791 3971 3861 suscepit
4003 3810 4022 3845 :

2421 3899 2596 3953 neque
2638 3884 2780 3938 enim
2820 3884 2936 3936 haec
2974 3884 3193 3938 minima
3243 3898 3367 3952 pars
3409 3883 3638 3937 encomii
3683 3883 3876 3947 fuerit,
3923 3883 4026 3938 sed

2419 3974 2599 4044 magni
2645 3973 2901 4029 momenti
2949 3973 3014 4028 ad
3059 3973 3434 4028 declarandam
3482 3973 3713 4027 hominis
3743 3973 4021 4028 virtutem.

2420 4065 2526 4119 Res
2561 4075 2670 4119 tum
2700 4074 2816 4120 erat
2853 4066 3036 4119 multae
3066 4065 3391 4119 difficultatis
3419 4079 3540 4120 cum
3570 4080 3740 4134 nuper
3765 4074 3912 4120 esset
3935 4081 4028 4120 se.

2418 4155 2538 4209 data
2572 4157 2916 4225 persequutio
2940 4196 2954 4220 ,
2988 4155 3325 4211 manentibus
3367 4157 3656 4211 etiamnum
3685 4158 4024 4227 gravissimae

2419 4249 2748 4316 tempestatis
2780 4249 2921 4303 illius
2950 4249 3206 4318 reliquiis,
3232 4263 3461 4318 cumque
3499 4250 3706 4320 negotia
3735 4251 4020 4318 plurimam

2417 4341 2784 4397 desiderarent
2809 4342 3220 4397 correctionem.
3267 4341 3361 4396 llis
3401 4343 3620 4410 insuper
3653 4342 3784 4397 illud
3822 4344 4022 4413 adjuu-

2416 4431 2647 4501 gendum
2676 4441 2792 4487 erat
2815 4472 2830 4496 ,
2865 4431 3007 4502 quod
3037 4433 3411 4488 haereticorum
3443 4431 3603 4487 factio
3631 4433 3731 4488 sub
3761 4434 3855 4487 illo
3894 4444 4018 4488 nata

2419 4525 2687 4592 negotium
2706 4525 2966 4592 exhibuit,
2985 4525 3126 4581 illius
3146 4526 3402 4594 sapientia
3421 4536 3610 4580 cuncta
3630 4528 4014 4597 prospiciente.

2417 4614 2613 4669 Verum
2641 4616 2709 4670 ad
2735 4616 2891 4669 aliam
2923 4617 3280 4672 necessariam
3309 4618 3582 4671 materiam
3613 4618 3766 4672 nobis
3801 4618 4022 4673 festinat

2416 4707 2610 4773 oratio,
2642 4723 2813 4777 eoque
2842 4709 3112 4762 communi
3141 4709 3300 4777 patri,
3326 4708 3573 4779 beatique
3599 4709 3898 4780 PhiIOgonii
3924 4725 4019 4765 se-

2416 4800 2604 4854 ctatori
2630 4800 2743 4853 haec
2767 4800 2992 4854 dicenda
3022 4801 3404 4870 relinquentes,
3438 4811 3495 4854 ut
3524 4801 3614 4870 qui
3644 4801 3836 4856 inelius
3860 4803 4017 4857 nobis

2417 4901 2595 4946 teneat
2632 4891 2887 4961 quidquid
2927 4900 3010 4946 est
3050 4893 3422 4961 antiquitatum
3447 4933 3462 4957 ,
3491 4892 3558 4946 ad
3594 4893 3752 4945 aliam
3791 4893 4014 4959 concio-

2418 4983 2578 5037 nandi
2624 4985 2884 5038 rationem
2933 4993 3290 5039 transeamus.
3347 4985 3565 5054 Appetit
3609 4984 3755 5038 enim
3811 4984 4011 5039 festum

2416 5075 2651 5128 omnium
2686 5073 2940 5127 festorum
2987 5074 3218 5128 maxime
3247 5074 3608 5129 venerandum
3641 5074 4012 5128 tremendum-

2415 5181 2518 5235 qne
2552 5184 2565 5221 :
2593 5166 2735 5235 quod
2768 5167 2810 5219 si
2842 5166 2961 5235 quis
2989 5166 3220 5235 appellet
3247 5166 3485 5220 omnium
3518 5165 3776 5221 festorum
3813 5175 4016 5220 metro-

2415 5259 2576 5326 polim
2600 5299 2614 5323 ,
2646 5257 3053 5327 haudquaquam
3085 5258 3315 5313 aberret.
3347 5257 3501 5325 Quod
3544 5267 3725 5312 autem
3758 5258 3862 5312 hoc
3887 5259 4014 5314 est?

2413 5349 2612 5403 Christi
2644 5350 2694 5402 in
2722 5364 2882 5402 carne
2907 5348 3127 5403 Natalis.

2485 5442 2564 5496 De
2593 5427 2723 5512 festo
2755 5440 3051 5495 Nativitatis
3078 5451 3123 5495 et
3151 5441 3456 5512 Epiphania:
3479 5441 3686 5496 casui.
3707 5472 3781 5484 —
3799 5443 3884 5497 Ab
3910 5443 4015 5501 hoc

2414 5534 2554 5587 enim
2577 5533 2768 5587 festum
2792 5532 3235 5602 Epiphaniorum,
3255 5549 3318 5588 ac
3339 5549 3551 5588 sacrum
3573 5534 3798 5601 Pascha,
3819 5536 4016 5593 Ascen-

2414 5625 2516 5689 sio,
2550 5634 2604 5679 et
2634 5625 2954 5678 Pentecoste
2979 5626 3238 5696 originem
3268 5641 3331 5680 ac
3358 5625 3760 5681 fundamentum
3786 5627 4014 5684 ducunt.

2415 5716 2528 5770 Nisi
2550 5717 2692 5771 enim
2721 5716 3013 5770 secundum
3042 5731 3260 5771 carnem
3287 5726 3442 5771 natus
3461 5727 3605 5772 esset
3625 5717 3898 5784 Christus,
3918 5736 4019 5775 ne-

2394 5823 2682 5880 tquaquan‘.
2715 5807 3011 5879 baptizatus
3040 5816 3142 5875 cst,
3178 5823 3298 5863 nam
3339 5807 3388 5863 id
3420 5805 3613 5865 festum
3639 5808 4024 5884 Thcopbanio-
