4174 6336
710 377 820 436 753

714 489 869 550 ἀν’τὸ
885 493 1114 567 ιῐῐνεῦμα
1140 494 1510 573 κατέπεμψεν,
1532 499 1671 570 ὅπερ
1692 500 1841 555 ἐστὶν
1860 502 1894 573 ἡ
1917 500 2290 572 Πεντήκοστή.

710 576 880 634 Ὠστε
926 579 1195 645 ἐντεῦθεν,
1238 569 1428 653 ῶσπερ
1472 569 1764 647 ἀπότινος
1810 569 2016 657 πηγῆς,
2063 569 2300 653 ποταμοὶ

711 664 955 734 διάφοροι
974 664 1215 732 ῥυέντες,
1236 657 1398 718 αὗται
1433 662 1743 736 ἐτέχθησαν
1765 668 1897 738 ἡμῖν
1920 669 1975 719 αἱ
1996 666 2202 738 ἐορταί.
2224 666 2300 728 Ού

713 745 855 817 κατά
878 746 1038 799 τοῦτο
1078 746 1136 798 δὲ
1164 747 1325 817 μόνον
1349 748 1533 822 δικαία
1555 749 1761 820 ταύτης
1791 752 1858 803 ἂν
1896 750 1982 822 είη
2020 750 2121 820 τῆς
2165 766 2301 819 προ-

710 827 899 900 εδρίας
917 840 944 870 ι
957 828 1251 891 ἀπολαύειν
1260 820 1532 907 εὴἡμέρα,
1547 831 1661 900 ἀλλ’
1677 834 1758 886 ὅτι
1778 834 1875 887 καὶ
1894 820 1956 886 τὸ
1973 820 2031 886 ἐν
2049 832 2188 904 αὐτῇ
2207 848 2303 900 γε·

713 910 939 983 νόμενον
952 911 1062 965 τῶν
1079 911 1536 989 ἀλλωῃάπάντων
1559 915 1694 969 πολὺ
1712 915 2046 987 φρικωδέστε
2056 916 2146 986 ρόν
2162 919 2298 970 ἐστι.

714 994 789 1047 Τὸ
815 994 915 1065 μὲν
942 993 1053 1067 γάρ
1074 994 1367 1066 ἄνθρωπον
1394 998 1687 1068 γενόμενον
1715 998 1807 1053 τὸν
1836 999 2072 1070 Χριστὸν
2091 999 2303 1053 ἀποθα-

713 1079 847 1143 νεῖν,
869 1078 1316 1147 ήςνάκολουθίας
1350 1078 1536 1134 λοιπὸν
1557 1075 1627 1152 ἦν
1642 1095 1658 1112 ο
1696 1082 1747 1134 εί
1771 1081 1879 1153 γάρ
1901 1082 1998 1134 καὶ
2026 1082 2304 1155 ἁμαρτίαν

711 1162 815 1215 οὐκ
835 1161 1112 1233 ἐποίησεν,
1133 1162 1269 1216 ἀλλά
1293 1162 1486 1233 θνητὸν
1515 1163 1677 1234 σῶμα
1705 1164 1938 1219 ἀνέλαϐε
1958 1182 1973 1197 ’
2000 1167 2094 1219 καὶ
2112 1161 2180 1237 ἦν
2205 1166 2306 1237 μέν

712 1245 811 1299 καὶ
833 1244 993 1299 τοῦτο
1022 1245 1335 1316 θαυμαστόν
1352 1264 1366 1278 ο
1399 1245 1461 1299 τὸ
1490 1246 1547 1299 δὲ
1577 1248 1714 1301 Θεὸν
1737 1248 1886 1312 ὄντα,
1910 1250 2196 1322 ἄνθρωπον
2215 1248 2305 1303 θε-

712 1327 876 1395 λῆσαι
908 1327 1163 1396 γενέσθαι
1191 1330 1286 1381 καὶ
1315 1329 1649 1399 ἀνασχέσθαι
1685 1330 1993 1401 καταϐῆναι
2018 1318 2302 1399 τοσοῦτον,

712 1410 838 1463 ὅσον
861 1410 981 1463 ούδέ
998 1410 1209 1465 διάνοια
1223 1410 1478 1477 δέξασθαι
1501 1412 1747 1478 δύναται,
1770 1414 1931 1468 τοῦτό
1956 1416 2073 1467 ἐστι
2094 1414 2159 1466 τὸ
2180 1431 2305 1484 φρι-

714 1493 1056 1548 κωδέστατον
1088 1495 1185 1547 καὶ
1213 1493 1527 1567 ἐκπλήξεως
1554 1496 1745 1567 γέμον.
1784 1499 1849 1551 Ὃ
1879 1496 1945 1568 δὴ
1974 1498 2069 1550 καὶ
2092 1497 2304 1561 Παῦλος

713 1575 1012 1647 θαυμάζων
1034 1576 1247 1647 ἔλεγενο
1271 1578 1377 1633 Kal
1396 1569 1887 1648 όμολοτουμένκυς
1905 1579 2060 1649 μέγα
2081 1582 2211 1634 ἐστὶ
2235 1580 2304 1635 τὸ

713 1658 829 1729 τῆς
857 1662 1173 1725 εὐσεϐείας
1197 1661 1557 1729 μυστήριον.
1588 1663 1746 1715 Ποῖον
1771 1662 1945 1732 μέγα;
1974 1665 2123 1730 Θεὸς
2154 1664 2302 1733 ἐφα-

713 1743 941 1812 rem
968 1745 1039 1797 ἐν
1074 1745 1273 1811 σαρκί.
1306 1745 1416 1797 Καὶ
1443 1744 1606 1797 πάλιν
1635 1744 1871 1816 ἀλλαχοῦ
1893 1762 1907 1776 ·
1942 1748 2026 1800 Οὐ
2057 1747 2165 1817 γὰρ
2199 1748 2305 1817 ἀτ-

713 1826 909 1895 τέλων
938 1824 1410 1895 ἐπιλαμϐάνεται
1461 1829 1494 1880 ὀ
1538 1825 1705 1893 Θεὸς,
1756 1827 1919 1881 ἀλλὰ
1958 1828 2305 1898 σπέρματος

724 1907 979 1977 Ἀϐραὰμ
1001 1908 1466 1979 ἐπιλαμϐάνεται
1486 1924 1505 1941 ο
1533 1908 1681 1963 ὅθεν
1698 1910 1916 1979 ὤφειλε
1943 1911 2306 1966 καταστάντα

712 1991 841 2058 τοῖς
880 1991 1167 2061 ἀδελφοῖς
1192 1990 1570 2061 ὁμοιωθῆναι.
1607 1980 1706 2046 Διὰ
1736 1993 1893 2045 τοῦτο
1927 1993 2167 2064 μάλιστα
2198 1995 2301 2049 ἀσ-

716 2076 963 2145 πάζομαι
980 2075 1086 2145 -τὴν
1112 2074 1326 2145 ἡμέραν
1350 2074 1556 2144 ταύτην
1582 2076 1677 2127 καὶ
1702 2074 1862 2145 φιλῶ,
1890 2078 1984 2129 καὶ
2012 2077 2106 2130 τὸν
2121 2077 2300 2149 ἔρωτα

715 2160 797 2221 είς
827 2158 992 2227 μέσον
1020 2155 1341 2227 προτίθημι,
1373 2157 1460 2211 ἴνα
1490 2160 1781 2222 κοινωνοὺς
1810 2159 1955 2229 ὑμᾶς
1978 2161 2188 2232 ποιήσω
2208 2159 2301 2214 τοῦ

714 2240 939 2312 φίλτρου
959 2257 974 2272 ο
1005 2240 1092 2293 διὰ
1122 2238 1281 2293 τοῦτο
1325 2239 1518 2311 δέομαι
1564 2240 1788 2295 πάντων
1836 2241 1992 2313 ὑμῶν
2031 2244 2128 2296 καὶ
2154 2244 2306 2296 ἀντι-

715 2322 859 2378 ϐολῶ
906 2322 1045 2396 μετά
1074 2322 1257 2392 πάσης
1289 2322 1527 2393 σπουδῆς
1567 2323 1663 2376 καὶ
1700 2318 2011 2396 προθυμίας
2054 2341 2304 2397 παραγε-

716 2406 937 2466 νέσθαι.
965 2407 1070 2477 τὴν
1096 2405 1277 2459 οίκίαν
1310 2406 1541 2459 ἕκαστον
1574 2406 1893 2460 κενώσαντα
1935 2409 2035 2478 τὴν
2081 2408 2302 2474 ἐαυτοῦ,

718 2489 809 2544 ἵνα
844 2490 1044 2560 ίδωμεν
1079 2489 1170 2541 τὸν
1202 2488 1477 2558 Δεσπότην
1506 2489 1667 2559 ἡμῶν
1696 2490 1789 2542 ἐπὶ
1817 2492 1916 2561 τῆς
1950 2491 2156 2562 φάτνης
2192 2493 2307 2545 κεί-

721 2590 905 2645 μενον,
942 2571 1458 2643 ἐσπαργανωμένον,
1493 2572 1557 2623 τὸ
1598 2572 1827 2642 φρικτὸν
1858 2574 2036 2626 ἐκεῖνο
2070 2575 2165 2627 xal
2198 2593 2306 2628 πα-

719 2654 940 2727 ράδοξον
961 2654 1158 2724 θέαμα.
1183 2654 1319 2707 Ποία
1340 2653 1448 2724 γὰρ
1470 2655 1603 2725 ἡμῖν
1622 2653 1775 2727 [498]
1800 2655 2087 2725 ἀπολογία,
2107 2657 2313 2721 ποίαδὲ

719 2736 1042 2808 συγγνώμη,
1075 2738 1205 2790 ὅταν
1234 2736 1398 2799 αὐτὸς
1429 2737 1529 2807 μὲν
1559 2738 1624 2791 ἐκ
1647 2738 1758 2790 τῶν
1788 2740 2036 2809 οὐρανῶν
2058 2740 2125 2793 δι’
2159 2742 2309 2811 ἡμᾶς

716 2819 1045 2891 καταϐαίνῃ,
1083 2821 1244 2891 ἡμεῖς
1278 2819 1335 2872 δέ
1366 2819 1502 2890 μηδὲ
1540 2822 1607 2873 ἐκ
1640 2821 1738 2891 τῆς
1767 2822 1945 2885 οίκίας
1977 2821 2115 2893 πρὸς
2144 2824 2309 2878 αὑτὸν

717 2902 1041 2975 ἐρχώμεθα;
1075 2903 1203 2965 ὅταν
1239 2902 1405 2971 μάγοι
1440 2903 1561 2972 μὲν,
1596 2903 1874 2975 ἄνθρωποι
1911 2905 2179 2977 βάρϐαροι
2213 2907 2310 2961 καὶ

716 2985 1031 3056 ἀλλόφυλοι,
1076 2986 1141 3037 ἐκ
1181 2984 1442 3055 Περσίδος
1487 2987 1777 3057 τρέχωσιν,
1813 2988 1957 3041 ὥστε
1987 2989 2150 3044 αὐτὸν
2182 2990 2309 3044 ίδεῖν

717 3068 813 3123 ἐπὶ
840 3068 939 3138 τῆς
986 3068 1194 3138 φάτνης
1236 3068 1522 3138 κείμενον·
1559 3071 1624 3122 σὺ
1656 3069 1713 3123 δέ
1739 3072 1767 3124 ό
1805 3071 2131 3143 Χριστιανὸς
2173 3074 2309 3143 μηδὲ

719 3152 920 3224 μικρὸν
943 3150 1224 3222 διάστημα
1252 3152 1532 3223 ύπομένῃς
1550 3194 1563 3218 ,
1590 3152 1733 3208 ὥστε
1753 3155 1851 3225 τῆς
1877 3156 2155 3227 μακαρίας
2179 3159 2310 3211 ταύ-

717 3252 821 3306 της
848 3235 1153 3289 ἀπολαῦσαι
1187 3235 1455 3307 θεωρίας;
1488 3237 1598 3289 Kal
1635 3237 1766 3308 γὰρ,
1802 3237 1871 3291 ἂν
1901 3238 2043 3309 μετὰ
2072 3239 2310 3305 πίστεως

718 3316 1182 3389 παραγενώμεθα.
1211 3318 1433 3382 πάντως
1454 3318 1616 3373 αὑτὸν
1644 3319 1889 3391 ὀψόμεθα
1920 3321 2013 3373 ἐπὶ
2052 3321 2155 3391 τῆς
2198 3323 2308 3390 φά-

719 3418 852 3473 τνης
872 3402 1197 3473 κείμενονοὴ
1228 3401 1337 3474 γὰρ
1363 3402 1611 3475 τράπεζα
1640 3402 1780 3475 αῦτη
1806 3402 1960 3469 τάξιν
1980 3404 2082 3475 τῆς
2103 3406 2311 3478 φάτνης

715 3484 829 3557 πλη
835 3487 941 3556 ροῖ.

788 3631 902 3686 Kal
940 3629 1053 3703 γὰρ
1082 3632 1177 3685 καὶ
1205 3630 1442 3684 ἐνταῦθα
1472 3630 1716 3686 κείσεται
1747 3633 1809 3687 τὸ
1840 3634 1999 3705 σῶμα
2023 3634 2087 3689 τὸ
2114 3636 2307 3691 δεσπο-

716 3716 892 3781 τικὸν,
936 3716 1058 3794 οὐχὶ
1107 3715 1627 3786 ἐσπαργανωμένον,
1678 3717 1939 3794 καθάπερ
1978 3719 2123 3785 τότε,
2170 3721 2307 3776 άλλά

719 3798 999 3870 Πνεύματι
1032 3798 1366 3867 πανταχόθεν
1396 3799 1536 3869 ἀγίῳ
1562 3800 2067 3871 περιστελλόμενον.
2099 3806 2307 3861 Ἵσασιν

719 3884 773 3936 oi
800 3882 1149 3953 μεμυημένοι
1179 3882 1249 3934 τὰ
1274 3881 1562 3951 λεγόμενα.
1596 3884 1659 3936 Οἱ
1694 3884 1792 3953 μὲν
1816 3880 1910 3938 οὖν
1942 3885 2108 3956 μάγοι
2131 3905 2305 3961 προσ-

717 3965 992 4049 εκύνησαν
1032 3964 1227 4049 μόνον’
1246 3964 1432 4049 σὺλδέ,
1458 3965 1524 4018 ἂν
1555 3966 1694 4035 μετά
1723 3968 1970 4049 καθαροῦ
1998 3970 2309 4043 προσέλθῃς

720 4048 1023 4112 συνειδότος
1049 4088 1065 4112 ,
1102 4048 1198 4103 καὶ
1242 4047 1429 4101 λαϐεῖν
1468 4066 1549 4101 σοι
1582 4049 1716 4101 αὐτὸ
1751 4047 2183 4124 συγχωρήσομεν
2213 4056 2308 4109 καὶ

720 4131 977 4187 ἀπελθεῖν
1009 4132 1215 4185 οἴκαδε.
1248 4131 1477 4211 Πρόσιθι
1509 4132 1689 4186 τοίνυν
1718 4134 1814 4187 καὶ
1847 4136 1911 4189 σὺ
1942 4136 2092 4207 δῶρα
2134 4154 2309 4211 προσ-

718 4216 892 4285 ἀγων,
930 4215 1007 4287 μὴ
1040 4214 1269 4270 τοιαῦτα
1309 4208 1397 4268 οἷα
1434 4216 1669 4283 ἐκεῖνοι,
1720 4217 1858 4273 ἀλλὰ
1904 4220 2086 4291 πολλῷ
2118 4208 2308 4293 σεμνό-

718 4317 876 4372 τερα.
919 4299 1314 4369 Προσήνεγκαν
1360 4298 1557 4351 ἐκεῖνοι
1592 4301 1826 4369 χρυσόν·
1859 4304 2194 4374 προσένεγκε
2238 4308 2305 4361 σὺ

724 4380 1084 4455 σωφροσύνην
1110 4381 1207 4434 καὶ
1238 4382 1441 4453 ἀρετήν
1465 4398 1480 4413 ·
1514 4384 1897 4453 προσήνεγκαν
1927 4388 2124 4440 ἐκεῖνοι
2152 4386 2309 4441 λιϐα-

720 4466 918 4523 νωτόν·
950 4464 1287 4536 προσένεγκε
1312 4465 1375 4518 σὺ
1398 4464 1564 4536 εύχάς
1594 4466 1864 4537 καθαρὰς,
1896 4467 1966 4521 τὰ
1986 4469 2305 4541 θυμιάματα

718 4549 791 4603 τὰ
807 4548 1171 4619 πνευματικάο
1200 4550 1579 4619 προσήνεγκαν
1601 4551 1799 4604 ἐκεῖνοι
1824 4550 2101 4622 σμύρναν⁹
2130 4570 2305 4624 προσ·
2326 4610 2331 4613 ,

723 4634 917 4699 ένεγκε
993 4632 1056 4684 σὺ
1117 4630 1627 4703 ταπεινοφροσύνην
1684 4634 1779 4687 καὶ
1832 4638 2308 4710 τεταπεινωμένην

724 4714 952 4786 καρδίαν
981 4716 1076 4766 καὶ
1110 4714 1505 4785 ἐλεημοσύνην.
1540 4717 1635 4768 “Av
1669 4716 1806 4786 μετά
1839 4718 2045 4771 τούτων
2080 4722 2310 4792 προσέλ-

726 4799 825 4871 an;
854 4796 963 4849 τῶν
990 4795 1197 4867 δώρων,
1236 4796 1373 4867 μετά
1418 4798 1604 4861 ἀδείας
1643 4799 1925 4871 ἀπολαύσῃ
1963 4801 2163 4872 πολλῆς
2206 4804 2309 4875 τῆς

726 4883 879 4954 ἱερᾶς
912 4880 1114 4950 ταύτης
1136 4880 1438 4951 τραπέζης.
1473 4883 1583 4934 Kal
1607 4882 1715 4953 γὰρ
1740 4882 1850 4951 ἐγὼ
1876 4884 1964 4937 διὰ
1994 4884 2154 4938 τοῦτο
2182 4887 2309 4939 τού-

724 4981 851 5027 τους
880 4962 1013 5016 κινῶ
1042 4963 1168 5024 τοὺς
1209 4962 1400 5031 λόγους
1442 4964 1557 5029 νῦν,
1587 4965 1774 5037 ἐπειδὴ
1808 4964 1925 5019 οἶδα
1968 4968 2069 5021 ὃτι“
2093 4970 2308 5036 πάντως

727 5047 915 5102 πολλοὶ
940 5044 1058 5098 κατ’
1089 5046 1309 5117 ἐκείνην
1334 5048 1789 5117 προσελεύσονται
1815 5048 1914 5119 τὴν
1943 5051 2177 5121 ἡμέραν,
2213 5053 2308 5105 καὶ

726 5128 1213 5200 ἐπιπεσοῦπαιῖτῇ
1251 5133 1599 5201 πνευματικῇ
1639 5130 1811 5202 ταύτῃ
1842 5132 2023 5204 θυσίᾳ.
2061 5134 2182 5187 Ἵνα
2213 5130 2309 5188 οὖν

729 5211 864 5283 μηδὲ
891 5211 984 5263 ἐπὶ
1009 5208 1365 5282 κακῷτ”’μηδέ
1396 5214 1488 5264 ἐπὶ
1523 5213 1750 5283 κρίματι
1777 5214 1877 5284 τῆς
1904 5216 2181 5287 ἡμετέρας
2208 5217 2309 5287 ψυ-

725 5296 831 5367 χῆς
861 5295 1018 5347 τοῦτο
1044 5287 1310 5364 ποιῶμεν,
1340 5295 1473 5347 ἀλλά
1500 5296 1592 5347 ἐπὶ
1628 5298 1893 5368 σωτηρίᾳ,
1928 5298 2177 5352 ἐντεῦθεν
2204 5300 2305 5372 ήδη

725 5379 1279 5449 προδιαμαρτύρομαι
1311 5379 1405 5431 καὶ
1434 5379 1759 5450 παρακαλῶ,
1795 5380 1959 5434 παντὶ
1982 5382 2171 5453 τρόπῳ
2204 5401 2307 5435 κασ-

728 5461 1002 5531 θάραντας
1031 5462 1256 5524 ἑαυτοὺς
1286 5461 1429 5514 οὕτω
1456 5462 1738 5531 προσιέναι
1761 5467 1872 5528 τοῖς
1901 5465 2067 5537 ίεροῖς
2100 5482 2308 5537 μυστη-

727 5548 883 5617 ρίοις.

796 5664 861 5719 δ’.
886 5664 996 5718 Kal
1016 5663 1090 5735 μή
1120 5681 1209 5734 μοι
1237 5663 1441 5733 λεγέτω
1460 5680 1563 5729 τις,
1592 5664 1852 5737 αἰσχύνης
1868 5665 2040 5738 γέμω,
2064 5667 2310 5740 ἀμαρτη.

802 5819 819 5837 ⁵
842 5824 941 5877 Alii
964 5824 1259 5887 προσεδρίας,
1284 5824 1365 5871 alii
1386 5790 1647 5891 προεδρίας.

1416 352 1475 437 εξ
1512 382 1800 440 JOANNIS
1837 379 2328 443 cnmrsos'rmn
2369 378 2688 439 ARCHIEP.
2729 374 3285 442 CONSTANTINOP.

3894 385 4014 443 τιτι

2411 494 2597 566 μάτων
2626 496 2735 567 ἐχω
2758 497 2819 551 τὸ
2850 498 3092 562 συνειδὸς
3121 496 3575 571 πεπληρωμένον,
3606 498 3832 571 φορτίον
3879 501 4019 555 ἐπιο

2405 579 2639 650 φέρομαι
2679 579 3012 651 βαρύτατονο
3056 582 3217 654 ίκανὴ
3257 582 3365 654 γάρ
3401 581 3510 637 τῶν
3555 583 3719 636 πέντε
3765 582 4018 655 ἡμερῶν

2404 663 2609 715 τούτων
2635 664 2668 733 ἡ
2693 664 3023 735 προθεσμία,
3048 664 3145 717 ἐάν
3170 667 3346 738 νήφῃς
3371 667 3465 719 καὶ
3501 664 3781 737 προσεύχῃ
3826 667 3858 706 δ
3903 666 4025 720 καὶ

2405 748 2713 819 ἀγρυπνῇς,
2734 747 2797 799 τὸ
2823 747 2957 802 πολὺ
2986 744 3539 820 τῶνάμαρτημάτων
3562 749 4014 820 ὑποτέμνεσθαι.

2406 830 2499 901 Μὴ
2529 830 2639 900 γάρ
2677 830 2761 882 ὅτι
2795 828 3003 901 βραχὺς
3034 832 3064 884 ό
3094 831 3285 902 χρόνος
3315 830 3451 902 ἴδῃς,
3486 832 3601 885 ἀλλ’
3642 835 3824 886 ἐκεῖνο
3865 833 4012 886 σκό-

2405 889 2712 983 πησον,’ὃτι
2740 889 3183 985 φίλ’άνθρωποῗό
3210 889 3521 986 Δεσπέτηςο
3556 917 3747 987 ἐπειδὴ
3776 917 3873 971 καὶ
3898 918 3953 971 Ν
3956 936 4018 969 ι·-

2406 996 2614 1053 νευῗται
2642 998 2700 1051 ἐν
2730 999 2911 1070 τρισὶν
2937 998 3176 1070 ἡμέραις
3208 999 3478 1071 τοσαύτην
3507 1000 3678 1072 ὀργὴν
3708 1001 4011 1073 ἀπεκρού-

2408 1088 2615 1145 σαντο,’
2632 1082 2728 1136 καὶ
2751 1083 2905 1137 οὐδὲν
2941 1083 3254 1137 ἐνεπόδισεν
3288 1086 3323 1155 ἡ
3358 1083 3455 1138 τοῦ
3494 1084 3691 1156 καιροῦ
3723 1103 4012 1156 στενοχω-

2408 1164 2521 1237 ρία,
2551 1165 2667 1219 ἀλλ’
2698 1165 2922 1236 ἴσχυσεν
2949 1169 2982 1238 ἡ
3016 1166 3117 1239 τῆς
3153 1166 3333 1239 ψυχῆς
3363 1167 3644 1240 προθυμία
3670 1170 3772 1240 τῆς
3796 1170 4011 1239 φιλανυ

2406 1246 2655 1319 θρωπίας
2694 1247 3067 1321 ἐπιλαϐομένη
3092 1248 3189 1303 τοῦ
3222 1250 3494 1305 Δεσπότου
3526 1252 3587 1305 τὸ
3619 1255 3727 1306 πᾶν
3753 1253 4014 1323 ἐργάσα-

2406 1332 2553 1389 σθαι.
2577 1333 2685 1385 Kal
2717 1336 2751 1404 ἡ
2782 1334 2955 1405 πόρνη
2975 1332 3033 1386 δὲ
3073 1335 3131 1386 ἐν
3163 1332 3391 1405 βραχείᾳ
3423 1335 3617 1406 καιροῦ
3652 1338 3791 1406 ῥοπῇ
3815 1353 4015 1409 προσ-

2405 1414 2638 1469 ελθοῦσα
2660 1416 2738 1486 τῷ
2765 1415 3009 1487 Χριστῷ,
3037 1417 3108 1470 τά
3134 1417 3314 1486 ὀνείδη
3336 1418 3517 1471 πάντα
3545 1419 3874 1488 ἀπενίψατο,
3900 1421 4011 1471 καὶ

2403 1497 2513 1551 τῶν
2545 1498 2817 1553 Ἰουδαίων
2842 1499 3239 1568 ἐγκαλούντων,
3270 1501 3352 1554 ὃτι
3379 1502 3696 1571 προσήκατο
3732 1501 3825 1554 καὶ
3860 1518 4011 1571 μετ·-

2403 1579 2603 1635 έδωκεν
2643 1582 2781 1653 αὐτῇ
2824 1582 3140 1655 παρρησίας
3173 1582 3447 1654 τοσαύτης
3497 1584 3527 1636 ό
3560 1584 3793 1655 Χριστὸς
3815 1624 3832 1648 ,
3862 1586 4010 1650 τοὺς

2407 1666 2507 1735 μὲν
2535 1665 2917 1735 ἐπεστόμισεν,
2950 1666 3167 1736 ἐκείνην
3193 1666 3250 1720 δέ
3283 1666 3503 1721 πάντων
3533 1666 3849 1731 ἀπαλλάξας
3876 1668 4008 1722 τῶν

2404 1747 2615 1815 κακῶν,
2647 1748 2743 1801 καὶ
2790 1749 2887 1820 τῆς
2940 1749 3180 1821 σπουδῆς
3206 1749 3606 1821 ἀποδεξάμενος
3628 1793 3642 1815 ,
3677 1750 3848 1814 οὕτως
3878 1754 4007 1804 ἀπ-

2408 1828 2648 1902 έπεμψε.
2684 1831 2750 1885 Τί
2778 1831 3007 1903 δήποτες
3050 1832 3173 1885 Ὀτι
3212 1834 3350 1904 μετά
3382 1832 3592 1905 θερμῆς
3616 1834 3851 1898 διανοίας
3891 1837 4006 1889 καὶ

2405 1915 2811 1988 πεπυρωμένης
2843 1906 3021 1989 ψυχῆς
3049 1917 3145 1970 καὶ
3170 1916 3401 1988 ξεούσης
3428 1918 3700 1989 προσῆλθε
3729 1918 4000 1984 πίστεως,

2403 1998 2499 2053 καὶ
2524 1998 2635 2052 τῶν
2662 2000 2836 2067 ἀγίων
2864 2001 2956 2053 καὶ
2990 2000 3150 2072 ἱερῶν
3177 2000 3404 2055 ἐκείνων
3433 2002 3610 2071 ἥψατο
3636 2001 3831 2063 ποδῶν,
3860 2004 4007 2065 τοὺς

2404 2081 2738 2154 βοστρύχους
2768 2081 3003 2148 λύσασα,
3049 2083 3235 2154 πηγὰς
3264 2082 3516 2155 δακρύων
3555 2086 3621 2137 ἐκ
3652 2084 3760 2139 τῶν
3786 2084 4008 2154 ὀφθαλ-

2407 2164 2531 2237 μῶν
2561 2166 2788 2236 ἀφεῖσα,
2819 2166 2882 2220 τὸ
2908 2164 3082 2239 μύρον
3110 2165 3423 2221 κενώσασα.

2474 2360 2554 2414 Δι’
2581 2352 2658 2414 ὧν
2682 2359 2793 2431 γάρ
2819 2361 3113 2431 ἐγοὴτευσε
3134 2360 3263 2424 τοὺς
3289 2359 3631 2433 ἀνθρώπους,
3659 2357 3749 2413 διά
3780 2358 4010 2413 τούτων

2401 2444 2473 2498 τὰ
2490 2445 2757 2515 φάρμακα
2774 2445 2873 2515 τῆς
2891 2443 3177 2515 μετανοίας
3189 2442 3576 2497 κατεσκεύασε·
3596 2442 3662 2495 δι’
3677 2436 3751 2497 ὧν
3761 2444 4011 2498 ἀνεπτέ-

2408 2545 2550 2599 ρωσε
2573 2528 2673 2591 τὰς
2702 2527 2812 2581 τῶν
2837 2526 3153 2581 ἀκολάστων
3176 2525 3349 2596 ὄψεις,
3375 2526 3462 2579 διὰ
3478 2526 3683 2580 τούτων
3698 2527 4003 2597 ἐδάκρυσεο

2403 2612 2491 2665 διὰ
2511 2612 2622 2665 τῶν
2639 2611 2790 2684 [499]
2814 2610 3131 2682 πλοκάμων,
3151 2610 3219 2663 δι’
3242 2603 3319 2664 ὧν
3339 2609 3693 2664 ὑπεσκέλισεν
3713 2613 3792 2673 είς
3809 2611 4010 2680 ἀμαρ-

2404 2695 2525 2748 τίαν
2567 2694 2816 2758 πολλοὺς,
2846 2692 2935 2747 διὰ
2959 2694 3169 2748 τούτων
3208 2693 3338 2757 τοὺς
3388 2693 3555 2757 πόδας
3604 2692 3852 2763 ἀπέμαξε
3892 2693 4007 2746 τοῦ

2405 2777 2646 2850 Χριστοῦ
2667 2796 2680 2807 ·
2707 2778 2796 2831 διά
2819 2777 2913 2830 τοῦ
2948 2776 3142 2849 μύρου,
3164 2776 3233 2830 δι’
3266 2772 3328 2831 οὗ
3358 2775 3589 2840 πολλοὺς
3610 2776 3878 2839 ἐδελέασε,
3904 2776 4013 2829 διὰ

2406 2862 2596 2915 τούτου
2612 2862 2740 2925 τοὺς
2763 2860 2930 2925 πόδας
2952 2860 3164 2914 ἐκείνου
3180 2859 3391 2930 ἡλειψε.
3417 2860 3527 2912 Kal
3550 2861 3614 2913 σὺ
3635 2859 3809 2913 τοίνυν
3829 2861 3897 2913 δι’
3916 2853 4011 2914 ὧν

2406 2944 2735 3017 παρώξυνας
2764 2944 2856 2998 τὸν
2886 2943 3043 3008 Θεὸν,
3075 2943 3164 2996 διὰ
3200 2942 3407 2997 τούτων
3437 2942 3597 2998 ἵλεων
3633 2944 3855 3013 ποίησον
3886 2945 4010 2998 πά-

2406 3029 2510 3083 λιν.
2543 3027 2877 3099 Παρώξυνας
2912 3027 3077 3081 αὑτὸν
3110 3026 3201 3080 διά
3238 3025 3538 3097 χρημάτων
3570 3027 3861 3097 άρπαγῆς;
3903 3027 4008 3082 διὰ

2405 3112 2612 3165 τούτων
2644 3112 2808 3166 αὑτὸν
2828 3110 3185 3177 κατάλλαξον,
3209 3112 3302 3164 καὶ
3319 3109 3389 3162 τά
3418 3110 3735 3182 ἁρπαγέντα
3761 3110 4012 3177 ἀποδοὺς

2406 3201 2518 3261 τοῖς
2545 3196 2899 3266 ἠδικημένοις
2917 3236 2932 3259 ,
2960 3196 3054 3249 καὶ
3092 3194 3255 3265 ἕτερα
3297 3193 3510 3258 τούτοις
3555 3193 3917 3266 προσεπιδοὺς
3942 3205 4008 3257 α,

2408 3283 2531 3335 είπὲ
2564 3279 2838 3347 κατάετὸν
2880 3280 3151 3349 Ζακχαῖον
3173 3295 3185 3307 ·
3229 3277 3529 3347 ἀποδίδωμι
3558 3277 4010 3349 τετραπλασίονα.

2405 3361 2483 3421 ὧν
2509 3369 2738 3438 ἡρπασα
2766 3364 3005 3427 πάντων.
3035 3360 3366 3429 Παρώξυνας
3381 3361 3469 3414 διὰ
3492 3360 3738 3431 γλώττης
3765 3361 3858 3413 καὶ
3878 3359 4009 3415 λοι-

2405 3451 2594 3522 δορίας
2647 3448 2876 3519 ὑϐρίσας
2936 3444 3196 3510 πολλούς;
3250 3444 3537 3510 ἐξιλέωσαι
3599 3444 3688 3497 διὰ
3744 3444 4007 3515 γλώττης

2407 3535 2608 3596 πάλιν,
2649 3532 2815 3602 εὐχάς
2871 3530 3122 3601 καθαρὰς
3170 3529 3532 3599 ἀναπέμπων,
3577 3528 3814 3597 εὐλογῶν
3861 3532 4005 3593 τοὺς

2406 3616 2807 3690 λοιδοροῦντας,
2836 3614 3202 3684 ἐγκωμιάζων
3230 3612 3357 3675 τοὺς
3378 3611 3563 3674 κακῶς
3587 3611 3861 3679 λέγοντας⁹
3894 3614 4007 3683 χά-

2410 3721 2495 3775 ριν
2522 3699 2802 3773 ὁμολογῶν
2838 3700 2954 3759 τοῖς
2989 3696 3258 3750 ἀδικοῦσι.
3291 3694 3477 3750 Ταῦτα
3502 3696 3601 3766 οὐχ
3628 3695 3853 3766 ἡμερῶν
3890 3696 4005 3749 δεῖ-

2405 3805 2518 3851 ται,
2565 3785 2686 3838 οὐδὲ
2734 3781 2995 3837 ἐνιαυτῶν
3037 3778 3269 3843 πολλῶν,
3310 3777 3446 3831 ἀλλά
3489 3776 3860 3848 προαιρέσεως
3898 3779 4003 3849 μό-

2405 3888 2527 3941 νης,
2560 3869 2656 3923 καὶ
2682 3870 2740 3920 ἐν
2777 3867 2877 3937 μιᾷ
2910 3861 3272 3934 κατορθοῦται
3304 3861 3508 3932 ἡμέρᾳ.
3560 3860 3854 3932 Ἀπόστηθι
3891 3863 4002 3931 τῆς

2407 3953 2696 4026 πονηρίας,
2732 3946 2991 4004 ἐπιλαϐοῦ
3015 3944 3359 4017 τῆςεάρετῆς,
3390 3945 3599 3998 παῦσαι
3634 3945 3737 4015 τῆς
3768 3945 3995 4010 κακίας,

2407 4039 2503 4093 καὶ
2527 4035 2768 4105 ὑπόσχου
2807 4033 3005 4105 μηκέτι
3024 4030 3195 4085 ταῦτα
3223 4031 3414 4095 ποιεῖν,
3436 4028 3531 4082 καὶ
3546 4029 3708 4099 ἀρκεῖ
3728 4045 3809 4081 σοι
3835 4028 4001 4083 τοῦτο

2406 4123 2487 4186 είς
2511 4118 2829 4187 ἀπολογίαν.
2888 4116 3032 4185 Ἐγὼ
3066 4113 3513 4185 διαμαρτύρομαι
3551 4114 3646 4165 καὶ
3678 4112 3994 4183 ἐγγυῶμαι,

2406 4207 2489 4259 ὅτι
2508 4205 2616 4258 τῶν
2638 4200 3065 4275 ἁμαρτανόντων
3084 4197 3243 4269 ἡμῶν
3257 4196 3599 4261 ἐκαστος,.ᾶν
3618 4197 3865 4259 ἀποστὰς
3881 4198 3998 4251 τῶν

2407 4289 2689 4362 προτέρων
2724 4284 2914 4340 κακῶν
2951 4279 3256 4359 ὑπόσχηται
3291 4280 3369 4351 τῷ
3405 4279 3525 4350 Θεῷ
3558 4278 3699 4350 μετά
3732 4280 3997 4350 ἀληθείας

2410 4374 2608 4447 μηκέτι
2635 4369 2813 4425 αὐτῶν
2842 4367 3105 4438 ἅψασθαι,
3136 4366 3287 4420 οὐδὲν
3317 4365 3503 4435 ἕτερον
3534 4366 3563 4417 ό
3597 4362 3730 4427 Θεὸς
3764 4365 3994 4436 ζητήσει

2406 4459 2544 4529 πρὸς
2576 4453 2875 4521 ἀπολογίαν
2911 4451 3152 4522 μείζονα.
3186 4449 3569 4521 Φιλάνθρωπος
3605 4448 3714 4520 γάρ
3750 4450 3867 4502 ἐστι
3897 4448 3995 4502 καὶ

2409 4542 2680 4611 ἐλεήμων,
2719 4536 2814 4590 καὶ
2846 4535 3096 4603 καθάπερ
3128 4536 3160 4604 ἡ
3190 4533 3451 4587 ὠδίνουσα
3492 4531 3749 4602 ἐπιθυμεῖ
3784 4534 3991 4596 τεκεῖν,

2408 4624 2552 4678 οὕτω
2583 4622 2680 4675 καὶ
2718 4620 2883 4683 αὐτὸς
2916 4617 3297 4688 ἐπιθυμεῖ-τὸν
3330 4616 3479 4670 ἔλεον
3517 4618 3698 4686 ἐκχεῖν
3736 4615 3830 4669 τὸν
3859 4616 3993 4668 ἐαυ-

2406 4708 2522 4761 τοῦ·
2558 4704 2673 4758 ἀλλ’
2706 4705 2763 4757 αἱ
2801 4701 3066 4773 ἁμαρτίαι
3088 4686 3153 4755 Val
3185 4686 3459 4772 ’ἡμέτεραι
3488 4699 3645 4753 τοῦτο
3664 4699 3992 4753 διακόπτου-

2411 4809 2517 4846 σιν.
2562 4788 2869 4857 Ἀνέλωμεν
2905 4785 3087 4839 τοίνυν
3120 4785 3182 4837 τὸ
3214 4784 3437 4853 τειχίον,
3472 4782 3566 4836 καὶ
3602 4781 3854 4835 ἐντεῦθεν
3888 4780 3993 4853 ἤδη

2405 4877 2507 4945 τῆς
2536 4872 2732 4945 ἑορτῆς
2760 4868 3077 4940 ἀρξώμεθα,
3108 4867 3209 4929 τὰς
3238 4866 3400 4919 πέντε
3424 4865 3637 4936 ἡμέρας
3664 4864 3868 4927 ταύτας
3893 4866 3994 4919 πᾶ-

2410 4976 2493 5014 σιν
2528 4954 2949 5024 ἀποταξάμενοι·
2987 4952 3195 5023 ἐρρέτω
3226 4951 3573 5021 δικαστήρια,
3610 4947 3821 5019 ἐρρέτω
3866 4947 3992 5017 βου..

2407 5042 2693 5111 λευτὴρια,
2734 5036 3019 5107 οίμωζέτω
3054 5034 3283 5105 βιωτικὰ
3314 5035 3613 5105 πράγματα
3659 5033 3755 5084 καὶ
3787 5031 3996 5100 συμϐό-

2407 5128 2535 5180 λαια
2584 5126 2679 5176 καὶ⁹
2722 5119 3163 5189 συναλλάγματαο
3204 5116 3303 5187 τὴν
3346 5117 3526 5187 ψυχήν
3578 5127 3677 5185 μου
3729 5114 3993 5187 βούλομαι

2411 5212 2605 5264 σῶσαι.
2642 5207 2703 5261 Τί
2742 5204 3055 5273 ὠφελεῖται
3100 5202 3429 5269 ἄνθρωπος,
3468 5200 3576 5256 ἐὰν
3612 5198 3721 5252 τὸν
3758 5200 3996 5268 κόσμον

2409 5296 2558 5349 ὅλον
2576 5290 2856 5359 κερδάνῃ,
2885 5287 3000 5354 τὴν
3027 5286 3095 5339 δὲ
3118 5283 3331 5353 ψυχὴν
3352 5283 3537 5338 αὐτοῦ
3562 5281 3837 5351 ζημιωθῇ’
3874 5284 3995 5349 Ἐξ..

2409 5378 2572 5449 ἦλθον
2607 5374 2714 5427 ἀπὸ
2744 5370 3003 5443 Περσίδος
3035 5371 3083 5421 οἱ
3114 5368 3297 5438 μάγου
3330 5366 3513 5430 ἔξελθε
3559 5366 3622 5419 σὺ
3660 5365 3768 5419 τῶν
3810 5366 3995 5436 βιωτι-

2410 5461 2523 5516 κῶν
2560 5457 2923 5529 πραγμάτων,
2960 5454 3055 5507 καὶ
3091 5453 3227 5522 πρὸς
3250 5451 3342 5506 τὸν
3390 5450 3599 5522 Ἰησοῦν
3621 5449 3858 5503 ὃδευσοψ
3891 5450 3996 5505 οῦκ

2472 5699 2502 5772 ξ)
2527 5698 2624 5772 Alii
2644 5699 2901 5772 προσέχῃς,
2922 5694 3007 5747 alii
3033 5693 3294 5759 προσεύχῃ.
3324 5692 3543 5753 Utraque
3576 5692 3725 5740 lectio
3750 5689 4002 5751 quadrare

2411 5768 2627 5871 Ροὲρῖίυ
2650 5820 2897 5885 τροσδούς.
2925 5818 3080 5869 Paulo
3108 5823 3216 5880 post
3248 5816 3441 5880 quidam
3468 5829 3580 5865 mss.
3608 5813 3879 5863 ἆπςδώσω.
