4174 6336
254 399 360 456 πῃ

246 525 367 564 ram
397 517 479 564 est
511 523 525 560 :
555 519 888 576 nequaquam
915 501 1101 556 fuisset
1123 498 1447 562 crucifixus,
1475 512 1598 563 nam
1625 496 1728 549 hoc
1754 502 1838 570 est

243 601 440 656 festum
483 595 701 652 Pascha:
733 613 746 650 :
783 609 1114 664 nequaquam
1155 591 1386 646 misisset
1425 590 1682 660 Spiritum
1717 587 1852 656 ξιιμ·

242 699 414 755 ctum,
441 687 584 759 quod
615 672 700 743 est
739 686 931 742 festum
972 685 1339 740 Pentecostcs.
1387 680 1570 751 Itaque
1598 679 1668 736 ab
1697 679 1798 734 hoc
1820 720 1838 747 ,

237 793 344 834 ceu
365 794 397 833 a
424 778 572 835 fonte
609 778 859 849 quapiam
903 775 1100 831 diversi
1145 773 1291 829 ﬂuvii
1320 814 1336 839 ,
1367 780 1490 827 nata
1531 782 1658 826 sunt
1687 771 1842 826 nobis

243 865 363 923 hzec
392 866 547 923 festa.
573 865 772 923 Verum
820 881 925 920 non
967 867 1039 922 ob
1083 864 1186 920 hoc
1224 871 1428 919 tantum
1461 877 1562 934 par
1579 872 1663 917 est
1699 862 1842 917 hunc

237 958 389 1013 diem
415 959 624 1014 caeteris
659 957 910 1028 anteponi
931 997 949 1024 ,
978 955 1074 1011 sed
1112 957 1274 1012 etiam
1303 956 1426 1025 quia
1471 953 1616 1025 quod
1655 954 1707 1010 in
1740 953 1842 1008 hoc

238 1059 428 1119 natum
467 1058 585 1116 est,
611 1049 828 1105 steteris
866 1047 1116 1105 omnibus
1147 1055 1238 1102 est
1281 1045 1661 1101 venerabilius.
1705 1044 1839 1100 Nam

238 1140 388 1209 quod
409 1140 652 1196 Christus
673 1139 835 1195 homo
854 1137 1044 1203 factus,
1067 1140 1137 1193 sit
1157 1145 1418 1202 mortuus,
1440 1136 1840 1207 consequentia:

236 1232 520 1302 cujusdam
554 1231 652 1288 fuit
683 1249 697 1287 :
725 1233 850 1288 licet
877 1232 1020 1287 enim
1068 1231 1274 1286 nullum
1316 1229 1536 1284 omnino
1563 1224 1839 1297 peccatum

240 1333 638 1398 perpetrasset,
665 1324 890 1378 mortale
918 1332 1096 1378 tamen
1125 1336 1321 1392 corpus
1349 1329 1713 1389 assumpscrat
1741 1331 1756 1372 2
1784 1327 1840 1375 et

230 1427 356 1470 erat
393 1417 606 1487 quidem
633 1416 735 1472 hoc
762 1415 1131 1471 admirandum
1179 1432 1192 1469 :
1237 1424 1488 1471 caeterum
1522 1412 1665 1484 quod
1697 1413 1839 1468 Deus

235 1522 363 1560 eum
394 1517 574 1574 esset,
606 1509 836 1563 voluerit
865 1507 1026 1564 homo
1056 1507 1210 1572 fleri,
1245 1515 1557 1577 tantumque
1596 1519 1716 1560 sese
1743 1504 1838 1560 de-

237 1598 458 1652 mittere
500 1598 833 1662 sustinuerit,
856 1605 1113 1668 quantmn
1159 1611 1228 1652 ne
1263 1597 1585 1666 cogitatione
1620 1597 1835 1666 quidem

234 1689 520 1757 complecti
546 1703 747 1758 queas,
775 1688 877 1743 hoc
918 1699 1001 1743 est
1037 1688 1278 1743 omnium
1323 1688 1554 1742 maxime
1580 1703 1836 1742 reveren-

233 1779 367 1832 dum
394 1820 410 1844 ,
437 1780 777 1850 stuporisque
817 1780 1054 1849 plenum.
1096 1779 1250 1848 Quod
1285 1779 1502 1849 quidem
1543 1786 1598 1833 et
1639 1779 1836 1833 Paulus

233 1869 512 1924 admirans
537 1870 749 1924 dicebat
772 1911 787 1934 ,
823 1869 891 1927 Et
930 1871 1197 1942 manifeste
1230 1887 1470 1941 magnum
1498 1871 1698 1943 pietatis
1724 1887 1837 1942 my-

230 1961 446 2015 sterium
473 1961 491 2032 (
513 1963 562 2016 l.
597 1961 731 2018 Tim.
756 1962 812 2017 3.
859 1962 926 2017 16
943 1961 983 2034 ).
1009 1961 1161 2030 Quod
1188 1962 1480 2033 magnum?
1508 1962 1648 2018 Deus
1671 1963 1838 2017 mani-

233 2051 449 2118 fsstatus
475 2052 529 2105 in
552 2067 723 2105 carne.
754 2054 831 2107 Ac
856 2067 1068 2108 rursum
1113 2051 1237 2107 alibi
1271 2071 1284 2106 :
1319 2050 1442 2106 Non
1467 2053 1600 2107 enim
1626 2052 1864 2123 angelos"

229 2143 571 2212 apprehendit
625 2141 806 2210 Deus,
855 2144 944 2198 sed
1003 2161 1172 2199 semen
1216 2144 1434 2198 Abraha:
1474 2144 1832 2213 apprehendit.

231 2233 392 2290 Unde
416 2233 582 2287 debuit
621 2251 712 2305 per
737 2236 909 2288 omnia
950 2235 1196 2305 fratribus
1229 2233 1740 2303 assimilari‘(Hebr.
1773 2235 1831 2289 2.

233 2328 326 2382 16.
373 2325 501 2395 l7).
532 2326 758 2397 Propter
802 2326 903 2383 hoc
944 2327 1284 2398 potissimum
1321 2327 1616 2396 amplector
1642 2327 1833 2398 diligo~

225 2434 340 2486 que
359 2419 503 2473 diem
534 2421 697 2486 hunc,
723 2427 779 2473 et
806 2434 1042 2474 amorem
1073 2420 1189 2490 ejus
1218 2421 1271 2474 in
1302 2419 1536 2475 medium
1565 2435 1830 2491 propono,

226 2516 298 2563 ut
339 2524 437 2563 vos
482 2509 640 2578 hujus
693 2511 977 2580 participes
1031 2511 1252 2566 reddam
1288 2529 1300 2564 :
1333 2527 1505 2583 eoque
1558 2527 1688 2582 rogo
1733 2525 1832 2567 vos

231 2615 426 2655 clunes
444 2601 797 2673 obsecroque,
824 2617 1035 2657 summo
1056 2603 1232 2658 studio
1247 2617 1560 2673 summaque
1577 2618 1701 2658 cum
1720 2602 1834 2658 ala-

225 2693 426 2748 critate
450 2694 628 2748 velitis
656 2694 867 2761 adesse,
897 2694 992 2750 sed
1022 2695 1168 2766 prius
1197 2710 1346 2751 suam
1369 2697 1595 2766 quisque
1614 2696 1829 2750 domum

231 2770 456 2838 evaeuet
479 2825 495 2851 ,
521 2793 580 2838 ut
603 2784 876 2839 videamus
918 2786 1204 2841 Dominum
1236 2797 1476 2841 nostrum
1509 2787 1561 2841 in
1605 2787 1828 2857 praesepi

227 2874 500 2945 jacentem
529 2874 592 2931 ac
618 2877 796 2931 fasciis
821 2877 1139 2942 involutum,
1169 2879 1504 2934 tremendum
1532 2894 1595 2934 ac
1620 2889 1832 2947 stupen-

230 2967 362 3023 dum
392 2971 775 3038 spectaculum.
804 2970 940 3036 Quid
969 2971 1112 3026 enim
1141 2971 1535 3038 excusabimus,
1559 2982 1651 3026 aut
1669 2979 1828 3042 quam

228 3059 444 3114 veniam
471 3059 848 3126 obtinebimus,
875 3061 921 3116 si
942 3077 1062 3116 cum
1092 3063 1204 3132 ipse
1232 3063 1400 3118 nostri
1429 3077 1587 3119 causa
1607 3064 1829 3118 descen-

229 3151 373 3207 derit
400 3168 431 3208 e
456 3153 635 3220 caelis,
665 3169 763 3209 nos
788 3155 854 3208 ad
899 3155 1044 3209 illum
1064 3155 1161 3210 ~vel
1204 3172 1268 3211 ex
1300 3157 1504 3212 mdilms
1532 3158 1611 3212 ire
1637 3173 1829 3226 grave-

226 3243 394 3298 snur?
434 3257 554 3297 cum
609 3243 921 3315 alienigenae
963 3245 1282 3317 barbarique
1323 3247 1454 3318 Magi
1500 3263 1565 3302 ex
1616 3248 1830 3304 Perside

227 3344 552 3400 occurrant,
583 3342 644 3388 ut
671 3336 816 3390 illum
860 3337 1072 3392 videant
1101 3338 1155 3392 in
1188 3340 1410 3407 prmsepi
1439 3339 1703 3407 jacentem
1727 3382 1741 3401 ,
1771 3348 1828 3394 tu

229 3437 366 3478 vero
410 3425 499 3493 qui
541 3424 872 3481 Christianus
917 3442 976 3482 es
1024 3443 1091 3482 nc
1134 3427 1298 3483 breve
1342 3428 1555 3498 quidem
1598 3430 1826 3498 spatium

223 3516 443 3572 emetiri
472 3517 758 3582 sustineas,
794 3529 850 3573 ut
877 3518 980 3574 hoc
1005 3519 1144 3574 felici
1171 3522 1476 3589 spectaculo
1504 3521 1830 3589 perfruaris?

228 3608 365 3664 Nam
405 3610 448 3664 si
477 3625 599 3664 cum
629 3610 730 3666 fide
773 3612 1157 3666 accesserimus
1177 3651 1193 3677 ,
1223 3613 1408 3682 procul
1436 3612 1598 3667 dubio
1623 3613 1828 3668 videbi-

229 3717 352 3756 mus
382 3700 529 3756 illum
555 3703 607 3756 in
632 3702 857 3774 praesepi
881 3702 1167 3773 jacentcm.
1202 3703 1475 3774 Siquidem
1505 3703 1622 3760 haec
1643 3720 1828 3760 mensa

227 3794 403 3848 vicem
425 3793 603 3863 explet
627 3794 899 3864 praesepis.

303 3883 503 3954 Corpus
529 3885 846 3940 Dominicum
873 3887 927 3941 in
958 3887 1236 3958 Mysteriis.
1266 3919 1340 3930 ——
1364 3890 1498 3945 Nam
1531 3899 1585 3945 et
1615 3891 1703 3947 hic
1732 3907 1831 3965 po-

231 3986 396 4033 netur
423 3992 616 4048 corpus
636 3976 962 4034 dominicum
985 4021 1000 4046 ,
1033 3997 1138 4035 non
1167 3981 1380 4052 quidem
1410 3982 1590 4040 fasciis
1615 3985 1827 4041 involu-

226 4077 348 4122 tum
372 4068 526 4123 sicuti
556 4077 699 4134 tunc,
729 4070 824 4125 sed
851 4070 1084 4142 undique
1109 4072 1309 4141 Spiritu
1335 4085 1521 4128 sancto
1551 4077 1826 4132 vestitum.

223 4158 334 4226 Qui
366 4160 630 4230 mysteriis
663 4160 852 4215 initiati
878 4171 1036 4225 sunt,
1071 4163 1368 4234 intelligunt
1395 4180 1515 4233 quae
1555 4165 1825 4222 dicuntur.
1858 4166 1862 4170 ’

229 4254 311 4306 Ac
337 4251 471 4321 Magi
498 4252 710 4321 quidem
742 4253 872 4307 nihil
897 4254 1038 4308 aliud
1063 4271 1219 4324 quam
1249 4257 1559 4325 adorarunt,
1585 4259 1678 4314 tibi
1702 4277 1829 4316 vero

226 4342 277 4396 si
308 4356 429 4396 cum
461 4357 591 4412 pura
622 4347 914 4399 accesseris
933 4347 1258 4401 conscientia
1284 4387 1300 4406 ,
1333 4350 1737 4417 permittemus,
1769 4360 1830 4406 ut
1863 4355 1869 4362 '

231 4448 435 4496 sumas,
455 4441 732 4502 etsumpto
751 4436 969 4490 domum
996 4437 1178 4491 abeas.
1204 4438 1410 4493 Accede
1439 4440 1596 4509 igitur
1618 4450 1671 4495 tu
1694 4458 1830 4513 quo-

225 4541 339 4596 que
365 4543 586 4582 munera
611 4528 841 4583 offerens
862 4571 875 4589 .
908 4546 1012 4583 non
1040 4530 1215 4601 qualia
1243 4531 1554 4588 deferebant
1591 4535 1688 4597 illi,
1730 4535 1827 4589 sed

229 4619 405 4671 multo
445 4619 800 4688 religiosiura.
847 4619 1168 4677 Ohtuleruut
1211 4622 1285 4676 illi
1332 4637 1518 4678 aurum
1545 4666 1561 4690 ,
1609 4627 1743 4682 oﬂ‘er
1773 4637 1823 4682 tu

228 4711 640 4776 temperantiam
670 4726 732 4764 ac
758 4711 1006 4767 virtutem
1041 4712 1386 4769 :obtulerunt
1412 4716 1487 4769 illi
1520 4716 1659 4779 tlms,
1694 4719 1830 4773 oll‘er

230 4807 291 4853 tu
323 4815 482 4869 puras
528 4815 714 4869 preces
736 4844 752 4869 ,
803 4817 924 4872 quze
957 4813 1083 4858 sunt
1119 4799 1464 4861 oderamenta
1513 4808 1831 4876 spiritualia:

233 4891 546 4946 obtulerunt
572 4892 646 4946 illi
676 4893 971 4964 myrrham,
1000 4896 1134 4951 offer
1157 4906 1211 4950 tu
1244 4897 1618 4964 humilitatem,
1653 4909 1706 4953 et
1731 4915 1827 4957 Cor

233 4984 561 5056 submissum
589 5001 710 5040 cum
737 4986 1099 5059 eleemosyna.
1131 4990 1281 5055 Quod
1309 4992 1352 5045 si
1381 4990 1529 5047 hisce
1553 5006 1672 5046 cum
1710 5009 1830 5048 mu-

236 5075 459 5129 neribus
497 5078 790 5132 accesseris
812 5119 828 5144 ,
863 5079 1027 5133 multa
1059 5095 1180 5136 cum
1205 5081 1395 5136 fiducia
1429 5084 1697 5154 particeps
1721 5085 1830 5140 eris
1851 5139 1884 5160 ο,

235 5166 398 5233 hujus
443 5180 611 5243 sacrae
657 5184 876 5223 mensae.
936 5170 1068 5225 Nam
1117 5171 1231 5226 htec
1279 5172 1400 5228 ideo
1430 5190 1572 5230 nunc
1612 5176 1824 5245 loquor,

234 5257 383 5327 quod
415 5259 579 5312 sciam
619 5268 768 5314 certo
806 5260 1036 5314 futurum
1063 5303 1079 5329 ,
1124 5271 1181 5316 ut
1211 5263 1264 5316 in
1296 5264 1384 5317 illa
1412 5266 1499 5319 die
1528 5269 1830 5336 complures

237 5346 502 5402 accedant
550 5349 859 5419 irruantque
887 5351 952 5404 ad
995 5352 1261 5406 victimam
1301 5353 1437 5408 hanc
1475 5355 1828 5426 spiritualem.

235 5435 408 5506 Igitur
447 5453 515 5494 ne
558 5440 813 5495 faciamus
837 5442 903 5496 ad
934 5441 1314 5500 detrimentum
1343 5456 1397 5501 et
1425 5449 1831 5505 condemnatio-

238 5545 365 5585 netu
392 5531 586 5586 auium
617 5542 812 5588 nostrae
837 5575 852 5598 ,
895 5533 991 5589 sed
1025 5534 1093 5588 ad
1128 5536 1356 5592 salutem
1391 5556 1404 5591 :
1432 5539 1542 5608 jam
1573 5525 1713 5596 nunc
1738 5543 1836 5597 ob-

235 5630 414 5675 testor
438 5621 768 5693 obsecroque
792 5665 808 5691 ,
841 5634 898 5678 ut
925 5626 1179 5682 omnibus
1205 5629 1380 5683 modis
1417 5635 1714 5703 repurgati,
1763 5636 1833 5690 ita

235 5720 458 5767 detnum
483 5728 634 5768 sacra
665 5714 863 5770 adeatis
893 5717 1167 5778 mysteria.
1296 5785 1298 5787 b

307 5806 364 5861 4.
395 5803 523 5860 Cum
551 5821 668 5862 vera
697 5808 986 5879 ptenitentia
1011 5807 1147 5864 brevi
1170 5817 1333 5880 potest
1356 5813 1660 5870 conscientia
1678 5833 1830 5875 rat."-

1383 383 1475 443 os
1510 376 1741 439 nea-ro
1776 358 2342 443 PHILOCONIO.‘W.

3423 398 3529 459 754

1947 490 2080 557 dari.
2108 523 2183 573 -τ
2209 494 2391 569 Neqiie
2411 495 2542 556 mihi
2566 500 2849 574 quisquam
2868 501 3088 571 dixerit,
3123 523 3334 576 vereor,
3361 509 3539 567 habeo

1943 584 2328 666 conscientiam
2369 591 2600 660 peccatis
2640 593 2912 664 oppletam
2935 637 2952 663 ,
2998 598 3268 654 sarcinam
3305 601 3540 657 circum-

1944 673 2060 730 fero
2081 677 2472 747 gravissimam.
2523 680 2734 739 Sufiicit
2761 685 2906 741 enim
2935 687 3128 744 borum
3153 690 3394 762 quinque
3414 691 3537 749 die-

1945 783 2061 823 rum
2089 780 2318 841 tempus,
2345 771 2390 826 si
2415 771 2626 830 sobrius
2644 773 2830 844 fueris,
2848 777 2897 833 si
2920 779 3180 846 oraveris,
3207 781 3255 836 si
3276 782 3536 853 vigilave-

1945 859 2040 927 ris,
2061 869 2119 915 ut
2134 863 2525 920 multitudinem
2542 879 2880 936 peccatorum
2898 871 3538 932 reddascontractiorem.

1943 948 2052 1005 Nec
2083 951 2208 1006 illud
2246 953 2514 1024 perpende
2537 956 2681 1026 quod
2707 955 2874 1014 breve
2894 969 3104 1031 tempus
3122 971 3248 1031 est;
3275 963 3374 1021 sed
3405 965 3535 1022 illud

1943 1040 2223 1096 considera
2255 1043 2395 1113 quod
2438 1045 2702 1118 benignus
2739 1057 2825 1104 est
2864 1049 3139 1109 Dominus.
3185 1053 3540 1128 Quandoqui-

1943 1128 2140 1186 demet
2163 1131 2407 1190 Ninivita:
2457 1137 2614 1192 tridui
2660 1139 2833 1210 spatio
2877 1149 3080 1201 tantam
3107 1143 3242 1199 iram
3272 1145 3370 1202 Dei
3399 1161 3432 1201 a
3474 1162 3538 1204 se

1942 1220 2304 1291 depulerunt,
2347 1241 2448 1280 nec
2472 1226 2678 1283 obstitit
2704 1229 2813 1284 illis
2843 1234 3098 1302 temporis
3123 1235 3365 1305 angustia
3389 1277 3406 1302 ,
3436 1234 3537 1294 sed
3597 1251 3604 1258 '

1940 1312 2105 1366 animi
2133 1316 2877 1390 promptitudo,.'amplectcns
2894 1322 3100 1378 Domini
3125 1324 3534 1396 benignitatem,

1942 1412 2111 1457 totum
2140 1421 2394 1476 peragere
2415 1408 2581 1475 valuit
2608 1409 2755 1483 (Ion.
2789 1412 2866 1482 3).
2897 1412 2962 1467 Et
2987 1416 3240 1470 meretrix
3267 1416 3360 1472 illa
3381 1418 3534 1474 brevi

1942 1498 2196 1566 temporis
2236 1511 2544 1569 momento,
2598 1518 2721 1558 eum
2761 1504 2830 1559 ad
2868 1504 3141 1562 Christum
3183 1509 3531 1577 accessisset,

1939 1589 2116 1642 omnia
2145 1591 2336 1659 probra
2363 1592 2518 1647 diluit
2543 1593 2698 1662 (Luc.
2727 1596 2803 1667 7).
2831 1597 2968 1664 Quin
2998 1607 3054 1653 et
3083 1599 3534 1660 calumniantibus

1938 1677 2159 1744 Iudaeis,
2184 1681 2326 1750 quod
2358 1683 2500 1737 illam
2527 1684 2853 1752 admisisset,
2885 1696 3192 1760 tantamque
3215 1693 3536 1761 prtebuisset

1940 1762 2186 1818 fiduciam
2210 1805 2227 1830 ,
2271 1766 2522 1822 Christus
2566 1770 2671 1824 illis
2697 1772 2911 1840 quidem
2953 1773 3228 1829 silentium
3258 1777 3533 1847 imposuit,

1938 1854 2078 1910 hanc
2105 1871 2234 1911 vero
2259 1859 2415 1913 malis
2437 1861 2687 1916 omnilms
2728 1863 3045 1931 liberatam,
3074 1867 3533 1942 comprobatoque

1937 1944 2082 2001 illius
2105 1947 2302 2015 studio,
2343 1950 2660 2006 ita‘domutn
2687 1954 2913 2008 remisit.
2961 1955 3098 2024 Quid
3144 1956 3219 2012 ita
3261 1959 3528 2023 tandem?

1939 2037 2199 2104 Quoniam
2228 2039 2449 2097 ferventi
2487 2044 2684 2109 animo,
2719 2055 2773 2100 et
2800 2046 3044 2118 ﬂagranti
3067 2051 3253 2116 corde,
3291 2052 3533 2109 ardenti-

1939 2145 2043 2200 que
2080 2132 2306 2186 accessit
2350 2133 2454 2188 fide
2476 2175 2491 2199 ,
2530 2146 2851 2207 sanctosque
2893 2139 3011 2195 illos
3050 2155 3113 2196 ac
3147 2157 3331 2198 sacros
3358 2145 3534 2216 attigit

1935 2221 2120 2291 pedes,
2151 2223 2337 2276 solutis
2364 2226 2588 2294 capillis,
2622 2225 2856 2283 fontibus
2882 2230 3239 2303 lacrymarum
3267 2248 3337 2289 ex
3360 2237 3534 2292 oculis

1935 2313 2147 2369 emissis
2168 2356 2184 2382 ,
2213 2325 2482 2386 unguento
2510 2317 2746 2388 profuso.

2008 2405 2327 2463 Panitentite
2353 2413 2553 2465 modus.
2593 2441 2668 2453 —-
2714 2413 2928 2469 Etenim
2969 2431 3066 2486 per
3101 2433 3223 2489 quae
3249 2419 3534 2491 decepth

1936 2497 2216 2565 homines,
2259 2517 2358 2571 per
2390 2502 2576 2559 eadem
2620 2508 2825 2574 paravit
2864 2509 3101 2565 remedia
3154 2514 3482 2582 pteuitentize
3516 2533 3530 2570 :

1935 2604 2033 2660 per
2068 2607 2188 2660 qua:
2215 2605 2464 2648 avocarat
2491 2595 2674 2650 oculos
2716 2597 3218 2669 intemperantiam,
3271 2619 3370 2674 per
3416 2605 3534 2663 haec

1935 2686 2114 2741 emisit
2135 2688 2399 2759 lacrymas
2429 2706 2443 2742 :
2467 2705 2563 2759 per
2590 2691 2813 2760 capillos
2838 2704 2954 2748 arte
2976 2697 3304 2767 compositos
3333 2699 3532 2754 multos

1936 2777 2180 2832 illexerat
2221 2777 2286 2832 ad
2317 2789 2590 2849 peccatum
2615 2821 2632 2847 ,
2676 2798 2770 2852 per
2808 2776 3027 2839 eosdem
3076 2786 3243 2855 pedes
3277 2787 3534 2844 abstersit

1935 2867 2148 2922 Christi.
2197 2867 2476 2938 Unguento
2516 2874 2711 2926 multos
2753 2873 3056 2938 inescarat,
3109 2892 3205 2946 per
3230 2877 3335 2933 hoc
3367 2880 3533 2950 pedes

1935 2959 2078 3013 illius
2107 2959 2276 3014 unxit.
2322 2960 2557 3017 Proinde
2588 2974 2640 3018 et
2677 2973 2730 3018 tu
2760 2980 2901 3021 nunc
2927 2967 3131 3036 quibus,
3151 2969 3312 3024 rebus
3336 2985 3532 3039 provo-

1933 3054 2067 3106 casti
2097 3052 2286 3118 Deum,
2317 3069 2413 3123 per
2441 3053 2537 3135 has
2565 3071 2775 3111 rursum
2803 3057 2962 3112 facito
2992 3061 3299 3129 propitium.
3331 3062 3533 3119 Provo-

1933 3148 2067 3199 easti
2124 3145 2271 3200 illum
2326 3147 2669 3216 pecuniarum
2725 3149 2939 3218 rapina,
2989 3166 3085 3220 per
3126 3135 3348 3225 easdem
3378 3154 3529 3209 illum

1934 3237 2217 3292 reconcilia
2244 3278 2260 3301 ,
2311 3252 2541 3309 cumque
2581 3249 2635 3294 et
2677 3250 2826 3311 rapta
2871 3244 3178 3299 restitueris
3212 3245 3355 3315 illis,
3396 3261 3533 3317 quos

1925 3327 2126 3396 injuria
2152 3327 2444 3396 aﬂeceras,
2472 3339 2528 3385 et
2567 3331 2669 3386 alia
2731 3326 2950 3402 insuper
2996 3335 3270 3392 addideris
3293 3379 3310 3402 ,
3361 3338 3530 3396 dicito

1930 3419 2086 3490 juxta
2141 3417 2424 3476 Zachaeum
2456 3439 2471 3476 :
2501 3422 2667 3477 reddo
2698 3425 2715 3456 ³
2745 3426 3007 3492 omnium,
3036 3441 3157 3497 qua:
3190 3429 3363 3498 rapui,
3393 3445 3530 3500 qua-

1933 3510 2180 3581 druplum
2212 3510 2364 3584 (Lac.
2397 3513 2486 3569 l9.
2523 3513 2604 3583 8).
2654 3514 2960 3571 Provocasti
3003 3517 3182 3588 lingua
3209 3528 3264 3574 et
3302 3520 3531 3575 maledi-

1932 3605 2146 3673 centia,
2193 3605 2376 3660 multis
2418 3609 2739 3662 contumelia
2784 3608 3024 3675 affectis,
3069 3611 3304 3667 vicissim
3349 3613 3531 3684 lingua

1934 3698 2143 3768 placato
2165 3739 2182 3764 ,
2226 3712 2387 3768 puras
2415 3699 2668 3755 emittens
2697 3715 2914 3771 preces,
2945 3701 3267 3759 benedicens
3297 3705 3530 3760 maledi-

1932 3789 2199 3853 centibus,
2229 3789 2452 3845 laudans
2475 3792 2858 3861 vituperantes,
2877 3793 3078 3869 gratias
3097 3808 3263 3865 agens
3280 3795 3529 3866 injuriam

1933 3880 2303 3936 inferentibus.
2352 3881 2478 3936 llzec
2505 3897 2609 3937 non
2637 3893 2796 3953 egent
2829 3885 3011 3939 multis
3050 3885 3242 3942 diebus
3270 3888 3517 3955 aunisve,

1931 3972 2027 4028 sed
2051 3973 2167 4026 solo
2194 3973 2355 4027 animi
2385 3975 2693 4043 proposito,
2743 3984 2800 4030 et
2846 3977 3004 4031 unico
3033 3976 3121 4032 die
3158 3978 3528 4048 perficiuntur.

1935 4064 2158 4120 Discede
2184 4081 2214 4120 a
2242 4066 2384 4126 malo
2402 4103 2420 4133 ,
2463 4067 2710 4121 virtutem
2739 4070 3097 4138 amplectere,
3128 4072 3328 4128 desiste
3346 4089 3376 4127 a
3405 4090 3529 4145 pra-

1931 4159 2134 4213 vitate:
2170 4158 2418 4227 pollicere
2448 4168 2498 4213 te
2538 4160 2760 4228 posthac
2804 4160 2903 4215 ista
2948 4177 3052 4216 non
3091 4165 3526 4234 commissurum,

1931 4261 1986 4305 et
2012 4250 2150 4305 istud
2193 4242 2430 4306 sufficiet
2458 4251 2522 4305 ad
2553 4251 2970 4306 excusationem.
3026 4252 3140 4323 Ego
3173 4257 3431 4312 testificor
3467 4274 3532 4314 ac

1933 4344 2199 4415 fidejubeo
2243 4343 2391 4408 fore,
2418 4351 2477 4397 ut
2513 4345 2558 4399 si
2608 4353 2848 4399 nostrum
2888 4347 3114 4415 quisque
3136 4336 3241 4418 “qui
3295 4351 3531 4419 peccatis

1933 4437 2147 4491 obnoxii
2187 4450 2375 4490 sumus
2403 4435 2662 4490 recedens
2688 4451 2718 4490 a
2749 4436 2990 4506 pristinis
3013 4438 3166 4492 malis
3185 4479 3201 4505 ,
3241 4455 3310 4494 ex
3345 4442 3530 4497 animo

1933 4545 2162 4600 vereque
2210 4531 2480 4599 promittat
2518 4530 2626 4584 Deo
2669 4545 2729 4585 sc
2772 4540 2954 4600 postea
3003 4547 3290 4601 tntmqnam
3327 4534 3395 4589 ad
3439 4535 3530 4589 illa

1933 4624 2248 4688 rediturum,
2284 4623 2416 4677 nihil
2443 4623 2583 4676 aliud
2613 4624 2750 4677 Deus
2777 4624 3012 4693 requiret
3030 4624 3098 4678 ad
3124 4627 3528 4684 excusationem

1934 4717 2213 4783 majorem.
2244 4715 2508 4784 Benigtms
2533 4714 2675 4768 enim
2704 4722 2822 4778 est,
2849 4723 2904 4768 et
2925 4716 3374 4783 quemadmodum
3405 4734 3532 4789 par-

1933 4809 2139 4865 turiens
2161 4808 2309 4878 cupit
2335 4808 2463 4861 eniti
2505 4809 2667 4861 fetum
2693 4848 2708 4870 ,
2753 4807 2821 4860 ita
2869 4816 2923 4861 et
2959 4807 3045 4860 ille
3084 4809 3230 4877 cupit
3255 4809 3531 4868 effundere

1907 4919 2084 4959 suam
2112 4901 2531 4957 misericordiam
2566 4917 2580 4953 :
2613 4901 2706 4954 sed
2737 4900 2810 4953 illi
2841 4899 3049 4954 obstant
3079 4912 3294 4969 peccata
3320 4913 3524 4960 nostra.

1935 4996 2217 5051 Diruamus
2243 4994 2401 5062 igitur
2426 4991 2732 5057 maceriam,
2756 5001 2914 5060 atque
2938 5007 3002 5044 ex
3027 4990 3129 5044 hoc
3153 4990 3262 5060 jam
3283 5001 3527 5062 tempore

1935 5090 2130 5144 festum
2157 5088 2514 5156 suspicemur,
2545 5085 2709 5138 hosce
2730 5083 2842 5138 dies
2858 5083 3090 5152 quinque
3113 5085 3342 5153 negotiis
3365 5088 3534 5140 cumi-

1939 5183 2038 5236 bus
2063 5181 2240 5235 valere
2266 5179 2428 5248 jussis
2450 5219 2465 5243 ,
2498 5177 2671 5230 valeat
2702 5175 2872 5229 formn
2897 5217 2911 5237 ,
2939 5175 3111 5229 valeat
3138 5178 3290 5231 curia
3313 5219 3325 5242 ,
3359 5177 3532 5234 faces-

1937 5280 2058 5327 sant
2102 5269 2386 5325 mundana:
2435 5283 2578 5323 cura:
2625 5282 2743 5322 cum
2794 5267 2962 5336 pactis
3009 5274 3063 5320 et
3112 5270 3527 5324 contractibus:

1937 5365 2167 5418 animam
2193 5378 2364 5418 meam
2393 5376 2608 5417 servare
2644 5360 2821 5428 cupio.
2857 5359 2993 5423 Quid
3030 5360 3234 5429 prodest
3266 5361 3459 5416 homini
3484 5365 3531 5417 si

1937 5465 2095 5509 totum
2123 5454 2364 5507 mundum
2388 5454 2610 5510 lucretur
2628 5492 2641 5513 ,
2682 5451 2868 5503 anima:
2903 5466 3016 5503 vero
3044 5467 3151 5503 sua:
3178 5451 3534 5507 detrimentum

1940 5547 2166 5616 patiatur
2190 5543 2400 5616 (Matth.
2424 5543 2507 5598 l6.
2531 5540 2659 5610 26)?
2685 5541 2896 5611 Egressi
2923 5550 3047 5605 sunt
3072 5556 3099 5592 a
3134 5541 3352 5596 Perside
3372 5540 3531 5612 Magi,

1939 5635 2196 5707 egredere
2239 5645 2293 5690 tu
2321 5651 2353 5693 e
2381 5631 2714 5711 temporariis
2757 5631 3021 5704 negotiis,
3066 5631 3134 5687 ad
3171 5631 3354 5689 Jcsum
3403 5649 3528 5705 pro.

2007 5830 2022 5862 ί
2057 5828 2254 5906 Quidatn
2279 5836 2404 5889 5:55.,
2430 5825 2652 5878 reddam.
