4186 6326
729 355 834 413 755

720 482 956 529 ttciscere
995 488 1010 529 :
1048 486 1152 526 non
1196 476 1279 526 est
1320 468 1536 541 iongum
1580 473 1913 532 intervallum
1963 475 2007 530 si
2052 477 2297 533 velimus.

718 564 831 619 Non
860 564 999 619 enim
1024 577 1243 619 necesse
1266 573 1347 619 est
1369 565 1618 634 trajicere
1644 582 1812 630 mare,
1839 583 2011 639 neque
2039 570 2297 623 montium

714 673 968 727 superare
995 658 1290 725 cacumina,
1319 658 1413 713 sed
1434 658 1576 713 domi
1608 660 1820 726 sedens,
1850 660 1892 714 si
1926 662 2172 730 pietatem
2204 676 2301 716 ex-

715 748 941 812 hibeas,
997 749 1324 818 multamque
1366 749 1541 803 cordis
1592 753 2096 821 compunctiOnem,
2146 763 2299 835 potes

715 840 865 893 illum
893 840 1071 895 videre
1092 882 1105 899 .
1152 848 1303 908 potes
1334 849 1493 894 totam
1521 843 1736 897 diruere
1765 844 2048 897 maceriam
2074 884 2090 909 ,
2128 852 2296 897 totum

713 932 1034 987 submovere
1062 932 1417 999 obstaculum,
1445 932 1756 988 abbreviare
1774 934 1869 987 via:
1890 936 2296 1005 longitudinem.

712 1020 853 1075 Deus
890 1022 1021 1075 enim
1044 1063 1060 1087 ,
1103 1022 1303 1092 inquit,
1353 1024 1769 1093 appmpinquans
1796 1041 1886 1095 ego
1915 1042 2025 1078 sum
2052 1068 2067 1091 ,
2109 1036 2155 1079 et
2198 1043 2296 1080 non

712 1111 852 1166 Deus
893 1113 1070 1182 procul
1104 1113 1315 1177 Herem.
1341 1113 1431 1169 23.
1472 1114 1564 1184 25)
1586 1155 1602 1180 ,
1642 1124 1715 1182 et,
1749 1113 2001 1169 Dominus
2035 1133 2193 1185 prope
2227 1128 2299 1170 est

711 1204 940 1258 omnibus
960 1202 1301 1259 invocantibus
1328 1208 1495 1276 ipsum
1520 1208 1571 1260 in
1600 1208 1805 1261 veritate
1832 1206 2003 1278 (Psal.
2032 1209 2153 1263 144.
2186 1209 2295 1277 18).

714 1292 863 1348 Nunc
886 1304 1060 1350 autem
1090 1296 1241 1350 multi
1268 1296 1509 1355 ﬁdelium.
1535 1297 1587 1351 in
1619 1306 1816 1351 tantam
1845 1298 2148 1352 vecordiam
2180 1308 2295 1351 tan-

716 1390 1153 1454 tumque'venere
1182 1395 1579 1455 contemptum,
1614 1397 1673 1441 ut
1704 1403 1823 1442 cum
1856 1388 2147 1441 innumeris
2176 1403 2297 1442 sca-

712 1480 857 1527 teant
881 1474 1034 1527 malis
1055 1516 1071 1539 ,
1116 1475 1418 1544 nullamque
1447 1477 1566 1532 vita:
1593 1494 1705 1533 suae
1731 1476 1912 1532 curam
1943 1477 2207 1543 habeant,
2244 1478 2294 1531 iu

711 1563 898 1620 diebus
925 1566 1071 1620 feStis
1099 1567 1429 1637 negligenter
1455 1584 1518 1623 ac
1545 1579 1744 1623 temere
1779 1568 1845 1623 ad
1880 1584 2118 1624 mensam
2161 1569 2296 1623 hanc

711 1655 986 1721 accedant,
1018 1656 1157 1710 haud
1186 1658 1557 1727 intelligentes,
1586 1658 1723 1728 quod
1751 1660 2140 1717 communionis
2162 1667 2298 1713 tem-

713 1762 812 1815 pus
838 1764 943 1801 non
965 1761 1045 1803 est
1075 1748 1287 1816 festum,
1318 1765 1491 1822 neque
1519 1752 1827 1817 celebritas,
1856 1753 1952 1808 sed
1975 1754 2296 1810 conscientia

710 1853 877 1907 pura,
923 1840 1133 1909 vitaque
1170 1856 1199 1894 a
1237 1842 1470 1910 peccatis
1509 1852 1815 1912 repurgata.
1861 1844 2010 1899 Sicut
2038 1846 2179 1899 enim
2208 1845 2296 1915 qui

709 1928 810 1983 sibi
844 1929 1038 2003 nullius
1081 1931 1203 1986 mali
1232 1933 1476 1987 conscius
1503 1944 1585 1987 est
1606 1974 1619 1997 ,
1659 1933 1800 1988 hunc
1837 1944 2049 2004 oportet
2077 1936 2296 2005 singulis

709 2018 898 2074 diebus
919 2019 1212 2085 accedere;
1255 2021 1332 2075 sic
1368 2021 1459 2091 qui
1484 2023 1717 2092 peccatis
1746 2035 2034 2093 occupatus
2064 2034 2167 2091 est,
2197 2041 2297 2081 nec

712 2114 951 2179 parum,
979 2127 1098 2165 eum
1128 2127 1195 2166 ne
1226 2112 1279 2166 in
1306 2112 1455 2166 festis
1475 2114 1688 2183 quidem
1718 2115 1971 2171 accedere
1994 2127 2163 2171 tutum
2192 2126 2293 2171 est.

708 2201 890 2270 Neque
919 2203 1058 2257 enim
1091 2204 1256 2258 semel
1300 2203 1353 2258 in
1398 2219 1540 2259 anno
1581 2207 1836 2262 accedere
1859 2249 1874 2274 ,
1922 2208 2107 2263 liberat
2141 2225 2238 2263 nos
2265 2226 2295 2263 a

709 2293 939 2362 peccatis
962 2334 977 2358 ,
1024 2294 1068 2346 si
1112 2294 1327 2364 indigne
1364 2297 1744 2351 accesserimus
1774 2316 1786 2351 :
1819 2300 1943 2369 quin
1994 2300 2094 2354 hoc
2124 2302 2295 2371 ipsum

711 2384 883 2452 potius
912 2392 1070 2454 auget
1094 2384 1489 2440 damnationem
1509 2428 1523 2450 ,
1571 2388 1711 2457 quod
1738 2404 1860 2445 cum
1889 2391 2059 2445 semel
2091 2401 2293 2447 tantum

705 2474 1057 2541 accedamus,
1101 2492 1169 2531 ne
1216 2484 1327 2531 tum
1374 2478 1588 2548 quidem
1634 2494 1764 2549 pure
1805 2482 2126 2536 accedimus.
2157 2484 2291 2550 Qua-

709 2575 926 2634 propter
968 2564 1227 2621 adhortor
1254 2582 1350 2622 vos
1393 2582 1583 2624 omnes
1630 2585 1699 2624 ne
1744 2571 2091 2640 negligenter,
2132 2574 2297 2628 veluti

706 2655 844 2716 festo
868 2654 956 2710 die
980 2666 1204 2725 cogente
1224 2698 1239 2725 ,
1277 2649 1347 2712 ad
1373 2658 1551 2714 divina
1577 2661 1829 2729 mysteria
1866 2661 2133 2716 accedatis
2152 2703 2168 2730 ,
2198 2664 2295 2719 Sed

705 2747 751 2800 si
789 2747 1004 2816 quando
1033 2747 1190 2815 hujus
1218 2764 1383 2804 sacrae
1423 2749 1607 2805 hostiae
1636 2751 1797 2805 futuri
1832 2751 2118 2822 participes
2143 2756 2292 2819 estis,

705 2838 887 2892 multis
928 2849 1054 2893 ante
1094 2839 1283 2894 uiebus
1327 2842 1621 2912 repurgetis
1651 2857 1746 2898 vos
1781 2844 1925 2913 ipsos
1955 2842 1973 2875 ¹
2001 2860 2099 2917 per
2126 2846 2295 2915 νωιιί-

706 2934 955 2997 teutiam,
986 2932 1421 3002 precationemct
1447 2934 1858 3007 eleemosynam,
1894 2952 2094 3007 perque
2134 2938 2293 3006 Spiri-

705 3025 902 3079 tualem
928 3024 1380 3091 exercitationem,
1412 3041 1510 3080 nec
1538 3026 1714 3081 denuo
1733 3028 2117 3083 convertamini
2145 3029 2294 3083 canis

707 3117 759 3171 in
784 3132 987 3172 morem
1013 3116 1077 3170 ad
1107 3117 1374 3187 proprium
1403 3118 1680 3173 vomitum.
1714 3120 1905 3175 Annon
1935 3121 2079 3175 enim
2107 3107 2313 3174 absur-'

703 3208 828 3263 dum
871 3217 1071 3262 tantam
1116 3207 1314 3263 habere
1353 3223 1534 3262 curam
1586 3224 1766 3264 rerum
1796 3210 2149 3279 corporalium
2175 3252 2190 3277 ,
2237 3220 2295 3265 ut

702 3308 985 3366 appetente
1032 3297 1169 3352 festo
1205 3297 1385 3353 multis
1426 3308 1552 3353 ante
1577 3298 1765 3353 diebus
1790 3310 1992 3355 vestem
2021 3316 2052 3355 e
2081 3302 2293 3357 scriniis

703 3388 1116 3458 pulcherrimam
1144 3389 1426 3460 diligenter
1454 3404 1702 3459 appares,
1730 3405 1879 3445 emas
1908 3392 2288 3459 calceamenta,

702 3493 888 3532 mensa
918 3479 1115 3549 largior
1130 3479 1563 3550 splendidiorque
1589 3490 1822 3550 paretur,
1845 3482 2074 3557 denique
2092 3485 2289 3542 variam

703 3571 1043 3641 undiquaque
1086 3587 1266 3627 rerum
1313 3572 1523 3642 copiam
1569 3574 1877 3644 exeogites,
1934 3578 2290 3647 omnibusque

702 3663 875 3717 modis
898 3664 1233 3733 temetipsum
1271 3679 1428 3718 ornes
1445 3705 1461 3729 ,
1488 3663 1816 3733 nitidumque
1841 3666 2033 3722 reddas
2062 3686 2074 3721 :
2099 3668 2290 3723 anima:

700 3769 831 3808 vero
875 3754 1131 3823 neglectae
1151 3794 1168 3822 ,
1211 3753 1478 3809 sordentis
1501 3796 1517 3821 ,
1554 3755 1807 3824 squalida:
1826 3797 1842 3821 ,
1873 3756 2009 3811 fame
2032 3758 2288 3813 contabe-

699 3847 899 3901 scentis
938 3846 1141 3899 nullum
1183 3845 1380 3901 habeas
1409 3855 1711 3916 respectum
1753 3863 1875 3901 cum
1920 3848 2034 3902 sola
2078 3859 2290 3904 maneat

701 3941 931 4009 impura,
961 3953 1024 3994 ac
1046 3952 1241 4008 corpus
1260 3936 1474 4008 quidem
1500 3937 1724 3993 nitidum
1750 3938 1855 3995 huc
1878 3932 2134 4008 adducas,
2164 3942 2283 3996 aui-

760 4119 775 4148 ί
814 4123 963 4165 Deest
986 4118 1034 4165 in
1051 4114 1337 4179 quibusdam
1351 4121 1479 4176 Mss,
1502 4125 1583 4165 vos
1604 4113 1750 4178 ipsos.

1461 363 1517 419 S.
1551 364 1836 422 JOANNIS
1863 360 2345 419 CIIRYSOSTOMI
2386 364 2704 421 ARCHIEP.
2746 365 3280 427 CONS'I‘AN‘I’INOP.

3899 376 3995 435 756

2410 494 2549 531 mam
2572 495 2700 533 vero
2730 481 2924 534 nudam
2954 480 3317 553 incultamque
3336 484 3360 538 ?
3381 486 3539 556 Atqui
3568 502 3763 557 corpus
3778 493 3992 562 quidem

2405 569 2551 624 videt
2592 586 2924 639 conservus,
2977 589 3151 643 neque
3201 577 3490 645 quidquam
3542 589 3624 633 est
3667 580 3989 649 detrimenti,

2407 659 2909 729 quomodocumque
2952 661 3111 716 fuerit
3150 663 3388 718 habitum
3416 683 3430 717 :
3460 667 3602 721 illam
3630 679 3805 725 autem
3847 673 3993 727 videt

2406 748 2699 813 Dominus,
2753 751 2843 819 qui
2891 753 3203 821 gravissime
3253 755 3407 823 punit
3460 760 3853 828 negligentiam.
3912 764 3989 817 An

2404 839 2621 892 nescitis
2645 840 2786 909 quod
2812 842 2925 896 haec
2956 858 3141 897 mensa
3169 845 3322 914 plena
3350 858 3433 900 est
3462 848 3582 916 igne
3616 852 3875 920 spirituah
3896 894 3911 918 ,
3940 864 3993 909 et

2403 930 2848 998 quemadmodum
2892 931 3067 986 fontes
3109 949 3260 1002 aqua:
3291 937 3401 990 vim
3440 938 3705 994 exundant
3733 982 3746 1006 ,
3778 943 3847 997 ita
3884 943 3991 999 hzec

2403 1017 2669 1073 ﬂammam
2700 1021 2981 1089 quamdam
3014 1023 3173 1079 habet
3199 1040 3447 1081 arcanam
3475 1029 3498 1081 ?
3522 1028 3598 1084 Ne
3629 1031 3788 1099 igitur
3813 1049 3989 1089 acces-

2403 1111 2540 1165 seris
2566 1112 2816 1181 stipulam
2855 1113 3083 1169 aﬁ'erens
3105 1156 3122 1181 ,
3164 1131 3273 1171 non
3313 1117 3452 1187 ligna
3478 1161 3493 1185 ,
3524 1137 3628 1175 non
3659 1121 3853 1178 foenum
3878 1166 3895 1191 ,
3927 1143 3992 1182 ne

2401 1213 2595 1268 augeas
2636 1200 2937 1256 incendium
2966 1245 2981 1270 ,
3029 1220 3329 1275 exurasque
3373 1208 3608 1264 animam
3646 1213 3993 1270 ad‘commu-

2402 1291 2615 1345 nionem
2652 1294 2994 1349 accedentem
3032 1313 3044 1348 :
3073 1297 3167 1351 sed
3204 1298 3399 1353 accede
3427 1300 3607 1357 ferens
3636 1304 3835 1377 lapides
3860 1322 3988 1377 pre-

2401 1381 2568 1435 tiosos
2591 1423 2604 1443 ,
2635 1398 2854 1449 aurum,
2884 1384 3164 1454 argentum
3186 1430 3200 1451 ,
3224 1404 3331 1457 quo
3358 1392 3629 1458 puriorem
3658 1395 3849 1450 reddas
3874 1412 3989 1449 ma-

2402 1471 2590 1524 teriam
2616 1513 2631 1536 ,
2673 1474 2947 1543 multoque
2974 1492 3095 1530 cum
3140 1477 3291 1533 lucro
3334 1480 3599 1536 discedas.
3630 1484 3683 1537 Si
3713 1486 3835 1554 quid
3864 1486 3990 1541 mali

2400 1572 2485 1617 est
2503 1603 2519 1629 ,
2551 1564 2734 1633 abigas
2758 1565 2826 1618 ab
2850 1567 3050 1622 animo.
3083 1569 3255 1625 Habet
3275 1572 3394 1643 quis
3422 1573 3694 1630 inimicum
3712 1619 3725 1641 ,
3758 1580 3994 1647 graviter

2401 1652 2558 1707 laesus
2583 1663 2667 1708 est
2685 1696 2699 1717 ,
2731 1656 2903 1711 solvat
2930 1659 3275 1726 simultatem,
3305 1673 3555 1718 coerceat
3579 1666 3817 1721 animum
3841 1684 3993 1721 exar-

2399 1742 2708 1798 descentem
2754 1745 3309 1819 intumescentenique
3331 1793 3346 1816 ,
3390 1767 3459 1807 ne
3484 1754 3605 1823 quis
3629 1755 3701 1809 sit
3729 1757 3873 1810 intus
3906 1768 3989 1811 tu-

2399 1834 2598 1887 multus
2641 1842 2734 1888 aut
2781 1836 3132 1904 perturbatio.
3182 1839 3382 1910 Regem
3424 1843 3569 1897 enim
3596 1855 3917 1914 excepturus
3936 1863 3996 1903 es

2401 1940 2499 1993 per
2539 1931 2969 1981 communionem
3001 1946 3014 1982 :
3044 1944 3165 1983 eum
3205 1941 3382 1986 autem
3430 1949 3525 1987 rex
3556 1934 3856 2005 ingreditur
3881 1939 3995 1991 ani-

2398 2029 2562 2080 mam,
2594 2024 2804 2085 oportet
2832 2032 3076 2087 magnam
3100 2034 3219 2074 esse
3250 2023 3705 2091 tranquillitatem,
3736 2027 3998 2081 multum-

2401 2121 2503 2174 que
2528 2106 2822 2174 silentium,
2855 2108 3176 2178 profundam
3202 2113 3583 2183 cogitationum
3605 2117 3861 2185 quietem.
3889 2118 3995 2173 Sed

2399 2200 2653 2255 atrociter
2674 2200 2831 2256 latsus
2851 2216 2929 2266 es,
2960 2217 3059 2258 nec
3084 2212 3234 2273 potes
3260 2205 3391 2259 iram
3410 2209 3703 2262 remittere.
3732 2209 3814 2263 An
3837 2209 3998 2279 igitur

2401 2288 2625 2357 teipsum
2651 2292 2820 2359 magis
2844 2292 3004 2347 etiam
3036 2304 3090 2349 et
3118 2295 3336 2364 gravius
3367 2296 3573 2351 laedes?
3616 2298 3800 2368 Neque
3841 2302 3990 2355 enim

2399 2382 2562 2433 tantis
2588 2382 2741 2437 malis
2769 2392 2820 2438 te
2866 2384 3064 2440 afﬁciet
3102 2386 3352 2442 inimicus
3391 2404 3742 2459 quaecumque
3781 2391 3991 2455 fecerit,

2400 2471 2592 2539 quibus
2632 2474 2859 2541 teipsum
2884 2474 3052 2530 afﬁeis
3074 2518 3087 2540 ,
3140 2477 3185 2530 si
3226 2494 3331 2532 non
3366 2478 3440 2532 illi
3468 2481 3865 2547 reconcilieris,
3899 2483 3997 2537 sed

2400 2559 2496 2615 Dei
2525 2559 2670 2630 leges
2708 2563 3065 2619 conculcaris.
3106 2564 3199 2619 ille
3231 2574 3284 2621 te
3310 2569 3635 2623 contumelia
3664 2570 3879 2636 affecit,
3909 2571 3997 2626 dic

2400 2650 2550 2715 mihi,
2582 2668 2705 2706 num
2730 2663 2783 2706 tu
2805 2654 2925 2709 ideo
2958 2656 3121 2709 Deum
3152 2657 3357 2713 afﬁcies
3383 2661 3750 2716 contumelia?
3778 2662 3998 2717 Etenim

2400 2756 2506 2795 non
2539 2743 2778 2811 recipere
2825 2744 2876 2797 iu
2923 2745 3145 2813 gratiam
3173 2761 3295 2801 eum
3336 2749 3425 2818 qui
3464 2749 3763 2804 molestiam
3794 2753 3997 2819 attulit,

2401 2846 2507 2885 non
2540 2841 2645 2886 tam
2672 2842 2753 2887 est
2792 2834 2937 2887 illum
2967 2835 3187 2901 ulcisci,
3218 2852 3376 2906 quam
3418 2839 3635 2893 afﬁcere
3666 2842 3998 2895 contumelia

2400 2920 2566 2975 Deum
2590 2963 2608 2991 ,
2654 2923 2787 2992 legis
2817 2923 2973 2994 hujus
3017 2934 3310 2982 auctorem.
3357 2928 3589 2983 Proinde
3625 2946 3694 2985 ne
3732 2932 3998 3000 respicias

2401 3015 2469 3070 ad
2499 3031 2813 3072 conservum
2834 3056 2849 3083 ,
2892 3033 3063 3087 neque
3102 3019 3171 3073 ad
3208 3020 3626 3090 magnitudinem
3655 3022 3998 3091 injuriarum,

2398 3122 2531 3177 quas
2576 3107 2751 3161 intulit
2793 3098 2925 3171 ille,
2977 3109 3073 3163 sed
3113 3110 3318 3177 Deum,
3370 3111 3619 3182 illiusque
3664 3113 3917 3169 timorem
3946 3116 4000 3169 in

2396 3201 2575 3255 animo
2598 3201 2821 3268 habens,
2856 3202 2907 3256 id
2939 3211 3112 3257 tecum
3139 3214 3348 3273 reputa,
3377 3216 3427 3258 te
3456 3192 3691 3275 quo‘maj
3706 3222 3857 3261 orem
3888 3210 4001 3263 vim

2396 3295 2698 3349 admoveris
2743 3296 2923 3350 animo
2967 3303 3097 3362 tuo,
3144 3305 3264 3366 post
3306 3297 3583 3353 innumera
3628 3299 3766 3353 mala
3791 3315 4000 3370 cogens

2397 3386 2544 3440 illum
2574 3384 2747 3439 redire
2772 3386 2824 3439 in
2846 3386 3067 3455 gratiam
3088 3392 3208 3440 cum
3232 3401 3320 3451 eo,
3348 3388 3436 3456 qui
3458 3389 3763 3443 molestiam
3792 3390 4001 3456 intulit,

2398 3487 2544 3533 tanto
2574 3480 2746 3548 majus
2777 3479 3052 3546 praemium
3079 3479 3311 3533 laturum
3336 3494 3365 3532 a
3393 3479 3503 3533 Deo
3526 3520 3541 3543 ,
3572 3480 3663 3550 qui
3706 3481 3823 3535 hmc
3853 3497 4003 3550 pne-

2395 3570 2557 3640 cepit.
2595 3570 2660 3626 Et
2688 3569 2826 3624 sicut
2853 3568 2938 3623 hic
2969 3569 3134 3624 Deum
3161 3570 3362 3639 excipis
3391 3570 3562 3624 multo
3599 3585 3721 3624 cum
3763 3570 3999 3640 honore,

2394 3660 2474 3716 sic
2493 3668 2545 3714 et
2574 3660 2687 3728 ipse
2714 3667 2766 3714 te
2796 3660 2904 3714 illic
2930 3660 3095 3713 multa
3122 3675 3244 3713 cum
3269 3659 3439 3730 gloria
3466 3660 3736 3729 excipiet,
3764 3662 3995 3717 reddet-

2393 3765 2498 3819 que
2533 3749 2627 3804 tibi
2666 3749 3019 3819 millecuplam
3066 3749 3222 3804 istius
3268 3748 3588 3806 obedientia:
3632 3751 3945 3806 mercedem
3985 3772 3998 3807 :

2393 3856 2554 3910 quam
2602 3841 2755 3895 nobis
2803 3840 3051 3895 omnibus
3092 3840 3310 3910 assequi
3357 3841 3670 3911 contingat,
3720 3844 3894 3912 gratia
3944 3858 4003 3899 et

2392 3932 2983 4003 benignitate‘Domini
3032 3934 3201 3988 nostri
3248 3933 3377 3988 .Iesu
3426 3933 3659 4000 Christi,
3709 3950 3836 3990 cum
3887 3952 4003 4007 quo

2390 4022 2562 4092 gloria
2609 4024 2677 4077 sit
2723 4022 2900 4087 Patri,
2943 4022 3154 4089 honor,
3200 4023 3482 4091 imperium
3508 4033 3563 4077 et
3592 4024 3873 4091 adoratio,
3918 4028 4001 4081 si-

2392 4112 2608 4181 mulque
2635 4124 2822 4167 sancto
2848 4112 3068 4181 Spiritui
3100 4113 3151 4166 in
3176 4113 3370 4167 saecula
3400 4113 3718 4167 smculorum
3742 4153 3758 4180 ,
3792 4120 3975 4171 Anien

697 4339 760 4383 IN
807 4339 946 4395 EOS,
993 4339 1103 4392 QUI
1145 4339 1231 4381 AD
1274 4338 1558 4383 SYNAXIM
1600 4338 1731 4383 NON
1772 4337 2258 4393 OCCUBRERUNT,
2318 4338 2400 4380 ET
2452 4336 2623 4390 QUOD
2680 4337 2887 4381 FILIUS
2943 4338 3133 4381 PATRI
3195 4340 3295 4383 SIT
3347 4338 3999 4397 CONSUBSTANTIALIS,

778 4440 1295 4498 DFMONSTRATIO,
1341 4440 1643 4493 QUODQUE
1687 4442 1791 4496 EA,
1838 4440 1981 4493 ρυλε
2027 4439 2292 4502 nonum

2397 4474 2399 4479 .
2462 4439 2543 4481 AB
2580 4438 2661 4481 EO
2705 4439 2895 4482 DICTA
2923 4440 3086 4482 SUNT
3119 4440 3201 4482 ET
3243 4439 3469 4492 FACTA,
3515 4440 3642 4483 NON
3699 4439 4002 4507 PROPTEII

776 4542 1320 4587 IMBECILLI'I‘ATEM
1362 4542 1717 4597 POTENTIE,
1765 4541 1885 4584 VEL
1926 4540 2010 4583 UT
2051 4538 2255 4582 MINOR
2297 4539 2691 4593 CENSEATUR,
2735 4538 2940 4580 FACTA
2981 4537 3122 4580 SINT
3156 4539 3237 4579 ET
3279 4538 3466 4580 DIC'I‘A
3493 4564 3508 4591 ,
3556 4538 3671 4580 SED
3698 4537 4003 4581 PROPTER

779 4643 1077 4687 DIVERSAS
1138 4642 1650 4688 DISPENSATIONIS
1704 4640 2014 4684 RATIONES
2059 4642 2074 4682 2

776 4748 1098 4801 quauren.

2141 4640 2228 4682 EX.
2269 4638 2733 4682 DISPUTATIONE
2777 4638 2860 4680 DE
2888 4637 3581 4695 ‘INCOIPREHENSIBILI,
3627 4639 3708 4681 ET
3750 4636 4001 4684 CONSE-

2110 4864 2551 4902 mm

1238 5023 1457 5065 HOIILIA
1493 5021 1721 5063 SEPTIIA
1730 5048 1743 5062 .

769 5189 819 5242 l.
851 5186 1047 5241 lterum
1084 5184 1339 5238 circensia
1366 5223 1380 5245 ,
1429 5184 1727 5252 iterumque
1774 5183 1927 5239 nobis
1970 5183 2283 5238 imminutus

696 5288 778 5335 est
818 5287 1110 5333 conventus
1143 5293 1155 5327 :
1185 5276 1292 5329 imo
1316 5290 1447 5330 vero
1477 5276 1727 5343 quamdiu
1752 5290 1846 5329 vos
1889 5275 2089 5330 adestis
2109 5318 2123 5341 ,
2168 5277 2280 5331 ﬁeri

696 5344 879 5435 nequit
898 5410 912 5431 ,
953 5376 1010 5421 ut
1042 5366 1402 5420 imminuatur.
1448 5364 1580 5417 Nam
1610 5366 1745 5419 sicut
1775 5366 2001 5434 agricola
2028 5365 2075 5418 si
2102 5366 2282 5434 fruges

696 5461 903 5515 adultas
944 5459 1137 5513 viderit
1171 5467 1223 5512 et
1261 5466 1493 5510 maturas
1518 5497 1532 5521 ,
1565 5457 1705 5525 quod
1750 5457 1940 5511 cadant
1967 5457 2088 5511 folia
2114 5497 2129 5522 ,
2177 5474 2280 5512 non

698 5554 981 5611 admodum
1026 5564 1215 5608 curat:
1244 5553 1323 5606 sic
1367 5552 1614 5605 nimirum
1646 5560 1701 5605 et
1724 5567 1823 5619 ego
1846 5592 1861 5617 ,
1915 5565 2037 5604 cum
2081 5549 2282 5606 fructus

698 5648 852 5702 nobis
880 5645 1050 5706 adsit.
1100 5659 1203 5698 non
1248 5644 1319 5696 ita
1346 5643 1503 5697 doleo
1530 5684 1545 5708 ,
1577 5642 1701 5696 dum
1749 5642 1871 5696 folia
1915 5641 2069 5696 nobis
2114 5641 2281 5709 abripi

697 5755 880 5794 cerno.
937 5738 1061 5792 Mihi
1117 5736 1327 5805 quidem
1382 5746 1598 5804 propter
1651 5737 1857 5791 illorum
1908 5734 2283 5805 negligentiam

696 5830 881 5897 dolet,
923 5838 1287 5886 verumtamen
1314 5835 1629 5899 conceptum
1661 5826 1729 5884 ob
1760 5825 1880 5885 illos
1918 5826 2161 5884 dolorem
2187 5823 2285 5883 nti-

2389 5006 2520 5075 tigat
2561 5010 2759 5057 vestrm
2798 4999 3047 5055 alacritas
3075 4998 3345 5054 caritatis.
3395 4998 3684 5054 Enimvero
3712 4997 3786 5053 illi
3806 5012 4001 5069 quan-

2387 5096 2586 5152 tumvis
2611 5093 2923 5149 advenerint
2950 5090 3252 5161 aliquando,
3282 5107 3350 5146 ne
3375 5103 3486 5146 tum
3516 5092 3730 5161 quidem
3760 5092 3997 5160 adsunt,

2385 5188 2479 5242 sed
2509 5188 2593 5241 hic
2616 5186 2830 5256 quidem
2860 5198 3056 5253 corpus
3084 5200 3270 5238 eorum
3298 5192 3381 5237 est
3410 5184 3592 5248 situm,
3620 5199 3772 5239 mens
3798 5194 3999 5241 autem

2385 5278 2515 5333 foris
2558 5285 2822 5349 vagatur:
2853 5283 2907 5328 at
2944 5290 3039 5328 vos
3082 5274 3207 5327 licet
3252 5272 3438 5327 absitis
3483 5273 3804 5341 aliquando,
3849 5283 3994 5331 tunc

2385 5370 2542 5423 etiam
2568 5367 2768 5421 adestis
2797 5384 2809 5418 :
2843 5379 3037 5434 corpus
3066 5365 3207 5418 enim
3234 5370 3469 5417 vestrum
3496 5362 3660 5426 foris,
3696 5377 3853 5417 mens
3885 5380 3961 5418 au
3979 5397 3996 5407 -

2387 5468 2491 5514 tem
2516 5459 2602 5511 hic
2630 5467 2810 5511 vestra
2832 5464 3094 5510 versatur.
3117 5453 3419 5508 Statuerani
3442 5452 3688 5521 equidem
3714 5453 3993 5520 prolixam

2386 5549 2439 5603 in
2469 5549 2587 5602 illos
2608 5548 2905 5601 orationem
2929 5544 3164 5607 habere;
3203 5542 3294 5597 sed
3326 5557 3413 5607 ne,
3445 5544 3571 5596 dum
3600 5541 3819 5596 minime
3849 5559 3999 5612 pra:-

2396 5648 2606 5702 scntes,
2652 5652 2753 5689 nec
2792 5635 3073 5688 audientes
3118 5634 3373 5700 increpo,
3415 5646 3536 5685 cum
3585 5631 3770 5685 umbra
3798 5633 4000 5689 videar

2388 5727 2691 5795 depugnare
2716 5766 2730 5790 ,
2774 5724 2855 5778 his
2881 5724 3218 5778 sermonibus
3248 5723 3300 5775 in
3331 5720 3543 5776 illorum
3572 5720 3863 5776 adventum
3899 5740 3997 5778 re-

2393 5820 2647 5888 servatis,
2693 5819 2759 5875 ad
2785 5829 3097 5876 consuetum
3111 5818 3398 5890 Scripturae
3423 5826 3633 5889 pratum
3659 5832 3724 5873 ac
3752 5817 3990 5892 pelagus
