4174 6336
681 333 797 423 ’μετ

1375 372 1435 426 S.
1474 369 1759 428 JOANMS
1797 340 2284 427 CIiIKYSOSTOMl
2318 371 2641 427 ARCHIEP.
2681 371 3231 430 CONSTANTINOP.

3835 375 3944 430 758

681 480 951 551 ὑμετέραν
1003 481 1223 551 ἀγάπην
1263 483 1357 536 ἐπὶ
1386 483 1493 536 τὸν,
1524 484 1726 555 συνήθη
1766 484 2009 555 λειμῶνα
2046 488 2140 540 καὶ
2187 485 2251 539 τὸ
2360 485 2595 539 ίστσται,
2644 485 2924 557 Ζητοῦμεν
2958 487 3068 557 γὰρ
3115 488 3164 540 εῖ
3206 485 3307 557 τῆς
3334 485 3506 556 αὑτῆς
3550 484 3857 556 δυνάμεως,
3894 488 3943 539 εί

677 563 913 632 πέλαγος
942 564 1051 618 τῶν
1085 564 1246 618 θείων
1295 566 1524 637 Γραφῶν
1558 567 1700 621 κατὰ
1734 568 1831 639 τήν
1872 568 2024 621 θείαν
2052 569 2254 640 χάρινι
2352 568 2450 638 τῆς
2479 568 2649 639 αὐτῆς
2671 568 2919 635 ἐξουσίας
2948 569 3117 633 ἐστὶν,
3145 570 3195 622 εἰ
3229 570 3328 637 τῆς
3352 570 3522 639 αὐτῆς
3550 568 3739 630 οὑσίας
3764 568 3793 620 ό
3814 568 3945 631 Υἱὸς

674 647 939 716 δδηγῆσαι
976 647 1329 717 πειράσομαι.
1374 648 1534 701 Ἀλλά
1562 649 1909 720 διανάστητε,
1934 652 2030 705 καὶ
2058 668 2258 723 γρηγο-
2348 650 2427 720 τῷ
2464 650 2667 721 Πατρί’
2704 650 2907 721 μᾶλλον
2931 651 2988 705 δέ
3016 653 3182 722 ἡμεῖς
3210 652 3271 704 οὑ
3303 649 3595 721 ζητοῦμεν,
3632 651 3747 703 ἀλλ’
3776 652 3946 720 εὑρήο

676 731 822 801 ρεῖτε
840 747 854 760 ·
886 732 979 784 ἐπὶ
1010 732 1108 798 μὲν
1135 730 1244 801 γὰρ
1263 730 1374 783 τῶν
1404 731 1677 785 πλεόντων
1709 732 1812 785 κᾶν
1850 733 2253 803 ἆπαντέςσκαθ-

2352 750 2526 802 καμεν
2552 732 2712 785 τοῦτο
2741 734 2829 786 διά
2859 736 2957 804 τὴν
2980 734 3073 787 τοῦ
3112 733 3352 805 Χριστοῦ
3375 732 3558 805 χάριν,
3586 734 3682 787 καὶ
3711 733 3943 803 κατέχο-

675 812 928 874 εύδωσιν,
956 814 1063 877 δδέ
1096 814 1438 886 κυϐερνήτης
1461 814 1782 886 ἐγρηγορὼς
1878 816 2059 887 μόνος,
2080 816 2254 880 οὐδείς
2353 833 2455 885 μεν
2489 817 2628 885 μετά
2674 817 2974 885 ἀσφαλείας
3002 834 3015 848 ·
3059 819 3175 876 τοῖς
3212 816 3268 869 δέ
3314 815 3760 885 ἀναισχυντοῦσιν
3798 816 3943 885 ὑπὲρ

673 900 789 952 ἐστι
811 900 1073 964 κίνδυνος,
1091 900 1189 971 τῆς
1214 900 1430 971 νήψεως
1447 901 1546 972 τῆς
1579 901 1791 954 ἐκείνου
1821 902 1915 954 καὶ
1937 902 2036 971 τῆς
2057 901 2255 971 τέχνης

672 984 794 1036 ἀντὶ
826 984 1044 1038 πάντων
1083 984 1360 1057 ἀρκούσης
1408 983 1487 1055 τῷ
1534 983 1705 1054 πλοίῳ
1729 1001 1744 1016 ο
1771 984 2009 1038 ἐνταῦθα
2046 985 2104 1039 δέ
2152 987 2251 1056 οὐχ

670 1069 877 1132 οὕτως,
924 1070 1062 1123 ἀλλὰ
1111 1070 1214 1125 κᾶν
1239 1072 1512 1142 μυριάκις
1548 1071 1578 1123 ὁ
1630 1069 1807 1139 λέγων
1849 1073 2035 1144 νήφῃ,
2087 1072 2138 1124 οἱ
2193 1072 2250 1125 δὲ

670 1151 959 1216 ἀκούοντες
1011 1152 1086 1224 μὴ
1124 1153 1221 1223 τὴν
1255 1152 1423 1224 αὑτὴν
1473 1153 1784 1225 ἀγρυπνίαν
1812 1153 2249 1219 ἐπιδείκνυνται,

670 1237 1123 1299 καταποντισθεὶς
1156 1238 1288 1305 ἡμῖν
1330 1236 1358 1287 ὁ
1405 1234 1563 1303 λόγος
1601 1237 1904 1306 οἰχήσεται,
1943 1236 2042 1306 οὑχ
2075 1236 2251 1307 εὑρὼν

668 1319 907 1374 διάνοιαν
940 1320 1040 1388 τὴν
1070 1317 1476 1389 ὑποδεξαμένην
1502 1319 1531 1358 δ
1572 1320 1759 1372 αὑτόν.
1790 1320 1881 1372 Διὸ
1919 1321 2024 1392 χρὴ
2060 1322 2250 1391 νήφειν

669 1403 763 1456 καὶ
796 1402 1194 1473 ἐγρηγορέναιο
1246 1402 1341 1454 καί¹
1391 1401 1501 1472 γὰρ
1532 1401 1673 1472 ὑπὲρ
1722 1402 1985 1473 μειζόνων
2029 1404 2162 1474 ἡμῖν
2214 1406 2245 1474 ἡ

667 1485 934 1556 ἐμπορία·
966 1485 1085 1538 οὑδέ
1123 1484 1233 1556 γάρ
1276 1485 1413 1556 ὑπὲρ
1457 1485 1683 1556 χρυσίου
1725 1486 1821 1538 καὶ
1854 1485 2120 1555 ἀργυρίου
2155 1489 2249 1539 καὶ

2279 1428 2309 1453 Α,

660 1569 773 1621 τῶν
796 1568 1181 1638 ἀπολλυμένων
1202 1570 1541 1640 πραγμάτων
1565 1569 1823 1640 πλέομεν,
1850 1569 1965 1633 ἀλλτ
1989 1569 2131 1639 ὑπὲρ
2152 1569 2248 1638 τῆς
2284 1612 2299 1619 -

668 1650 971 1721 μελλούσης
1001 1651 1166 1720 ζωῆς,
1192 1654 1286 1704 καὶ
1314 1650 1421 1704 τῶν
1446 1653 1504 1706 ἐν
1530 1640 1781 1723 οὐρανοῖς
1814 1650 2124 1722 θησαυρῶν,
2153 1652 2248 1704 καὶ

663 1735 887 1798 πλείους
918 1734 1153 1787 ἐνταῦθα
1187 1734 1241 1787 αἰ
1270 1735 1379 1787 ὁδοὶ
1407 1734 1518 1787 τῶν
1547 1736 1606 1786 ἐν
1638 1737 1705 1805 τῇ
1737 1734 1987 1806 θαλάσσῃ
2015 1734 2111 1786 καὶ
2137 1734 2247 1785 τῶν

664 1820 722 1871 ἐν
753 1820 819 1889 τῇ
856 1821 958 1889 γῇ*
994 1818 1097 1871 κᾶν
1139 1818 1214 1887 μὴ
1265 1815 1407 1886 μετὰ
1446 1816 1736 1887 ἀκριϐείας
1786 1835 1870 1881 τις
1914 1818 2087 1879 αὑτὰς
2131 1816 2244 1887 εἰδῇ

661 1903 870 1970 τεμεῖν,
903 1900 1160 1967 ναυάγιον
1197 1900 1564 1971 ὑποστήσεται
1592 1899 2001 1970 χαλεπώτατον.
2037 1900 2246 1962 Πάντες

660 1981 815 2055 {502]
837 1982 1015 2034 τοίνυν
1036 1983 1194 2052 ὑμεῖς
1218 1983 1268 2035 οἰ
1297 1982 1415 2053 μεθ’
1440 1983 1597 2053 ἡμῶν
1625 1982 1896 2046 πλέοντες,
1924 1982 1997 2051 μὴ
2016 1981 2113 2051 τὴν
2138 1981 2246 2033 τῶν

661 2066 936 2121 ἐπιϐατῶν
974 2065 1179 2129 ἄδειαν,
1211 2064 1348 2118 ἀλλά
1378 2065 1479 2137 τὴν
1524 2065 1633 2118 τῶν
1678 2065 2028 2135 κυϐερνητῶν
2069 2066 2243 2133 ἀγρυ-

660 2152 824 2205 πνίαν
850 2148 1222 2204 ἐπιδείκνυσθε
1242 2150 1334 2202 καὶ
1351 2148 1631 2219 φροντίδα·
1662 2140 1757 2201 καὶ
1783 2149 1892 2217 γὰρ
1913 2150 2109 2201 ἐκεῖνοι
2135 2147 2245 2201 τῶν

659 2238 864 2291 λοιπῶν
900 2235 1563 2290 καθευδόντωνάπάντων
1596 2236 1691 2287 ἐπὶ
1722 2223 1837 2287 τῶν
1864 2234 2064 2287 οἰάκων
2107 2234 2243 2287 καθ-

661 2325 889 2393 ἡμενοι.
925 2321 986 2372 οὑ
1032 2320 1190 2390 μόνον
1221 2317 1318 2381 τὰς
1357 2319 1416 2371 ἐν
1467 2320 1581 2380 τοῖς
1618 2316 1775 2370 ὑδασι
1818 2316 2244 2387 περισκοποῦσιν

659 2406 833 2469 ὀδοὺς,
858 2404 995 2458 ἀλλά
1034 2404 1127 2456 καὶ
1160 2401 1297 2473 πρὸς
1329 2401 1423 2455 τὸν
1455 2401 1685 2473 οὐρανὸν
1735 2404 1802 2455 ἐκ
1834 2400 2090 2454 τοσούτου
2122 2400 2243 2471 βλέ-

661 2505 854 2550 ποντες
881 2486 975 2540 τοῦ
1003 2486 1389 2555 διαστήματος,
1413 2483 1602 2555 ῶσπερ
1632 2482 1779 2546 τινὸς
1809 2484 1989 2553 χειρὸς
2012 2484 2109 2552 τῆς
2134 2482 2243 2537 τῶν

660 2572 878 2642 ἄστρων
908 2569 1133 2639 πορείας
1162 2566 1612 2639 χειραγωγούσης
1647 2567 1864 2629 αὑτοὺς,
1902 2565 2039 2634 μετά
2067 2567 2245 2635 ἀσφα-

660 2656 809 2718 λείας
845 2654 905 2705 τὸ
940 2652 1146 2721 σκάφος
1198 2650 1439 2703 ἰθύνουσι
1469 2662 1528 2715 ε,
1579 2650 1674 2703 καὶ
1716 2650 1892 2713 οὐδεὶς
1934 2648 2151 2718 ἰδιώτης
2183 2650 2244 2703 τὸ

660 2736 894 2804 πέλαγος
927 2735 1101 2797 οὑτως
1129 2732 1300 2796 ἀδεῶς
1337 2734 1396 2785 ἐν
1424 2734 1611 2804 ἡμέρᾳ
1655 2732 1861 2785 δύναιτ’
1902 2732 1968 2785 ἂν
2013 2732 2241 2784 πλεῦσαι

657 2822 735 2885 ὼς
766 2822 963 2872 ἐκεῖνοι
1000 2817 1117 2889 μεθ’
1157 2816 1388 2887 ἡσυχίας
1421 2817 1639 2885 ἁπάσης
1677 2817 1735 2867 ἐν
1765 2817 1905 2886 μέσῃ
1940 2818 2113 2877 νυκτὶ,
2153 2818 2241 2868 ὅτε

661 2902 1010 2973 φοϐερωτέρα
1046 2902 1081 2970 ἡ
1106 2899 1351 2954 θάλασσα
1392 2899 1664 2969 φαίνεται,
1700 2900 2066 2970 ἐγρηγορότες
2105 2901 2239 2953 ἀτα-

661 2988 841 3058 ράχως
865 2986 963 3055 τὴν
986 2982 1193 3035 ἐαυτῶν
1217 2981 1618 3045 ἐπιδείκνυνται
1638 2981 1857 3051 τέχνην,
1882 2982 1977 3034 καὶ
2004 2982 2124 3052 οὐχὶ
2144 2982 2244 3046 τάς

661 3088 718 3120 εν
757 3070 868 3128 τοῖς
902 3066 1086 3119 ὑδασιν
1139 3064 1419 3137 ἀτραποὺς
1467 3064 1659 3134 μόνον,
1700 3063 1825 3116 οὑδέ
1872 3063 1979 3116 τῶν
2026 3065 2241 3137 ἄστρων

658 3152 785 3215 τοὺς
820 3150 1086 3221 δρόμους,
1128 3147 1262 3200 ἀλλά
1319 3147 1415 3200 καί¹
1461 3146 1678 3217 ἀνέμων
1712 3146 1926 3210 ἐξόδους
1983 3163 2233 3217 περισκο·

661 3233 843 3297 ποῦσι,
860 3234 954 3286 καὶ
972 3231 1209 3300 τοσαύτη
1231 3230 1339 3283 τῶν
1358 3229 1569 3299 ἀνδρῶν
1593 3229 1819 3283 ἐκείνων
1841 3228 1989 3283 ἐστὶν
2005 3232 2038 3300 ἡ
2058 3229 2238 3298 σοφία,

656 3322 734 3385 ὡς
780 3320 1040 3382 πολλάκις
1088 3317 1398 3388 πνεύματος
1432 3317 1613 3387 ῥύμην
1664 3316 2023 3388 σφοδρότερον
2064 3320 2240 3387 ἐμπε-

662 3405 883 3467 σοῦσαν,
924 3403 1019 3456 καὶ
1052 3402 1352 3471 μέλλουσαν
1379 3399 1734 3469 περιτρέπειν
1773 3399 1836 3451 τὸ
1877 3400 2082 3463 πλοῖον,
2122 3402 2242 3463 ταῖς

662 3488 891 3547 πυκναῖς
918 3484 1027 3538 τῶν
1050 3484 1233 3537 ἱστίων
1259 3481 1585 3553 μεταϐολαῖς
1614 3482 1943 3552 δεχομένους
1968 3481 2241 3551 εὐστόχως

661 3569 877 3622 ἅπαντα
912 3567 1071 3620 λῦσαι
1095 3566 1187 3618 τὸν
1235 3565 1515 3629 κίνδυνον,
1555 3566 1650 3619 καὶ⁵
1692 3568 1812 3627 ταῖς
1849 3564 2043 3634 βιαίοις
2068 3562 2095 3602 ά
2132 3564 2241 3617 τῶν

662 3652 877 3723 ἀνέμων
906 3648 1163 3720 ἐμϐολαῖς
1197 3647 1295 3719 τὴν
1327 3648 1508 3701 αὐτῶν
1549 3648 1981 3719 ἀντιστήσαντας
2021 3648 2238 3719 τέχνην,

660 3733 968 3805 ξξαρπάσαι
991 3730 1085 3785 τοῦ
1110 3730 1401 3784 κλυδωνίου
1428 3730 1489 3784 τὸ
1522 3730 1749 3801 σκάφος.
1773 3732 1838 3786 Εἰ
1863 3732 1920 3783 δὲ
1948 3731 2087 3802 ὑπὲρ
2115 3730 2239 3800 βιω-

660 3818 828 3872 τικῶν
860 3818 1058 3869 ἐκεῖνοι
1092 3813 1432 3883 πραγμάτων
1472 3814 1737 3885 αἰσθητὴν
1767 3814 2023 3875 πλέοντες
2044 3814 2241 3868 θάλασ-

668 3919 785 3961 σαν,
818 3898 991 3961 οὓτως
1014 3898 1378 3967 ἐγρηγορυῖαν
1407 3896 1671 3964 διηνεκῶς
1695 3897 1877 3966 {pum
1914 3898 2013 3967 τὴν
2038 3898 2237 3969 ψυχὴν,

632 3986 841 4055 ’πολλῷ
874 3985 1075 4056 μᾶλλον
1116 3984 1265 4053 ἡμᾶς
1308 3981 1454 4036 οὓτω
1483 3984 1927 4054 παρεσκευάσθαι
1974 3986 2119 4056 χρή-ο
2145 3986 2239 4037 καὶ

663 4070 768 4140 γὰρ
799 4054 892 4121 καί.
918 4066 1122 4137 μείζων
1148 4067 1175 4118 ὁ
1212 4064 1453 4128 κίνδυνος
1490 4065 1815 4137 ῥᾳθυμοῦσι,
1855 4069 1949 4119 καὶ
1980 4054 2179 4121 πλείων
2205 4069 2238 4138 ἡ

663 4152 929 4222 ἀσφάλεια
967 4152 1246 4220 νήφουσιν.
1287 4147 1425 4201 Οὑτε
1459 4150 1568 4218 γάρ
1599 4150 1707 4202 ἀπὸ
1746 4149 1972 4202 σανίδων
2015 4152 2146 4220 ἡμῖν
2178 4152 2241 4204 τὸ

661 4236 869 4302 σκάφος
888 4231 1050 4285 τοῦτο
1076 4230 1527 4295 κατεσκεύασται,
1553 4231 1669 4284 ἀλλ’
1693 4232 1800 4284 ἀπὸ
1824 4231 1933 4284 τῶν
1964 4232 2123 4286 θείων
2150 4250 2241 4285 κε-

662 4317 918 4385 κόλληται
955 4314 1208 4385 Γραφῶν,
1238 4312 1364 4366 οὑτε
1391 4314 1621 4384 ἀστέρες
1648 4316 1780 4367 αὑτὸ
1810 4317 2239 4387 χειραγωγοῦσιν

659 4400 897 4462 ἀνωθεν,
946 4398 1058 4451 ἀλλ’
1092 4401 1120 4450 ὁ
1158 4397 1260 4467 τῆς
1304 4397 1652 4467 δικαιοσύνης
1691 4398 1845 4468 ἥλιος
1873 4399 2061 4452 τοῦτον
2108 4402 2239 4470 ἡμῖν

660 4482 981 4537 κατευθύνει
1012 4481 1103 4533 τὸν
1124 4479 1425 4539 πλοῦν.⁵καὶ
1449 4480 1740 4550 καθήμεθα
1763 4483 1855 4534 ἐπὶ
1876 4481 1985 4535 τῶν
2014 4483 2237 4545 οἰάκων,

659 4568 721 4621 οὑ
754 4564 989 4636 ζεφύρου
1040 4564 1209 4624 πνοὰς
1251 4562 1651 4631 ἀναμένοντες,
1693 4563 1829 4616 ἀλλά
1864 4564 1965 4635 τὴν
2008 4570 2241 4636 πραεῖαν

658 4641 833 4719 αὔραν
862 4648 955 4699 τοῦ
987 4644 1126 4698 Πνεύ
1134 4660 1323 4714 ματος.

735 4731 798 4802 β’.
823 4732 1101 4799 Νήφωμεν
1131 4729 1309 4780 τοίνυν
1338 4730 1430 4782 καί⁵
1473 4729 1573 4791 τὰς
1604 4729 1756 4791 ὀδοὺς
1793 4728 1930 4799 μετά
1958 4730 2242 4800 ἀκριϐείας

660 4812 1080 4886 πρισκοπώμεν
1100 4827 1114 4841 ο
1148 4812 1275 4881 περὶ
1300 4813 1406 4882 γὰρ
1430 4812 1530 4880 τῆς
1556 4814 1649 4865 τοῦ
1675 4814 2011 4880 Μονογενοῦς
2035 4813 2189 4885 δόξης
2215 4817 2242 4868 ὁ

661 4900 816 4965 λόγος
850 4898 980 4965 ἡμῖν
1015 4898 1130 4947 ἐστι
1172 4894 1350 4947 πάλιν.
1396 4894 1591 4965 Πρὼην
1636 4896 1734 4965 μὲν
1780 4894 1871 4950 οὖν
1908 4897 2238 4967 ἐδείκνυμεν,

658 4984 742 5039 ῠτι
787 4980 881 5034 καὶ
920 4978 1243 5049 ἀνθρώπων,
1272 4979 1366 5032 καὶ
1403 4980 1669 5048 ἀγγέλων,
1716 4982 1809 5033 καὶ
1849 4983 2203 5051 ἀρχαγγέλων
2226 5023 2240 5044 ,

663 5065 757 5118 καὶ
788 5062 974 5125 ἁπλῶς
1002 5058 1180 5131 πάσης
1213 5062 1313 5131 τῆς
1355 5062 1585 5125 κτίσεως
1622 5063 1719 5133 τὴν
1750 5065 1963 5132 σοφίαν,
1995 5071 2028 5134 η
2071 5065 2241 5118 κατά-

663 5148 822 5216 ληψις
859 5148 959 5216 τῆς
986 5145 1169 5205 οὐσίας
1204 5156 1226 5182 θ
1253 5143 1347 5211 τοῦ
1371 5143 1526 5208 Θεοῦ,
1568 5146 1703 5215 μετὰ
1746 5147 1943 5217 πολλῆς
1978 5148 2244 5218 ὑπερϐαίν-

660 5249 743 5286 νει
767 5231 865 5301 τῆς
892 5228 1371 5306 περιουσίαςρκαὶ
1399 5229 1477 5298 τῷ
1524 5232 1824 5298 Μονογενεῖ
1866 5232 2013 5301 μόνῳ
2042 5234 2135 5285 καὶ
2166 5234 2243 5303 τῷ

664 5316 804 5381 ἁγίῳ
855 5314 1131 5383 Πνεύματι
1170 5302 1446 5383 γνώριμός
1490 5315 1608 5365 ἐστι
1644 5317 1734 5367 καὶ
1776 5318 1985 5389 σαφής·
2024 5318 2141 5369 νυνὶ
2185 5302 2240 5371 δέ

667 5399 801 5468 πρὸς
830 5397 1013 5466 ἓτερον
1056 5394 1437 5463 παλαισμάτων
1474 5399 1603 5465 ἡμῖν
1648 5398 1811 5474 μέρος
1851 5400 1879 5449 ὁ
1918 5398 2071 5467 λόγος
2107 5401 2238 5471 μεθ-

731 5527 753 5552 ³
785 5525 881 5572 Αἰίὶ
900 5524 1021 5570 κατά
1044 5524 1129 5577 τὴν
1152 5521 1237 5569 τοῦ
1259 5520 1383 5570 Θεοῦ
1403 5523 1554 5584 χάριν.

727 5587 755 5635 ι
788 5586 921 5634 Unus
940 5584 1297 5644 ὑποδεξομένην.

731 5651 754 5679 c
782 5646 932 5694 Sa‘vil.
951 5650 1010 5691 et
1034 5648 1223 5704 aliquot
1246 5659 1363 5692 mss.
1391 5645 1617 5705 ἰθύνουσι,
1646 5645 1951 5695 Morel.vero
1978 5649 2237 5698 εύὺύνουσι.

666 5706 795 5758 Infra
820 5709 1000 5771 aliquo!
1022 5719 1133 5771 qm.
1162 5712 1213 5771 εἰ
1238 5708 1381 5771 Savil.
1404 5708 1556 5770 ἡμέρᾳ
1585 5706 1758 5771 δύναιττ
1783 5710 1839 5754 ἂν
1855 5708 2077 5771 πλεῦσαι.
2106 5712 2242 5771 (Edi-

663 5778 763 5833 tum
784 5775 887 5833 erat
906 5768 1017 5833 ἱδείν
1036 5768 1207 5833 δύναιτ’
1222 5770 1304 5833 ἀν,
1326 5768 1507 5833 οῃιεεδο
1526 5768 1638 5816 mox
1659 5770 1885 5833 ἀπάσης.)

727 5831 753 5870 ά
776 5832 972 5938 Alkglol
996 5829 1108 5874 mss.
1136 5829 1500 5888 βιαίαιςνΡτΙυίο
1522 5836 1633 5890 post
1653 5844 1765 5879 mss.
1790 5832 1987 5891 plurimi
2012 5833 2234 5891 ἀντιστή-

727 5908 848 5938 ντεε.
907 5889 1019 5937 avil.
1045 5889 1430 5938 ἀντιστήσαντας.
1456 5890 1628 5938 Morel.
1651 5893 2015 5938 ἀπιστήσαντα.

667 5908 848 5949 σαντες,
871 5889 1019 5938 Savil.
1045 5889 1430 5947 ἀντιστήσαντας,
1456 5889 1628 5939 Mdrel.
1651 5889 2015 5949 ἀπιστήσαντα.

732 5928 980 6009 E'ﬁﬁﬁ-ﬁ;
998 5949 1184 6011 σοφίας,
1197 5928 1354 5999 nimus
1374 5928 1528 6002 ι’ἶόιθῖ

2348 898 2553 950 τούτων
2579 898 2711 951 αὑτὸ
2747 899 2906 953 τοῦτο
2939 900 3219 966 ἀποδεῖξαι
3257 897 3791 971 παρασκευαζόμεθα
3818 898 3939 955 νῦν.

2348 980 2684 1051 Αἰσχύνομαι
2710 982 2810 1052 μὲν
2837 978 2930 1035 οὖν
2961 983 3054 1036 καὶ
3082 980 3341 1054 ἐρυθριῶ,
3376 982 3587 1052 μέλλων
3613 983 3693 1044 είς
3716 980 3941 1043 τούτους

2349 1063 2638 1133 ἐμϐάλλειν
2659 1066 2787 1127 τοὺς
2828 1064 3038 1132 λόγους.
3082 1064 3179 1127 Τίς
3210 1064 3321 1135 γὰρ
3356 1065 3509 1135 ἡμᾶς·
3538 1065 3599 1117 οὑ
3646 1064 3941 1131 γελάσεται

2348 1146 2414 1197 τὰ
2465 1146 2608 1199 οὑτω
2666 1148 2878 1220 φανερά
2928 1148 3359 1211 κατασκευάζειν
3394 1148 3491 1200 καὶ
3545 1145 3938 1201 ἀποδεικνύναι

2349 1228 2757 1298 πειρωμένους;
2794 1229 2919 1283 ποία
2948 1229 3005 1283 δὲ
3030 1231 3132 1283 οὑκ
3159 1229 3225 1283 ἂν
3245 1230 3332 1301 εἴη
3352 1230 3698 1296 κατάγνωσις
3726 1229 3937 1299 ζητεῖν,

2346 1311 2394 1362 εἰ
2422 1311 2705 1379 ὁμοούσιός
2743 1314 2892 1365 ἐστιν
2922 1314 2951 1365 ό
2984 1312 3113 1376 Υίὸς
3137 1312 3213 1383 τῷ
3246 1312 3422 1384 Πατρί
3438 1329 3453 1377 ;
3478 1306 3648 1365 Τοῦτο
3675 1311 3785 1383 γὰρ
3813 1313 3941 1381 οὐχὶ

2345 1395 2463 1456 ταῖς
2499 1395 2743 1464 Γραφαῖς
2776 1396 2958 1466 μόνον,
2992 1395 3129 1449 ἀλλά
3168 1396 3263 1449 καὶ
3294 1398 3359 1466 τῇ
3394 1398 3548 1466 κοινῇ
3581 1396 3799 1449 πάντων
3824 1396 3939 1448 τῶν

2345 1475 2648 1545 ἀνθρώπων
2678 1476 2825 1547 δόξῃ,
2857 1478 2952 1531 καὶ
2972 1481 3039 1549 τῇ
3063 1478 3173 1532 τῶν
3200 1478 3541 1550 πραγμάτων
3575 1478 3733 1545 φύσει
3767 1479 3941 1547 μαχό⁴

2349 1559 2508 1627 μενόν
2537 1560 2706 1613 ἐστιν.
2743 1560 2868 1613 Ὀτι
2896 1560 3006 1632 γὰρ
3040 1561 3324 1631 όμοούσιος
3354 1560 3683 1631 ὸγεννηθεὶς
3710 1559 3790 1629 τῷ
3818 1577 3941 1627 τεν-

2345 1643 2590 1710 νήσαντι.
2618 1644 2719 1695 οὑκ
2741 1644 2827 1696 ἐπ’
2854 1642 3156 1714 ἀνθρώπων
3182 1643 3364 1714 μόνον,
3384 1642 3521 1696 ἀλλά
3552 1643 3645 1696 καὶ
3666 1644 3757 1695 ἐπὶ
3779 1641 3939 1704 ζώων

2346 1722 2619 1786 ἁπάντων,
2662 1726 2757 1777 καὶ
2790 1726 2882 1777 ἐπὶ
2906 1725 3138 1796 δένδρων
3163 1725 3321 1779 τοῦτο
3358 1725 3455 1778 ίδοι
3480 1743 3565 1788 τις
3597 1725 3683 1778 ἄν.

2415 1805 2541 1868 Πῶς
2570 1803 2665 1859 οὖν
2694 1808 2794 1859 οὑκ
2826 1809 3025 1862 ἀτοπον
3054 1807 3147 1860 ἐπὶ
3170 1808 3269 1877 μὲν
3292 1810 3475 1876 φυτῶν
3502 1809 3598 1861 καὶ
3629 1808 3941 1878 ἀνθρώπων

2344 1889 2439 1940 καὶ
2469 1888 2624 1951 ζώων
2671 1891 2930 1960 ἀκίνητον
2976 1890 3168 1944 τοῦτον
3210 1892 3393 1961 μένειν
3431 1891 3523 1943 τὸν
3546 1890 3697 1962 [505]
3745 1891 3936 1959 νόμον,

2343 1970 2437 2022 ἐπὶ
2464 1970 2600 2023 Θεοῦ
2626 1972 2684 2023 δὲ
2710 1972 2869 2041 μόνον
2894 1975 3064 2027 κινεῖν
3087 1975 3250 2028 αὑτὸν
3274 1974 3368 2027 καὶ
3392 1974 3720 2044 ἀνατρέπειν
3741 1991 3755 2037 ;
3782 1973 3939 2043 Πλὴν

2342 2051 2458 2104 ἀλλ’
2493 2053 2579 2104 ἴνα
2612 2054 2686 2124 μὴ
2709 2054 2955 2125 δοκῶμεν
2992 2056 3102 2109 ἀπὸ
3125 2057 3232 2111 τῶν
3263 2057 3396 2129 παρ’
3423 2060 3555 2127 ἡμῖν
3589 2056 3937 2127 πραγμάτων

2342 2134 2515 2188 ταῦτα
2546 2136 2995 2207 διισχυρίζεσθαι,
3030 2139 3166 2209 φέρε
3198 2140 3306 2193 ἀπὸ
3338 2139 3448 2191 τῶν
3479 2140 3712 2211 Γραφῶν
3749 2138 3937 2191 αὐτῶν

2342 2217 2498 2270 τοῦτο
2530 2218 2923 2290 ἀποδείξωμεν,
2955 2223 3047 2274 καί¹
3080 2224 3390 2293 κινήσωμεν
3415 2224 3543 2284 τοὺς
3569 2221 3697 2292 περὶ
3717 2220 3938 2273 τούτων

2342 2300 2555 2367 λόγους.
2600 2302 2674 2354 Ού
2709 2303 2819 2373 γὰρ
2847 2306 3010 2374 ἡμεῖς
3047 2306 3097 2357 οἱ
3147 2305 3524 2375 πεπεισμένοι,
3572 2305 3686 2358 ἀλλ’
3729 2306 3940 2357 ἐκεῖνοι

2341 2384 2391 2434 οἱ
2418 2383 2771 2449 ἀπιστοῦντες
2800 2385 2891 2439 τὸν
2924 2386 3136 2452 γέλωτα
3165 2388 3517 2457 ὀφλήσουσιν,
3553 2387 3605 2439 οἱ
3645 2386 3664 2424 ί
3695 2385 3830 2457 πρὸς
3860 2385 3940 2439 τὰ

2341 2464 2483 2517 οὕτω
2529 2467 2740 2538 φανερὰ
2776 2467 3183 2538 ἀνθιστάμενοι,
3224 2471 3318 2523 καὶ
3360 2470 3498 2540 πρὸς
3536 2471 3635 2540 τὴν
3669 2470 3940 2541 ἀλήθειαν

2340 2548 2773 2612 ἀντιϐλέποντες.
2806 2551 2942 2603 Ποῖα
2973 2553 3201 2623 φανερὰ,
3247 2553 3442 2623 φησίν;
3484 2555 3534 2605 εἰ
3574 2553 3705 2623 γὰρ,
3741 2552 3940 2623 ἐπειδὴ

2342 2631 2467 2692 Υἱὸς
2501 2631 2737 2699 λέγεται,
2768 2633 3053 2703 όμοούσιός
3088 2637 3205 2687 ἐστι
3235 2634 3314 2701 τῷ
3348 2636 3541 2706 Πατρὶ,
3577 2635 3939 2705 δυνησόμεθα

2340 2714 2435 2766 καὶ
2481 2716 2644 2783 ἡμεῖς
2673 2716 2951 2783 όμοούσιοι
2999 2712 3172 2769 εἶναι·
3206 2719 3299 2769 καὶ
3338 2718 3449 2788 γὰρ
3493 2720 3587 2771 καὶ
3627 2721 3788 2789 ἡμεῖς
3820 2720 3940 2772 υἱοὶ

2338 2797 2644 2867 λεγόμεθα’
2695 2798 2836 2866 Ἐγὼ
2885 2798 2995 2868 γὰρ
3040 2797 3215 2861 εἷπον,
3250 2802 3405 2871 φησὶ,
3454 2803 3578 2855 θεοί
3613 2803 3775 2863 ἐστε,
3826 2806 3939 2856 καὶ

2340 2882 2458 2933 υἰοί
2495 2883 2793 2949 ’Υψ-Ιστυυ
2823 2882 3063 2950 πάντες.
3090 2886 3153 2937 Ὠ
3175 2886 3273 2953 τῆς
3306 2886 3691 2954 ἀναισχυντίας
3716 2888 3728 2939 ἰ
3765 2885 3943 2954 ὣτῆς

2340 2964 2575 3033 ἐσχάτης
2612 2966 2829 3027 ἀνοίαςί
2865 2966 2982 3026 πῶς
3010 2967 3098 3019 διὰ
3143 2968 3361 3019 πάντων
3391 2967 3486 3038 τὴν
3516 2968 3694 3020 αὑτῶν
3729 2969 3940 3037 μανίαν

2340 3046 2738 3101 ἐνδείκνυνταιί
2771 3050 2897 3101 Ὅτε
2929 3049 3022 3101 τὸν
3064 3050 3189 3120 περὶ
3219 3050 3607 3121 ἀκαταλήπτου
3636 3051 3791 3119 λόγον
3815 3053 3943 3103 ἐκι-

2338 3129 2559 3199 νοῦμεν,
2591 3130 2956 3197 ἐφιλονείκουν
2990 3132 3201 3194 ἑαυτοῖς
3232 3132 3520 3186 διεκδικεῖν
3559 3134 3734 3194 τοῦτο,
3765 3134 3792 3185 ὂ
3829 3131 3941 3188 τοῦ

2339 3211 2678 3280 Μονογενοῦς
2702 3208 2769 3284 ἦν
2796 3214 2978 3282 μόνου,
3004 3215 3065 3266 τὸ
3088 3214 3180 3267 τὸν
3204 3214 3336 3267 Θεὸν
3363 3215 3534 3278 οὕτως
3553 3217 3750 3268 εἰδέναι
3776 3217 3943 3287 ἀκρι-

2342 3294 2472 3359 ϐῶς.
2506 3296 2581 3358 ὡς
2624 3296 2788 3358 αὑτὸς
2826 3297 3016 3349 ἐαυτὸν
3048 3294 3187 3349 οἶδε·
3216 3296 3312 3351 νῦν
3348 3299 3621 3370 δέηέπειδὴ
3654 3301 3780 3371 περὶ
3825 3302 3939 3371 τῆς

2339 3376 2433 3429 τοῦ
2459 3376 2799 3445 Μονογενοῦς
2820 3378 2978 3448 δόξης
3000 3381 3134 3449 ἡμῖν
3155 3380 3304 3432 ἐστιν
3338 3383 3365 3433 ό
3391 3380 3565 3449 λόγος,
3596 3381 3942 3449 φιλονεικοῦσ

2343 3475 2425 3513 σιν
2459 3460 2622 3513 αὑτὸν
2667 3462 2747 3524 είς
2784 3460 2882 3531 τὴν
2917 3462 3125 3514 οἰκείαν
3157 3462 3434 3517 εὐτέλειαν
3471 3468 3804 3533 καταγαγεῖν
3835 3466 3943 3520 λέ-

2340 3558 2549 3609 γοντες,
2584 3542 2665 3595 ὃτι
2688 3545 2783 3596 καὶ
2815 3546 2977 3614 ἡμεῖς
3009 3544 3114 3595 υίοί¹
3154 3544 3447 3615 λεγόμεθα.
3492 3546 3602 3599 Καὶ
3620 3548 3683 3599 οὑ
3710 3548 3945 3613 πάντως

2336 3624 2497 3677 τοῦτο
2536 3625 2855 3695 ὁμοουσίους
2883 3627 3033 3696 ἡμᾶς
3062 3630 3207 3679 ποιεῖ
3234 3626 3311 3697 τῷ
3347 3628 3485 3698 Θεῷ.
3516 3628 3640 3693 Υίὸς
3665 3629 3797 3703 λέγῃ
3837 3634 3942 3699 σὺ,

2338 3707 2454 3761 ἀλλ’
2482 3707 2688 3771 ἐκεῖνος
2737 3707 2885 3761 ἐστιν
2929 3708 2974 3746 ⁸·
3008 3708 3243 3763 ἐνταῦθα
3294 3711 3467 3781 ῥῆμα,
3512 3713 3631 3767 ἐκεῖ
3673 3716 3940 3784 πρᾶγμα.

2341 3789 2464 3852 Υίὺς
2496 3789 2629 3859 λέγῃ
2670 3790 2757 3851 σὺ,
2789 3790 2924 3843 ἀλλά
2946 3792 3255 3863 Μονογενὴς
3285 3794 3345 3845 οὐ
3379 3793 3515 3865 λέγῃ
3554 3794 3805 3866 καθάπερ
3835 3800 3945 3850 καὶ

2339 3874 2563 3934 ἐκεῖνος,
2602 3872 2716 3923 ἀλλ’
2755 3874 2813 3924 ἐν
2852 3875 2965 3937 τοῖς
3008 3874 3229 3937 κόλποις
3262 3874 3358 3929 τοῦ
3400 3877 3611 3947 Πατρὸς
3634 3878 3693 3928 οὑ
3718 3878 3942 3949 διατρί-

2340 3953 2474 4017 ϐεις,
2503 3953 2618 4006 ἀλλ’
2652 3954 2995 4026 ἀπαύγασμα
3036 3958 3135 4027 τῆς
3166 3958 3322 4028 δόξης
3357 3960 3457 4011 οὑκ
3492 3955 3563 4020 εἷ,
3591 3959 3710 4012 ούδέ
3750 3978 3943 4031 χαρα-

2341 4037 2477 4109 κτὴρ
2499 4037 2597 4107 τῆς
2620 4037 2989 4102 ὑποστάσεως,
3010 4039 3131 4093 οὐδὲ
3156 4041 3339 4112 μορφὴ
3359 4042 3452 4094 τοῦ
3476 4041 3613 4095 Θεοῦ
3636 4044 3937 4113 ὑπάρχεις.

2339 4121 2402 4172 Εἰ
2433 4119 2611 4172 τοίνυν
2640 4120 2701 4172 οὑ
2741 4120 2919 4173 πείθει
2958 4115 3019 4175 σε
3046 4122 3107 4175 τὸ
3139 4124 3426 4197 πρότερον,
3454 4124 3631 4178 ταῦτα
3669 4126 3942 4195 πειθέτω,

2340 4203 2434 4255 καὶ
2462 4202 2630 4256 πολ)ιά
2652 4203 2815 4272 ἐτερα
2847 4204 3069 4257 πλείονα
3094 4205 3320 4266 τούτων,
3348 4207 3447 4276 τὴν
3477 4208 3756 4275 εὐγένειαν
3778 4212 3944 4282 αὐτῷ

2344 4285 2723 4355 μαρτυροῦντα
2772 4286 3009 4357 ἐκείνην.
3043 4289 3211 4341 Ὅταν
3253 4290 3352 4359 μὲν
3379 4290 3486 4359 γάρ
3515 4290 3573 4342 τὸ
3605 4292 3939 4360 ἀπαράλλα-

2340 4384 2468 4420 κτον
2506 4367 2606 4437 τῆς
2646 4367 2831 4430 οὐσίας
2863 4370 3027 4422 αὑτοῦ
3062 4372 3233 4436 δεῖξαι
3265 4371 3521 4441 βούληται
3563 4373 3624 4424 τὸ
3670 4374 3808 4444 πρὸς
3836 4376 3944 4428 τὸν

2342 4451 2728 4519 γεγεννηκότα,
2773 4452 2835 4504 '0
2864 4452 3135 4518 ἑωρακὼς
3174 4454 3297 4522 ἐμὲ,
3341 4456 3522 4524 φησὶν,
3556 4455 3780 4523 ἑώρακε
3820 4460 3945 4511 τὸν

2343 4533 2592 4601 Πατέρα.
2612 4535 2846 4587 Ὅτανδέ
2859 4535 2919 4587 τὸ
2942 4534 3139 4600 ἰδιάζον
3153 4538 3248 4607 τῆς
3268 4537 3568 4607 δυνάμεως,
3586 4539 3747 4607 Ἐγὼ,
3770 4543 3941 4609 φησὶ,

2342 4615 2441 4667 καί
2480 4620 2511 4668 ό
2539 4616 2741 4683 Πατὴρ
2782 4616 2853 4669 ἐν
2892 4617 3111 4685 ἐσμεν·
3151 4620 3277 4673 ὃταν
3304 4620 3361 4672 δὲ
3387 4622 3449 4672 τὸ
3489 4622 3786 4691 ἐφάμιλλον
3827 4626 3942 4695 τῆς

2344 4698 2611 4761 ἐξουσίας,
2638 4700 2865 4766 ’Ὠσπερ
2882 4700 2991 4768 γὰρ
3017 4704 3049 4754 ὁ
3074 4702 3277 4769 Πατὴρ
3293 4704 3502 4771 ἐγείρει
3514 4705 3657 4770 τοὺς
3674 4708 3944 4774 νεκροὺς

2344 4778 2441 4831 καὶ
2471 4779 2749 4844 ζωοποιεῖ,
2776 4781 2930 4833 οὕτω
2961 4782 3059 4834 καὶ
3085 4786 3118 4836 ὀ
3153 4785 3307 4849 Υἱὸς,
3328 4784 3435 4851 οὓς
3458 4785 3614 4839 θέλει
3640 4786 3938 4847 ζωοποιεῖ·

2344 4864 2470 4914 ὅταν
2497 4862 2555 4913 δέ
2600 4864 2699 4925 τὴν
2740 4864 3044 4933 ταυτότητα
3084 4866 3182 4935 τῆς
3225 4866 3499 4937 λατρείας,
3529 4870 3662 4924 Ἵνα
3701 4870 3944 4938 πάντες

2343 4945 2553 5013 τιμῶσι
2596 4946 2704 4999 τὸν
2767 4946 2932 5011 Υἰόν,
2977 4947 3171 5013 καθὼς
3224 4948 3435 5018 τιμῶσι
3487 4951 3596 5004 τὸν
3652 4953 3939 5021 Hatépa-

2343 5034 2471 5084 ὅταν
2500 5032 2557 5084 δὲ
2584 5031 2683 5101 τὴν
2716 5032 3003 5086 αὑθεντίαν
3040 5032 3137 5105 τὴν
3166 5037 3222 5087 ἐν
3252 5043 3373 5099 ταῖς
3416 5037 3522 5089 τῶν
3552 5039 3730 5109 νόμων
3758 5058 3943 5108 μετα-

2346 5116 2585 5176 σκευαῖς,
2633 5115 2695 5166 ’0
2736 5115 2938 5194 Πατήρ
2979 5134 3119 5185 μου,
3166 5118 3352 5187 φησὶν,
3403 5118 3718 5188 ἐργάζεται,
3762 5125 3951 5194 κάγὼ

2344 5195 2671 5266 ἐργάζομαι.
2712 5198 2851 5249 Ἀλλ’
2875 5192 3019 5251 οῦτοι
3052 5201 3227 5254 πάντα
3254 5202 3426 5255 ταῦτα
3450 5192 3939 5275 παραδραμόντες,

2345 5280 2439 5331 καὶ
2464 5280 2526 5332 τὸ
2550 5280 2677 5342 Υίὸς
2708 5280 2879 5349 ὄνομα
2914 5281 2973 5334 οὑ
3006 5282 3209 5354 κυρίως
3232 5284 3577 5350 ἐκλαϐόντες,
3617 5287 3805 5357 ἐπειδὴ
3836 5293 3945 5345 καὶ

2345 5362 2499 5445 αὑτοὶ
2528 5362 2847 5445 τετίμηνται
2877 5366 2943 5434 τῇ
2971 5364 3079 5416 τῶν
3107 5364 3238 5417 υἰῶν
3267 5369 3605 5439 προσηγορίᾳ
3637 5370 3688 5433 δ,
3713 5372 3797 5433 είς

2346 5444 2521 5524 αὑτήν
2548 5444 2825 5497 εὐτέλειαν
2865 5446 2957 5498 τὸν
2981 5446 3108 5499 Υἰὸν
3142 5449 3437 5516 κατάγουσι
3471 5450 3742 5519 λέγοντες,
3784 5444 3946 5524 Ἐγὼ

2343 5522 2501 5592 εἶπα,
2544 5529 2668 5581 θεοί
2706 5528 2865 5591 ἐστε,
2901 5528 2997 5581 καί
3036 5530 3152 5582 υἱοὶ
3206 5532 3497 5599 Ὑψίστου
3534 5534 3775 5599 πάντες.
3828 5522 3932 5590 0-3-

2344 5610 2475 5662 κοῦν
2502 5610 2688 5680 ἐπειδὴ
2719 5611 2807 5663 διά
2836 5612 2935 5681 τὴν
2962 5610 3055 5663 τοῦ
3083 5614 3198 5665 υἱοῦ
3225 5616 3593 5687 προσηγορίαν
3621 5619 3726 5687 φῂς
3754 5621 3945 5686 μηδὲν

2345 5692 2487 5761 ἐχειν
2524 5710 2617 5744 σου
2647 5693 2809 5744 πλέον
2836 5694 2926 5745 τὸν
2965 5694 3109 5756 Υίὸν,
3141 5698 3231 5748 καὶ
3262 5698 3400 5750 κατὰ
3432 5700 3586 5751 τοῦτο
3616 5702 3752 5771 μηδὲ
3786 5701 3947 5759 εἶναι

2419 5772 2435 5809 ί
2455 5774 2551 5821 Alii
2578 5776 2763 5835 γέλωτα
2780 5776 3011 5833 οἴσουσιν,
3039 5782 3096 5826 οἱ.

2408 5837 2435 5897 β
2459 5836 2553 5882 Alii
2576 5838 2686 5897 λέγῃ
2710 5837 2788 5891 σὺ,
2824 5838 2997 5893 ἐκεῖνος
3020 5840 3165 5887 δὲκαὶ
3192 5842 3307 5891 ἔστι.

2401 5895 2430 5971 ξι
2458 5895 2797 5973 ξίαυοιιηξις.
2823 5904 2880 5959 τῇ
2922 5902 3233 5967 προσηγορίᾳ,
3263 5905 3435 5957 Merci.
3473 5913 3525 5958 et
3546 5908 3699 5961 Savil.
3730 5915 3784 5973 τῇ
3840 5918 3949 5964 τῶν

2342 5960 2459 6007 υῐῶν
2478 5960 2789 6022 προσηγορίᾳ.
