4186 6326
214 444 320 499 75⁸1

207 564 491 615 caritatem
516 566 746 612 vestram
763 554 1029 611 deducere
1052 555 1160 608 Deo
1183 550 1392 605 favente
1413 551 1666 602 conabor.
1693 547 1797 601 Sed

208 652 475 708 attendite
499 650 758 715 animum,
790 657 947 717 atque
973 630 1187 714 vigilate
1215 660 1228 694 :
1258 658 1378 696 nam
1402 641 1545 694 inter
1565 654 1657 693 eos
1687 639 1804 707 qni-

207 746 344 800 dem
370 745 455 815 qui
477 743 725 811 navigant
749 744 766 807 ,
796 740 919 793 licet
943 736 1209 792 dormiant
1238 748 1446 799 omnes,
1479 733 1520 786 si
1552 730 1696 785 solus
1730 730 1805 781 vi-

208 837 351 905 gilet
383 834 704 905 gubernator
728 873 742 897 ,
785 831 987 884 nullum
1025 836 1109 881 est
1134 825 1426 895 periculum
1451 864 1467 887 ,
1499 822 1624 874 dum
1666 819 1803 872 illius

210 925 490 997 vigilantia
532 932 588 977 et
630 938 719 977 ars
761 922 970 989 navigio
1014 932 1112 986 pro
1152 915 1401 969 omnibus
1447 912 1639 967 sufﬁcit
1671 927 1684 962 :
1718 910 1804 963 hic

211 1032 352 1072 vero
376 1031 481 1070 non
511 1016 579 1067 ita
611 1032 625 1066 :
654 1012 748 1067 sed
772 1012 895 1065 licet
910 1009 1091 1078 vigilet
1115 1015 1315 1069 orator,
1351 1004 1449 1058 nisi
1475 1002 1801 1069 vigilantiam

206 1106 463 1162 eamdem
503 1103 790 1159 exhibeant
824 1099 1095 1155 auditores
1117 1137 1134 1163 ,
1178 1095 1458 1149 demersus
1499 1091 1586 1145 hic
1623 1103 1803 1145 sermo

210 1210 407 1254 noster
435 1196 666 1268 peribit,
708 1207 881 1262 neque
928 1198 1162 1244 mentem
1207 1186 1405 1251 ullam,
1447 1197 1477 1235 a
1505 1197 1605 1251 qua
1638 1180 1804 1249 possit

207 1290 393 1358 excipi
419 1329 434 1353 ,
465 1286 817 1340 nanciscetur.
863 1281 1204 1356 Quapropter
1226 1275 1437 1329 sobrios
1463 1286 1582 1326 esse
1610 1284 1708 1323 nos
1740 1282 1805 1323 ac

209 1380 498 1449 vigilantes
527 1383 768 1445 oportet:
793 1370 1051 1441 siquidem
1072 1364 1531 1437 priestantioribus
1560 1362 1611 1415 in
1640 1361 1804 1414 rebus

207 1468 508 1537 negetiatio
554 1473 734 1519 nostra
780 1460 1075 1523 consistet,
1125 1472 1224 1511 nec
1263 1455 1329 1509 ad
1369 1469 1557 1507 aurum
1582 1492 1597 1514 ,
1625 1452 1703 1511 vel
1735 1450 1801 1503 ad

205 1570 495 1631 argentum
516 1600 533 1623 ,
582 1558 664 1611 vel
691 1556 757 1609 ad
785 1569 873 1609 res
900 1560 1187 1623 pereuntes
1213 1547 1349 1613 ,‘sed
1371 1546 1439 1599 ad
1460 1544 1695 1598 futuram
1727 1542 1805 1594 vi-

210 1664 326 1706 tam
353 1661 408 1705 et
434 1650 677 1705 cmlestes
706 1648 986 1701 thesaurus
1025 1639 1402 1712 adipiscendos
1440 1637 1754 1703 navigamus
1785 1650 1800 1686 :

208 1746 490 1811 multoque
534 1741 711 1809 plures
737 1738 823 1791 hic
847 1751 1006 1807 quam
1045 1735 1096 1787 in
1139 1732 1270 1786 mari
1302 1729 1386 1784 vel
1428 1730 1479 1781 in
1511 1738 1649 1781 terra
1680 1734 1804 1777 sunt

207 1834 317 1897 vise
351 1850 367 1885 :
397 1831 535 1897 quod
562 1832 604 1882 si
643 1828 761 1898 quis
804 1835 1054 1879 accurate
1095 1822 1217 1876 illas
1264 1830 1446 1875 tenere
1489 1816 1799 1881 nesciverit,

206 1922 617 1978 acerbissimum
663 1916 997 1986 naufragium
1040 1914 1293 1984 patietur.
1342 1910 1614 1978 Quotquot
1645 1906 1802 1976 igitur

209 2013 493 2066 nobiscum
522 2008 815 2078 navigatis,
858 2022 927 2060 ne
962 2003 1339 2059 conﬁdentiam
1368 2008 1672 2060 vectorum,
1704 1995 1800 2050 sed

206 2103 539 2173 vigilantiam
563 2108 615 2154 ct
636 2097 1049 2152 sollicitudinem
1071 2094 1323 2150 exhibete
1348 2091 1798 2161 gubernatorum:

186 2206 337 2251 .nam
382 2202 437 2250 et
478 2194 555 2248 illi
602 2193 727 2246 dum
773 2189 1160 2244 dormientibus
1204 2186 1416 2240 caeteris
1442 2182 1692 2238 omnibus
1733 2181 1802 2235 ad

203 2284 575 2356 gubernacula
602 2282 810 2347 sedent,
836 2296 942 2334 non
963 2281 1075 2334 vias
1102 2287 1307 2331 tantum
1336 2278 1386 2330 in
1410 2276 1562 2345 aquis
1581 2275 1803 2334 circnm-

204 2378 448 2450 spiciunt
470 2419 484 2438 ,
513 2376 604 2430 sed
636 2384 687 2429 et
724 2374 776 2428 in
804 2373 994 2428 caelum
1022 2388 1088 2425 ex
1117 2378 1264 2425 tanto
1303 2368 1597 2438 reSpiciunt
1630 2368 1800 2421 inter-

204 2456 375 2533 vallo,
404 2483 469 2522 ac
511 2465 675 2521 veluti
714 2480 871 2519 manu
897 2462 1124 2533 quadam
1154 2477 1182 2514 a
1210 2462 1488 2516 stellarum
1518 2475 1680 2513 cursu
1707 2458 1803 2513 de-

200 2558 399 2624 ducti,
450 2558 625 2611 navim
672 2571 796 2610 cum
848 2554 1137 2609 securitate
1187 2553 1533 2607 moderantur
1571 2569 1586 2604 :
1627 2566 1801 2620 neque

204 2648 433 2717 pelagus
459 2647 737 2717 imperitus
764 2645 902 2699 ullus
930 2644 1161 2699 interdiu
1190 2654 1296 2697 tam
1325 2641 1589 2711 intrepide
1618 2649 1802 2710 posset

203 2741 440 2806 intueri,
468 2750 630 2809 atque
665 2738 739 2793 illi
768 2737 1053 2807 tranquille
1087 2736 1261 2791 media
1293 2731 1469 2801 nocte,
1499 2748 1620 2788 cum
1650 2749 1797 2788 mare

202 2841 473 2887 terrorem
500 2830 672 2900 magis
705 2829 914 2894 incutit,
947 2828 1223 2898 vigilantes
1244 2837 1429 2895 pacate
1452 2840 1601 2879 suam
1629 2837 1798 2878 artem

199 2934 502 2988 exercent,
544 2930 597 2977 et
624 2936 730 2975 non
771 2920 991 2976 semitas
1019 2920 1193 2974 solum
1224 2919 1360 2971 inter
1392 2916 1563 2969 undas
1583 2956 1597 2977 ,
1629 2930 1805 2997 neque

200 3027 401 3068 cursus
438 3022 703 3067 astrorum
725 3051 740 3076 ,
773 3010 867 3066 sed
898 3019 953 3065 et
976 3018 1255 3063 ventorum
1281 3007 1455 3060 exitus
1481 3006 1798 3072 circumspi-

198 3104 391 3159 ciunt:
411 3112 659 3171 tantaque
679 3102 917 3156 virorum
944 3100 1153 3154 illorum
1172 3107 1251 3152 est
1270 3097 1549 3166 sapientia,
1580 3107 1630 3148 ut
1657 3110 1799 3164 smpe

202 3204 491 3249 ventorum
533 3194 792 3261 impetum
836 3189 1207 3245 vehementius
1249 3189 1581 3256 ingruentem
1614 3201 1676 3239 ac
1703 3201 1798 3237 na-

198 3286 406 3355 vigium
445 3284 826 3337 subversurum
852 3322 867 3346 ,
906 3281 1109 3335 crebris
1135 3279 1375 3333 velorum
1414 3276 1797 3331 mutationibus

196 3376 566 3446 excipientes,
611 3374 839 3428 solerter
866 3372 1156 3442 periculum
1196 3385 1359 3424 omne
1390 3369 1693 3439 depellant,
1742 3378 1797 3423 et

197 3468 454 3523 violentis
474 3474 752 3520 ventorum
800 3464 1099 3519 incursibus
1137 3470 1306 3516 artem
1337 3476 1486 3514 suam
1513 3474 1793 3531 opponen-

198 3573 307 3627 tes,
335 3559 635 3629 tempestati
661 3559 836 3611 navim
862 3556 1108 3625 eripiant.
1135 3555 1286 3623 Quod
1314 3556 1359 3608 si
1388 3570 1486 3625 pro
1511 3554 1793 3607 mundanis

198 3654 278 3707 illi
309 3652 473 3706 rebus
499 3651 601 3704 hoc
627 3648 880 3704 sensibile
904 3663 1053 3702 mare
1072 3649 1382 3717 navigantes
1399 3688 1416 3712 ,
1447 3647 1627 3700 animo
1652 3662 1793 3700 sem-

200 3758 300 3812 per
344 3749 470 3795 sunt
509 3740 645 3795 adeo
688 3740 958 3809 vigilanti,
1012 3739 1182 3792 multo
1223 3738 1390 3806 magis
1421 3737 1493 3791 ita
1532 3750 1630 3790 nos
1672 3751 1793 3791 esse

193 3842 542 3902 comparatos
584 3841 795 3900 oportet
834 3845 1003 3885 :cum
1054 3830 1349 3899 periculum
1402 3829 1790 3897 negligentibus

196 3925 378 3993 majus
406 3923 699 3986 immineat,
732 3921 1009 3990 majorque
1035 3923 1105 3975 sit
1131 3922 1393 3975 securitas
1424 3921 1785 3989 vigilantibus.

193 4016 333 4069 Nam
376 4029 549 4081 neque
595 4028 659 4066 ex
703 4010 973 4066 asseribus
1016 4021 1197 4064 nostra
1246 4012 1361 4065 haec
1402 4011 1591 4081 eymba
1642 4026 1792 4065 com—

194 4115 355 4175 pacta
382 4113 466 4158 est
489 4145 505 4168 ,
550 4103 643 4156 sed
670 4119 734 4156 ex
774 4102 967 4156 divinis
993 4110 1078 4157 est
1101 4102 1458 4172 conglutinata
1473 4100 1785 4172 Scripturis,

192 4209 301 4249 nec
340 4193 483 4246 illam
521 4192 688 4247 stellre
732 4207 960 4261 superne
992 4190 1299 4259 deducunt,
1347 4193 1440 4247 sed
1470 4193 1607 4247 hanc
1635 4194 1789 4247 nobis

190 4285 278 4337 sol
305 4283 529 4352 justitize
558 4269 946 4350 navigationem
979 4281 1286 4335 moderatur
1321 4300 1332 4334 :
1362 4297 1534 4349 neque
1564 4283 1786 4351 zephyri

192 4377 360 4431 ﬂatus
388 4374 483 4430 sed
511 4376 687 4429 lenem
711 4374 943 4442 Spiritus
972 4389 1155 4427 auram
1186 4375 1554 4442 praestolantes
1584 4374 1649 4427 ad
1680 4390 1782 4444 gu-

189 4467 483 4524 bernacula
511 4465 781 4520 sedemus.

267 4559 321 4612 2.
348 4556 640 4626 Vigilemus
666 4556 862 4621 itaque.
884 4555 1101 4625 viasque
1117 4554 1638 4624 circumspiciemus:
1665 4570 1783 4608 nam

192 4653 269 4707 de
300 4651 557 4720 unigeniti
602 4649 768 4720 gloria
820 4664 1005 4703 rursus
1053 4647 1205 4701 nobis
1245 4655 1325 4700 est
1368 4661 1547 4699 sermo
1578 4663 1591 4698 :
1621 4646 1783 4714 siqni-

190 4743 321 4795 dem
352 4740 650 4804 hominum,
679 4740 1009 4808 angelorum,
1041 4736 1478 4806 archangelorum
1508 4746 1562 4790 et
1586 4739 1781 4799 omnis,

191 4845 252 4886 ut
292 4833 595 4887 summatim
624 4830 837 4893 dicam,
882 4839 1140 4884 creatura:
1167 4838 1377 4897 captum
1422 4828 1781 4881 incredibilem

112 4976 125 4993 ,
190 4925 249 4977 in
280 4923 497 4974 modum
527 4935 779 4989 superare
798 4920 1144 4972 substantiam
1170 4918 1285 4980 Dei,
1310 4931 1408 4971 nec
1435 4918 1501 4969 ab
1530 4918 1614 4969 illa
1637 4931 1786 4969 com-

190 5014 455 5082 prehendi
481 5029 665 5082 posse,
695 5022 852 5082 atque
883 5012 1153 5080 unigenito
1176 5011 1296 5072 soli,
1327 5010 1588 5079 simulque
1612 5009 1783 5078 Spiri-

190 5107 271 5160 tui
302 5116 491 5159 sancto
514 5106 777 5173 cognitam
804 5112 857 5157 et
895 5111 1227 5172 perspectam
1258 5116 1376 5155 esse
1402 5100 1733 5155 ostendinms
1767 5118 1780 5153 :

193 5212 343 5251 nunc
394 5204 573 5249 autem
618 5195 685 5248 ad
732 5195 956 5247 alteram
1007 5201 1211 5262 partem
1262 5191 1571 5245 certaminis
1613 5190 1784 5243 oratio

193 5278 514 5342 traducitur.
562 5284 860 5351 Quwrimus
887 5285 1028 5338 enim
1059 5301 1125 5337 an
1170 5283 1411 5351 ejusdem
1443 5282 1650 5335 virtutis
1674 5322 1687 5343 ,
1717 5298 1783 5334 an

191 5378 441 5445 ejusdem
466 5378 715 5446 potentia:
743 5377 830 5441 sit,
864 5392 929 5429 an
953 5376 1191 5445 ejusdem
1217 5391 1337 5429 cum
1364 5375 1521 5429 Patre
1539 5377 1786 5428 substan—

192 5475 282 5523 tiae
306 5468 474 5522 Filius
504 5487 516 5521 :
544 5469 653 5523 imo
679 5484 806 5523 vero
833 5483 937 5522 non
954 5469 1263 5539 qumritnus,
1287 5466 1381 5520 sed
1404 5465 1600 5519 Christi
1625 5466 1785 5519 bene—

195 5567 323 5621 ﬁcio
344 5566 455 5635 jam
484 5566 815 5631 invenimus,
844 5575 898 5617 et
927 5564 1149 5617 ﬁrmiter
1175 5572 1436 5623 tenenms,
1466 5560 1559 5613 sed
1586 5561 1651 5612 ad
1684 5558 1784 5611 hoc

191 5663 371 5728 ipsum
398 5656 870 5711 demonstrandum
912 5656 1006 5720 iis,
1035 5655 1127 5723 qui
1175 5654 1510 5722 impudenter
1534 5650 1616 5704 his
1643 5650 1785 5705 obsi-

187 5756 371 5814 stunt,
408 5749 520 5817 jam
561 5762 656 5802 nos
681 5748 1023 5816 accingimus.
1070 5746 1354 5800 Enimvero
1384 5743 1546 5812 pudet
1585 5757 1690 5807 me,
1722 5756 1785 5795 ac

187 5841 393 5898 rubore
432 5840 708 5896 sull‘undor
732 5880 747 5904 ,
794 5855 914 5894 cum
944 5838 1203 5907 ejusmodi
1232 5852 1349 5893 sum
1374 5836 1668 5891 orationem
1699 5835 1782 5889 it:-

1146 438 1233 493 DE
1270 426 1917 501 CONSUDSTA‘NTI.\LI,
1950 435 2223 492 CONTRA
2264 434 2642 493 ANOMGSOS.
2674 429 2789 484 ΠΙ.

1908 550 2190 616 gressdrus
2223 566 2236 601 :
2268 550 2385 618 quis
2428 550 2569 604 enim
2608 562 2704 601 nos
2744 562 2847 599 non
2874 545 3039 601 rideat
3065 589 3081 613 ,
3130 548 3218 616 qui
3248 562 3333 601 res
3359 550 3493 604 adeo

1908 640 2081 693 claras
2119 641 2345 711 probare
2387 657 2450 695 ac
2496 643 2866 696 demonstrare
2904 640 3195 712 conemur?
3241 641 3370 709 Quis
3393 638 3492 697 eos

1911 746 2017 783 non
2040 730 2287 796 damnet,
2316 732 2404 801 qui
2435 741 2679 801 qumrunt
2707 747 2829 785 Imm
2858 732 3325 786 consubstantialis
3354 722 3498 786 Patri

1910 821 1979 871 sit
2008 819 2219 873 Filius?
2268 820 2320 874 ld
2351 823 2596 907 cnim‘cst
2624 836 2728 875 non
2756 819 3046 891 Scripturis
3074 822 3284 899 solum,
3314 822 3407 877 sed
3438 833 3493 875 et

1910 912 2179 963 communi
2240 912 2512 965 hominum
2576 913 2813 967 omnium
2870 912 3149 967 sententia:
3197 928 3261 968 ac
3313 928 3489 967 rerum

1911 1011 2112 1054 naturae
2165 1000 2457 1055 adversari.
2525 1002 2657 1056 Nam
2710 1002 2947 1074 ejusdem
3008 1019 3130 1059 esse
3185 1003 3494 1058 substantia:

1907 1094 2143 1161 genitum
2169 1104 2327 1165 atque
2354 1097 2647 1166 genitorem
2672 1139 2687 1160 ,
2739 1113 2843 1151 non
2873 1098 2922 1151 in
2956 1098 3260 1152 hominibus
3294 1098 3491 1162 Sulllﬂl,
3552 1156 3555 1159 _

1910 1184 2003 1238 sed
2040 1195 2094 1238 et
2140 1186 2192 1238 in
2232 1188 2438 1240 cunctis
2485 1188 2843 1242 animantibus
2872 1200 2924 1243 et
2972 1187 3344 1243 in‘arboribus
3370 1203 3493 1243 cer~

1901 1281 2039 1329 'nere
2065 1274 2209 1329 licet.
2736 1288 2743 1290 ‘

1984 1363 2174 1417 Filiam
2202 1366 2678 1421 consubstantialem
2701 1384 2810 1421 esse
2838 1365 2986 1421 Patri
3004 1368 3269 1437 probatur.
3292 1397 3362 1409 —-
3391 1370 3499 1423 Αιιο

1910 1468 2014 1506 non
2060 1454 2220 1523 igitur
2264 1455 2553 1509 absurdum
2585 1466 2702 1522 est,
2734 1458 2778 1512 si
2809 1474 2928 1511 cum
2959 1460 3009 1511 in
3052 1458 3279 1526 plantis,
3311 1458 3363 1512 in
3396 1458 3496 1512 ho-

1910 1544 2139 1597 minihus
2192 1553 2248 1599 et
2292 1546 2610 1599 animalibus
2648 1546 2869 1600 immota
2902 1547 2985 1601 lex
3037 1549 3135 1601 ista
3177 1557 3419 1609 maneat.
3447 1549 3497 1601 in

1912 1636 2020 1689 Deo
2054 1645 2255 1689 tanttnn
2288 1653 2405 1690 eam
2437 1652 2652 1692 movere
2679 1638 2813 1692 velis
2840 1647 2893 1692 et
2919 1639 3268 1694 subvertere?
3292 1638 3397 1694 Sed
3430 1656 3498 1693 ne

1909 1726 2189 1791 videamur
2221 1744 2284 1780 ex
2313 1729 2473 1783 rebus
2504 1738 2730 1794 tantum,
2769 1734 2890 1799 qua-
2911 1713 3049 1799 apud
3081 1745 3179 1786 nos
3199 1739 3357 1799 sunt,
3383 1734 3498 1787 ha-c

1906 1815 2227 1870 conﬁrmare
2247 1858 2263 1883 ,
2294 1832 2390 1887 age
2410 1818 2584 1872 duetis
2612 1820 2680 1873 ab
2705 1820 2834 1889 ipsis
2856 1819 3143 1888 Scripturis
3168 1823 3498 1891 argumentis

1902 1906 1960 1958 id
2008 1907 2383 1970 ostendamus,
2430 1919 2484 1963 et
2533 1912 2601 1963 de
2653 1911 2734 1964 his
2782 1925 3085 1978 sermonem
3133 1913 3492 1967 instituamus.

1907 1997 2092 2067 Neque
2120 2000 2263 2054 enim
2292 2016 2389 2055 nos
2408 2043 2423 2065 ,
2455 2004 2545 2072 qui
2576 2004 2813 2072 persuasi
2844 2020 3059 2069 sumus,
3092 2006 3186 2059 sed
3215 2007 3290 2060 illi
3319 2006 3497 2061 incre-

1906 2087 2013 2140 duli
2042 2088 2150 2142 risu
2178 2090 2320 2160 digni
2348 2091 2748 2159 judicabuntur,
2778 2097 2867 2162 qui
2899 2094 3061 2147 rebus
3088 2094 3225 2149 adeo
3249 2089 3410 2150 claris
3433 2107 3492 2150 et

1906 2178 2242 2251 evidentibus
2293 2197 2353 2236 se
2407 2178 2718 2251 opponunt,
2753 2198 2818 2239 ac
2864 2186 3069 2239 veritati
3124 2186 3493 2241 adversantur.

1907 2268 2052 2334 Quas
2087 2279 2142 2324 tu
2184 2287 2270 2326 res
2310 2273 2518 2339 claras,
2550 2274 2825 2343 inquiunt,
2856 2275 3080 2330 narras?
3103 2275 3159 2332 Si
3186 2278 3327 2332 enim
3370 2280 3493 2348 quia

1908 2360 2071 2444 Filius
2108 2363 2322 2429 dicitur,
2342 2365 2822 2433 ponsubstantialis
2865 2378 2948 2422 est
2997 2369 3171 2433 Patri,
3204 2372 3497 2440 poterimus

1908 2471 2009 2510 nos
2053 2472 2267 2526 quoque
2303 2458 2790 2515 consubstantiales
2815 2475 2970 2515 esse:
3004 2478 3125 2516 nam
3165 2473 3221 2517 et
3273 2479 3371 2518 nos
3399 2465 3490 2520 ﬁlii

1906 2546 2166 2601 dicimur:
2195 2547 2308 2618 Ego
2337 2549 2482 2603 enim
2519 2550 2648 2615 dixi,
2678 2551 2885 2620 inquit,
2916 2550 3004 2605 Dii
3032 2552 3149 2606 estis
3175 2564 3222 2607 et
3246 2554 3344 2621 ﬁlii
3386 2553 3505 2610 Es-

1904 2637 2027 2690 celai
2052 2654 2223 2690 omnes
2252 2637 2422 2708 (Psal.
2457 2639 2544 2695 81.
2567 2639 2649 2710 6).
2679 2640 2724 2694 0
2751 2640 3164 2710 impudentiam!
3194 2659 3229 2697 ο
3271 2644 3499 2699 demen-

1906 2730 2033 2783 tiam
2080 2732 2380 2785 summam!
2432 2748 2593 2800 quam
2643 2734 2923 2789 evidenter
2946 2750 3098 2789 suam
3145 2736 3197 2790 in
3247 2739 3497 2793 omnibus

1906 2821 2165 2875 insaniam
2221 2822 2481 2892 produnt!
2530 2825 2662 2877 Cum
2711 2825 2780 2880 de
2829 2827 3352 2895 incompreltensibili
3403 2829 3495 2885 Dei

1904 2914 2197 2967 substantia
2253 2930 2555 2970 sermonem
2618 2917 3047 2983 institueremus,
3088 2919 3191 2975 hoc
3242 2922 3343 2976 sibi
3387 2923 3503 2978 vin-

1903 3002 2083 3057 dicare
2126 3004 2551 3071 contendebant,
2612 3008 2753 3076 quod
2806 3004 3069 3079 unigeniti
3113 3021 3229 3065 erat
3287 3015 3494 3080 solius,

1903 3095 2054 3164 quasi
2083 3096 2336 3151 nimirum
2391 3098 2462 3152 ita
2491 3099 2656 3154 Deum
2700 3101 2935 3169 perfecte
2980 3104 3258 3169 noverint,
3291 3115 3350 3160 ut
3402 3122 3493 3162 se-

1904 3187 2076 3255 ipsum
2109 3189 2253 3242 novit
2279 3189 2426 3257 ipse:
2454 3190 2563 3259 jam
2595 3207 2722 3246 vero
2747 3208 2868 3246 cum
2909 3192 2977 3248 de
3018 3195 3182 3264 gloria
3232 3198 3489 3267 unigeniti

1903 3279 2064 3333 verba
2111 3278 2371 3347 facimus,
2399 3282 2466 3335 ad
2517 3298 2667 3336 suam
2700 3284 2844 3338 illum
2888 3284 3190 3354 deprimere
3234 3288 3490 3344 vilitatem

1899 3371 2263 3437 contendunt,
2313 3373 2566 3443 aiuntque
2600 3373 2751 3428 :Nos
2792 3375 2951 3429 etiam
3004 3377 3093 3429 lilii
3140 3379 3490 3447 appellamur:

1901 3476 2001 3517 nec
2027 3472 2203 3516 tamen
2235 3464 2390 3532 plane
2420 3458 2519 3518 nus
2539 3464 2677 3519 istud
2704 3465 3188 3521 consubstantiales
3217 3468 3329 3523 Deo
3368 3472 3491 3524 red-

1898 3555 1996 3609 dit.
2020 3555 2097 3609 Tu
2130 3555 2294 3609 Filius
2342 3556 2658 3626 appellaris,
2688 3568 2742 3610 at
2766 3558 2852 3612 ille
2878 3568 3010 3613 est-:
3056 3558 3143 3613 hic
3172 3561 3486 3630 appellatio,

1900 3646 2008 3699 illic
2037 3661 2122 3699 res
2152 3646 2299 3715 ipsa;
2327 3656 2381 3699 tu
2415 3646 2551 3701 ﬁlius
2597 3649 2884 3717 appellaris
2904 3650 3049 3711 "sed
3094 3652 3396 3722 unigenitus
3426 3665 3486 3708 ut

1897 3745 1951 3790 et
1982 3738 2069 3791 ille
2097 3753 2200 3790 non
2228 3738 2535 3807 appellaris,
2568 3739 2661 3791 sed
2683 3740 2737 3793 in
2762 3740 2881 3793 sinu
2905 3740 3076 3795 Patris
3099 3757 3204 3797 n0n
3233 3745 3484 3810 versaris,

1896 3831 1987 3883 sed
2018 3844 2121 3883 non
2149 3845 2207 3884 es
2236 3830 2491 3897 splendor
2517 3830 2721 3900 gloria},
2756 3847 2929 3901 neque
2956 3832 3121 3902 ﬁgura
3151 3834 3483 3902 substantia,

1897 3938 2070 3990 neque
2101 3922 2193 3975 Dei
2227 3922 2394 3975 forma
2425 3922 2637 3976 exsistis
2658 3920 2840 3991 (Hebr.
2870 3924 2920 3977 l.
2944 3923 3093 3999 5).Si
3107 3939 3234 3995 ergo
3255 3926 3346 3980 tibi
3377 3942 3483 3981 non

1895 4012 2364 4081 persuaseritillad
2387 4013 2553 4081 prius,
2580 4013 2696 4067 ham.
2713 4022 2767 4068 et
2787 4013 2870 4068 his
2890 4015 3056 4070 multo
3083 4016 3230 4085 plura
3265 4032 3485 4086 persua-

1894 4105 2085 4167 deant,
2119 4120 2238 4173 quae
2278 4104 2511 4158 nobilem
2556 4105 2674 4173 ejus
2720 4106 2981 4175 originem
3026 4107 3169 4161 illam
3201 4118 3483 4165 testantur.

1892 4194 2116 4261 Quando
2140 4196 2282 4249 enim
2305 4196 2652 4271 substantiam
2682 4210 2831 4250 suam
2860 4212 2889 4249 a
2924 4207 3140 4265 paterna
3160 4199 3272 4253 vult
3296 4208 3482 4255 osten-

1892 4285 2020 4339 dere
2068 4285 2209 4337 nulla
2255 4301 2318 4339 ex
2346 4294 2499 4356 parte
2528 4272 2793 4339 diversam
2814 4328 2830 4352 ,
2860 4286 2955 4352 Qui
2987 4288 3109 4341 vidit
3142 4306 3240 4352 me,
3275 4291 3473 4360 inquit,

1891 4376 2013 4428 vidit
2047 4374 2257 4428 Patrem
2294 4374 2475 4443 (Joan.
2505 4376 2591 4429 l4.
2619 4373 2677 4445 9)
2718 4377 2967 4445 :quando
2997 4382 3262 4449 propriam
3310 4384 3479 4435 virtu-

1894 4476 2031 4531 tem,
2066 4463 2174 4535 Ego
2197 4506 2211 4529 ,
2245 4464 2442 4533 inquit,
2473 4474 2520 4517 et
2556 4463 2708 4517 Pater
2752 4483 2908 4518 unum
2936 4484 3108 4521 sumus
3178 4468 3355 4540 (Joan.
3387 4473 3472 4526 l0.

1891 4557 1981 4628 50)
2010 4576 2022 4610 :
2056 4557 2267 4625 quando
2297 4557 2574 4625 potestatis
2605 4558 2960 4627 aequalitatem
2982 4600 2997 4623 ,
3030 4559 3175 4614 Sicut
3202 4562 3335 4614 enim
3365 4563 3475 4617 Pa-

1890 4660 1965 4702 ter
2013 4650 2219 4703 suscitat
2266 4658 2527 4711 mortuos,
2584 4660 2631 4700 et
2658 4650 3002 4717 viviﬁcqtnic
3032 4660 3079 4704 et
3135 4651 3303 4707 Filius
3349 4671 3477 4723 quos

1891 4742 1995 4793 vult
2030 4740 2246 4807 viviﬁcat
2268 4738 2379 4807 (Id.
2405 4739 2456 4792 5.
2480 4738 2575 4804 21)
2619 4757 2631 4792 :
2681 4740 2893 4807 quando
2920 4742 3095 4795 cultus
3122 4742 3473 4809 idenlitalem,

1895 4830 1961 4885 Ut
1991 4846 2159 4883 omnes
2190 4830 2522 4895 honori/lceat
2553 4828 2764 4894 Filium,
2796 4831 2926 4883 sicut
2974 4833 3313 4901 honoriﬁcmtt
3362 4835 3470 4890 Pa-

1891 4934 2016 4975 trem
2046 4921 2208 4989 (Ibid.
2241 4938 2289 4974 v.
2318 4922 2409 4990 23)
2438 4938 2451 4973 :
2492 4923 2706 4989 quando
2750 4921 2967 4976 demum
3000 4924 3051 4976 in
3078 4912 3276 4993 legum
3304 4938 3478 4981 muta—

1893 5014 2125 5067 tionibus
2154 5012 2526 5065 auctoritatem
2549 5052 2562 5075 ,
2589 5010 2744 5064 Pater
2790 5028 2928 5065 meus
2950 5053 2963 5077 ,
2997 5014 3186 5083 inquit,
3216 5027 3473 5084 operatur,

1890 5114 1935 5156 et
1961 5120 2049 5171 ego
2076 5119 2257 5170 operor
2301 5099 2466 5169 (Ibid.
2492 5118 2540 5153 υ.
2575 5101 2676 5170 l7).
2703 5101 2773 5154 At
2802 5101 2887 5155 isti
2935 5101 3018 5155 his
3065 5105 3312 5159 omnibus
3341 5123 3474 5174 pra:-

1893 5194 2179 5256 termissis,
2203 5192 2329 5245 dum
2361 5207 2554 5245 nomen
2595 5192 2765 5246 Filius
2796 5194 3011 5261 proprie
3040 5210 3145 5248 non
3174 5197 3439 5265 accipiunt
3460 5238 3473 5259 .

1889 5285 2011 5353 quia
2042 5292 2095 5337 et
2138 5283 2235 5352 ip.i
2266 5282 2494 5335 ﬁliorum
2536 5290 2660 5335 sttnt
2701 5283 3056 5351 appellatione
3087 5283 3360 5352 decorati,
3408 5288 3474 5341 ad

1890 5377 2131 5433 eamdem
2184 5372 2373 5427 Filium
2404 5373 2711 5443 deprimunt
2746 5374 3002 5428 vilitatem
3048 5374 3334 5448 aiuntque:
3362 5375 3475 5446 Ego

1891 5468 2019 5531 dixi,
2051 5466 2136 5520 Dii
2188 5466 2326 5529 estis,
2375 5475 2421 5517 et
2469 5465 2564 5531 ﬁlii
2607 5463 2811 5517 Excelsi
2857 5481 3028 5517 omnes
3069 5464 3239 5535 (Psal.
3273 5466 3363 5521 8|.
3396 5470 3473 5537 6).

1890 5558 2115 5625 Quando
2148 5558 2304 5627 igitur
2336 5543 2561 5627 propter
2591 5556 2728 5609 hanc
2759 5556 2850 5609 ﬁlii
2878 5558 3288 5627 appellationem
3340 5560 3472 5614 nihil

1891 5651 2153 5721 amplius,
2181 5665 2341 5717 quam
2390 5659 2444 5703 tu
2467 5692 2481 5714 ,
2513 5649 2711 5705 habere
2738 5648 2931 5703 Filium
2973 5649 3246 5713 afﬁrmas,
3278 5660 3333 5705 et
3377 5652 3476 5709 hac

1890 5742 2098 5795 ratione
2125 5741 2236 5794 ﬁeri
2267 5750 2323 5794 ut
2344 5756 2410 5795 ne
2442 5756 2601 5794 verus
2622 5741 2836 5809 quidem
2860 5741 2928 5794 sit
2955 5741 3115 5806 ﬁlius,
3156 5747 3321 5798 etiam
3353 5760 3475 5813 pro-

1894 5844 2012 5903 pter
2041 5832 2450 5902 appellationem
2494 5832 2617 5897 Dei,
2644 5832 2893 5901 quoniam
2939 5842 2993 5887 et
3038 5831 3139 5886 hoc
3167 5833 3259 5888 tibi
3284 5848 3475 5890 nomen
