4186 6326
0 128 13 149 ἷ

0 160 11 189 ξπ

0 208 7 223 Ι

0 262 3 277 Γ

0 340 13 359 ι,

0 372 11 399 Α.

0 404 11 431 μ

0 464 9 491 εξ

0 530 13 549 ι..

0 658 7 669 ι

0 968 3 977 μ

0 1042 5 1061 i

0 1102 5 1113 η

0 1894 9 1925 ξ

0 2006 9 2015 .

0 2058 7 2087 ξ

0 2098 11 2117 ξ

0 2244 9 2265 l‘

0 2292 7 2303 .

22 3176 33 3215 .3

0 3324 51 4007 4

745 372 849 428 ’ἕόθ
1480 373 1537 428 S.
1576 372 1856 433 JOANNIS
1878 372 2357 432 CHRYSOSTOMI
2396 376 2718 434 ARCHIEP.
2758 379 3298 440 CONSTANTINOP.

743 488 1060 557 impertivit,
1091 472 1221 544 nihil
1261 488 1521 558 amplius,
1558 505 1716 559 quam
1750 498 1835 555 tu,
1871 490 2082 545 Patrem
2128 489 2328 545 habere

738 580 968 637 fortasse
993 580 1310 637 contendes.
1343 580 1409 636 Ut
1437 581 1580 636 enim
1630 581 1771 635 illius
1799 591 2017 639 vocatus
2046 596 2125 648 es,
2156 582 2233 635 sic
2277 589 2333 636 et

736 672 873 727 deus
900 688 962 728 es
979 681 1238 747 vocatus:
1268 676 1323 727 at
1354 672 1804 743 quemadmodum
1848 675 1981 729 deus
2005 685 2223 746 vocatus
2243 674 2327 727 di-

736 779 868 820 cere
907 764 1212 821 non;audes
1242 764 1442 819 nudum
1474 764 1583 819 illic
1623 779 1745 819 esse
1775 782 2001 831 nomen,
2028 765 2121 818 sed
2146 780 2327 819 verum

735 869 859 910 esse
902 848 1069 911 Deum
1106 855 1318 911 Patrem
1346 855 1524 910 fateris
1560 856 1673 909 :ila
1722 870 1892 924 neque
1932 855 1999 910 de
2029 854 2164 908 Filio
2206 871 2327 908 cum

735 948 930 1018 agitur,
963 947 1101 1002 aude
1129 949 1358 1019 teipsum
1407 948 1459 1002 in
1491 948 1721 1001 medium
1770 947 1964 1000 inferre
2005 961 2071 1000 ac
2110 944 2325 1012 dicere,

738 1037 906 1092 Filius
935 1054 1035 1109 ego
1060 1054 1275 1109 quoque
1299 1055 1416 1092 sum
1448 1045 1694 1092 vocatus:
1723 1051 1953 1105 cumque
1976 1021 2196 1091 minime
2226 1036 2325 1091 sim

734 1130 976 1199 ejusdem
1013 1130 1358 1197 substantiae,
1381 1144 1555 1199 neque
1583 1128 1823 1198 ejusdem
1865 1128 1961 1199 ille
1983 1128 2142 1180 debet
2169 1142 2323 1189 esse;

735 1240 858 1279 nam
880 1239 999 1294 quas
1025 1233 1148 1278 sunt
1168 1234 1479 1278 enumerata
1506 1231 1693 1275 cuncta
1718 1236 1905 1274 verum
1930 1219 2078 1273 illum
2100 1234 2221 1274 esse
2245 1219 2327 1273 Fi—

732 1315 859 1369 lium
897 1311 1137 1384 ejusdem
1164 1314 1474 1368 substantiae
1512 1329 1634 1366 cum
1661 1313 1905 1383 genitore
1934 1312 2321 1367 demenstrant.

732 1406 954 1474 Quando
972 1408 1112 1460 enim
1128 1405 1364 1474 ejusdem
1384 1419 1504 1457 esse
1522 1418 1643 1457 cum
1671 1403 1761 1456 illo
1791 1400 1978 1456 forma:
2007 1412 2166 1470 atque
2185 1400 2328 1468 ejus-

730 1500 852 1553 dem
876 1499 1058 1569 ﬁgurae.
1070 1498 1225 1565 dicit,
1254 1496 1380 1566 quid
1403 1496 1543 1549 aliud
1565 1510 1721 1565 quam
1746 1494 2055 1551 substantia:
2077 1507 2179 1545 non
2206 1506 2326 1546 esse

732 1596 836 1647 ulla
858 1610 923 1647 ex
946 1602 1095 1662 parte
1118 1590 1481 1646 diversitatem
1504 1587 1776 1644 ostendit?
1806 1586 1939 1641 Nam
1965 1592 2137 1653 neque
2159 1586 2324 1637 forma

725 1687 874 1741 estin
892 1688 1027 1750 Deo,
1058 1700 1228 1753 neque
1251 1682 1412 1737 facies
1438 1679 1914 1751 :quemadmodum
1947 1677 2044 1730 ista
2070 1676 2222 1741 dicis,
2246 1675 2323 1727 in~

729 1777 963 1848 quit,dic
998 1776 1159 1835 etiam
1182 1774 1445 1828 contraria
1468 1788 1487 1829 :
1515 1786 1757 1840 quaenam
1789 1769 1997 1823 tandem
2022 1766 2325 1822 contraria?

728 1868 1037 1940 Cujusmodi
1062 1877 1171 1928 est,
1202 1865 1345 1936 quod
1379 1865 1519 1919 Patri
1543 1863 1805 1931 supplicet
1825 1880 1839 1916 :
1862 1876 1988 1933 quam
2011 1860 2055 1915 si
2085 1858 2321 1929 ejusdem

719 1962 944 2043 ,virtqtis
969 1968 1079 2024 est,
1109 1958 1459 2028 ejusdemque
1482 1955 1796 2012 substantia:
1823 1996 1836 2019 ,
1868 1968 1931 2007 ac
1973 1968 2067 2022 per
2096 1961 2325 2021 potesta-

728 2066 835 2112 tem
858 2055 1038 2108 omnia
1064 2052 1299 2123 peragit,
1325 2066 1487 2121 quam
1510 2049 1578 2111 ob
1604 2062 1817 2102 causam
1842 2043 2146 2114 supplicat?

798 2150 854 2206 3.
897 2147 1009 2216 Ego
1035 2160 1162 2200 vero
1196 2124 1308 2197 non
1362 2142 1477 2194 haec
1525 2139 1697 2193 solum
1741 2138 1936 2199 dicam,
1970 2134 2065 2189 sed
2119 2143 2173 2188 et
2218 2132 2320 2185 alia

726 2256 1075 2312 qnzccumque
1116 2236 1335 2292 humilia
1380 2235 1448 2289 de
1492 2234 1609 2302 ipso
1655 2232 1795 2285 dicta
1839 2237 1996 2292 sunt,
2042 2227 2323 2293 diligenter

728 2311 907 2387 otnnia
939 2345 1232 2401 proponam
1253 2370 1268 2391 ,
1300 2328 1343 2381 si
1368 2311 1601 2396 primum
1636 2322 1763 2378 illud
1788 2321 2009 2383 dixero,
2044 2318 2174 2371 mihi
2208 2316 2322 2384 qui-

728 2427 851 2481 dem
879 2438 1065 2479 eorum
1090 2464 1105 2485 ,
1137 2436 1255 2492 quae
1288 2417 1564 2473 humiliter
1592 2417 1657 2469 de
1684 2415 1799 2483 ipso
1828 2421 1954 2467 sunt
1977 2411 2114 2465 dicta
2136 2450 2150 2475 ,
2181 2407 2318 2460 mul-

728 2530 811 2575 tas
836 2528 892 2575 et
912 2520 1083 2587 justas
1106 2512 1453 2585 proiercndas
1483 2522 1673 2563 causas
1699 2514 1985 2575 suppetere
2006 2546 2020 2569 ,
2051 2511 2100 2555 te
2143 2510 2319 2555 autem

726 2627 912 2669 eorum
936 2654 952 2678 ,
991 2624 1111 2679 quae
1164 2604 1414 2661 sublimia
1466 2610 1589 2656 sunt
1618 2610 1777 2675 atque
1818 2597 2083 2667 gloriosa,
2119 2593 2318 2646 nullam

727 2706 883 2759 aliam
929 2715 1083 2770 posse
1128 2698 1463 2752 occasionem
1509 2692 1733 2751 alierre,
1761 2703 1921 2759 quam
1975 2684 2116 2755 quod
2168 2698 2338 2760 suam‘

727 2796 882 2850 nobis
898 2789 1133 2846 voluerit
1153 2787 1482 2842 nobilitatem
1506 2783 1777 2837 indicare:
1812 2776 2240 2849 quandoquidem
2267 2773 2319 2828 id

727 2888 779 2941 ni
808 2888 875 2940 ita
898 2899 957 2938 se
986 2884 1173 2937 habent
1196 2920 1211 2946 ,
1239 2893 1410 2948 pugna
1438 2876 1542 2932 erit
1565 2885 1618 2929 et
1639 2884 1908 2927 certamen
1930 2870 1983 2924 in
2010 2866 2317 2936 Scripturis.

728 2978 858 3033 Nam
885 2975 1026 3046 quod
1056 2975 1160 3037 ait,
1198 2971 1344 3026 Sicut
1377 2968 1531 3022 Pater
1551 2966 1759 3022 suscitat
1817 2972 2047 3016 mortuos
2066 3001 2081 3026 ,
2122 2970 2169 3013 et
2198 2958 2320 3012 vivi-

728 3074 847 3141 ﬁcat
875 3068 1032 3139 (Joan
1062 3067 1113 3123 5.
1146 3064 1238 3132 21)
1262 3081 1277 3131 ;
1301 3065 1372 3117 sic
1399 3073 1445 3117 et
1473 3059 1640 3114 Filius
1666 3074 1789 3129 quos
1832 3056 1942 3111 vult
1988 3054 2205 3122 vivi/icat
2227 3095 2241 3117 ,
2267 3061 2321 3107 et

727 3178 1075 3238 quiscumque
1105 3162 1206 3216 alia
1234 3159 1377 3225 dixi,
1404 3167 1457 3212 et
1481 3155 1624 3226 quod
1647 3168 1832 3209 rursus
1862 3159 1978 3205 oret
2002 3192 2016 3215 ,
2045 3165 2164 3204 cum
2194 3146 2319 3202 illud

727 3262 777 3317 ei
811 3260 969 3315 fuerit
1019 3256 1316 3327 agendum,
1374 3250 1703 3307 contrarium
1750 3255 1869 3302 est:
1898 3244 1991 3299 sed
2044 3244 2087 3296 si
2133 3256 2321 3296 causas

728 3366 989 3423 aperuere
1009 3392 1024 3416 ,
1057 3349 1265 3403 sublata
1294 3344 1468 3399 omnis
1496 3343 1594 3397 erit
1617 3338 1828 3393 occasio
1854 3332 2151 3390 dubitandi.

796 3442 904 3499 Cur
951 3443 1011 3496 de
1048 3439 1249 3496 Christo
1279 3435 1493 3490 humilia
1534 3432 1670 3485 dicta
1719 3429 1926 3501 fuerint.
1956 3456 2028 3466 —
2065 3425 2319 3492 Quaenam

730 3537 889 3607 igitur
934 3542 1058 3588 sunt
1097 3544 1306 3593 causa},
1337 3542 1432 3582 cur
1475 3540 1595 3579 cum
1638 3523 1785 3592 ipse,
1818 3529 1928 3573 tum
1981 3515 2207 3586 apostoli
2255 3514 2322 3567 de

731 3629 850 3699 ipso
880 3625 1098 3679 humilia
1139 3620 1317 3676 multa
1338 3614 1610 3672 dixerint?
1641 3613 1814 3667 Prima
1839 3608 2053 3679 quidem
2084 3620 2241 3661 causa
2269 3612 2323 3699 elt

691 3683 997 3781 amaxima,
1044 3713 1184 3784 quod
1239 3712 1353 3781 ipse
1406 3722 1569 3762 carne
1619 3702 2050 3767 indutusiuerit,
2096 3714 2159 3754 ac
2211 3683 2320 3751 ιιιῶ

732 3811 865 3876 illis,
917 3808 1007 3878 qui
1062 3814 1191 3860 tunc
1233 3811 1420 3867 erant,
1475 3809 1587 3853 tum
1634 3797 1957 3867 quicumque
1998 3802 2116 3861 post
2160 3789 2323 3843 futuri

730 3910 913 3963 erant,
942 3897 1190 3953 omnibus
1218 3894 1376 3959 [idem
1402 3891 1577 3945 facere
1602 3888 1761 3942 vellet
1780 3901 1929 3953 ,mon
1960 3884 2201 3939 umbram
2228 3883 2325 3936 ali-

731 4010 889 4064 quam
916 4006 1067 4055 esse,
1096 4004 1268 4059 neque
1298 3988 1516 4055 ﬁguram
1545 3990 1750 4055 tantum
1800 3978 1850 4032 id
1878 3979 2019 4049 quod
2073 3976 2323 4064 cerneba-

732 4055 837 4152 tur,
876 4084 969 4140 sed
998 4055 1275 4136 veritatem
1305 4088 1532 4131 naturae.
1563 4074 1619 4128 Si
1662 4072 1804 4127 enim
1845 4086 1964 4124 cum
1991 4078 2069 4123 tot
2104 4055 2323 4123 hiimilia

732 4189 787 4236 et
817 4180 1045 4232 humana
1073 4173 1304 4228 dixerint
1328 4167 1550 4237 apostoli
1569 4207 1582 4225 .
1611 4174 1665 4219 et
1694 4165 1810 4233 ipse
1837 4162 1904 4218 de
1930 4161 2128 4230 seipso,
2154 4161 2328 4230 potuit

734 4281 911 4325 tamen
952 4264 1191 4321 diabolus
1221 4261 1430 4316 miseris
1455 4259 1657 4326 aliquot
1703 4254 2007 4309 hominibus
2033 4263 2087 4306 et
2127 4268 2324 4306 aerum-

733 4361 879 4417 nosis
910 4355 1232 4429 persuadere
1255 4394 1269 4417 ,
1303 4360 1362 4405 ttt
1399 4346 1809 4419 dispensationis
1856 4346 2118 4400 rationem
2169 4359 2328 4413 nega-

732 4463 884 4518 rent,
914 4461 967 4505 et
999 4464 1118 4506 eum
1142 4459 1357 4502 carnem
1384 4459 1496 4498 non
1521 4439 1821 4509 suscepisse
1844 4438 2022 4493 dicere
2042 4437 2324 4501 auderent,

733 4557 893 4617 atque
939 4558 1099 4599 omne
1142 4537 1485 4595 humanitatis
1528 4535 1929 4590 fundamentum
1954 4532 2238 4585 .tollerent:
2282 4531 2333 4583 si

737 4640 867 4695 nihil
915 4639 1134 4691 istorum
1163 4633 1417 4695 dixisset,
1449 4645 1607 4700 quam
1634 4626 1785 4697 pauci
1815 4624 2039 4679 fuissent
2059 4665 2075 4691 ,
2102 4624 2191 4694 qui
2220 4638 2324 4677 non

736 4735 790 4787 in
819 4731 1129 4786 barathrum
1160 4726 1261 4780 hoc
1280 4721 1623 4778 incidissent?

814 4822 1079 4884 Marcion,
1131 4816 1447 4895 Manichaius
1479 4822 1526 4867 et
1579 4810 1876 4865 Valentinus
1917 4808 2329 4862 Incarnationem

738 4915 1007 4986 negabant.
1032 4941 1103 4951 —-
1123 4910 1238 4964 Non
1264 4907 1414 4963 audis
1443 4906 1731 4960 etiamnum
1763 4900 2082 4955 Marcionem
2110 4899 2325 4968 dispen-

734 5012 997 5064 sationem
1042 5007 1094 5059 in
1141 5017 1302 5057 carne
1332 5010 1636 5069 negantem,
1680 4996 2063 5061 Manichmum,
2093 4992 2327 5046 Valenti-

740 5116 865 5155 num
888 5141 903 5162 ,
936 5106 992 5151 et
1016 5096 1211 5149 multos
1238 5091 1409 5146 alios?
1432 5088 1555 5145 Ideo
1606 5087 1770 5142 multa
1808 5086 2041 5140 humana
2072 5084 2324 5153 loquitur,

738 5188 991 5253 humilia,
1022 5196 1076 5241 et
1104 5183 1173 5239 ab
1218 5183 1305 5237 illa
1348 5178 1599 5235 ineffabili
1632 5177 1863 5233 essentia
1892 5177 2065 5230 aliena
2087 5216 2103 5241 ,
2136 5184 2191 5228 ut
2219 5174 2329 5228 dis-

742 5275 1290 5353 pensationis‘rationi
1322 5274 1480 5327 auem
1510 5262 1714 5324 astruat
1746 5288 1759 5324 :
1792 5270 1843 5323 in
1868 5268 1917 5321 id
1945 5269 2086 5321 enim
2118 5280 2328 5320 summo

737 5371 916 5429 studio
940 5362 1185 5425 diabolus
1211 5364 1586 5429 incumbebat,
1618 5370 1675 5415 ut
1704 5360 1843 5414 hanc
1868 5358 2023 5412 tidem
2062 5373 2129 5411 ex
2159 5356 2330 5410 homi—

741 5480 868 5519 num
898 5461 1165 5518 mentibus
1193 5457 1478 5522 evelleret,
1509 5469 1631 5509 cum
1662 5453 1830 5523 probe
1851 5460 2070 5515 nosset,
2099 5449 2144 5504 si
2171 5448 2328 5502 ﬁdem

740 5554 1155 5628 dispensationis
1183 5550 1521 5613 sustulisset,
1545 5546 1908 5617 de'plerisque
1944 5543 2106 5600 rebus
2132 5542 2331 5598 nostris

742 5659 918 5704 actum
952 5648 1085 5702 lore.
1120 5647 1215 5700 Est
1239 5652 1293 5699 et
1318 5643 1485 5697 altera
1517 5651 1712 5711 przeter
1742 5640 1897 5696 istam
1945 5653 2137 5702 causa,
2170 5638 2331 5691 nimi-

742 5757 859 5795 rum
884 5740 1164 5794 inlirmitas
1205 5738 1539 5802 auditorum,
1575 5735 1820 5805 quodque
1842 5733 1914 5788 illi
1945 5718 2033 5804 qui
2081 5743 2189 5786 tum
2225 5731 2335 5802 pri-

737 5852 885 5892 mum
918 5838 1090 5908 ipsum
1134 5818 1415 5898 videbant,
1450 5848 1512 5887 ac
1558 5841 1668 5885 tum
1688 5830 1949 5900 ,primum
1998 5826 2325 5893 audiebant,

3940 392 4037 447 7(ῖο

2426 492 2785 550 sublimi'ores
2804 510 2998 565 capere
3024 498 3331 568 dogmatum
3364 515 3645 557 sermones
3671 504 3893 561 minime
3920 522 4035 577 pos-

2436 592 2575 637 sunt.
2603 584 2891 641 Enimvero
2917 605 3023 643 non
3053 590 3163 644 sola
3194 592 3289 645 niti
3320 593 3628 663 conjectura
3650 636 3667 661 ,
3700 596 3840 665 quod
3868 597 3991 651 dico
4013 640 4027 662 ,

2437 689 2511 731 ex,
2530 675 2658 743 ipsis
2680 676 3048 735 demonstrare
3076 681 3309 749 Scriptur
3324 685 3367 738 is
3387 696 3441 739 et
3462 685 3660 745 docere
3685 688 3942 743 conabor.
3969 690 4020 745 Si

2436 765 2562 833 quid
2610 765 2746 822 forte
2772 785 3019 839 magnum
3052 784 3106 827 et
3135 773 3362 829 sublime
3385 817 3400 841 ,
3434 791 3635 847 suaque
3661 778 3879 850 dignum
3918 782 4026 850 glo-

2438 857 2512 912 ria
2557 857 2808 930 loquutus
2847 873 2989 917 esset
3020 881 3035 918 :
3065 865 3191 930 quid
3244 865 3364 921 dico
3412 870 3660 937 magnum
3705 883 3759 924 et
3800 872 4027 927 sublime

2434 957 2593 1018 atque
2642 952 2806 1020 ipsius
2859 953 3024 1023 gloria
3072 956 3330 1026 dignum?
3378 958 3433 1013 Si
3463 960 3587 1029 quid
3630 960 3766 1017 forte
3810 963 4025 1029 dixisse;

2434 1040 2575 1107 quod
2605 1050 2848 1097 naturam
2879 1043 3167 1100 humanam
3200 1028 3517 1116 excederet,
3549 1028 4019 1120 perturbabantur,

2434 1131 2960 1189 scandalizabantur:
2991 1138 3073 1190 sin
3105 1147 3283 1193 autem
3315 1140 3517 1197 humile
3544 1143 3815 1213 quidpiam
3838 1158 3894 1200 et
3928 1146 4025 1200 hn-

2435 1239 2686 1289 manum,
2742 1229 3125 1297 accurrebant,
3178 1248 3242 1288 ac
3293 1250 3597 1291 sermonem
3650 1239 4021 1303 admittebant.

2433 1315 2661 1371 Ubinam
2694 1321 2905 1375 tandem
2937 1322 2989 1376 id
3018 1316 3195 1378 videre
3242 1327 3366 1381 est?
3395 1329 3549 1396 Apud
3592 1328 3851 1386 Joannem
3894 1349 4023 1402 prac-

2431 1410 2622 1477 cipue:
2646 1426 2766 1466 cum
2795 1415 2937 1468 enim
2966 1416 3189 1471 dixisset
3218 1419 3330 1487 ipse
3352 1461 3366 1484 ,
3402 1421 3662 1476 Abraham
3704 1438 3848 1493 pater
3872 1438 4023 1480 vester

2432 1502 2718 1565 exsultavit,
2752 1516 2805 1557 ut
2835 1506 3021 1561 videret
3066 1508 3198 1562 diem
3239 1527 3404 1564 meum
3424 1528 3448 1563 .·
3479 1520 3523 1565 et
3552 1514 3695 1579 vidit,
3729 1525 3775 1567 et
3824 1518 4025 1585 gavisus

2432 1600 2541 1655 est;
2588 1593 2969 1665 Quadraginta,
3026 1598 3292 1667 inquiunt,
3325 1618 3486 1655 annos
3516 1605 3741 1657 nondum
3767 1606 3939 1668 habes,
3979 1617 4023 1660 et

2432 1684 2687 1737 Abraham
2719 1689 2886 1741 vidisti
2908 1688 3085 1759 (Joan.
3118 1693 3170 1746 8.
3205 1693 3295 1748 56.
3324 1695 3441 1765 57)?
3468 1696 3624 1751 Vides
3650 1706 3707 1750 ut
3734 1713 3856 1767 erga
3880 1700 4023 1753 illum

2432 1784 2703 1863 tamquam
2730 1780 2927 1834 nudum
2952 1782 3226 1838 hominem
3250 1785 3425 1840 affecti
3454 1789 3672 1842 essent?
3701 1790 3836 1856 Quid
3866 1792 4023 1860 igitur

2433 1868 2593 1937 ipse?
2624 1872 2905 1939 Antequam
2936 1876 3193 1929 Abraham
3237 1878 3398 1945 fieret,
3429 1880 3631 1949 inquit,
3663 1898 3753 1951 ego
3779 1900 3892 1936 sum
3916 1900 3936 1936 .·
3980 1894 4025 1936 et

2432 1962 2655 2015 tulerunt
2701 1964 2918 2033 lapides,
2959 1977 3016 2020 ut
3051 1970 3283 2039 jacerent
3332 1971 3386 2024 in
3415 1988 3528 2025 eum
3579 1971 3683 2043 (Ib.
3715 1990 3763 2027 υ.
3789 1975 3878 2031 58.
3907 1975 4021 2045 59):

2429 2066 2654 2122 cumque
2679 2054 2745 2107 de
2774 2058 3039 2127 mysteriis
3069 2060 3272 2128 prolixe
3293 2060 3603 2129 dissereret,
3628 2080 3690 2119 ac
3702 2064 3934 2123 diceret:
3961 2065 4025 2120 Et

2429 2146 2577 2214 panis
2630 2163 2774 2215 quem
2807 2164 2896 2218 ego
2923 2148 3052 2201 dabo
3087 2167 3180 2217 pro
3224 2152 3403 2205 mundi
3442 2154 3563 2215 vita,
3609 2170 3728 2208 caro
3773 2173 3883 2208 mea
3932 2167 4024 2217 est,

2428 2239 2675 2293 aiebant:
2707 2240 2881 2295 Durus
2913 2252 2984 2295 est
3010 2244 3092 2295 hic
3112 2260 3295 2309 sermo,
3328 2248 3441 2314 quis
3467 2255 3627 2315 potest
3670 2264 3783 2300 eum
3810 2249 4027 2302 audire?

2432 2330 2497 2382 Et
2548 2331 2695 2383 multi
2718 2333 3085 2403 discipulorth
3112 2336 3221 2404 ejus
3266 2336 3498 2388 abierunt
3527 2348 3680 2403 retro,
3720 2349 3766 2391 et
3782 2340 3896 2408 jam
3927 2358 4027 2393 non

2430 2440 2543 2476 cum
2571 2426 3013 2479 illo-ambulabant
3061 2426 3171 2498 (Id.
3204 2427 3257 2482 6.
3306 2428 3396 2482 52.
3431 2429 3520 2483 61.
3554 2430 3668 2501 67).
3721 2430 3857 2498 Quid
3900 2446 4028 2502 ergo

2430 2530 2613 2582 quaeso
2656 2516 2956 2570 faciendum
3000 2518 3073 2571 illi
3110 2518 3246 2572 fuit?
3276 2520 3358 2572 An
3408 2519 3808 2575 sublimioribus
3836 2537 4027 2591 perpe—

2431 2618 2521 2663 tuo
2559 2610 2738 2664 verbis
2766 2611 3184 2678 immorandum,
3216 2622 3271 2667 ut
3297 2614 3533 2683 prrcdam
3558 2613 3916 2677 absterrent,
3946 2625 4028 2667 at-

2435 2716 2538 2771 que
2569 2716 2756 2783 omnes
2796 2718 2823 2755 a
2879 2702 3119 2757 doctrina
3168 2718 3262 2757 sua
3310 2705 3632 2773 repelleret?
3677 2707 3745 2760 At
3795 2706 3893 2758 hoc
3937 2704 4028 2758 Dei

2429 2795 2772 2865 benignitatis
2817 2814 2921 2850 non
2976 2796 3093 2850 fuit.
3125 2796 3256 2850 Nam
3288 2805 3344 2850 et
3384 2813 3571 2851 rursus
3616 2813 3737 2851 cum
3782 2797 4025 2859 dixisset,

2432 2888 2533 2954 Qui
2573 2904 2852 2941 sermonem
2882 2904 3048 2941 meum
3090 2888 3269 2953 audit,
3301 2898 3512 2941 mortem
3554 2906 3661 2941 non
3708 2890 3927 2958 gustabit
3969 2892 4020 2939 in

2427 2987 2706 3043 teternum,
2757 2978 2999 3040 aiebant,
3065 2976 3250 3032 Nonne
3300 2978 3422 3031 bene
3477 2978 3699 3032 diximus
3745 2995 3864 3043 nos,
3910 2980 4028 3046 quia

2427 3071 2734 3124 daemonium
2761 3069 2950 3122 habes?
2979 3070 3236 3121 Abraham
3283 3080 3510 3123 mortuus
3540 3079 3644 3135 est,
3685 3080 3732 3122 et
3770 3069 4029 3139 prapheta:

2428 3165 2617 3215 mortui
2650 3173 2806 3215 sunt:
2836 3172 2884 3215 et
2925 3172 2978 3214 tu
3021 3162 3165 3224 dicis,
3197 3161 3297 3225 Qui
3350 3178 3629 3214 sermonem
3660 3178 3825 3214 nicum
3864 3160 4027 3219 audit,

2428 3267 2638 3309 mortem
2679 3272 2779 3308 non
2824 3254 3043 3325 gustabit
3087 3252 3199 3322 (Id.
3223 3253 3278 3309 8.
3306 3254 3397 3307 51.
3429 3253 3542 3321 52).
3579 3253 3645 3307 Ει
3668 3243 4027 3321 quidmirutu,

2428 3347 2471 3401 si
2525 3346 2810 3400 multitudo
2862 3348 2938 3400 sic
2980 3346 3167 3399 aliecta
3208 3355 3357 3409 erat,
3410 3360 3531 3397 cum
3585 3344 3636 3397 in
3664 3359 3725 3397 ea
3765 3343 4029 3397 sententia

2430 3438 2698 3507 principes
2731 3439 2829 3508 ipsi
2859 3438 3063 3491 essent?
3095 3436 3413 3491 Nicodcmus
3444 3435 3679 3505 quidem,
3712 3436 3802 3504 qui
3833 3445 3885 3489 et
3917 3437 4032 3505 ipse

2427 3529 2677 3600 princeps
2695 3538 2831 3592 erat,
2856 3537 2910 3582 et
2932 3529 3095 3582 multa
3117 3543 3237 3582 cum
3262 3527 3630 3582 benevolentia
3652 3527 3716 3579 ad
3742 3528 3913 3596 ipsum
3938 3542 4030 3580 ve-

2430 3631 2583 3677 nerat
2611 3622 2923 3690 dixeratque
2946 3662 2960 3685 ,
2988 3620 3200 3675 'Scimus
3224 3621 3343 3688 quia
3377 3636 3408 3672 a
3437 3618 3548 3673 Deo
3577 3619 3755 3672 venisti
3794 3620 4033 3690 magister

2431 3714 2554 3786 (Id.
2595 3716 2648 3769 5.
2680 3714 2734 3767 2.
2767 3723 2815 3767 et
2843 3714 3028 3783 seqq.),
3060 3726 3365 3767 sermonem
3396 3711 3464 3765 de
3492 3710 3810 3780 baptismate
3839 3724 4033 3778 capere

2430 3809 2649 3862 minime
2677 3807 2845 3877 potuit
2868 3807 3034 3859 multo
3060 3806 3201 3859 illius
3228 3804 3590 3859 imbecillitate
3605 3804 3884 3873 majorem:
3910 3819 4029 3858 cum

2430 3903 2572 3954 enim
2606 3899 2827 3952 dixisset
2870 3887 3135 3958 Christus,
3162 3896 3283 3950 Nisi
3307 3897 3418 3966 quis
3448 3905 3598 3949 natus
3624 3895 3774 3963 fuerit
3800 3911 3863 3947 ex
3899 3910 4033 3963 aqua

2432 4003 2478 4045 et
2507 3991 2705 4061 Spiritu
2727 4033 2740 4053 ,
2772 4006 2869 4042 non
2897 3998 3055 4059 potest
3077 3988 3243 4041 videre
3266 4004 3476 4057 regnum
3507 3985 3632 4047 Dei,
3667 3987 3743 4039 sic
3768 3986 3818 4039 in
3844 3986 4032 4038 [mtua-

2434 4098 2529 4137 nas
2572 4082 2755 4135 incidit
2807 4081 3158 4150 suspiciones,
3189 4090 3245 4132 ut
3285 4080 3518 4143 diceret,
3555 4076 3819 4143 Quomodo
3871 4087 4033 4145 potest

2434 4174 2582 4226 homo
2610 4174 2778 4237 nasci,
2810 4189 2923 4225 cum
2948 4173 3011 4225 sit
3037 4171 3229 4225 senet?
3259 4168 3523 4240 Numquid
3545 4178 3703 4239 potest
3733 4171 3786 4221 in
3812 4177 4033 4221 ventrem

2434 4267 2610 4320 matris
2661 4282 2767 4319 sua:
2806 4266 2984 4318 iterum
3033 4266 3246 4317 introire
3293 4274 3336 4317 et
3381 4263 3620 4316 renasci?
3670 4262 3811 4330 Quid
3868 4262 4029 4331 igitur

2434 4358 2716 4413 Christus?
2747 4357 2805 4411 Si
2848 4368 3045 4410 terrena
3075 4355 3183 4410 dixi
3224 4357 3391 4420 vobis,
3427 4366 3471 4408 et
3498 4371 3599 4408 non
3646 4355 3869 4413 creditis.
3901 4370 4030 4424 quo-

2435 4448 2585 4501 modo
2616 4449 2658 4500 si
2685 4448 2862 4500 dixero
2888 4447 3023 4499 vobis
3051 4447 3271 4499 cwlestia
3296 4446 3505 4498 credetis
3529 4446 3551 4498 ?
3573 4445 3724 4514 quasi
3755 4459 3815 4499 se
3840 4444 4030 4498 defen-

2434 4540 2618 4605 deret,
2649 4555 2710 4593 ac
2752 4540 3011 4593 rationem
3059 4540 3340 4602 redderet,
3367 4554 3462 4591 cur
3502 4554 3608 4591 non
3654 4547 3921 4606 perpetuo
3963 4537 4031 4591 de

2436 4647 2668 4699 superna
2723 4631 2998 4684 nativitate
3026 4646 3104 4684 vet
3122 4630 3185 4682 ba
3216 4629 3433 4683 faceret.
3466 4629 3575 4683 Sub
3620 4628 3791 4698 ipsum
3844 4643 4032 4683 rurSus

2435 4723 2699 4793 passionis
2729 4731 2937 4790 tempus
2961 4766 2974 4786 ,
3010 4733 3127 4791 post
3152 4730 3400 4775 sexcenta
3437 4721 3714 4786 miracula,
3742 4730 3864 4791 post
3888 4722 4032 4775 mul-

2440 4825 2542 4866 tam
2576 4813 2716 4866 illam
2742 4813 2989 4882 potentiae
3019 4808 3129 4865 suLe
3156 4810 3577 4865 declarationem
3598 4852 3613 4875 ,
3643 4827 3762 4866 cum
3785 4810 4029 4871 diceret.

2446 4903 2688 4957 i’idcbitis
2733 4904 2897 4972 ﬁlium
2941 4903 3156 4957 hominis
3185 4904 3458 4955 venientem
3489 4903 3541 4955 in
3574 4903 3787 4955 nubibus
3816 4901 4032 4970 (Matth.

2434 4997 2525 5051 26.
2555 4995 2668 5066 64),
2701 5011 2805 5048 non
2836 4994 3013 5049 ferens
3052 4995 3252 5049 dictum
3286 4994 3413 5048 illud
3444 4993 3718 5066 Pontifex,
3755 4995 3914 5048 scidit
3938 5010 4031 5049 ve-

2437 5090 2686 5144 stimenta
2714 5104 2841 5143 sua:
2868 5104 3099 5158 quonam
3131 5087 3290 5157 igitur
3331 5087 3490 5140 modo
3518 5086 3678 5140 verba
3735 5086 3849 5140 ﬁeri
3891 5087 4032 5155 apud

2440 5184 2568 5236 istos
2612 5182 2883 5250 oportuit,
2916 5182 3004 5249 qui
3062 5180 3189 5232 nihil
3245 5179 3471 5232 sublime
3524 5178 3858 5231 tolerarent?
3890 5177 4035 5232 Nihil

2436 5270 2633 5346 quippe
2676 5276 2890 5337 mirum,
2917 5276 2958 5327 si
2989 5272 3295 5335 hominibus
3325 5273 3414 5341 qui
3462 5271 3607 5324 humi
3635 5271 3947 5339 serpebant,
3981 5281 4032 5324 et

2436 5367 2573 5421 adeo
2618 5366 2910 5419 imbecilles
2935 5374 3085 5418 erant
3106 5406 3119 5429 ,
3152 5364 3281 5417 nihil
3311 5363 3531 5417 omnino
3558 5360 3627 5416 de
3674 5375 3733 5415 se
3781 5376 4029 5430 titagnum

2438 5467 2529 5512 aut
2558 5458 2783 5511 sublime
2821 5456 3105 5527 proferret.

2510 5551 2564 5606 4.
2606 5552 2747 5606 Sane
2799 5550 3013 5619 quidem
3067 5549 3377 5605 sufﬁcerent
3422 5563 3484 5602 ea
3529 5563 3647 5617 quae
3684 5547 3823 5600 dicta
3876 5556 4029 5606 sunt.

2437 5640 2505 5695 ad
2533 5640 2922 5696 ostendendum
2951 5640 3087 5694 hanc
3116 5639 3280 5694 fuisse
3325 5652 3542 5694 causam
3572 5649 3624 5693 et
3657 5637 3994 5691 occasionem
4015 5677 4031 5699 ,

2438 5748 2535 5787 cur
2565 5733 2697 5787 adeo
2727 5734 2848 5787 vilia
2894 5741 3020 5787 tunc
3060 5741 3114 5787 et
3141 5732 3345 5801 objecta
3375 5740 3730 5800 proponeret:
3765 5739 4033 5782 verumta-

2443 5844 2566 5884 men
2594 5844 2657 5884 ex
2688 5830 2854 5883 altera
2888 5836 3035 5897 parte
3060 5825 3295 5881 conabor
3326 5825 3553 5895 idipsum
3583 5821 3815 5879 reddere
3866 5823 4033 5877 mani-
