4186 6326
184 419 307 474 759

188 537 456 608 ἀληθινὸν
502 536 641 601 υἱὸν,
687 535 781 590 καὶ
814 534 903 589 διὰ
941 536 1037 608 τὴν
1085 537 1178 591 τοῦ
1213 537 1351 593 Θεοῦ
1400 537 1795 612 προσηγορίαν,

187 621 392 692 ἐπειδή
420 637 500 673 σοι
527 618 800 690 μετέδωκε
821 619 915 673 τοῦ
938 620 1220 690 ὀνόματος,
1247 621 1646 692 φιλονεικήσεις
1671 622 1800 685 ἴσως

190 706 378 776 μηδὲν
410 704 556 774 ἐχειν
586 720 679 756 σου
720 702 881 755 πλέον
914 703 1004 757 τὸν
1034 705 1285 775 Πατέρα’
1315 704 1506 775 ὥσπερ
1546 707 1657 777 γὰρ
1688 704 1803 769 υίὸς

187 786 464 856 ἐκλήθης,
500 785 645 838 οὑτω
691 787 784 839 καὶ
816 786 937 851 θεὸς
981 787 1253 859 ἐκλήθης·
1290 788 1405 842 ἀλλ’
1448 788 1638 858 ὥσπερ
1680 787 1803 852 θεὸς

188 870 430 939 κληθεὶς
469 870 530 921 οὐ
568 868 775 940 τολμᾷς
823 872 998 923 εἰπεῖν
1042 871 1125 923 ὅτι
1154 870 1309 939 ψιλὸν
1356 872 1474 925 ἐκεῖ
1508 871 1569 923 τὸ
1608 872 1799 940 ὄνομα,

188 953 323 1006 ἀλλ’
352 954 634 1024 ὁμολογεῖς
680 953 854 1023 ἀληθῆ
896 953 1027 1006 Θεὸν
1062 950 1202 1009 εἶναι
1240 955 1333 1008 τὸν
1371 955 1595 1026 Πατέρα
1617 970 1632 987 ⁶
1660 953 1804 1008 οὑτω

191 1037 347 1107 μηδὲ
379 1038 471 1090 ἐπὶ
515 1035 611 1089 τοῦ
656 1035 787 1109 Ilo?)
832 1035 1007 1106 τόλμα
1045 1037 1239 1091 σαυτὸν
1280 1040 1360 1100 εἰς
1410 1038 1573 1109 μέσον
1624 1037 1800 1104 ἄγειν,

189 1103 302 1173 καὶ
343 1120 541 1189 λέγειν,
565 1103 844 1187 δτι’κάγὼ
873 1103 990 1182 υἱὸς
1022 1120 1301 1190 κέκλημαι
1320 1138 1335 1150 ο
1366 1103 1460 1173 καὶ
1493 1103 1681 1191 ἐπειδὴ
1704 1121 1804 1190 τῆς

187 1205 379 1273 αὐτῆς
404 1204 589 1266 οὐσίας
627 1203 727 1256 οὐκ
767 1204 905 1272 εἰμὶ,
942 1203 1064 1255 οὐδὲ
1098 1205 1308 1268 ἐκεῖνος
1335 1204 1540 1271 ὀφείλει
1568 1205 1668 1273 τῆς
1702 1205 1804 1256 αὐ-

186 1289 303 1359 τῆς
344 1285 519 1341 εἶναι’
546 1288 614 1341 τά
648 1286 752 1358 γὰρ
792 1286 1228 1358 ἀπηριθμημένα
1263 1288 1481 1342 ἅπαντα
1697 1287 1806 1341 δεί-

188 1389 398 1423 κνυσιν
428 1371 680 1441 ἀληθινὸν
712 1371 841 1424 ὄντα
872 1369 998 1422 Υἰὸν
1034 1370 1126 1423 καί
1160 1370 1263 1440 τῆς
1298 1373 1469 1443 αὐτῆς
1499 1371 1688 1433 οὐσίας
1728 1369 1807 1440 τῷ

186 1456 583 1525 γεγεννηκότι.
624 1457 791 1508 Ὅταν
837 1453 948 1524 γὰρ
985 1454 1136 1525 εἴπῃ,
1171 1454 1254 1507 ὃτι
1299 1454 1399 1524 τῆς
1449 1455 1619 1524 αὐτῆς
1657 1455 1807 1505 ἐστιν

188 1538 357 1609 αὐτῷ
414 1541 650 1611 μορφῆς,
692 1538 787 1593 καὶ
822 1536 916 1591 τοῦ
969 1537 1137 1590 αὑτοῦ
1186 1539 1557 1609 χαρακτῆρος,
1600 1536 1651 1589 τί
1679 1536 1807 1589 ἄλλο

190 1620 377 1691 δηλοῖ,
419 1622 452 1691 ἢ
504 1622 566 1673 τὸ
616 1621 1037 1693 ἀπαράλλακτον
1072 1622 1171 1691 τῆς
1215 1621 1434 1686 οὐσίας;
1481 1623 1556 1673 υύ
1586 1620 1695 1690 γὰρ
1739 1618 1805 1691 δὴ

196 1706 392 1777 μορφὴ
444 1707 572 1777 περὶ
616 1705 767 1769 Θεὸν,
816 1706 937 1759 οὐδὲ
972 1706 1298 1777 πρόσωπον·
1334 1704 1450 1758 ἀλλ’
1483 1705 1559 1766 ώς
1607 1702 1803 1769 ταῦτα,

192 1789 362 1857 φησὶ,
413 1788 617 1856 λέγεις,
671 1790 791 1842 εἰπὲ
839 1790 935 1842 καὶ
978 1788 1050 1841 τὰ
1093 1788 1332 1842 ἐναντία.
1375 1789 1513 1841 Ποῖα
1548 1786 1802 1850 ὲναντία;

192 1866 332 1924 υἷον
361 1872 444 1924 ὃτι
488 1871 712 1942 εὐχεται
739 1870 820 1943 τῷ
864 1872 1072 1943 Πατρί·
1111 1874 1158 1924 εἰ
1189 1872 1299 1944 γὰρ
1341 1872 1439 1942 τῆς
1474 1871 1645 1940 αὐτῆς
1689 1872 1805 1925 ἐστι

190 1955 512 2026 δυνάμεως,
556 1945 778 2026 καὶτῆς
814 1956 985 2025 αὐτῆς
1017 1956 1227 2021 οὐσίας,
1272 1956 1366 2009 καὶ
1404 1955 1513 2009 ἀπὸ
1556 1953 1808 2019 ἐξουσίας

195 2040 381 2092 πάντα
422 2042 587 2103 ποιεί,
618 2039 763 2102 τινος
796 2040 982 2092 ἕνεκεν
1019 2038 1271 2109 εὔχεταις

272 2235 348 2296 γ.
375 2225 589 2296 Ἐγὼδέ
611 2228 671 2281 οὐ
689 2224 865 2280 ταῦτα
893 2226 1002 2299 ἐρῶ
1033 2226 1213 2296 μόνον,
1232 2225 1367 2279 ἀλλά
1393 2226 1487 2278 καὶ
1516 2226 1615 2278 ὅσα
1643 2226 1809 2291 ἕτερα

193 2315 441 2366 ταπεινά
494 2314 623 2385 περὶ
667 2310 833 2365 αὑτοῦ
884 2314 1137 2382 εἴρηται.
1186 2311 1363 2363 πάντα
1418 2309 1810 2380 παραθήσομαι

200 2395 351 2464 μετά
383 2394 695 2465 ἀκριϐείας,
728 2394 993 2465 πρότερον
1028 2396 1204 2446 ἐκεῖνο
1236 2392 1426 2455 εἰπὼν,
1458 2392 1538 2444 δτι
1570 2391 1680 2459 ἐγὼ
1712 2391 1810 2461 μὲν

194 2480 316 2533 τῶν
344 2478 625 2543 ταπεινῶς
659 2478 968 2548 εἰρημένων
993 2478 1122 2548 περὶ
1153 2477 1318 2531 αὐτοῦ
1345 2476 1545 2539 πολλὰς
1570 2476 1677 2545 ἔχω
1714 2476 1810 2529 καὶ

195 2561 425 2625 δικαίας
455 2562 637 2625 αἰτίας
657 2564 855 2625 εἰπεῖν,
883 2562 947 2613 σύ
977 2560 1033 2613 δὲ
1063 2561 1171 2614 τῶν
1205 2560 1426 2630 ὑψηλῶν
1455 2562 1549 2612 καὶ
1584 2558 1809 2625 ἐνδόξων

193 2646 467 2715 οὐδεμίαν
503 2647 697 2715 ἐτέραν
735 2646 880 2715 ἐχοις
919 2647 986 2699 ἂν
1014 2648 1187 2699 εἰπεῖν
1211 2647 1504 2718 πρόφασιν,
1541 2643 1654 2696 ἀλλ’
1686 2643 1720 2713 ἢ
1749 2642 1811 2695 τὸ

200 2729 498 2798 βούλεσθαι
524 2729 623 2799 τὴν
650 2730 931 2797 εὐγένειαν
955 2732 1090 2800 ἡμῖν
1114 2732 1279 2783 αὑτὸν
1306 2726 1682 2782 ἐνδείκνυσθαι
1711 2728 1811 2796 τὴν

198 2812 397 2867 αὐτοῦ.
442 2814 596 2866 Ἐπεὶ
634 2816 683 2867 εἰ
721 2814 796 2885 μὴ
828 2814 986 2867 τοῦτο
1014 2813 1188 2876 οὕτως
1222 2814 1356 2883 ἔχοι,
1403 2814 1553 2881 μάχη
1584 2810 1679 2863 καὶ
1710 2810 1810 2862 πό-

200 2896 374 2968 )εμος
397 2900 454 2949 ὲν
491 2900 613 2960 ταῖς
649 2898 925 2970 Γραφαῖςι
958 2899 1019 2950 τὸ
1049 2898 1160 2969 γάρ
1202 2898 1381 2966 λέγειν
1410 2897 1491 2950 ὅτι
1528 2896 1755 2962 ’Ὠσπερ
1778 2898 1811 2949 ό

201 2981 416 3048 Πατὴρ
438 2980 649 3049 ἐγείρει
676 2981 819 3047 τοὺς
840 2981 1093 3049 νεκροὺς
1114 2982 1209 3034 καὶ
1230 2980 1513 3045 ζωοποιεῖ,
1537 2979 1690 3033 οὕτω
1712 2978 1811 3031 καί

203 3066 240 3118 d
280 3064 416 3129 Υἱὸς
446 3067 555 3129 οὓς
580 3063 742 3118 θέλει
770 3062 1052 3127 ζωοποιεῖ,
1092 3066 1186 3117 καὶ
1210 3064 1311 3116 ὅσα
1333 3064 1498 3133 ἐτερα
1518 3058 1691 3125 εἷπον,
1719 3062 1811 3113 καὶ

198 3148 269 3201 τὸ
301 3148 466 3201 πάλιν
495 3146 774 3217 εὐχεσθαι,
812 3150 972 3217 ἡνίκα
1015 3147 1081 3201 ἂν
1113 3146 1209 3217 δέῃ
1245 3145 1404 3199 τοῦτο
1435 3148 1628 3207 ποιεῖν,
1659 3146 1812 3196 ἐναν-

200 3231 327 3283 τίον
349 3250 362 3261 ·
399 3230 513 3283 ἀλλ’
543 3232 637 3284 ἐὰν
678 3232 778 3294 τὰς
818 3231 997 3294 αἰτίας
1030 3231 1190 3296 εἴπω,
1222 3232 1370 3284 πᾶσα
1402 3230 1671 3301 ἀνῄρηται
1701 3227 1811 3281 λοι-

204 3314 314 3369 πὸν
344 3314 786 3385 ἀμφισϐήτησις.

281 3482 445 3545 Τίνες
478 3479 571 3535 οὖν
601 3484 738 3535 εἰσιν
772 3483 828 3533 αἰ
862 3482 1034 3534 αἰτίαι
1081 3481 1176 3535 τοῦ
1220 3480 1452 3534 ταπεινά
1492 3478 1664 3532 πολλὰ
1719 3479 1813 3532 καὶ

204 3568 379 3619 αὐτὸν
422 3569 520 3619 καὶ
565 3568 692 3628 τοὺς
738 3565 1075 3629 ἀποστόλους
1123 3565 1409 3636 εἰρηκέναι
1438 3564 1565 3635 περὶ
1610 3562 1809 3626 αὐτοῦς

208 3650 418 3723 Πρώτη
454 3650 552 3720 μὲν
590 3645 687 3702 οὖν
710 3649 858 3701 αἰτία
892 3649 987 3701 καὶ
1019 3649 1282 3720 μεγίστη,
1320 3648 1381 3700 τὸ
1424 3648 1604 3718 σάρκα
1652 3647 1813 3699 αὐτὸν

207 3733 673 3806 περιϐεϐλῆσθαι,
715 3733 810 3785 καὶ
840 3730 1128 3801 βούλεσθαι
1146 3732 1239 3785 καὶ
1262 3733 1389 3795 τοὺς
1415 3731 1537 3783 τότε
1577 3732 1815 3794 καὶτοὺς

214 3816 363 3885 μετά
392 3816 567 3869 ταῦτα
610 3814 992 3868 πιστώσασθαι
1048 3816 1293 3878 πάντας,
1338 3815 1420 3867 ὅτι
1460 3814 1521 3865 οὐ
1564 3812 1693 3865 σκιά
1732 3813 1817 3875 τίς
1870 3868 1873 3869 ,

210 3904 391 3962 ἐστιν,
425 3900 546 3953 οὐδὲ
580 3900 767 3971 σχῆμα
793 3897 978 3961 ἁπλῶς
1001 3896 1061 3951 τὸ
1091 3897 1388 3969 ὁρώμενον,
1432 3896 1548 3950 ἀλλ’
1590 3896 1816 3967 ἀλήθεια

212 3982 460 4051 φύσεως.
489 3984 549 4035 EE
571 3984 680 4053 γὰρ
718 3982 959 4035 τοσαῦτα
976 3981 1211 4036 ταπεινά
1230 3982 1325 4033 καὶ
1344 3979 1663 4050 ἀνθρώπινα
1688 3980 1817 4050 περί

214 4066 391 4120 αὐτοῦ
422 4067 515 4119 καὶ
538 4065 650 4119 τῶν
675 4065 993 4119 ἀποστόλων
1020 4065 1343 4135 εἰρηκότων,
1374 4065 1469 4116 καὶ
1496 4063 1661 4116 αὐτοῦ
1688 4063 1818 4132 περὶ

216 4147 444 4215 ἑαυτοῦ,
492 4151 642 4220 ὅμως
673 4150 895 4218 ἴσχυσεν
944 4150 972 4200 ὁ
1015 4147 1260 4211 διάϐολος
1292 4148 1477 4201 πεῖσαί
1512 4164 1664 4210 τινας
1708 4146 1819 4199 τῶν

214 4232 431 4287 ἀθλίων
466 4234 561 4285 καὶ
590 4231 955 4302 ταλαιπώρων
1008 4229 1313 4303 ἀνθρώπων
1353 4230 1694 4302 ἀρνήσασθαι
1719 4229 1820 4299 τῆς

216 4316 540 4385 οἰκονομίας
561 4316 654 4368 τὸν
682 4315 862 4383 λόγον,
893 4315 990 4367 καὶ
1016 4312 1284 4385 τολμῆσαι
1307 4316 1503 4376 εἰπεῖν,
1531 4315 1613 4365 δτι
1639 4314 1819 4384 σάρκα

218 4400 326 4451 οὐκ
355 4398 537 4460 ἔλαϐε,
578 4400 673 4451 καὶ
694 4399 793 4469 τὴν
818 4400 1001 4451 πᾶσαν
1031 4388 1134 4467 ’τῆς
1162 4396 1575 4467 φιλανθρωπίας
1621 4395 1820 4449 ὑπόθε-

223 4496 312 4533 σιν
346 4481 589 4533 ἀνελεῖν
623 4484 671 4534 εἰ
707 4479 876 4552 μηδὲν
908 4480 1112 4533 τούτων
1146 4476 1292 4545 εἷπε,
1324 4480 1482 4533 πόσοι
1518 4480 1621 4543 οὐκ
1646 4478 1712 4533 ἂν
1741 4481 1821 4543 εἰς

221 4565 283 4616 τὸ
313 4564 590 4636 βάραθρον
618 4565 777 4618 τοῦτο
804 4564 1106 4617 κατέπεσον
1130 4581 1145 4629 ;

295 4741 414 4795 Οὐκ
448 4741 670 4805 ἀκούεις
714 4740 795 4793 ἐτι
826 4740 921 4794 καί
954 4740 1049 4792 νῦν
1107 4738 1435 4805 Μαρκίωνος
1482 4737 1820 4809 ἀρνουμένου

224 4825 333 4895 τὴν
354 4824 693 4895 οἰκονομίαν,
724 4824 820 4878 καὶ
844 4822 1170 4893 Μανιχαίου,
1202 4823 1297 4875 καὶ
1326 4821 1705 4884 Οὐαλεντίνου,
1728 4821 1827 4874 καῖ

229 4906 447 4962 πολλῶν
476 4909 713 4979 ἑτέρωνς
744 4907 844 4961 Διά
877 4907 1036 4960 τοῦτο
1063 4906 1231 4958 πολλά
1263 4904 1579 4977 ἀνθρώπινα
1612 4907 1707 4959 καὶ
1729 4922 1828 4959 τα-

229 4992 395 5046 πεινά
417 4991 739 5060 φθέγγεται,
769 4991 863 5044 καὶ
894 4991 997 5060 τῆς
1035 4990 1222 5052 οὐσίας
1259 4988 1477 5057 ἐκείνης
1511 4988 1610 5057 τῆς
1652 4988 1824 5059 ἀπορ-

230 5079 400 5148 ρήτου
429 5074 748 5140 ἀποδέοντα,
779 5074 867 5128 ἵνα
896 5072 1238 5144 πιστώσηται
1266 5073 1366 5142 τῆς
1395 5070 1707 5141 οἰκονομίας
1736 5072 1826 5124 τὸν

231 5160 409 5228 λόγον.
440 5158 549 5211 Καὶ
579 5157 689 5228 γὰρ
710 5157 917 5228 σφόδρα
945 5155 1281 5224 ἐσπούδακεν
1305 5156 1338 5207 δ
1353 5153 1599 5217 διάϐολος
1620 5154 1826 5226 ταύτην

232 5236 297 5298 ἐκ
324 5244 435 5296 τῶν
474 5240 779 5312 ἀνθρώπων
805 5240 903 5311 τὴν
932 5240 1115 5294 πίστιν
1153 5238 1383 5300 ἀνελεῖν,
1425 5236 1583 5301 εἰδὼς
1614 5238 1697 5290 δτι
1725 5238 1827 5307 τῆς

231 5327 547 5398 οἰκονομίας
582 5325 677 5379 ἐάν
710 5325 878 5398 ἀνέλῃ
901 5325 1003 5397 τὴν
1032 5324 1236 5388 πίστιν,
1262 5322 1324 5374 τὸ
1349 5322 1513 5374 πλέον
1555 5320 1668 5373 τῶν
1701 5321 1827 5375 καθ’

233 5413 382 5481 ἡμᾶς
434 5411 716 5481 οἰχήσεται
768 5408 1135 5479 πραγμάτων.
1171 5407 1327 5459 Ἔστι
1374 5406 1471 5459 καὶ
1494 5403 1656 5475 ἑτέρα
1687 5405 1827 5476 μετά

231 5496 440 5567 ταύτην
473 5494 643 5559 αἰτία,
676 5496 710 5565 ἡ
739 5492 994 5546 ἀσθένεια
1024 5491 1133 5545 τῶν
1167 5490 1497 5554 ἀκουόντων,
1534 5490 1629 5542 καὶ
1662 5489 1724 5542 τὸ
1750 5492 1825 5563 μὴ

236 5579 495 5633 δύνασθαι
510 5578 631 5632 τότε
659 5576 878 5649 πρῶτον
898 5575 1058 5629 αὐτὸν
1092 5575 1318 5637 ἰδόντας,
1348 5574 1443 5626 καὶ
1467 5572 1587 5624 τότε
1614 5572 1828 5644 πρῶτον

237 5664 559 5726 ἀκούοντας,
583 5662 709 5725 τοὺς
739 5659 1107 5730 ὑψηλοτέρους
1124 5657 1231 5711 τῶν
1254 5657 1544 5725 δογμάτων
1573 5656 1829 5720 δέξασθαι

240 5747 454 5815 λόγους.
484 5746 594 5798 Καὶ
628 5745 711 5797 ὅτι
740 5744 800 5797 οὐ
826 5742 1137 5820 στοχασμὸς
1173 5742 1234 5794 τὸ
1259 5740 1572 5812 λεγόμενον,
1606 5742 1701 5794 ἀπ’
1732 5742 1827 5794 αὐ-

239 5832 341 5883 τῶν
384 5848 465 5884 σοι
501 5828 849 5896 παραστῆσαι
872 5826 1030 5879 τοῦτο
1062 5826 1397 5897 πειράσομαι
1442 5826 1550 5878 τῶν
1592 5824 1827 5896 Γραφῶν

1028 417 1115 472 DE
1152 415 1820 474 CONSUBSTANTIALI.
1862 416 2137 471 CONTRA
2179 408 2544 491 ANDRILEOS
2609 415 2720 469 VII.

3398 413 3516 466 7602

1908 537 2002 589 καὶ
2026 537 2217 601 δεῖξαι,
2252 538 2333 590 ὅτι
2361 537 2414 589 εἴ
2444 536 2573 589 ποτέ
2604 554 2656 588 τι
2691 536 2832 607 μέγα
2891 537 2983 589 καὶ
3031 535 3232 607 ὑψηλὸν
3270 538 3362 590 καὶ
3406 540 3501 610 τῆς

1908 619 2076 673 αὑτοῦ
2108 619 2265 690 δόξης
2294 621 2444 686 ἀξιον
2469 616 2772 689 ἐφθέγξατο
2790 638 2803 651 ·
2835 619 2888 672 τί
2910 621 3053 689 λέγω
3083 622 3224 692 μέγα
3251 621 3346 676 καὶ
3368 623 3501 694 ὑψη-

1908 701 2019 764 λὸν,
2051 705 2146 756 καὶ
2174 704 2275 773 τῆς
2299 703 2464 758 αὐτοῦ
2486 702 2645 772 δόξης
2661 701 2843 768 ἀξιον;
2868 703 2921 755 εἴ
2947 706 3077 757 ποτέ
3106 722 3155 757 τι
3176 705 3274 775 τῆς
3294 707 3502 777 ἀνθρω-

1910 787 2075 859 πίνης
2108 786 2324 857 φὺσεως
2353 785 2475 842 εἷπε
2502 787 2687 848 πλέον,
2720 786 3078 857 ἐθορυϐοῦντο
3118 789 3213 841 καί
3240 790 3502 843 ἐσκανδα-

1910 870 2149 935 λίζοντου
2176 873 2226 925 εἰ
2245 872 2301 924 δέ
2324 872 2456 924 ποτέ
2479 889 2533 923 τι
2560 872 2817 923 ταπεινὸν
2839 872 2934 924 καὶ
2960 870 3112 943 [505]
3141 871 3503 943 ἀνθρώπινον,

1912 953 2284 1024 προσέτρεχον
2314 954 2409 1007 καὶ
2436 954 2528 1007 τὸν
2555 953 2712 1021 λόγον
2742 954 3006 1024 ἐδέχοντο.
3056 957 3168 1009 Καὶ
3207 954 3311 1008 ποῦ
3348 956 3513 1009 τοῦτο

1913 1037 2060 1090 ἔστιν
2090 1035 2241 1104 ίδεῖν;
2268 1036 2425 1107 φησί.
2473 1036 2633 1107 Παρὰ
2655 1035 2733 1106 τῷ
2772 1037 2996 1107 Ἰωάννῃ
3031 1038 3295 1107 μάλιστα’
3329 1040 3501 1092 εἰπόν·

1910 1134 2004 1181 τος
2029 1117 2139 1188 γὰρ
2166 1117 2355 1181 αὑτοῦ,
2400 1120 2650 1188 Ἀϐραὰμ
2697 1122 2728 1171 ό
2771 1119 2969 1188 πατὴρ
3012 1120 3181 1189 ὑμῶν
3216 1121 3533 1190 muniti»

1912 1216 2084 1265 σατο,
2110 1202 2211 1254 ἵνα
2240 1201 2341 1269 ἴδῃ
2368 1202 2483 1269 τὴν
2512 1202 2743 1271 ἡμέραν
2772 1203 2886 1269 τὴν
2906 1202 3081 1272 ἐμὴν,
3118 1204 3216 1257 καί
3264 1198 3506 1259 εἶδεκαί

1910 1284 2121 1353 ἐχάρη,
2154 1286 2408 1353 λέγουσι’
2459 1286 2923 1355 Τεσσαράκοντα
2965 1287 3068 1355 ἔτη
3109 1289 3276 1341 οὔπω
3324 1289 3510 1357 ἔχεις,

1912 1368 2013 1422 καὶ
2043 1369 2301 1438 Ἀϐραὰμ
2322 1368 2623 1449 ἑώρακας;
2666 1372 2826 1440 Ὁρᾷς
2853 1369 2935 1423 ὅτι
2957 1370 3033 1433 ὡς
3059 1372 3186 1442 περί
3219 1371 3510 1441 ἀνθρώπου

1910 1450 2069 1520 ψιλοῦ
2102 1452 2365 1505 διέκειντο
2385 1468 2398 1516 ;
2419 1448 2481 1503 Τί
2499 1448 2592 1504 οὖν
2619 1452 2813 1516 αὐτός;
2838 1452 2961 1520 Πρὸ
2986 1454 3091 1507 τοῦ
3124 1454 3231 1508 τὸν
3266 1454 3511 1523 Ἀϐραὰμ

1913 1534 2213 1604 γενέσθαι,
2241 1536 2428 1606 φησὶν,
2470 1533 2585 1604 ἐγώ
2622 1538 2759 1604 ειμι.
2814 1536 2922 1589 Καὶ
2946 1532 3101 1605 ἦραν
3137 1538 3372 1602 λίθους,
3412 1538 3523 1590 ἵνα

1907 1617 2339 1682 ,βάλλωσινὲπϊ
2366 1620 2575 1671 αὐτόν.
2611 1620 2721 1670 Καὶ
2750 1619 2840 1671 ὅτε
2880 1621 3009 1688 περὶ
3051 1619 3163 1672 τῶν
3193 1620 3513 1690 μυστηρίων

1917 1701 2163 1771 μακροὺς
2193 1703 2438 1754 ἐπέτεινε
2466 1702 2679 1770 λόγους,
2702 1703 2899 1771 λέγων,
2927 1702 3041 1756 Καὶ
3066 1706 3098 1756 ό
3120 1702 3301 1771 ἄρτος
3322 1704 3412 1767 δὲ,
3442 1703 3513 1757 ὃν

1912 1782 2028 1854 ἐγὼ
2056 1782 2227 1837 δώσω
2259 1784 2412 1850 ὑπὲρ
2436 1784 2548 1852 τῆς
2577 1785 2682 1838 τοῦ
2707 1789 2941 1855 κόσμου
2962 1784 3131 1853 ζωῆς,
3151 1786 3190 1853 ἠ
3214 1784 3373 1853 σάρξ
3390 1804 3521 1856 μου

1913 1866 2106 1929 ἐστὶν,
2136 1865 2343 1935 ἔλεγον.
2372 1868 2646 1934 Σκληρός
2683 1868 2856 1922 ἐστιν
2888 1872 2920 1922 ό
2955 1870 3139 1938 λόγος
3167 1864 3349 1934 οὗτος
3374 1886 3386 1897 ·
3421 1870 3515 1935 τίς

1913 1949 2166 2003 δύναται
2219 1950 2407 2003 αὑτοῦ
2456 1952 2734 2016 ἀκούειν;
2768 1951 2877 2005 Καὶ
2913 1952 2982 2005 ἐκ
3017 1952 3235 2006 τούτου
3290 1954 3514 2025 πολλοὶ

1914 2031 2035 2086 τῶν
2060 2033 2345 2101 μαθητῶν
2387 2034 2575 2087 αὑτοῦ
2614 2034 2898 2102 ἀπῆλθον
2938 2039 3025 2099 εἰς
3056 2036 3129 2089 τὰ
3162 2037 3378 2099 ὀπίσω,
3414 2039 3521 2091 καὶ.

1915 2116 2115 2170 οὐκέτι
2140 2118 2267 2185 μετ’
2300 2117 2489 2170 αὐτοῦ
2518 2116 2938 2186 περιεπάτουν.
2964 2118 3029 2169 Τί
3058 2116 3150 2172 οὖν
3178 2120 3284 2172 ἔδει
3318 2125 3512 2184 ποιείνς

1916 2200 2040 2253 εἰπέ
2069 2218 2157 2270 μοι
2179 2217 2191 2227 ·
2254 2202 2366 2262 τοῖς
2398 2200 2750 2271 ὑψηλοτέροις
2783 2201 3143 2273 ἐνδιατρίϐειν
3176 2205 3384 2274 ῥήμασι
3431 2205 3527 2258 δι·-

1916 2284 2151 2353 ηνεκῶς,
2167 2282 2307 2335 ὥστε
2332 2283 2675 2353 ἀποσοϐῆσαι
2698 2284 2797 2354 τὴν
2819 2284 3019 2355 θήραν,
3038 2286 3133 2338 καὶ¹
3158 2288 3369 2349 πάντας
3380 2288 3516 2340 ἀπο-

1919 2366 2252 2436 κρούσασθαι
2275 2366 2373 2434 τῆς
2391 2365 2774 2431 διδασκαλίαςς
2816 2368 2955 2420 Ἀλλ’
2983 2368 3084 2421 οὐκ
3127 2364 3197 2439 ἦν
3227 2368 3386 2423 τοῦτο
3412 2370 3512 2439 τῆς

1917 2449 2010 2501 τοῦ
2041 2448 2174 2500 Θεοῦ
2198 2448 2633 2520 φιλανθρωπίας.
2662 2451 2774 2503 Καὶ
2793 2450 2902 2520 γάρ
2930 2451 3094 2504 πάλιν
3118 2450 3307 2522 ἐπειδὴ
3337 2448 3515 2517 εἶπεν,

1931 2532 1992 2583 Ὀ
2027 2532 2133 2585 τὸν
2162 2532 2348 2600 λόγον
2358 2548 2478 2601 μου
2506 2534 2763 2598 ἁκούων,
2796 2533 3060 2587 θανάτου
3090 2537 3163 2588 οὐ
3184 2536 3261 2603 μὴ
3293 2538 3513 2605 γεύση-

1918 2631 2013 2668 ται
2045 2617 2133 2680 εἱς
2159 2615 2261 2667 τὸν
2285 2613 2492 2677 αἰῶνα,
2526 2615 2735 2684 ἔλεγον,
2770 2619 2853 2670 Οὐ
2876 2616 3077 2683 καλῶς
3095 2618 3408 2688 ἐλέγομεν,
3428 2619 3517 2671 ὅτι
3543 2621 3550 2627 “

1866 2712 1869 2715 ‘
1918 2696 2229 2766 δαιμόνιον
2255 2697 2416 2766 ἔχεις
2433 2715 2453 2762 ;
2491 2699 2737 2769 Ἀϐραὰμ
2758 2698 3045 2762 ἀπέθανε,
3078 2702 3177 2754 καὶ
3207 2705 3263 2756 οί
3284 2700 3523 2770 προφῆ-

1919 2799 2011 2835 ται
2038 2782 2363 2844 ἀπέθανον,
2397 2782 2493 2834 καὶ
2512 2782 2597 2834 σὺ
2615 2780 2833 2851 λέγεις,
2857 2782 2946 2835 ὅτι
2965 2779 3027 2835 Ὀ
3057 2786 3163 2838 τὸν
3190 2789 3381 2855 λόγον
3398 2805 3520 2855 μου

1918 2866 2155 2920 ἀκούων
2193 2868 2265 2918 οὺ
2294 2862 2381 2932 μὴ
2418 2865 2707 2933 γεύσηται
2729 2864 3035 2931 θανάτου;
3068 2868 3179 2920 Καὶ
3217 2869 3271 2922 τί
3303 2869 3519 2941 θαυμα-

1921 2951 2046 3004 στὸν
2072 2952 2120 3003 εἰ
2140 2949 2203 3002 τὸ
2234 2948 2442 3019 πλῆθος
2465 2949 2609 3002 οὕτω
2634 2950 2887 3015 διέκειτο,
2917 2951 3050 3003 ὅπου
3081 2969 3146 3011 γε
3168 2954 3263 3006 καὶ
3294 2954 3449 3007 αὐτοὶ
3471 2953 3520 3008 οἰ

1919 3036 2180 3107 ἄρχοντες
2199 3036 2405 3108 ταύτην
2428 3031 2573 3105 εἶχον
2604 3035 2701 3105 τὴν
2735 3035 2996 3106 γνώμην;
3035 3036 3092 3089 '0
3124 3036 3257 3105 γοῦν
3288 3037 3519 3110 Νικόδη-

1924 3135 2021 3191 μος
2048 3122 2231 3191 ἄρχων
2261 3122 2426 3184 αὐτὸς
2473 3119 2571 3183 ὢν,
2606 3121 2701 3173 καὶ
2737 3121 2877 3190 μετά
2920 3120 3125 3192 πολλῆς
3156 3122 3260 3189 τῆς
3307 3124 3524 3188 εὐνοίας

1922 3203 2057 3275 πρὸς
2090 3204 2253 3257 αὐτὸν
2274 3205 2447 3257 ἐλθὼν
2468 3205 2565 3257 καί⁸
2594 3204 2787 3267 εἰπὼν,
2812 3203 3072 3272 Οτδαμεν
3103 3203 3193 3257 ὅτι
3223 3206 3341 3258 ἀπὸ
3371 3206 3524 3260 Θεοῦ

1919 3274 2228 3352 ἐλήλυθας
2253 3287 2657 3352 διδάσκαλος,
2703 3287 2796 3339 τὸν
2838 3274 2965 3356 περὶ
3010 3287 3104 3340 τοῦ
3146 3287 3522 3361 βαπτίσματος

1919 3370 2022 3423 οὐκ
2064 3368 2308 3440 ἠδυνήθη
2364 3370 2622 3436 δέξασθαι
2672 3370 2851 3437 λόγον,
2913 3369 3096 3441 πολλῷ
3149 3370 3375 3441 μείζονα
3421 3373 3523 3441 τῆς

1921 3453 2205 3517 ἀσθενείας
2236 3455 2368 3508 ὄντα
2404 3455 2504 3525 τῆς
2540 3455 2749 3508 ἐκείνου
2776 3471 2790 3485 ’
2820 3454 3070 3519 εἰπόντος
3113 3456 3224 3526 γάρ
3264 3457 3357 3510 τοῦ
3387 3458 3523 3527 Χρι-

1924 3535 2074 3601 στοῦ,
2111 3539 2193 3590 ὅτι
2226 3540 2336 3592 Ἂν
2359 3536 2445 3607 μή
2468 3555 2557 3604 τις
2575 3538 2843 3606 γεννηθῇ
2868 3538 2937 3603 ἐξ
2966 3537 3189 3602 ὕδατος
3210 3540 3309 3593 καὶ
3336 3541 3522 3595 πνεύ-

1915 3638 2128 3690 ματος,
2162 3623 2235 3675 οὐ
2267 3621 2519 3675 δύναται
2545 3621 2693 3674 ἰδεῖν
2718 3621 2834 3690 τὴν
2853 3622 3189 3686 ,βασιλειαν
3210 3622 3317 3677 τοῦ
3349 3624 3537 3678 Θεοῦδτ

1922 3706 2095 3769 οὕτως
2147 3706 2229 3769 εἰς
2276 3704 2627 3777 ἀνθρωπίνας
2657 3715 2683 3739 ⁸
2733 3705 3038 3759 κατέπεσεν
3100 3706 3376 3771 ὑπονοίας,
3429 3708 3526 3773 καί

1923 3806 2092 3859 φησι,
2123 3787 2258 3855 Πῶς
2289 3789 2542 3843 δύναται
2574 3788 2887 3857 ἄνθρωπος
2920 3788 3289 3858 γεννηθῆναι
3335 3789 3527 3861 γέρων

1924 3873 2047 3937 (Br;
2072 3870 2159 3940 μὴ
2182 3872 2433 3926 δύναται
2470 3875 2559 3938 εἰς
2579 3871 2696 3940 τὴν
2734 3873 2968 3926 κοιλίαν
2997 3871 3110 3941 τῆς
3153 3874 3382 3943 μητρός
3417 3878 3525 3929 αὑ-

1924 3955 2031 4009 τοῦ
2056 3954 2341 4025 δεύτερον
2357 3956 2679 4021 εἰσελθεῖν,
2708 3956 2808 4009 καὶ
2834 3956 3200 4027 γεννηθῆναι
3251 3957 3483 4013 ἄνωθεν
3500 3975 3525 4025 ;

1925 4040 1990 4092 Τί
2020 4034 2115 4092 οὗν
2138 4042 2167 4092 ό
2186 4040 2421 4111 Χριστός
2441 4058 2454 4107 ;
2483 4044 2555 4093 El
2577 4040 2648 4094 τὰ
2668 4040 2901 4108 ἐπίγεια
2916 4036 3094 4093 εἷπον
3120 4040 3265 4109 ὑμῖν
3289 4041 3389 4096 καί
3410 4045 3524 4098 οὐκ

1924 4122 2345 4185 ἐπιστεύσατε,
2403 4122 2530 4189 πῶς
2582 4123 2691 4175 ἐὰν
2722 4124 2870 4175 εἴπω
2903 4124 3048 4191 ὑμῖν
3080 4123 3154 4177 τὰ
3196 4124 3535 4193 ἐπουράνια

1926 4206 2324 4269 πιστεύσετε;
2371 4206 2654 4276 μονονουχὶ
2689 4197 3136 4278 ⁵ἀπολογούιλιενῖος
3180 4210 3277 4261 καὶ
3325 4207 3524 4277 λέγων,

1927 4288 2072 4352 τίνος
2099 4287 2286 4341 ἕνεκεν
2327 4289 2387 4342 οὐ
2414 4287 2655 4358 συνεχῶς
2687 4290 2872 4351 αὐτοῖς
2902 4290 3032 4360 περὶ
3061 4290 3160 4359 τῆς
3190 4291 3303 4344 ἀνω
3328 4295 3524 4364 γεννή-

1930 4387 2068 4434 σεως
2093 4371 2386 4439 διελέγετο.
2422 4371 2606 4425 Πάλιν
2659 4370 2792 4442 παρ’
2818 4371 2981 4425 αὐτὸν
3018 4372 3112 4425 τοῦ
3164 4374 3402 4446 σταυροῦ
3432 4375 3525 4429 τὸν

1930 4455 2121 4526 καιρὸν
2150 4456 2289 4525 μετά
2320 4454 2389 4508 τὰ
2413 4455 2584 4527 μυρία
2615 4458 2841 4525 σημεῖα,
2874 4456 3013 4525 μετά
3035 4464 3135 4527 τὴν
3154 4457 3353 4529 πολλὴν
3381 4460 3527 4512 ἐκεί-

1929 4553 2025 4606 νην
2055 4539 2332 4603 ἀπόδειξιν
2383 4539 2483 4607 τῆς
2528 4536 2695 4591 αὐτοῦ
2727 4538 3030 4609 δυνάμεως,
3099 4540 3187 4593 ἵνα
3237 4542 3392 4612 εἴπῃ,
3438 4543 3524 4597 ὃτι

1934 4622 2200 4688 Ὅψεσθε
2226 4621 2347 4674 τὸν
2364 4620 2500 4674 Υίὸν
2532 4620 2640 4674 τοῦ
2658 4619 2974 4690 ἀνθρώπου
2989 4622 3089 4675 ἐπὶ
3113 4620 3233 4675 τῶν
3251 4624 3550 4693 νεφελῶν

1929 4704 2279 4773 ἐρχόμενον,
2308 4705 2409 4758 οὐκ
2431 4701 2672 4772 ἐνεγκὼν
2697 4704 2760 4756 τὸ
2779 4703 2970 4775 λεχθὲν
2997 4707 3026 4758 ό
3046 4706 3360 4777 ἀρχιερεὺς,
3377 4708 3537 4781 Gnip-

1933 4785 2095 4856 ρηξεν
2121 4785 2289 4839 αὐτοῦ
2318 4785 2387 4839 τά
2416 4786 2628 4857 ἱμάτια.
2665 4787 2791 4850 Πῶς
2814 4784 2906 4841 οὖν
2932 4787 3147 4852 τούτοις
3175 4789 3525 4859 διαλέγεσθαι

1932 4867 2063 4931 ἔδει,
2085 4871 2197 4930 τοῖς
2225 4868 2376 4921 οὐδὲν
2399 4867 2509 4923 τῶν
2534 4868 2755 4940 ὑψηλῶν
2780 4870 3037 4941 φέρουσιν
3062 4887 3076 4936 ;
3111 4872 3233 4925 ’Ότι
3258 4873 3367 4945 γὰρ
3386 4874 3527 4938 ὅλως

1933 4951 2034 5003 οὐκ
2071 4946 2192 5003 εἶπέ
2214 4968 2267 5003 τι
2297 4950 2439 5034 μέγα
2459 4952 2555 5005 καὶ
2588 4951 2792 5022 ὑψηλὸν
2823 4953 2951 5023 περί
2980 4954 3203 5018 ἑαυτοῦ,
3227 4956 3287 5008 οὐ
3310 4955 3525 5027 θαυμαο

1936 5033 2061 5086 στὸν
2098 5034 2407 5105 ἀνθρώποις
2433 5035 2610 5105 χαμαὶ
2655 5035 3000 5106 συρομένοις,
3046 5038 3140 5091 καὶ
3160 5038 3335 5102 οὓτως
3361 5038 3525 5095 ἀσθε-

1935 5118 2042 5183 νῶς
2066 5117 2303 5189 ἔχουσιν.

1999 5305 2060 5359 δ’.
2080 5305 2280 5376 Ἤρκει
2300 5305 2399 5376 μὲν
2419 5299 2513 5359 οὖν
2539 5304 2715 5359 καὶτὰ
2732 5306 2999 5376 εἰρημένα
3015 5307 3208 5373 δεῖξαι,
3225 5309 3309 5362 ὅτι
3329 5308 3471 5381 αὕτη
3490 5313 3524 5382 ή

1936 5390 2089 5443 αἰτία
2110 5388 2254 5459 καὶή
2279 5387 2555 5460 πρόφασις
2577 5384 2645 5459 ἦν
2662 5389 2761 5459 τῆς
2774 5389 2884 5442 τῶν
2910 5390 3029 5444 τότε
3048 5391 3359 5461 λεγομένων
3376 5392 3527 5446 εὐτε.

1936 5472 2086 5535 λείας
2105 5489 2119 5501 ·
2142 5472 2254 5541 ἐγὼ
2279 5472 2336 5525 δὲ
2375 5472 2471 5525 καὶ
2494 5471 2603 5527 ἀπὸ
2618 5471 2847 5545 θατέρου
2875 5473 3076 5545 μέρους
3092 5473 3250 5528 τοῦτο
3266 5475 3525 5548 πειράσο-

1941 5572 2035 5627 μαι
2061 5555 2288 5625 ποιῆσαι
2307 5555 2562 5626 φανερόν.
2589 5556 2799 5628 Ὠσπερ
2820 5557 2930 5628 γὰρ
2950 5558 3146 5622 αὐτοὺς
3162 5556 3332 5612 εἰδετε
3369 5577 3551 5615 σκαν--

1998 5846 2020 5873 λ
2042 5834 2139 5887 Alii
2162 5836 2298 5893 οὗτος
2320 5838 2385 5892 εἰς
2403 5836 2530 5894 ἀνθρ.
