4174 6336
642 380 735 433 7M

632 490 1046 562 -δαλιζομένους,
1094 487 1546 560 θορυϐουμένους,
1589 487 2028 558 ἀποπηδῶντας,
2063 485 2230 538 λοιδο-

644 575 962 646 ρουμένους,
1002 572 1324 641 φεύγοντας,
1372 573 1425 624 ετ
1465 572 1594 624 ποτέ
1635 589 1686 623 τι
1728 571 1872 640 μέγα
1901 570 1998 623 καὶ
2033 568 2235 639 ὑψηλὸν

644 660 985 728 ἐφθέγξατοὸ
1019 659 1272 728 Χριστὸς,
1299 656 1474 718 οὕτως
1501 657 1629 726 ὑμῖν
1662 657 1859 718 αὐτοὺς
1896 655 2064 720 δεῖξαι
2111 670 2234 705 πει-

620 809 623 811 ,
645 744 882 816 ράσομαι
902 740 1364 813 προστρέχοντας,
1386 739 1480 792 καὶ
1495 739 1762 808 καταδεχο
1770 739 1966 810 μένους
1983 737 2078 808 τὴν
2092 737 2237 789 διδα-

643 827 892 889 σκαλίαν,
915 826 968 878 εῐ
997 824 1128 877 ποτέ
1149 841 1203 876 τι
1229 821 1483 891 ταπεινὸν
1511 823 1605 874 καὶ
1635 822 1849 884 εὐτελὲς
1874 818 2047 874 εἶπεν.
2081 819 2235 892 [506]

643 911 808 964 Αὐτοὶ
848 909 978 979 γάρ,
1008 908 1164 961 αὐτοὶ
1219 910 1265 959 οἱ
1316 906 1727 977 ἀποπηδῶντες,
1774 907 2020 968 εἰπόντος
2069 903 2235 958 αὐτοῦ

644 997 824 1055 πάλιν,
854 996 937 1048 ὅτι
971 995 1088 1047 Ἀπ’
1113 992 1375 1062 ἐμαυτοῦ
1407 994 1479 1045 οὺ
1522 989 1668 1044 ποιῶ
1695 989 1897 1054 οὐδὲν,
1941 990 2100 1066 ἁλτλά
2133 1006 2237 1041 κα-

643 1082 758 1146 θὼς
787 1077 1029 1140 ἐδίδαξέ
1056 1093 1132 1144 με
1156 1080 1188 1130 ό
1210 1074 1412 1143 Πατήρ
1435 1093 1553 1142 μου
1585 1075 1775 1139 λαλῶ,
1803 1073 2020 1140 εὐθέως
2047 1088 2238 1140 προσ-

641 1163 920 1232 έδραμον.
959 1160 1069 1214 K01
1113 1159 1433 1229 βουλόμενος
1473 1159 1604 1228 ἡμῖν
1637 1157 1972 1222 ἐνδείξασθαι
2006 1160 2033 1210 ὁ
2062 1157 2240 1224 Εὐαγ-

643 1244 916 1315 γελιστὴς,
943 1245 1026 1296 ὃτι
1051 1242 1139 1295 διὰ
1170 1243 1270 1312 τὴν
1292 1241 1657 1310 ταπεινότητα
1683 1241 1792 1293 τῶν
1827 1242 2088 1313 ῥημάτων
2116 1241 2238 1292 ἐπί-

646 1346 897 1392 στευσαν,
929 1325 1352 1396 ἐπισημαίνεται
1383 1325 1584 1392 λέγων·
1616 1325 1808 1378 Ταῦτα
1831 1325 2018 1378 αὐτοῦ
2042 1324 2233 1390 λαλή-

645 1429 895 1476 σαντος,
920 1410 1137 1464 πολλοὶ
1165 1409 1543 1462 ἐπίστευσαν
1572 1409 1659 1473 εὶς
1696 1410 1904 1462 αὐτόν.
1940 1409 2046 1461 K01
2077 1407 2240 1460 ἀλλαο

645 1498 742 1567 χοῦ
767 1492 1035 1564 πολλαχοῦ
1060 1491 1217 1545 τοῦτο
1243 1491 1393 1560 εὖροι
1420 1509 1504 1552 τις
1534 1491 1599 1542 ἂν
1627 1491 1768 1544 οὑτω
1801 1492 2119 1561 συμϐαῖνον.
2140 1492 2239 1542 Διά

645 1580 804 1634 τοῦτο
864 1577 1034 1630 πολλά
1085 1576 1180 1628 καὶ
1221 1575 1481 1637 πολλάκις
1519 1574 1875 1646 ἀνθρωπίνως
1920 1574 2236 1642 ἐφθέγγετο,

647 1666 741 1719 v01
765 1664 926 1716 πάλιν
956 1662 1058 1714 οὐκ
1081 1659 1459 1730 ἀνθρωπίνως,
1492 1658 1628 1712 ἀλλά
1655 1658 1994 1728 θεοπρεπῶς,
2021 1659 2114 1710 καὶ
2139 1657 2239 1728 τῆς

647 1748 926 1816 εὐγενείας
954 1740 1078 1808 ἀξια
1110 1743 1210 1811 τῆς
1237 1740 1453 1803 ἑαυτοῦ,
1487 1741 1548 1794 τὸ
1575 1741 1671 1810 μὲν
1696 1744 1762 1810 τῇ
1793 1740 1900 1793 τῶν
1933 1742 2239 1795 ἀκουόντων

649 1829 1100 1897 συγκαταϐαίνων
1151 1823 1429 1895 ἀσθενείᾳ,
1466 1824 1526 1877 τὸ
1573 1825 1628 1876 δὲ
1672 1824 1772 1894 τῆς
1815 1823 1922 1876 τῶν
1956 1825 2240 1895 δογμάτων

648 1913 891 1984 προνοῶν
921 1910 1360 1982 όρθότητος.”1να
1389 1909 1497 1978 γὰρ
1530 1907 1602 1978 μὴ
1631 1910 1662 1976 ἡ
1690 1907 2096 1974 συγκατάϐασις
2122 1909 2237 1961 δια-

649 1995 851 2056 παντὸς
879 1992 1140 2063 γινομένη
1175 1993 1254 2053 εἰς
1283 1992 1380 2060 τὴν
1412 1991 1540 2061 περὶ
1573 1991 1670 2059 τῆς
1709 1989 1867 2054 ἀξίας
1891 1989 2054 2044 αὑτοῦ
2085 1990 2239 2056 δόξαν

653 2078 1035 2150 παραϐλάψειε
1059 2077 1184 2136 τοὺς
1223 2073 1359 2143 μετὰ
1403 2073 1596 2133 ταῦτα,
1625 2072 1744 2125 οὐδὲ
1771 2073 1980 2126 ἐκείνου
2011 2074 2104 2127 τοῦ
2143 2076 2240 2144 μέ-

653 2181 777 2234 ρους
811 2161 1082 2230 ἠμέλησεν
1101 2177 1115 2188 ο
1150 2155 1285 2209 ἀλλά
1312 2156 1492 2207 καίτοι
1521 2155 1806 2224 προειδὼς,
1839 2157 1920 2209 ὅτι
1949 2158 2048 2209 οὐκ
2075 2157 2242 2210 ἀκού-

650 2262 852 2306 σονται,
883 2242 1016 2296 ἀλλὰ
1057 2242 1149 2293 καὶ
1178 2239 1581 2311 λοιδορήσονται
1611 2239 1784 2310 αὐτῷ,
1820 2242 1913 2293 καὶ
1956 2241 2240 2312 ἀποπηδή-

650 2345 853 2389 σουσιν,
883 2329 1030 2396 ὅμως
1062 2321 1236 2382 εἶπεν,
1268 2323 1400 2375 αὑτό
1442 2339 1499 2374 τε
1539 2322 1697 2375 τοῦτο
1727 2323 1864 2394 ὅπερ
1892 2320 2042 2375 εἷπον
2071 2342 2246 2377 κατα-

649 2412 952 2475 σκευάζων,
975 2410 1068 2462 καὶ
1109 2408 1324 2469 δεικνὺς
1357 2405 1455 2477 τὴν
1487 2407 1686 2468 αἰτίαν,
1727 2407 1792 2458 δι’
1820 2408 1886 2476 ἣν
1919 2408 2012 2459 καὶ
2043 2409 2112 2459 τά
2144 2426 2241 2460 τα-

649 2495 809 2548 πεινά
839 2495 1022 2554 αὐτοῖς
1054 2490 1273 2560 ἀνέμιξε
1305 2491 1544 2559 ῥήματα.
1570 2489 1715 2560 Α’ύτη
1741 2490 1797 2541 δὲ
1821 2485 1909 2558 ἦν,
1935 2491 1994 2541 τὸ
2017 2491 2241 2560 μηδέπω

646 2578 908 2632 δύνασθαι
938 2575 1199 2641 δέξασθαι
1229 2573 1288 2625 τὸ
1329 2573 1561 2642 μέγεθος
1591 2573 1697 2624 τῶν
1734 2572 2096 2642 λεγομένωνίι,
2131 2576 2239 2627 Καὶ

649 2665 698 2716 εί
755 2662 827 2733 μὴ
876 2659 1033 2712 τοῦτο
1084 2661 1493 2710 κατασκευάσαι
1551 2656 1821 2718 ἐϐούλετο,
1858 2659 2085 2729 περιττὴ
2131 2660 2239 2712 τῶν

649 2747 868 2817 ὑψηλῶν
909 2743 1195 2813 δογμάτων
1234 2736 1302 2812 ἦν
1389 2739 1708 2792 διδασκαλία
1734 2742 1846 2802 τοῖς
1879 2741 1979 2792 οὐκ
2010 2744 2234 2796 ἀκουσοο

653 2832 855 2901 μένοις,
881 2827 1000 2880 οὐδέ
1027 2825 1383 2898 προσέξουσιν
1405 2840 1416 2851 ·
1452 2822 1547 2873 νῦν
1571 2821 1625 2874 δὲ
1655 2825 1703 2874 εἰ
1738 2823 1830 2874 καὶ
1858 2823 2102 2888 ἐκείνους
2136 2845 2240 2896 μη-

649 2916 735 2968 δὲν
765 2913 983 2981 ὠφέλει.
1020 2909 1133 2962 ἀλλ’
1167 2908 1313 2977 ἡμᾶς
1343 2905 1615 2969 ἐπαίδευε,
1653 2907 1746 2958 καὶ
1786 2906 1885 2975 τὴν
1931 2911 2239 2980 προσήκου-

653 3015 749 3049 σαν
780 2995 908 3064 περὶ
936 2991 1100 3045 αὐτοῦ
1125 2991 1282 3055 δόξαν
1314 2989 1459 3059 ἔχειν
1489 2987 1887 3058 παρεσκεύαζε,
1912 2991 2005 3043 καὶ
2028 2992 2240 3046 ἔπειθεν

650 3082 734 3133 ὅτι
759 3079 844 3130 διὰ
868 3078 928 3130 τὸ
961 3076 1034 3147 μὴ
1067 3072 1323 3127 δύνασθαι
1366 3072 1593 3142 μηδέπω
1622 3072 1681 3123 τὸ
1715 3071 1943 3140 μέγεθος
1967 3074 2075 3129 τῶν
2097 3076 2244 3145 λεγο-

655 3163 833 3232 μένων
854 3158 1106 3230 δέχεσθαι
1133 3156 1395 3217 ἐκείνους,
1420 3155 1512 3206 ἐπὶ
1539 3153 1598 3205 τὸ
1621 3156 2002 3227 ταπεινότερον
2031 3159 2124 3211 τὸν
2152 3160 2241 3211 λό-

652 3263 748 3314 γον
783 3241 1288 3315 μετήγαγεν.”οταν
1321 3235 1417 3292 οὖν
1452 3237 1569 3308 ἴδῃς
1607 3237 1767 3290 αὐτὸν
1797 3240 2027 3294 ταπεινὰ
2065 3242 2246 3310 λέγον-

652 3347 741 3391 τα,
782 3329 854 3398 μὴ
883 3327 982 3394 τῆς
1016 3323 1291 3385 εὐτελείας
1319 3324 1418 3392 τῆς
1451 3322 1590 3374 κατά
1620 3318 1950 3391 τὴνόὐσίαν,
1982 3325 2118 3378 ἀλλά
2144 3327 2243 3396 τῆς

653 3411 938 3472 ἀσθενείας
972 3409 1069 3477 τῆς
1102 3407 1243 3460 κατά
1274 3407 1371 3476 τὴν
1401 3405 1636 3460 διάνοιαν
1665 3406 1771 3457 τῶν
1796 3407 2080 3477 ἀκροατῶν
2103 3407 2244 3464 εἶναι

654 3495 840 3565 νόμιζε
875 3492 971 3564 τὴν
1003 3490 1424 3559 συγκατάϐασιν.
1459 3488 1718 3540 Βούλεσθε
1749 3492 1886 3542 εἴπω
1922 3492 2015 3543 καὶ
2052 3497 2244 3565 τρίτην

655 3580 865 3643 αἰτίαν;
902 3578 976 3629 Οὐ
1010 3577 1118 3644 γάρ
1142 3574 1203 3645 δὴ
1236 3574 1395 3643 μόνον
1422 3573 1509 3625 διά
1533 3572 1631 3642 τὴν
1660 3573 1759 3642 τῆς
1790 3575 1990 3644 σαρκὸς
2025 3578 2244 3646 περιδο-

656 3665 775 3734 λὴν.
800 3661 918 3714 οὐδὲ
942 3660 1028 3711 διὰ
1055 3659 1152 3728 τὴν
1193 3656 1474 3710 ἀσθένειαν
1507 3655 1616 3710 τῶν
1651 3657 1957 3724 ἀκροατῶν,
1986 3659 2121 3712 ἀλλά
2153 3665 2245 3715 καὶ

659 3748 745 3801 διὰ
763 3746 821 3798 τὸ
838 3741 1123 3813 βούλεσθαι
1138 3741 1407 3793 διδάσκειν
1421 3743 1862 3810 ταπεινοφρονείν
1883 3743 2010 3804 τοὺς
2031 3745 2247 3799 ἀκούον-

661 3848 777 3893 τας,
829 3825 999 3880 πολλά
1049 3824 1282 3876 ταπεινά
1330 3823 1421 3875 καὶ
1455 3821 1752 3894 ἐποίειοκαὶ
1787 3823 1936 3892 ἔλεγε
1962 3842 1975 3854 ·
2008 3829 2100 3879 καὶ
2132 3829 2244 3882 ἔστι

661 3913 754 3964 καὶ
794 3909 934 3979 αῦτη
988 3907 1144 3976 τρίτη
1190 3906 1350 3958 πάλιν
1385 3905 1627 3957 αἰτία.Ὀ
1666 3905 1772 3975 γάρ
1799 3915 2244 3980 ταπεινοφρονεῐν

661 3995 948 4056 διδάσκων,
974 3991 1094 4059 οὐχὶ
1129 3991 1212 4041 διὰ
1247 3990 1506 4060 ῥημάτων
1536 3989 1715 4057 μόνον,
1748 3989 1882 4041 ἀλλὰ
1909 3992 2002 4042 κοέι
2025 3993 2110 4045 διὰ
2139 3995 2246 4047 τῶν

661 4079 1003 4150 πραγμάτων
1033 4074 1188 4126 τοῦτο
1229 4072 1492 4134 παιδεύει,
1529 4072 1622 4124 καὶ
1663 4072 1804 4142 λόγῳ
1839 4079 1932 4126 καὶ
1966 4075 2111 4147 ἔργῳ
2143 4096 2245 4148 με-

661 4161 897 4231 τριάζων
919 4173 931 4183 ⁹
964 4156 1190 4209 Μάθετε
1233 4155 1362 4225 γὰρ.
1392 4155 1574 4224 φησὶν,
1609 4156 1708 4208 ἀπ’
1741 4155 1886 4222 ἐμοῦ
1927 4157 2015 4211 ὅτι
2057 4161 2247 4228 πρᾶός

661 4247 779 4312 ειμι
811 4242 908 4302 καὶ
939 4239 1220 4303 ταπεινὸς
1248 4237 1321 4306 τῇ
1350 4238 1560 4306 καρδίᾳ
1583 4256 1595 4268 ο
1633 4241 1726 4292 καὶ
1769 4241 1928 4293 πάλιν
1971 4243 2198 4315 ἀλλαχοῦ
2230 4265 2244 4280 .

675 4331 738 4381 '0
779 4325 910 4391 Υἱὸς
950 4324 1056 4377 τοῦ
1092 4322 1407 4388 ἀνθρώπου
1450 4325 1561 4378 οὐκ
1598 4319 1747 4390 ἦλθε
1795 4324 2244 4396 διακονηθῆναι,

663 4410 824 4468 ἀλλὰ
849 4405 1228 4473 διακονῆσαι.
1246 4405 1304 4456 '0
1332 4405 1512 4457 τοίνυν
1553 4407 1840 4470 ταπεινοὺς
1869 4408 2134 4465 διδάσκων
2164 4414 2246 4480 γί-

663 4493 870 4552 νεσθαι,
901 4491 995 4544 καὶ
1033 4487 1281 4560 μηδαμοῦ
1313 4488 1422 4551 τοῖς
1454 4487 1740 4558 πρωτείοις
1763 4491 2087 4562 ἐπιτρέχειν,
2113 4496 2249 4551 ἀλλὰ

665 4575 1056 4645 καταδέχεσθαι
1103 4574 1164 4625 τὸ
1211 4571 1560 4626 ἐλαττοῦσθαι
1591 4575 1885 4644 πανταχοῦ,
1918 4577 2010 4629 καὶ
2039 4578 2125 4632 διὰ
2158 4583 2249 4650 ῥη-

669 4660 854 4730 μάτων
879 4659 972 4711 καὶ
1001 4655 1091 4710 διὰ
1128 4655 1467 4725 πραγμάτων
1495 4657 1574 4718 είς
1606 4656 1762 4708 τοῦτο
1787 4657 2015 4724 ὲνάγων.
2049 4662 2248 4727 πολλὰς

665 4738 780 4812 εἶχε
833 4741 1132 4811 προφάσεις
1179 4737 1270 4791 τοῦ
1317 4738 1548 4791 ταπεινά
1595 4739 2110 4806 φθέγγεσθαι.’Έστι
2155 4749 2248 4798 καὶ
2298 4777 2301 4779 -

665 4826 932 4896 τετάρτην
980 4823 1157 4875 αἰτίαν
1188 4824 1382 4882 είπεῖν,
1425 4821 1524 4872 οὐκ
1551 4821 1757 4874 ἐλάττω
1783 4823 1892 4874 τῶν
1923 4826 2246 4895 εἰρημένων.

667 4911 763 4973 Τίς
793 4910 849 4961 δέ
879 4911 1026 4960 ἐστιν
1055 4906 1192 4975 αῦτη
1219 4921 1232 4970 ;
1267 4904 1340 4955 Τὸ
1389 4904 1463 4974 μὴ
1499 4905 1587 4956 διά
1613 4905 1711 4976 τὴν
1743 4907 1943 4976 πολλὴν
1975 4911 2249 4981 ἐγγύτητα

667 4994 758 5046 καὶ
785 4992 991 5061 ἄφατον
1018 4990 1125 5042 τῶν
1151 4986 1499 5040 ὑποστάσεων
1532 4989 1611 5053 είς
1643 4989 1759 5051 ἐνὸς
1797 4992 2088 5061 προσώπου
2121 4997 2248 5048 ποτέ

668 5076 921 5128 ὑπόνοιαν
970 5074 1114 5142 ημᾶς
1139 5073 1438 5142 -ἐμπεσεῖν,
1468 5071 1601 5122 ὅπου
1645 5089 1706 5140 γε
1744 5075 1838 5125 καὶ
1880 5074 1972 5126 νῦν
2004 5076 2249 5145 ὀλιγάκις

667 5157 831 5210 αὐτοῦ
877 5174 926 5209 τι
975 5155 1513 5216 τοιοῦτονείπόντος,
1550 5154 1685 5224 πρὸς
1712 5155 1808 5227 τὴν
1838 5157 2092 5211 ἀσέϐειαν
2119 5161 2250 5213 ταύ-

667 5259 765 5309 την
817 5239 919 5311 ἠδη
965 5228 1460 5303 τινέςέξὼλισθον.
1511 5239 1800 5302 Σαϐέλλιος
1842 5242 1972 5310 γοῦν
2017 5246 2045 5296 ό
2084 5245 2249 5308 Λίϐυς

669 5321 906 5385 ἀκούσας
951 5321 1115 5392 αὐτοῦ
1165 5321 1447 5397 λέγοντος⁹
1506 5321 1646 5390 Ἐγὼ
1695 5323 1792 5375 καὶ
1844 5327 1876 5377 ὀ
1929 5325 2130 5394 Πατὴρ
2182 5328 2249 5380 ἓν

667 5408 875 5475 ἐσμεν,
907 5403 1057 5476 [507]
1086 5405 1270 5466 x01,'0
1299 5404 1570 5471 ἑωρακὼς
1607 5405 1711 5472 ἐμὲ
1750 5406 1973 5473 ἑώρακε
1994 5409 2101 5462 τὸν
2133 5415 2249 5464 Πα-

666 5489 826 5556 γέρα.
857 5490 956 5558 τὴν
989 5488 1097 5541 ἀπὸ
1128 5488 1236 5540 τῶν
1269 5488 1530 5557 ῥημάτων
1564 5488 1768 5541 τούτων
1799 5491 2072 5560 ἐγγύτητα
2115 5495 2248 5564 πρὸς

667 5572 758 5624 τὸν
780 5571 1146 5642 γεγεννηκότα
1166 5572 1571 5642 ἐμφαινομένην
1593 5573 1672 5635 εἰς
1695 5573 1946 5638 ἀσεϐείας
1970 5577 2244 5647 ὑπόθεσιν,

730 5791 757 5820 ⁸
785 5791 877 5840 Alii
899 5792 1171 5851 λεγομένων.
1209 5791 1263 5836 Εἰ
1285 5791 1334 5836 δὲ
1355 5793 1418 5848 μή
1442 5792 1601 5840 τοῦτο.

1344 373 1398 431 S.
1437 371 1725 428 JOANNIS
1763 369 2259 427 CIIRYSOSTOMI
2301 370 2621 425 ARCIIIEP.
2663 369 3215 427 CONSTANTINOP.

3831 375 3944 427 762

2341 487 2434 538 καὶ
2463 486 2581 550 ἑνὸς
2622 484 2912 557 προσώπου
2954 485 3048 539 καὶ
3102 486 3234 556 μιᾶς
3279 486 3628 551 ὑποστάσεως
3674 486 3946 542 ὑπόνοιαν

2335 569 2606 638 ἥρπασεν.
2642 570 2756 639 Οὐχ
2803 565 2962 623 αὑται
3007 569 3063 622 δέ
3119 569 3277 639 μόνον
3329 571 3467 623 εἰσὶν
3503 573 3558 623 αἱ
3603 571 3941 639 προφάσεις,

2338 652 2474 706 ἀλλά
2511 654 2605 706 καὶ
2638 653 2697 705 τὸ
2728 652 2932 723 μηδένα
2965 653 3185 723 νομίσαι
3219 653 3381 707 αὐτὸν
3415 650 3672 725 εἶναιτὴν
3704 654 3942 724 πρώτην

2339 738 2432 789 x01
2471 738 2764 808 ἀγέννητον
2806 738 3016 801 οὐσίαν,
3050 739 3144 790 καὶ
3181 739 3445 809 μείζοναδ
3476 739 3569 792 τοῦ
3605 738 3944 808 γεγεννηκό-

2337 837 2431 883 τος
2477 822 2641 874 αὐτὸν
2695 822 3004 876 ὑπολαϐεῖν.
3035 823 3146 875 Καὶ
3176 823 3282 894 γάρ
3328 825 3421 876 καὶ
3463 825 3490 876 ὁ
3542 824 3754 886 Παῦλος
3797 822 3940 876 αὐτὸ

2339 904 2496 957 τοῦτο
2527 905 2817 974 φαίνεταιῦ
2846 906 3123 972 δεδοικὼς,
3157 909 3229 978 μή
3259 926 3342 972 τις
3367 909 3680 980 ὑποπτεύσῃ
3713 910 3843 962 ποτέ
3869 907 3940 960 τὸ

2340 988 2538 1052 ἀσεϐὲς
2577 989 2738 1042 τοῦτο
2774 991 2951 1060 δόγμα
3000 991 3095 1044 καὶ
3137 992 3390 1062 πονηρόν.
3425 991 3613 1046 Εἰπὼν
3647 992 3800 1059 γοῦν,
3835 992 3940 1045 Δεῖ

2341 1072 2451 1141 γὰρ
2516 1074 2705 1126 αὐτὸν
2759 1076 3120 1138 βασιλεύειν
3177 1076 3353 1143 ἄχρις
3397 1071 3472 1131 οὗ
3523 1076 3602 1130 ἂν
3650 1075 3727 1144 θῇ
3787 1077 3938 1142 τοὺς

2340 1155 2592 1223 ἐχθροὺς
2621 1157 2740 1211 ὑπὸ
2769 1157 2910 1224 τοὺς
2939 1158 3130 1225 πόδας
3149 1153 3360 1222 αὐτοῦ,
3387 1163 3482 1213 καὶ
3519 1159 3801 1229 προσθεὶς,
3847 1160 3938 1214 δτι

2341 1241 2548 1293 Πάντα
2578 1240 2881 1305 ὑπέταξεν
2925 1243 3041 1295 ὑπὸ
3077 1243 3217 1307 τοὺς
3251 1242 3445 1309 πόδας
3473 1243 3681 1307 αὑτοῦ,
3719 1245 3939 1314 ἐπήγα-

2341 1338 2473 1389 γενο
2521 1324 2724 1389 Ἐκτὸς
2764 1323 2871 1377 τοῦ
2913 1324 3328 1392 ὑποτάξαντος
3369 1326 3533 1390 αὐτῷ
3578 1327 3650 1380 τὰ
3693 1326 3890 1379 πάντα
3915 1343 3933 1357 ο

2339 1408 2440 1458 οὐκ
2481 1407 2548 1460 ἀν
2593 1407 2909 1475 ἐπαγαγὼν,
2942 1410 2990 1461 εἰ
3037 1409 3113 1480 μὴ
3160 1409 3353 1471 ἔδεισε,
3389 1411 3461 1480 μή
3513 1426 3615 1462 που
3649 1410 3938 1480 διαϐολικὴ

2340 1490 2564 1560 τοιαύτη
2599 1509 2683 1553 τις
2717 1492 2893 1546 ἔννοια
2923 1492 3170 1562 γένηται.
3189 1492 3462 1564 Πολλαχοῦ
3490 1493 3546 1546 δὲ
3577 1495 3671 1548 καὶ
3707 1495 3799 1547 τὸν
3825 1495 3938 1547 τῶν

2354 1574 2620 1627 Ἰουδαίων
2643 1575 2836 1643 φθόνον
2866 1575 3358 1647 παραμυθούμενος
3386 1577 3681 1647 καθυφίησι
3703 1577 3798 1630 τοῦ
3823 1579 3939 1630 τῶν

2343 1659 2604 1730 ῥημάτων
2641 1659 2826 1727 ὕψους,
2851 1661 2945 1711 καὶ
2975 1659 3111 1730 πρὸς
3143 1661 3243 1732 τὴν
3271 1661 3526 1714 ὑπόνοιαν
3553 1661 3608 1712 δέ
3634 1661 3744 1714 τῶν
3763 1661 3940 1714 διαλε-

2341 1742 2587 1812 γομένων
2615 1743 2766 1810 αὐτῷ
2801 1743 3059 1806 πολλάκις
3097 1744 3548 1814 ἀποκρινόμενος,
3583 1744 3655 1806 ὡς
3697 1744 3826 1796 ὅταν
3853 1744 3941 1796 λέ-

2342 1843 2412 1896 γῃ
2436 1840 2450 1856 °
2490 1827 2589 1879 Ἂν
2623 1825 2737 1894 ἐγὼ
2763 1826 3042 1897 μαρτιιρῶ
3075 1829 3204 1895 περὶ
3241 1828 3524 1897 ἐμαυέοῦ,
3559 1830 3597 1896 ἡ
3633 1828 3941 1897 μαρτυρία

2336 1927 2456 1978 μου
2505 1912 2615 1963 οὐκ
2672 1912 2843 1964 ἐστιν
2894 1911 3149 1978 ἀληθής.
3196 1912 3340 1980 Πρὸς
3391 1911 3490 1982 τὴν
3547 1913 3771 1964 ἐκείνων
3821 1912 3940 1981 γὰρ

2342 1993 2598 2047 ὑπόνοιαν
2621 1995 3038 2064 ἀποτεινόμενος
3060 1994 3232 2058 οὕτως
3255 1991 3406 2048 εἶπεν
3423 2014 3435 2026 ·
3461 1997 3521 2049 οὐ
3549 1997 3657 2068 γάρ
3681 1995 3746 2068 δὴ
3772 1995 3942 2049 τοῦτο

2340 2077 2570 2148 ἠθέλησε
2607 2078 2793 2144 δεῖξαι,
2829 2080 2912 2130 ὅτι
2957 2080 3057 2131 οὐκ
3085 2079 3231 2132 ἐστιν
3267 2080 3494 2152 ἀληθὴς,
3523 2081 3637 2132 ἀλλ’
3662 2082 3740 2142 ὡς
3773 2083 3942 2151 ὑμεῖς

2343 2161 2589 2233 νομίζετε
2635 2165 2728 2215 >101
2780 2165 3137 2226 ὑποπτεύετε,
3172 2166 3326 2236 φησὶ,
3375 2167 3448 2237 μὴ
3497 2167 3811 2238 βουλόμενοί
3867 2185 3941 2238 με

2343 2246 2747 2317 παραδέξασθαι
2774 2248 2936 2301 αὐτὸν
2969 2249 3096 2319 περὶ
3123 2249 3318 2303 ἑαυτοῦ
3349 2251 3596 2319 λέγοντα.

2413 2428 2474 2474 ε’.
2509 2423 2618 2476 K01
2651 2422 2818 2485 ἄλλας
2855 2423 2910 2474 δέ
2952 2422 3174 2486 πλείους
3203 2423 3382 2486 αίτίας
3409 2425 3556 2477 ἐστὶν
3595 2425 3794 2496 εὑρεῖν.
3821 2427 3944 2496 Τῆς

2347 2505 2445 2574 μὲν
2468 2501 2559 2558 οῦν
2581 2506 2966 2576 ταπεινότητος
2987 2506 3095 2558 τῶν
3121 2505 3381 2576 ῥημάτων
3405 2507 3607 2571 πολλάς
3625 2507 3691 2561 ἂν
3715 2509 3943 2580 ἔχοιμενν

2341 2591 2513 2640 εἰπεῖν
2541 2590 2871 2664 προφάσεις·
2903 2593 2965 2642 σὺ
3004 2589 3060 2642 δὲ
3089 2591 3210 2642 είπέ
3255 2591 3382 2643 τῶν
3403 2592 3622 2662 ὑψηλῶν
3648 2593 3945 2664 δογμάτων

2346 2671 2473 2741 μίαν
2528 2673 2800 2741 πρόφασιν
2851 2673 3064 2743 ἑτέραν,
3095 2673 3234 2743 πλὴν
3282 2669 3349 2744 ἧς
3396 2677 3558 2746 ἡμεῖς
3588 2679 3940 2748 εἰρήκαμενο

2341 2748 2480 2826 αῦτη
2507 2756 2563 2808 δὲ
2592 2752 2657 2826 ἦν
2686 2760 2747 2808 τὸ
2775 2756 3060 2826 βούλεσθαι
3090 2757 3253 2814 αὐτὸν
3281 2758 3378 2828 τὴν
3405 2761 3612 2812 οίκείαν
3653 2760 3944 2829 εὐγένειαν

2341 2840 2472 2908 ἡμῖν
2507 2838 2909 2893 ἐνδείκνυσθαιο
2944 2840 3058 2892 ἀλλ’
3086 2843 3185 2894 οὐκ
3228 2842 3293 2894 ἀν
3323 2843 3466 2912 ἔχοις
3508 2844 3700 2914 ἑτέραν
3734 2847 3943 2901 εἰπεῖν.

2355 2922 2412 2974 '0
2467 2923 2565 2992 μὲν
2611 2922 2719 2992 γὰρ
2772 2924 2948 2992 μέγας
2993 2924 3197 2978 δύναιτ’
3218 2925 3282 2979 ἂν
3325 2929 3419 2980 καὶ
3456 2931 3657 3001 μικρόν
3704 2947 3756 2983 τι
3801 2932 3943 3001 περὶ

2343 3005 2538 3058 ἑαυτοῦ
2581 3006 2778 3073 λέγειν,
2808 3007 2904 3060 καὶ
2946 3009 3046 3061 οὐκ
3101 3009 3246 3062 ἔστιν
3293 3010 3578 3081 ἔγκλημα·
3633 3015 3945 3076 ἐπιεικείας

2342 3091 2450 3160 γάρ
2483 3088 2642 3142 τοῦτό
2675 3091 2822 3142 ἐστιν
2844 3107 2856 3119 ·
2881 3092 2909 3142 ό
2952 3092 3008 3143 δὲ
3049 3092 3266 3162 μικρός,
3297 3096 3344 3145 εί
3379 3095 3524 3164 μέγα
3560 3114 3612 3149 τι
3657 3099 3780 3168 περὶ
3808 3099 3946 3150 ἑαυ-

2341 3175 2437 3228 τοῦ
2480 3176 2642 3227 εἴποι.
2666 3174 2821 3239 ποτὲ,
2847 3174 2908 3226 οὑ
2947 3174 3293 3242 διαφεύξεται
3347 3180 3678 3250 κατηγορίαν
3705 3196 3716 3207 '
3747 3181 3944 3245 ἀλαζοι

2343 3258 2460 3310 νεία
2508 3259 2616 3328 γάρ
2649 3259 2783 3311 ἐστι.
2824 3258 2923 3310 Διά
2967 3257 3128 3311 τοῦτο
3168 3261 3260 3312 τὸν
3314 3261 3412 3331 μὲν
3461 3263 3663 3333 ὑψηλὸν
3693 3264 3944 3328 ἅπαντες

2346 3341 2697 3410 ἐπαινοῦμεν.
2729 3341 2855 3392 ὅταν
2900 3341 3027 3410 περὶ
3075 3342 3270 3395 ἑαυτοῦ
3297 3347 3526 3398 ταπεινά
3551 3347 3683 3420 λέγῃ
3708 3364 3720 3376 °
3759 3349 3848 3402 τὸν
3880 3351 3946 3402 δὲ

2343 3425 2597 3479 ταπεινὸν
2647 3425 2820 3486 οὐδεὶς
2873 3425 3240 3491 ἐπαινέσεται,
3272 3429 3325 3480 εί
3370 3430 3501 3482 ποτέ
3531 3447 3582 3483 τι
3616 3432 3758 3501 μέγα
3803 3435 3941 3504 περὶ

2346 3507 2544 3562 ἑαυτοῦ
2589 3507 2924 3559 εῖποι.Ὤστε
2972 3510 3019 3560 εί
3066 3509 3245 3579 πολλῷ
3285 3513 3706 3586 καταδεέστερος
3743 3512 3808 3586 ἦν
3838 3518 3944 3571 106

2346 3590 2559 3662 Πατρὸς
2595 3591 2622 3641 ό
2666 3590 2788 3651 Υἱὸς
2816 3630 2830 3650 ,
2870 3590 2945 3652 ὡς
2993 3591 3151 3660 ὑμεῖς
3191 3609 3366 3660 φατε,
3408 3596 3507 3648 οὐκ
3555 3596 3660 3649 ἔδει
3710 3601 3946 3669 ῥήματα,

2345 3675 2508 3730 αὑτὸν
2528 3674 2725 3741 λέγειν,
2751 3670 2902 3726 δι’ὦν
2929 3675 3139 3727 ἐδείκνυ
3161 3675 3236 3744 τῷ
3265 3686 3615 3748 γεγεννηκότι
3651 3682 3762 3734 ἴσον
3803 3685 3942 3738 ὅντα

2348 3758 2541 3810 ἐαυτόν
2567 3774 2580 3786 ο
2624 3755 2908 3819 ἀλαζονεία
2935 3757 3042 3827 γὰρ
3069 3758 3227 3811 τοῦτο
3254 3756 3320 3831 ἦν
3341 3776 3354 3791 ’
3375 3762 3436 3813 τὸ
3466 3764 3648 3832 μέντοι
3674 3767 3783 3818 ἴσον
3804 3767 3942 3822 ὄντα

2346 3843 2440 3894 τοῦ
2483 3843 2873 3911 γεγεννηκότος
2914 3841 3093 3908 λέγειν
3132 3843 3253 3897 τινὰ
3298 3845 3532 3898 ταπεινά
3574 3848 3666 3900 καὶ
3715 3851 3937 3921 εὐτελῆ,

2347 3925 2570 3994 οὐδεμία
2605 3924 2972 3994 μέμψις,οὐδέ
2997 3926 3143 3978 αἰτία
3177 3943 3188 3954 ·
3221 3927 3438 3991 ἔπαινος
3476 3931 3582 3999 γάρ
3623 3931 3779 3984 τοῦτό
3816 3935 3941 3987 ἐστι

2349 4009 2440 4061 καὶ
2471 4007 2655 4077 θαῦμα
2697 4008 2970 4076 μέγιστον.
3011 4009 3118 4060 Καὶ
3152 4009 3236 4060 ἵνα
3269 4011 3576 4083 σαφέστερα
3616 4015 3836 4085 γένηται
3867 4018 3944 4072 τὰ

2349 4091 2635 4162 εἰρημένα,
2668 4093 2761 4142 καὶ
2793 4091 3002 4160 μάθητε
3035 4092 3235 4153 πάντες
3265 4093 3448 4162 ὑμεῖς,
3473 4097 3556 4148 ὅτι
3581 4098 3641 4150 οὺ
3670 4116 3942 4155 καταστο-

2349 4174 2630 4244 χαζόμεθα
2664 4172 2770 4226 τῶν
2803 4173 2960 4226 θείων
3000 4175 3250 4244 Γραφῶν,
3283 4177 3414 4246 φέρε
3453 4178 3516 4248 δὴ
3550 4181 3656 4232 τῶν
3702 4183 3940 4254 είρημὲ-

2351 4275 2456 4309 νων
2477 4255 2665 4309 αἰτιῶν
2688 4255 2892 4309 τούτων
2915 4257 3012 4327 τὴν
3037 4257 3258 4330 πρώτην
3286 4263 3794 4334 μεταχειρισώμεθα
3814 4266 3939 4331 νῦν,

2351 4341 2446 4394 καὶ
2474 4341 2738 4409 δείξωμεν
2768 4341 2869 4392 ποῦ
2904 4341 2990 4393 διὰ
3021 4343 3118 4412 τὴν
3145 4343 3241 4411 τῆς
3279 4347 3480 4415 σαρκὸς
3507 4348 3799 4419 περιϐολὴν
3826 4369 3942 4420 φα-

2352 4424 2519 4495 νερῶς
2552 4424 2949 4494 καταδεέστερα
2985 4426 3082 4496 τῆς
3129 4426 3317 4490 οὐσίας
3351 4428 3450 4498 τῆς
3490 4432 3684 4484 ἑαυτοῦ
3712 4437 3943 4505 ῥήματα

2352 4507 2647 4574 φθέγγεται
2669 4523 2683 4538 ⁶
2713 4508 2828 4565 καὶ,
2864 4509 2912 4558 εί
2947 4507 3113 4566 δοκεῖ,
3145 4509 3240 4579 τὴν
3269 4512 3434 4583 εὐχὴν
3466 4513 3634 4584 αὐτὴν
3662 4517 3742 4579 είς
3771 4519 3944 4587 μέσον

2352 4593 2670 4660 ἀγάγωμεν,
2713 4592 2779 4660 ἢν
2813 4591 3012 4661 ηὔξατο
3061 4591 3138 4662 τῷ
3182 4595 3376 4663 Πατρί.
3429 4596 3588 4651 Ἀλλά
3637 4604 3941 4674 προσέχετε

2356 4676 2492 4744 μετά
2526 4675 2810 4744 ἀκριϐείας
2831 4676 2961 4743 ἡμῖν
2981 4690 2992 4702 ·
3017 4676 3210 4745 μικρὸν
3228 4678 3335 4748 γὰρ
3356 4679 3562 4733 ἀνωθεν
3585 4684 3714 4753 ὑμῖν
3743 4687 3802 4740 τὸ
3826 4693 3943 4743 πᾶν

2351 4758 2709 4827 διηγήσασθαι
2763 4756 3039 4826 βούλομαι.
3077 4761 3299 4813 Δεῖπνον
3346 4763 3562 4829 ἐγένετό
3611 4785 3742 4821 ποτε
3793 4775 3940 4829 κατά

2351 4842 2449 4910 τὴν
2477 4841 2626 4909 ίεράν
2656 4839 2824 4892 νύκτα
2849 4841 3084 4910 ἐκείνην,
3119 4845 3236 4895 καθ’
3268 4845 3334 4915 ἣν
3348 4849 3752 4917 «παραδίδοσθαι
3777 4854 3945 4923 ἐμελ-

2352 4921 2442 5007 λεν
2461 4941 2483 5007 ’ξ
2509 4922 2666 5007 μὶεράν
2717 4923 2824 4992 γάρ
2859 4924 3030 4994 αὐτὴν
3068 4925 3178 4993 ἐγὼ
3219 4927 3389 5000 καλῶ,
3424 4931 3611 5004 ἐπειδὴ
3648 4935 3715 4987 τά
3765 4921 3941 5007 μυρία

2354 5005 2553 5094 ἀγαθὰ,
2587 5005 2794 5094 ἀκατά
2828 5007 3292 5094 την-οἰκουμένην
3339 5012 3582 5080 ἐγένετο,
3620 5017 3720 5088 τὴν
3760 5005 3944 5094 ἀρχὴν

2354 5089 3073 5178 ἐκεῖθεν-ἐλάμϐανε.-[ίξο8]
3115 5093 3255 5178 Τότε
3271 5095 3449 5149 τοίνυν
3476 5101 3568 5152 καὶ
3602 5102 3630 5152 ὁ
3669 5089 3943 5178 προδότης

2358 5172 2493 5238 μετά
2522 5171 2629 5222 τῶν
2666 5171 2855 5224 ἕνδεκα
2882 5173 3126 5226 ἀνέκειτο
3159 5177 3435 5247 μαθητῶν,
3461 5182 3554 5233 καὶ
3575 5171 3946 5242 δειπνούντων

2354 5253 2551 5339 αὐτῶν,
2575 5256 2738 5323 φησὶν
2756 5256 2783 5306 ό
2808 5257 3059 5324 Χριστὸς,
3085 5253 3190 5323 Εἷς
3210 5260 3278 5322 ἐξ
3306 5260 3470 5328 ὑμῶν
3487 5266 3943 5339 παραδώσειμε.

2354 5337 2569 5389 Τούτων
2597 5339 2963 5407 μνημονεύετέ
2994 5358 3083 5409 μοι
3113 5343 3221 5394 τῶν
3257 5348 3539 5414 ῥημάτων,
3568 5350 3654 5403 ἵνα
3687 5353 3818 5404 ὅταν
3841 5337 3946 5408 ἐπὶ

2355 5422 2451 5489 τὴν
2475 5421 2637 5490 εὐχὴν
2661 5422 2921 5491 ἔλθωμεν,
2949 5425 3147 5494 ἴδωμεν
3173 5427 3315 5491 τίνος
3355 5429 3540 5482 ἕνεκεν
3575 5433 3748 5498 οὕτως
3788 5436 3945 5509 εὔχε-

2354 5521 2462 5556 ται.
2490 5506 2596 5557 Καὶ
2616 5505 2803 5558 σκόπει
2829 5524 2917 5576 μοι
2939 5509 3268 5580 κηδεμονίαν
3299 5515 3572 5568 Δεσπότου
3592 5534 3604 5546 ·
3633 5520 3735 5572 οὐκ
3765 5505 3946 5588 εἶπεν,

2415 5667 2444 5744 ὶξ
2472 5668 2606 5744 [1.1.1.03
2632 5676 2683 5717 el
2705 5670 2812 5744 ςθῗ.
2838 5671 3022 5744 habent
3051 5674 3300 5744 ἀγέννητον
3339 5679 3604 5727 ὑπόστασιν
3629 5683 3708 5729 καὶ
3734 5685 3950 5744 μείζονα,

2358 5731 2444 5778 sed
2470 5733 2549 5778 alii
2570 5744 2742 5779 omnes
2774 5733 3022 5792 ἀγέννητον
3046 5731 3227 5786 οὐσίαν.

2427 5795 2448 5820 ⁸
2490 5794 2585 5841 Alii
2618 5795 2900 5854 ἐμφαίνεται.
