4186 6326
66 42 552 180 -ιπ

225 388 331 444 761

1051 381 1143 436 DE
1180 369 1831 434 CONSUBSTANTIALI,
1873 366 2147 424 CONTRA
2188 365 2565 422 ΛΝΟΜαΞΟΞ.
2610 362 2722 420 νιῐ.

3429 361 3536 416 761!

222 441 442 558 aestum.
467 501 538 556 Ut
581 499 731 555 enim
755 497 798 552 si
829 494 1040 566 quando
1062 506 1310 563 magnum
1341 487 1466 559 quid
1495 497 1548 540 et
1593 485 1822 539 sublime
1930 490 2054 534 trem
2081 480 2261 550 (.loan.
2300 481 2384 566 lt.
2419 479 2496 542 9).
2539 494 2606 534 ex
2640 479 2741 533 hac
2773 441 3060 532 verborum
3097 476 3532 547 propinquitate,

223 594 641 666 pronunciasset
693 591 974 652 Christus,
1033 584 1228 639 offendi
1282 582 1429 645 illos,
1490 575 1819 647 perturbari,

222 689 466 751 resilire,
495 683 805 746 conviciari,
836 696 899 735 ac
929 678 1170 747 refugere
1191 674 1416 736 vidistis,
1445 672 1517 725 ita
1545 670 1588 724 si
1610 668 1823 736 quando

222 778 363 846 quid
391 776 592 830 humile
623 773 992 841 abiectumque
1021 767 1260 828 dixisset,
1283 764 1580 816 accurrisse
1602 759 1742 822 illos,
1770 765 1824 809 et

223 868 532 922 doctrinam
588 863 870 918 admisisse
917 861 1154 915 conabor
1200 854 1507 910 ostendere.
1555 851 1632 905 llli
1679 849 1821 902 enim

225 961 341 1031 ipsi
365 961 450 1030 qui
481 957 809 1018 resiliebant,
833 969 955 1008 cum
983 966 1168 1006 rursus
1189 950 1424 1003 diceret:
1459 945 1502 998 Α
1528 945 1718 1011 meipso
1741 946 1822 1011 [a-

221 1054 314 1105 rio
338 1051 464 1105 nihil
481 1092 496 1113 ,
523 1049 612 1104 sed
635 1050 762 1102 sicut
790 1046 958 1098 docuit
985 1060 1062 1097 me
1096 1041 1247 1095 Pater
1272 1057 1411 1092 meus
1439 1039 1616 1107 loquor
1643 1034 1824 1108 (Joan.

222 1144 262 1197 8
337 1141 450 1210 28).
495 1141 674 1193 statim
703 1143 1086 1198 accurrernnt,
1117 1141 1170 1187 et
1209 1147 1329 1185 cum
1387 1128 1623 1182 indicare
1668 1124 1827 1179 vellet

227 1231 571 1301 Evangelista
596 1238 815 1298 propter
844 1226 1129 1279 verborum
1157 1222 1507 1276 humilitatem
1558 1218 1675 1270 illos
1705 1231 1826 1269 cre-

223 1325 470 1387 didisse,
512 1321 760 1375 indicium
789 1317 1036 1386 adjuuxit
1061 1315 1245 1368 dicens
1265 1354 1278 1374 ,
1317 1310 1439 1364 ch
1470 1310 1559 1362 illo
1593 1309 1827 1376 loquente

223 1416 383 1468 titulti
406 1413 726 1467 crediderunt
752 1411 802 1462 in
831 1425 948 1463 eum
976 1400 1080 1477 (Ib.
1105 1422 1151 1458 υ.
1183 1404 1276 1472 50)
1299 1421 1311 1456 :
1341 1413 1501 1471 atque
1522 1399 1639 1454 aliis
1661 1398 1827 1468 pluri-

225 1508 337 1561 bus
365 1507 414 1558 in
443 1504 573 1558 locis
627 1504 697 1555 ita
747 1501 990 1556 evenisse
1019 1496 1443 1565 comperiemus:
1492 1493 1613 1545 ideo
1665 1489 1828 1543 multa

225 1610 381 1664 saepe
422 1593 730 1648 humanitus
760 1590 1093 1661 loquebatur,
1124 1596 1178 1639 et
1202 1599 1390 1638 rursus
1436 1599 1540 1636 non
1587 1580 1831 1634 humani-

226 1697 342 1748 tus,
371 1686 464 1739 sed
495 1694 551 1738 ιιι
583 1685 744 1738 Deum
766 1680 1014 1744 decebat,
1041 1688 1198 1746 atque
1223 1674 1362 1744 ipsiu
1441 1673 1688 1725 nobilitas
1713 1669 1829 1724 exi-

224 1776 411 1845 gebat:
430 1790 550 1828 cum
574 1784 632 1827 ut
649 1773 952 1826 auditorum
977 1765 1318 1823 imbecillitati
1342 1779 1402 1817 se
1429 1769 1829 1831 attemperaret.

228 1879 350 1920 tum
393 1875 448 1920 ut
477 1866 782 1934 dogmatnm
814 1860 1105 1915 sinceritati
1153 1857 1475 1926 provideret.
1509 1854 1720 1908 Etenim
1765 1868 1832 1905 ne

229 1958 403 2021 forte,
437 1957 482 2010 si
530 1969 746 2023 semper
777 1964 846 2006 na
878 1967 936 2006 se
981 1950 1500 2016 demitteret,quam
1548 1945 1616 2000 de
1664 1945 1832 2013 ipsius

227 2049 494 2120 dignitate
520 2046 727 2114 concipi
759 2060 852 2114 par
877 2053 959 2098 est
979 2085 994 2108 ,
1023 2041 1160 2110 apud
1190 2048 1432 2117 posteros
1459 2037 1644 2107 Opinio
1665 2037 1830 2090 Iaude-

226 2148 405 2200 retur,
440 2153 505 2191 ne
529 2137 673 2191 illam
696 2133 910 2205 quidem
957 2141 1158 2202 partem
1190 2131 1455 2200 neglexit,
1488 2128 1581 2183 sed
1622 2127 1832 2182 tametsi

229 2232 350 2283 fore
391 2226 717 2298 prtevidebat
739 2267 754 2292 ,
787 2236 845 2278 ut
873 2224 1092 2278 minime
1120 2222 1218 2277 sibi
1248 2222 1703 2290 obtemperarent,
1737 2219 1830 2273 sed

227 2320 661 2373 conviciarentur
712 2331 775 2371 ac
819 2317 1114 2379 resilirent,
1163 2314 1297 2368 dixit.
1349 2323 1548 2376 tamen,
1598 2328 1720 2366 cum
1777 2321 1835 2366 ut

229 2409 365 2463 iliud
417 2409 557 2478 quod
597 2407 848 2462 indicavit
897 2402 1287 2472 constitueret,
1335 2414 1446 2459 tum
1508 2414 1569 2458 ut
1611 2419 1827 2458 causam

226 2500 506 2569 aperiret,
536 2499 605 2553 ob
625 2513 782 2568 quam
813 2499 916 2554 illis
942 2507 997 2553 et
1025 2497 1246 2551 humilia
1276 2496 1436 2552 verba
1473 2496 1829 2550 commiscuit:

230 2590 350 2644 hac
402 2588 656 2643 nimirum
710 2598 858 2653 erat,
900 2588 1040 2658 quod
1090 2587 1357 2642 dictorum
1413 2587 1832 2657 magnitudinem

227 2698 431 2752 capere
461 2682 698 2737 nondum
727 2692 963 2752 possent.
991 2681 1060 2735 Et
1081 2695 1210 2736 sane
1237 2681 1339 2736 nisi
1377 2682 1478 2735 hoc
1507 2681 1844 2735 constituere»

228 2775 286 2828 in
341 2773 523 2827 animo
570 2772 864 2836 habuisset,
889 2787 1347 2840 supervacaneum
1379 2770 1568 2826 fuisset
1611 2771 1836 2840 dogma-

229 2875 346 2919 tnm
377 2865 689 2920 sublimium
719 2864 1014 2918 doctrinam
1044 2863 1149 2916 illis
1176 2877 1476 2932 proponere
1497 2903 1510 2925 ,
1541 2862 1633 2931 qui
1661 2878 1835 2932 neque

228 2975 392 3014 aures
437 2959 677 3028 praebere
701 2999 717 3026 ,
743 2973 916 3028 neque
940 2958 1178 3011 animum
1209 2955 1477 3015 adhibere.
1497 2956 1832 3009 voluissent:

225 3053 340 3120 jam
363 3065 495 3104 vero
522 3049 733 3103 tametsi
755 3050 978 3104 minime
1006 3049 1115 3102 illis
1142 3048 1457 3118 prodesset,
1490 3063 1591 3102 nos
1615 3049 1830 3116 quidem

227 3147 380 3196 Certe
428 3140 744 3206 erudiebat,
771 3149 826 3194 et
854 3149 914 3194 ut
956 3140 1294 3194 convenienti
1340 3139 1592 3209 opinione
1638 3139 1706 3193 de
1741 3139 1834 3192 illo

231 3232 602 3287 imbueremur
630 3230 930 3297 efﬁciebat;
957 3231 1192 3301 illudque
1212 3229 1564 3300 persuadebat
1592 3230 1643 3284 in
1673 3245 1834 3284 causa

229 3326 422 3391 fuisse,
443 3336 497 3380 ut
515 3325 583 3380 ad
601 3334 799 3379 tantam
817 3323 1168 3378 humilitatem
1187 3323 1480 3378 orationem
1507 3322 1832 3391 traduceret,

226 3419 373 3490 quod
421 3417 766 3472 sublimitatis
821 3431 1008 3473 eorum
1060 3431 1180 3485 qua:
1233 3414 1546 3470 dicebantur
1597 3414 1833 3470 nondum

228 3525 462 3580 capaces
481 3518 680 3565 essent.
704 3507 838 3562 Cum
866 3509 1024 3577 igitur
1050 3523 1171 3562 eum
1197 3507 1395 3562 videris
1421 3506 1640 3561 humilia
1665 3507 1832 3577 loqui,

229 3616 302 3654 ne
321 3600 388 3654 ad
417 3601 669 3655 essentia:
700 3599 956 3653 vilitatem
977 3639 992 3664 ,
1025 3598 1118 3653 sed
1161 3597 1227 3651 ad
1271 3598 1690 3653 imbecillitatem
1735 3614 1833 3651 au-

229 3692 468 3748 ditorum
500 3692 673 3759 ipsum
699 3704 818 3744 sese
847 3700 1204 3756 attemperare
1232 3696 1377 3757 puta.
1412 3688 1584 3742 Vultis
1628 3695 1683 3743 et
1727 3697 1835 3743 ter-

234 3784 365 3838 tiam
409 3799 628 3838 causam
657 3783 918 3838 afferam?
945 3784 1059 3838 Non
1100 3784 1244 3838 enim
1273 3791 1478 3836 tantum
1509 3782 1578 3837 ob
1616 3797 1834 3837 carnem

231 3891 340 3946 qua
407 3877 767 3930 circumdatus
823 3884 969 3940 erat,
1025 3891 1198 3944 neque
1258 3874 1327 3931 ob
1378 3874 1681 3930 auditorum
1736 3876 1846 3929 im-

228 3968 612 4031 becillitatem,
641 3968 735 4023 sed
773 3967 916 4036 quod
969 3967 1239 4022 auditores
1297 3968 1490 4023 docere
1532 3969 1726 4033 vellet,
1778 3979 1835 4022 ut

229 4058 418 4112 animo
467 4057 704 4112 demisso
733 4066 788 4113 et
825 4057 1011 4111 humili
1055 4066 1265 4122 essent,
1293 4057 1457 4112 multa
1487 4057 1762 4112 humiliter
1781 4068 1834 4112 et

227 4147 400 4224 gessit
442 4155 497 4201 et
550 4147 718 4202 dixit:
744 4158 904 4217 atque
955 4147 1070 4202 inec
1115 4147 1270 4202 tertia
1301 4163 1486 4202 rursus
1529 4156 1612 4203 est
1648 4163 1828 4202 causa.

227 4238 369 4292 Nam
399 4239 490 4309 qui
520 4238 792 4294 humiliter
817 4239 1017 4294 sentire
1043 4237 1199 4293 docet
1219 4280 1234 4302 ,
1262 4253 1370 4292 non
1392 4239 1570 4293 verbis
1601 4249 1828 4305 tantum,

227 4327 329 4381 sed
371 4337 425 4382 et
470 4328 622 4383 factis
662 4329 728 4383 ad
773 4328 879 4384 hoc
923 4344 1020 4383 nos
1058 4329 1264 4394 erudit,
1292 4343 1540 4384 sermone
1588 4330 1748 4385 simul
1779 4342 1830 4386 et

228 4433 400 4489 opere
424 4419 743 4474 modeStiam
764 4435 873 4489 pra:
900 4437 958 4475 se
981 4421 1180 4475 ferens.
1214 4420 1408 4474 Discite
1433 4421 1575 4475 enim
1596 4463 1618 4489 ,
1637 4422 1828 4490 inquit,

229 4528 263 4562 a
293 4527 396 4574 me,
423 4511 543 4581 quia
569 4513 707 4566 mitis
735 4529 846 4565 sum
867 4521 913 4565 et
934 4512 1140 4566 humilis
1165 4513 1319 4566 corde
1348 4512 1561 4582 (Matth.
1595 4515 1680 4567 ll.
1711 4514 1827 4580 99),

229 4611 286 4658 et
316 4602 447 4655 alibi
470 4617 652 4657 rursus
672 4644 686 4666 ,
715 4603 880 4656 Filius
911 4604 1128 4657 hominis
1155 4621 1255 4656 non
1284 4605 1414 4657 venit
1439 4615 1492 4656 ut
1515 4605 1830 4658 ministrare-

229 4706 318 4749 tur
368 4695 445 4760 ei,
498 4696 587 4750 sed
643 4706 697 4750 ut
733 4697 1040 4750 ministraret
1083 4695 1194 4765 (Id.
1224 4695 1315 4750 20.
1373 4694 1491 4766 28).
1550 4696 1691 4766 Ergo
1741 4695 1835 4766 qui

229 4787 465 4842 docebat
489 4802 622 4854 nos,
653 4796 712 4843 ut
751 4789 980 4843 humiles
1011 4788 1262 4845 iteremus
1287 4829 1302 4854 ,
1334 4803 1506 4858 neque
1537 4789 1829 4857 principem

231 4881 416 4936 locum
466 4896 688 4952 usquam
734 4896 1153 4951 occuparemus,
1186 4882 1280 4937 sed
1312 4881 1596 4936 inferiores
1637 4881 1828 4950 ubique

229 4973 446 5028 censeri
474 4975 712 5029 contenti
737 4989 1011 5040 essemus,
1041 4989 1104 5030 ac
1133 4975 1311 5029 verbis
1338 4974 1600 5045 factisque
1641 4989 1740 5028 nos
1764 4975 1831 5027 ad

231 5065 340 5118 hoc
391 5063 680 5144 incitabat,
713 5065 764 5119 ei
811 5065 994 5120 multa:
1049 5065 1402 5136 suppetebant
1455 5065 1727 5121 humiliter
1756 5065 1833 5118 lo-

228 5156 432 5227 quendi
461 5157 790 5212 occasiones.
821 5159 971 5213 Licet
995 5167 1050 5213 et
1077 5167 1319 5228 quartam
1347 5158 1589 5228 proferre
1615 5173 1834 5214 causam

230 5247 406 5303 nihilo
434 5247 739 5304 inferiorem
781 5249 990 5304 allatis:
1019 5265 1262 5319 quaenam
1307 5259 1391 5304 est
1428 5249 1519 5303 illa
1573 5249 1833 5304 tandem?

229 5338 310 5395 Ne
340 5337 479 5394 forte
505 5347 729 5408 pr0pter
757 5355 1006 5410 magnam
1032 5349 1085 5394 et
1115 5341 1430 5395 immensam
1459 5339 1831 5412 hypostasnum

231 5429 686 5498 propinquitatem
723 5445 821 5485 nos
852 5431 904 5483 in
933 5431 1090 5484 unius
1123 5446 1367 5500 persona:
1397 5431 1706 5500 opinionem
1747 5449 1832 5484 Ill-

229 5514 570 5568 cideremus:
594 5515 692 5567 etsi
711 5515 853 5570 enim
879 5530 1001 5569 raro
1014 5515 1117 5570 tale
1137 5515 1263 5585 quid
1278 5516 1489 5591 dixerit,
1511 5516 1620 5584 jam
1647 5517 1698 5568 in
1714 5531 1832 5570 eam

232 5607 476 5661 nonnulli
503 5607 737 5676 prolapsi
769 5619 896 5662 sunt
934 5607 1283 5676 impietatem.
1313 5607 1579 5663 Sabellius
1618 5607 1831 5676 quidem

229 5708 383 5756 certe
410 5698 537 5753 Afer
553 5714 673 5753 cum
696 5699 962 5757 dicentem
990 5701 1258 5768 audisset,
1292 5700 1401 5772 Ego
1427 5712 1471 5755 et
1493 5702 1651 5756 Pater
1676 5719 1836 5756 unum

228 5809 408 5850 sumus
452 5793 630 5864 (Joan.
679 5793 764 5850 l0.
810 5795 925 5864 30),
959 5803 1058 5863 et,
1091 5794 1210 5848 vidit
1249 5811 1344 5858 me,
1398 5783 1498 5864 Qui
1547 5797 1670 5851 vidit
1720 5795 1833 5849 Pa-

1933 588 2036 642 qna
2085 572 2152 626 ad
2199 565 2508 642 genitorem
2548 570 2807 625 accedere
2855 569 3152 631 videbatur,
3198 567 3536 622 occasionem

1937 663 2227 732 impietatis
2276 663 2534 732 arripuit,
2567 661 2635 715 ita
2687 672 2744 716 ut
2773 675 2933 715 unam
2981 673 3102 714 esse
3150 672 3435 727 personam
3485 663 3536 711 et

1939 754 2268 824 hypostasitn
2293 769 2452 808 unam
2474 762 2738 807 censeret.
2764 752 2945 822 Neque
2968 765 3096 805 vero
3117 751 3245 805 sola:
3267 758 3394 804 sunt
3419 748 3540 803 ista.

1932 860 2132 908 causre,
2165 844 2261 899 sed
2287 859 2353 899 ne
2381 844 2502 914 quis
2531 859 2655 898 eum
2701 843 2926 914 primam
2959 841 3104 896 illam
3141 849 3196 896 et
3241 840 3534 911 ingenitam

1934 954 2054 993 esse
2079 939 2432 993 substantiam
2455 938 2823 1003 arbitraretur,
2853 945 2946 992 aut
2971 936 3231 1007 majorem
3256 950 3353 990 suo
3371 935 3548 1006 ipsius

1935 1029 2177 1097 genitore
2205 1037 2492 1083 censeret:
2523 1043 2644 1080 nam
2676 1039 2731 1081 et
2766 1029 2868 1082 hoc
2898 1027 3070 1096 ipsum
3116 1027 3358 1081 timuisse
3403 1027 3540 1080 Pau-

1937 1119 2047 1173 lum
2065 1129 2333 1189 apparet,
2367 1135 2435 1174 ne
2461 1119 2581 1189 quis
2625 1119 2764 1174 forte
2816 1118 2919 1190 hoc
2962 1117 3180 1186 impium
3212 1132 3553 1187 pravumque

1937 1211 2131 1280 dogma
2183 1213 2568 1280 suspicaretur.
2617 1211 2779 1267 Certe
2835 1225 2958 1265 cum
3014 1209 3263 1265 dixisset:
3325 1209 3538 1280 Oportet

1935 1305 2070 1357 enim
2110 1273 2527 1376 illum’regnare,
2557 1304 2715 1364 donec
2743 1312 2899 1373 ponat
2925 1304 3158 1358 inimicos
3201 1304 3292 1357 sub
3333 1301 3544 1372 pedibus

1938 1395 1983 1466 (Ι
2002 1439 2016 1453 .
2042 1396 2159 1451 Cor.
2190 1398 2275 1451 15.
2300 1397 2392 1452 25.
2422 1407 2466 1451 ct
2495 1396 2588 1467 27)
2617 1415 2629 1448 :
2659 1406 2715 1452 et
2741 1396 3035 1452 addidisset
3056 1438 3070 1458 ,
3104 1396 3293 1451 Omnia
3332 1396 3543 1467 subjecit

1939 1488 2028 1540 sub
2075 1489 2286 1559 pedibus
2315 1491 2426 1558 ejus
2445 1531 2459 1554 ,
2492 1489 2763 1557 adiunxit,
2803 1487 3001 1544 Praeter
3023 1505 3169 1554 eum,
3199 1491 3287 1560 qui
3332 1489 3561 1558 subjecit

1939 1580 2015 1633 illi
2036 1582 2210 1634 omnia
2230 1597 2248 1634 :
2276 1598 2380 1635 non
2412 1582 2598 1651 utique
2632 1581 2981 1651 adiuncturus
2999 1623 3013 1645 ,
3039 1581 3150 1636 .nisi
3178 1581 3449 1636 timuisset
3478 1593 3546 1634 ne

1937 1688 2037 1740 qua
2071 1671 2209 1726 forte
2236 1672 2497 1727 diabolica
2543 1673 2665 1726 talis
2713 1672 2976 1726 sententia
3022 1673 3343 1726 exoriretur.
3386 1670 3544 1740 Saepe

1937 1763 2306 1831 quoqnetdum
2341 1763 2658 1818 Judreorum
2690 1753 2941 1817 invidiam
2968 1762 3128 1827 lenit,
3158 1762 3228 1818 de
3257 1761 3544 1816 verborum

1938 1856 2266 1910 sublimitate
2324 1855 2569 1911 nonnihil
2630 1854 2892 1918 remittit.
2946 1865 3003 1909 ut
3054 1870 3241 1909 eorum
3283 1856 3373 1924 qui
3423 1869 3546 1909 cum

1939 1947 2056 2018 ipso
2093 1949 2614 2013 sermocinabamur.
2642 1947 2933 2017 suspicioni
2960 1947 3252 2002 satisfaciat
3288 1967 3301 2002 :
3336 1956 3394 2002 ut
3422 1963 3546 2002 cum

1939 2040 2013 2092 ait
2042 2057 2054 2090 :
2088 2037 2149 2093 Si
2190 2056 2282 2108 ego
2313 2039 2656 2093 testimonium
2700 2039 2934 2106 perhibeo
2965 2039 3029 2091 de
3071 2039 3293 2108 meipso,
3320 2040 3546 2093 testimoo

1939 2131 2082 2183 nium
2103 2148 2268 2184 meum
2286 2149 2388 2185 non
2410 2141 2482 2185 est
2509 2147 2682 2186 verum
2700 2130 2882 2201 (Joan.
2907 2133 2959 2186 5.
2985 2129 3097 2202 51).
3123 2131 3256 2193 Nam
3284 2139 3342 2186 ut
3357 2148 3544 2187 eorum

1939 2223 2300 2290 suspicionem
2351 2223 2658 2289 refelleret,
2687 2223 2760 2277 ita
2802 2222 2936 2278 dixit
2975 2240 2988 2276 :
3045 2238 3219 2293 neque
3267 2224 3411 2280 enim
3442 2227 3543 2279 hoc

1939 2329 2125 2369 verum
2157 2330 2262 2370 non
2289 2331 2410 2372 esse
2439 2315 2605 2369 voluit
2647 2314 2917 2380 indicare,
2948 2316 3073 2384 quin
3099 2317 3275 2384 potius
3295 2357 3309 2382 ,
3346 2326 3399 2369 ut
3450 2332 3546 2369 vos

1941 2407 2274 2460 arbitramini
2324 2416 2380 2462 et
2429 2405 2810 2475 suspicamini,
2843 2406 3047 2476 inquit,
3077 2421 3202 2460 cum
3249 2422 3338 2461 me
3365 2406 3553 2461 noiitis

1941 2498 2182 2567 recipere
2208 2498 2276 2553 de
2304 2513 2390 2553 me
2415 2499 2533 2566 ipso
2558 2497 2719 2552 verba
2743 2496 3053 2552 facientem.

2011 2592 2065 2646 5.
2108 2591 2177 2645 Et
2199 2607 2330 2645 vero
2354 2591 2539 2662 plures
2566 2590 2686 2645 alite
2715 2590 2942 2660 reperiri
2979 2605 3158 2645 causa;
3189 2601 3410 2660 possent
3441 2630 3454 2642 .
3487 2605 3550 2645 ac

1941 2683 2225 2744 verborum
2257 2683 2474 2754 quidem
2520 2682 2838 2736 humilitatis
2878 2681 3074 2735 multas
3113 2681 3270 2736 nobis
3301 2681 3546 2752 proferre

1942 2776 2250 2829 occasiones
2270 2776 2487 2830 liceret:
2511 2783 2566 2828 at
2592 2783 2648 2828 tu
2674 2773 2983 2844 dogmatnm
3005 2772 3375 2828 sublimioruut
3393 2774 3554 2828 aliam

1942 2867 2078 2922 ati‘er
2099 2867 2436 2921 occasionem
2464 2874 2665 2936 praeter
2684 2880 2826 2927 eam,
2854 2879 3013 2934 quam
3042 2863 3302 2920 diximus.
3326 2864 3399 2918 Ea
3429 2881 3556 2919 vero

1943 2957 2074 3020 fuit,
2102 2957 2244 3027 quod
2276 2973 2426 3012 suam
2466 2957 2622 3012 nobis
2653 2957 2814 3011 vellet
2853 2954 3152 3025 patefacere
3181 2955 3509 3011 nobilitatem
3537 2973 3551 3021 ;

1942 3049 2037 3103 sed
2063 3049 2220 3103 aliam
2251 3049 2445 3103 all'erre
2483 3048 2684 3102 nullam
2729 3063 2939 3117 posses.
2981 3047 3115 3102 Nam
3149 3049 3192 3102 is
3221 3047 3434 3120 quidem
3461 3051 3554 3119 qui

1944 3156 2168 3211 magnus
2189 3151 2293 3206 est,
2318 3141 2572 3210 exiguum
2602 3139 2802 3209 aliquid
2831 3139 3026 3209 poterit
3048 3138 3115 3194 de
3145 3154 3204 3194 se
3223 3139 3426 3207 dicere,
3456 3157 3556 3196 nec

1942 3233 2110 3287 ullum
2140 3232 2191 3286 id
2220 3232 2423 3285 crimen
2463 3231 2602 3295 erit,
2635 3230 2900 3302 siquidem
2943 3229 3082 3285 istud
3113 3241 3199 3286 est
3231 3231 3510 3288 modestia:
3538 3252 3552 3288 :

1943 3316 1986 3370 si
2012 3317 2133 3385 quis
2160 3324 2338 3369 autem
2370 3314 2461 3384 qui
2489 3328 2685 3384 parvus
2714 3313 2803 3377 sit,
2833 3329 3086 3383 magnum
3111 3313 3179 3369 de
3199 3328 3259 3369 se
3281 3315 3555 3386 quidpiam

1942 3409 2104 3474 dicat,
2132 3409 2564 3463 criminationem
2594 3422 2699 3463 non
2728 3407 2946 3477 eﬂ'ugiet
2979 3426 2992 3463 :
3020 3418 3102 3462 est
3128 3410 3270 3464 enim
3301 3411 3429 3465 illud
3462 3426 3532 3466 ar

1942 3502 2238 3569 rogantim:
2272 3508 2599 3569 quapropter
2640 3497 2924 3553 sublimem
2955 3499 3172 3569 quidem
3204 3516 3393 3557 omnes
3434 3503 3553 3558 lau.

1942 3589 2130 3644 damus
2150 3631 2164 3651 .
2203 3605 2324 3643 cum
2369 3589 2591 3644 humilia
2620 3588 2689 3643 de
2733 3605 2792 3643 se
2818 3589 3015 3644 dixerit
3047 3608 3059 3643 :
3093 3588 3350 3646 humilem
3377 3603 3565 3647 autem-

1943 3696 2101 3736 nemo
2128 3681 2363 3736 laudabit
2385 3722 2400 3745 ,
2434 3681 2479 3736 si
2509 3681 2637 3752 quid
2680 3680 2818 3736 forte
2857 3697 3106 3751 magnum
3147 3684 3216 3738 de
3245 3701 3304 3738 se
3333 3684 3550 3740 dixerit.

1945 3773 2127 3843 Itaque
2153 3773 2196 3827 si
2229 3775 2399 3827 multo
2429 3772 2653 3828 inferior
2682 3772 2844 3828 Patre
2874 3772 3041 3844 Filius
3067 3783 3231 3838 esset,
3263 3785 3318 3828 nt
3345 3791 3438 3829 vos
3467 3776 3552 3829 di-

1942 3867 2084 3932 citis.
2113 3883 2219 3922 non
2250 3867 2583 3936 oportuisset
2607 3881 2730 3920 eum
2754 3865 2915 3933 verba
2946 3866 3188 3936 proloqui
3216 3908 3228 3932 ,
3259 3882 3324 3922 ex
3361 3868 3562 3938 quibus

1944 3959 2114 4028 ipsum
2140 3959 2370 4028 genitori
2397 3973 2496 4013 suo
2523 3958 2784 4027 a-qualem
2821 3973 2943 4013 esse
2977 3968 3249 4013 constaret
3279 3976 3292 4012 :
3321 3961 3374 4015 id
3408 3975 3552 4015 en'm

1943 4051 2263 4120 arrogantiae
2291 4051 2498 4104 inisset.
2530 4050 2682 4118 Quod
2711 4061 2888 4104 autem
2920 4051 2964 4104 is
2989 4052 3078 4121 qui
3108 4053 3340 4121 genitori
3365 4068 3462 4106 suo
3484 4055 3556 4108 sit

1940 4144 2160 4213 aequalis
2181 4185 2195 4209 ,
2226 4143 2447 4198 humilia
2485 4142 2729 4212 qumdam
2757 4151 2811 4198 et
2839 4143 3048 4212 abiecta
3095 4143 3239 4199 dicat
3263 4185 3285 4211 ,
3311 4146 3440 4200 nulli
3469 4158 3554 4202 est

1939 4235 2228 4288 obnoxium
2281 4234 2726 4304 reprehensioni,
2779 4235 2858 4289 vel
2914 4233 3162 4298 crimini;
3223 4251 3343 4291 cum
3395 4239 3554 4293 laude

1940 4327 2121 4393 potius
2138 4334 2193 4379 et
2215 4326 2453 4379 maxima
2477 4324 2616 4379 istud
2643 4325 2999 4380 admiratione
3019 4328 3090 4380 sit
3111 4326 3350 4397 dignum.
3379 4329 3553 4398 Atque

1937 4430 1994 4474 ut
2019 4419 2385 4473 manifestiora
2416 4420 2564 4479 fiant,
2593 4435 2712 4487 qum
2742 4420 2997 4483 diximus,
3023 4429 3077 4475 et
3117 4421 3428 4492 intelligatis
3455 4441 3552 4478 vos

1936 4527 2146 4577 omnes,
2183 4528 2278 4564 nos
2307 4512 2503 4570 divinis
2535 4527 2640 4564 non
2668 4512 2942 4566 adversari
2967 4511 3276 4581 Scripturis,
3307 4529 3405 4584 age
3439 4516 3549 4581 pri-

1939 4620 2078 4656 mam
2107 4619 2390 4657 causarum
2433 4603 2653 4656 istarnm
2677 4645 2692 4666 ,
2716 4619 2850 4672 quas
2879 4604 3154 4657 attulimus
3173 4648 3186 4668 ,
3211 4605 3319 4673 jam
3351 4616 3554 4675 pertra-

1937 4704 2144 4749 ctemus
2164 4736 2178 4756 ,
2211 4703 2263 4747 et
2293 4709 2526 4763 quonam
2557 4694 2609 4747 in
2640 4693 2760 4747 loco
2791 4702 3009 4763 propter
3039 4694 3409 4751 indumentum
3430 4713 3552 4752 car-

1939 4788 2021 4840 nis
2041 4797 2227 4857 aperte
2254 4803 2349 4841 sua
2373 4787 2607 4841 essentia
2633 4785 2893 4841 inferiora
2916 4786 3079 4843 verba
3107 4789 3341 4859 proferat
3362 4800 3562 4845 osten-.

1885 4926 1889 4931 .
1940 4880 2148 4934 damus.
2199 4881 2275 4932 Ac
2314 4880 2358 4933 si
2399 4879 2611 4933 videtur
2650 4879 2950 4934 orationem
2999 4879 3168 4948 ipsam
3220 4881 3272 4934 in
3315 4883 3557 4937 medium

1939 4972 2298 5038 adducamus,
2316 4987 2417 5043 qua
2449 4980 2653 5041 patrem
2685 4973 2878 5027 oravit.
2905 4972 3012 5028 Sed
3034 4973 3314 5040 attendite,
3343 4991 3557 5044 qnmso,

1941 5064 2224 5133 diligenter
2253 5079 2267 5117 2
2299 5079 2411 5117 rem
2457 5063 2599 5118 enim
2643 5078 2858 5116 omnem
2893 5063 3050 5131 paulo
3079 5063 3238 5117 altius
3269 5067 3562 5134 repetitam.

1941 5157 2110 5210 Statui
2125 5171 2364 5210 narrare.
2389 5155 2610 5210 Peracta
2633 5164 2714 5210 est
2735 5156 2862 5209 olim
2885 5172 3058 5219 omna,
3077 5172 3232 5216 sacra
3259 5158 3548 5228 illa-nocte,

1941 5264 2043 5317 qua
2071 5247 2366 5302 tradendus
2394 5246 2493 5301 fuit
2521 5265 2535 5302 :
2565 5262 2772 5301 sacram
2804 5249 2946 5302 enim
2978 5248 3123 5302 illam
3156 5249 3388 5318 appello,
3420 5253 3566 5321 quia-

1943 5341 2224 5395 innumera
2269 5340 2360 5394 illa
2402 5341 2576 5403 bona,
2608 5355 2728 5408 qua:
2775 5341 2829 5393 in
2860 5340 3043 5396 orbem
3075 5349 3340 5396 terrarum
3381 5344 3550 5400 effusa

1943 5443 2104 5494 sunt,
2140 5433 2350 5486 initium
2385 5431 2508 5486 inde
2543 5431 2832 5486 duxerunt.
2875 5433 3024 5485 Tunc
3055 5431 3212 5501 igitur
3240 5447 3360 5486 cum
3387 5434 3555 5489 disci-

1942 5524 2080 5592 pttlis
2120 5523 2365 5578 mnlccim
2415 5523 2656 5591 proditor
2686 5523 3072 5585 recumbebat,
3117 5534 3171 5576 et
3216 5527 3554 5582 comantibus

1939 5615 2046 5668 illis
2077 5615 2149 5667 ait
2175 5613 2442 5680 Christus,
2473 5613 2620 5668 Unus
2647 5631 2714 5668 ea:
2739 5615 2874 5668 vobis
2905 5613 3068 5667 tradet
3095 5630 3172 5666 me
3202 5612 3430 5685 (Matth.
3459 5617 3549 5672 26.

1941 5705 2007 5760 21
2034 5705 2073 5775 ).
2109 5705 2308 5760 llorum
2337 5707 2466 5761 mihi
2501 5722 2768 5762 memores
2789 5717 2962 5762 estote
2988 5705 3273 5760 verborum
3298 5749 3312 5773 ,
3346 5718 3405 5762 ttt
3430 5725 3553 5766 cum

1951 5797 2015 5853 ad
2043 5798 2338 5853 orationem
2365 5807 2582 5854 ventum
2607 5797 2782 5866 fuerit,
2810 5815 2912 5870 qua
2941 5797 3006 5853 dc
3026 5814 3186 5854 causa
3211 5801 3290 5854 sic
3315 5809 3452 5870 oret,
3473 5802 3554 5858 νίν
