4174 6336
625 426 727 478 7113

620 540 860 591 deamus.
894 535 971 588 Ac
1009 531 1138 587 mihi
1179 528 1593 586 sollicitudinem
1637 523 1847 578 Domini
1878 518 2159 575 considera
2190 534 2201 568 :

621 641 725 682 non
748 624 902 690 dixit,
929 621 1093 678 ludas
1119 636 1205 675 me
1235 619 1442 685 tradet,
1470 632 1536 671 ne
1558 598 1716 670 editis
1752 610 2083 668 evidentibus
2107 605 2214 661 cri-

622 717 782 771 minis
816 714 1027 770 indiciis
1056 711 1501 782 impndentiorem
1551 707 1698 760 illum
1741 699 1992 758 redderet
2031 715 2045 753 :
2088 713 2210 753 cum

618 820 798 864 autem
829 788 918 862 ille
946 806 1251 861 Stimulattte
1291 800 1617 858 conscientia
1660 797 1916 858 dixisset,
1948 790 2212 861 Numquid

621 919 711 973 ego
735 918 847 956 sum
864 942 877 964 ,
909 897 1167 952 Domine?
1187 899 1256 950 ait
1284 896 1390 961 illi,
1412 891 1490 946 Tu
1508 892 1679 947 dixiin
1703 890 1721 960 (
1744 889 1930 943 Matth.
1961 885 2052 940 26.
2078 885 2147 937 23
2170 883 2239 949 ),.

620 1003 675 1047 et
706 1008 771 1046 ne
804 1000 912 1043 ttttn
944 988 1158 1059 quidem
1197 986 1385 1041 adduci
1426 983 1629 1053 potuit,
1668 988 1726 1035 ut
1751 995 1872 1035 eum
1903 984 2209 1038 accusaret,

623 1084 719 1138 sed
751 1085 923 1151 ipsum
967 1080 1194 1135 indicem
1239 1078 1475 1132 criminis
1519 1076 1599 1129 sui
1644 1072 1939 1128 eunstituit.
1984 1068 2210 1123 Verum-

624 1186 801 1229 tamen
822 1189 888 1228 ne
906 1174 981 1227 sic
1000 1173 1212 1242 quidem
1238 1171 1426 1224 melior
1442 1167 1637 1233 evasit,
1660 1166 1753 1220 sed
1775 1181 1896 1219 cum
1917 1160 2212 1230 accepisset
2246 1176 2250 1181 '

625 1267 917 1323 buccellam
961 1266 1145 1320 exivit.
1174 1264 1303 1317 Cum
1331 1277 1458 1332 ergo
1499 1260 1717 1314 exiisset
1744 1255 2033 1323 assumptis
2057 1253 2212 1307 Jesus

623 1359 897 1427 discipulis
926 1358 1035 1423 ait,
1072 1355 1256 1408 Omnes
1295 1369 1380 1405 vos
1420 1350 1715 1405 scandalum
1757 1345 2012 1417 patiemini
2055 1345 2105 1396 in
2134 1358 2213 1395 me

625 1451 803 1519 (Ibid.
861 1467 907 1503 υ.
964 1447 1183 1518 51-54).
1228 1446 1511 1500 Renitente
1553 1452 1730 1495 autem
1770 1435 1950 1494 -Petro
2011 1451 2073 1490 ac
2125 1434 2208 1489 di-

627 1552 782 1596 cente
804 1583 817 1604 ,
854 1540 962 1593 Etsi
990 1555 1159 1592 omnes
1186 1535 1517 1595 scandalizati
1555 1534 1774 1600 fuerint,
1816 1545 1906 1599 ego
1935 1542 2211 1595 numquam

625 1620 1009 1678 scandalizabor
1027 1640 1045 1676 :
1073 1623 1145 1675 ait
1172 1634 1356 1673 rursus
1380 1617 1535 1672 Jesus
1569 1634 1581 1667 :
1611 1617 1771 1668 Amen
1796 1613 1907 1665 dico
1933 1611 2043 1677 tibi,
2065 1619 2210 1663 ante-

625 1736 775 1788 quam
801 1718 967 1789 gallus
988 1723 1170 1777 cantet,
1205 1724 1277 1765 ter
1306 1728 1383 1763 me
1408 1708 1629 1779 negabis.
1658 1706 1788 1760 Cum
1820 1716 1995 1758 autem
2028 1717 2211 1757 rursus

625 1809 1033 1872 contradiceret,
1064 1805 1312 1871 deinceps
1344 1802 1488 1855 illum
1519 1798 1755 1867 reliquit.
1786 1796 1901 1850 Non
1932 1804 2102 1864 poles.
2131 1793 2214 1847 in-

626 1903 759 1972 quit,
784 1900 962 1955 verbis
986 1896 1312 1966 persuaderi,
1336 1892 1427 1948 sed
1459 1891 1799 1952 eontradicis,
1824 1904 1885 1941 ac
1904 1886 2062 1940 rebus
2085 1885 2212 1953 ipsis

626 1994 717 2047 tibi
750 1989 1155 2061 persuadebilur
1180 2002 1281 2039 non
1314 2000 1432 2038 esse
1465 1982 1688 2036 Domino
1718 1976 2207 2033 contradicendum.

627 2086 799 2152 Atque
842 2081 1030 2135 horum
1060 2077 1210 2132 mihi
1258 2078 1449 2130 iterum
1505 2086 1773 2126 memores
1816 2077 1986 2124 estote
2022 2066 2212 2121 verbo-

628 2191 743 2228 rum
769 2172 845 2244 (a)
875 2192 884 2225 :
912 2173 1052 2226 utilis
1074 2171 1213 2224 enim
1232 2184 1415 2224 eorum
1442 2167 1545 2221 erit
1565 2164 1841 2225 memoria,
1869 2161 1992 2215 dum
2016 2160 2213 2213 oratio—

629 2283 747 2319 nem
781 2263 1231 2334 perscrutabimur
1261 2276 1274 2312 :
1304 2258 1558 2312 indicavit
1587 2256 1933 2326 proditorem,
1966 2250 2214 2321 praedixit

624 2360 859 2411 omnium
892 2357 1085 2423 fugam,
1114 2364 1168 2409 et
1193 2362 1418 2407 mortem
1448 2365 1597 2405 suam
1631 2365 1644 2401 :
1681 2346 1994 2408 Percutiam,
2018 2343 2208 2411 inquit,

626 2462 894 2519 pastorem,
929 2460 971 2502 et
1008 2448 1357 2515 dispergentur
1394 2459 1504 2495 oves
1523 2440 1569 2511 (Ι
1580 2440 1681 2493 bid.
1712 2455 1758 2490 υ.
1790 2439 1882 2505 51)
1904 2455 1917 2489 :
1941 2434 2206 2504 praedixit,

624 2548 784 2616 quise
801 2546 1154 2614 abnegaturus
1173 2550 1333 2605 esset,
1358 2548 1411 2591 et
1431 2534 1659 2608 quando,
1677 2542 1729 2587 et
1746 2532 1972 2602 quoties,
1987 2538 2041 2582 et
2059 2543 2215 2581 accu-

625 2651 737 2694 rate
751 2637 947 2693 omnia.
966 2637 1087 2690 Post
1104 2635 1215 2688 hsce
1229 2644 1283 2690 ut
1297 2631 1538 2685 idoneam
1552 2623 1899 2698 prmseientiae
1913 2620 2213 2675 futurorum

626 2733 807 2786 allerat
828 2728 1216 2798 probationem,
1235 2739 1354 2778 eum
1379 2720 1443 2775 ad
1463 2720 1639 2773 villam
1658 2715 1938 2786 quamdam
1958 2710 2211 2776 venisset,

626 2834 740 2878 orat
766 2839 780 2876 ε
809 2832 863 2876 et
892 2821 966 2874 illi
994 2818 1209 2890 quidem
1238 2810 1529 2869 divinitatis
1555 2810 1848 2863 orationem
1871 2818 1989 2858 esse
2009 2802 2211 2864 dicunt,

628 2935 723 2974 nos
736 2924 913 2973 autem
932 2929 1051 2969 esse
1066 2912 1290 2966 dicimus
1307 2902 1735 2975 dispensationis.
1759 2899 1940 2953 .Indica
1950 2907 1998 2950 te
2015 2896 2213 2963 itaque,

628 3028 685 3067 ac
711 3028 806 3083 per
832 3009 996 3079 ipsius
1023 3003 1277 3075 unigeniti
1308 2999 1530 3071 gloriam
1574 2996 1643 3048 ita
1691 2990 2008 3047 sententiam
2040 2986 2174 3041 ferte
2197 3024 2213 3049 ,

628 3113 683 3158 ιιι
711 3074 1193 3168 ίιὶιιὶίευίυδηυιιηι
1235 3092 1418 3163 gratia:
1449 3087 1609 3142 detis.
1653 3083 1785 3137 Nam
1833 3078 2044 3134 tametsi
2075 3074 2215 3145 apud

626 3194 825 3247 amicos
851 3166 1067 3245 causam
1094 3186 1231 3249 dico,
1269 3195 1473 3252 prccor_
1488 3188 1664 3230 tamen
1694 3182 1747 3226 et
1776 3172 2021 3229 obsecro,
2049 3175 2106 3220 ut
2132 3166 2215 3219 in-

628 3290 931 3353 corruptum
966 3278 1248 3351 judicium,
1276 3288 1374 3327 nec
1401 3271 1485 3324 vel
1515 3272 1566 3322 in
1587 3266 1809 3335 gratiam
1838 3261 2024 3323 nostri,
2049 3258 2133 3312 vel
2164 3258 2215 3309 in

629 3349 836 3429 illorum
888 3349 1073 3425 odium
1117 3367 1229 3421 liat.
1275 3363 1563 3418 Enimvero
1601 3372 1671 3411 ex
1700 3355 1801 3408 hoc
1844 3352 1958 3421 ipso
1987 3349 2217 3402 maxime

629 3474 836 3524 constat
855 3463 1152 3518 orationem
1175 3454 1465 3511 divinitatis
1494 3465 1597 3504 non
1622 3462 1761 3527 esse,
1790 3445 1929 3497 Deus
1949 3441 2091 3495 enim
2111 3454 2215 3491 non

631 3568 745 3615 urat
775 3576 789 3613 :
819 3556 913 3611 Dei
944 3564 1024 3610 est
1050 3550 1258 3606 adorari
1285 3591 1301 3613 ,
1340 3546 1432 3601 Dei
1463 3554 1546 3599 est
1585 3541 1879 3596 orationem
1909 3535 2180 3603 suscipere
2200 3573 2214 3597 ,

632 3669 737 3708 non
766 3650 1061 3707 orationem
1093 3643 1303 3700 offerre.
1330 3641 1577 3694 Attamen
1608 3635 1860 3705 quoniam
1883 3628 2220 3699 impudentes

632 3754 775 3810 sunt,
799 3758 865 3797 ex
895 3741 1024 3811 ipsis
1047 3734 1305 3791 orationis
1326 3730 1503 3785 verbis
1523 3727 1862 3782 manifestum
1882 3720 2107 3776 reddere
2126 3734 2218 3772 co-

634 3836 896 3899 nabimur,
916 3810 1085 3885 totum
1109 3824 1237 3881 illud
1257 3818 1669 3892 dispensationis
1685 3831 1828 3898 esse,
1847 3829 1910 3868 ac
1930 3810 2218 3867 secundum

634 3942 849 3985 carnem
875 3919 1219 3979 inﬁrmitatis.
1243 3913 1466 3981 Quando
1491 3911 1633 3965 enim
1662 3906 1865 3960 humile
1895 3902 2021 3973 quid
2054 3900 2225 3970 loqui-

637 4034 721 4076 tur
744 4018 1020 4077 Christus,
1054 4012 1132 4066 sic
1176 4006 1373 4062 humile
1402 4003 1637 4072 loquitur
1665 4014 1729 4054 ac
1760 3997 1896 4061 vile,
1930 4004 1987 4049 ut
2016 4007 2223 4048 summa

637 4115 896 4167 dictorum
921 4104 1187 4161 humilitas
1209 4092 1604 4154 vel‘admodum
1633 4089 1981 4146 contentiosis
2008 4099 2226 4155 persua-

640 4210 769 4262 dere
794 4211 974 4275 queat,
1012 4200 1102 4253 illa
1131 4194 1292 4250 verba
1319 4192 1541 4245 multum
1572 4188 1639 4242 ab
1668 4185 1757 4239 illa
1789 4179 2037 4236 inell'abili
2070 4187 2227 4246 atque

640 4273 981 4353 inenarrabili
1022 4286 1250 4342 essentia
1294 4280 1574 4338 dissidere.
1620 4277 1699 4331 Ad
1755 4276 1867 4347 ipsa
1912 4273 2071 4342 igitur
2108 4284 2228 4322 ora-

643 4390 802 4445 tionis
824 4386 981 4440 verba
1012 4380 1306 4435 veniamus.
1333 4373 1510 4437 Pater,
1541 4371 1583 4425 si
1613 4368 1847 4439 possibile
1875 4374 1980 4429 est,
2010 4368 2229 4415 transeat

641 4504 670 4537 ιι
694 4500 770 4536 me
792 4480 927 4534 calix
942 4478 1053 4530 iste.
1092 4472 1441 4525 Verumtamen
1464 4481 1563 4517 non
1585 4463 1710 4515 sicut
1728 4476 1819 4530 ego
1838 4460 1967 4520 volo,
1995 4457 2083 4511 sed
2103 4456 2231 4509 sicut

644 4588 696 4628 tu
724 4572 883 4645 (Ibid.
917 4587 963 4622 υ.
988 4562 1116 4636 59).
1164 4562 1261 4616 Hic
1300 4559 1459 4628 igitur
1506 4570 1600 4609 eos
1638 4555 2045 4620 interrogemus,
2084 4550 2230 4617 igno-

645 4640 794 4720 ratne
822 4707 834 4721 .
867 4677 988 4715 num
1022 4653 1274 4727 possibile
1300 4651 1403 4714 sit,
1433 4655 1523 4702 aut
1561 4643 1890 4715 impossibile
1910 4684 1923 4707 ,
1953 4641 2041 4710 qui
2077 4640 2231 4709 paulo

645 4768 767 4812 ante
784 4756 922 4810 inter
937 4747 1251 4804 cut-nandum
1274 4741 1504 4817 dicebat,
1529 4737 1671 4792 Unus
1692 4752 1755 4790 ea:
1771 4734 1906 4788 vobis
1927 4732 2089 4785 tradet
2112 4747 2189 4783 me
2211 4730 2231 4782 ἱ

646 4849 733 4918 qtti
758 4846 911 4917 paulo
940 4852 1062 4895 ante
1088 4835 1316 4897 dicebat,
1347 4831 1608 4899 Scriptum
1639 4836 1731 4892 est,
1748 4823 2035 4877 Percutiam
2060 4831 2232 4891 pasto-

649 4914 772 5000 rem,
804 4949 849 4990 et
879 4937 1226 5005 dispergentur
1253 4942 1363 4980 ores
1388 4968 1401 4988 ,
1431 4934 1503 4985 et,
1540 4922 1725 4974 Omnes
1754 4917 2052 4971 scandalum
2079 4914 2236 4984 patie-

651 5029 851 5083 ηιίηἰιὶιι
896 5028 1009 5079 me?
1036 5022 1124 5091 qui
1170 5021 1327 5073 Petro
1353 5018 1505 5075 dixit,
1540 5010 1877 5080 Mestegabis,
1921 5018 1995 5073 et,
2025 5006 2124 5060 Ter
2159 5024 2237 5059 me

651 5123 850 5192 negabis
881 5134 900 5173 :
928 5116 1135 5171 hiccine
1155 5115 1335 5181 qu‘tazso
1367 5124 1507 5162 nunc
1533 5103 1773 5174 ignorat?
1799 5102 1927 5167 Quis
1958 5101 2058 5153 hos
2085 5100 2238 5153 dixe-

654 5218 720 5269 rit
745 5256 758 5279 ,
788 5208 1175 5281 quantumlibet
1202 5203 1482 5256 adversum
1512 5195 1745 5252 sentiat?
1775 5195 1904 5248 Nam
1945 5209 2066 5247 cum
2111 5193 2238 5246 illud

653 5306 864 5377 quidem
890 5343 905 5368 ,
949 5298 1089 5370 quod
1125 5299 1398 5367 ignoratur
1418 5334 1433 5357 ,
1467 5290 1591 5344 nulli
1623 5285 1794 5355 neque
1823 5286 2240 5377 prophetarum,

656 5367 827 5460 neque
856 5367 1187 5457 angelorum,
1218 5392 1391 5447 neque
1420 5373 1882 5442 archangelorum,
1916 5382 2098 5423 nctmn
2129 5367 2244 5423 fue-

659 5486 724 5537 rit
747 5524 762 5546 ,
792 5494 975 5534 ansam
1006 5476 1236 5544 aliquam
1280 5466 1629 5523 contentiosis
1677 5462 1902 5516 fortasse
1932 5460 2193 5531 prtebebit
2227 5478 2239 5513 :

656 5592 777 5631 cum
798 5583 973 5627 autem
1001 5567 1127 5623 illud
1152 5562 1292 5636 quod
1322 5561 1615 5631 ignoratur,
1646 5557 1716 5609 ita
1746 5555 1949 5610 clarum
1980 5562 2033 5607 et
2057 5552 2242 5620 explo-

659 5680 834 5725 ratum
854 5663 1100 5719 omnibus
1122 5658 1295 5721 fuerit,
1317 5666 1374 5709 ut
1397 5654 1556 5708 etiam
1584 5651 1827 5704 homines
1848 5657 2093 5702 accurate
2117 5648 2243 5700 illud

664 5760 938 5823 noverint,
970 5769 1071 5826 qua
1100 5750 1439 5808 excusatione
1460 5790 1474 5813 ,
1508 5760 1608 5816 qua
1639 5743 1793 5798 venia
1831 5742 1973 5811 digni
2011 5741 2203 5795 fuerint
2226 5782 2241 5806 ,

726 5862 800 5922 (a)
824 5860 907 5907 ttie
926 5856 1061 5906 locus
1084 5855 1133 5904 in
1156 5849 1329 5902 Concil.
1352 5856 1402 5896 \‘t
1434 5844 1809 5895 exUZ'Icnmenio
1826 5844 2017 5907 citatur,
2046 5851 2143 5894 Act.
2168 5845 2243 5894 10.

1333 416 1389 472 S.
1423 413 1699 471 JOANNIS
1735 405 2218 466 CHRYSOSTOMI
2259 404 2575 458 ARCHIEP.
2617 398 3156 458 CONSTANTINOP.

3805 394 3914 452 ται

2325 514 2412 583 qni
2436 522 2745 567 asseverant
2761 527 2906 577 eum,
2926 502 3065 580 quod
3090 511 3375 580 ignoraret,
3404 512 3498 563 ista
3517 509 3753 563 dixisse?
3771 509 3921 564 Sane

2320 603 2531 673 quidem
2559 603 2699 656 hunc
2719 603 2785 656 de
2804 618 2915 672 quo
2930 603 3138 672 agimus
3156 616 3455 655 sermonem
3482 603 3495 631 ¹
3521 612 3704 655 exarto
3726 615 3919 655 servos

2320 696 2436 763 eius
2470 695 2683 749 novisse
2711 694 2909 763 liquet,
2937 705 2992 748 et
3030 710 3122 761 per
3143 708 3355 747 crucem
3400 692 3525 745 illud
3569 693 3915 761 patiendum,

2318 804 2379 841 ac
2426 796 2531 840 tant
2582 787 2765 839 inultis
2817 796 2940 839 ante
2979 784 3133 839 annis
3172 782 3359 836 horum
3412 792 3694 852 utrumque
3734 782 3920 837 decla-

2320 893 2444 931 rans
2476 877 2641 930 David
2675 892 2740 929 ex
2772 889 2997 943 persona
3024 871 3216 928 Christi
3250 872 3482 935 dicebat,
3517 870 3776 924 Fuderunt
3799 887 3917 923 ma-

2318 985 2412 1022 nus
2428 984 2583 1030 meas,
2602 980 2646 1021 et
2668 967 2816 1037 pedes
2836 983 2969 1019 nteos
2990 965 3157 1037 (Psal.
3177 966 3267 1019 21.
3294 965 3357 1016 17
3376 966 3415 1032 ),
3438 963 3650 1032 etquod
3678 964 3917 1015 futurum

2318 1070 2431 1114 erat
2458 1069 2724 1129 tamquam
2752 1060 3080 1129 prmteritutn
3120 1058 3483 1121 annunciavit,
3519 1058 3620 1111 hoc
3656 1056 3915 1109 nimirum

2318 1152 2584 1214 indicans,
2620 1151 3066 1220 quemadmodum
3100 1148 3214 1203 ﬁeri
3243 1150 3426 1218 nequit
3445 1190 3460 1210 ,
3491 1160 3627 1202 utea
3655 1164 3775 1216 qua:
3798 1147 3914 1214 jam

2316 1255 2611 1300 evenerunt
2634 1249 2766 1299 facta
2787 1260 2891 1298 non
2916 1243 3112 1299 l’uerint
3130 1245 3171 1308 ',
3191 1243 3266 1296 sic
3289 1256 3385 1295 nec
3407 1255 3562 1310 posse
3581 1240 3716 1304 ﬁeri,
3736 1248 3792 1292 nt
3810 1239 3918 1293 hoc

2317 1353 2423 1390 non
2445 1337 2668 1391 accidat.
2695 1335 2897 1389 Rursus
2920 1323 3137 1388 llesaias
3174 1333 3273 1387 hoc
3295 1333 3461 1400 ipsum
3488 1330 3782 1399 prmdicens
3800 1329 3919 1381 aie-

2316 1430 2405 1483 bat
2426 1471 2441 1494 ,
2476 1429 2619 1483 Sicut
2644 1431 2749 1481 ovis
2773 1430 2839 1480 ad
2860 1428 3155 1481 occisionem
3180 1426 3359 1478 ductus
3383 1435 3452 1477 est
3475 1463 3492 1487 ,
3517 1434 3562 1476 et
3594 1425 3718 1476 sicut
3746 1437 3913 1491 agnus

2315 1537 2488 1573 coram
2516 1521 2750 1573 tondente
2775 1536 2829 1573 se
2876 1528 3047 1571 mutus
3086 1516 3105 1587 (
3128 1516 3302 1571 Hesai.
3330 1516 3511 1579 53.7).
3547 1515 3695 1568 nunc
3725 1527 3916 1566 rursus

2315 1629 2508 1684 agnum
2534 1628 2763 1668 cernens
2789 1611 3024 1667 Joannes
3049 1611 3205 1677 dixit,
3235 1609 3367 1663 Ecce
3393 1626 3555 1679 agnus
3581 1607 3678 1661 Dei
3702 1608 3788 1677 qui
3808 1608 3913 1659 tol-

2317 1706 2372 1758 lit
2393 1714 2650 1773 peccatum
2681 1703 2857 1756 mundi
2885 1701 3073 1774 (Joan.
3106 1704 3155 1756 1.
3182 1700 3289 1771 29)
3311 1743 3325 1767 ,
3356 1702 3448 1756 ille
3490 1701 3742 1753 nimirum
3774 1716 3916 1767 pnn-

2317 1796 2490 1851 dictus
2510 1835 2527 1859 ,
2563 1795 2760 1865 inquit.
2794 1795 2871 1849 Ac
2912 1794 3033 1848 vide
3057 1834 3075 1860 ,
3106 1810 3211 1848 non
3259 1793 3573 1862 simpliciter
3598 1792 3797 1845 dictum
3828 1800 3917 1845 est

2316 1901 2519 1955 agnus,
2551 1884 2644 1940 sed
2681 1886 2917 1941 additum
2964 1896 3046 1940 est
3067 1928 3080 1950 ,
3116 1886 3227 1939 Dei.
3258 1884 3389 1939 Nam
3420 1886 3667 1953 quoniam
3696 1892 3752 1937 et
3774 1884 3916 1936 alter

2316 1986 2429 2029 erat
2452 1990 2620 2045 agnus
2647 1975 2919 2042 Judaicus,
2952 1985 3010 2030 ut
3042 1977 3182 2031 hunc
3207 1992 3326 2031 esse
3355 1977 3446 2031 Dei
3472 1975 3801 2040 ostenderet,
3832 1975 3917 2028 sic

2316 2067 2561 2137 loquutus
2586 2078 2687 2121 est.
2734 2066 2825 2120 llle
2857 2083 2953 2136 pro
2992 2069 3101 2120 sola
3134 2078 3290 2137 gente
3319 2066 3661 2133 oll'erebatur,
3699 2065 3785 2118 hic
3814 2079 3916 2132 pro

2320 2171 2429 2215 toto
2457 2172 2717 2215 terrarum
2749 2162 2881 2214 orbe
2908 2162 3008 2215 fuit
3047 2162 3258 2214 oblatus
3291 2177 3304 2213 :
3333 2172 3495 2227 atque
3523 2159 3665 2212 illius
3692 2158 3915 2227 quidem

2318 2252 2532 2321 sanguis
2560 2253 2891 2321 corporalem
2936 2252 3141 2321 plagam
3184 2245 3453 2320 pt'ohibuit
3486 2265 3516 2302 a
3544 2249 3742 2303 Judteis
3762 2288 3776 2312 ,
3807 2247 3916 2300 hu-

2314 2345 2404 2414 jus
2436 2361 2561 2399 vero
2602 2346 2817 2415 sanguis
2863 2347 3227 2413 purgationem
3272 2344 3392 2398 orbi
3425 2343 3595 2395 attulit
3630 2341 3915 2428 :miverso.

2319 2438 2386 2491 Et
2418 2452 2543 2493 vero
2576 2436 2661 2491 hic
2696 2438 2912 2505 sanguis
2932 2480 2945 2503 ,
2975 2436 3179 2492 Judaiei
3205 2478 3218 2499 ,
3252 2436 3466 2505 inquam
3489 2477 3505 2499 ,
3532 2434 3684 2504 agni,
3712 2448 3815 2487 non
3844 2450 3913 2489 es

2320 2542 2413 2581 Sua
2452 2528 2625 2596 potuit
2666 2537 2885 2591 natura,
2919 2526 3061 2599 quod
3098 2528 3305 2596 potuit,
3335 2528 3429 2581 sed
3464 2526 3711 2596 quoniam
3752 2526 3919 2595 hujus

2317 2627 2433 2671 erat
2462 2618 2646 2687 lignra,
2679 2619 2785 2671 vim
2813 2618 2957 2671 illam
2982 2616 3228 2672 obtinuit.

2390 2709 2442 2762 6.
2480 2709 2576 2763 Ubi
2603 2722 2725 2762 sunt
2757 2709 2912 2779 igitur
2940 2709 3033 2772 illi,
3063 2710 3149 2777 qui
3176 2708 3387 2773 dicunt,
3420 2718 3473 2763 et
3508 2708 3594 2761 ille
3621 2706 3789 2761 Filius
3818 2705 3919 2760 di-

2318 2802 2479 2864 citur,
2509 2810 2560 2853 et
2583 2816 2679 2854 nos
2707 2802 2817 2867 lilii,
2843 2812 2894 2854 et
2919 2801 2989 2854 ob
3017 2801 3152 2853 hanc
3178 2800 3551 2870 appellationis
3571 2799 3917 2853 communio-

2320 2908 2441 2945 nem
2468 2892 2531 2944 ad
2568 2902 2799 2945 nostram
2823 2890 2855 2966 ,³
2881 2900 3143 2946 conantur
3186 2906 3309 2944 eum
3350 2890 3579 2958 dejicere
3617 2890 3921 2943 vilitatem?

2322 2986 2459 3039 Ecce
2491 3000 2721 3053 namque
2756 3000 2958 3053 agnus,
3004 2993 3057 3038 et
3084 2999 3280 3053 agnus,
3321 2993 3481 3053 atque
3507 2999 3666 3036 unutn
3696 2982 3917 3050 quidem

2321 3087 2405 3132 est
2434 3091 2650 3139 nomen,
2681 3077 2955 3145 utriusque
2981 3091 3106 3129 vero
3137 3088 3338 3128 natura.-
3368 3074 3653 3129 discrimen
3686 3075 3920 3127 immen-

2321 3186 2459 3223 sum.
2490 3169 2562 3224 Ut
2588 3184 2714 3239 ergo
2738 3184 2857 3223 eum
2884 3168 3250 3237 appellationis
3278 3168 3383 3220 illic
3408 3166 3559 3221 audis
3580 3166 3923 3221 communio-

2322 3276 2475 3326 nem,
2521 3259 2653 3313 nihil
2696 3259 2903 3327 aequale
2941 3269 3119 3313 mente
3156 3258 3427 3326 concipis:
3463 3258 3531 3310 ita
3573 3257 3817 3310 nimirum
3861 3266 3920 3312 et

2324 3352 2439 3415 hic,
2474 3351 2598 3405 dum
2639 3350 2801 3404 lilldm
2837 3350 2988 3403 audis
3027 3358 3081 3402 et
3119 3348 3313 3410 lilium,
3354 3348 3456 3400 noli
3487 3347 3810 3413 unigenitum
3844 3346 3918 3401 ad

2323 3443 2575 3497 vilitatem
2610 3453 2751 3495 tuam
2782 3441 3099 3510 deprimere.
3130 3440 3266 3505 Quid
3300 3453 3424 3492 vero
3452 3438 3519 3492 de
3544 3439 3710 3491 servis
3731 3437 3922 3491 dicen-

2324 3535 2449 3589 dum
2478 3535 2598 3589 est?
2626 3534 2679 3588 Si
2717 3535 2861 3587 enim
2901 3532 3195 3586 divinitatis
3221 3523 3292 3585 sit
3329 3531 3535 3596 oratio,
3580 3544 3759 3584 secum
3800 3529 3923 3598 ipse

2326 3642 2560 3695 pugnare
2590 3624 2875 3685 videbitur.
2901 3624 3106 3693 sibique
3130 3622 3513 3685 contradici-re,
3542 3631 3595 3675 et
3621 3620 3919 3675 adversari.

2326 3716 2429 3769 lstc
2459 3717 2600 3769 enim
2642 3716 2730 3785 qui
2776 3715 2876 3768 hoc
2920 3714 3040 3768 loco
3080 3713 3241 3779 dixit,
3294 3712 3447 3766 Pater
3474 3714 3517 3765 si
3546 3712 3778 3780 possibile
3804 3719 3919 3779 est,

2327 3816 2547 3862 transeat
2573 3824 2603 3860 a
2630 3823 2709 3859 me
2738 3807 2872 3859 calix
2899 3806 2991 3859 iste
3020 3804 3037 3874 (
3060 3804 3244 3857 Matth.
3275 3804 3364 3857 26.
3399 3803 3489 3873 59)
3520 3821 3533 3856 :
3563 3802 3758 3872 quique
3781 3816 3923 3855 eun-

2327 3910 2521 3960 ctatur,
2551 3888 2612 3953 ac
2637 3896 2831 3966 refugit
2863 3896 3185 3965 passionem,
3210 3894 3332 3947 alibi
3360 3909 3479 3947 eum
3507 3892 3729 3947 dixisset
3757 3906 3924 3961 opor-

2332 4002 2446 4047 tere
2473 3990 2636 4044 ﬁlium
2679 3988 2911 4042 hominis
2950 3985 3120 4049 tradi,
3158 3996 3212 4039 et
3246 3984 3466 4055 ﬂagellis
3495 3983 3658 4048 Caedi,
3689 3998 3926 4052 cumque

2326 4088 2548 4143 Petrum
2573 4088 2843 4139 dicentem
2870 4083 3157 4137 audiisset.
3199 4079 3467 4146 Propitius
3502 4078 3601 4131 tibi
3628 4088 3761 4141 esto,
3798 4076 3920 4132 Do-

2329 4181 2501 4233 mine:
2531 4195 2631 4231 non
2656 4178 2757 4230 erit
2789 4176 2883 4228 tibi
2912 4174 3030 4235 hoc,
3070 4174 3143 4225 ita
3168 4173 3520 4225 vehementer
3552 4169 3705 4223 illum
3733 4171 3927 4226 incre—

2330 4269 2497 4339 pavit,
2527 4277 2585 4320 ut
2614 4267 2849 4320 diceret:
2901 4264 3040 4316 Vade
3064 4270 3181 4331 post
3213 4277 3312 4323 me,
3344 4258 3571 4322 Satana,
3602 4262 3927 4313 scandalum

2330 4379 2384 4415 es
2415 4360 2577 4421 mihi;
2610 4358 2735 4427 quia
2762 4374 2864 4410 non
2887 4357 3029 4423 sapis
3054 4371 3136 4415 ea,
3163 4370 3279 4423 qua:
3308 4351 3400 4404 Dei
3421 4364 3566 4411 sunt,
3598 4352 3688 4405 sed
3711 4369 3773 4404 ea
3798 4369 3928 4420 quo:

2332 4453 2602 4507 hominum
2638 4450 2832 4522 (Marc.
2859 4450 2910 4504 8.
2933 4449 3024 4513 5'5;
3052 4446 3248 4500 Matth.
3284 4445 3495 4499 1652-2.
3528 4446 3663 4513 25):
3702 4444 3927 4499 tametsi

2337 4539 2492 4609 paulo
2516 4548 2641 4592 ante
2667 4538 2840 4607 ipsum
2867 4535 3208 4600 laudaverat,
3240 4534 3561 4601 beatumque
3589 4531 3928 4600 prwdiearztt,

2338 4629 2686 4683 nihilominus
2713 4628 2966 4682 Satanam
2992 4642 3113 4680 eum
3147 4627 3376 4688 vocavit,
3410 4641 3514 4677 non
3542 4624 3682 4693 quod
3709 4632 3932 4691 aposto-

2341 4725 2445 4777 lunt
2482 4721 2767 4791 ignominia
2810 4718 3245 4781 vellet-afﬁcere,
3291 4717 3384 4774 sed
3412 4717 3551 4786 quod
3586 4717 3686 4769 hoc
3728 4715 3934 4784 probro

2339 4824 2559 4884 euperet
2591 4812 2849 4875 indicare,
2880 4826 2984 4864 non
3011 4826 3076 4864 ex
3108 4809 3272 4863 animi
3298 4808 3416 4878 ejus
3437 4808 3698 4862 sententia
3726 4806 3933 4859 dictum

2343 4905 2468 4960 illud
2498 4905 2761 4973 prolatum
2790 4901 2983 4961 fuisse,
3020 4900 3114 4955 sed
3138 4900 3272 4954 adeo
3300 4901 3567 4963 alienum,
3597 4910 3654 4952 ut
3681 4899 3769 4968 qui
3800 4898 3937 4953 illud

2346 4995 2645 5065 protulerit,
2680 4996 2803 5047 licet
2828 4993 3017 5047 Petrus
3047 5001 3209 5057 esset,
3239 4991 3488 5047 Satanam
3518 5008 3621 5044 non
3648 4991 3937 5044 dubitave-

2347 5091 2415 5143 rit
2438 5088 2727 5156 appellare.
2752 5085 2889 5139 Alibi
2915 5093 3109 5138 rursus‘
3127 5085 3220 5147 ait,
3254 5082 3518 5136 Desiderio
3540 5082 3817 5136 desideravi
3837 5068 3941 5134 hoc

2350 5183 2551 5236 Pascha
2579 5182 2885 5232 manducare
2912 5178 3163 5232 vobiscum
3205 5176 3369 5246 (Luc.
3399 5176 3487 5230 22.
3518 5175 3635 5245 15).
3671 5175 3836 5242 Quam
3861 5176 3944 5230 ob

2348 5287 2562 5326 causam
2606 5272 2699 5323 hoc
2741 5268 2942 5322 Pascha
2971 5269 3136 5323 dicit?
3176 5268 3387 5322 tametsi
3417 5268 3520 5321 alio
3551 5283 3759 5337 quoque
3798 5276 3943 5322 tem~

2352 5379 2479 5433 pore
2521 5364 2712 5417 festum
2753 5360 2892 5415 istud
2932 5376 3052 5414 cum
3097 5360 3223 5428 ipsis
3261 5362 3689 5429 peregitzquam
3723 5356 3945 5412 tandem

2349 5457 2419 5511 ob
2445 5454 2699 5510 causam?
2736 5453 2998 5521 Quoniam
3046 5452 3174 5505 illud
3217 5462 3503 5520 sequutum
3542 5467 3670 5504 erus
3703 5458 3838 5504 erat.
3873 5449 3949 5504 Et

2353 5564 2537 5605 rursus
2556 5590 2570 5615 ,
2603 5547 2759 5599 Pater
2791 5546 3019 5615 clari/ica
3047 5543 3095 5597 F
3097 5545 3240 5597 ilium
3271 5555 3439 5609 tuum,
3469 5554 3521 5597 ut
3552 5553 3598 5598 et
3633 5542 3801 5596 Filius
3827 5553 3952 5597 tuus

2417 5663 2433 5691 ι
2470 5667 2596 5716 Mss,
2625 5666 2756 5708 Nunc
2780 5657 2843 5706 de
2865 5669 3009 5706 cruce
3031 5668 3122 5718 ago
3146 5668 3427 5706 sermonem.

2415 5724 2436 5755 ε
2470 5723 2541 5770 Sic
2560 5715 2731 5770 Omnes
2750 5727 2926 5780 praeter
2946 5715 3090 5767 Morel
3113 5718 3163 5765 in
3182 5731 3281 5779 quo
3303 5718 3408 5768 haec
3424 5716 3639 5780 clausula
3662 5715 3833 5768 mutila
3852 5724 3953 5769 est.

2355 5784 2542 5895 ἁ
2558 5780 2723 5832 Morel.
2739 5779 2789 5831 et
2806 5779 2967 5841 Savil.;
2990 5780 3079 5855 sed
3100 5779 3148 5828 in
3165 5786 3276 5829 Mss.
3298 5793 3428 5842 pene
3451 5779 3692 5840 omnibus,
3707 5787 3957 5843 nostram,
