4174 6336
687 380 797 435 70-5

687 489 959 563 πολλαχοῦ
991 490 1082 543 καὶ
1115 488 1449 559 προλέγοντα
1474 488 1534 540 τὸ
1561 486 1753 550 πάθος,
1775 487 1868 539 καὶ
1898 485 2264 556 ἐπιθυμοῦντα

680 577 943 648 γενέσθαι
976 573 1107 628 αὐτὸ
1139 573 1489 643 εὑρίσκομεν,
1518 574 1612 623 καὶ
1638 570 1728 623 διὰ
1755 569 1914 621 τοῦτο
1959 567 2265 638 παραγενό-

689 677 848 733 μενον
911 657 1034 719 Πῶς
1081 652 1173 710 οὖν
1207 655 1441 710 ἐνταῦθά
1489 673 1674 723 φησιν,
1727 655 1797 706 El
1831 653 2124 713 δυνατόν;
2155 651 2265 718 Τῆς

687 741 1033 814 ἀνθρωπίνης
1059 740 1276 808 φύσεως
1295 740 1394 807 τὴν
1426 739 1714 790 ἀσθένειαν
1744 739 1876 806 ἡμῖν
1908 734 2260 793 ἐνδείκνυται,

683 830 783 898 οὐχ
817 828 1148 896 αἱρουμένης
1195 821 1382 883 ἁπλῶς
1419 819 1804 891 ἀπορραγῆναι
1841 821 1941 889 τῆς
1982 815 2264 898 παρούσης

686 897 852 978 ζωῆς,
888 906 1002 960 ἀλλ’
1049 905 1422 974 ἀναδυομένης
1465 905 1559 956 καὶ
1603 903 1870 971 ὸκνούσης
1918 901 2006 953 διὰ
2052 901 2151 969 τὴν
2206 897 2264 962 ἐξ

685 996 859 1065 ἀρχῆς
897 991 1205 1044 ἐντεθεῖσαν
1247 989 1382 1058 αὐτῇ
1427 987 1608 1053 φιλίαν
1638 986 1790 1056 παρὰ
1835 984 1928 1037 τοῦ
1963 982 2098 1036 Θεοῦ
2131 982 2265 1051 πρὸς

684 1080 775 1132 τὸν
822 1077 1071 1148 παρόντα
1121 1073 1254 1143 βίον.
1295 1071 1359 1124 Εἰ
1397 1070 1506 1141 γὰρ
1556 1070 1798 1130 τοσαῦτα,
1827 1069 1921 1122 καὶ
1963 1065 2264 1138 τηλικαῦτα

683 1163 929 1221 εἰπόντος
978 1157 1167 1215 αὑτοῦ,
1214 1155 1525 1225 ἐτόλμησαν
1568 1156 1745 1205 εἰπεῖι
1776 1169 1943 1215 τινες,
1972 1153 2053 1204 ὅτι
2087 1151 2264 1220 σάρκα

682 1247 784 1299 οὐκ
813 1242 1099 1302 ἀνέλαϐεν,
1132 1242 1181 1310 εἰ
1233 1238 1400 1310 μηδὲν
1449 1238 1656 1290 τούτων
1706 1236 1913 1307 εἴρητο,
1969 1236 2021 1286 τί
2051 1235 2150 1286 οὐκ
2198 1233 2264 1285 ἂν

683 1326 869 1392 εἶπον;
910 1326 1009 1378 Διά
1056 1309 1213 1376 τοῦτο
1247 1309 1506 1393 προλέγει
1561 1320 1661 1393 μὲν
1704 1321 1779 1383 ὼς
1827 1319 1957 1382 Θεὸς
1991 1320 2126 1381 ἐκεῖ,
2170 1315 2262 1369 κλί

683 1387 943 1482 ἐπιθυμεῖ
983 1409 1238 1477 γενέσθαι
1267 1387 1329 1458 τὸ
1369 1387 1574 1469 πάθοςί
1610 1405 1802 1474 φεύγει
1833 1405 1890 1457 δέ
1931 1402 2026 1455 καὶ
2073 1418 2264 1472 παραι-

691 1503 859 1551 τεῖται
887 1493 1144 1553 ἐνταῦθα,
1178 1493 1252 1554 ὼς
1283 1489 1590 1560 ἄνθρωπος.
1627 1491 1749 1542 Ὅτι
1779 1487 1886 1557 γάρ
1912 1487 2052 1540 ἑκὼν
2082 1487 2174 1538 ἐπὶ
2204 1485 2264 1538 τὸ

683 1580 854 1641 πάθος
886 1579 1105 1648 ήρχετο,
1151 1575 1337 1644 φησὶν,
1399 1574 1722 1637 Ἐξουσίιιν
1757 1572 1874 1639 ἔχω
1926 1571 2114 1625 θεῖναι
2153 1567 2265 1634 τὴν

681 1655 895 1732 ψυχήν
912 1680 1053 1730 μου,
1086 1659 1182 1711 καὶ
1212 1657 1507 1721 ἐξουσίαν
1531 1656 1649 1723 ἔχω
1674 1655 1884 1707 λαϐεῖν
1909 1653 2122 1717 αὐτήν.
2155 1654 2266 1703 Οὑ-

681 1749 810 1812 ὄείς
841 1745 1039 1811 αὐτὴν
1082 1743 1234 1809 αἴρει
1264 1741 1364 1792 ἀπ’
1391 1738 1561 1806 ἐμοῦ,
1598 1737 1714 1806 ἐγὼ
1745 1738 1846 1791 ἀπ’
1881 1736 2142 1805 ἐμαυτοῦ
2181 1736 2267 1787 τί-

682 1838 823 1900 θημι
853 1827 1068 1891 αὑτήν.
1098 1824 1222 1885 Πῶς
1239 1819 1331 1875 οὖν
1355 1822 1526 1890 λέγει,
1552 1825 1674 1889 Οὐχ
1702 1823 1782 1886 ὡς
1799 1821 1913 1889 ἐγὼ
1932 1820 2104 1878 θέλω,
2127 1818 2266 1872 ἀλλ’

681 1915 763 1978 ὡς
789 1913 909 1974 σύ;
939 1911 1048 1962 Καὶ
1084 1908 1138 1960 τί
1177 1906 1500 1976 θαυμάζεις,
1534 1907 1584 1957 εἰ
1623 1905 1728 1976 πρὸ
1769 1904 1862 1956 τοῦ
1897 1902 2132 1974 σταυροῦ
2176 1918 2266 1954 το-

683 1997 891 2068 σαύτην
923 1996 1148 2063 ἐποίησε
1174 2005 1199 2032 α
1239 1991 1497 2061 σπουδὴν,
1536 1988 1912 2042 πιστώσασθαι
1936 1989 2033 2056 τῆς
2065 1987 2282 2060 σαρκὸς

681 2084 781 2154 τὴν
813 2079 1095 2150 ἀλήθειαν,
1134 2077 1269 2129 ὅπου
1301 2091 1362 2142 γε
1407 2075 1501 2125 καὶ
1539 2073 1676 2142 μετά
1709 2072 1808 2140 τὴν
1847 2071 2143 2124 ἀνάστασιν
2176 2070 2266 2122 τὸν

687 2164 939 2236 μαθητὴν
983 2161 1105 2212 ἰδὼν
1144 2153 1481 2211 ἀπιστοῦντα
1506 2156 1566 2207 ού
1604 2154 1963 2225 παρῃτήσατο
1991 2153 2139 2222 αύτῷ
2172 2153 2268 2205 καὶ

681 2246 974 2317 τραύματα
1009 2244 1101 2296 καὶ
1130 2242 1335 2303 τύπους
1354 2239 1499 2310 ἥλων
1522 2239 1808 2302 ἐπιδεῖξαι,
1835 2239 1928 2289 καὶ
1948 2237 2128 2307 χειρὸς
2156 2237 2265 2305 ἁφῇ

681 2331 782 2393 τάς
804 2327 1034 2389 ὠτειλὰς
1063 2324 1378 2390 ὑποϐαλεῖν,
1407 2323 1502 2374 καῖ⁹
1530 2323 1727 2382 εἰπεῖν,
1774 2321 2139 2387 Ἐρεύνησον
2170 2319 2268 2370 καὶ

683 2414 774 2468 ιδε
818 2412 909 2464 ὅτι
959 2409 1194 2477 πνεῦμα
1240 2406 1441 2475 σάρκα
1469 2404 1568 2458 καί
1596 2403 1780 2456 ὀστέα
1812 2405 1923 2456 οὐκ
1969 2403 2136 2471 ἔχεις
2171 2402 2268 2455 Διὰ

681 2498 843 2551 τοῦτο
873 2495 994 2548 ούδέ
1033 2495 1091 2559 ἐξ
1140 2493 1317 2563 ἀρχῆς
1355 2489 1567 2552 τελείας
1596 2488 1813 2559 ἡλικίας
1854 2489 1944 2540 τὸν
1983 2488 2269 2558 ἄνθρωπον

683 2580 968 2638 ἀνέλαϐεν,
991 2578 1104 2631 ἀλλ’
1127 2576 1385 2646 ἠνέσχετο
1411 2574 1504 2626 καὶ
1533 2572 1928 2642 συλληφθῆναι,
1962 2573 2056 2624 καὶ
2081 2572 2272 2642 τεχθῆ-

683 2684 794 2728 ναι,
842 2663 936 2715 καὶ
984 2649 1593 2728 γαλακτοτροφηθῆναι,
1640 2655 1734 2708 καὶ
1775 2656 1968 2725 χρόνον
2015 2654 2270 2708 τοσοῦτον

685 2727 785 2803 ἐπὶν
811 2748 908 2816 τῆς
934 2727 1039 2814 γῆς
1062 2727 1363 2814 διατρίψαῖ,
1391 2742 1478 2793 ἵνα
1502 2741 1597 2792 καὶ
1627 2739 1706 2809 τῷ
1741 2741 1904 2809 μήκει
1926 2738 2020 2791 τοῦ
2052 2739 2267 2809 χρόνου,

683 2833 780 2885 καὶ
828 2832 943 2891 τοῖς
989 2828 1170 2890 ἀλλοις
1222 2825 1426 2878 ἅπασιν
1492 2822 1627 2876 αὐτὸ
1673 2822 1831 2875 τοῦτο
1904 2822 2267 2893 πιστώσηται.

696 2897 920 2982 Ἐπειδὴ
949 2911 1058 2982 γάρ
1083 2909 1306 2978 ἄγγελοι
1332 2907 1593 2969 πολλάκις
1627 2906 1718 2957 ἐπ)⁵
1739 2905 1837 2974 τῆς
1865 2906 1967 2975 γῆς
1993 2906 2270 2975 ἐφάνησαν

685 3001 745 3052 ἐν
772 2997 1060 3065 ἀνθρώπου
1100 2991 1277 3062 τύπῳ,
1309 2993 1405 3046 καὶ
1439 2990 1603 3052 αὐτὸς
1637 2988 1694 3041 δέ
1725 2991 1754 3042 ό
1783 2989 1935 3051 Θεὸς,
1971 2989 2030 3042 τὸ
2057 2989 2114 3040 δὲ
2147 3006 2272 3057 φαι-

684 3085 911 3154 νόμενον
939 3081 1041 3132 ούκ
1065 3074 1132 3149 ἦν
1159 3076 1363 3146 σαρκὸς
1397 3075 1648 3146 ἀλήθεια,
1677 3072 1814 3127 ἀλλά
1837 3073 2268 3140 συγκατάϐασις⁹

686 3169 775 3220 ῖνα
812 3167 887 3238 μή
921 3163 1151 3234 νομίσῃς
1182 3162 1276 3214 καὶ
1313 3157 1519 3230 ταύτην
1549 3157 1647 3228 τήν
1681 3158 1986 3229 παρουσίαν
2019 3157 2272 3228 τοιαύτην

685 3249 850 3311 εἶναι,
891 3245 1003 3302 οἷαι
1030 3248 1236 3300 ἐκεῖναι
1268 3244 1538 3311 ἐγένοντο,
1560 3240 1698 3294 ἀλλά
1724 3241 2002 3312 πιστωθῇς
2030 3242 2268 3313 ἀληθῶς,

686 3335 770 3387 ὅτι
799 3333 937 3404 σάρξ
982 3327 1048 3402 ἧν
1095 3327 1344 3400 ἀληθινὴ.
1385 3328 1479 3381 καὶ
1531 3324 1862 3397 συνελήφθη,
1917 3326 2011 3378 καὶ
2052 3326 2270 3396 ἐτέχθη,

687 3419 783 3472 καὶ
816 3417 1049 3486 ἐτράφη,
1084 3413 1176 3466 καὶ
1218 3413 1310 3464 ἐπὶ
1349 3410 1560 3480 φάτνης
1595 3409 1774 3479 ἐτέθη,
1805 3409 1906 3460 οὐκ
1944 3410 2001 3463 ἐν
2042 3409 2272 3480 οἰκίσκῳ

686 3502 814 3566 τινὶ,
844 3500 959 3552 ἀλλ’
988 3501 1045 3553 ἐν
1077 3496 1442 3564 καταλύματι,
1465 3493 1706 3564 πλήθους
1725 3493 1953 3563 ἀπείρου
1984 3494 2270 3564 παρόντος,

655 3575 779 3640 ⁴ἵνα
808 3583 1201 3654 δημοσιεύηται
1231 3578 1398 3633 αὑτοῦ
1433 3580 1466 3648 ή
1512 3580 1784 3647 γέννησις.
1829 3577 1930 3630 Διά
1976 3577 2135 3630 τοῦτο
2179 3581 2275 3633 καὶ

688 3669 1004 3739 σπάργανα,
1029 3666 1123 3717 καὶ
1153 3665 1480 3734 προφητεῖαι
1508 3661 1715 3716 ἀνωθεν
1743 3661 1876 3713 αὐτὸ
1899 3661 2058 3713 τοῦτο
2083 3661 2276 3729 λέγου-

689 3771 801 3818 σαι,
837 3751 934 3820 οὑχ
957 3749 1041 3802 ὅτι
1069 3746 1354 3818 ἄνθρωπος
1377 3746 1531 3800 ἔσται
1566 3745 1746 3816 μόνον,
1775 3746 1892 3798 ἀλλ’
1921 3745 2002 3798 ὅτι
2031 3747 2124 3798 καὶ
2151 3746 2275 3798 συλ-

688 3834 1051 3907 ληφθήσεται,
1104 3830 1200 3888 καὶ
1238 3828 1730 3919 τεχθήσεταιη-καὶ-
1762 3828 1840 3919 τῶ
1885 3829 2275 3919 τῶνῄπαιδίων

688 3920 838 3989 νόμῳ
873 3916 1236 3986 τραφήσεται.
1271 3914 1381 3966 Καὶ
1411 3911 1570 3965 τοῦτο
1596 3911 1628 3964 ό
1671 3911 1897 3975 Ἡσαΐας
1935 3913 2034 3982 βοᾷ
2066 3912 2271 3982 λέγων·

701 4003 848 4058 Ἰδοὺ
877 4003 914 4068 ἡ
941 3997 1238 4066 παρθένος
1263 3997 1333 4050 ἐν
1351 3995 1564 4065 γαστρὶ
1582 3994 1726 4060 ἕξει,
1749 3995 1846 4048 καί
1867 3994 2096 4060 τέξεται
2113 3997 2270 4062 υἱὸν,

690 4087 790 4152 καί
846 4083 1182 4137 καλέσουσι
1235 4079 1301 4132 τὸ
1365 4080 1553 4148 ὄνομα
1598 4079 1785 4132 αὑτοῦ
1856 4079 2271 4148 Ἐμμανουήλ·

684 4169 994 4235 βούτυρον
1028 4165 1126 4218 καὶ
1159 4162 1301 4232 μέλι
1334 4161 1618 4231 φάγεταιο
1673 4161 1769 4215 καὶ
1811 4161 1995 4224 πάλιν,
2027 4162 2276 4216 Παιδίον

687 4249 982 4321 ἐγεννήθη
1011 4247 1176 4317 ἡμῖν,
1212 4245 1330 4312 υἱὸς
1383 4247 1479 4299 καί
1520 4244 1695 4312 ἐδόθη
1736 4243 1902 4312 ἡμῖν.
1959 4244 2122 4316 Ὁρᾷς
2158 4246 2275 4309 πῶς

691 4338 788 4390 καὶ
827 4335 928 4400 τὴν
983 4332 1246 4404 προτέραν
1291 4329 1457 4384 αὑτοῦ
1509 4325 1726 4400 ἡλικίαν
1768 4328 2271 4400 προανεφὼνησαν;

687 4417 839 4492 [511]
880 4415 1190 4489 Ἐρώτησον
1227 4414 1408 4467 τοίνυν
1439 4413 1531 4466 τὸν
1565 4413 1872 4485 αἰρετικόν·
1904 4412 2038 4476 Θεὸς
2075 4413 2269 4483 δειλιᾷ,

689 4505 781 4556 καὶ
815 4501 1127 4561 ἀναδύεται,
1159 4499 1252 4551 καὶ
1286 4498 1454 4561 ὀκνεῖ,
1505 4497 1599 4549 καὶ
1646 4496 1929 4561 λυπεῖται;
1964 4497 2069 4549 κᾶν
2116 4498 2269 4570 εἴπῃ,

686 4587 767 4640 ὃτι
789 4587 898 4645 ναὶ,
917 4581 1201 4652 ἀπόστηθί
1217 4581 1424 4641 λοιπὸν,
1447 4581 1542 4632 καὶ
1557 4579 1754 4648 στῆσον
1773 4579 1935 4632 αὑτὸν
1959 4580 2110 4633 κάτω
2132 4581 2274 4649 μετά

685 4667 778 4721 τοῦ
807 4667 1075 4726 διαϐόλου,
1111 4664 1310 4734 μᾶλλον
1342 4664 1398 4716 δέ
1425 4665 1516 4716 καὶ
1543 4663 1749 4715 ἐκείνου
1786 4663 2098 4734 κατώτερον
2118 4682 2131 4695 ·
2149 4665 2271 4717 ούδὲ

686 4752 796 4822 γὰρ
825 4753 1030 4812 ἐκεῖνος
1076 4748 1336 4818 τολμήσει
1373 4746 1531 4800 τοῦτο
1571 4748 1776 4799 εἰπεῖν·
1820 4746 1886 4799 ἂν
1915 4748 1970 4800 δέ
1997 4749 2148 4820 εἴπῃ,
2190 4751 2273 4802 ὅτι

685 4835 836 4887 οὐδὲν
866 4834 1073 4885 τούτων
1109 4830 1255 4895 ἀξιον
1289 4830 1445 4891 Θεοῦ,
1485 4830 1626 4892 εἰπὲ,
1674 4829 1869 4881 οὐκοῦν
1898 4830 2019 4883 ούδέ
2050 4831 2270 4902 εὔχεται

685 4917 848 4979 Θεός·
891 4917 1056 4986 χωρὶς
1091 4916 1206 4985 γάρ
1225 4913 1428 4966 τούτων
1449 4915 1538 4966 καὶ
1568 4914 1753 4985 ἕτερον
1781 4912 1980 4966 ἄτοπον
2011 4913 2185 4982 ἔσται,
2205 4914 2271 4969 ἂν

682 5000 777 5052 τοῦ
817 4999 952 5051 Θεοῦ
986 4998 1053 5051 τά
1085 5000 1309 5069 ῥήματα

756 5082 895 5135 Ούτε
939 5082 1050 5152 γάρ
1101 5081 1340 5149 ἀγωνίαν
1399 5081 1559 5150 μόνον
1608 5080 1864 5149 ἐμφαίνει
1910 5081 1978 5131 τὰ
2023 5082 2266 5152 ῥήματα,

683 5166 820 5224 ἀλλά
885 5167 977 5217 καὶ
1033 5165 1124 5223 δύο
1193 5164 1509 5234 θελήματα,
1573 5162 1631 5214 ἓν
1692 5164 1791 5234 μέν
1859 5163 2024 5227 Υίοῦ,
2086 5164 2143 5217 ἐν
2211 5165 2269 5217 δὲ

684 5250 928 5317 Πατρὸς,
989 5250 1205 5300 ἐναντία
1263 5246 1545 5317 ἀλλήλοις·
1604 5245 1665 5297 τὸ
1718 5247 1826 5317 γὰρ
1885 5250 2078 5311 εἰπεῖν,
2145 5252 2268 5318 Οὐχ

679 5337 760 5400 ὡς
813 5332 928 5400 ἐγὼ
999 5331 1178 5395 θέλω,
1232 5332 1369 5384 ἀλλ’
1437 5333 1517 5396 ὡς
1581 5331 1693 5389 σὺ,
1751 5330 1909 5384 τοῦτό
1965 5333 2110 5384 ἐστιν
2172 5334 2269 5402 ἐμ-

680 5417 982 5486 φαίνοντος.
1047 5415 1216 5468 Τοῦτο
1289 5415 1344 5468 δέ
1394 5414 1511 5467 οὐδὲ
1565 5414 1762 5466 ἐκεῖνοί
1825 5431 1956 5466 ποτε
2024 5415 2264 5487 συνεχώ-

715 5515 874 5570 ησαν,
892 5499 1008 5552 ἀλλ’
1034 5499 1189 5568 ήμῶν
1219 5499 1306 5550 ἀεὶ
1333 5498 1598 5566 λεγόντων
1620 5498 1697 5555 τὸ.
1729 5499 1869 5565 Ἐγὼ
1887 5499 1981 5551 καὶ
2012 5502 2043 5551 ὀ
2059 5499 2264 5567 Πατὴρ

715 5517 1005 5570 ησαν,αΑΑ·
1034 5517 1189 5568 ημων
1219 5517 1306 5550 αει
1335 5517 1598 5566 λέγοντων
1620 5517 1697 5555 το.
1740 5517 1869 5565 εγω
1887 5517 1981 5551 και
2012 5517 2263 5567 οιιατηρ

675 5517 746 5637 ἓν
769 5584 979 5649 ἐσμεν,
1014 5583 1106 5635 ἐπὶ
1133 5583 1233 5652 τῆς
1260 5582 1560 5651 δυνάμεως,
1611 5583 1805 5635 ἐκεῖνοι
1838 5581 1930 5633 ἐπὶ
1974 5581 2072 5651 τῆς
2104 5582 2263 5653 θελή-

739 5826 760 5852 ⁸
782 5822 896 5873 MSS.
922 5824 1111 5888 aliquot
1133 5824 1410 5881 ἐποιήσατο.

1334 374 1391 428 S.
1430 370 1720 428 JOANNIS
1751 368 2250 426 CHRYSOSTOMI
2285 366 2606 428 ARCHIEP.
2648 371 3200 428 CONSTANTINOP.

2371 5763 2545 5818 πλῆθος
2556 5762 2649 5823 -τήν
2670 5763 2962 5823 περιουσίαν,

3857 377 3960 432 766

2378 500 2514 546 σεως
2540 486 2696 538 τοῦτο
2720 488 2968 559 είρῆσθαί
2998 506 3152 557 φασι,
3184 488 3429 558 λέγοντες
3465 489 3677 560 Πατρὸς
3704 491 3800 544 καὶ
3826 491 3965 547 Ποῦ

2378 568 2507 636 μίαν
2546 565 2683 623 εἶναι
2715 570 2987 640 βούλησιν.
3017 574 3081 625 Ei
3119 573 3299 626 τοίνυν
3332 574 3542 644 Πατρὸς
3573 575 3666 628 καὶ
3697 575 3830 628 Υἰοῦ
3858 578 3962 647 μία

2375 649 2630 723 βούλησίς
2668 654 2808 717 ἐστι,
2862 655 2975 719 πῶς
3018 673 3182 728 φησιν
3236 656 3492 723 ἐνταῦθα,
3524 659 3698 726 Πλὴν
3725 661 3841 728 οὐχ
3875 661 3974 726 ὡςι

2373 733 2486 802 ἐγὼ
2511 737 2684 798 θέλω,
2705 738 2932 804 ἀλλ’ὡς
2957 742 3037 794 σύ
3056 757 3075 804 ;
3097 741 3193 794 Ἂν
3213 741 3435 814 μὲνγὰρ
3466 745 3558 796 ἐπὶ
3571 744 3669 814 τῆς
3703 742 3960 816 θεότητος

2371 818 2432 870 τὸ
2461 820 2751 889 εἰρημένον
2846 822 3027 887 τοῦτο,
3054 823 3427 892 ἐναντιολογία
3463 843 3545 888 τις
3585 826 3820 894 γίνεται,
3860 828 3973 878 καὶ

2373 902 2546 955 πολλά
2572 904 2747 958 ἄτοπα
2775 908 2840 959 ἐκ
2862 907 3054 960 τούτου
3085 909 3365 961 τίκτεται·
3401 908 3467 961 ἂν
3491 909 3546 961 δὲ
3573 911 3666 962 ἐπὶ
3695 911 3796 980 τῆς
3827 927 3959 981 6:19-

2373 987 2488 1049 κὸς,
2523 987 2635 1056 ἔχει
2687 989 2840 1057 λόγον
2878 990 2945 1044 τὰ
2973 992 3275 1062 εἰρημένα,
3331 992 3425 1046 καὶ
3456 993 3609 1046 οὐδὲν
3653 993 3850 1060 γένοιτ’
3889 993 3959 1046 ἂν

2372 1067 2646 1140 ἔγκλημα.
2680 1074 2754 1124 Οὐ
2790 1074 2898 1145 γὰρ
2917 1074 2978 1127 τὸ
3007 1075 3081 1146 μὴ
3113 1075 3289 1128 θέλειν
3316 1074 3608 1129 ἀποθανεῖν
3631 1077 3733 1146 τὴν
3756 1075 3958 1146 σάρκα,

2372 1154 2489 1205 ἐστὶ
2519 1154 2861 1223 κατάγνωσις
2886 1157 2914 1196 b
2933 1175 2946 1188 ο
2970 1158 3185 1227 φύσεως
3210 1159 3319 1231 γάρ
3347 1161 3464 1212 ἐστι
3491 1159 3648 1214 τοῦτο
3667 1176 3679 1190 ·
3713 1160 3875 1222 αὐτὸς
3901 1159 3960 1213 δέ

2371 1234 2441 1289 τά
2466 1237 2564 1308 τῆς
2594 1239 2811 1306 φύσεως
2840 1242 3059 1295 ἅπαντα
3069 1243 3245 1316 χωρὶς
3263 1243 3542 1314 ἁμαρτίας
3563 1243 3960 1304 ἐπιδείκνυται,

2373 1319 2469 1372 καὶ
2510 1323 2647 1390 μετά
2675 1323 2876 1394 πολλῆς
2901 1323 3003 1392 τῆς
3031 1326 3374 1396 περιουσίας,
3403 1326 3545 1380 ὥστε
3576 1326 3645 1380 τὰ
3669 1325 3779 1379 τῶν
3808 1326 3964 1397 αἰρε-

2371 1404 2538 1455 τικῶν
2572 1406 2850 1477 ἐμφράξαι
2884 1411 3152 1479 στόματα.
3182 1411 3349 1465 Ὅταν
3384 1406 3477 1463 οῦν
3509 1411 3662 1484 λέγῃ,
3691 1412 3763 1464 Εἰ
3776 1408 3968 1463 «Sura-

2374 1486 2496 1547 τὸν.
2527 1490 2869 1559 παρελθέτω
2897 1492 3000 1545 ἀπ’
3029 1493 3176 1563 ἐμοῦ
3204 1492 3272 1547 τὸ
3298 1492 3584 1561 ποτήριον
3606 1492 3807 1555 τοῦτο,
3841 1492 3963 1551 καὶ.

2377 1572 2499 1638 Οὺχ
2538 1571 2619 1636 ὠς
2644 1571 2760 1640 ἐγὼ
2789 1574 2962 1639 θέλω,
2991 1577 3130 1630 ἀλλ’
3155 1577 3236 1643 ὡς
3273 1576 3376 1641 σὺ,
3428 1576 3582 1630 οὐδὲν
3610 1576 3799 1644 ἕτερον
3852 1575 3967 1628 δεί-

2374 1671 2584 1720 κνυσιν,
2625 1657 2741 1709 ἀλλ’
2775 1659 2808 1729 ἢ
2838 1666 2920 1712 ότι
2958 1660 3139 1731 σάρκα
3182 1661 3400 1733 ἀληθῶς
3432 1659 3828 1732 περιϐέϐληται
3863 1676 3964 1729 φο·

2375 1740 2644 1812 ϐουμένην
2676 1744 2935 1816 θάνατον·
2985 1746 3047 1798 τὸ
3097 1746 3206 1816 γάρ
3252 1747 3534 1816 φοϐεῖσθαι
3585 1745 3817 1799 θάνατον
3867 1746 3968 1798 καὶ

2374 1823 2698 1880 ἀναδύεσθαι
2728 1829 2823 1881 καὶ
2848 1830 3089 1898 ἀγωνιᾷν
3131 1831 3346 1901 ἐκείνης
3395 1831 3533 1884 ἐστι.
3574 1828 3688 1883 Νῦν
3735 1831 3838 1900 μὲν
3868 1823 3967 1881 οῦν

2375 1906 2589 1979 ἐρήμην
2617 1909 2788 1981 αὐτὴν
2818 1911 3032 1981 ἀφίησι,
3065 1913 3162 1966 καὶ
3187 1913 3401 1984 γυμνὴν
3435 1912 3537 1982 τῆς
3570 1913 3780 1974 οἰκείας
3811 1914 3971 1979 ἐνερ-

2322 2060 2326 2063 .
2375 1990 2548 2056 γείας,
2581 1992 2668 2046 ἵνα
2697 1994 2870 2064 αὐτῆς
2922 1995 3103 2061 δείξας
3133 1997 3234 2066 τὴν
3265 1997 3586 2064 ἀσθένειαν,
3617 1996 3971 2065 πιστώσηται

2376 2073 2545 2144 αὐτῆς
2566 2076 2662 2129 καὶ
2695 2077 2793 2147 τὴν
2826 2077 3020 2146 φύσιν·
3054 2077 3149 2132 νῦν
3182 2079 3238 2131 δὲ
3273 2080 3444 2150 αὐτὴν
3472 2078 3838 2151 ἀποκρύπτει,
3880 2080 3972 2131 ἵνα

2380 2157 2558 2229 μάθῃς
2586 2160 2664 2213 ὅτι
2689 2162 2749 2214 ού
2781 2161 2934 2229 ψιλὸς
2962 2161 3252 2233 ἄνθρωπος
3270 2159 3358 2234 ἦν.
3393 2165 3604 2235 Ὥσπερ
3629 2162 3762 2234 γάρ,
3793 2163 3845 2215 εἰ
3876 2162 3976 2216 διὰ

2379 2243 2579 2305 παντὸς
2601 2245 2670 2296 τὰ
2703 2244 3019 2318 ἀνθρώπινα
3041 2246 3397 2311 ἐνεδείκνυτο,
3415 2247 3575 2300 τοῦτο
3589 2246 3656 2299 ἂν
3677 2244 3975 2316 ἐνομίσθη·

2378 2323 2590 2391 οὕτως,
2649 2327 2697 2379 εἰ
2739 2327 2826 2380 διά
2873 2330 3073 2393 παντὸς
3125 2329 3204 2383 τάν
3242 2331 3343 2400 τῆς
3370 2329 3636 2401 θεότητος
3690 2328 3976 2393 ἐπετέλει,

2378 2409 2653 2480 ἠπιστήθη
2685 2409 2751 2464 ἂν
2779 2413 2806 2463 ὁ
2834 2413 2932 2482 τῆς
2969 2413 3283 2484 οἰκονομίας
3322 2413 3498 2482 λόγος.
3532 2414 3630 2468 Διά
3660 2412 3824 2465 τοῦτο
3849 2428 3982 2466 ποι-

2379 2492 2571 2558 κίλλει,
2605 2496 2700 2547 καὶ
2731 2496 3066 2566 ἀναμίγνυσι
3115 2498 3211 2550 καὶ
3233 2497 3303 2550 τά
3333 2498 3556 2568 ῥήματα
3597 2497 3693 2550 καὶ
3729 2498 3800 2550 τά
3825 2488 3978 2567 πρά-

2379 2591 2586 2643 γματα,
2623 2577 2710 2629 ἵνα
2747 2579 2886 2648 μήτε
2915 2582 2981 2650 τῇ
3024 2579 3237 2632 Παύλου
3271 2579 3364 2632 τοῦ
3402 2580 3785 2650 Σαμοσατέως,
3830 2582 3976 2649 μήτε

2378 2661 2444 2729 τῇ
2469 2660 2796 2730 Μαρκίωνος
2815 2663 2910 2715 καλ⁹
2923 2664 3229 2734 Μανιχαίου
3247 2664 3387 2733 νόσῳ
3408 2664 3500 2716 καλ⁹
3524 2662 3691 2734 μανία
3703 2664 3985 2735 παράσχῃ,

2382 2743 2658 2811 πρόφασιν
2681 2761 2694 2773 ο
2753 2745 2841 2798 διὰ
2875 2746 3034 2799 τοῦτο
3073 2748 3167 2801 καὶ
3200 2747 3456 2818 προλέγει
3490 2747 3552 2799 τὸ
3598 2746 3862 2817 ἐσόμενον
3893 2747 3980 2810 ὡς

2377 2825 2530 2890 Θεὸς,
2561 2829 2654 2881 καὶ
2685 2829 2976 2884 ἀναδύεται
3009 2831 3174 2885 πάλιν
3197 2832 3273 2894 ὡς
3306 2830 3611 2904 ἄνθρωπος.

2454 3064 2519 3130 ζ’.
2553 3065 2884 3142 Ἐϐουλόμην
2913 3068 3008 3120 καὶ
3024 3071 3144 3131 ταῖς
3164 3069 3378 3132 λοιπαῖς
3397 3068 3600 3132 αἰτίαις
3622 3065 3939 3132 ἐπεξελθεῖν
3960 3107 3982 3131 ,

2382 3149 2476 3202 καὶ
2531 3149 2701 3215 δεῖξαι
2735 3152 2824 3203 ἐπ’
2851 3150 3037 3205 αὐτῶν
3081 3152 3189 3205 τῶν
3235 3153 3604 3222 πραγμάτων,
3639 3153 3721 3205 ὅτι
3779 3151 3986 3223 ὥσπερ

2383 3223 2614 3286 ἐνταῦθα
2647 3233 2745 3304 τὴν
2768 3234 3056 3288 ἀσθένειαν
3088 3236 3190 3306 τῆς
3225 3236 3427 3306 σαρκὸς
3457 3235 3699 3305 ἐλέγχων
3726 3233 3935 3304 ηὔξατο
3961 3275 3978 3297 .

2381 3316 2524 3368 οὕτω
2555 3317 2650 3369 καὶ
2690 3317 2925 3388 ἀλλαχοῦ
2963 3319 3127 3372 πάλιν
3152 3319 3250 3390 τὴν
3296 3319 3582 3372 ἀσθένειαν
3611 3317 3719 3371 τῶν
3744 3318 3980 3371 ἀκουόνο

2381 3416 2490 3454 των
2534 3397 2943 3473 διορθούμενος·
2974 3402 3036 3456 οὐ
3087 3402 3198 3474 γάρ
3240 3402 3304 3473 δὴ
3355 3403 3535 3456 πάντα
3584 3401 3655 3455 τά
3699 3401 3984 3464 ταπεινῶς

2383 3485 2649 3556 εἰρημένα
2674 3475 2761 3538 διὰ
2780 3487 2878 3556 τὴν
2908 3486 3008 3556 τῆς
3034 3487 3236 3556 σαρκὸς
3263 3486 3558 3557 περιϐολὴν
3583 3485 3833 3558 εἰρῆσθαι
3864 3486 3990 3556 χρὴ

2384 3570 2628 3638 νομίζειν
2664 3570 2847 3638 μόνον,
2886 3570 3022 3624 ἀλλά
3057 3573 3153 3625 καὶ
3207 3570 3298 3626 διὰ
3345 3573 3446 3634 τὰς
3477 3570 3645 3633 ἄλλας
3703 3570 3770 3634 ἃς
3817 3566 3991 3624 εἷπον

2383 3655 2562 3717 αἰτίας
2584 3671 2597 3684 ο
2637 3654 2725 3706 ἴνα
2744 3651 2815 3707 ’δὲ
2843 3655 2918 3726 μὴ
2951 3654 3060 3708 τῶν
3092 3655 3403 3727 εἰρημένων
3437 3653 3719 3708 ἐπικλύσω
3744 3653 3805 3706 τὸ
3829 3652 3984 3723 πλῆ-

2385 3737 2476 3799 θος
2527 3739 2593 3808 τῇ
2628 3738 2919 3808 περιουσίᾳ
2953 3749 2975 3777 ο
3010 3737 3119 3791 τῶν
3147 3738 3482 3810 ῥηθήσεσθαι
3524 3737 3845 3809 μελλόντων,
3885 3738 3985 3789 ἐν-

2383 3821 2555 3873 ταῦθα
2570 3821 2661 3872 τὸν
2691 3821 2828 3891 πρὸς
2847 3822 3088 3884 ἐκείνους
3116 3825 3320 3892 στήσας
3352 3821 3535 3890 λόγον,
3573 3821 3668 3874 καὶ
3699 3820 3770 3873 τά
3792 3818 3989 3872 λειπό-

2388 3921 2524 3974 μενα
2547 3907 2627 3969 εἰς
2658 3906 2853 3976 ἑτέραν
2877 3905 3315 3976 ἀναϐαλλόμενος
3354 3907 3589 3977 ἡμέραν,
3609 3905 3745 3976 πρὸς
3771 3903 3991 3977 παραεο

2384 4005 2531 4040 νεσιν
2567 3988 2735 4059 εύχῆς
2763 3988 3037 4060 τρέψομαι
3079 3989 3264 4042 πάλιν.
3306 3989 3370 4042 Εἰ
3405 3988 3514 4060 γὰρ
3564 3989 3660 4041 καὶ⁹
3710 3987 3990 4053 πολλάκις

2385 4068 2533 4141 [512]
2562 4073 2692 4141 ήμῖν
2722 4073 2849 4142 περὶΙ
2875 4073 2974 4143 τῆς
2999 4072 3311 4135 ὑποθέσεως
3338 4072 3543 4141 ταύτης
3575 4072 3811 4143 εἴρηται,
3831 4071 3986 4125 ἀλλὰ

2385 4154 2480 4208 καὶ
2515 4155 2609 4228 νῦν
2642 4157 2942 4223 ἀναγκαῖον
2977 4158 3175 4210 εἰπεῖν.
3201 4156 3323 4214 ,Καὶ
3343 4155 3454 4227 γὰρ
3483 4155 3577 4209 καὶ
3605 4155 3715 4209 τῶν
3741 4156 3984 4226 ἱματίων

2383 4237 2452 4289 τά
2477 4238 2574 4306 μὲν
2605 4237 2754 4302 ἆπαξ
2777 4238 3016 4308 βαφέντα
3067 4239 3314 4309 ἐξίτηλον
3340 4238 3455 4309 ἔχει
3486 4238 3584 4309 τὴν
3618 4238 3815 4310 βαφὴν,
3845 4239 3884 4292 ἃ
3915 4240 3983 4293 δὲ

2384 4321 2646 4384 πολλάκις
2667 4322 2695 4360 ά
2719 4323 2814 4375 καὶ
2855 4323 3096 4392 συνεχῶς
3127 4323 3390 4386 καθέντες
3412 4322 3732 4383 ἀνασπῶσιν
3769 4325 3816 4376 οἱ
3842 4322 3980 4376 δευ-

2386 4406 2613 4466 σοποιοὶ,
2656 4406 2914 4477 ἀκίνητον
2939 4407 3186 4479 διατηρεῖ
3216 4407 3277 4459 τὸ
3312 4406 3408 4460 τοῦ
3444 4406 3737 4477 χρώματος
3768 4407 3934 4470 ἄνθος
3956 4427 3976 4440 ο

2380 4489 2538 4542 τοῦτο
2557 4490 2621 4554 δὴ
2646 4493 2737 4546 καὶ
2767 4492 2980 4544 ἐπὶτῶν
3001 4491 3189 4562 ψυχῶν
3217 4490 3506 4562 συμϐαίνει
3523 4489 3632 4544 τῶν
3658 4490 3977 4561 ¹ἡμετέρων.

2385 4574 2552 4626 Ὅταν
2582 4573 2693 4646 γάρ
2726 4575 2987 4640 πολλάκις
3002 4576 3111 4628 τῶν
3131 4574 3311 4629 αὐτῶν
3342 4573 3666 4644 ἀκούσωμεν
3684 4577 3752 4645 ρη
3761 4573 3976 4643 μάτων,

2382 4657 2633 4727 καθάπερ
2661 4662 2784 4711 τινά
2819 4659 2998 4731 βαφὴν
3044 4659 3145 4730 τὴν
3174 4658 3525 4712 διδασκαλίαν
3554 4657 3978 4728 ὑποδεξάμενοι,

2379 4741 2480 4793 οὐκ
2502 4739 2567 4794 ἂν
2602 4742 2800 4812 ῥᾳδίως
2828 4744 2998 4814 αὐτὴν
3031 4743 3475 4813 ἀποπτύσαιμεν.
3500 4742 3592 4812 Μὴ
3617 4742 3798 4794 τοίνυν
3821 4760 3975 4813 παρ-

2380 4826 2556 4894 έργως
2603 4826 2924 4896 ἀκούωμεν-
2985 4827 3044 4878 οὐ
3092 4827 3202 4897 γάρ
3249 4828 3420 4891 ἐστιν,
3457 4828 3559 4879 οὐκ
3609 4826 3758 4879 ἔστιν
3809 4825 3976 4880 οὐδὲν

2381 4909 2546 4978 εύχῆς
2577 4909 2971 4981 δυνατώτερον,
2993 4911 3117 4962 οὐδὲ
3150 4911 3285 4965 ἴσον.
3319 4912 3431 4981 Οὐχ
3465 4910 3639 4974 οὕτως
3665 4913 3783 4964 ἐστὶ
3814 4908 3976 4978 βασι-

2379 4993 2504 5055 λεὺς
2531 4993 2780 5064 λαμπρὸς
2814 4995 3113 5065 ἁλουργίδα
3137 4995 3630 5066 περιϐεϐλημένος,
3649 4995 3724 5057 ὡς
3754 4995 3782 5046 ὁ
3808 4994 3974 5065 εὐχόο

2382 5093 2543 5146 μενος
2578 5080 2642 5148 τῇ
2693 5078 2829 5148 πρὸς
2855 5078 2946 5130 τὸν
2975 5077 3110 5132 Θεὸν
3130 5078 3320 5150 ὁμιλίᾳ
3341 5078 3735 5149 κοσμούμενος.
3756 5079 3976 5151 Ὥσπερ

2378 5160 2551 5230 γάρεί
2585 5162 2953 5234 στρατοπέδου
2978 5163 3265 5233 παρόντος,
3298 5163 3641 5233 στρατηγῶν,
3668 5162 3971 5234 ἀρχόντων,

2379 5243 2599 5297 ὑπάτων
2631 5238 2860 5309 πολλῶν,
2893 5244 3208 5315 προσελθών
3231 5263 3317 5309 τις
3339 5246 3460 5298 κατ’
3495 5245 3633 5299 ἰδίαν
3654 5245 3970 5317 διαλεχθείη

2375 5328 2455 5398 τῷ
2503 5328 2732 5398 βασιλεῖ,
2760 5329 2860 5393 τάς
2889 5330 3106 5383 πάντων
3141 5329 3291 5398 δψεις
3319 5330 3641 5401 ἐπιστρέφει
3680 5329 3816 5402 πρὸς
3835 5329 3969 5381 ἐαυ-

2375 5414 2487 5476 τὸν,
2517 5414 2610 5465 καὶ
2634 5413 2807 5485 ταύτῃ
2835 5414 3160 5485 σεμνότερος
3187 5414 3396 5482 γίνεται
3416 5430 3430 5446 ο
3457 5413 3600 5467 οὕτω
3629 5414 3696 5485 δὴ
3732 5415 3827 5466 καὶ
3870 5417 3972 5468 ἐπὶ

2436 5637 2464 5676 h
2490 5639 2582 5686 Alii
2606 5639 2690 5694 τὴν
2711 5638 2866 5700 σάρκα
2895 5638 3210 5700 κατάγνωσις.

2439 5703 2460 5729 ο
2493 5701 2573 5747 Sic
2596 5707 2734 5748 recte
2755 5697 2871 5749 mss.
2899 5697 3116 5762 plurimit
3143 5697 3420 5760 Scripserat
3441 5697 3614 5747 Monll‘.
3656 5698 3898 5762 ἐπικλύσῃ
3923 5703 3985 5752 τὸ

2988 5759 3221 5823 pessime.
3251 5759 3337 5809 Em
3348 5772 3394 5807 τ.

2435 5823 2464 5865 6
2488 5821 2692 5885 Aliquot
2722 5821 2836 5872 mss.
2862 5825 2947 5881 τὴν
2969 5821 3140 5886 βαφὴν,
3163 5823 3349 5871 ἐπειδὰν
3369 5822 3421 5870 δὲ
3436 5821 3686 5878 πολλάκις.
