4174 6336
288 395 403 450 ⁸16τί

287 508 541 580 clariﬁcet
557 519 605 565 te
633 509 810 583 (Joan.
836 513 925 567 i7.
959 513 1011 585 l)
1040 530 1053 567 :
1086 530 1148 569 ac
1173 517 1354 571 multis
1377 517 1428 571 in
1456 517 1588 572 locis
1612 535 1734 574 eum
1762 534 1884 589 pas-

286 598 503 653 sionem
532 600 879 670 praedixisse,
908 611 1093 673 atque,
1122 614 1180 659 ut
1207 607 1462 672 eveniret,
1496 619 1712 677 aptasse
1738 625 1888 663 com-

289 691 569 758 perimus.
608 692 832 764 ejusque
860 696 938 749 rci
982 711 1139 751 causa
1175 698 1419 764 venisse;
1449 701 1718 769 quomodo
1759 718 1889 771 ergo

289 780 386 835 hic
443 783 603 849 dicit,
656 784 718 839 Si
757 787 993 855 possibile
1028 792 1152 844 est?
1208 790 1629 847 lmbecillitatem
1685 802 1887 849 natura:

286 875 531 929 ostendit
572 876 851 946 humanae,
898 896 1015 950 qua:
1057 893 1345 952 utcumque
1387 886 1545 939 avelli
1575 902 1603 939 a
1635 889 1884 956 praesenti

289 963 409 1015 vita
432 964 674 1031 nolebat;
703 967 797 1022 sed
823 970 1106 1024 recusabat
1123 982 1178 1026 et
1200 974 1648 1043 tergiversabatur
1669 988 1887 1048 propter

288 1052 512 1108 insitum
539 1056 613 1109 illi
637 1073 667 1110 ιι
693 1058 805 1112 Deo
822 1059 932 1129 jam
955 1076 984 1113 a
1009 1062 1268 1133 principio
1291 1066 1570 1133 praesentis
1591 1066 1711 1121 vita:
1736 1083 1886 1121 amo-

287 1160 409 1198 rem
439 1144 537 1218 (ιι).
567 1146 622 1201 Si
650 1148 791 1202 enim
822 1160 1101 1220 postquam
1129 1154 1241 1220 ipse
1268 1162 1348 1207 tot
1374 1162 1623 1226 tantaque
1651 1157 1880 1223 dixerit,

283 1249 509 1292 carnem
536 1237 683 1291 illum
712 1254 818 1294 non
834 1245 1189 1312 assumpsisse
1214 1246 1331 1299 ausi
1354 1247 1705 1317 suntquidam
1732 1264 1879 1304 asse-

285 1341 450 1379 rere:
482 1327 525 1380 si
556 1327 688 1383 nihil
720 1329 907 1385 horum
935 1332 1131 1386 dictum
1158 1329 1381 1402 fuisset,
1424 1338 1551 1407 quid
1577 1354 1681 1393 non
1712 1340 1881 1394 dixis-

280 1419 449 1471 sent?
477 1418 677 1475 Idcirco
704 1424 942 1493 praedicit
964 1424 1177 1495 quidem
1207 1429 1314 1483 illic
1336 1439 1392 1483 ut
1422 1430 1587 1494 Deus,
1638 1441 1691 1487 et
1714 1433 1879 1488 adve-

281 1508 407 1563 nire
434 1512 734 1579 passionem
764 1525 1029 1585 exoptat':
1062 1518 1257 1589 refugit
1282 1530 1459 1576 autem
1494 1523 1580 1576 hic
1607 1534 1660 1577 et
1685 1522 1878 1593 depre-

277 1612 470 1667 catur,
521 1614 581 1658 ut
632 1604 839 1659 homo:
886 1608 1029 1662 ultro
1071 1611 1215 1664 enim
1266 1612 1415 1666 illum
1457 1613 1524 1667 ad
1575 1616 1877 1683 passionem

282 1692 505 1747 venisse
530 1692 689 1748 docet
722 1695 851 1751 illud
871 1736 888 1763 ,
928 1698 1071 1768 quod
1106 1701 1215 1765 ait,
1258 1700 1567 1757 Potestatem
1604 1706 1762 1760 habeo
1788 1725 1878 1775 po-

278 1779 690 1839 uendi'animam
714 1804 894 1852 meam,
928 1800 974 1843 et
993 1800 1287 1861 potestatem
1310 1795 1466 1849 habeo
1490 1799 1724 1851 sumendi
1744 1814 1875 1853 eain.

280 1871 456 1926 Nemo
480 1875 611 1928 tollit
654 1894 765 1931 eam
792 1896 825 1932 a
849 1896 930 1936 me
953 1898 973 1935 :
998 1899 1089 1952 ego
1115 1900 1248 1952 pono
1275 1901 1388 1938 eum
1434 1902 1467 1938 a
1518 1889 1709 1955 meipso
1750 1889 1870 1960 (Id.

280 1964 303 2015 Ι
315 1964 376 2016 0.
402 1964 509 2034 l8).
540 1966 821 2032 Quomodo
845 1985 975 2041 ergo
1000 1960 1175 2039 dicit,
1198 1973 1319 2028 Non
1348 1977 1479 2029 sicut
1505 1994 1595 2047 ego
1624 1980 1755 2043 volo,
1784 1982 1874 2034 scd

273 2054 412 2107 sicut
437 2066 489 2108 tu
507 2058 533 2110 .’
558 2058 695 2126 Quid
717 2076 845 2115 vero
869 2064 1106 2130 miraris,
1134 2065 1177 2118 si
1198 2075 1322 2120 ante
1345 2068 1644 2135 passionem
1670 2082 1895 2133 tantum,

274 2146 531 2202 adhibeat
567 2150 763 2218 studii,
797 2163 855 2207 ut
880 2154 1157 2210 veritatem
1197 2158 1374 2211 carnis
1404 2159 1718 2227 confirmet,
1750 2179 1871 2217 cum

272 2245 335 2291 et
383 2249 500 2308 post
536 2245 987 2301 resurrectionem
1016 2247 1336 2317 discipulum
1364 2266 1590 2306 cernens
1620 2254 1871 2309 incredu-

273 2329 425 2391 lum.
453 2341 509 2388 et
545 2334 763 2389 vulnera
808 2336 908 2405 ipsi
946 2346 1001 2392 et
1035 2340 1307 2395 clavorum
1350 2342 1547 2397 fixuras
1586 2347 1870 2411 ostendere

273 2438 389 2477 non
417 2428 711 2494 recusarit,
742 2437 797 2483 et
827 2445 1012 2484 manus
1026 2428 1305 2487 ’contactui
1351 2435 1614 2505 subjicere
1656 2437 1866 2493 cicatri-

271 2527 404 2576 ces,
432 2529 497 2570 ac
520 2514 727 2581 dicere,
762 2518 1006 2574 Scrutare
1029 2530 1075 2575 et
1101 2523 1241 2587 ride,
1274 2526 1391 2596 quia
1419 2528 1627 2596 spiritus
1665 2546 1868 2584 carnem

269 2612 322 2655 et
348 2619 467 2657 ossa
491 2621 593 2659 non
616 2606 762 2661 habet
788 2607 939 2677 (Luc.
967 2610 1059 2665 ει.
1090 2612 1222 2683 59)?
1252 2615 1453 2669 Idcirco
1481 2631 1580 2672 nec
1605 2633 1634 2672 a
1664 2622 1867 2689 princi-

271 2696 367 2763 pio
390 2696 636 2764 perfecta:
662 2703 837 2755 aetatis
863 2702 1133 2760 hominem
1162 2709 1419 2777 suscepit,
1451 2710 1546 2763 sed
1572 2712 1626 2764 et
1654 2715 1863 2783 concipi

266 2794 326 2839 et
359 2790 524 2851 nasci,
554 2794 606 2844 e't
636 2792 771 2846 lacte
797 2795 985 2849 nutriri
1015 2798 1267 2852 sustinuit
1286 2815 1347 2853 ac
1376 2810 1521 2855 tanto
1548 2813 1788 2873 tempore
1809 2809 1861 2861 in

266 2886 417 2933 terra
447 2884 683 2949 versari,
727 2894 783 2939 ut
811 2886 914 2942 hoc
944 2889 1116 2958 ipsum
1148 2900 1199 2943 ct
1228 2892 1483 2962 temporis
1512 2894 1862 2955 diuturnitate

262 2979 320 3023 et
350 2972 467 3025 aliis
491 2974 739 3029 omnibus
764 2979 1122 3036 confirmaret.
1159 2981 1292 3037 Nam
1322 2985 1576 3054 quoniam
1606 3002 1858 3058 saepenu-

263 3077 421 3115 mero
448 3063 685 3211 nterris
704 3068 876 3138 angeli
906 3071 958 3124 in
982 3072 1147 3127 forma
1175 3073 1448 3131 hominum
1472 3092 1853 3148 apparuerunt,

263 3162 428 3211 Iluue
523 3172 590 3211 eo
618 3158 731 3211 i088
774 3161 947 3211 Deus:
980 3165 1121 3211 nltnd
1162 3177 1340 3211 animm
1382 3171 1671 3211 annnrnlmr
1750 3191 1853 3211 nnn

259 3162 428 3223 atque
456 3158 590 3211 bdeo
618 3158 731 3227 ipse
774 3161 947 3228 Deus;
980 3165 1122 3234 quod
1162 3177 1340 3223 autem
1382 3171 1706 3240 apparebat,
1748 3191 1853 3230 non

256 3246 446 3300 carnis
471 3248 671 3305 veritas
693 3261 843 3320 erat,
873 3254 968 3309 sed
996 3261 1403 3327 attemperatio;
1434 3278 1503 3317 ne
1528 3263 1664 3321 forte
1693 3267 1852 3322 talem

260 3335 408 3391 hunc
446 3354 568 3394 esse
595 3341 883 3398 adventum
914 3347 1224 3413 arbitreris,
1257 3354 1443 3421 quales
1473 3354 1549 3408 illi
1595 3354 1849 3425 fuerunt,

256 3426 358 3481 sed
388 3444 566 3485 veram
591 3446 711 3487 esse
733 3449 948 3491 carnem
977 3439 1072 3493 tibi
1095 3440 1228 3496 fides
1256 3444 1366 3506 ﬁat,
1395 3452 1449 3499 et
1478 3461 1768 3517 conceptus
1797 3461 1854 3505 et

256 3528 420 3572 natus
455 3529 509 3575 et
535 3522 824 3592 educatus,
873 3538 1033 3599 atque
1072 3530 1124 3586 in
1168 3537 1427 3605 praesepio
1472 3541 1675 3607 positus
1717 3542 1845 3608 fuit,

255 3625 373 3662 non
400 3612 450 3665 in
486 3613 733 3670 cubiculo
760 3618 992 3687 quodam
1024 3624 1116 3677 sed
1148 3626 1198 3679 in
1226 3626 1529 3685 diversorio
1558 3648 1737 3689 coram
1766 3637 1847 3689 in-

251 3714 481 3756 numera
513 3706 880 3776 multitudine,
909 3721 969 3767 ut
1010 3715 1170 3786 vulgo
1212 3719 1328 3788 ejus
1354 3723 1601 3779 nativitas
1638 3727 1849 3783 innote-

249 3799 453 3885 sceret.
483 3792 684 3851 Idcirco
708 3809 760 3853 et
791 3799 1002 3870 fasciaa,
1048 3816 1102 3859 et
1144 3810 1442 3879 prephetiie
1479 3818 1844 3885 superioribus

252 3881 485 3949 idipsum
522 3889 735 3944 sarculis
765 3894 1158 3965 prmdixeruut,
1189 3916 1294 3956 non
1336 3881 1605 3962 hominem
1640 3920 1841 3969 tantum

246 3973 407 4028 illum
433 3977 665 4035 futurum
686 4022 701 4045 ,
731 3985 824 4039 sed
856 3986 971 4043 fore
997 3998 1049 4042 ut
1079 3995 1467 4062 conciperetur,
1502 4016 1837 4073 nasceretur,

244 4074 303 4160 et
327 4081 614 4160 puerorum
639 4088 787 4129 more
806 4079 1117 4135 nutriretur.
1143 4084 1210 4137 Et
1234 4085 1334 4141 hoc
1358 4099 1435 4142 est
1459 4092 1599 4160 quod
1622 4093 1839 4153 llesaias

242 4156 449 4256 cla-mat
482 4159 705 4219 dicens:
738 4165 866 4221 Ecce
892 4170 1033 4246 uirgo
1066 4172 1121 4227 in
1156 4186 1296 4230 utero
1326 4156 1636 4249 habebit,et
1678 4189 1840 4256 pariet

243 4246 483 4317 Filium,
521 4264 569 4307 et
597 4259 840 4313 vocabunt
868 4255 1049 4317 nomen
1074 4268 1184 4337 ejus
1224 4246 1549 4328 Emmanuel.
1584 4246 1839 4349 Bulyrum

238 4348 296 4392 et
321 4343 426 4395 mel
450 4348 671 4402 comedet
712 4350 917 4419 (Hesai.
953 4357 1006 4410 7.
1041 4358 1133 4429 M)
1168 4377 1181 4414 :
1227 4371 1282 4416 et
1319 4378 1535 4426 rursus.
1582 4343 1837 4429 Paroulus

232 4440 399 4536 1:31.118
425 4445 497 4536 est
541 4438 703 4536 nobis,
738 4452 784 4495 et
816 4442 982 4536 Filius
1009 4448 1159 4503 datus
1199 4462 1271 4504 est
1326 4456 1469 4511 nobis
1516 4457 1625 4527 (Id.
1657 4462 1711 4515 9.
1754 4463 1832 4536 6).

250 4519 412 4613 Vides
439 4532 494 4577 ut
534 4528 764 4595 priorem
792 4534 951 4588 etiam
983 4536 1125 4591 illius
1151 4550 1363 4597 aetatem
1392 4519 1835 4613 przciiuntiaritit?

241 4612 515 4685 Interroga
543 4634 671 4690 ergo
702 4622 1009 4681 luereticum
1027 4671 1043 4694 ,
1080 4632 1218 4687 Deus
1253 4634 1571 4695 formidatae
1595 4658 1658 4698 ac
1680 4661 1834 4701 recu-

235 4714 329 4759 srtt
358 4718 407 4758 et
425 4720 724 4777 cunctatur,
755 4723 810 4769 et
835 4717 1045 4775 tristitia
1066 4721 1335 4780 afficitur?
1363 4728 1515 4796 Quod
1541 4733 1585 4786 si
1612 4734 1827 4801 dixerit,

235 4800 435 4891 etiam,
474 4799 729 4874 deinceps
771 4810 999 4874 recede.
1044 4822 1099 4868 et
1135 4825 1311 4874 statue
1340 4821 1489 4876 illum
1532 4825 1667 4881 infra
1707 4799 1830 4891 cum

231 4885 490 4955 diabolo,
522 4895 604 4948 vel
638 4897 814 4962 potius
839 4915 906 4953 eo
932 4902 1153 4960 inferius
1179 4926 1191 4961 :
1222 4925 1396 4979 neque
1425 4915 1568 4969 enim
1612 4917 1701 4973 ille
1726 4885 1829 4977 hoc

232 4979 419 5035 dicere
446 4984 661 5041 audebit
686 5007 698 5041 :
731 4991 811 5045 sin
839 5004 1017 5049 autem
1044 4999 1272 5068 dixerit,
1315 5003 1447 5060 nihil
1487 5006 1678 5065 borum
1707 5028 1826 5069 esse

233 5071 354 5170 Deo
378 5071 591 5144 dignum
612 5117 630 5143 ,
674 5080 788 5147 dic,
831 5101 958 5155 ergo
985 5104 1085 5144 nec
1121 5104 1240 5145 orat
1272 5094 1411 5151 Deus
1436 5116 1449 5152 :
1479 5099 1681 5170 absque
1711 5104 1826 5161 istis

230 5162 384 5215 enim
429 5175 491 5219 et
528 5169 671 5225 aliud
723 5174 1012 5233 absurdum
1060 5183 1200 5250 erit,
1257 5186 1299 5240 si
1357 5187 1471 5244 hazc
1522 5162 1617 5247 Dei
1662 5197 1821 5251 verba

224 5252 457 5308 fuerint.

308 5341 443 5399 Dua:
468 5348 744 5407 voluntates
763 5354 815 5409 in
837 5356 1055 5415 Christo.
1081 5393 1151 5404 -
1174 5364 1357 5436 Neque
1381 5370 1521 5426 enim
1549 5376 1711 5431 animi
1734 5392 1821 5433 so-

228 5436 346 5529 lum
381 5442 745 5499 aastuationem
790 5447 904 5504 ham
948 5454 1106 5509 verba
1148 5459 1485 5529 significant,
1532 5467 1624 5521 sed
1656 5470 1816 5525 etiam

222 5526 368 5580 duas
396 5529 724 5600 voluntates,
770 5553 929 5595 uuam
970 5526 1380 5614 quidemiFilii,
1425 5554 1648 5611 alteram
1690 5575 1817 5613 vero

218 5616 407 5713 Patris
428 5615 569 5677 inter
592 5640 653 5681 se
672 5633 1004 5688 contrarias:
1035 5652 1154 5691 nam
1181 5641 1321 5708 quod
1350 5644 1482 5699 dixit
1507 5665 1519 5700 :
1549 5647 1603 5701 Ν
1607 5668 1669 5704 an
1689 5653 1814 5707 sicut

216 5724 321 5779 ego
351 5718 492 5776 uoto,
523 5716 617 5801 sed
636 5718 842 5789 sicuttu
873 5721 1097 5794 (Matth.
1124 5729 1213 5785 26.
1243 5732 1371 5804 59),
1403 5737 1501 5792 hoc
1530 5740 1814 5800 indicantis

282 5829 366 5887 (α)
399 5828 749 5899 'theodoretus,
773 5838 966 5903 Dialogo
978 5841 1027 5902 3,
1044 5840 1173 5894 hunc
1188 5843 1343 5896 locum
1355 5851 1483 5901 citat.

1070 399 1158 457 DE
1199 400 1851 470 CONSUBSTANTIALI,
1894 403 2169 461 CONTRA
2214 406 2593 464 ANOMOEOS.
2637 407 2749 463 V'll.

3488 410 3592 466 766

2004 528 2107 576 est.
2139 523 2297 593 Atqui
2326 540 2395 579 ne
2437 523 2541 578 hoc
2565 524 2779 594 quidem
2822 539 3071 595 umquam
3120 524 3194 579 illi
3221 522 3550 579 admiserunt
3573 571 3585 590 ,

1999 616 2092 669 sed
2122 617 2274 671 nobis
2303 633 2516 687 semper
2536 617 2835 672 dicentibus
2865 617 3014 683 illud,
3046 617 3155 688 Ego
3176 630 3223 670 et
3256 617 3411 671 Pater
3430 635 3589 672 unum

1996 725 2172 763 sumus
2195 708 2376 779 (Joan.
2414 710 2504 765 10.
2535 710 2651 776 50),
2686 710 2739 763 in
2767 709 3079 779 majestate,
3114 709 3188 763 illi
3221 710 3275 762 in
3314 710 3589 764 voluntate

1984 799 2196 859 dictum
2236 815 2356 855 esse
2388 801 2666 871 inquiunt,
2696 800 2937 855 dicentes
2978 801 3149 855 Patris
3179 808 3233 854 ct.
3276 800 3395 854 Filii
3427 816 3585 853 unam

1994 906 2114 945 esse
2140 890 2486 946 voluntatem.
2509 892 2564 946 Si
2588 907 2714 963 ergo
2742 892 2911 946 Patris
2937 901 2991 946 et
3015 891 3135 946 Filii
3163 907 3263 944 una
3291 899 3375 945 est
3400 891 3587 945 volun-

1996 992 2108 1045 tas,
2152 982 2422 1053 quomodo
2462 983 2547 1037 hic
2582 983 2744 1046 dicit,
2799 982 3149 1036 Verumtamen
3186 997 3288 1035 non
3329 982 3458 1036 sicut
3495 997 3587 1050 ego

1992 1075 2105 1126 volo
2125 1114 2141 1140 ,
2172 1074 2261 1127 sed
2299 1074 2429 1128 sicut
2457 1075 2554 1128 tu?
2593 1073 2726 1128 Nam
2766 1073 2811 1128 si
2857 1074 2908 1127 in
2939 1073 3216 1128 divinitate
3240 1071 3454 1141 quidem
3484 1072 3585 1134 sit,

1988 1165 2130 1235 quod
2157 1165 2357 1220 dictum
2401 1176 2517 1232 est,
2561 1166 2800 1220 exoritur
2827 1163 3070 1234 quaedam
3115 1162 3499 1223 contradictio,
3530 1171 3587 1216 et

1991 1255 2155 1309 multa
2184 1270 2247 1309 ex
2276 1271 2340 1308 eo
2370 1253 2596 1309 absurda
2633 1265 2963 1309 nascuntur:
2992 1254 3073 1308 sin
3100 1261 3278 1307 autem
3306 1251 3359 1306 in
3386 1266 3547 1306 carne
3567 1291 3584 1315 ,

1989 1345 2179 1399 rationi
2206 1355 2563 1400 consentanea
2584 1354 2727 1407 sunt,
2755 1360 2926 1413 neque
2952 1343 3269 1413 reprehendi
3290 1342 3581 1413 quidquam

1989 1438 2225 1507 poterit:
2256 1453 2362 1491 non
2401 1437 2542 1491 enim
2575 1451 2791 1490 carnem
2825 1435 2964 1490 nolle
3006 1435 3180 1501 mori,
3214 1433 3453 1488 damnari
3486 1446 3583 1501 po—

1989 1537 2122 1591 test,
2167 1543 2287 1582 cum
2320 1529 2422 1583 hoc
2450 1530 2784 1592 sit‘uaturze;
2828 1528 2943 1597 ipse
2975 1536 3153 1582 autem
3176 1568 3191 1589 ,
3221 1542 3342 1597 quae
3383 1533 3583 1579 natum

1986 1630 2141 1683 sunt,
2174 1620 2352 1673 omnia
2384 1627 2578 1688 przetcr
2606 1628 2877 1688 peccatum
2906 1618 3277 1687 copiosissime
3302 1615 3601 1689 ostendat,

1985 1721 2040 1765 ut
2081 1726 2171 1766 ora
2206 1710 2575 1767 itmreticorum
2620 1712 2853 1765 obturet.
2887 1709 3113 1779 Quando
3142 1725 3269 1777 ergo
3308 1708 3470 1773 dicit,
3518 1708 3581 1763 Si

1984 1803 2219 1874 possibile
2241 1812 2341 1865 est,
2370 1812 2590 1856 transeat
2618 1820 2649 1854 a
2676 1819 2754 1855 me
2777 1802 2914 1855 calta:
2938 1803 3049 1866 iste,
3077 1809 3151 1865 et,
3187 1798 3308 1853 Non
3333 1802 3463 1854 sicut
3487 1816 3582 1870 ego

1982 1896 2115 1961 volo,
2159 1896 2249 1949 sed
2290 1896 2419 1948 sicut
2462 1906 2517 1948 tu
2561 1894 2783 1966 (Matth.
2810 1895 2901 1948 26.
2930 1895 3056 1962 59),
3103 1894 3234 1947 nihil
3286 1892 3431 1947 aliud
3473 1908 3581 1962 pra:

1981 2003 2039 2040 se
2069 1987 2200 2048 fert,
2250 1987 2350 2041 nisi
2388 2002 2445 2041 se
2480 2002 2607 2042 vere
2649 2002 2810 2040 carne
2847 1984 3235 2041 circumdatum
3274 1998 3425 2049 esse,
3459 1999 3579 2054 qum

1981 2089 2206 2131 mortem
2238 2077 2584 2132 reformidet:
2615 2078 2758 2131 illius
2795 2077 2938 2131 enim
2978 2084 3061 2132 est
3091 2085 3318 2131 mortem
3352 2077 3576 2138 timere,

1980 2178 2034 2222 et
2056 2184 2302 2222 recusare
2326 2177 2380 2222 et
2409 2184 2642 2224 mterore
2669 2169 2827 2223 afﬁci.
2861 2168 3191 2237 Quandoque
3220 2168 3383 2235 igitur
3409 2166 3572 2222 desti-

1980 2266 2144 2312 tutam
2178 2260 2317 2312 illam
2347 2267 2402 2314 et
2445 2259 2694 2313 nudatam
2739 2259 2949 2327 propria
2993 2259 3306 2329 operatione
3345 2258 3577 2313 derelin-

1978 2350 2124 2418 quit,
2156 2358 2213 2425 ut
2253 2364 2372 2403 cum
2404 2349 2518 2418 ejus
2547 2349 2908 2403 infirmitatem
2939 2348 3264 2413 ostenderit,
3292 2348 3410 2417 ejus
3438 2362 3575 2417 quo-

1976 2459 2080 2512 que
2121 2453 2322 2497 naturm
2354 2430 2529 2497 fidem
2555 2442 2713 2496 faciat
2750 2460 2763 2496 :
2809 2441 3127 2511 quandoque
3163 2455 3291 2496 vero
3327 2440 3571 2495 eamdem

1973 2536 2141 2600 celat,
2178 2545 2234 2589 ut
2260 2535 2459 2589 nudum
2489 2535 2757 2588 hominem
2788 2549 2894 2588 non
2922 2533 3087 2588 fuisse
3126 2532 3407 2602 intelligas.
3438 2531 3571 2586 Nam

1973 2625 2422 2691 quemadmodum
2471 2625 2515 2678 si
2567 2640 2783 2696 semper
2832 2625 3062 2678 humana
3106 2622 3567 2683 demonstrasset.

1971 2716 2073 2771 hoc
2098 2718 2282 2787 utique
2308 2716 2567 2771 creditum
2608 2715 2797 2771 fuisset
2834 2733 2847 2770 τ
2882 2716 2953 2769 ita
2993 2714 3038 2769 si
3083 2728 3298 2781 semper
3325 2729 3444 2782 quae
3478 2714 3568 2768 Dei

1970 2810 2093 2861 s'unt
2119 2807 2429 2876 perfecisset
2448 2848 2463 2873 ,
2492 2807 2909 2877 dispensationis
2937 2805 3132 2859 rationi
3171 2802 3305 2857 fides
3331 2802 3569 2857 adhibita

1969 2916 2074 2953 non
2100 2898 2305 2953 fuisset.
2334 2900 2620 2968 Propterea
2642 2898 2814 2952 variat
2834 2906 2883 2952 et
2908 2897 3241 2952 intermiscet
3259 2911 3382 2949 cum
3405 2894 3565 2950 verba

1966 3000 2079 3043 tum
2106 2990 2365 3050 actiones.
2397 2998 2453 3042 ut
2482 3004 2655 3058 neque
2684 2988 2831 3043 Pauli
2858 2987 3156 3044 Samosatei
3178 3027 3193 3052 ,
3227 3002 3402 3056 neque
3422 2985 3565 3041 Mar-

1962 3083 2133 3137 cionis
2157 3092 2211 3138 et
2232 3081 2507 3137 Manichaai
2538 3082 2729 3136 morbo
2757 3096 2821 3137 ac
2848 3080 3014 3137 furori
3039 3080 3279 3150 praebeat
3316 3081 3561 3135 occasio-

1962 3190 2084 3230 nem
2112 3193 2125 3228 :
2158 3174 2279 3229 ideo
2305 3182 2361 3229 et
2393 3173 2535 3245 quod
2566 3172 2803 3228 futurum
2833 3183 2914 3227 est
2944 3171 3186 3243 praedicit
3212 3181 3273 3227 ut
3298 3172 3476 3243 Deus,
3505 3180 3562 3229 et

1960 3280 2145 3322 rursus
2172 3276 2229 3321 ut
2259 3265 2419 3320 homo
2446 3272 2675 3320 recusat.

2030 3384 2082 3437 7.
2114 3382 2416 3438 Exhortatio
2436 3382 2645 3437 moralis
2663 3372 2733 3436 ad
2756 3383 3055 3436 orationem.
3076 3410 3149 3421 —
3172 3380 3374 3434 Vellem
3404 3378 3558 3448 equi-

1957 3473 2077 3529 dem
2108 3475 2339 3545 reliquas
2365 3475 2525 3529 etiam
2552 3488 2744 3529 causas
2774 3488 3108 3543 percurrere,
3136 3481 3296 3542 atque
3321 3486 3391 3527 ex
3421 3470 3556 3542 ipsis

1954 3566 2251 3620 actionibus
2279 3566 2543 3631 iudicare,
2581 3564 3031 3635 quemadmodum
3064 3564 3184 3629 hic,
3219 3565 3343 3617 dum
3375 3564 3554 3618 carnis

1954 3657 2317 3711 infirmitatem
2365 3658 2710 3721 ostenderet,
2765 3658 2843 3711 sic
2888 3666 2944 3711 et
2987 3657 3113 3710 alibi
3164 3670 3353 3710 rursus
3400 3655 3548 3710 illum

1952 3763 2167 3815 orasse,
2199 3748 2325 3803 dum
2368 3749 2666 3803 auditorum
2710 3748 3076 3803 infirmitatem
3099 3748 3413 3819 corrigeret.
3438 3746 3549 3801 Ne-

1949 3857 2054 3911 que
2080 3842 2220 3895 euim
2247 3853 2455 3909 cuncta,
2486 3857 2604 3911 qua:
2633 3841 2904 3896 humiliter
2932 3841 3068 3896 dicta
3100 3848 3245 3905 sunt,
3274 3839 3347 3895 ob
3369 3841 3547 3894 carnis

1949 3934 2202 3997 amictum
2246 3933 2420 3987 solum
2466 3948 2586 3987 esse
2624 3934 2765 3987 dicta
2808 3932 3135 3987 censendum
3178 3941 3297 3996 est,
3337 3931 3433 3986 sed
3475 3931 3546 3985 ob

1947 4023 2079 4077 alias
2107 4024 2265 4079 etiam
2296 4038 2429 4093 quas
2456 4023 2641 4089 attuli,
2682 4038 2909 4078 causas:
2940 4033 3307 4078 verumtamen
3342 4038 3411 4078 ne
3440 4038 3538 4079 eo-

1945 4129 2101 4181 rum,
2148 4131 2268 4185 qua:
2308 4115 2450 4170 dicta
2477 4115 2706 4179 fuerint,
2750 4116 3030 4170 multitudo
3054 4130 3277 4181 eorum,
3315 4132 3435 4185 qua:
3458 4115 3545 4169 di-

1943 4206 2112 4261 cenda
2140 4216 2297 4272 sunt,
2325 4207 2531 4277 copiam
2562 4207 2769 4271 obruat,
2815 4206 2900 4262 hic
2925 4207 3086 4262 tinem
3116 4207 3315 4261 faciens
3340 4207 3535 4261 adver-

1941 4314 2035 4354 sus
2057 4314 2151 4354 eos
2177 4299 2416 4364 dicendi,
2444 4310 2499 4355 et
2521 4300 2743 4369 reliquis
2781 4299 2835 4354 in
2859 4299 3024 4355 alium
3050 4299 3193 4354 diem
3230 4298 3442 4368 rejectis
3466 4298 3534 4353 ad

1941 4390 2196 4446 orationis
2228 4406 2408 4444 rursus
2436 4389 2860 4453 cohortationem
2899 4404 2985 4444 me
3017 4399 3353 4444 convertam.
3381 4388 3533 4444 Licet

1940 4481 2081 4535 enim
2112 4481 2177 4545 de
2206 4480 2308 4535 hoc
2330 4489 2643 4549 argumento
2661 4496 2807 4550 smpe
2836 4481 2992 4535 verba
3018 4479 3323 4544 fecerimus,
3353 4490 3530 4535 tamen

1940 4588 2117 4642 opcne
2142 4573 2369 4642 pretium
2396 4572 2585 4639 fuerit,
2615 4581 2671 4627 ut
2706 4588 2847 4627 nunc
2871 4574 3032 4628 etiam
3063 4572 3131 4627 de
3158 4588 3225 4628 eo
3248 4573 3485 4628 dicamus
3512 4592 3525 4628 :

1939 4682 2059 4719 nam
2089 4675 2143 4720 et
2164 4681 2347 4720 earum
2376 4667 2602 4721 vestium
2640 4681 2759 4737 qua:
2783 4665 2950 4721 semel
2979 4667 3158 4720 tinctae
3185 4666 3410 4743 fuerint,
3447 4666 3531 4721 fa-

1936 4758 2037 4811 cile
2062 4758 2210 4810 color
2234 4758 2505 4812 evanescit
2533 4774 2547 4812 :
2578 4772 2711 4827 quas
2738 4772 2866 4812 vero
2892 4758 3163 4813 multoties
3191 4766 3243 4814 et
3271 4758 3524 4830 frequen-

1936 4854 2017 4899 ter
2047 4847 2324 4900 iutmersas
2351 4847 2633 4902 eduxerint
2656 4846 2968 4911 infectores,
3009 4863 3088 4902 em
3117 4847 3304 4903 florem
3331 4849 3529 4905 coloris

1934 4936 2315 4992 immutabilem
2358 4950 2607 5006 servant;
2656 4939 2759 4995 hoc
2802 4948 2854 4995 et
2902 4942 2954 4994 in
3005 4939 3284 4995 animabus
3326 4942 3526 4996 nostris

1931 5030 2216 5098 contingit;
2263 5030 2308 5083 si
2352 5030 2565 5100 quando
2606 5031 2747 5085 enim
2789 5031 2977 5086 eadem
3009 5033 3169 5087 verba
3212 5031 3523 5102 frequenter

1930 5116 2276 5185 audierimus,
2309 5120 2458 5188 quasi
2489 5120 2771 5174 tincturam
2799 5121 3087 5191 quamdam
3111 5131 3387 5193 exceptam
3418 5123 3515 5177 do-

1928 5197 2153 5261 ctrinam
2182 5223 2287 5262 non
2316 5208 2468 5263 facile
2493 5208 2844 5279 deponemus.
2871 5210 2950 5266 Ne
2971 5211 3129 5281 igitur
3158 5211 3519 5281 perfunctorie

1926 5300 2205 5356 audiamus
2231 5318 2243 5354 :
2275 5316 2377 5365 non
2406 5302 2549 5356 enim
2575 5311 2675 5368 est,
2706 5318 2812 5357 non
2842 5311 2958 5369 est,
2990 5303 3206 5374 inquam
3227 5346 3243 5370 ,
3274 5304 3519 5360 oratione

1925 5393 2214 5463 quidquam
2246 5393 2544 5463 potentius,
2577 5403 2669 5447 aut
2696 5394 2839 5464 quod
2878 5394 2928 5451 ei
2955 5395 3122 5463 possit
3144 5396 3365 5466 aequari.
3396 5395 3514 5452 Non

1925 5482 2002 5538 sic
2034 5483 2260 5538 amictus
2291 5499 2521 5553 purpura
2550 5470 2860 5553 splendidus
2889 5496 2971 5541 est
3002 5487 3314 5557 imperator,
3343 5497 3401 5542 ut
3424 5490 3516 5559 qui

1923 5583 2074 5638 orat,
2123 5576 2388 5645 colloquio
2414 5592 2535 5630 cum
2567 5576 2679 5631 Deo
2707 5589 3015 5633 exornatus.
3065 5578 3133 5634 Ut
3173 5581 3317 5635 enim
3344 5581 3387 5634 si
3416 5581 3515 5634 ad-

1922 5675 2097 5719 stante
2124 5667 2396 5733 exercitu,
2438 5667 2693 5731 ducibus,
2740 5669 3169 5739 magistratibus,
3206 5671 3512 5727 consulibus

1923 5756 2138 5821 multis,
2188 5757 2450 5812 accedens
2491 5758 2609 5828 quis
2641 5760 2883 5827 privatim
2929 5776 3049 5814 cum
3097 5762 3421 5829 imperatore
3459 5762 3513 5818 in

1926 5851 2245 5923 colloquium
2274 5852 2471 5919 veniat,
2497 5865 2811 5910 cunctorum
2838 5856 3025 5911 oculos
3049 5855 3115 5911 ad
3138 5872 3195 5913 se
3223 5859 3505 5926 convertit,
