4174 6336
642 376 744 431 767

648 511 819 565 eaque
848 494 1051 549 ratione
1082 494 1141 548 iit
1179 494 1453 557 illustrior,
1501 493 1581 546 sic
1616 501 1669 545 et
1705 492 1976 545 orantibus
2015 489 2223 543 accidit.

642 586 823 654 Cogita
859 600 1083 655 namque
1118 592 1371 653 quantum
1408 583 1536 637 illud
1579 584 1648 636 sit
1686 582 1953 646 futurum,
1989 591 2044 634 ut
2083 596 2219 649 pra:-

642 676 886 728 sentibus
908 674 1109 745 angelis
1128 715 1141 737 ,
1168 673 1498 727 adstantibus
1524 672 1890 740 archangelis,=
1907 670 2183 738 Seraphim
2202 711 2216 735 ,

642 764 948 829 Chcruhim,
968 767 1280 834 ett-terisque
1302 764 1581 817 virtutibus
1610 764 1875 827 omnibus,
1897 778 2031 816 unus
2062 761 2222 814 homo

643 856 804 908 multa
849 871 968 909 eum
1016 856 1207 909 ﬁducia
1245 857 1411 925 possit
1449 853 1736 918 accedere,
1794 863 1847 907 et
1884 844 2003 906 cum
2051 852 2217 905 virtu-

647 954 756 997 tum
814 947 1019 999 illarttm
1066 961 1189 1014 rege
1236 945 1499 1013 colloqui;
1542 960 1667 998 num
1706 943 1804 996 hoc.
1835 943 1909 1021 illi
1944 942 2227 1010 cujuslibet

645 1036 862 1089 honoris
888 1037 1052 1090 instar
1077 1036 1215 1090 erit?
1232 1036 1424 1105 Neque
1443 1050 1569 1089 vero
1596 1042 1795 1087 tantum
1826 1034 2101 1094 honorem,
2126 1032 2217 1086 sed

646 1128 922 1181 utilitatem
961 1143 1173 1198 quoque
1216 1129 1498 1181 maximam
1549 1140 1828 1197 possumus
1873 1141 1938 1179 ex
1983 1125 2221 1179 oratiOne

645 1218 967 1287 decerpere,
998 1219 1080 1272 vel
1111 1219 1271 1273 etiam
1299 1228 1578 1287 antequam
1609 1217 1659 1271 id
1690 1206 1829 1285 quod
1872 1218 2095 1285 petimus
2123 1216 2221 1269 ob-

647 1309 976 1362 tinuerimus.
1017 1308 1147 1362 Nam
1180 1292 1339 1362 simul
1384 1316 1543 1374 atque
1573 1322 1763 1360 manus
1801 1308 1853 1359 in
1884 1305 2075 1360 caelum
2107 1305 2225 1373 quis

645 1398 974 1463 extenderit,
1023 1399 1296 1468 Deumque
1325 1397 1615 1460 invocarit,
1661 1394 1936 1451 confestim
1972 1410 2037 1449 ex
2066 1395 2223 1448 rebus

646 1490 873 1541 excessit
892 1487 1159 1554 humanis,
1186 1488 1253 1541 ad
1276 1487 1505 1542 futuram
1533 1488 1693 1541 vitam
1720 1495 1896 1548 mente
1918 1485 2221 1548 translatus,

644 1592 708 1630 ac
736 1576 985 1647 deinec-ps
1014 1594 1131 1648 quae
1157 1588 1279 1633 sunt
1306 1580 1357 1632 in
1397 1578 1541 1632 czelis
1569 1579 1747 1630 animo
1774 1574 2037 1653 cencipit;
2067 1575 2229 1629 nihil-

644 1682 750 1735 que
777 1681 899 1721 cum
937 1669 1035 1722 hac
1067 1668 1170 1721 vita
1199 1682 1479 1722 commune
1521 1677 1758 1735 tempore
1784 1665 2107 1735 precationis
2133 1664 2221 1718 hac

646 1757 755 1824 bet,
786 1760 830 1813 si
855 1760 1134 1829 diligenter
1154 1768 1398 1829 precatus
1422 1760 1616 1814 fuerit:
1649 1759 1743 1813 sed
1772 1760 1896 1815 licet
1921 1744 2231 1813 eﬂ'e’rvescat

644 1847 912 1901 iracundia
938 1890 953 1914 ,
985 1848 1137 1903 facile
1163 1850 1378 1904 sedatur
1402 1868 1415 1904 :
1446 1850 1570 1904 licet
1595 1849 1856 1918 cupiditas
1882 1848 2193 1903 exardescat
2210 1887 2227 1913 ,

644 1938 1035 2005 exstinguitur:
1069 1940 1193 1994 licet
1222 1940 1416 1993 invidia
1451 1948 1723 2010 torqueal,
1755 1940 1918 1992 multa
1952 1954 2071 1993 cum
2101 1939 2227 1992 faci-

646 2035 657 2079 Ι
687 2039 792 2085 tate
822 2030 1144 2103 depellitur:
1178 2031 1423 2100 idemque
1449 2032 1740 2099 contingit,
1782 2031 1922 2100 quod
1952 2032 2230 2086 exoriente

643 2108 758 2173 sele
785 2108 1041 2189 propheta
1085 2122 1213 2175 dicit
1251 2123 1579 2193 contingere.
1614 2123 1748 2188 Quid
1794 2123 1919 2177 illud
1957 2124 2077 2178 est?
2118 2122 2227 2176 Po-

646 2212 797 2264 suisti
827 2212 1048 2265 tenebras
1068 2254 1082 2277 ,
1116 2224 1162 2265 et
1198 2214 1333 2281 facta
1361 2224 1432 2267 est
1458 2230 1598 2268 nox:
1629 2214 1682 2266 in
1720 2214 1832 2280 ipsa
1862 2215 2230 2282 pertransibunt

647 2318 817 2355 omnes
838 2303 1003 2355 beslite
1024 2304 1178 2372 sylva:
1199 2319 1219 2357 :
1243 2305 1398 2357 catuli
1421 2305 1621 2357 leonum
1641 2305 1907 2374 rugientes,
1933 2313 1984 2355 ut
2006 2303 2228 2373 rapiant,

644 2400 690 2442 et
715 2401 939 2456 quaerant
966 2409 997 2443 a
1022 2390 1132 2445 Deo
1175 2409 1339 2445 escam
1366 2394 1481 2446 sibi.
1522 2392 1675 2445 Ortus
1707 2402 1778 2446 est
1804 2392 1879 2446 sol
1898 2433 1912 2456 ,
1946 2401 1989 2444 et
2019 2407 2229 2461 congre-

646 2482 751 2550 gati
780 2491 914 2546 sunt,
945 2490 989 2535 et
1016 2485 1068 2535 in
1102 2483 1347 2537 cubilibus
1373 2485 1477 2537 suis
1504 2482 1881 2537 collocabantur
1909 2482 2079 2554 (Psal.
2106 2482 2229 2537 105.

648 2572 857 2644 20-22).
891 2573 957 2628 Ut
1003 2575 1161 2643 igitur
1186 2576 1347 2629 radiis
1371 2576 1499 2629 solis
1520 2576 1878 2630 exorientibus
1899 2575 2022 2630 fera:
2044 2591 2231 2630 omnes

647 2660 912 2731 fugantur,
941 2674 994 2717 et
1025 2665 1075 2717 in
1102 2680 1195 2718 sua
1220 2664 1386 2719 lustra
1416 2665 1696 2720 discedunt
1722 2684 1734 2720 :
1767 2667 1837 2722 ita
1860 2668 2109 2721 nimirum
2142 2668 2230 2722 ubi

650 2763 915 2818 tamquam
945 2755 1123 2808 radius
1153 2756 1366 2824 quidam
1391 2772 1457 2810 ex
1478 2772 1570 2810 ore
1598 2769 1781 2813 nostro
1804 2759 2085 2827 linguaque
2105 2774 2231 2812 ora-

647 2846 722 2899 tio
750 2861 868 2901 sese
908 2847 1188 2912 eﬂ‘uderit,
1236 2864 1355 2902 cum
1388 2866 1540 2904 mens
1585 2846 1936 2916 iliuminatur,
1982 2862 2089 2905 tum
2134 2866 2229 2904 ex—

652 2947 829 3005 pertes
858 2940 1076 2993 rationis
1109 2955 1171 2994 ac
1199 2940 1447 2994 belluinze
1489 2941 1916 3010 perturbationes
1960 2941 2233 3011 aufugiunt

651 3035 707 3082 et
732 3028 1031 3098 abiguntur,
1056 3039 1212 3097 atque
1235 3030 1285 3083 in
1313 3045 1438 3084 suos
1463 3046 1653 3100 specus
1674 3031 1981 3093 abscedunt,
2006 3032 2048 3083 si
2073 3031 2230 3085 modo

646 3120 949 3189 diligenter,
979 3122 1023 3174 si
1055 3130 1257 3175 attento
1298 3124 1504 3184 animo,
1538 3124 1580 3176 si
1622 3132 1799 3176 mente
1826 3122 2062 3190 vigilanti
2106 3138 2230 3176 ora-

648 3212 898 3266 verimus.
932 3212 1065 3266 Tum
1096 3213 1218 3266 licet
1243 3213 1470 3268 adfuerit
1495 3214 1767 3279 diabolus,
1807 3215 2037 3283 abigitur
2063 3232 2078 3269 :
2108 3215 2231 3268 licet

649 3301 889 3368 ila-mon,
934 3304 1152 3357 recedit.
1186 3303 1317 3358 Nam
1361 3304 1439 3370 si,
1486 3304 1703 3359 domino
1729 3306 1990 3375 Colloquia
2023 3317 2233 3361 serente

648 3408 768 3446 cum
802 3409 976 3457 servo,
1007 3397 1181 3450 nullus
1210 3412 1275 3450 ex
1305 3397 1577 3451 conservis
1601 3439 1616 3463 ,
1665 3413 1729 3450 ne
1774 3413 1838 3451 ex
1869 3378 1975 3451 illis
2017 3398 2232 3467 quidem

648 3486 735 3553 qui
764 3484 1007 3539 ﬁduciam
1037 3487 1175 3554 apud
1208 3488 1352 3541 illum
1384 3488 1657 3554 obtinent,
1696 3488 1915 3543 auderet
1941 3484 2257 3555 accedere,

640 3576 703 3628 et
729 3574 875 3628 illum
908 3576 1191 3631 obturbare
1217 3596 1228 3630 :
1265 3578 1433 3632 multo
1461 3580 1638 3633 minus
1663 3579 1714 3632 hi
1741 3594 1803 3634 ex
1831 3594 2016 3634 eorum
2047 3596 2234 3635 nume-

648 3681 730 3747 ro,
761 3666 850 3735 qui
893 3666 1447 3735 Deum'oil'enderunt,
1479 3685 1651 3738 neque
1683 3670 1925 3724 fiduciam
1954 3671 2228 3739 obtinent,

651 3756 803 3809 nobis
831 3758 881 3811 in
910 3756 1145 3812 divinum
1174 3760 1493 3829 colloquium
1524 3762 1770 3814 admissis
1795 3763 2105 3832 obstrepere
2136 3779 2233 3832 po-

652 3856 861 3913 terunt,
901 3849 944 3902 si
974 3850 1298 3905 conveniens
1324 3851 1556 3905 studium
1592 3852 1609 3882 ¹
1647 3852 2059 3907 adhibuerimus.
2101 3854 2234 3909 Ora-

652 3940 724 3994 tio
751 3950 934 4010 portus
964 3952 1277 4012 tempestate
1300 3926 1532 4013 jactatis,
1573 3944 1947 4001 ﬂuctuantibus
1976 3948 2229 4019 apcbora,

718 4072 735 4104 ⁸
772 4072 918 4132 Alius,
943 4074 1292 4124 convenientem
1314 4076 1645 4126 reverentiam.

1377 373 1435 429 S.
1476 370 1753 428 JOANNIS
1789 369 2267 426 CHRYSOSTOMI
2305 368 2623 424 ARCHIEP.
2666 367 3199 425 CONSTANTINOP.

3813 367 3915 423 768

2338 487 2506 556 scipio
2552 486 2935 550 titubantibus,
2988 499 3279 556 pauperum
3328 484 3641 548 thesaurus,
3694 478 3914 539 divitum

2331 579 2609 644 securitas,
2639 577 2943 631 morborum
2970 578 3195 642 curatio,
3226 576 3463 630 custodia
3490 577 3752 631 sanitatis.
3782 574 3917 629 Ora-

2332 669 2406 729 tio
2422 668 2577 722 simul
2601 676 2653 723 et
2675 669 2809 721 bona
2833 668 2983 722 nobis
3002 667 3216 721 immota
3239 677 3538 733 conservat,
3562 676 3614 720 et
3635 664 3915 719 confestim

2333 758 2471 812 mala
2504 767 2856 812 transmutat:
2888 759 2999 811 sive
3030 758 3253 817 tentatio
3283 758 3570 821 invaserit,
3602 756 3758 810 facile
3787 770 3917 824 pro-

2331 852 2607 919 pulsatur:
2657 851 2771 904 sive
2818 850 3157 919 pecuniarum
3195 849 3436 919 jactura,
3482 850 3596 903 sive
3641 848 3917 918 quodlibet

2332 940 2473 993 aliud
2500 955 2714 1006 eorum,
2742 956 2861 1009 quae
2886 940 3183 993 molestiam
3212 939 3403 992 animae
3433 946 3627 992 nostra:
3659 934 3875 992 inurunt
3894 978 3912 1000 ,

2331 1038 2519 1083 cuncta
2546 1045 2705 1099 quam
2736 1030 2963 1098 primum
2995 1029 3223 1099 repellit.
3253 1027 3435 1083 Oratio
3463 1030 3709 1083 mmroris
3740 1028 3918 1082 omnis

2332 1118 2615 1188 refugium,
2651 1118 2936 1172 hilaritatis
2963 1126 3333 1188 argumentum
3356 1157 3372 1181 ,
3405 1118 3615 1172 occasio
3642 1127 3919 1185 perpetuae

2334 1210 2621 1278 voluptatis
2642 1250 2656 1272 ,
2700 1208 3051 1278 philosophice
3082 1218 3270 1261 mater.
3300 1207 3399 1274 Qui
3430 1207 3714 1276 diligenter
3742 1214 3920 1274 potest

2334 1314 2508 1364 orare,
2534 1299 2658 1352 licet
2685 1300 2920 1352 omnium
2951 1299 3020 1352 sit
3043 1298 3435 1367 pauperrimus,
3463 1306 3640 1351 tamen
3670 1295 3914 1350 omnium

2333 1399 2414 1445 est
2439 1389 2734 1465 ditissimus
2759 1408 2771 1442 :
2803 1399 2860 1444 ut
2887 1390 2975 1460 qui
2999 1389 3242 1443 oratione
3266 1388 3551 1442 destitutus
3577 1397 3679 1449 est,
3713 1386 3839 1441 licet
3864 1386 3919 1439 in

2334 1494 2449 1547 ipso
2478 1480 2624 1549 regio
2647 1479 2840 1533 throno
2875 1479 3086 1542 sedeat,
3118 1479 3355 1532 omnium
3376 1487 3459 1533 est
3486 1478 3919 1547 pauperrimus‘.

2333 1570 2521 1625 Nonne
2546 1586 2635 1625 rex
2665 1580 2780 1625 erat
2808 1570 3013 1632 Achab,
3042 1578 3098 1624 et
3126 1571 3230 1624 vim
3265 1570 3377 1623 auri
3405 1570 3718 1639 argentique
3748 1569 3919 1622 habe-

2335 1661 2423 1714 bat
2453 1661 2804 1714 immensam?
2828 1660 2899 1715 At
2923 1662 3174 1730 quoniam
3204 1661 3498 1715 orationem
3531 1676 3635 1715 non
3663 1660 3922 1725 habebat,

2335 1752 2505 1805 Eliam
2533 1766 2779 1821 quarrens
2803 1753 3150 1816 circumibat,
3182 1751 3449 1805 hominem
3472 1794 3486 1817 ,
3517 1751 3609 1820 qui
3635 1767 3810 1820 neque
3835 1750 3921 1803 di-

2333 1842 2627 1895 versoriom
2648 1882 2664 1906 ,
2706 1857 2882 1911 neque
2913 1826 3114 1897 vestem
3145 1843 3407 1908 habebat,
3452 1842 3545 1896 scd
3570 1843 3805 1896 melotcn
3834 1856 3925 1896 so-

2335 1932 2461 1986 lam.
2491 1932 2625 1999 Quid
2659 1934 2760 1987 hoc
2803 1934 2906 1988 sibi
2946 1935 3093 2001 vult,
3144 1935 3357 2004 quzrso?
3399 1934 3478 1987 Tu
3514 1936 3601 2003 qui
3648 1946 3722 1987 tot
3757 1934 3927 1987 habes

2334 2025 2648 2095 apothecas,
2679 2042 2797 2079 emn
2825 2026 2913 2097 qui
2947 2025 3078 2080 nihil
3103 2026 3263 2079 habet
3287 2026 3529 2095 quaeris?
3575 2026 3644 2078 lta
3687 2035 3800 2090 est,
3836 2025 3923 2078 in-

2333 2119 2447 2188 quit
2475 2136 2487 2172 :
2517 2134 2635 2171 nam
2663 2119 2788 2187 quid
2818 2118 2946 2171 mihi
2975 2118 3185 2173 tandem
3216 2128 3436 2187 prosunt
3459 2118 3573 2171 hmc
3604 2127 3921 2186 promptua-

2337 2210 2434 2271 ria,
2466 2224 2585 2262 cum
2616 2209 2701 2263 hic
2728 2210 2879 2263 nobis
2904 2209 3096 2263 caelum
3123 2210 3389 2271 clauserit,
3421 2220 3474 2263 et
3505 2208 3707 2261 inutilia
3730 2216 3925 2261 cuncta

2336 2298 2657 2352 reddiderit?
2687 2299 2864 2357 Vides.
2912 2309 2968 2351 ut
2995 2299 3081 2352 hic
3109 2299 3199 2351 illo
3228 2298 3386 2352 fuerit
3412 2299 3756 2366 opulentior?
3787 2298 3923 2352 Nam

2334 2404 2610 2458 quousque
2650 2405 2832 2445 vocem
2864 2391 2950 2444 hic
2987 2391 3287 2456 emitteret,
3321 2391 3373 2443 in
3417 2391 3579 2443 multa
3609 2401 3929 2459 paupertate

2335 2496 2426 2534 rex
2453 2496 2573 2533 cum
2604 2490 2713 2535 toto
2738 2483 2992 2535 comitatu
3015 2483 3347 2536 versabatur.
3372 2482 3417 2537 Ο
3446 2498 3554 2535 rem
3584 2482 3921 2537 mirabilem!

2335 2570 2412 2625 Ne
2449 2580 2650 2626 vestem
2682 2573 2893 2641 quidem
2938 2572 3160 2639 habuit,
3205 2582 3259 2627 et
3303 2573 3495 2627 caelum
3523 2574 3751 2627 clausit:
3800 2573 3931 2628 ideo

2336 2661 2585 2714 nimirum
2614 2664 2799 2716 caelum
2822 2663 3026 2727 clausit,
3057 2665 3179 2733 quia
3203 2674 3404 2717 vestem
3431 2681 3535 2717 non
3560 2664 3769 2722 habmt;
3799 2664 3927 2732 quia

2337 2750 2466 2804 nihil
2500 2752 2585 2805 hic
2606 2753 2875 2822 possedit,
2924 2752 3122 2807 idcirco
3167 2754 3389 2807 multam
3416 2755 3656 2808 exhibuit
3687 2766 3927 2823 potesta-

2338 2848 2480 2907 tem;
2513 2858 2634 2895 cum
2677 2844 2818 2897 labra
2867 2854 3071 2898 tantum
3124 2844 3451 2909 diduxisset,
3501 2858 3555 2898 ut
3600 2846 3864 2899 innumeri
3895 2862 3931 2899 e

2337 2934 2469 2987 caelo
2497 2934 2728 2989 thesauri
2757 2936 3135 2990 delaberentur
3164 2936 3357 2991 eﬂ‘ecit.
3387 2936 3431 2989 0
3453 2946 3693 2991 sanctum
3721 2952 3804 3001 os,
3838 2936 3924 2991 cui

2338 3023 2510 3077 fontes
2550 3026 2801 3079 imbrium
2833 3026 3075 3081 inerant!
3115 3041 3147 3080 ο
3184 3026 3415 3095 linguam
3445 3027 3615 3080 stillas
3640 3026 3926 3080 eﬂ‘unden-

2341 3116 2480 3168 tem!
2528 3130 2560 3166 ο
2606 3126 2788 3170 vocem
2835 3116 2988 3171 bonis
3034 3118 3329 3171 innumeris
3374 3118 3793 3171 scaturientem!
3842 3116 3929 3171 Ad

2340 3205 2479 3259 hunc
2506 3207 2663 3275 igitur
2696 3217 2908 3262 nostros
2932 3223 3145 3278 semper
3172 3208 3357 3263 oculos
3385 3216 3760 3263 convertentes
3790 3223 3932 3276 pauo

2341 3311 2520 3365 perem
2552 3297 2707 3350 simul
2737 3306 2791 3352 et
2813 3297 3031 3353 divitem
3051 3341 3063 3363 ,
3096 3298 3186 3368 qui
3213 3298 3363 3353 dives
3409 3299 3605 3353 idcirco
3635 3298 3767 3364 fuit,
3800 3298 3930 3367 quia

2341 3403 2540 3455 pauper
2567 3389 2683 3454 fuit,
2715 3402 3123 3445 contemnamus
3151 3390 3455 3460 praesentia,
3481 3391 3928 3459 concupiscamus

2338 3478 2555 3533 futura:
2599 3481 2677 3534 sic
2719 3483 2861 3535 enim
2907 3490 2961 3536 et
3008 3498 3126 3550 qua:
3170 3481 3257 3536 hic
3295 3492 3457 3547 sunt,
3515 3491 3569 3535 ct
3612 3497 3729 3550 quae
3775 3481 3931 3547 illic,

2337 3569 2513 3623 omnia
2547 3569 2683 3623 bona
2712 3586 3130 3641 consequemur.
3163 3571 3293 3639 Qum
3320 3572 3471 3625 nobis
3502 3572 3752 3625 omnibus
3782 3586 3925 3639 pne-

2337 3671 2480 3715 stare
2524 3663 2773 3732 dignetur
2820 3665 2988 3733 gratia
3042 3672 3096 3718 et
3146 3664 3445 3734 benignitas
3498 3663 3703 3717 Domini
3754 3662 3931 3716 nostri

2337 3751 2460 3806 Jcsu
2489 3752 2721 3817 Christi,
2762 3769 2883 3807 cum
2927 3770 3032 3823 quo
3071 3754 3214 3808 Patri
3242 3755 3407 3823 gloria
3438 3734 3701 3822 simulque
3740 3762 3930 3806 sancto

2339 3841 2592 3911 Spiritui,
2641 3860 2781 3899 nunc
2819 3854 2873 3899 et
2913 3859 3125 3912 semper
3154 3854 3209 3899 et
3246 3846 3298 3898 in
3330 3846 3522 3900 saecula
3563 3845 3883 3899 saeculorum
3909 3886 3927 3909 ,

2340 3938 2532 3988 Amen.

2404 4027 2421 4056 ι
2458 4032 2543 4088 Pro
2568 4026 2749 4085 verbis,
2772 4027 3126 4088 pauperrimus.
3153 4034 3312 4076 Nonne
3342 4038 3431 4076 rea:
3451 4032 3555 4075 erat
3579 4024 3933 4076 Achab?savii.

2338 4093 2389 4135 et
2412 4086 2605 4148 quidam
2629 4094 2757 4146 Mss.,
2773 4086 3153 4150 pauperrimus;
3174 4094 3349 4138 etenim
3366 4088 3541 4147 nchab,
3568 4096 3663 4136 etc.

684 4178 2763 4203 __._._________._____.______—___________

656 4267 722 4311 IN
767 4256 1073 4321 RELIQUA‘
1123 4270 1442 4313 ADVERSUS
1489 4272 1895 4336 BERETIC’OS,
1944 4274 2025 4316 ET
2084 4276 2166 4316 DE
2209 4277 2229 4316 .1

2338 4276 2461 4320 lClO
2504 4278 2717 4330 ATQUE
2770 4279 3233 4336 ELEEMOSYNA,
3291 4280 3372 4324 ΕΤ
3425 4280 3492 4323 IN
3536 4278 3945 4322 PETITIONEM.

1810 4374 2043 4417 MATBIS
2086 4375 2397 4419 FILIOBUM
2440 4378 2755 4422 ZEBEDEI.

2070 4480 2492 4538 WWQZIQ

1210 4608 1447 4651 minus
1468 4609 1698 4667 ocuva.

730 4682 778 4736 l.
823 4682 898 4735 Ex
929 4683 1068 4736 bello
1098 4684 1297 4737 reversi
1334 4683 1585 4739 hesterno
1612 4686 1699 4741 die
1743 4702 1945 4755 sumus,
1970 4704 2047 4745 .ex
2090 4693 2232 4747 bello

657 4788 936 4843 pugnaque
982 4790 1101 4828 cmn
1134 4776 1401 4831 hmreticis
1428 4777 1732 4845 commissa,
1776 4783 2033 4851 sanguine
2072 4784 2231 4846 tincta

655 4875 901 4946 gerentes
943 4881 1110 4927 arma,
1154 4867 1384 4937 gladium
1431 4868 1589 4924 Verbi
1620 4861 1919 4937 cruentum,
1952 4888 2062 4929 non
2111 4892 2239 4946 pro-

657 4942 1195 5033 stnle"corporibus,
1224 4957 1314 5010 sed
1344 4960 1578 5014 consiliis
1604 4959 1891 5017 destructis
1916 4970 1962 5018 et
2002 4942 2138 5020 omni
2161 4967 2239 5019 at-

658 5048 887 5111 titudine,
929 5064 1041 5118 qua:
1074 5050 1311 5121 adversus
1337 5050 1429 5103 Dei
1475 5053 1494 5083 ³
1548 5053 1805 5107 scientiam
1845 5072 1899 5109 se
1940 5058 2132 5112 extollit
2157 5060 2234 5129 (2.

659 5137 775 5193 Cor.
810 5139 895 5193 10.
926 5140 1003 5207 5).
1044 5140 1170 5195 Tale
1198 5157 1425 5211 namque
1453 5158 1620 5213 genus
1646 5154 1727 5199 est
1750 5161 1938 5216 pugna
1966 5148 2142 5217 hujus,
2175 5166 2238 5205 ac

658 5230 883 5298 proinde
913 5232 1029 5286 talis
1049 5244 1129 5286 est
1157 5232 1425 5287 armorum
1450 5244 1634 5290 natura
1665 5253 1677 5288 :
1703 5253 1927 5304 quorum
1948 5234 2235 5311 utrumque

658 5320 859 5375 docens
888 5322 1073 5377 beatus
1100 5321 1291 5378 Paulus
1318 5325 1563 5380 dicebat:
1592 5324 1732 5381 Nam
1756 5344 1902 5383 arma
1927 5329 2123 5385 militia:
2149 5349 2239 5387 no-

659 5420 778 5464 stris
803 5428 903 5465 non
927 5414 1156 5467 earnalia
1176 5426 1328 5469 sunt:
1357 5417 1445 5469 sed
1473 5418 1695 5488 potentia
1715 5416 1825 5474 Deo
1846 5419 1915 5473 ad
1939 5420 2241 5477 destructio-

663 5515 775 5553 nem
800 5502 1150 5567 munitionum,
1184 5506 1393 5558 consilia
1419 5506 1745 5574 destruentia,
1771 5520 1817 5563 et
1841 5527 2036 5565 omnem
2066 5513 2242 5568 altitu-

725 5638 742 5717 ξ
780 5652 883 5714 Alit,
906 5656 1135 5717 ejusdem.

726 5715 747 5747 ⁸
776 5722 850 5767 Sic
869 5715 1009 5767 savii.
1036 5727 1087 5768 et
1108 5726 1194 5769 Mss
1241 5720 1420 5782 κοί-ειη
1444 5720 1636 5773 Christi.

2344 4620 2511 4673 dinem
2552 4621 2867 4673 extollentem
2893 4635 2958 4678 ,se
2996 4619 3233 4673 adversus
3274 4620 3531 4673 scientiam
3561 4618 3658 4673 Dei
3684 4618 3758 4691 (2.
3804 4618 3935 4673 Cor.

2344 4710 2431 4766 tt).
2464 4710 2541 4782 4).
2564 4713 2702 4765 Sane
2728 4711 2940 4780 quidem
2970 4712 3241 4781 Oper-teret
3268 4713 3353 4777 iis,
3377 4714 3465 4782 qtti
3498 4712 3799 4779 abfuerunt,
3828 4710 3946 4768 he-

2343 4809 2552 4855 sternos
2573 4800 2771 4855 referre
2798 4816 2974 4868 casus,
3007 4812 3063 4856 et
3099 4802 3270 4856 aciem
3303 4802 3613 4856 instructam
3645 4816 3947 4871 enarrare,

2343 4893 2672 4956 conﬂictum,
2708 4894 3005 4959 victoriam,
3040 4902 3238 4963 tropaea
3268 4909 3283 4947 :
3314 4893 3406 4955 sed
3438 4909 3504 4948 ne
3534 4908 3628 4949 vos
3657 4893 3942 4963 negligen-

2346 4983 2508 5037 tiores
2536 4982 2843 5049 reddamus,
2875 4982 2956 5038 his
2986 4984 3382 5052 praetermissis,
3415 4994 3470 5037 ut
3504 4984 3711 5053 jactura
3738 4983 3949 5039 stimu-

2348 5076 2435 5128 lati
2467 5075 2834 5145 diligentiores
2874 5076 3011 5130 iiatis
3039 5092 3153 5141 vos,
3184 5076 3273 5146 qui
3305 5076 3565 5140 abfuistis,
3606 5077 3673 5131 ad
3702 5090 3784 5141 ea,
3813 5092 3950 5147 quae

2345 5177 2660 5236 sequuntur,
2687 5166 2847 5222 hodie
2873 5169 3096 5238 gradum
3132 5168 3386 5223 faciemus
3415 5185 3427 5221 :
3457 5168 3601 5238 quod
3628 5169 3672 5222 si
3703 5168 3821 5238 quis
3845 5167 3948 5223 di-

2347 5260 2516 5330 ligens
2559 5258 2718 5315 fuerit
2758 5271 2811 5315 et
2838 5269 3091 5327 attentus,
3124 5276 3192 5316 ex
3239 5261 3303 5314 iis
3340 5261 3431 5331 qui
3473 5260 3826 5315 interfuerunt
3870 5276 3948 5316 ea

2348 5368 2465 5422 quae
2494 5361 2622 5407 sunt
2648 5368 2675 5406 a
2711 5355 2862 5409 nobis
2890 5354 3143 5409 hesterno
3172 5353 3258 5408 die
3285 5354 3426 5408 dicta
3461 5363 3761 5422 cognoscet.
3794 5353 3949 5408 Tan-

2351 5454 2456 5497 tam
2488 5445 2629 5498 enim
2665 5445 2994 5500 alacritatem
3025 5445 3186 5498 animi
3217 5444 3371 5499 nobis
3398 5444 3755 5499 exhibuerunt
3780 5446 3951 5499 audi-

2350 5544 2513 5599 tores,
2543 5544 2598 5589 ut
2621 5537 2855 5605 acceptis
2884 5536 3132 5591 omnibus
3154 5535 3370 5590 domum
3394 5536 3733 5600 recesserint,
3763 5550 3950 5606 neque

2348 5623 2636 5696 quidquam
2682 5642 2888 5693 eorum,
2933 5641 3051 5696 quae
3086 5626 3229 5682 dicta
3268 5625 3496 5691 fuerant,
3540 5625 3639 5679 sibi
3686 5624 3949 5682 excidere

2354 5718 2496 5788 passi
2526 5716 2738 5772 fuerint.
2770 5718 2953 5788 Itaque
2986 5718 3071 5772 illa
3101 5718 3313 5789 quidem
3339 5716 3673 5789 cognoscetis
3697 5731 3761 5773 ex
3794 5717 3944 5781 illis;

3288 5962 3315 5982 ἢ
