4174 6336
647 416 768 469 ῖϐτγ
1402 416 1458 471 S.
1500 414 1788 472 JOANNIS
1828 417 2321 475 CHRYSOSTOMI
2360 415 2687 472 AHCHIEP.
2728 410 3281 470 CONSTANTINOP.

642 526 960 601 διαρρυῆναι
1007 528 1115 582 τῶν
1161 529 1483 601 εἰρημένων.
1529 531 1744 584 Ἐκεῖνα
1798 532 1896 601 μὲν
1946 527 2039 585 οὖν
2095 530 2226 603 παρ’

640 610 864 663 ἐκείνων
917 611 1158 664 εἴσεσθε·
1194 612 1231 666 ἀ
1290 611 1345 665 δὲ
1398 614 1638 684 σήμερον
1687 615 1983 683 ἀναγκαῖον
2034 615 2230 677 εἰπεῖν,

640 693 811 749 ταῦτα
853 696 1012 764 ἡμεῖς
1049 695 1281 767 ἐροῦμεν
1306 697 1457 765 ὑμῖν,
1496 696 1593 767 τὴν
1626 697 1920 761 ἀντίθεσιν,
1948 699 2014 769 ἢν
2046 698 2095 750 ot
2126 697 2231 750 τῶν

638 778 932 847 αἱρετικῶν
967 774 1159 841 παῖδες
1228 779 1628 849 ἀντεπήγαγον,
1670 781 1750 844 είς
1793 781 1954 852 μέσον
2006 780 2234 852 προθέν-

636 878 747 924 τες.
789 861 884 924 Τίς
927 857 1019 915 οὖν
1063 864 1210 915 ἐστιν
1236 864 1406 933 αὖτης
1449 863 1661 935 Ἐπειδὴ
1716 864 1910 936 πρώην
1959 865 2090 935 περὶ
2131 864 2233 934 τῆς

636 944 732 996 τοῦ
752 944 1088 1013 Μονογενοῦς
1114 945 1357 1012 ἐξουσίας
1378 945 1750 1017 διελεγόμεθα,
1773 947 2079 1011 δεικνύντες
2110 946 2234 1017 ἴσην

635 1024 802 1082 οὖσαν
828 1028 928 1097 τὴν
966 1027 1212 1092 ἐξουσίαν
1247 1029 1340 1082 τοῦ
1370 1031 1761 1102 γεγεννηκότος
1795 1031 1957 1083 αὑτὸν
1997 1031 2230 1101 [ἰατρὸς.

638 1112 731 1164 καὶ
762 1112 929 1185 πολύν
961 1113 1102 1183 ὑπὲρ
1132 1112 1337 1165 τούτων
1376 1112 1733 1184 ἀναλώσαμεν
1776 1114 1955 1183 λόγον,
2000 1114 2234 1184 πληγέν-

635 1211 728 1257 τες
759 1197 872 1257 τοῖς
906 1196 1220 1267 εἰρημένοις
1246 1198 1460 1261 ἐκεῖνοι,
1494 1200 1677 1266 φωνήν
1697 1215 1819 1250 τινα
1850 1195 2229 1266 εύαγγελικὴν,

638 1278 854 1349 ἑτέρως·
883 1280 983 1348 μὲν
1022 1279 1338 1349 εἰρημένην.
1383 1280 1585 1351 ἑτέρως
1628 1280 1686 1333 δὲ
1734 1282 1863 1352 παρ’
1892 1280 2070 1335 αὐτῶν
2101 1281 2232 1333 ὑπο·

638 1362 963 1415 πτευθεῖσαν
992 1363 1262 1433 εἰρῆσθαι,
1296 1363 1505 1435 ταύτην.
1536 1365 1916 1434 ἀντεπήγαγον
1947 1364 2229 1431 λέγοντες·

639 1447 733 1500 καὶ
765 1445 871 1516 μὴν
905 1445 1248 1517 γέγραπται·
1294 1446 1369 1499 Τὸ
1392 1446 1460 1499 δὲ
1498 1448 1741 1501 καθίσαι
1777 1448 1846 1499 ἐκ
1875 1446 2091 1508 δεξιῶν
2114 1465 2233 1514 μου

637 1530 738 1584 καὶ
761 1528 832 1593 ἐξ
856 1530 1181 1598 εὐωνύμων
1205 1530 1316 1582 οὐκ
1345 1528 1520 1581 ἐστιν
1541 1529 1690 1598 ἐμόν
1716 1529 1949 1594 δοῦναι,
1975 1530 2114 1584 ἀλλ’
2142 1524 2234 1596 οἷς

636 1612 996 1680 ἡτοίμασται
1038 1613 1156 1665 ὑπὸ
1205 1611 1314 1664 τοῦ
1367 1612 1599 1679 Πατρός
1636 1604 1779 1681 μού.

722 1694 933 1763 Ἐγὼδὲ
951 1696 1087 1764 ὅπερ
1103 1695 1192 1748 ἀεὶ
1217 1692 1523 1765 παρακαλῶ
1554 1694 1653 1765 την
1690 1695 1963 1766 ὑμετέραν
1988 1696 2229 1765 ἀγάπην,

635 1774 797 1830 τοῦτο
812 1778 904 1831 καὶ
921 1781 1159 1847 σήμερον
1177 1776 1427 1847 παραινῶ
1444 1777 1538 1830 καὶ
1558 1777 1932 1848 συμϐουλεύω,
1951 1780 2025 1850 μὴ
2044 1778 2231 1843 ἁπλῶς

636 1860 850 1943 ἐπιέναι
864 1860 931 1913 τὰ
956 1860 1281 1930 γράμματα,
1306 1853 1441 1913 ἀλλὰ
1469 1861 1845 1931 διερευνᾶσθαι
1870 1862 1938 1915 τά
1961 1865 2226 1934 νοήματα·

636 1943 684 1996 εί
707 1942 813 2014 γάρ
836 1959 921 2004 τις
952 1943 1139 2007 ἁπλῶς
1165 1947 1283 2006 ταῖς
1307 1942 1486 2007 λέξεσι
1517 1944 1913 2015 παρακάθοιτο,
1939 1946 2034 1998 καὶ
2064 1945 2230 2016 μηδὲν

636 2026 799 2080 πλέον
815 2028 921 2079 τῶν
938 2028 1342 2099 γεγραμμένων
1357 2020 1642 2098 ἐπιζητοίη
1667 2040 1715 2092 ο,
1733 2028 1902 2082 πολλὰ
1922 2029 2233 2099 ἁμαρτήσε-

635 2127 747 2164 ται.
780 2111 892 2164 Καὶ
922 2102 1031 2182 γὰρ
1063 2113 1154 2164 καὶ
1188 2111 1464 2180 πτέρυγας
1491 2111 1559 2165 τὰ
1592 2111 1900 2183 γράμματα
1921 2113 2066 2183 ἐχειν
2098 2114 2231 2184 φησὶ

634 2194 728 2247 τὸν
750 2193 900 2259 Θεὸν,
917 2194 1014 2247 τοῦ
1041 2196 1322 2265 προφήτου
1344 2193 1615 2263 λέγοντος,
1648 2196 1730 2248 ὅτι
1766 2196 1863 2247 Ἑν
1891 2195 2088 2264 σκέπῃ
2116 2196 2233 2249 τῶν

636 2277 944 2345 πτερύγων
973 2292 1091 2331 σου
1120 2278 1456 2345 σκεπὰσεις
1478 2296 1577 2347 με,
1611 2280 1726 2333 ἀλλ’
1767 2280 1829 2332 οὐ
1881 2281 2029 2349 παρὰ
2074 2279 2231 2332 τοῦτο

634 2360 921 2431 πτερωτὴν
966 2365 1211 2433 φήσομεν
1260 2358 1401 2416 εἶναι
1446 2364 1546 2433 τὴν
1589 2355 1785 2433 νοερᾶν
1814 2363 1841 2403 ι’
1873 2364 2089 2433 ἐκείνην
2135 2365 2231 2416 καὶ

633 2443 938 2513 ἀνώλεθρον
986 2446 1193 2499 ούσίαν.
1240 2447 1303 2499 Εἰ
1358 2447 1467 2517 γὰρ
1512 2448 1599 2499 ἐπ’
1642 2445 1944 2517 ἀνθρώπων
1995 2443 2094 2499 ούκ
2149 2447 2230 2498 ἕνι

633 2525 792 2578 τοῦτο
836 2528 1029 2593 εἰπεῖν,
1076 2528 1255 2598 πολλῷ
1295 2530 1494 2598 μᾶλλον
1544 2531 1635 2582 ἐπὶ
1674 2531 1770 2601 τῆς
1808 2530 2089 2600 ἀκηράτου
2136 2529 2231 2581 καὶ

636 2611 872 2680 ἀοράτου
922 2613 1015 2664 καὶ
1056 2613 1438 2684 ἀκαταλήπτου
1492 2612 1708 2682 φύσεως
1754 2614 1989 2683 ἐκείνης.
2034 2614 2099 2666 Τί
2137 2610 2257 2667 οὖν’

638 2696 785 2748 ἐστιν
808 2696 917 2748 ἀπὸ
938 2695 1048 2749 τῶν
1077 2698 1365 2767 πτερύγων
1383 2698 1604 2767 νοητέον
1632 2700 1794 2768 ἡμῖν;
1822 2698 1932 2768 Τὴν
1954 2698 2228 2768 βοήθειαν,

634 2778 735 2847 τὴν
764 2779 1084 2848 ἀσφάλειαν.
1117 2781 1215 2849 τὴν
1244 2781 1470 2849 σκέπην,
1500 2782 1599 2851 τὴν
1629 2779 1963 2850 συμμαχίαν,
1999 2781 2059 2833 τὺ
2082 2780 2231 2849 ἀχεί⁴

636 2878 809 2931 ρωτον
862 2863 960 2933 τῆς
1009 2862 1279 2934 βοηθείας.
1335 2865 1503 2917 Πάλιν
1541 2863 1743 2917 ὑπνοῦν
1775 2864 1936 2917 αὐτόν
1977 2880 2140 2932 φασιν
2174 2866 2229 2917 αἱ

635 2945 851 3013 Γραφαὶ
882 2945 1024 2998 οὕτω
1056 2946 1312 3015 λέγουσαι
1333 2963 1347 2975 ·
1390 2947 1714 3015 Ἀνάστηθι
1748 2950 1974 3011 ο,ίνιιτί
1991 2947 2226 3013 ὑπνοῖς,

634 3028 849 3093 Κύριε;
901 3028 999 3097 ούχ
1049 3029 1135 3082 ἵνα
1171 3030 1263 3084 τὸν
1294 3030 1427 3083 Θεὸν
1473 3029 1755 3084 καθεύδειν
1799 3030 2225 3099 ὑποπτεύωμεν·

634 3110 792 3163 τοῦτο
838 3112 947 3181 γὰρ
994 3106 1238 3183 ¹ὲσχάτης
1289 3115 1504 3178 ἀνοίας·
1550 3113 1685 3167 ἀλλά
1733 3114 1810 3184 τῷ
1855 3114 2079 3183 ὀνόματι
2133 3113 2227 3167 τοῦ

636 3193 804 3247 ὕπνου
854 3195 951 3266 τὴν
1003 3196 1384 3266 μακροθυμίαν
1413 3199 1507 3249 καὶ
1552 3199 1652 3268 τὴν
1701 3197 2050 3263 ἀνεξικακίαν
2098 3199 2230 3268 ἡμῖν

636 3278 1016 3346 ἐμφαίνουσαι.
1045 3280 1272 3349 Ἕτερος
1301 3280 1355 3333 δὲ
1386 3282 1671 3351 προφήτης
1699 3280 1854 3350 φησί’
1890 3280 1987 3347 Μὴ
2012 3284 2127 3347 ἔσῃ
2151 3282 2232 3345 ὼς

634 3360 949 3429 ἄνθρωπος
992 3361 1230 3425 ὑπνῶν;
1277 3362 1436 3432 Ὁρᾷς
1465 3363 1547 3415 ὅτι
1582 3363 1781 3433 πολλῆς
1808 3366 1942 3434 ἡμῖν
1976 3362 2077 3431 τῆς
2110 3380 2233 3415 συν-

636 3444 807 3507 έσεως
834 3445 991 3515 χρεία
1020 3446 1111 3498 τὸν
1145 3446 1419 3516 θησαυρὸν
1458 3446 1905 3516 διερευνωμένοις
1936 3446 2044 3498 τῶν
2071 3446 2233 3499 θείων

637 3528 905 3599 Γραφῶν;
949 3530 1025 3593 ὡς
1078 3531 1173 3582 ἐὰν
1220 3530 1410 3593 ἁπλῶς
1457 3532 1552 3583 καὶ
1604 3531 1728 3600 εἰκῆ
1781 3532 1874 3583 καὶ
1917 3532 1992 3594 ὼς
2045 3530 2233 3600 ἔτυχεν

637 3611 925 3681 ἀκούωμεν
957 3612 1066 3665 τῶν
1096 3613 1425 3682 λεγομένων,
1453 3614 1515 3665 ού
1561 3614 1721 3683 μόνον
1750 3613 1819 3666 τὰ
1846 3612 2022 3667 ἄτοπα
2051 3617 2233 3667 ἐκεῖνα

637 3693 846 3762 ἕψεται,
879 3694 1015 3747 ἀλλά
1045 3697 1141 3749 καὶ
1175 3697 1344 3771 πολλὴ
1382 3698 1530 3767 μάχη
1560 3699 1618 3750 ἐν
1648 3700 1764 3760 τοῖς
1795 3698 2104 3768 είρημένοις
2133 3715 2235 3765 φα-

638 3781 827 3831 νεῖται.
865 3778 1017 3851 [515]
1054 3782 1111 3832 '0
1144 3782 1243 3848 μὲν
1268 3783 1376 3851 γὰρ
1416 3780 1618 3834 ὑπνοῦν
1641 3782 1803 3834 αὐτόν
1828 3782 2127 3853 φησιν,ὁδὲ
2158 3781 2232 3853 μὴ

639 3862 872 3946 ύπνοῦν·
908 3863 1020 3916 ἀλλ’
1055 3864 1338 3935 ἀμφότερα
1375 3864 1573 3946 ἀληθῆ,
1611 3864 1677 3917 ἂν
1715 3864 1812 3934 τὴν
1851 3867 2230 3935 προσήκουσαν

637 3943 846 3997 ἔννοιαν
869 3946 1126 4017 ἐκλάϐῃς.
1156 3948 1215 4000 Ὀ
1248 3949 1345 4016 μὲν
1374 3947 1484 4019 γάρ
1521 3943 1694 4014 λέγων
1720 3948 1882 4000 αὑτὸν
1911 3947 2111 4001 ύπνοῦν
2132 3950 2232 4019 τὴν

637 4029 887 4081 ἐπίτασιν
906 4030 1007 4099 τῆς
1041 4030 1422 4100 μακροθυμίας
1445 4032 1800 4094 ἐνδείκνυται,
1826 4033 1854 4083 ὁ
1876 4033 1931 4084 δὲ
1957 4032 2130 4101 λέγων
2158 4033 2232 4103 μὴ

639 4112 861 4175 ὑπνοῦν,
890 4114 950 4165 τὸ
972 4115 1245 4183 ἀκήρατον
1273 4115 1368 4183 τῆς
1394 4115 1608 4182 φύσεως
1631 4116 1762 4185 ἡμῖν
1788 4115 2060 4184 ἐμφαίνει.
2079 4117 2233 4169 Ἐπεὶ

636 4193 731 4250 οὖν
764 4197 966 4266 πολλῆς
1001 4199 1269 4262 συνέσεως
1304 4200 1434 4269 ἡμῖν
1470 4199 1649 4270 χρεία,
1684 4200 1819 4269 μηδὲ
1856 4199 2013 4252 τοῦτο
2048 4200 2232 4264 ἁπλῶς

639 4280 962 4349 ἐκλάϐωμεν
982 4280 1043 4333 τὸ
1066 4282 1373 4352 εἰρημένον,
1395 4284 1455 4335 τὸ
1484 4286 1603 4335 Οὐκ
1635 4284 1808 4335 ἐστιν
1826 4282 1974 4351 ἐμὸν
1996 4282 2229 4349 δοῦναι,

639 4364 779 4418 ἀλλ’
810 4361 900 4429 οἷς
926 4364 1284 4431 ἡτοίμασται
1317 4366 1440 4419 ὑπὸ
1467 4366 1571 4419 τοῦ
1593 4368 1824 4433 Πατρός
1846 4384 1985 4434 μου.
2020 4368 2096 4419 Οὐ
2123 4367 2231 4439 γὰρ

640 4447 888 4512 ἐξουσίας
927 4447 1201 4519 ἀναίρεσις
1255 4448 1433 4509 τοῦτο,
1480 4448 1601 4500 οὐδὲ
1645 4448 1934 4512 αύθεντίας
1982 4451 2232 4521 ἀκρωτη-

646 4532 893 4599 ριασμὸς,
942 4531 1079 4583 ἀλλά
1109 4533 1435 4602 κηδεμονίας
1474 4531 1674 4600 πολλῆς
1705 4532 1981 4596 ἀπόδειξις
2020 4535 2114 4585 καὶ
2148 4550 2236 4585 σο·-

642 4615 769 4681 φίας
803 4616 896 4665 καὶ
920 4615 1174 4684 προνοίας
1203 4615 1300 4683 τῆς
1330 4615 1468 4683 ὑπὲρ
1490 4614 1583 4666 τοῦ
1606 4616 1794 4682 γένους
1821 4616 1913 4667 τοῦ
1939 4616 2231 4686 ἡμετέρου.

645 4698 764 4751 Ὀτι
803 4699 911 4767 γὰρ
941 4697 1129 4768 κύριός
1161 4700 1275 4749 ἐστι
1310 4698 1434 4775 καὶκ
1450 4699 1700 4761 κολάζειν
1738 4701 1831 4751 καὶ
1856 4703 2042 4770 τιμᾷν,
2071 4702 2234 4753 ἄκου-

645 4799 735 4834 σον
765 4783 815 4834 τί
848 4798 1010 4850 φησιν
1044 4781 1203 4842 αὐτὸς
1229 4783 1257 4832 ὁ
1282 4780 1452 4832 ταῦτα
1480 4781 1653 4848 λέγων
1676 4800 1689 4813 ·
1717 4782 1903 4835 ’Ὅταν
1926 4783 2097 4850 ἔλθῃ,
2129 4801 2235 4854 φη-

644 4865 749 4926 σὶν,
780 4868 811 4917 d
852 4864 983 4929 Υἱός
1014 4863 1119 4916 τοῦ
1145 4862 1461 4929 ἀνθρώπου
1488 4864 1556 4916 ἑν
1585 4863 1658 4932 τῇ
1690 4865 1842 4933 δόξῃ
1865 4866 1970 4919 τοῦ
2006 4868 2237 4933 Πατρός

642 4949 851 5011 αὑτοῦ,
890 4948 1109 5014 στήσει
1136 4945 1209 4998 τὰ
1242 4948 1507 5013 πρόϐατα
1536 4948 1604 5000 ἐκ
1631 4948 1864 5012 δεξιῶν,
1892 4950 1989 5002 καί
2021 4955 2095 5003 τὰ
2122 4951 2238 5018 ἐρί-

645 5050 749 5101 φια
777 5032 843 5094 ἐξ
876 5032 1217 5099 εὐωνύμων,
1248 5031 1343 5084 καί
1367 5031 1487 5097 ἐρεῖ
1519 5032 1641 5097 τοῖς
1668 5033 1735 5084 ἑκ
1778 5031 1982 5095 δεξιῶν
2011 5034 2200 5088 αὐτοῦ
2220 5052 2233 5064 ·

618 5115 843 5180 ’Δεῦτε,
877 5117 929 5167 οί
968 5114 1358 5183 εὐλογημένοι
1390 5115 1495 5168 τοῦ
1534 5117 1766 5182 Πατρός
1792 5133 1929 5183 μου,
1952 5120 2241 5183 κληρονο-

641 5197 877 5266 μήσατε
924 5198 1039 5265 τὴν
1076 5197 1530 5275 ἡτοιμασμένην
1570 5199 1712 5267 ὑμῖν
1748 5199 2078 5262 ,ϐασιλείαν
2119 5201 2239 5255 ἀπὸ

646 5280 981 5347 καταϐολῆς
1010 5285 1263 5351 κόσμου.
1314 5283 1636 5336 Ἐπείνασα
1668 5284 1797 5352 γὰρ,
1843 5286 1942 5337 καί
1983 5284 2240 5339 ἐδώκατέ

642 5383 744 5434 μοι
773 5366 984 5434 φαγεῖν
1006 5384 1019 5396 ⁸
1055 5367 1343 5434 ἐδίψησα,
1376 5367 1475 5420 καί
1506 5366 1828 5419 ἐποτίσατέ
1847 5384 1925 5436 με
1948 5375 1996 5420 α,
2033 5369 2156 5431 Τοῖς
2184 5370 2241 5422 δὲ

647 5450 709 5515 lg
740 5449 1033 5518 εὐωνύμων
1064 5452 1206 5514 ἐρεῖ·
1232 5451 1569 5516 Πορεύεσθε
1589 5452 1689 5503 ἀπ’
1707 5451 1874 5520 ἐμοῦ,
1907 5453 1959 5502 οί
1985 5467 2239 5518 κατηρα-

643 5534 841 5602 μένοι,
862 5535 947 5597 είς
970 5546 1035 5584 το
1055 5532 1174 5600 πῦρ
1200 5533 1265 5585 τὸ
1288 5533 1733 5601 ἡτοιμασμένον
1757 5533 1836 5599 τῷ
1860 5534 2118 5600 διαϐόλῳ
2141 5538 2240 5590 καὶ

649 5616 774 5681 τοῖς
826 5615 1101 5685 ἀγγέλοις
1159 5614 1365 5668 αὐτοῦ.
1417 5617 1744 5669 Ἐπείνασα
1800 5616 1931 5685 γὰρ,
1986 5618 2086 5670 καὶ
2130 5621 2242 5673 οὐκ

712 5724 740 5799 ξι
775 5724 1051 5799 ξὶιὶοῐηηεε
1074 5724 1181 5774 fere
1201 5739 1339 5784 mss.,
1357 5733 1506 5789 atque
1528 5729 1593 5778 ita
1618 5727 1886 5789 legendum
1911 5728 2125 5777 videtur.
2140 5729 2243 5777 Mo-

646 5799 705 5833 r0
717 5789 724 5829 ἰ
736 5822 746 5832 .
775 5788 1035 5845 ἐπιζητήσῃ
1046 5821 1055 5828 .

712 5846 739 5885 δ
769 5846 863 5895 Alii
898 5850 981 5904 τήν
1005 5848 1147 5910 ἱεράν.

715 5912 739 5975 ⁴ξ
766 5909 889 5975 Τιξεε
915 5923 1029 5975 ιιιεξ.
1056 5911 1275 5975 egSaviL
1299 5917 1346 5959 αῐ
1375 5916 1571 5975 Γραςιαὶ,
1595 5917 1659 5969 ὡς
1682 5914 1729 5961 έν
1752 5915 1838 5974 τῷ,
1865 5935 1887 5956 ‹‹
1927 5913 2236 5973 Ἀνάστηθι.»

713 5969 742 6009 d
763 5970 962 6041 Addit};
986 5968 1137 6020 Savil.
1166 5982 1301 6041 προίει
1327 5990 1351 6041 εΜ
1365 5968 1653 6037 ξένοςῆμην,
1671 5977 1751 6024 καὶ
1776 5968 2060 6041 συνηγάγετέ
2090 5968 2165 6040 με.
2191 5990 2244 6031 ει

652 6045 765 6079 mox
790 6034 844 6079 τὸ
874 6034 1063 6079 αἰώνιον
1089 6039 1199 6094 post
1219 6036 1273 6081 τὸ
1294 6036 1401 6095 πῦρ.

3831 412 3945 467 770

2343 527 2602 582 ἐδώκατέ
2627 544 2727 596 μοι
2757 524 3001 595 φαγεῖν·
3031 523 3322 591 ἐδίψησα,
3349 522 3445 575 καί
3476 524 3587 576 οὐκ
3613 522 3945 579 ἐποτίσατέ

2328 628 2435 680 με·
2477 610 2655 676 ξένος
2701 608 2884 678 ἤμην,
2936 609 3035 662 καί
3090 614 3163 661 οὺ
3210 606 3582 676 συνηγάγετέ
3620 625 3717 676 με.
3778 604 3943 673 Εἶδες

2335 696 2517 766 κρίσιν
2538 689 2976 766 ἀπηρτισμένην,
3008 692 3103 744 καὶ
3135 691 3251 754 πῶς
3284 692 3377 744 καὶ
3395 693 3529 762 τιμᾷ
3562 693 3654 745 καὶ
3690 693 3956 759 κολάζει,,

2336 780 2429 833 καὶ
2464 780 2719 847 στεφανοῖ
2764 776 2859 830 καὶ¹
2904 779 3263 847 τιμωρεῖται,
3301 776 3394 827 καὶ
3426 778 3552 840 τοὺς
3588 778 3687 846 μὲν
3726 780 3807 841 είς
3833 780 3942 849 τὴν

2336 863 2615 934 βασιλείαν
2638 860 2870 929 εἰσάγει,
2887 862 3015 924 τοὺς
3036 860 3092 912 δὲ
3114 861 3191 922 είς
3214 858 3312 930 τὴν
3332 858 3554 926 γέενναν
3580 861 3899 930 ἀποπέμπει
3919 881 3939 928 ;

2410 946 2477 1017 β’.
2496 948 2696 1000 Σκόπει
2718 944 2775 997 δέ
2804 944 2897 996 καὶ
2915 942 3151 997 ἐνταῦθα
3173 941 3270 1013 τὴν
3302 942 3503 1014 πολλὴν
3522 943 3648 1013 περὶ
3666 945 3819 1015 ἡμᾶς
3839 945 3943 998 αὗ-

2333 1031 2426 1084 τοῦ
2463 1029 2789 1102 κηδεμονίαν
2828 1041 2872 1085 θ.
2906 1028 3030 1090 Τοῖς
3071 1026 3171 1097 μὲν
3203 1027 3312 1095 γὰρ
3355 1027 3812 1098 στεφανουμένοις
3844 1027 3939 1081 ὅτε

2333 1113 2625 1181 διελέγετο,
2665 1110 2864 1175 Δεῦτε,
2900 1113 3083 1180 φησὶν,
3127 1112 3182 1162 οί
3226 1111 3617 1179 εὐλογημένοι
3660 1110 3768 1163 τοῦ
3817 1113 3940 1164 Πα-

2334 1197 2475 1266 τρός
2528 1212 2684 1264 μου,
2736 1192 3234 1262 κληρονομήσατε
3300 1192 3417 1260 τὴν
3481 1192 3939 1261 ἡτοιμασμένην

2334 1278 2477 1349 ὑμῖν
2498 1279 2830 1343 ,βασιλείαν
2860 1277 2976 1345 πρὸ
3023 1275 3368 1343 καταϐολῆς
3412 1276 3645 1343 κόσμου
3665 1292 3678 1305 ·
3730 1278 3847 1339 τοῖς
3877 1275 3940 1329 δὲ

2335 1361 2718 1432 κολαζομένοις
2743 1362 2843 1415 οὐκ
2870 1357 2990 1412 εἷπε
3011 1376 3024 1389 ·
3054 1357 3358 1431 Πορεύεσθε
3387 1359 3481 1412 ἀπ’
3512 1358 3670 1428 ἐμοῦ,
3710 1361 3760 1412 οἱ
3798 1377 3939 1413 κατ-

2334 1445 2622 1517 ηραμένοι,
2652 1447 2731 1506 εἰς
2759 1443 2821 1496 τὸ
2854 1442 2967 1513 πῦρ
2991 1442 3052 1494 τὸ
3080 1440 3481 1512 ἡτοιμασμένον
3503 1442 3651 1510 ύμῖν,
3687 1441 3826 1495 ἀλλά
3865 1442 3942 1496 Τό

2334 1528 2783 1599 ἡτοιμασμένον
2812 1524 2904 1591 τῷ
2948 1525 3225 1592 διαϐόλῳ.
3274 1524 3387 1593 Τὴν
3451 1525 3549 1595 μὲν
3606 1526 3717 1597 γὰρ
3778 1525 3940 1595 βασι-

2332 1612 2481 1665 λείαν
2535 1610 2845 1682 ἀνθρώποις
2901 1608 3176 1679 ήτοίμασα
3226 1605 3271 1670 ί,
3308 1608 3409 1679 τὴν
3458 1607 3515 1660 δὲ
3557 1608 3784 1676 γέενναν
3834 1608 3953 1661 ούκ-

2332 1696 2663 1767 ἀνθρώποις,
2693 1694 2878 1764 φησὶν,
2907 1692 3045 1745 ἀλλά
3072 1691 3150 1761 τῷ
3168 1690 3400 1760 διαϐόλῳ
3424 1692 3519 1743 καὶ
3543 1694 3656 1754 τοῖς
3683 1691 3943 1761 ἀγγέλοις

2332 1782 2447 1843 τοῖς
2478 1780 2688 1832 ἐκείνου
2738 1774 3148 1847 παρεσκεύασα.
3187 1776 3247 1828 Εί
3288 1774 3343 1826 δὲ
3374 1775 3532 1844 ὑμεῖς
3562 1774 3805 1827 τοιοῦτον
3842 1777 3942 1827 ἐπ·

2336 1860 2611 1925 εδείξασθε
2643 1860 2778 1931 βίον,
2817 1859 2893 1922 ὡς
2923 1857 3063 1921 ἄξιοι
3100 1856 3355 1926 γενέσθαι
3395 1859 3493 1927 τῆς
3534 1857 3811 1921 κολάσεως
3844 1858 3942 1911 καί

2334 1945 2435 2015 τῆς
2459 1943 2753 2015 τιμωρίας,
2787 1944 3000 2005 ἑαυτοῖς
3044 1942 3109 1995 ἂν
3142 1941 3289 2009 είητε
3316 1941 3473 2007 τοῦτο
3516 1940 3827 2009 λογίζεσθαι
3853 1942 3939 1994 δίς

2332 2044 2501 2081 καιοι.
2532 2028 2643 2079 Καὶ
2678 2027 2869 2079 σκόπει
2898 2025 2962 2077 τὸ
2991 2025 3130 2095 πρὸς
3162 2024 3570 2094 φιλανθρωπίαν
3602 2026 3937 2095 ἐπιρρεπές·

2332 2109 2485 2163 οὔπω
2530 2111 2641 2179 γὰρ
2682 2110 2791 2162 τῶν
2837 2107 3157 2176 ἀγωνιστῶν
3201 2108 3530 2176 γενομένων,
3574 2110 3624 2161 οἱ
3674 2110 3939 2177 στέφανοι

2334 2192 2889 2265 προητοιμάσθησαν,
2936 2192 3032 2243 καὶ
3082 2190 3150 2243 τά
3200 2190 3431 2260 βραϐεῖα
3478 2192 3940 2261 προπαρεσκευά-

2333 2278 2561 2348 σθησαν.
2616 2274 3133 2343 κληρονομήσατε
3189 2272 3320 2344 γὰρ,
3376 2274 3531 2342 φησὶ,
3600 2272 3714 2340 τὴν
3752 2273 3942 2337 ,ϐασι⁹

2331 2363 2508 2422 λείαν
2560 2358 2677 2426 τὴν
2728 2356 3184 2426 ἡτοιμασμένην
3227 2356 3371 2422 ὑμῖν
3424 2356 3539 2423 πρὸ
3592 2354 3941 2424 καταϐολῆς

2332 2446 2587 2512 κόσμου.
2618 2442 2727 2495 Καὶ
2756 2430 2849 2492 έπῖ
2888 2440 2989 2509 τῆς
3022 2438 3336 2510 παραϐολῆς
3384 2439 3443 2492 δὲ
3489 2437 3597 2492 τῶν
3633 2439 3765 2492 δέκα
3797 2455 3942 2507 παρ-

2333 2532 2501 2585 θένων
2542 2530 2603 2584 τὸ
2649 2529 2891 2583 τοιοῦτον
2942 2528 3038 2581 ίδοι
3093 2545 3179 2591 τις
3221 2529 3320 2582 ἀν·
3368 2527 3553 2599 ἐπειδὴ
3592 2528 3701 2599 γὰρ
3743 2527 3938 2597 ἔμελλε

2334 2615 2731 2685 παραγίνεσθαι
2779 2616 2807 2666 ό
2864 2613 3118 2683 νυμφίος,
3161 2612 3412 2681 λέγουσιν
3460 2613 3518 2664 αί
3583 2612 3766 2682 μωραὶ
3811 2613 3941 2674 ταῖς

2333 2701 2654 2773 φρονίμοις·
2700 2699 2844 2752 Δότε
2890 2696 3036 2765 ἡμῖν
3071 2694 3191 2750 ἀπὸ
3240 2695 3348 2750 τοῦ
3393 2695 3602 2750 ἐλαίου
3647 2692 3839 2763 ὑμῶν.
3869 2695 3939 2748 Al

2330 2784 2399 2837 δὲ
2451 2784 2602 2850 πρὸς
2636 2783 2855 2846 αὐτός’
2896 2779 3147 2847 Μήποτε
3204 2781 3316 2833 οὐκ
3364 2780 3596 2847 ἀρκέσῃ
3630 2778 3781 2848 ἡμῖν
3833 2777 3939 2832 καί

2331 2866 2501 2936 ὑμῖν·
2532 2867 2593 2918 ού
2611 2865 2748 2937 περὶ
2778 2865 2960 2920 ἐλαίου
2987 2864 3223 2918 ἐνταῦθα
3251 2866 3346 2917 καὶ
3374 2865 3544 2934 πυρὸς
3570 2862 3935 2933 διαλεγομένη

2331 2954 2363 3020 ή
2402 2951 2624 3021 Γραφὴ,
2680 2949 2816 3002 ἀλλά
2848 2951 2976 3020 περὶ
3023 2948 3326 3020 παρθενίας
3368 2949 3463 3001 καὶ
3496 2945 3932 3016 φιλανθρωπίας,

2333 3034 2428 3086 καὶ
2458 3033 2554 3102 τὴν
2580 3034 2677 3102 μὲν
2702 3032 3001 3103 παρθενίαν
3033 3035 3090 3086 ἐν
3110 3032 3261 3098 τάξει
3283 3031 3475 3102 πυρὸς,
3496 3032 3596 3101 τὴν
3623 3028 3679 3081 δέ
3702 3029 3935 3099 ἐλεημοο

2335 3115 2501 3186 σύνην
2541 3118 2599 3169 ἐν
2632 3114 2782 3179 τάξει
2814 3114 2997 3169 ἐλαίου
3032 3115 3250 3185 τίθησι,
3298 3112 3556 3185 δεικνῦσα
3607 3113 3688 3165 ὅτι
3724 3111 3936 3180 σφόδρα

2332 3199 2505 3251 δεῖται
2537 3197 3014 3269 φιλανθρωπίας-η
3064 3197 3368 3268 παρθενία,
3415 3196 3512 3249 καὶ
3560 3198 3687 3249 ἀνευ
3727 3193 3932 3264 ταύτης

2338 3282 2579 3351 σωθῆναι
2614 3284 2715 3334 οὐκ
2760 3281 2860 3334 ἔνι.
2898 3282 3071 3343 Τίνες
3100 3282 3171 3333 δὲ
3204 3283 3252 3333 οἱ
3305 3281 3365 3332 τὸ
3399 3279 3575 3331 ἔλαιον
3622 3276 3780 3329 τοῦτο
3816 3293 3937 3328 πω-

2333 3362 2587 3429 λοῦντες;
2632 3364 2789 3427 Τίνες
2845 3364 2996 3417 ἄλλοι
3048 3363 3163 3417 ἀλλ’
3213 3363 3245 3434 ἢ
3296 3364 3346 3415 οί
3400 3362 3667 3431 πένητες;
3711 3360 3774 3411 οὐ
3822 3358 3931 3427 γάρ

2333 3447 2674 3517 λαμϐάνουσι
2728 3447 2931 3518 μᾶλλον
2984 3448 3017 3517 ἦ
3069 3446 3295 3499 διδόασι.
3346 3445 3437 3515 Μὴ
3484 3444 3549 3513 δὴ
3604 3443 3795 3513 νόμιζε
3833 3444 3932 3510 τὴν

2334 3529 2706 3599 ἐλεημοσύνην
2752 3531 3017 3599 ἀνάλωμα
3061 3526 3235 3591 εἶναι,
3277 3527 3415 3581 ἀλλά
3460 3526 3740 3599 πρόσοδον,
3796 3525 3933 3595 μηδὲ

2336 3612 2489 3684 [516]
2536 3613 2813 3684 δατςάνηπί,
2856 3608 2992 3665 ἀλλά
3040 3611 3457 3684 πραγματείαν·
3497 3609 3722 3681 μείζονα
3765 3609 3878 3681 γὰρ
3908 3612 3934 3649 ε

2334 3697 2631 3767 λαμϐάνεις
2662 3698 2693 3767 ἣ
2723 3692 2901 3761 δίδως.
2929 3696 3100 3758 Δίδως
3129 3697 3312 3763 ἄρτον,
3336 3695 3431 3747 καὶ
3457 3693 3758 3764 λαμϐάνεις
3784 3692 3933 3763 ζωὴν

2335 3780 2580 3833 αἰώνιον·
2628 3781 2785 3844 δίδως
2836 3780 3085 3851 ἱμάτιον,
3128 3780 3224 3831 καὶ
3272 3778 3572 3847 λαμϐάνεις
3620 3776 3930 3846 ἀφθαρσίας

2338 3863 2679 3934 περιϐόλαιον
2698 3881 2712 3892 ·
2754 3864 2913 3926 δίδως
2942 3863 3227 3916 κοινωνίαν
3262 3861 3481 3930 στέγης,
3505 3862 3601 3914 καὶ
3630 3860 3931 3929 λαμϐάνεις

2338 3946 2617 4016 βασιλείαν
2667 3946 2944 4017 οὐρανῶν·
2981 3947 3243 4015 παρέχεις
3293 3944 3363 3997 τά
3411 3942 3798 4011 ἀπολλύμενα,
3834 3946 3933 3997 καὶ

2333 4031 2461 4101 δέχῃ
2516 4030 2586 4082 τὰ
2629 4030 2894 4100 διηνεκῶς
2953 4031 3203 4099 μένοντα.
3259 4028 3370 4081 Καὶ
3425 4027 3542 4092 πῶς
3580 4028 3647 4081 ἂν
3692 4026 3932 4098 δύναμαι

2334 4114 2539 4175 ἐλεεῖν,
2573 4113 2763 4181 πένης,
2802 4113 2988 4183 φησὶν,
3034 4112 3142 4176 ῶνς

2404 4195 2658 4249 Μάλιστα
2721 4196 2848 4249 ὅταν
2910 4196 3080 4265 πένης
3133 4190 3231 4266 ᾗς,
3284 4195 3407 4248 τότε
3462 4194 3690 4247 δύνασαι
3734 4194 3925 4247 ἐλεεῖν.

2346 4280 2404 4331 Ὀ
2453 4279 2551 4348 μὲν
2606 4279 2714 4351 γὰρ
2771 4279 3015 4331 πλουτῶν
3078 4278 3291 4349 μεθύων
3347 4282 3414 4349 τῇ
3476 4278 3763 4348 περιουσία
3817 4277 3929 4329 τῶν

2334 4363 2671 4434 χρημάτων,
2727 4364 2821 4414 καὶ
2875 4363 3110 4432 πυρετὸν
3164 4360 3546 4431 χαλεπώτατον
3602 4362 3926 4431 πυρέττων,

2336 4446 2432 4499 καὶ
2480 4446 2777 4515 ἀκόρεστον
2839 4445 2979 4513 ἔχων
3044 4444 3259 4514 ἔρωτα,
3328 4444 3553 4497 πλείονα
3611 4446 3787 4496 ποιεῖν
3855 4444 3930 4495 τὰ

2335 4529 2469 4581 ὄντα
2534 4527 2821 4595 βούλεται·
2852 4532 2913 4591 λὸ
2960 4528 3016 4581 δὲ
3070 4528 3239 4597 πένης
3266 4527 3472 4597 ταύτης
3512 4526 3930 4597 ἀπηλλαγμένος

2336 4614 2433 4682 τῆς
2458 4612 2639 4672 νόσου,
2670 4613 2762 4665 καὶ
2786 4611 2887 4681 τῆς
2917 4612 3230 4683 ἀρρωστίας
3264 4610 3608 4681 καθαρεύων,
3634 4608 3930 4662 εὐκολώτε-

2342 4712 2431 4764 ρον
2466 4696 2529 4746 ὲκ
2562 4694 2671 4747 τῶν
2706 4694 2873 4747 όντων
2910 4697 3229 4766 προήσεται.
3276 4695 3351 4747 Οὐ
3392 4696 3502 4763 γὰρ
3531 4694 3599 4745 τά
3632 4694 3805 4764 μέτρα
3829 4694 3930 4755 1i;

2337 4777 2545 4839 οὐσίας,
2578 4777 2713 4829 ἀλλά
2742 4779 2810 4829 τὰ
2832 4779 3017 4849 μέτρα
3052 4779 3150 4849 τῆς
3178 4777 3405 4848 γνώμης
3432 4777 3529 4847 τὴν
3557 4776 3928 4847 ἐλεημοσύνην

2341 4860 2669 4931 ἐργάζεσθαι
2710 4862 3152 4930 πέφυκεν-,ἐπεὶ
3197 4862 3291 4915 καὶ
3337 4864 3369 4932 ή
3409 4863 3553 4932 χήρα
3595 4863 3775 4930 ἐκείνη
3805 4861 3931 4921 τότε

2339 4944 2432 4996 δύο
2464 4944 2764 4996 κατέϐαλεν
2797 4945 3037 5008 ὀϐολοὺς,
3073 4946 3165 4998 καὶ
3199 4947 3324 5008 τοὺς
3356 4946 3433 5015 τῷ
3470 4944 3684 5013 πλούτῳ
3716 4944 3931 5013 κομῶν-

2338 5044 2435 5091 τας
2458 5027 2879 5097 ύπερηκόντισε,
2906 5030 3000 5081 καὶ
3025 5031 3058 5099 ἡ
3081 5029 3245 5099 ἑτέρα
3269 5030 3415 5098 χήρα
3436 5030 3493 5081 ἐν
3516 5027 3675 5098 δρακὶ
3698 5027 3929 5096 ἀλεύρου

2342 5111 2435 5161 καὶ
2457 5109 2622 5181 ὀλίγῳ
2643 5111 2807 5181 ἐλαίῳ
2825 5112 2924 5181 τὴν
2945 5113 3300 5184 οὐρανομήκη
3325 5112 3498 5182 ψυχὴν
3520 5111 3735 5181 ἐκείνην
3754 5110 3930 5176 ἐξενο-

2341 5192 2535 5263 δόχησε
2558 5234 2572 5253 ,
2628 5194 2723 5246 καὶ
2762 5196 2991 5266 οὐδεμιᾷ
3037 5196 3245 5247 τούτων
3282 5197 3505 5263 γέγονεν
3540 5197 3573 5265 ή
3620 5196 3780 5247 πενία
3815 5192 3925 5247 κώ.

2342 5276 2508 5348 λυμα.
2538 5276 2629 5347 Μὴ
2658 5277 2720 5348 δὴ
2766 5278 3104 5349 προφασίζου
3146 5280 3374 5350 περιττά
3420 5279 3514 5333 καὶ
3556 5279 3820 5350 ἀνόνητα·
3866 5281 3931 5332 ού

2344 5361 2451 5431 γὰρ
2506 5363 2826 5432 περιουσίαν
2885 5365 3146 5433 εἰσφορᾶς
3205 5364 3460 5426 ἀπαιτεῖ,
3508 5362 3644 5415 ἀλλά
3704 5362 3933 5416 πλοῦτον

2344 5446 2719 5517 προαιρέσεως
2740 5466 2751 5476 ·
2780 5447 2839 5508 ὃς
2866 5448 2967 5500 ούκ
2995 5446 3103 5498 ἀπὸ
3131 5445 3223 5499 τοῦ
3252 5449 3451 5516 μέτρου
3472 5446 3581 5498 τῶν
3608 5446 3930 5517 δεδομένων,

2343 5528 2458 5582 ἀλλ’
2485 5529 2593 5582 ἀπὸ
2619 5529 2718 5599 τῆς
2741 5531 3051 5602 προθυμίας
3078 5531 3186 5584 τῶν
3214 5530 3560 5601 παρεχόντων
3582 5530 3857 5583 δείκνυται
3879 5528 3932 5583 δ.

2404 5673 2430 5738 ξ
2448 5672 2545 5738 Alii
2568 5674 2654 5729 τὴν
2676 5675 2855 5731 πολλὴν
2873 5677 2980 5738 περὶ
3001 5676 3057 5723 τὸ
3076 5677 3207 5737 γένος
3228 5678 3365 5738 ἡμῶν
3397 5674 3700 5737 κηδεμονίαν.

2410 5732 2433 5799 ς
2460 5734 2587 5781 'I‘res
2628 5750 2741 5782 max.
2772 5732 3049 5798 ἡτοίμασεν,
3080 5732 3128 5785 él
3163 5732 3273 5785 moi
3299 5740 3406 5799 ἀγγ.
3444 5732 3610 5786 αὐτοῦ.
3635 5740 3690 5786 Εἰ
3715 5739 3933 5797 δὲὺμεῖς.

2410 5796 2433 5862 ἕ
2461 5799 2679 5862 Qualunr
2701 5812 2814 5845 mss.
2841 5796 2984 5859 μέίζω
3007 5801 3111 5862 γάρ.

2412 5855 2438 5924 ξι
2462 5858 2579 5924 Hm;
2601 5867 2680 5905 est
2703 5855 2946 5924 scripinra
2968 5855 3154 5920 aliqimt
3188 5876 3303 5909 mss.
3336 5869 3387 5909 cl
3412 5859 3601 5912 Suvi‘ni.
3624 5876 3769 5924 quam
3800 5863 3938 5911 Μίδης

2352 5920 2692 5987 [el'gaiconiamte
2716 5921 3023 5987 pyzg'lulimus
3044 5926 3113 5971 sic
3138 5924 3337 5972 habenti
3482 5920 3821 5987 προαιρέσεως·
3853 5929 3939 5976 οὐκ

2349 5982 2445 6047 ἀπὸ
2478 5997 2520 6025 τ.
2538 5998 2598 6047 μ.
2626 5983 2720 6027 τῶν
2745 5985 3019 6043 διῖομένων,
3050 5987 3098 6032 ἀ.
3126 5987 3170 6033 ἐς,
3198 5993 3282 6043 τῆς
3318 5982 3584 6047 προθέσεως
3609 5982 3652 6032 τ’.
3678 6003 3727 6035 π.
3758 5988 3941 6037 δείκνυ-

2357 6046 2466 6091 σθαι
2486 6044 2713 6103 πέφυκεν.
