4174 6336
228 415 353 473 769

230 549 367 605 qua:
390 546 521 588 vero
551 538 678 587 sunt
700 527 863 584 hodie
897 524 1147 591 dicenda,
1179 536 1279 578 nos
1308 520 1460 575 vobis
1490 517 1752 605 dicemus,
1781 518 1838 566 et

234 604 625 693 objectionem,
654 634 815 690 quam
849 615 1084 671 haeretici
1115 613 1269 668 nobis
1295 614 1590 678 opponunt,
1637 604 1691 658 in
1722 616 1835 656 me-

232 713 393 768 dium
421 710 775 784 proferemus.
801 708 1060 777 Quaenam
1083 704 1243 775 igitur
1264 701 1351 755 illa
1377 698 1497 755 est?
1517 696 1649 765 Quia
1671 707 1844 762 nuper

235 801 315 857 de
348 802 602 873 unigeniti
644 808 912 869 potestate
956 793 1330 856 disseruimus,
1374 801 1601 858 eamque
1642 784 1837 849 Patris,

236 910 275 949 a
305 910 416 967 quo
436 895 645 965 genitus
675 902 780 955 est,
812 888 1063 962 potestati
1094 900 1273 957 parem
1306 897 1427 938 esse
1449 875 1841 935 demonstravi-

235 1003 390 1053 mus,
411 995 466 1042 et
490 987 544 1040 in
585 1000 704 1041 eam
734 1000 849 1039 rem
893 993 1171 1035 sermones
1203 975 1400 1030 multos
1441 969 1836 1040 impendimus:

237 1077 347 1132 his
363 1078 437 1133 illi
477 1076 706 1148 perculsi
748 1074 903 1128 dictis
944 1068 1306 1139 evangelicam
1333 1078 1518 1119 vocem
1554 1059 1838 1131 quamdam

235 1170 377 1237 alio,
398 1178 554 1238 quam
583 1166 657 1221 illi
678 1165 1036 1231 suspicantur,
1062 1158 1223 1213 modo
1248 1158 1443 1211 dictam
1471 1150 1708 1208 vicissim
1746 1164 1842 1203 no-

237 1259 332 1314 bis
360 1258 691 1329 objecerunt.
720 1256 897 1324 Atque
926 1252 1185 1320 scriptum
1214 1258 1317 1313 est,
1352 1245 1615 1315 inquiunt,
1650 1240 1841 1296 Sedere

233 1360 416 1403 autem
442 1348 509 1402 ad
528 1348 788 1402 dexteram
814 1360 977 1398 meant
1004 1353 1047 1397 et
1075 1343 1142 1395 ad
1171 1341 1430 1402 sinistram
1458 1351 1558 1389 non
1579 1342 1650 1387 est
1676 1347 1841 1385 meum

234 1441 389 1501 dare,
404 1439 493 1493 sed
510 1437 690 1507 quibus
707 1445 941 1506 paratum
958 1444 1030 1487 est
1049 1450 1082 1485 a
1103 1430 1257 1485 Patre
1277 1446 1385 1482 meo
1402 1426 1592 1499 (Matth
1601 1423 1709 1479 .20.
1722 1422 1836 1490 25).

318 1530 401 1584 Ad
421 1528 747 1597 objectionem
770 1525 1140 1580 Haereticorum
1170 1520 1450 1591 responsio.
1476 1546 1548 1557 â€”
1575 1516 1687 1585 Ego
1712 1528 1841 1568 vero

235 1620 393 1691 quod
415 1635 628 1691 semper
656 1618 931 1674 caritatem
962 1626 1194 1671 vestram
1226 1614 1432 1677 hortor,
1462 1609 1515 1664 id
1554 1608 1716 1663 etiam
1746 1606 1843 1659 ho-

234 1714 334 1767 die
365 1727 556 1766 moneo
582 1710 928 1778 consuloque,
959 1723 1028 1762 ne
1057 1705 1374 1775 simpliciter
1408 1703 1594 1756 literas
1622 1714 1842 1769 percur-

234 1805 401 1863 ratis,
424 1804 517 1857 sed
540 1817 730 1857 sensus
752 1800 1116 1870 investigetis:
1149 1798 1193 1851 si
1216 1793 1336 1867 quis
1356 1794 1500 1849 enim
1530 1789 1844 1860 simpliciter

234 1895 428 1951 verbis
469 1895 747 1958 inbzereat,
776 1908 948 1963 neque
976 1899 1170 1962 praztcr
1197 1903 1281 1955 ea,
1311 1902 1429 1957 quae
1459 1886 1655 1954 scripta
1697 1892 1840 1948 sunt,

234 1986 536 2057 quidquam
575 1985 843 2055 exquirat,
888 1984 939 2037 in
988 1982 1172 2036 multis
1202 1981 1427 2034 enabit.
1454 1977 1587 2031 Nam
1634 1984 1687 2030 et
1732 1975 1844 2029 alas

235 2080 448 2133 habere
469 2079 633 2132 Deum
656 2076 943 2147 Scriptura:
963 2075 1168 2140 dicunt,
1192 2073 1269 2129 sic
1291 2073 1539 2143 loquente
1563 2068 1841 2138 prOpheta,

233 2170 314 2224 In
347 2172 560 2241 tegmine
582 2170 785 2223 alarum
823 2180 1027 2221 tuarum
1068 2174 1273 2236 protege
1320 2180 1399 2217 me
1424 2161 1576 2233 (Psal
1627 2160 1714 2214 16.
1744 2161 1840 2226 8):

228 2276 347 2317 nec
394 2272 567 2315 tamen
606 2260 806 2319 idcirco
852 2258 1095 2313 dicemus
1136 2256 1331 2309 alatam
1379 2267 1499 2308 esse
1546 2250 1843 2320 spiritalem

232 2352 395 2406 illam
423 2359 476 2406 et
505 2351 864 2417 immortalem
892 2348 1203 2403 essentiam.
1235 2346 1290 2400 Si
1329 2346 1476 2400 enim
1505 2343 1573 2398 de
1605 2342 1841 2397 homini-

232 2443 349 2496 bus
378 2443 478 2495 hoc
512 2440 616 2495 dici
646 2440 852 2508 nequit,
895 2438 1067 2493 multo
1091 2438 1269 2490 minus
1297 2435 1365 2490 de
1393 2436 1702 2502 incorrupta
1734 2433 1843 2497 illa,

228 2513 521 2597 invisibili,
551 2542 605 2587 et
634 2528 1168 2599 incomprehensibili
1193 2536 1403 2581 natura.
1428 2524 1564 2593 Quid
1590 2538 1721 2593 ergo
1752 2538 1847 2592 per

230 2624 365 2679 alas
392 2623 611 2693 intelligi
641 2637 670 2676 a
697 2622 853 2675 nobis
884 2636 981 2691 par
1008 2619 1136 2674 est?
1165 2618 1548 2680 Securitatem,
1579 2627 1841 2677 tutamen,

228 2717 527 2783 auxilium,
562 2715 785 2770 subsidii
816 2714 981 2768 robur
1012 2713 1292 2767 invictum.
1320 2710 1524 2764 Rursus
1560 2726 1681 2763 eum
1721 2707 1845 2761 dor-

230 2809 389 2864 snire
430 2816 694 2861 testantur
720 2805 1037 2874 Scriptura,
1069 2803 1196 2857 dum
1227 2803 1297 2855 ita
1336 2801 1560 2855 dicunt:
1590 2798 1841 2868 Exsurge,

228 2914 408 2971 quare
447 2898 724 2969 obdormis,
749 2895 965 2949 Domine
995 2894 1168 2965 (Psal.
1196 2894 1286 2948 45.
1315 2892 1450 2962 23)?
1492 2907 1597 2944 non
1636 2902 1693 2944 ut
1722 2891 1847 2944 dor-

231 2989 389 3043 mire
430 2987 593 3042 Deum
624 2987 959 3055 suspicemur
986 3003 999 3037 :
1034 2985 1084 3038 id
1116 2984 1259 3038 enim
1290 2991 1435 3036 esset
1472 2989 1727 3035 extremte
1754 2980 1848 3033 de-

232 3077 494 3134 mentiae:
514 3078 609 3131 sed
630 3076 805 3131 somni
834 3075 1053 3130 nomine
1080 3073 1534 3144 longanimitatem
1558 3083 1609 3125 et
1642 3070 1848 3140 patien-

236 3171 381 3224 liam
410 3170 562 3225 nobis
588 3170 896 3238 exprimunt
933 3185 947 3221 :
982 3168 1119 3221 alius
1144 3174 1323 3221 autetn
1359 3167 1638 3235 propheta,
1675 3164 1844 3217 Num-

234 3261 377 3333 quid
404 3267 521 3327 eris,
553 3262 742 3331 inquit,
769 3260 916 3329 quasi
948 3262 1096 3313 homo
1116 3259 1370 3313 dormiens
1403 3256 1615 3328 (Jercm.
1647 3254 1848 3327 14.9)?

242 3354 419 3409 Vides
482 3354 647 3408 multa
716 3353 871 3407 nobis
940 3367 1077 3421 epus
1133 3365 1257 3407 esse
1328 3349 1650 3419 prudentia,
1719 3349 1844 3401 clum

236 3445 542 3514 Scriptura:
609 3444 887 3499 thesauros
958 3443 1396 3513 perserutamur?
1447 3441 1506 3501 Si
1560 3442 1701 3494 enim
1767 3440 1847 3492 le-

247 3540 399 3591 viter
449 3551 510 3591 ac
568 3549 770 3592 temere
823 3546 878 3591 et
914 3550 1129 3606 quoquo
1187 3535 1386 3599 modo,
1443 3550 1562 3603 quae
1602 3534 1849 3588 dicuntur

239 3627 567 3692 audiamus,
627 3644 736 3682 non
791 3629 881 3683 illa
935 3636 1140 3681 tantum
1209 3637 1501 3694 sequentur
1573 3626 1845 3691 absurda,

242 3720 350 3775 sed
400 3730 451 3774 et
479 3736 649 3789 pugna
694 3737 799 3774 non
830 3720 1117 3775 mediocris
1157 3719 1210 3773 in
1251 3720 1337 3785 iis,
1368 3735 1488 3788 quae
1517 3718 1658 3773 dicta
1700 3729 1845 3783 sunt,

255 3812 562 3882 apparebit.
593 3812 727 3866 Nam
756 3812 846 3866 ille
876 3811 1089 3882 quidem
1120 3811 1294 3880 ipsum
1321 3810 1555 3865 dormire
1579 3810 1730 3874 dicit,
1761 3809 1849 3865 hic

237 3918 390 3959 vero
413 3918 515 3957 non
541 3902 798 3968 dormire,
830 3903 922 3957 sed
944 3910 1230 3971 utrumque
1248 3917 1435 3955 verum
1459 3912 1557 3967 est,
1589 3903 1632 3963 si
1656 3916 1871 3955 come--

239 3995 424 4051 nienti
464 4008 620 4049 sensu
649 3995 903 4063 accipias.
930 3995 1033 4060 Qui
1062 3993 1204 4048 enim
1232 3993 1405 4061 ipsum
1435 3993 1669 4047 dormire
1694 3994 1846 4057 dicit,

240 4100 520 4139 summam
533 4085 647 4153 ejus
662 4084 1120 4153 longanimitatem
1133 4082 1377 4152 designat
1399 4099 1413 4135 :
1438 4084 1525 4152 qui
1545 4098 1675 4137 vero
1692 4092 1852 4152 negat

239 4176 516 4242 dormire,
548 4184 755 4230 natum
778 4175 932 4229 nobis
952 4174 1411 4228 immortalitatem
1431 4174 1686 4228 declarat.
1716 4171 1850 4227 Cum

245 4268 422 4337 igitur
449 4266 609 4320 multa
638 4266 791 4321 nobis
822 4265 1102 4335 prudentia
1132 4266 1202 4327 sit
1226 4280 1379 4333 opus,
1412 4281 1480 4319 ne
1532 4277 1733 4320 temere
1772 4266 1851 4319 di-

241 4368 408 4413 ctum
430 4358 565 4412 istud
592 4360 936 4427 accipiamus,
960 4356 1081 4410 Non
1111 4368 1185 4410 est
1216 4375 1381 4411 meum
1403 4359 1547 4422 dare,
1569 4359 1657 4412 sed
1675 4360 1853 4430 quibus

246 4458 495 4519 paratum
518 4460 589 4503 est
608 4466 640 4503 a
660 4448 817 4503 Patre
831 4447 1274 4521 meo(Matth.20.
1298 4449 1392 4521 25)
1416 4466 1431 4504 :
1456 4466 1560 4504 non
1585 4451 1726 4506 enim
1751 4451 1853 4505 hoc

248 4547 577 4609 potestatem
605 4538 721 4609 ejus
754 4538 911 4604 tollit,
947 4554 1121 4608 neque
1158 4541 1533 4595 auctoritatem
1565 4541 1850 4608 imminuit,

245 4632 354 4686 sed
401 4632 616 4685 multam
642 4631 1078 4697 sollicitudinem,
1108 4632 1451 4700 sapientiam,
1484 4642 1539 4687 et
1565 4649 1706 4698 eam,
1747 4650 1851 4703 qua

246 4722 446 4793 generi
491 4708 678 4778 nostro
721 4722 984 4789 consulit,
1037 4723 1428 4792 providentiam
1474 4710 1732 4779 ostendit.
1789 4726 1855 4780 Ut

248 4815 408 4868 cuitu
452 4816 588 4869 scias
616 4815 668 4869 in
695 4815 814 4884 ejus
856 4823 1123 4884 potestate
1163 4816 1323 4869 situm
1354 4831 1496 4877 esse,
1541 4827 1598 4871 ut
1638 4834 1851 4887 poenam

252 4909 481 4976 inferat,
504 4912 589 4964 vel
617 4910 877 4964 honorem
904 4910 1195 4978 impertiat.
1219 4911 1339 4965 audi
1362 4912 1489 4981 quid
1522 4912 1609 4966 ille
1634 4914 1750 4981 ipse
1776 4914 1857 4966 di-

250 5011 371 5065 cat,
408 5002 557 5071 cujus
585 5004 743 5055 verba
773 5012 1085 5069 tractamus,
1117 4999 1245 5057 Cum
1271 5004 1456 5056 venerit
1487 5002 1536 5055 F
1538 5004 1656 5057 ilius
1686 5004 1853 5057 homi-

249 5095 342 5149 nis
368 5094 425 5145 in
447 5092 608 5162 gloria
631 5093 791 5162 patris
822 5095 921 5157 sui,
944 5102 1125 5145 statuet
1145 5108 1257 5147 oves
1281 5111 1313 5146 a
1339 5093 1531 5147 dextris
1552 5103 1599 5147 et
1621 5096 1796 5149 laedas
1825 5114 1857 5150 a

252 5188 501 5249 sinistris,
543 5195 592 5240 et
626 5186 755 5239 dicet
784 5187 868 5252 iis,
891 5186 977 5257 qui
1000 5204 1030 5238 a
1055 5184 1249 5239 dextris
1277 5195 1443 5252 erunt,
1476 5185 1679 5247 Venite,
1703 5188 1853 5243 bene-

254 5278 391 5331 dicti
419 5278 576 5347 patris
599 5274 714 5348 mâ€˜el,
739 5277 988 5346 possidete
1011 5286 1246 5345 paratum
1272 5276 1408 5329 vobis
1433 5294 1645 5347 regnum
1671 5296 1703 5331 a
1728 5296 1854 5333 con-

251 5368 525 5424 stitutione
548 5369 745 5420 mundi.
772 5367 975 5421 Esurivi
1005 5369 1137 5420 enim
1164 5376 1211 5420 et
1241 5367 1449 5421 dedistis
1478 5368 1603 5421 mihi
1636 5372 1856 5423 mandu-

248 5477 382 5517 care
411 5476 431 5514 :
457 5461 587 5515 Îµá¼±Î¹á½·Î½á½·
616 5469 663 5513 et
703 5459 911 5513 dedistis
937 5459 1060 5511 mihi
1091 5458 1273 5512 bibere.
1307 5457 1384 5513 lis
1415 5469 1581 5514 autem
1607 5463 1695 5531 qui
1721 5479 1751 5514 a
1780 5464 1855 5516 si-

248 5554 438 5612 nistris
465 5562 631 5619 erant,
662 5553 811 5617 dicet,
841 5550 1092 5605 Discedite
1115 5568 1147 5604 a
1173 5567 1251 5605 me
1276 5552 1535 5605 maledicti
1570 5554 1624 5606 in
1663 5556 1850 5625 ignem,

246 5649 343 5714 qui
368 5657 581 5715 paratus
608 5653 679 5697 est
707 5641 909 5696 diabolo
939 5653 987 5696 et
1008 5643 1201 5713 angelis
1224 5640 1354 5712 eius.
1396 5642 1599 5698 Esurivi
1626 5647 1782 5713 enim,
1806 5658 1853 5701 et

188 5738 199 5743 â€œ
249 5757 360 5792 non
378 5734 593 5789 dedistis
614 5735 734 5788 mihi
758 5736 1065 5788 numducare
1088 5750 1106 5789 :
1128 5736 1281 5801 sitioi,
1308 5745 1355 5803 et
1376 5754 1475 5789 non
1497 5737 1707 5793 dedistis
1731 5738 1852 5794 mihi

248 5844 445 5907 potum
466 5847 485 5883 :
507 5832 688 5898 hospes
712 5845 871 5897 erant,
905 5838 950 5883 et
982 5846 1082 5883 non
1111 5830 1383 5902 cotlegistis
1410 5848 1488 5885 me
1511 5831 1725 5902 (Matth.
1758 5832 1848 5890 25.

926 411 1014 468 DE
1056 408 1279 467 PETIT.
1316 403 1568 465 FlLlOR.
1611 396 1957 466 ZEBEDJEI,
1995 394 2269 454 CONTRA
2312 394 2683 452 ANOMCEOS.
2726 394 2862 450 Vlll.

3434 397 3542 453 770

1950 511 2011 564 5|
2026 550 2039 564 .
2060 512 2220 581 sqq.).
2246 509 2407 566 Vides
2426 508 2725 565 absolutum
2739 508 3013 578 judicium,
3038 516 3092 561 et
3116 524 3222 578 quo
3242 519 3397 578 pacto
3415 525 3538 565 eum

1949 601 2153 657 tumore
2195 600 2412 666 afï¬ciat,
2462 611 2572 655 tum
2615 615 2827 669 poenam
2869 597 3064 654 inferat
3101 617 3114 653 :
3146 615 3269 654 cum
3310 614 3543 653 coronas

1947 693 2166 760 tribuat,
2208 703 2319 748 tum
2350 693 2610 763 supplicio
2638 693 2869 762 plectat;
2909 699 2964 746 et
2994 690 3092 745 hos
3115 690 3331 761 quidem
3361 692 3413 745 in
3450 706 3537 743 reâ€”

1944 798 2109 853 gnum
2141 784 2462 849 introducat,
2509 784 2627 838 illos
2665 792 2844 837 autem
2879 783 2931 836 in
2952 774 3257 852 gehennam
3285 782 3541 852 ableget?

2015 875 2070 929 2.
2112 876 2490 939 Animadverte
2534 884 2712 930 autem
2761 873 2864 928 hoc
2905 874 3066 929 etiam
3108 875 3249 939 loco,
3282 883 3537 943 quantam

1947 969 2035 1023 ille
2081 970 2246 1022 nostri
2278 970 2295 1001 á½·
2324 984 2506 1023 curam
2540 977 2689 1038 gerat
2720 985 2733 1021 :
2766 967 2893 1022 dum
2924 968 3067 1021 enim
3096 982 3189 1021 eos
3237 968 3539 1036 alloquere-

1948 1074 2054 1123 tur.
2085 1067 2171 1134 qui
2196 1080 2423 1119 coronas
2452 1064 2819 1135 accipiebant,
2850 1061 3044 1126 Venite,
3073 1064 3264 1134 inquit,
3294 1064 3543 1117 benedicti

1946 1154 2123 1209 Patris
2149 1156 2263 1208 mei.
2304 1154 2571 1225 Possidete
2600 1164 2835 1225 paratum
2863 1154 2998 1209 vobis
3024 1172 3236 1226 regnum
3262 1165 3383 1209 ante
3415 1171 3541 1208 conâ€”

1944 1234 2255 1301 stitutionem
2284 1247 2461 1301 mundi
2494 1264 2513 1301 :
2539 1248 2645 1302 illis
2672 1262 2802 1303 vero
2826 1248 2916 1318 qui
2946 1247 3208 1317 supplicio
3234 1245 3514 1301 afï¬cieban
3532 1278 3545 1287 Î¹

1947 1346 2033 1391 tur
2052 1353 2155 1391 non
2184 1338 2336 1402 dixit,
2367 1338 2625 1393 discedite
2648 1354 2679 1393 a
2706 1354 2790 1392 me
2812 1337 2864 1391 in
2898 1338 3070 1407 ignem
3102 1337 3190 1408 qui
3221 1345 3437 1406 paratus
3458 1320 3543 1391 est

1945 1429 2118 1494 vobis,
2153 1428 2269 1497 sed,
2305 1430 2403 1496 Qui
2432 1439 2645 1499 paratus
2668 1440 2740 1483 est
2769 1429 2993 1483 diabdto.
3021 1424 3153 1483 Nam
3182 1445 3404 1499 regnum
3426 1428 3546 1498 qui-

1946 1522 2068 1575 dem
2102 1522 2411 1576 hominibus
2436 1523 2614 1592 paravi
2642 1524 2686 1588 ',
2729 1521 3028 1592 gehennam
3078 1532 3257 1576 autem
3287 1538 3394 1576 non
3444 1522 3546 1577 ho-

1946 1614 2200 1679 minibus,
2226 1614 2419 1682 inquit,
2450 1614 2543 1668 sed
2585 1604 2802 1669 diabolo
2832 1623 2884 1669 et
2913 1613 3119 1684 angelis
3147 1614 3289 1669 illius
3315 1614 3498 1686 paravi
3526 1633 3541 1669 :

1945 1706 2088 1777 quod
2116 1708 2160 1759 si
2189 1722 2286 1760 vos
2310 1707 2468 1760 talem
2500 1708 2657 1759 vitam
2690 1707 3026 1773 exhibuistis,
3055 1717 3109 1759 ut
3138 1722 3294 1776 pmna
3322 1706 3470 1777 digni
3490 1715 3545 1762 et

1945 1797 2209 1866 supplicio
2240 1795 2467 1862 ï¬eretis,
2515 1796 2566 1849 id
2597 1796 2994 1864 Vobismetipsis
3040 1797 3304 1864 imputare
3350 1799 3544 1851 merito

1948 1889 2190 1960 potestis.
2238 1890 2317 1943 Ac
2354 1887 2499 1957 Ivide,
2545 1896 2739 1957 quanta
2784 1887 2853 1941 sit
2880 1888 2999 1957 ejus
3049 1888 3117 1942 ad
3161 1888 3542 1958 benignitatem

1948 1981 2271 2052 propensio;
2300 1997 2422 2035 cunt
2471 1981 2613 2035 enim
2646 1980 2883 2035 nondum
2915 1990 3099 2034 essent
3123 1980 3359 2046 athletav,
3407 1996 3547 2049 pra:-

1949 2080 2149 2141 parata:
2177 2082 2302 2126 sunt
2328 2086 2564 2133 coronas,
2589 2085 2652 2123 ac
2679 2070 2898 2140 praemia
2929 2069 3216 2124 destinata.
3253 2069 3395 2123 Nam
3425 2087 3547 2140 posâ€”

1948 2161 2124 2228 sidete,
2170 2161 2361 2231 inquit,
2391 2170 2626 2230 paratum
2652 2159 2789 2213 vobis
2819 2176 3030 2230 regnum
3074 2169 3193 2213 ante
3230 2159 3550 2213 constitutio-

1948 2270 2063 2308 nem
2087 2255 2264 2307 mundi
2303 2253 2521 2325 (Matth.
2550 2251 2642 2310 25.
2674 2254 2784 2324 54).
2812 2253 2881 2307 Î•Î¹
2912 2268 3044 2308 vero
3074 2253 3126 2307 in
3171 2253 3423 2323 parabola
3454 2253 3544 2307 tle-

1948 2358 2066 2398 cem
2095 2343 2357 2414 virginum
2397 2344 2537 2399 idem
2569 2360 2791 2399 cernere
2819 2344 2944 2399 licet
2968 2362 2981 2397 :
3022 2358 3143 2397 cum
3172 2344 3319 2398 enim
3348 2344 3545 2398 adven-

1950 2443 2101 2488 turus
2121 2444 2264 2490 esset
2310 2450 2563 2505 sponsus,
2597 2435 2779 2489 dicunt
2811 2434 3163 2503 prudentibus
3186 2434 3384 2489 fatuae:
3414 2432 3552 2488 Date

1948 2526 2090 2581 nobis
2119 2526 2182 2579 de
2230 2526 2340 2580 oleo
2380 2538 2544 2580 vestro
2590 2525 2767 2597 (Ibid.
2823 2530 2878 2581 8.
2929 2525 3047 2596 9):
3090 2525 3159 2580 ad
3205 2541 3338 2596 quas
3394 2526 3547 2581 illae:

1938 2615 2037 2689 (Ne
2070 2617 2202 2687 forte
2230 2635 2332 2671 non
2374 2618 2588 2689 sufï¬ciat
2635 2618 2778 2671 nobis
2806 2627 2853 2671 et
2880 2616 3018 2671 vobis
3052 2632 3071 2672 :
3116 2632 3223 2671 non
3250 2616 3319 2671 de
3344 2616 3467 2671 oleo
3494 2626 3551 2672 et

1951 2710 2072 2780 igne
2094 2712 2313 2765 disserit
2360 2711 2460 2765 hoc
2502 2711 2622 2765 loco
2660 2709 2959 2779 Scriptura,
2998 2709 3094 2765 sed
3129 2708 3198 2764 de
3241 2708 3550 2779 virginitate

1948 2812 2109 2871 atque
2137 2801 2507 2858 humanitate:
2539 2817 2603 2857 ac
2630 2802 2986 2872 virginitatem
3016 2801 3230 2871 quidem
3264 2801 3402 2871 ignis
3429 2801 3551 2856 loco

1951 2892 2132 2959 habet,
2181 2894 2579 2965 eleemosynam
2627 2904 2806 2948 autem
2836 2893 2942 2949 olei
2984 2893 3126 2956 loco,
3170 2892 3545 2964 signiï¬catque

1950 2985 2305 3054 virginitatem
2339 2985 2669 3039 humanitate
2709 2985 2934 3038 multum
2968 2984 3229 3055 indigere,
3263 3000 3439 3055 neque
3482 2984 3549 3038 li-

1950 3090 2075 3132 cere
2099 3078 2301 3147 absque
2341 3079 2427 3132 illa
2454 3079 2667 3132 salvari.
2697 3078 2923 3146 Quinam
2968 3088 3147 3133 autem
3179 3078 3252 3132 illi
3280 3089 3425 3144 sunt,
3459 3081 3548 3149 qui

1951 3168 2127 3222 oleum
2160 3169 2297 3222 istud
2343 3169 2619 3223 vendunt?
2646 3169 2878 3235 Quinam
2924 3170 3036 3236 alii,
3084 3169 3188 3223 nisi
3247 3171 3554 3239 pauperes?

1951 3255 2065 3312 Non
2115 3259 2257 3312 enim
2301 3260 2571 3329 accipiunt
2613 3261 2804 3328 potius,
2853 3274 3011 3329 quam
3052 3259 3203 3315 dant.
3249 3258 3329 3314 Ne
3369 3261 3554 3328 utique

1952 3362 2174 3401 censeas
2199 3349 2595 3419 eleemosynam
2624 3352 2924 3418 impensam
2973 3364 3115 3414 esse,
3170 3348 3266 3403 sed
3313 3364 3549 3419 proven-

1954 3450 2103 3506 tum;
2157 3456 2333 3509 neque
2379 3454 2675 3509 sumptum,
2705 3441 2800 3496 sed
2857 3442 3272 3512 negotiationem
3299 3460 3313 3496 :
3344 3442 3550 3512 majora

1952 3531 2150 3600 quippe
2173 3532 2390 3600 recipis,
2437 3547 2595 3601 quam
2627 3531 2721 3586 des
2749 3550 2761 3586 :
2789 3532 2887 3587 das
2913 3547 3127 3601 panem,
3157 3540 3214 3587 et
3260 3534 3453 3602 recipis
3474 3520 3562 3587 vi-A

1956 3634 2062 3676 tant
2089 3633 2383 3688 :eternam;
2415 3623 2513 3677 das
2542 3632 2770 3687 vestem,
2816 3632 2871 3678 et
2904 3623 3321 3677 immortalitatis
3354 3624 3555 3693 recipis

1955 3717 2361 3781 indumentum;
2394 3716 2490 3770 das
2518 3718 2641 3771 tecti
2672 3712 3132 3780 eommunioneâ€˜m,
3161 3725 3217 3771 et
3247 3717 3444 3785 recipis
3474 3733 3556 3772 re-

1954 3826 2115 3881 gnum
2146 3811 2435 3873 czelurum;
2471 3810 2678 3877 przcbes
2730 3826 2851 3878 quae
2890 3820 3137 3877 pereunt,
3171 3820 3225 3862 et
3263 3825 3385 3878 qua:
3426 3825 3555 3878 per-

1956 3910 2117 3971 petuo
2148 3909 2463 3970 permanent
2487 3900 2707 3968 accipis.
2746 3901 2816 3953 At
2840 3901 2984 3953 enim
3011 3916 3118 3968 quo
3152 3908 3317 3969 pacto
3335 3915 3555 3969 possunt

1954 3994 2350 4064 eleemosynam
2372 3992 2781 4059 impcrtiri,cum
2802 4005 3002 4059 pauper
3021 3990 3159 4045 sim?
3179 3991 3316 4047 dicet
3341 3994 3555 4062 aliquis.

2028 4084 2092 4139 In
2116 4085 2431 4153 eleemosyna
2449 4100 2548 4136 non
2568 4083 2688 4135 doni
2704 4083 3022 4153 magnitudo,
3045 4084 3135 4137 sed
3155 4085 3324 4138 dantis
3349 4088 3553 4139 animus

1956 4186 2233 4245 spectatur.
2251 4206 2324 4216 â€”
2344 4176 2573 4230 Maxime
2600 4190 2749 4241 vero,
2779 4191 2900 4230 cum
2926 4190 3128 4244 pauper
3149 4191 3229 4238 es.
3255 4187 3368 4231 tum
3403 4188 3557 4246 potes

1958 4270 2356 4341 eleemosynam
2398 4268 2658 4336 impertiri
2689 4269 2858 4321 rnam
2887 4267 2973 4320 ille
3002 4260 3241 4337 quidem,
3274 4269 3363 4338 qni
3404 4270 3557 4325 dives

1958 4370 2059 4424 est,
2103 4361 2448 4429 pecuniarum
2490 4360 2643 4428 copia
2676 4360 3021 4423 temulentus,
3066 4362 3380 4429 gravissima
3414 4361 3550 4415 febri

1958 4462 2257 4522 correptus,
2290 4436 2619 4506 insaturabili
2645 4465 2830 4505 amore
2857 4451 3069 4515 ductus,
3093 4451 3333 4508 fortunas
3358 4468 3561 4523 angere

1959 4544 2103 4597 vult:
2134 4556 2334 4612 pauper
2358 4551 2537 4597 autem
2566 4542 2633 4596 ab
2662 4542 2765 4596 hoc
2796 4543 2985 4598 morbo
3020 4543 3176 4606 liber.
3204 4553 3259 4597 et
3286 4546 3559 4614 aegritudi-

1962 4635 2043 4688 nis
2068 4648 2259 4703 expers
2289 4632 2494 4688 facilius
2518 4649 2584 4687 ex
2613 4633 2767 4687 bonis
2805 4633 2916 4686 suis
2955 4633 3210 4703 largietur
3234 4652 3246 4688 :
3278 4651 3385 4688 non
3414 4638 3557 4691 cnim

1962 4744 2058 4797 pro
2087 4728 2396 4781 substantiae
2448 4740 2719 4791 mensura,
2755 4724 2848 4779 sed
2878 4734 2991 4799 â€˜pro
3036 4726 3213 4796 animi,
3242 4729 3561 4797 consiliique

1962 4834 2235 4883 mensura,
2266 4817 2404 4871 solet
2433 4819 2789 4886 eleemosyna:
2836 4816 3027 4870 modus
3055 4818 3365 4889 praescribi:
3390 4834 3559 4889 quanâ€”

1961 4910 2247 4980 doquidem
2276 4919 2329 4964 et
2356 4909 2441 4963 illa
2464 4909 2617 4961 vidua
2652 4918 2760 4961 tum
2792 4908 2925 4961 duos
2951 4908 3142 4962 obolos
3172 4910 3333 4971 misit,
3358 4921 3413 4963 et
3442 4913 3560 4965 illus

1962 5004 2049 5073 qui
2089 5004 2281 5072 Opibus
2305 5002 2748 5057 circumï¬‚uebant
2776 5003 3069 5070 superavit.
3110 5011 3168 5056 et
3203 5003 3368 5056 altera
3401 5006 3557 5057 vidua

1960 5112 2082 5149 cum
2110 5095 2293 5149 farinae
2324 5096 2597 5164 pugillum,
2638 5104 2694 5149 et
2735 5093 2839 5148 olei
2873 5093 3141 5163 paululmn
3178 5094 3413 5156 hab-â€˜ret.
3444 5098 3560 5150 sni-

1965 5205 2104 5243 mam
2138 5189 2279 5242 illam
2322 5188 2388 5242 ad
2413 5188 2599 5241 emtum
2634 5187 3023 5257 pertingentem
3052 5184 3286 5255 hospitio
3323 5188 3558 5257 excepit,

1964 5290 2018 5335 et
2040 5281 2212 5336 neutri
2234 5281 2453 5333 istarum
2482 5288 2690 5349 egestas
2708 5277 3092 5347 impedimento
3119 5276 3216 5332 fuit
3246 5276 3437 5346 (Marc.
3470 5278 3557 5331 Î·.

1963 5374 2077 5443 42).
2111 5372 2230 5427 Noli
2258 5370 2439 5441 utique
2459 5369 2755 5441 superfluas
2773 5379 2827 5425 et
2852 5370 3066 5425 inutiles
3091 5372 3466 5426 excusationes
3483 5374 3564 5426 sf.

1963 5463 2138 5519 ferre:
2165 5479 2271 5517 non
2301 5464 2442 5518 enim
2468 5462 2767 5517 collationis
2794 5462 3196 5529 abundantiam,
3227 5464 3321 5517 sed
3350 5464 3561 5519 divitias

1964 5555 2252 5609 voluntatis
2284 5554 2542 5624 requirit;
2566 5568 2671 5607 non
2698 5568 2761 5607 ex
2790 5568 2974 5608 eorum
2999 5569 3247 5609 mensura
3275 5570 3393 5624 qua:
3422 5556 3560 5610 dan-

1965 5658 2069 5712 tur,
2114 5646 2207 5701 sed
2242 5661 2307 5701 ex
2337 5660 2522 5700 eorum
2551 5644 2827 5715 proposito
2856 5644 2947 5715 qtti
2979 5645 3293 5716 largiuntur,
3322 5646 3561 5701 eleemo-

2028 5784 2044 5847 Î¾
2082 5780 2187 5839 Alii,
2211 5777 2401 5841 generis
2418 5776 2587 5847 nostri.
2728 5838 2737 5847 .

2025 5846 2046 5877 Â¹
2080 5852 2199 5894 ï¬es
2222 5842 2548 5908 manuscripti,
2571 5842 2777 5903 pararit.
