  <div class='ocr_page' id='page_1' title='image "/cluster/home/n/w/nwhite01/storage/ocr_20150623/48/pst.000005712458/257.png"; bbox 0 0 4186 6326; ppageno 0'>
   <div class='ocr_carea' id='block_1_1' title="bbox 662 341 3203 407">
    <p class='ocr_par' dir='ltr' id='par_1_1' title="bbox 662 341 3203 407">
     <span class='ocr_line' id='line_1_1' title="bbox 662 341 3203 407; baseline -0.003 0"><span class='ocrx_word' id='word_1_1' title='bbox 662 352 757 407; x_wconf 77' lang='grc'>771</span> <span class='ocrx_word' id='word_1_2' title='bbox 1374 345 1431 402; x_wconf 88' lang='lat' dir='ltr'><strong>S.</strong></span> <span class='ocrx_word' id='word_1_3' title='bbox 1471 344 1750 402; x_wconf 79' lang='lat' dir='ltr'><strong>JOANNIS</strong></span> <span class='ocrx_word' id='word_1_4' title='bbox 1788 341 2260 400; x_wconf 76' lang='lat' dir='ltr'><strong>CHRYSOSTOMI</strong></span> <span class='ocrx_word' id='word_1_5' title='bbox 2301 341 2624 400; x_wconf 77' lang='lat' dir='ltr'><strong>ARCHIEP.</strong></span> <span class='ocrx_word' id='word_1_6' title='bbox 2663 342 3203 403; x_wconf 73' lang='lat' dir='ltr'><strong>CONSTANTINOP.</strong></span> 
     </span>
    </p>
   </div>
   <div class='ocr_carea' id='block_1_2' title="bbox 662 455 2251 530">
    <p class='ocr_par' dir='ltr' id='par_1_2' title="bbox 662 455 2251 530">
     <span class='ocr_line' id='line_1_2' title="bbox 662 455 2251 530; baseline -0.006 -12"><span class='ocrx_word' id='word_1_7' title='bbox 662 477 795 530; x_wconf 80' lang='lat' dir='ltr'><strong>syna</strong></span> <span class='ocrx_word' id='word_1_8' title='bbox 820 461 954 517; x_wconf 87' lang='lat' dir='ltr'><strong>solet</strong></span> <span class='ocrx_word' id='word_1_9' title='bbox 981 458 1239 513; x_wconf 81' lang='lat' dir='ltr'><strong>exhiberi.</strong></span> <span class='ocrx_word' id='word_1_10' title='bbox 1273 458 1477 527; x_wconf 78' lang='lat' dir='ltr'><strong>Pauper</strong></span> <span class='ocrx_word' id='word_1_11' title='bbox 1497 475 1575 524; x_wconf 91' lang='lat' dir='ltr'><strong>es,</strong></span> <span class='ocrx_word' id='word_1_12' title='bbox 1606 468 1656 513; x_wconf 90' lang='lat' dir='ltr'><strong>et</strong></span> <span class='ocrx_word' id='word_1_13' title='bbox 1683 459 1921 512; x_wconf 89' lang='lat' dir='ltr'><strong>omnium</strong></span> <span class='ocrx_word' id='word_1_14' title='bbox 1948 455 2251 512; x_wconf 86' lang='lat' dir='ltr'><strong>mortalium</strong></span> 
     </span>
    </p>
   </div>
   <div class='ocr_carea' id='block_1_3' title="bbox 667 548 2255 627">
    <p class='ocr_par' dir='ltr' id='par_1_3' title="bbox 667 548 2255 627">
     <span class='ocr_line' id='line_1_3' title="bbox 667 548 2255 627; baseline -0.006 -18"><span class='ocrx_word' id='word_1_15' title='bbox 667 553 1053 627; x_wconf 81' lang='lat' dir='ltr'><strong>pauperrimus,</strong></span> <span class='ocrx_word' id='word_1_16' title='bbox 1088 559 1142 604; x_wconf 90' lang='lat' dir='ltr'><strong>at</strong></span> <span class='ocrx_word' id='word_1_17' title='bbox 1168 551 1251 604; x_wconf 89' lang='lat' dir='ltr'><strong>illa</strong></span> <span class='ocrx_word' id='word_1_18' title='bbox 1282 550 1438 603; x_wconf 81' lang='lat' dir='ltr'><strong>vidua</strong></span> <span class='ocrx_word' id='word_1_19' title='bbox 1471 566 1575 603; x_wconf 92' lang='lat' dir='ltr'><strong>non</strong></span> <span class='ocrx_word' id='word_1_20' title='bbox 1611 551 1884 619; x_wconf 86' lang='lat' dir='ltr'><strong>egentior:</strong></span> <span class='ocrx_word' id='word_1_21' title='bbox 1914 563 2034 619; x_wconf 71' lang='lat' dir='ltr'><strong>qua:</strong></span> <span class='ocrx_word' id='word_1_22' title='bbox 2063 548 2255 600; x_wconf 84' lang='lat' dir='ltr'><strong>divites</strong></span> 
     </span>
    </p>
   </div>
   <div class='ocr_carea' id='block_1_4' title="bbox 662 638 2254 719">
    <p class='ocr_par' dir='ltr' id='par_1_4' title="bbox 662 638 2254 719">
     <span class='ocr_line' id='line_1_4' title="bbox 662 638 2254 719; baseline -0.005 -20"><span class='ocrx_word' id='word_1_23' title='bbox 662 647 821 715; x_wconf 90' lang='lat' dir='ltr'><strong>longo</strong></span> <span class='ocrx_word' id='word_1_24' title='bbox 844 644 1128 697; x_wconf 83' lang='lat' dir='ltr'><strong>intervallo</strong></span> <span class='ocrx_word' id='word_1_25' title='bbox 1154 642 1452 710; x_wconf 85' lang='lat' dir='ltr'><strong>superavit;</strong></span> <span class='ocrx_word' id='word_1_26' title='bbox 1474 639 1566 695; x_wconf 90' lang='lat' dir='ltr'><strong>sed</strong></span> <span class='ocrx_word' id='word_1_27' title='bbox 1586 642 1696 709; x_wconf 88' lang='lat' dir='ltr'><strong>ipsa</strong></span> <span class='ocrx_word' id='word_1_28' title='bbox 1726 642 1814 694; x_wconf 92' lang='lat' dir='ltr'><strong>tibi</strong></span> <span class='ocrx_word' id='word_1_29' title='bbox 1840 638 2136 719; x_wconf 89' lang='lat' dir='ltr'><strong>necessaria</strong></span> <span class='ocrx_word' id='word_1_30' title='bbox 2154 638 2254 692; x_wconf 81' lang='lat' dir='ltr'><strong>de-</strong></span> 
     </span>
    </p>
   </div>
   <div class='ocr_carea' id='block_1_5' title="bbox 662 732 2249 804">
    <p class='ocr_par' dir='ltr' id='par_1_5' title="bbox 662 732 2249 804">
     <span class='ocr_line' id='line_1_5' title="bbox 662 732 2249 804; baseline -0.003 -15"><span class='ocrx_word' id='word_1_31' title='bbox 662 746 787 790; x_wconf 90' lang='lat' dir='ltr'><strong>sunt</strong></span> <span class='ocrx_word' id='word_1_32' title='bbox 811 736 1098 790; x_wconf 82' lang='lat' dir='ltr'><strong>alimenta?</strong></span> <span class='ocrx_word' id='word_1_33' title='bbox 1129 736 1194 786; x_wconf 80' lang='lat' dir='ltr'><strong>At</strong></span> <span class='ocrx_word' id='word_1_34' title='bbox 1220 732 1451 804; x_wconf 88' lang='lat' dir='ltr'><strong>Sydonia</strong></span> <span class='ocrx_word' id='word_1_35' title='bbox 1476 732 1700 786; x_wconf 76' lang='lat' dir='ltr'><strong>muliere</strong></span> <span class='ocrx_word' id='word_1_36' title='bbox 1727 732 2011 800; x_wconf 86' lang='lat' dir='ltr'><strong>pauperior</strong></span> <span class='ocrx_word' id='word_1_37' title='bbox 2032 745 2137 784; x_wconf 89' lang='lat' dir='ltr'><strong>non</strong></span> <span class='ocrx_word' id='word_1_38' title='bbox 2170 745 2249 795; x_wconf 88' lang='lat' dir='ltr'><strong>es,</strong></span> 
     </span>
    </p>
   </div>
   <div class='ocr_carea' id='block_1_6' title="bbox 663 825 2254 904">
    <p class='ocr_par' dir='ltr' id='par_1_6' title="bbox 663 825 2254 904">
     <span class='ocr_line' id='line_1_6' title="bbox 663 825 2254 904; baseline 0 -26"><span class='ocrx_word' id='word_1_39' title='bbox 663 844 782 895; x_wconf 62' lang='lat' dir='ltr'><strong>qua:</strong></span> <span class='ocrx_word' id='word_1_40' title='bbox 826 843 946 881; x_wconf 91' lang='lat' dir='ltr'><strong>cum</strong></span> <span class='ocrx_word' id='word_1_41' title='bbox 996 828 1059 881; x_wconf 88' lang='lat' dir='ltr'><strong>ad</strong></span> <span class='ocrx_word' id='word_1_42' title='bbox 1106 826 1275 897; x_wconf 82' lang='lat' dir='ltr'><strong>ipsum</strong></span> <span class='ocrx_word' id='word_1_43' title='bbox 1322 826 1481 881; x_wconf 88' lang='lat' dir='ltr'><strong>famis</strong></span> <span class='ocrx_word' id='word_1_44' title='bbox 1526 827 1743 881; x_wconf 87' lang='lat' dir='ltr'><strong>fundunt</strong></span> <span class='ocrx_word' id='word_1_45' title='bbox 1774 825 2099 904; x_wconf 57' lang='lat' dir='ltr'><strong>devertisset,</strong></span> <span class='ocrx_word' id='word_1_46' title='bbox 2132 839 2254 880; x_wconf 90' lang='lat' dir='ltr'><strong>cum</strong></span> 
     </span>
    </p>
   </div>
   <div class='ocr_carea' id='block_1_7' title="bbox 664 918 2253 988">
    <p class='ocr_par' dir='ltr' id='par_1_7' title="bbox 664 918 2253 988">
     <span class='ocr_line' id='line_1_7' title="bbox 664 918 2253 988; baseline -0.001 -16"><span class='ocrx_word' id='word_1_47' title='bbox 664 919 915 987; x_wconf 78' lang='lat' dir='ltr'><strong>deinceps</strong></span> <span class='ocrx_word' id='word_1_48' title='bbox 948 930 1171 972; x_wconf 88' lang='lat' dir='ltr'><strong>mortem</strong></span> <span class='ocrx_word' id='word_1_49' title='bbox 1197 928 1551 987; x_wconf 64' lang='lat' dir='ltr'><strong>exspectaret,</strong></span> <span class='ocrx_word' id='word_1_50' title='bbox 1584 934 1806 988; x_wconf 84' lang='lat' dir='ltr'><strong>eamque</strong></span> <span class='ocrx_word' id='word_1_51' title='bbox 1839 918 1989 971; x_wconf 91' lang='lat' dir='ltr'><strong>turba</strong></span> <span class='ocrx_word' id='word_1_52' title='bbox 2026 918 2253 972; x_wconf 55' lang='lat' dir='ltr'><strong>circum.</strong></span> 
     </span>
    </p>
   </div>
   <div class='ocr_carea' id='block_1_8' title="bbox 662 1009 2255 1078">
    <p class='ocr_par' dir='ltr' id='par_1_8' title="bbox 662 1009 2255 1078">
     <span class='ocr_line' id='line_1_8' title="bbox 662 1009 2255 1078; baseline -0.001 -15"><span class='ocrx_word' id='word_1_53' title='bbox 662 1012 875 1065; x_wconf 85' lang='lat' dir='ltr'><strong>sisteret</strong></span> <span class='ocrx_word' id='word_1_54' title='bbox 907 1012 1155 1073; x_wconf 84' lang='lat' dir='ltr'><strong>filiorum,</strong></span> <span class='ocrx_word' id='word_1_55' title='bbox 1188 1028 1253 1064; x_wconf 87' lang='lat' dir='ltr'><strong>ne</strong></span> <span class='ocrx_word' id='word_1_56' title='bbox 1292 1015 1369 1064; x_wconf 90' lang='lat' dir='ltr'><strong>sic</strong></span> <span class='ocrx_word' id='word_1_57' title='bbox 1405 1012 1617 1078; x_wconf 70' lang='lat' dir='ltr'><strong>quidem</strong></span> <span class='ocrx_word' id='word_1_58' title='bbox 1651 1011 1988 1064; x_wconf 73' lang='lat' dir='ltr'><strong>facultatibus</strong></span> <span class='ocrx_word' id='word_1_59' title='bbox 2017 1009 2127 1063; x_wconf 87' lang='lat' dir='ltr'><strong>suis</strong></span> <span class='ocrx_word' id='word_1_60' title='bbox 2159 1024 2255 1078; x_wconf 85' lang='lat' dir='ltr'><strong>pe-</strong></span> 
     </span>
    </p>
   </div>
   <div class='ocr_carea' id='block_1_9' title="bbox 664 1103 2291 1177">
    <p class='ocr_par' dir='ltr' id='par_1_9' title="bbox 664 1103 2291 1177">
     <span class='ocr_line' id='line_1_9' title="bbox 664 1103 2291 1177; baseline -0.002 -21"><span class='ocrx_word' id='word_1_61' title='bbox 664 1105 851 1172; x_wconf 85' lang='lat' dir='ltr'><strong>percit,</strong></span> <span class='ocrx_word' id='word_1_62' title='bbox 886 1103 975 1156; x_wconf 88' lang='lat' dir='ltr'><strong>sed</strong></span> <span class='ocrx_word' id='word_1_63' title='bbox 1009 1120 1100 1170; x_wconf 90' lang='lat' dir='ltr'><strong>per</strong></span> <span class='ocrx_word' id='word_1_64' title='bbox 1136 1117 1397 1156; x_wconf 79' lang='lat' dir='ltr'><strong>summam</strong></span> <span class='ocrx_word' id='word_1_65' title='bbox 1446 1104 1585 1156; x_wconf 85' lang='lat' dir='ltr'><strong>illam</strong></span> <span class='ocrx_word' id='word_1_66' title='bbox 1632 1112 1923 1172; x_wconf 75' lang='lat' dir='ltr'><strong>egestatem</strong></span> <span class='ocrx_word' id='word_1_67' title='bbox 1969 1105 2256 1156; x_wconf 88' lang='lat' dir='ltr'><strong>immensas</strong></span> <span class='ocrx_word' id='word_1_68' title='bbox 2290 1174 2291 1177; x_wconf 13' lang='grc' dir='ltr'><strong>η</strong></span> 
     </span>
    </p>
   </div>
   <div class='ocr_carea' id='block_1_10' title="bbox 656 1190 2253 1263">
    <p class='ocr_par' dir='ltr' id='par_1_10' title="bbox 656 1190 2253 1263">
     <span class='ocr_line' id='line_1_10' title="bbox 656 1190 2253 1263; baseline -0.003 -15"><span class='ocrx_word' id='word_1_69' title='bbox 656 1190 872 1248; x_wconf 71' lang='lat' dir='ltr'><strong>&#39;divitias</strong></span> <span class='ocrx_word' id='word_1_70' title='bbox 901 1194 1249 1262; x_wconf 88' lang='lat' dir='ltr'><strong>comparavit,</strong></span> <span class='ocrx_word' id='word_1_71' title='bbox 1281 1206 1332 1247; x_wconf 89' lang='lat' dir='ltr'><strong>et</strong></span> <span class='ocrx_word' id='word_1_72' title='bbox 1362 1210 1573 1247; x_wconf 90' lang='lat' dir='ltr'><strong>manum</strong></span> <span class='ocrx_word' id='word_1_73' title='bbox 1604 1209 1755 1247; x_wconf 90' lang='lat' dir='ltr'><strong>suam</strong></span> <span class='ocrx_word' id='word_1_74' title='bbox 1778 1210 1978 1257; x_wconf 87' lang='lat' dir='ltr'><strong>aream,</strong></span> <span class='ocrx_word' id='word_1_75' title='bbox 2014 1193 2253 1263; x_wconf 74' lang='lat' dir='ltr'><strong>hydriam</strong></span> 
     </span>
    </p>
   </div>
   <div class='ocr_carea' id='block_1_11' title="bbox 661 1284 2257 1355">
    <p class='ocr_par' dir='ltr' id='par_1_11' title="bbox 661 1284 2257 1355">
     <span class='ocr_line' id='line_1_11' title="bbox 661 1284 2257 1355; baseline -0.001 -19"><span class='ocrx_word' id='word_1_76' title='bbox 661 1299 791 1339; x_wconf 86' lang='lat' dir='ltr'><strong>vero</strong></span> <span class='ocrx_word' id='word_1_77' title='bbox 813 1285 1046 1339; x_wconf 83' lang='lat' dir='ltr'><strong>torcular</strong></span> <span class='ocrx_word' id='word_1_78' title='bbox 1073 1284 1320 1350; x_wconf 86' lang='lat' dir='ltr'><strong>reddidit,</strong></span> <span class='ocrx_word' id='word_1_79' title='bbox 1345 1297 1502 1354; x_wconf 89' lang='lat' dir='ltr'><strong>atque</strong></span> <span class='ocrx_word' id='word_1_80' title='bbox 1535 1293 1591 1338; x_wconf 90' lang='lat' dir='ltr'><strong>ut</strong></span> <span class='ocrx_word' id='word_1_81' title='bbox 1618 1302 1683 1339; x_wconf 88' lang='lat' dir='ltr'><strong>cx</strong></span> <span class='ocrx_word' id='word_1_82' title='bbox 1713 1286 1896 1355; x_wconf 84' lang='lat' dir='ltr'><strong>paucis</strong></span> <span class='ocrx_word' id='word_1_83' title='bbox 1940 1286 2102 1339; x_wconf 87' lang='lat' dir='ltr'><strong>multa</strong></span> <span class='ocrx_word' id='word_1_84' title='bbox 2138 1301 2257 1337; x_wconf 83' lang='lat' dir='ltr'><strong>sca-</strong></span> 
     </span>
    </p>
   </div>
   <div class='ocr_carea' id='block_1_12' title="bbox 664 1374 2259 1445">
    <p class='ocr_par' dir='ltr' id='par_1_12' title="bbox 664 1374 2259 1445">
     <span class='ocr_line' id='line_1_12' title="bbox 664 1374 2259 1445; baseline 0.001 -18"><span class='ocrx_word' id='word_1_85' title='bbox 664 1374 1097 1429; x_wconf 72' lang='lat' dir='ltr'><strong>turirenteft‘i-cit.</strong></span> <span class='ocrx_word' id='word_1_86' title='bbox 1129 1375 1231 1427; x_wconf 95' lang='lat' dir='ltr'><strong>Sed</strong></span> <span class='ocrx_word' id='word_1_87' title='bbox 1254 1377 1327 1441; x_wconf 60' lang='lat' dir='ltr'><strong>ad</strong></span> <span class='ocrx_word' id='word_1_88' title='bbox 1361 1377 1691 1445; x_wconf 90' lang='lat' dir='ltr'><strong>propositum</strong></span> <span class='ocrx_word' id='word_1_89' title='bbox 1722 1377 2022 1440; x_wconf 83' lang='lat' dir='ltr'><strong>redeamus,</strong></span> <span class='ocrx_word' id='word_1_90' title='bbox 2049 1392 2113 1429; x_wconf 92' lang='lat' dir='ltr'><strong>ne</strong></span> <span class='ocrx_word' id='word_1_91' title='bbox 2130 1391 2259 1428; x_wconf 89' lang='lat' dir='ltr'><strong>con-</strong></span> 
     </span>
    </p>
   </div>
   <div class='ocr_carea' id='block_1_13' title="bbox 663 1461 2256 1535">
    <p class='ocr_par' dir='ltr' id='par_1_13' title="bbox 663 1461 2256 1535">
     <span class='ocr_line' id='line_1_13' title="bbox 663 1461 2256 1535; baseline 0.001 -18"><span class='ocrx_word' id='word_1_92' title='bbox 663 1466 840 1519; x_wconf 89' lang='lat' dir='ltr'><strong>tinuas</strong></span> <span class='ocrx_word' id='word_1_93' title='bbox 871 1461 1229 1534; x_wconf 78' lang='lat' dir='ltr'><strong>digressiones</strong></span> <span class='ocrx_word' id='word_1_94' title='bbox 1264 1465 1664 1520; x_wconf 88' lang='lat' dir='ltr'><strong>interseramus.</strong></span> <span class='ocrx_word' id='word_1_95' title='bbox 1693 1466 1821 1521; x_wconf 85' lang='lat' dir='ltr'><strong>Cum</strong></span> <span class='ocrx_word' id='word_1_96' title='bbox 1848 1464 2025 1535; x_wconf 86' lang='lat' dir='ltr'><strong>itaque</strong></span> <span class='ocrx_word' id='word_1_97' title='bbox 2065 1478 2256 1520; x_wconf 86' lang='lat' dir='ltr'><strong>ventu-</strong></span> 
     </span>
    </p>
   </div>
   <div class='ocr_carea' id='block_1_14' title="bbox 662 1558 2259 1627">
    <p class='ocr_par' dir='ltr' id='par_1_14' title="bbox 662 1558 2259 1627">
     <span class='ocr_line' id='line_1_14' title="bbox 662 1558 2259 1627; baseline 0.002 -18"><span class='ocrx_word' id='word_1_98' title='bbox 662 1569 753 1609; x_wconf 88' lang='lat' dir='ltr'><strong>rus</strong></span> <span class='ocrx_word' id='word_1_99' title='bbox 792 1571 1018 1624; x_wconf 88' lang='lat' dir='ltr'><strong>sponsos</strong></span> <span class='ocrx_word' id='word_1_100' title='bbox 1048 1568 1209 1623; x_wconf 67' lang='lat' dir='ltr'><strong>esset,</strong></span> <span class='ocrx_word' id='word_1_101' title='bbox 1240 1560 1315 1610; x_wconf 89' lang='lat' dir='ltr'><strong>sic</strong></span> <span class='ocrx_word' id='word_1_102' title='bbox 1346 1559 1482 1611; x_wconf 91' lang='lat' dir='ltr'><strong>inter</strong></span> <span class='ocrx_word' id='word_1_103' title='bbox 1512 1574 1571 1612; x_wconf 88' lang='lat' dir='ltr'><strong>se</strong></span> <span class='ocrx_word' id='word_1_104' title='bbox 1614 1560 1845 1627; x_wconf 81' lang='lat' dir='ltr'><strong>virgines</strong></span> <span class='ocrx_word' id='word_1_105' title='bbox 1875 1558 2259 1627; x_wconf 87' lang='lat' dir='ltr'><strong>colloqueban-</strong></span> 
     </span>
    </p>
   </div>
   <div class='ocr_carea' id='block_1_15' title="bbox 665 1647 2260 1717">
    <p class='ocr_par' dir='ltr' id='par_1_15' title="bbox 665 1647 2260 1717">
     <span class='ocr_line' id='line_1_15' title="bbox 665 1647 2260 1717; baseline 0 -17"><span class='ocrx_word' id='word_1_106' title='bbox 665 1655 785 1700; x_wconf 90' lang='lat' dir='ltr'><strong>tur:</strong></span> <span class='ocrx_word' id='word_1_107' title='bbox 814 1657 867 1700; x_wconf 89' lang='lat' dir='ltr'><strong>at</strong></span> <span class='ocrx_word' id='word_1_108' title='bbox 896 1648 996 1700; x_wconf 74' lang='lat' dir='ltr'><strong>illa:</strong></span> <span class='ocrx_word' id='word_1_109' title='bbox 1022 1647 1085 1700; x_wconf 91' lang='lat' dir='ltr'><strong>ad</strong></span> <span class='ocrx_word' id='word_1_110' title='bbox 1119 1648 1413 1701; x_wconf 83' lang='lat' dir='ltr'><strong>vcndcntcs</strong></span> <span class='ocrx_word' id='word_1_111' title='bbox 1442 1665 1531 1702; x_wconf 89' lang='lat' dir='ltr'><strong>eas</strong></span> <span class='ocrx_word' id='word_1_112' title='bbox 1555 1648 1855 1713; x_wconf 82' lang='lat' dir='ltr'><strong>mittebant,</strong></span> <span class='ocrx_word' id='word_1_113' title='bbox 1884 1649 2101 1717; x_wconf 85' lang='lat' dir='ltr'><strong>sedjam</strong></span> <span class='ocrx_word' id='word_1_114' title='bbox 2122 1659 2260 1703; x_wconf 86' lang='lat' dir='ltr'><strong>tom-</strong></span> 
     </span>
    </p>
   </div>
   <div class='ocr_carea' id='block_1_16' title="bbox 663 1740 2259 1809">
    <p class='ocr_par' dir='ltr' id='par_1_16' title="bbox 663 1740 2259 1809">
     <span class='ocr_line' id='line_1_16' title="bbox 663 1740 2259 1809; baseline 0.002 -18"><span class='ocrx_word' id='word_1_115' title='bbox 663 1754 765 1806; x_wconf 91' lang='lat' dir='ltr'><strong>pus</strong></span> <span class='ocrx_word' id='word_1_116' title='bbox 809 1754 913 1792; x_wconf 93' lang='lat' dir='ltr'><strong>non</strong></span> <span class='ocrx_word' id='word_1_117' title='bbox 948 1750 1061 1793; x_wconf 89' lang='lat' dir='ltr'><strong>erat</strong></span> <span class='ocrx_word' id='word_1_118' title='bbox 1092 1740 1318 1805; x_wconf 81' lang='lat' dir='ltr'><strong>amplius</strong></span> <span class='ocrx_word' id='word_1_119' title='bbox 1347 1740 1523 1793; x_wconf 89' lang='lat' dir='ltr'><strong>oletnn</strong></span> <span class='ocrx_word' id='word_1_120' title='bbox 1560 1741 1803 1795; x_wconf 87' lang='lat' dir='ltr'><strong>emendi:</strong></span> <span class='ocrx_word' id='word_1_121' title='bbox 1831 1751 1976 1795; x_wconf 90' lang='lat' dir='ltr'><strong>recte</strong></span> <span class='ocrx_word' id='word_1_122' title='bbox 2007 1742 2217 1809; x_wconf 86' lang='lat' dir='ltr'><strong>quidem</strong></span> <span class='ocrx_word' id='word_1_123' title='bbox 2244 1759 2259 1808; x_wconf 88' lang='lat'><strong>;</strong></span> 
     </span>
    </p>
   </div>
   <div class='ocr_carea' id='block_1_17' title="bbox 667 1836 2263 1905">
    <p class='ocr_par' dir='ltr' id='par_1_17' title="bbox 667 1836 2263 1905">
     <span class='ocr_line' id='line_1_17' title="bbox 667 1836 2263 1905; baseline 0.003 -19"><span class='ocrx_word' id='word_1_124' title='bbox 667 1850 789 1887; x_wconf 89' lang='lat' dir='ltr'><strong>nam</strong></span> <span class='ocrx_word' id='word_1_125' title='bbox 817 1836 905 1904; x_wconf 90' lang='lat' dir='ltr'><strong>qui</strong></span> <span class='ocrx_word' id='word_1_126' title='bbox 936 1836 1170 1889; x_wconf 88' lang='lat' dir='ltr'><strong>vendunt</strong></span> <span class='ocrx_word' id='word_1_127' title='bbox 1198 1837 1249 1888; x_wconf 93' lang='lat' dir='ltr'><strong>in</strong></span> <span class='ocrx_word' id='word_1_128' title='bbox 1283 1838 1531 1905; x_wconf 63' lang='lat' dir='ltr'><strong>praesenti</strong></span> <span class='ocrx_word' id='word_1_129' title='bbox 1574 1838 1678 1889; x_wconf 88' lang='lat' dir='ltr'><strong>vita</strong></span> <span class='ocrx_word' id='word_1_130' title='bbox 1718 1844 1843 1890; x_wconf 90' lang='lat' dir='ltr'><strong>sunt</strong></span> <span class='ocrx_word' id='word_1_131' title='bbox 1873 1845 2110 1901; x_wconf 90' lang='lat' dir='ltr'><strong>tantum;</strong></span> <span class='ocrx_word' id='word_1_132' title='bbox 2144 1846 2263 1905; x_wconf 87' lang='lat' dir='ltr'><strong>post</strong></span> 
     </span>
    </p>
   </div>
   <div class='ocr_carea' id='block_1_18' title="bbox 664 1924 2261 1992">
    <p class='ocr_par' dir='ltr' id='par_1_18' title="bbox 664 1924 2261 1992">
     <span class='ocr_line' id='line_1_18' title="bbox 664 1924 2261 1992; baseline 0.002 -14"><span class='ocrx_word' id='word_1_133' title='bbox 664 1924 957 1979; x_wconf 88' lang='lat' dir='ltr'><strong>discessum</strong></span> <span class='ocrx_word' id='word_1_134' title='bbox 1000 1936 1175 1981; x_wconf 91' lang='lat' dir='ltr'><strong>autem</strong></span> <span class='ocrx_word' id='word_1_135' title='bbox 1226 1944 1292 1982; x_wconf 80' lang='lat' dir='ltr'><strong>ex</strong></span> <span class='ocrx_word' id='word_1_136' title='bbox 1342 1928 1450 1992; x_wconf 90' lang='lat' dir='ltr'><strong>illa,</strong></span> <span class='ocrx_word' id='word_1_137' title='bbox 1503 1943 1628 1982; x_wconf 90' lang='lat' dir='ltr'><strong>cum</strong></span> <span class='ocrx_word' id='word_1_138' title='bbox 1686 1930 1963 1982; x_wconf 91' lang='lat' dir='ltr'><strong>dimissum</strong></span> <span class='ocrx_word' id='word_1_139' title='bbox 1997 1928 2261 1982; x_wconf 87' lang='lat' dir='ltr'><strong>theatrum</strong></span> 
     </span>
    </p>
   </div>
   <div class='ocr_carea' id='block_1_19' title="bbox 666 2015 2264 2086">
    <p class='ocr_par' dir='ltr' id='par_1_19' title="bbox 666 2015 2264 2086">
     <span class='ocr_line' id='line_1_19' title="bbox 666 2015 2264 2086; baseline 0.003 -18"><span class='ocrx_word' id='word_1_140' title='bbox 666 2015 843 2080; x_wconf 90' lang='lat' dir='ltr'><strong>fuerit,</strong></span> <span class='ocrx_word' id='word_1_141' title='bbox 875 2032 980 2070; x_wconf 92' lang='lat' dir='ltr'><strong>non</strong></span> <span class='ocrx_word' id='word_1_142' title='bbox 1009 2018 1132 2071; x_wconf 91' lang='lat' dir='ltr'><strong>licet</strong></span> <span class='ocrx_word' id='word_1_143' title='bbox 1160 2018 1387 2086; x_wconf 89' lang='lat' dir='ltr'><strong>amplius</strong></span> <span class='ocrx_word' id='word_1_144' title='bbox 1437 2019 1881 2073; x_wconf 90' lang='lat' dir='ltr'><strong>medicamentum</strong></span> <span class='ocrx_word' id='word_1_145' title='bbox 1931 2020 2065 2073; x_wconf 86' lang='lat' dir='ltr'><strong>actis</strong></span> <span class='ocrx_word' id='word_1_146' title='bbox 2104 2020 2264 2073; x_wconf 89' lang='lat' dir='ltr'><strong>rebus</strong></span> 
     </span>
    </p>
   </div>
   <div class='ocr_carea' id='block_1_20' title="bbox 667 2109 2267 2178">
    <p class='ocr_par' dir='ltr' id='par_1_20' title="bbox 667 2109 2267 2178">
     <span class='ocr_line' id='line_1_20' title="bbox 667 2109 2267 2178; baseline 0.003 -19"><span class='ocrx_word' id='word_1_147' title='bbox 667 2109 923 2176; x_wconf 83' lang='lat' dir='ltr'><strong>reperire,</strong></span> <span class='ocrx_word' id='word_1_148' title='bbox 950 2124 1122 2177; x_wconf 90' lang='lat' dir='ltr'><strong>neque</strong></span> <span class='ocrx_word' id='word_1_149' title='bbox 1151 2110 1357 2162; x_wconf 80' lang='lat' dir='ltr'><strong>veniam</strong></span> <span class='ocrx_word' id='word_1_150' title='bbox 1384 2119 1541 2177; x_wconf 86' lang='lat' dir='ltr'><strong>atque</strong></span> <span class='ocrx_word' id='word_1_151' title='bbox 1568 2112 1993 2174; x_wconf 82' lang='lat' dir='ltr'><strong>excusationem,</strong></span> <span class='ocrx_word' id='word_1_152' title='bbox 2018 2109 2111 2165; x_wconf 90' lang='lat' dir='ltr'><strong>sed</strong></span> <span class='ocrx_word' id='word_1_153' title='bbox 2140 2126 2267 2178; x_wconf 88' lang='lat' dir='ltr'><strong>sup-</strong></span> 
     </span>
    </p>
   </div>
   <div class='ocr_carea' id='block_1_21' title="bbox 670 2195 2267 2268">
    <p class='ocr_par' dir='ltr' id='par_1_21' title="bbox 670 2195 2267 2268">
     <span class='ocr_line' id='line_1_21' title="bbox 670 2195 2267 2268; baseline 0.004 -21"><span class='ocrx_word' id='word_1_154' title='bbox 670 2196 828 2264; x_wconf 89' lang='lat' dir='ltr'><strong>plicio</strong></span> <span class='ocrx_word' id='word_1_155' title='bbox 851 2195 987 2250; x_wconf 76' lang='lat' dir='ltr'><strong>affici</strong></span> <span class='ocrx_word' id='word_1_156' title='bbox 1015 2197 1265 2266; x_wconf 89' lang='lat' dir='ltr'><strong>deinceps</strong></span> <span class='ocrx_word' id='word_1_157' title='bbox 1288 2213 1509 2253; x_wconf 89' lang='lat' dir='ltr'><strong>necesse</strong></span> <span class='ocrx_word' id='word_1_158' title='bbox 1538 2209 1639 2263; x_wconf 91' lang='lat' dir='ltr'><strong>est,</strong></span> <span class='ocrx_word' id='word_1_159' title='bbox 1662 2198 1801 2268; x_wconf 93' lang='lat' dir='ltr'><strong>quod</strong></span> <span class='ocrx_word' id='word_1_160' title='bbox 1831 2208 1886 2253; x_wconf 88' lang='lat' dir='ltr'><strong>et</strong></span> <span class='ocrx_word' id='word_1_161' title='bbox 1908 2208 2033 2251; x_wconf 90' lang='lat' dir='ltr'><strong>tunc</strong></span> <span class='ocrx_word' id='word_1_162' title='bbox 2064 2208 2267 2267; x_wconf 78' lang='lat' dir='ltr'><strong>tempo-</strong></span> 
     </span>
    </p>
   </div>
   <div class='ocr_carea' id='block_1_22' title="bbox 670 2288 2265 2360">
    <p class='ocr_par' dir='ltr' id='par_1_22' title="bbox 670 2288 2265 2360">
     <span class='ocr_line' id='line_1_22' title="bbox 670 2288 2265 2360; baseline 0.001 -19"><span class='ocrx_word' id='word_1_163' title='bbox 670 2288 743 2341; x_wconf 91' lang='lat' dir='ltr'><strong>ris</strong></span> <span class='ocrx_word' id='word_1_164' title='bbox 769 2289 979 2342; x_wconf 89' lang='lat' dir='ltr'><strong>accidit.</strong></span> <span class='ocrx_word' id='word_1_165' title='bbox 1016 2289 1299 2358; x_wconf 85' lang='lat' dir='ltr'><strong>Postquam</strong></span> <span class='ocrx_word' id='word_1_166' title='bbox 1351 2291 1491 2343; x_wconf 92' lang='lat' dir='ltr'><strong>enim</strong></span> <span class='ocrx_word' id='word_1_167' title='bbox 1526 2305 1754 2359; x_wconf 92' lang='lat' dir='ltr'><strong>sponsus</strong></span> <span class='ocrx_word' id='word_1_168' title='bbox 1777 2290 2016 2354; x_wconf 78' lang='lat' dir='ltr'><strong>advenit,</strong></span> <span class='ocrx_word' id='word_1_169' title='bbox 2053 2292 2137 2343; x_wconf 60' lang='lat' dir='ltr'><strong>hee.</strong></span> <span class='ocrx_word' id='word_1_170' title='bbox 2155 2290 2265 2360; x_wconf 91' lang='lat' dir='ltr'><strong>qui-</strong></span> 
     </span>
    </p>
   </div>
   <div class='ocr_carea' id='block_1_23' title="bbox 669 2377 2265 2451">
    <p class='ocr_par' dir='ltr' id='par_1_23' title="bbox 669 2377 2265 2451">
     <span class='ocr_line' id='line_1_23' title="bbox 669 2377 2265 2451; baseline 0.003 -22"><span class='ocrx_word' id='word_1_171' title='bbox 669 2377 790 2431; x_wconf 86' lang='lat' dir='ltr'><strong>dem</strong></span> <span class='ocrx_word' id='word_1_172' title='bbox 820 2377 1071 2447; x_wconf 69' lang='lat' dir='ltr'><strong>ingressze</strong></span> <span class='ocrx_word' id='word_1_173' title='bbox 1097 2389 1237 2441; x_wconf 89' lang='lat' dir='ltr'><strong>sunt,</strong></span> <span class='ocrx_word' id='word_1_174' title='bbox 1259 2395 1377 2448; x_wconf 70' lang='lat' dir='ltr'><strong>qua:</strong></span> <span class='ocrx_word' id='word_1_175' title='bbox 1396 2380 1667 2449; x_wconf 86' lang='lat' dir='ltr'><strong>lampades</strong></span> <span class='ocrx_word' id='word_1_176' title='bbox 1692 2395 1945 2434; x_wconf 89' lang='lat' dir='ltr'><strong>accensas</strong></span> <span class='ocrx_word' id='word_1_177' title='bbox 1964 2380 2265 2451; x_wconf 82' lang='lat' dir='ltr'><strong>habebant;</strong></span> 
     </span>
    </p>
   </div>
   <div class='ocr_carea' id='block_1_24' title="bbox 668 2468 2264 2540">
    <p class='ocr_par' dir='ltr' id='par_1_24' title="bbox 668 2468 2264 2540">
     <span class='ocr_line' id='line_1_24' title="bbox 668 2468 2264 2540; baseline 0.004 -20"><span class='ocrx_word' id='word_1_178' title='bbox 668 2476 723 2520; x_wconf 92' lang='lat' dir='ltr'><strong>at</strong></span> <span class='ocrx_word' id='word_1_179' title='bbox 750 2468 853 2521; x_wconf 71' lang='lat' dir='ltr'><strong>illa:</strong></span> <span class='ocrx_word' id='word_1_180' title='bbox 879 2484 999 2521; x_wconf 92' lang='lat' dir='ltr'><strong>cum</strong></span> <span class='ocrx_word' id='word_1_181' title='bbox 1052 2468 1272 2533; x_wconf 88' lang='lat' dir='ltr'><strong>tardius,</strong></span> <span class='ocrx_word' id='word_1_182' title='bbox 1305 2486 1463 2540; x_wconf 91' lang='lat' dir='ltr'><strong>quam</strong></span> <span class='ocrx_word' id='word_1_183' title='bbox 1497 2480 1553 2523; x_wconf 88' lang='lat' dir='ltr'><strong>ttt</strong></span> <span class='ocrx_word' id='word_1_184' title='bbox 1580 2471 1785 2540; x_wconf 81' lang='lat' dir='ltr'><strong>ingredi</strong></span> <span class='ocrx_word' id='word_1_185' title='bbox 1817 2481 2049 2539; x_wconf 88' lang='lat' dir='ltr'><strong>possent,</strong></span> <span class='ocrx_word' id='word_1_186' title='bbox 2100 2472 2264 2527; x_wconf 88' lang='lat' dir='ltr'><strong>adve-</strong></span> 
     </span>
    </p>
   </div>
   <div class='ocr_carea' id='block_1_25' title="bbox 672 2559 2264 2631">
    <p class='ocr_par' dir='ltr' id='par_1_25' title="bbox 672 2559 2264 2631">
     <span class='ocr_line' id='line_1_25' title="bbox 672 2559 2264 2631; baseline 0.004 -20"><span class='ocrx_word' id='word_1_187' title='bbox 672 2559 894 2623; x_wconf 88' lang='lat' dir='ltr'><strong>nissent,</strong></span> <span class='ocrx_word' id='word_1_188' title='bbox 926 2561 1143 2614; x_wconf 90' lang='lat' dir='ltr'><strong>thalami</strong></span> <span class='ocrx_word' id='word_1_189' title='bbox 1172 2560 1314 2616; x_wconf 90' lang='lat' dir='ltr'><strong>fores</strong></span> <span class='ocrx_word' id='word_1_190' title='bbox 1358 2564 1653 2631; x_wconf 90' lang='lat' dir='ltr'><strong>pulsarunt,</strong></span> <span class='ocrx_word' id='word_1_191' title='bbox 1702 2573 1755 2618; x_wconf 91' lang='lat' dir='ltr'><strong>et</strong></span> <span class='ocrx_word' id='word_1_192' title='bbox 1802 2566 2092 2620; x_wconf 90' lang='lat' dir='ltr'><strong>terribilem</strong></span> <span class='ocrx_word' id='word_1_193' title='bbox 2120 2566 2264 2618; x_wconf 92' lang='lat' dir='ltr'><strong>illam</strong></span> 
     </span>
    </p>
   </div>
   <div class='ocr_carea' id='block_1_26' title="bbox 670 2652 2263 2727">
    <p class='ocr_par' dir='ltr' id='par_1_26' title="bbox 670 2652 2263 2727">
     <span class='ocr_line' id='line_1_26' title="bbox 670 2652 2263 2727; baseline 0.004 -23"><span class='ocrx_word' id='word_1_194' title='bbox 670 2666 854 2705; x_wconf 84' lang='lat' dir='ltr'><strong>vocem</strong></span> <span class='ocrx_word' id='word_1_195' title='bbox 873 2652 1173 2715; x_wconf 89' lang='lat' dir='ltr'><strong>audierunt,</strong></span> <span class='ocrx_word' id='word_1_196' title='bbox 1196 2654 1471 2720; x_wconf 81' lang='lat' dir='ltr'><strong>Discedite,</strong></span> <span class='ocrx_word' id='word_1_197' title='bbox 1502 2657 1667 2708; x_wconf 81' lang='lat' dir='ltr'><strong>nescio</strong></span> <span class='ocrx_word' id='word_1_198' title='bbox 1694 2672 1781 2709; x_wconf 73' lang='lat' dir='ltr'><strong>vos</strong></span> <span class='ocrx_word' id='word_1_199' title='bbox 1801 2655 2013 2727; x_wconf 77' lang='lat' dir='ltr'><strong>(Matth.</strong></span> <span class='ocrx_word' id='word_1_200' title='bbox 2036 2656 2127 2711; x_wconf 73' lang='lat'><strong>25.</strong></span> <span class='ocrx_word' id='word_1_201' title='bbox 2151 2657 2263 2727; x_wconf 76' lang='grc'>12).</span> 
     </span>
    </p>
   </div>
   <div class='ocr_carea' id='block_1_27' title="bbox 673 2743 2265 2819">
    <p class='ocr_par' dir='ltr' id='par_1_27' title="bbox 673 2743 2265 2819">
     <span class='ocr_line' id='line_1_27' title="bbox 673 2743 2265 2819; baseline 0.004 -22"><span class='ocrx_word' id='word_1_202' title='bbox 673 2743 836 2797; x_wconf 77' lang='lat' dir='ltr'><strong>Vides</strong></span> <span class='ocrx_word' id='word_1_203' title='bbox 858 2745 1003 2798; x_wconf 90' lang='lat' dir='ltr'><strong>illunt</strong></span> <span class='ocrx_word' id='word_1_204' title='bbox 1033 2762 1215 2799; x_wconf 90' lang='lat' dir='ltr'><strong>rursus</strong></span> <span class='ocrx_word' id='word_1_205' title='bbox 1244 2762 1364 2801; x_wconf 90' lang='lat' dir='ltr'><strong>cum</strong></span> <span class='ocrx_word' id='word_1_206' title='bbox 1393 2747 1599 2802; x_wconf 89' lang='lat' dir='ltr'><strong>honore</strong></span> <span class='ocrx_word' id='word_1_207' title='bbox 1639 2747 1877 2813; x_wconf 83' lang='lat' dir='ltr'><strong>afﬁcere,</strong></span> <span class='ocrx_word' id='word_1_208' title='bbox 1910 2759 2018 2803; x_wconf 93' lang='lat' dir='ltr'><strong>tum</strong></span> <span class='ocrx_word' id='word_1_209' title='bbox 2053 2764 2265 2819; x_wconf 71' lang='lat' dir='ltr'><strong>pmnam</strong></span> 
     </span>
    </p>
   </div>
   <div class='ocr_carea' id='block_1_28' title="bbox 675 2838 2265 2910">
    <p class='ocr_par' dir='ltr' id='par_1_28' title="bbox 675 2838 2265 2910">
     <span class='ocr_line' id='line_1_28' title="bbox 675 2838 2265 2910; baseline 0.006 -21"><span class='ocrx_word' id='word_1_210' title='bbox 675 2838 901 2902; x_wconf 84' lang='lat' dir='ltr'><strong>inferre;</strong></span> <span class='ocrx_word' id='word_1_211' title='bbox 935 2854 1055 2891; x_wconf 91' lang='lat' dir='ltr'><strong>cum</strong></span> <span class='ocrx_word' id='word_1_212' title='bbox 1083 2854 1361 2903; x_wconf 89' lang='lat' dir='ltr'><strong>coronare,</strong></span> <span class='ocrx_word' id='word_1_213' title='bbox 1408 2850 1513 2895; x_wconf 92' lang='lat' dir='ltr'><strong>tum</strong></span> <span class='ocrx_word' id='word_1_214' title='bbox 1543 2843 1762 2910; x_wconf 88' lang='lat' dir='ltr'><strong>punire;</strong></span> <span class='ocrx_word' id='word_1_215' title='bbox 1812 2859 1930 2897; x_wconf 91' lang='lat' dir='ltr'><strong>cum</strong></span> <span class='ocrx_word' id='word_1_216' title='bbox 1962 2843 2265 2908; x_wconf 85' lang='lat' dir='ltr'><strong>admittere,</strong></span> 
     </span>
    </p>
   </div>
   <div class='ocr_carea' id='block_1_29' title="bbox 674 2928 2267 3004">
    <p class='ocr_par' dir='ltr' id='par_1_29' title="bbox 674 2928 2267 3004">
     <span class='ocr_line' id='line_1_29' title="bbox 674 2928 2267 3004; baseline 0.004 -24"><span class='ocrx_word' id='word_1_217' title='bbox 674 2934 786 2980; x_wconf 88' lang='lat' dir='ltr'><strong>tum</strong></span> <span class='ocrx_word' id='word_1_218' title='bbox 814 2928 1081 2997; x_wconf 79' lang='lat' dir='ltr'><strong>ablegare,</strong></span> <span class='ocrx_word' id='word_1_219' title='bbox 1109 2938 1267 2999; x_wconf 89' lang='lat' dir='ltr'><strong>atque</strong></span> <span class='ocrx_word' id='word_1_220' title='bbox 1292 2932 1569 3001; x_wconf 88' lang='lat' dir='ltr'><strong>utriusque</strong></span> <span class='ocrx_word' id='word_1_221' title='bbox 1587 2934 1945 3003; x_wconf 90' lang='lat' dir='ltr'><strong>partisjudicii</strong></span> <span class='ocrx_word' id='word_1_222' title='bbox 1964 2947 2267 3004; x_wconf 83' lang='lat' dir='ltr'><strong>compotem</strong></span> 
     </span>
    </p>
   </div>
   <div class='ocr_carea' id='block_1_30' title="bbox 676 3020 2271 3095">
    <p class='ocr_par' dir='ltr' id='par_1_30' title="bbox 676 3020 2271 3095">
     <span class='ocr_line' id='line_1_30' title="bbox 676 3020 2271 3095; baseline 0.005 -22"><span class='ocrx_word' id='word_1_223' title='bbox 676 3020 830 3073; x_wconf 87' lang='lat' dir='ltr'><strong>esse?</strong></span> <span class='ocrx_word' id='word_1_224' title='bbox 864 3020 974 3075; x_wconf 91' lang='lat' dir='ltr'><strong>lloc</strong></span> <span class='ocrx_word' id='word_1_225' title='bbox 1002 3031 1056 3075; x_wconf 90' lang='lat' dir='ltr'><strong>et</strong></span> <span class='ocrx_word' id='word_1_226' title='bbox 1084 3022 1138 3075; x_wconf 93' lang='lat' dir='ltr'><strong>in</strong></span> <span class='ocrx_word' id='word_1_227' title='bbox 1170 3023 1357 3088; x_wconf 64' lang='lat' dir='ltr'><strong>vinea,</strong></span> <span class='ocrx_word' id='word_1_228' title='bbox 1378 3023 1479 3079; x_wconf 92' lang='lat' dir='ltr'><strong>hoc</strong></span> <span class='ocrx_word' id='word_1_229' title='bbox 1512 3034 1567 3078; x_wconf 91' lang='lat' dir='ltr'><strong>et</strong></span> <span class='ocrx_word' id='word_1_230' title='bbox 1601 3026 1654 3078; x_wconf 93' lang='lat' dir='ltr'><strong>in</strong></span> <span class='ocrx_word' id='word_1_231' title='bbox 1692 3027 1925 3095; x_wconf 86' lang='lat' dir='ltr'><strong>quinque</strong></span> <span class='ocrx_word' id='word_1_232' title='bbox 1958 3042 2022 3080; x_wconf 90' lang='lat' dir='ltr'><strong>ac</strong></span> <span class='ocrx_word' id='word_1_233' title='bbox 2065 3027 2271 3081; x_wconf 91' lang='lat' dir='ltr'><strong>duobus</strong></span> 
     </span>
    </p>
   </div>
   <div class='ocr_carea' id='block_1_31' title="bbox 677 3110 2270 3187">
    <p class='ocr_par' dir='ltr' id='par_1_31' title="bbox 677 3110 2270 3187">
     <span class='ocr_line' id='line_1_31' title="bbox 677 3110 2270 3187; baseline 0.006 -24"><span class='ocrx_word' id='word_1_234' title='bbox 677 3110 909 3175; x_wconf 86' lang='lat' dir='ltr'><strong>talentis,</strong></span> <span class='ocrx_word' id='word_1_235' title='bbox 935 3121 988 3165; x_wconf 93' lang='lat' dir='ltr'><strong>et</strong></span> <span class='ocrx_word' id='word_1_236' title='bbox 1022 3129 1128 3167; x_wconf 91' lang='lat' dir='ltr'><strong>uno</strong></span> <span class='ocrx_word' id='word_1_237' title='bbox 1154 3116 1296 3167; x_wconf 90' lang='lat' dir='ltr'><strong>cerni</strong></span> <span class='ocrx_word' id='word_1_238' title='bbox 1329 3125 1538 3184; x_wconf 86' lang='lat' dir='ltr'><strong>potest:</strong></span> <span class='ocrx_word' id='word_1_239' title='bbox 1563 3132 1685 3170; x_wconf 92' lang='lat' dir='ltr'><strong>nam</strong></span> <span class='ocrx_word' id='word_1_240' title='bbox 1716 3117 1834 3171; x_wconf 90' lang='lat' dir='ltr'><strong>illos</strong></span> <span class='ocrx_word' id='word_1_241' title='bbox 1865 3118 2077 3187; x_wconf 88' lang='lat' dir='ltr'><strong>quidem</strong></span> <span class='ocrx_word' id='word_1_242' title='bbox 2108 3132 2270 3173; x_wconf 86' lang='lat' dir='ltr'><strong>exce-</strong></span> 
     </span>
    </p>
   </div>
   <div class='ocr_carea' id='block_1_32' title="bbox 681 3198 2271 3278">
    <p class='ocr_par' dir='ltr' id='par_1_32' title="bbox 681 3198 2271 3278">
     <span class='ocr_line' id='line_1_32' title="bbox 681 3198 2271 3278; baseline 0.006 -25"><span class='ocrx_word' id='word_1_243' title='bbox 681 3201 775 3269; x_wconf 85' lang='lat' dir='ltr'><strong>pit,</strong></span> <span class='ocrx_word' id='word_1_244' title='bbox 800 3212 851 3255; x_wconf 91' lang='lat' dir='ltr'><strong>el</strong></span> <span class='ocrx_word' id='word_1_245' title='bbox 874 3198 937 3255; x_wconf 74' lang='lat' dir='ltr'><strong>ad</strong></span> <span class='ocrx_word' id='word_1_246' title='bbox 969 3203 1167 3273; x_wconf 84' lang='lat' dir='ltr'><strong>majora</strong></span> <span class='ocrx_word' id='word_1_247' title='bbox 1198 3206 1508 3271; x_wconf 78' lang='lat' dir='ltr'><strong>introduxit,</strong></span> <span class='ocrx_word' id='word_1_248' title='bbox 1534 3208 1674 3262; x_wconf 90' lang='lat' dir='ltr'><strong>hunc</strong></span> <span class='ocrx_word' id='word_1_249' title='bbox 1695 3219 1871 3263; x_wconf 90' lang='lat' dir='ltr'><strong>autem</strong></span> <span class='ocrx_word' id='word_1_250' title='bbox 1900 3210 2133 3263; x_wconf 81' lang='lat' dir='ltr'><strong>vinctum</strong></span> <span class='ocrx_word' id='word_1_251' title='bbox 2156 3224 2271 3278; x_wconf 89' lang='lat' dir='ltr'><strong>pro-</strong></span> 
     </span>
    </p>
   </div>
   <div class='ocr_carea' id='block_1_33' title="bbox 674 3293 1768 3368">
    <p class='ocr_par' dir='ltr' id='par_1_33' title="bbox 674 3293 1768 3368">
     <span class='ocr_line' id='line_1_33' title="bbox 674 3293 1768 3368; baseline 0.004 -21"><span class='ocrx_word' id='word_1_252' title='bbox 674 3293 765 3363; x_wconf 88' lang='lat' dir='ltr'><strong>jici</strong></span> <span class='ocrx_word' id='word_1_253' title='bbox 796 3295 846 3347; x_wconf 93' lang='lat' dir='ltr'><strong>in</strong></span> <span class='ocrx_word' id='word_1_254' title='bbox 878 3298 1170 3350; x_wconf 76' lang='lat' dir='ltr'><strong>exteriores</strong></span> <span class='ocrx_word' id='word_1_255' title='bbox 1198 3298 1442 3352; x_wconf 87' lang='lat' dir='ltr'><strong>tenebras</strong></span> <span class='ocrx_word' id='word_1_256' title='bbox 1470 3300 1768 3368; x_wconf 79' lang='lat' dir='ltr'><strong>imperavit.</strong></span> 
     </span>
    </p>
   </div>
   <div class='ocr_carea' id='block_1_34' title="bbox 749 3385 2271 3462">
    <p class='ocr_par' dir='ltr' id='par_1_34' title="bbox 749 3385 2271 3462">
     <span class='ocr_line' id='line_1_34' title="bbox 749 3385 2271 3462; baseline 0.004 -22"><span class='ocrx_word' id='word_1_257' title='bbox 749 3386 801 3440; x_wconf 79' lang='lat'><strong>5.</strong></span> <span class='ocrx_word' id='word_1_258' title='bbox 823 3385 925 3440; x_wconf 85' lang='lat' dir='ltr'><strong>Sed</strong></span> <span class='ocrx_word' id='word_1_259' title='bbox 954 3388 1073 3457; x_wconf 83' lang='lat' dir='ltr'><strong>quis</strong></span> <span class='ocrx_word' id='word_1_260' title='bbox 1104 3404 1287 3443; x_wconf 92' lang='lat' dir='ltr'><strong>eorum</strong></span> <span class='ocrx_word' id='word_1_261' title='bbox 1312 3392 1542 3443; x_wconf 66' lang='lat' dir='ltr'><strong>multus‘</strong></span> <span class='ocrx_word' id='word_1_262' title='bbox 1562 3400 1643 3444; x_wconf 90' lang='lat' dir='ltr'><strong>est</strong></span> <span class='ocrx_word' id='word_1_263' title='bbox 1668 3408 1867 3453; x_wconf 87' lang='lat' dir='ltr'><strong>sermo,</strong></span> <span class='ocrx_word' id='word_1_264' title='bbox 1893 3393 1972 3446; x_wconf 83' lang='lat' dir='ltr'><strong>vel</strong></span> <span class='ocrx_word' id='word_1_265' title='bbox 1994 3394 2168 3462; x_wconf 89' lang='lat' dir='ltr'><strong>potius</strong></span> <span class='ocrx_word' id='word_1_266' title='bbox 2184 3394 2271 3462; x_wconf 93' lang='lat' dir='ltr'><strong>qui</strong></span> 
     </span>
    </p>
   </div>
   <div class='ocr_carea' id='block_1_35' title="bbox 680 3478 2270 3554">
    <p class='ocr_par' dir='ltr' id='par_1_35' title="bbox 680 3478 2270 3554">
     <span class='ocr_line' id='line_1_35' title="bbox 680 3478 2270 3554; baseline 0.003 -24"><span class='ocrx_word' id='word_1_267' title='bbox 680 3478 897 3531; x_wconf 88' lang='lat' dir='ltr'><strong>multam</strong></span> <span class='ocrx_word' id='word_1_268' title='bbox 927 3480 1249 3533; x_wconf 83' lang='lat' dir='ltr'><strong>dementiam</strong></span> <span class='ocrx_word' id='word_1_269' title='bbox 1300 3482 1534 3536; x_wconf 88' lang='lat' dir='ltr'><strong>redolet?</strong></span> <span class='ocrx_word' id='word_1_270' title='bbox 1564 3482 1735 3537; x_wconf 73' lang='lat' dir='ltr'><strong>liabet</strong></span> <span class='ocrx_word' id='word_1_271' title='bbox 1766 3483 1849 3537; x_wconf 90' lang='lat' dir='ltr'><strong>ille</strong></span> <span class='ocrx_word' id='word_1_272' title='bbox 1897 3484 2107 3554; x_wconf 85' lang='lat' dir='ltr'><strong>quidem</strong></span> <span class='ocrx_word' id='word_1_273' title='bbox 2151 3500 2270 3539; x_wconf 89' lang='lat' dir='ltr'><strong>cum</strong></span> 
     </span>
    </p>
   </div>
   <div class='ocr_carea' id='block_1_36' title="bbox 682 3572 2271 3643">
    <p class='ocr_par' dir='ltr' id='par_1_36' title="bbox 682 3572 2271 3643">
     <span class='ocr_line' id='line_1_36' title="bbox 682 3572 2271 3643; baseline 0.004 -18"><span class='ocrx_word' id='word_1_274' title='bbox 682 3572 958 3640; x_wconf 86' lang='lat' dir='ltr'><strong>puniendi,</strong></span> <span class='ocrx_word' id='word_1_275' title='bbox 993 3582 1102 3626; x_wconf 90' lang='lat' dir='ltr'><strong>tum</strong></span> <span class='ocrx_word' id='word_1_276' title='bbox 1133 3574 1421 3629; x_wconf 90' lang='lat' dir='ltr'><strong>coronandi</strong></span> <span class='ocrx_word' id='word_1_277' title='bbox 1463 3584 1803 3643; x_wconf 88' lang='lat' dir='ltr'><strong>potestatem,</strong></span> <span class='ocrx_word' id='word_1_278' title='bbox 1850 3590 1970 3629; x_wconf 91' lang='lat' dir='ltr'><strong>cum</strong></span> <span class='ocrx_word' id='word_1_279' title='bbox 2009 3577 2271 3631; x_wconf 80' lang='lat' dir='ltr'><strong>afﬁciendi</strong></span> 
     </span>
    </p>
   </div>
   <div class='ocr_carea' id='block_1_37' title="bbox 684 3663 2273 3735">
    <p class='ocr_par' dir='ltr' id='par_1_37' title="bbox 684 3663 2273 3735">
     <span class='ocr_line' id='line_1_37' title="bbox 684 3663 2273 3735; baseline 0.003 -19"><span class='ocrx_word' id='word_1_280' title='bbox 684 3663 964 3732; x_wconf 88' lang='lat' dir='ltr'><strong>supplicio,</strong></span> <span class='ocrx_word' id='word_1_281' title='bbox 992 3672 1101 3717; x_wconf 89' lang='lat' dir='ltr'><strong>tum</strong></span> <span class='ocrx_word' id='word_1_282' title='bbox 1133 3666 1345 3733; x_wconf 65' lang='lat' dir='ltr'><strong>praemia</strong></span> <span class='ocrx_word' id='word_1_283' title='bbox 1375 3666 1705 3725; x_wconf 86' lang='lat' dir='ltr'><strong>conferendi,</strong></span> <span class='ocrx_word' id='word_1_284' title='bbox 1737 3666 1829 3721; x_wconf 85' lang='lat' dir='ltr'><strong>sed</strong></span> <span class='ocrx_word' id='word_1_285' title='bbox 1858 3682 2160 3735; x_wconf 89' lang='lat' dir='ltr'><strong>supremam</strong></span> <span class='ocrx_word' id='word_1_286' title='bbox 2185 3681 2273 3721; x_wconf 89' lang='lat' dir='ltr'><strong>se-</strong></span> 
     </span>
    </p>
   </div>
   <div class='ocr_carea' id='block_1_38' title="bbox 682 3755 2277 3826">
    <p class='ocr_par' dir='ltr' id='par_1_38' title="bbox 682 3755 2277 3826">
     <span class='ocr_line' id='line_1_38' title="bbox 682 3755 2277 3826; baseline 0.004 -17"><span class='ocrx_word' id='word_1_287' title='bbox 682 3755 764 3809; x_wconf 92' lang='lat' dir='ltr'><strong>dis</strong></span> <span class='ocrx_word' id='word_1_288' title='bbox 784 3757 1210 3826; x_wconf 73' lang='lat' dir='ltr'><strong>prterogativam,</strong></span> <span class='ocrx_word' id='word_1_289' title='bbox 1234 3758 1422 3826; x_wconf 88' lang='lat' dir='ltr'><strong>inquit,</strong></span> <span class='ocrx_word' id='word_1_290' title='bbox 1447 3766 1501 3813; x_wconf 92' lang='lat' dir='ltr'><strong>et</strong></span> <span class='ocrx_word' id='word_1_291' title='bbox 1519 3759 1835 3812; x_wconf 89' lang='lat' dir='ltr'><strong>altissimum</strong></span> <span class='ocrx_word' id='word_1_292' title='bbox 1861 3760 2114 3814; x_wconf 89' lang='lat' dir='ltr'><strong>honorem</strong></span> <span class='ocrx_word' id='word_1_293' title='bbox 2136 3760 2277 3815; x_wconf 87' lang='lat' dir='ltr'><strong>hunc</strong></span> 
     </span>
    </p>
   </div>
   <div class='ocr_carea' id='block_1_39' title="bbox 682 3845 2276 3920">
    <p class='ocr_par' dir='ltr' id='par_1_39' title="bbox 682 3845 2276 3920">
     <span class='ocr_line' id='line_1_39' title="bbox 682 3845 2276 3920; baseline 0.004 -21"><span class='ocrx_word' id='word_1_294' title='bbox 682 3845 812 3899; x_wconf 90' lang='lat' dir='ltr'><strong>dare</strong></span> <span class='ocrx_word' id='word_1_295' title='bbox 837 3862 992 3899; x_wconf 89' lang='lat' dir='ltr'><strong>suum</strong></span> <span class='ocrx_word' id='word_1_296' title='bbox 1024 3864 1126 3901; x_wconf 91' lang='lat' dir='ltr'><strong>non</strong></span> <span class='ocrx_word' id='word_1_297' title='bbox 1154 3862 1273 3901; x_wconf 83' lang='lat' dir='ltr'><strong>esse</strong></span> <span class='ocrx_word' id='word_1_298' title='bbox 1296 3848 1448 3901; x_wconf 78' lang='lat' dir='ltr'><strong>dixit.</strong></span> <span class='ocrx_word' id='word_1_299' title='bbox 1475 3848 1656 3917; x_wconf 83' lang='lat' dir='ltr'><strong>Itaque</strong></span> <span class='ocrx_word' id='word_1_300' title='bbox 1684 3852 1728 3903; x_wconf 88' lang='lat' dir='ltr'><strong>si</strong></span> <span class='ocrx_word' id='word_1_301' title='bbox 1760 3850 1891 3903; x_wconf 90' lang='lat' dir='ltr'><strong>nihil</strong></span> <span class='ocrx_word' id='word_1_302' title='bbox 1924 3852 2039 3920; x_wconf 85' lang='lat' dir='ltr'><strong>ejus</strong></span> <span class='ocrx_word' id='word_1_303' title='bbox 2069 3852 2276 3905; x_wconf 87' lang='lat' dir='ltr'><strong>calculo</strong></span> 
     </span>
    </p>
   </div>
   <div class='ocr_carea' id='block_1_40' title="bbox 682 3937 2273 4011">
    <p class='ocr_par' dir='ltr' id='par_1_40' title="bbox 682 3937 2273 4011">
     <span class='ocr_line' id='line_1_40' title="bbox 682 3937 2273 4011; baseline 0.002 -19"><span class='ocrx_word' id='word_1_304' title='bbox 682 3937 1013 3992; x_wconf 85' lang='lat' dir='ltr'><strong>subtractum</strong></span> <span class='ocrx_word' id='word_1_305' title='bbox 1057 3954 1175 3993; x_wconf 88' lang='lat' dir='ltr'><strong>esse</strong></span> <span class='ocrx_word' id='word_1_306' title='bbox 1215 3942 1549 4008; x_wconf 81' lang='lat' dir='ltr'><strong>cognoveris,</strong></span> <span class='ocrx_word' id='word_1_307' title='bbox 1580 3957 1705 3994; x_wconf 89' lang='lat' dir='ltr'><strong>num</strong></span> <span class='ocrx_word' id='word_1_308' title='bbox 1748 3943 1817 3994; x_wconf 91' lang='lat' dir='ltr'><strong>ab</strong></span> <span class='ocrx_word' id='word_1_309' title='bbox 1848 3943 1944 3996; x_wconf 89' lang='lat' dir='ltr'><strong>hac</strong></span> <span class='ocrx_word' id='word_1_310' title='bbox 1976 3945 2273 4011; x_wconf 90' lang='lat' dir='ltr'><strong>importuna</strong></span> 
     </span>
    </p>
   </div>
   <div class='ocr_carea' id='block_1_41' title="bbox 682 4029 2272 4101">
    <p class='ocr_par' dir='ltr' id='par_1_41' title="bbox 682 4029 2272 4101">
     <span class='ocr_line' id='line_1_41' title="bbox 682 4029 2272 4101; baseline 0.003 -18"><span class='ocrx_word' id='word_1_311' title='bbox 682 4031 1023 4083; x_wconf 83' lang='lat' dir='ltr'><strong>contentione</strong></span> <span class='ocrx_word' id='word_1_312' title='bbox 1040 4029 1301 4083; x_wconf 68' lang='lat' dir='ltr'><strong>desistas?</strong></span> <span class='ocrx_word' id='word_1_313' title='bbox 1317 4031 1454 4083; x_wconf 86' lang='lat' dir='ltr'><strong>Audi</strong></span> <span class='ocrx_word' id='word_1_314' title='bbox 1472 4046 1599 4101; x_wconf 91' lang='lat' dir='ltr'><strong>ergo</strong></span> <span class='ocrx_word' id='word_1_315' title='bbox 1621 4048 1805 4087; x_wconf 91' lang='lat' dir='ltr'><strong>rursus</strong></span> <span class='ocrx_word' id='word_1_316' title='bbox 1824 4031 1945 4087; x_wconf 86' lang='lat' dir='ltr'><strong>euln</strong></span> <span class='ocrx_word' id='word_1_317' title='bbox 1972 4034 2236 4089; x_wconf 85' lang='lat' dir='ltr'><strong>dicentem</strong></span> <span class='ocrx_word' id='word_1_318' title='bbox 2259 4052 2272 4087; x_wconf 91' lang='lat'><strong>:</strong></span> 
     </span>
    </p>
   </div>
   <div class='ocr_carea' id='block_1_42' title="bbox 684 4120 2276 4196">
    <p class='ocr_par' dir='ltr' id='par_1_42' title="bbox 684 4120 2276 4196">
     <span class='ocr_line' id='line_1_42' title="bbox 684 4120 2276 4196; baseline 0.004 -22"><span class='ocrx_word' id='word_1_319' title='bbox 684 4120 841 4175; x_wconf 85' lang='lat' dir='ltr'><strong>Pater</strong></span> <span class='ocrx_word' id='word_1_320' title='bbox 868 4138 968 4175; x_wconf 86' lang='lat' dir='ltr'><strong>non</strong></span> <span class='ocrx_word' id='word_1_321' title='bbox 988 4121 1189 4191; x_wconf 88' lang='lat' dir='ltr'><strong>judicat</strong></span> <span class='ocrx_word' id='word_1_322' title='bbox 1216 4138 1536 4192; x_wconf 82' lang='lat' dir='ltr'><strong>quemquam,</strong></span> <span class='ocrx_word' id='word_1_323' title='bbox 1587 4126 1675 4177; x_wconf 75' lang='lat' dir='ltr'><strong>sed</strong></span> <span class='ocrx_word' id='word_1_324' title='bbox 1723 4142 1869 4179; x_wconf 85' lang='lat' dir='ltr'><strong>omne</strong></span> <span class='ocrx_word' id='word_1_325' title='bbox 1886 4126 2141 4196; x_wconf 81' lang='lat' dir='ltr'><strong>judicium</strong></span> <span class='ocrx_word' id='word_1_326' title='bbox 2182 4128 2276 4181; x_wconf 83' lang='lat' dir='ltr'><strong>dc-</strong></span> 
     </span>
    </p>
   </div>
   <div class='ocr_carea' id='block_1_43' title="bbox 685 4214 2271 4288">
    <p class='ocr_par' dir='ltr' id='par_1_43' title="bbox 685 4214 2271 4288">
     <span class='ocr_line' id='line_1_43' title="bbox 685 4214 2271 4288; baseline 0.004 -21"><span class='ocrx_word' id='word_1_327' title='bbox 685 4216 760 4268; x_wconf 85' lang='lat' dir='ltr'><strong>dit</strong></span> <span class='ocrx_word' id='word_1_328' title='bbox 786 4214 925 4269; x_wconf 77' lang='lat' dir='ltr'><strong>Filio</strong></span> <span class='ocrx_word' id='word_1_329' title='bbox 950 4215 1123 4284; x_wconf 75' lang='lat' dir='ltr'><strong>(Ioan.</strong></span> <span class='ocrx_word' id='word_1_330' title='bbox 1155 4216 1208 4270; x_wconf 85' lang='lat'><strong>5.</strong></span> <span class='ocrx_word' id='word_1_331' title='bbox 1240 4216 1353 4288; x_wconf 70' lang='lat'><strong>22).</strong></span> <span class='ocrx_word' id='word_1_332' title='bbox 1386 4217 1440 4271; x_wconf 89' lang='lat' dir='ltr'><strong>Si</strong></span> <span class='ocrx_word' id='word_1_333' title='bbox 1468 4232 1594 4287; x_wconf 88' lang='lat' dir='ltr'><strong>ergo</strong></span> <span class='ocrx_word' id='word_1_334' title='bbox 1615 4218 1871 4287; x_wconf 86' lang='lat' dir='ltr'><strong>judicium</strong></span> <span class='ocrx_word' id='word_1_335' title='bbox 1905 4219 2065 4273; x_wconf 82' lang='lat' dir='ltr'><strong>habet</strong></span> <span class='ocrx_word' id='word_1_336' title='bbox 2088 4234 2271 4285; x_wconf 85' lang='lat' dir='ltr'><strong>omne,</strong></span> 
     </span>
    </p>
   </div>
   <div class='ocr_carea' id='block_1_44' title="bbox 687 4306 2276 4377">
    <p class='ocr_par' dir='ltr' id='par_1_44' title="bbox 687 4306 2276 4377">
     <span class='ocr_line' id='line_1_44' title="bbox 687 4306 2276 4377; baseline 0.003 -17"><span class='ocrx_word' id='word_1_337' title='bbox 687 4306 821 4360; x_wconf 88' lang='lat' dir='ltr'><strong>nihil</strong></span> <span class='ocrx_word' id='word_1_338' title='bbox 851 4307 966 4376; x_wconf 86' lang='lat' dir='ltr'><strong>ejus</strong></span> <span class='ocrx_word' id='word_1_339' title='bbox 991 4308 1196 4362; x_wconf 88' lang='lat' dir='ltr'><strong>calculo</strong></span> <span class='ocrx_word' id='word_1_340' title='bbox 1222 4308 1605 4377; x_wconf 66' lang='lat' dir='ltr'><strong>sententiaaque</strong></span> <span class='ocrx_word' id='word_1_341' title='bbox 1635 4310 1963 4363; x_wconf 89' lang='lat' dir='ltr'><strong>subtractum</strong></span> <span class='ocrx_word' id='word_1_342' title='bbox 2004 4320 2119 4365; x_wconf 89' lang='lat' dir='ltr'><strong>est:</strong></span> <span class='ocrx_word' id='word_1_343' title='bbox 2150 4326 2276 4365; x_wconf 87' lang='lat' dir='ltr'><strong>nam</strong></span> 
     </span>
    </p>
   </div>
   <div class='ocr_carea' id='block_1_45' title="bbox 688 4399 2277 4470">
    <p class='ocr_par' dir='ltr' id='par_1_45' title="bbox 688 4399 2277 4470">
     <span class='ocr_line' id='line_1_45' title="bbox 688 4399 2277 4470; baseline 0.003 -17"><span class='ocrx_word' id='word_1_344' title='bbox 688 4400 777 4468; x_wconf 89' lang='lat' dir='ltr'><strong>qui</strong></span> <span class='ocrx_word' id='word_1_345' title='bbox 805 4399 1059 4468; x_wconf 86' lang='lat' dir='ltr'><strong>judicium</strong></span> <span class='ocrx_word' id='word_1_346' title='bbox 1104 4400 1263 4455; x_wconf 84' lang='lat' dir='ltr'><strong>habet</strong></span> <span class='ocrx_word' id='word_1_347' title='bbox 1293 4416 1483 4466; x_wconf 86' lang='lat' dir='ltr'><strong>omne,</strong></span> <span class='ocrx_word' id='word_1_348' title='bbox 1534 4412 1848 4470; x_wconf 88' lang='lat' dir='ltr'><strong>potestatem</strong></span> <span class='ocrx_word' id='word_1_349' title='bbox 1891 4403 2047 4457; x_wconf 87' lang='lat' dir='ltr'><strong>habet</strong></span> <span class='ocrx_word' id='word_1_350' title='bbox 2088 4419 2277 4457; x_wconf 91' lang='lat' dir='ltr'><strong>omnes</strong></span> 
     </span>
    </p>
   </div>
   <div class='ocr_carea' id='block_1_46' title="bbox 686 4492 2274 4562">
    <p class='ocr_par' dir='ltr' id='par_1_46' title="bbox 686 4492 2274 4562">
     <span class='ocr_line' id='line_1_46' title="bbox 686 4492 2274 4562; baseline 0.004 -17"><span class='ocrx_word' id='word_1_351' title='bbox 686 4505 810 4545; x_wconf 90' lang='lat' dir='ltr'><strong>cum</strong></span> <span class='ocrx_word' id='word_1_352' title='bbox 842 4493 1115 4560; x_wconf 90' lang='lat' dir='ltr'><strong>puniendi,</strong></span> <span class='ocrx_word' id='word_1_353' title='bbox 1140 4500 1248 4546; x_wconf 91' lang='lat' dir='ltr'><strong>tum</strong></span> <span class='ocrx_word' id='word_1_354' title='bbox 1266 4492 1579 4548; x_wconf 77' lang='lat' dir='ltr'><strong>coronandi.</strong></span> <span class='ocrx_word' id='word_1_355' title='bbox 1616 4495 1745 4549; x_wconf 89' lang='lat' dir='ltr'><strong>Illud</strong></span> <span class='ocrx_word' id='word_1_356' title='bbox 1767 4505 1965 4559; x_wconf 85' lang='lat' dir='ltr'><strong>autem,</strong></span> <span class='ocrx_word' id='word_1_357' title='bbox 1989 4497 2145 4562; x_wconf 85' lang='lat' dir='ltr'><strong>dedit,</strong></span> <span class='ocrx_word' id='word_1_358' title='bbox 2174 4498 2274 4552; x_wconf 91' lang='lat' dir='ltr'><strong>hoc</strong></span> 
     </span>
    </p>
   </div>
   <div class='ocr_carea' id='block_1_47' title="bbox 688 4582 2275 4657">
    <p class='ocr_par' dir='ltr' id='par_1_47' title="bbox 688 4582 2275 4657">
     <span class='ocr_line' id='line_1_47' title="bbox 688 4582 2275 4657; baseline 0.003 -21"><span class='ocrx_word' id='word_1_359' title='bbox 688 4582 805 4636; x_wconf 94' lang='lat' dir='ltr'><strong>loco</strong></span> <span class='ocrx_word' id='word_1_360' title='bbox 828 4598 895 4636; x_wconf 91' lang='lat' dir='ltr'><strong>ne</strong></span> <span class='ocrx_word' id='word_1_361' title='bbox 912 4582 1184 4637; x_wconf 90' lang='lat' dir='ltr'><strong>hominum</strong></span> <span class='ocrx_word' id='word_1_362' title='bbox 1204 4599 1351 4639; x_wconf 90' lang='lat' dir='ltr'><strong>more</strong></span> <span class='ocrx_word' id='word_1_363' title='bbox 1372 4586 1893 4653; x_wconf 79' lang='lat' dir='ltr'><strong>accipias,carissime</strong></span> <span class='ocrx_word' id='word_1_364' title='bbox 1915 4604 1925 4638; x_wconf 91' lang='lat'><strong>:</strong></span> <span class='ocrx_word' id='word_1_365' title='bbox 1948 4602 2119 4657; x_wconf 87' lang='lat' dir='ltr'><strong>neque</strong></span> <span class='ocrx_word' id='word_1_366' title='bbox 2134 4588 2275 4642; x_wconf 89' lang='lat' dir='ltr'><strong>enim</strong></span> 
     </span>
    </p>
   </div>
   <div class='ocr_carea' id='block_1_48' title="bbox 693 4670 2281 4749">
    <p class='ocr_par' dir='ltr' id='par_1_48' title="bbox 693 4670 2281 4749">
     <span class='ocr_line' id='line_1_48' title="bbox 693 4670 2281 4749; baseline 0.005 -24"><span class='ocrx_word' id='word_1_367' title='bbox 693 4687 797 4726; x_wconf 92' lang='lat' dir='ltr'><strong>non</strong></span> <span class='ocrx_word' id='word_1_368' title='bbox 817 4670 1028 4727; x_wconf 79' lang='lat' dir='ltr'><strong>habenti</strong></span> <span class='ocrx_word' id='word_1_369' title='bbox 1053 4672 1217 4735; x_wconf 92' lang='lat' dir='ltr'><strong>dedit,</strong></span> <span class='ocrx_word' id='word_1_370' title='bbox 1249 4689 1345 4727; x_wconf 89' lang='lat' dir='ltr'><strong>nec</strong></span> <span class='ocrx_word' id='word_1_371' title='bbox 1372 4675 1738 4743; x_wconf 87' lang='lat' dir='ltr'><strong>imperfectum</strong></span> <span class='ocrx_word' id='word_1_372' title='bbox 1764 4678 1967 4745; x_wconf 84' lang='lat' dir='ltr'><strong>genuit,</strong></span> <span class='ocrx_word' id='word_1_373' title='bbox 1996 4694 2169 4747; x_wconf 85' lang='lat' dir='ltr'><strong>neque</strong></span> <span class='ocrx_word' id='word_1_374' title='bbox 2189 4696 2281 4749; x_wconf 84' lang='lat' dir='ltr'><strong>po-</strong></span> 
     </span>
    </p>
   </div>
   <div class='ocr_carea' id='block_1_49' title="bbox 690 4763 2275 4839">
    <p class='ocr_par' dir='ltr' id='par_1_49' title="bbox 690 4763 2275 4839">
     <span class='ocr_line' id='line_1_49' title="bbox 690 4763 2275 4839; baseline 0.004 -23"><span class='ocrx_word' id='word_1_375' title='bbox 690 4763 884 4817; x_wconf 88' lang='lat' dir='ltr'><strong>sterius</strong></span> <span class='ocrx_word' id='word_1_376' title='bbox 906 4763 978 4816; x_wconf 89' lang='lat' dir='ltr'><strong>illi</strong></span> <span class='ocrx_word' id='word_1_377' title='bbox 1010 4764 1259 4817; x_wconf 89' lang='lat' dir='ltr'><strong>adnatum</strong></span> <span class='ocrx_word' id='word_1_378' title='bbox 1284 4773 1397 4819; x_wconf 87' lang='lat' dir='ltr'><strong>est:</strong></span> <span class='ocrx_word' id='word_1_379' title='bbox 1431 4767 1523 4820; x_wconf 90' lang='lat' dir='ltr'><strong>sed</strong></span> <span class='ocrx_word' id='word_1_380' title='bbox 1548 4767 1693 4833; x_wconf 91' lang='lat' dir='ltr'><strong>illud,</strong></span> <span class='ocrx_word' id='word_1_381' title='bbox 1718 4768 1874 4833; x_wconf 81' lang='lat' dir='ltr'><strong>dedit,</strong></span> <span class='ocrx_word' id='word_1_382' title='bbox 1900 4769 2002 4824; x_wconf 92' lang='lat' dir='ltr'><strong>hoc</strong></span> <span class='ocrx_word' id='word_1_383' title='bbox 2019 4772 2116 4824; x_wconf 90' lang='lat' dir='ltr'><strong>sibi</strong></span> <span class='ocrx_word' id='word_1_384' title='bbox 2145 4773 2275 4839; x_wconf 87' lang='lat' dir='ltr'><strong>vult,</strong></span> 
     </span>
    </p>
   </div>
   <div class='ocr_carea' id='block_1_50' title="bbox 690 4854 2274 4924">
    <p class='ocr_par' dir='ltr' id='par_1_50' title="bbox 690 4854 2274 4924">
     <span class='ocr_line' id='line_1_50' title="bbox 690 4854 2274 4924; baseline 0.005 -16"><span class='ocrx_word' id='word_1_385' title='bbox 690 4854 848 4908; x_wconf 83' lang='lat' dir='ltr'><strong>talem</strong></span> <span class='ocrx_word' id='word_1_386' title='bbox 880 4854 1026 4907; x_wconf 89' lang='lat' dir='ltr'><strong>illunt</strong></span> <span class='ocrx_word' id='word_1_387' title='bbox 1059 4855 1272 4923; x_wconf 88' lang='lat' dir='ltr'><strong>genuit,</strong></span> <span class='ocrx_word' id='word_1_388' title='bbox 1324 4856 1646 4924; x_wconf 89' lang='lat' dir='ltr'><strong>perfectum,</strong></span> <span class='ocrx_word' id='word_1_389' title='bbox 1695 4858 1996 4913; x_wconf 86' lang='lat' dir='ltr'><strong>absolutum</strong></span> <span class='ocrx_word' id='word_1_390' title='bbox 2033 4880 2044 4913; x_wconf 86' lang='lat'><strong>:</strong></span> <span class='ocrx_word' id='word_1_391' title='bbox 2091 4877 2274 4916; x_wconf 81' lang='lat' dir='ltr'><strong>verum</strong></span> 
     </span>
    </p>
   </div>
   <div class='ocr_carea' id='block_1_51' title="bbox 692 4945 2274 5019">
    <p class='ocr_par' dir='ltr' id='par_1_51' title="bbox 692 4945 2274 5019">
     <span class='ocr_line' id='line_1_51' title="bbox 692 4945 2274 5019; baseline 0.006 -21"><span class='ocrx_word' id='word_1_392' title='bbox 692 4945 792 4999; x_wconf 89' lang='lat' dir='ltr'><strong>hac</strong></span> <span class='ocrx_word' id='word_1_393' title='bbox 815 4960 941 4999; x_wconf 88' lang='lat' dir='ltr'><strong>usus</strong></span> <span class='ocrx_word' id='word_1_394' title='bbox 962 4955 1043 4999; x_wconf 85' lang='lat' dir='ltr'><strong>est</strong></span> <span class='ocrx_word' id='word_1_395' title='bbox 1071 4946 1323 5010; x_wconf 88' lang='lat' dir='ltr'><strong>dictione,</strong></span> <span class='ocrx_word' id='word_1_396' title='bbox 1356 4963 1422 5001; x_wconf 92' lang='lat' dir='ltr'><strong>ne</strong></span> <span class='ocrx_word' id='word_1_397' title='bbox 1442 4948 1573 5002; x_wconf 91' lang='lat' dir='ltr'><strong>duos</strong></span> <span class='ocrx_word' id='word_1_398' title='bbox 1598 4951 1806 5017; x_wconf 90' lang='lat' dir='ltr'><strong>genitos</strong></span> <span class='ocrx_word' id='word_1_399' title='bbox 1822 4951 2098 5008; x_wconf 83' lang='lat' dir='ltr'><strong>arbitreris</strong></span> <span class='ocrx_word' id='word_1_400' title='bbox 2118 4953 2274 5019; x_wconf 91' lang='lat' dir='ltr'><strong>Deos,</strong></span> 
     </span>
    </p>
   </div>
   <div class='ocr_carea' id='block_1_52' title="bbox 692 5035 2281 5113">
    <p class='ocr_par' dir='ltr' id='par_1_52' title="bbox 692 5035 2281 5113">
     <span class='ocr_line' id='line_1_52' title="bbox 692 5035 2281 5113; baseline 0.007 -26"><span class='ocrx_word' id='word_1_401' title='bbox 692 5036 784 5089; x_wconf 91' lang='lat' dir='ltr'><strong>sed</strong></span> <span class='ocrx_word' id='word_1_402' title='bbox 821 5046 877 5089; x_wconf 89' lang='lat' dir='ltr'><strong>ut</strong></span> <span class='ocrx_word' id='word_1_403' title='bbox 902 5037 1132 5089; x_wconf 84' lang='lat' dir='ltr'><strong>radicem</strong></span> <span class='ocrx_word' id='word_1_404' title='bbox 1157 5047 1209 5090; x_wconf 87' lang='lat' dir='ltr'><strong>et</strong></span> <span class='ocrx_word' id='word_1_405' title='bbox 1233 5035 1458 5092; x_wconf 92' lang='lat' dir='ltr'><strong>fructum</strong></span> <span class='ocrx_word' id='word_1_406' title='bbox 1488 5041 1717 5103; x_wconf 80' lang='lat' dir='ltr'><strong>noveris,</strong></span> <span class='ocrx_word' id='word_1_407' title='bbox 1753 5058 1856 5096; x_wconf 92' lang='lat' dir='ltr'><strong>non</strong></span> <span class='ocrx_word' id='word_1_408' title='bbox 1888 5052 1944 5096; x_wconf 91' lang='lat' dir='ltr'><strong>ut</strong></span> <span class='ocrx_word' id='word_1_409' title='bbox 1975 5044 2073 5099; x_wconf 88' lang='lat' dir='ltr'><strong>hoc</strong></span> <span class='ocrx_word' id='word_1_410' title='bbox 2100 5044 2175 5098; x_wconf 90' lang='lat' dir='ltr'><strong>illi</strong></span> <span class='ocrx_word' id='word_1_411' title='bbox 2196 5060 2281 5113; x_wconf 88' lang='lat' dir='ltr'><strong>po-</strong></span> 
     </span>
    </p>
   </div>
   <div class='ocr_carea' id='block_1_53' title="bbox 692 5127 2276 5203">
    <p class='ocr_par' dir='ltr' id='par_1_53' title="bbox 692 5127 2276 5203">
     <span class='ocr_line' id='line_1_53' title="bbox 692 5127 2276 5203; baseline 0.006 -24"><span class='ocrx_word' id='word_1_412' title='bbox 692 5127 887 5181; x_wconf 88' lang='lat' dir='ltr'><strong>sterius</strong></span> <span class='ocrx_word' id='word_1_413' title='bbox 915 5127 1163 5187; x_wconf 86' lang='lat' dir='ltr'><strong>adnatum</strong></span> <span class='ocrx_word' id='word_1_414' title='bbox 1194 5142 1314 5183; x_wconf 77' lang='lat' dir='ltr'><strong>esse</strong></span> <span class='ocrx_word' id='word_1_415' title='bbox 1342 5129 1637 5184; x_wconf 90' lang='lat' dir='ltr'><strong>arbitreris.</strong></span> <span class='ocrx_word' id='word_1_416' title='bbox 1667 5131 1796 5184; x_wconf 87' lang='lat' dir='ltr'><strong>Nam</strong></span> <span class='ocrx_word' id='word_1_417' title='bbox 1826 5141 1878 5184; x_wconf 90' lang='lat' dir='ltr'><strong>et</strong></span> <span class='ocrx_word' id='word_1_418' title='bbox 1918 5133 2276 5203; x_wconf 80' lang='lat' dir='ltr'><strong>interrogatus</strong></span> 
     </span>
    </p>
   </div>
   <div class='ocr_carea' id='block_1_54' title="bbox 691 5218 2275 5294">
    <p class='ocr_par' dir='ltr' id='par_1_54' title="bbox 691 5218 2275 5294">
     <span class='ocr_line' id='line_1_54' title="bbox 691 5218 2275 5294; baseline 0.006 -24"><span class='ocrx_word' id='word_1_419' title='bbox 691 5219 837 5281; x_wconf 83' lang='lat' dir='ltr'><strong>alibi,</strong></span> <span class='ocrx_word' id='word_1_420' title='bbox 870 5218 1005 5289; x_wconf 82' lang='lat' dir='ltr'><strong>Ergo</strong></span> <span class='ocrx_word' id='word_1_421' title='bbox 1034 5236 1123 5273; x_wconf 75' lang='lat' dir='ltr'><strong>rex</strong></span> <span class='ocrx_word' id='word_1_422' title='bbox 1150 5236 1199 5273; x_wconf 78' lang='lat' dir='ltr'><strong>es</strong></span> <span class='ocrx_word' id='word_1_423' title='bbox 1231 5233 1283 5273; x_wconf 91' lang='lat' dir='ltr'><strong>tu</strong></span> <span class='ocrx_word' id='word_1_424' title='bbox 1310 5220 1486 5292; x_wconf 78' lang='lat' dir='ltr'><strong>(Joan.</strong></span> <span class='ocrx_word' id='word_1_425' title='bbox 1521 5222 1603 5276; x_wconf 80' lang='grc'><strong>18.</strong></span> <span class='ocrx_word' id='word_1_426' title='bbox 1634 5221 1764 5293; x_wconf 80' lang='lat' dir='ltr'><strong>5G)?</strong></span> <span class='ocrx_word' id='word_1_427' title='bbox 1807 5237 1910 5275; x_wconf 90' lang='lat' dir='ltr'><strong>non</strong></span> <span class='ocrx_word' id='word_1_428' title='bbox 1952 5240 2011 5277; x_wconf 90' lang='lat' dir='ltr'><strong>se</strong></span> <span class='ocrx_word' id='word_1_429' title='bbox 2056 5241 2275 5294; x_wconf 79' lang='lat' dir='ltr'><strong>regnum</strong></span> 
     </span>
    </p>
   </div>
   <div class='ocr_carea' id='block_1_55' title="bbox 693 5312 2281 5384">
    <p class='ocr_par' dir='ltr' id='par_1_55' title="bbox 693 5312 2281 5384">
     <span class='ocr_line' id='line_1_55' title="bbox 693 5312 2281 5384; baseline 0.007 -21"><span class='ocrx_word' id='word_1_430' title='bbox 693 5312 964 5379; x_wconf 81' lang='lat' dir='ltr'><strong>accepisse</strong></span> <span class='ocrx_word' id='word_1_431' title='bbox 990 5312 1142 5376; x_wconf 81' lang='lat' dir='ltr'><strong>dixit,</strong></span> <span class='ocrx_word' id='word_1_432' title='bbox 1175 5330 1279 5367; x_wconf 91' lang='lat' dir='ltr'><strong>non</strong></span> <span class='ocrx_word' id='word_1_433' title='bbox 1312 5315 1412 5367; x_wconf 86' lang='lat' dir='ltr'><strong>sibi</strong></span> <span class='ocrx_word' id='word_1_434' title='bbox 1444 5330 1661 5384; x_wconf 81' lang='lat' dir='ltr'><strong>regnum</strong></span> <span class='ocrx_word' id='word_1_435' title='bbox 1695 5318 1955 5384; x_wconf 83' lang='lat' dir='ltr'><strong>posterius</strong></span> <span class='ocrx_word' id='word_1_436' title='bbox 1996 5333 2114 5371; x_wconf 88' lang='lat' dir='ltr'><strong>esse</strong></span> <span class='ocrx_word' id='word_1_437' title='bbox 2148 5319 2281 5374; x_wconf 82' lang='lat' dir='ltr'><strong>dixit</strong></span> 
     </span>
    </p>
   </div>
   <div class='ocr_carea' id='block_1_56' title="bbox 692 5405 2282 5477">
    <p class='ocr_par' dir='ltr' id='par_1_56' title="bbox 692 5405 2282 5477">
     <span class='ocr_line' id='line_1_56' title="bbox 692 5405 2282 5477; baseline 0.005 -21"><span class='ocrx_word' id='word_1_438' title='bbox 692 5405 1029 5469; x_wconf 91' lang='lat' dir='ltr'><strong>attributum,</strong></span> <span class='ocrx_word' id='word_1_439' title='bbox 1054 5406 1170 5472; x_wconf 86' lang='lat' dir='ltr'><strong>sed,</strong></span> <span class='ocrx_word' id='word_1_440' title='bbox 1202 5407 1311 5477; x_wconf 86' lang='lat' dir='ltr'><strong>Ego</strong></span> <span class='ocrx_word' id='word_1_441' title='bbox 1338 5407 1389 5459; x_wconf 88' lang='lat' dir='ltr'><strong>in</strong></span> <span class='ocrx_word' id='word_1_442' title='bbox 1419 5408 1511 5459; x_wconf 83' lang='lat' dir='ltr'><strong>hoc</strong></span> <span class='ocrx_word' id='word_1_443' title='bbox 1538 5416 1682 5460; x_wconf 89' lang='lat' dir='ltr'><strong>natus</strong></span> <span class='ocrx_word' id='word_1_444' title='bbox 1711 5424 1842 5461; x_wconf 79' lang='lat' dir='ltr'><strong>sum.</strong></span> <span class='ocrx_word' id='word_1_445' title='bbox 1871 5408 1924 5462; x_wconf 88' lang='lat' dir='ltr'><strong>Si</strong></span> <span class='ocrx_word' id='word_1_446' title='bbox 1950 5425 2040 5462; x_wconf 85' lang='lat' dir='ltr'><strong>rex</strong></span> <span class='ocrx_word' id='word_1_447' title='bbox 2068 5410 2282 5465; x_wconf 84' lang='lat' dir='ltr'><strong>absolu-</strong></span> 
     </span>
    </p>
   </div>
   <div class='ocr_carea' id='block_1_57' title="bbox 692 5486 2281 5571">
    <p class='ocr_par' dir='ltr' id='par_1_57' title="bbox 692 5486 2281 5571">
     <span class='ocr_line' id='line_1_57' title="bbox 692 5486 2281 5571; baseline 0.005 -20"><span class='ocrx_word' id='word_1_448' title='bbox 692 5506 779 5552; x_wconf 88' lang='lat' dir='ltr'><strong>tus</strong></span> <span class='ocrx_word' id='word_1_449' title='bbox 808 5506 891 5551; x_wconf 89' lang='lat' dir='ltr'><strong>est</strong></span> <span class='ocrx_word' id='word_1_450' title='bbox 930 5507 1108 5562; x_wconf 89' lang='lat' dir='ltr'><strong>natus,</strong></span> <span class='ocrx_word' id='word_1_451' title='bbox 1156 5500 1372 5553; x_wconf 88' lang='lat' dir='ltr'><strong>omnino</strong></span> <span class='ocrx_word' id='word_1_452' title='bbox 1410 5513 1463 5554; x_wconf 87' lang='lat' dir='ltr'><strong>et</strong></span> <span class='ocrx_word' id='word_1_453' title='bbox 1498 5486 1729 5569; x_wconf 85' lang='lat' dir='ltr'><strong>judicent</strong></span> <span class='ocrx_word' id='word_1_454' title='bbox 1771 5518 1831 5555; x_wconf 85' lang='lat' dir='ltr'><strong>ac</strong></span> <span class='ocrx_word' id='word_1_455' title='bbox 1871 5503 2281 5571; x_wconf 85' lang='lat' dir='ltr'><strong>disceptatorem</strong></span> 
     </span>
    </p>
   </div>
   <div class='ocr_carea' id='block_1_58' title="bbox 693 5589 2285 5661">
    <p class='ocr_par' dir='ltr' id='par_1_58' title="bbox 693 5589 2285 5661">
     <span class='ocr_line' id='line_1_58' title="bbox 693 5589 2285 5661; baseline 0.006 -19"><span class='ocrx_word' id='word_1_456' title='bbox 693 5589 842 5643; x_wconf 91' lang='lat' dir='ltr'><strong>illum</strong></span> <span class='ocrx_word' id='word_1_457' title='bbox 872 5606 991 5645; x_wconf 89' lang='lat' dir='ltr'><strong>esse</strong></span> <span class='ocrx_word' id='word_1_458' title='bbox 1022 5592 1215 5660; x_wconf 88' lang='lat' dir='ltr'><strong>liquet:</strong></span> <span class='ocrx_word' id='word_1_459' title='bbox 1248 5592 1385 5659; x_wconf 81' lang='lat' dir='ltr'><strong>regis</strong></span> <span class='ocrx_word' id='word_1_460' title='bbox 1409 5593 1552 5645; x_wconf 91' lang='lat' dir='ltr'><strong>cnim</strong></span> <span class='ocrx_word' id='word_1_461' title='bbox 1584 5601 1665 5645; x_wconf 80' lang='lat' dir='ltr'><strong>est</strong></span> <span class='ocrx_word' id='word_1_462' title='bbox 1700 5594 1928 5647; x_wconf 79' lang='lat' dir='ltr'><strong>maxime</strong></span> <span class='ocrx_word' id='word_1_463' title='bbox 1952 5594 2192 5661; x_wconf 79' lang='lat' dir='ltr'><strong>judicare</strong></span> <span class='ocrx_word' id='word_1_464' title='bbox 2220 5611 2285 5651; x_wconf 88' lang='lat' dir='ltr'><strong>ac</strong></span> 
     </span>
    </p>
   </div>
   <div class='ocr_carea' id='block_1_59' title="bbox 692 5680 2279 5753">
    <p class='ocr_par' dir='ltr' id='par_1_59' title="bbox 692 5680 2279 5753">
     <span class='ocr_line' id='line_1_59' title="bbox 692 5680 2279 5753; baseline 0.009 -23"><span class='ocrx_word' id='word_1_465' title='bbox 692 5680 1014 5750; x_wconf 85' lang='lat' dir='ltr'><strong>disceptare,</strong></span> <span class='ocrx_word' id='word_1_466' title='bbox 1072 5684 1302 5737; x_wconf 87' lang='lat' dir='ltr'><strong>honores</strong></span> <span class='ocrx_word' id='word_1_467' title='bbox 1350 5682 1594 5748; x_wconf 89' lang='lat' dir='ltr'><strong>deferre,</strong></span> <span class='ocrx_word' id='word_1_468' title='bbox 1643 5693 1697 5738; x_wconf 89' lang='lat' dir='ltr'><strong>et</strong></span> <span class='ocrx_word' id='word_1_469' title='bbox 1736 5685 1996 5753; x_wconf 89' lang='lat' dir='ltr'><strong>supplicio</strong></span> <span class='ocrx_word' id='word_1_470' title='bbox 2044 5682 2279 5744; x_wconf 73' lang='lat' dir='ltr'><strong>allicere.</strong></span> 
     </span>
    </p>
   </div>
   <div class='ocr_carea' id='block_1_60' title="bbox 758 5796 2004 5862">
    <p class='ocr_par' dir='ltr' id='par_1_60' title="bbox 758 5796 2004 5862">
     <span class='ocr_line' id='line_1_60' title="bbox 758 5796 2004 5862; baseline 0.006 -20"><span class='ocrx_word' id='word_1_471' title='bbox 758 5796 770 5826; x_wconf 84' lang='grc'>¹</span> <span class='ocrx_word' id='word_1_472' title='bbox 810 5803 1017 5854; x_wconf 76' lang='lat' dir='ltr'><strong>Quatuor</strong></span> <span class='ocrx_word' id='word_1_473' title='bbox 1042 5804 1168 5857; x_wconf 67' lang='lat' dir='ltr'><strong>Mss,</strong></span> <span class='ocrx_word' id='word_1_474' title='bbox 1194 5810 1353 5862; x_wconf 81' lang='lat' dir='ltr'><strong>asper,</strong></span> <span class='ocrx_word' id='word_1_475' title='bbox 1380 5811 1484 5862; x_wconf 89' lang='lat' dir='ltr'><strong>pro,</strong></span> <span class='ocrx_word' id='word_1_476' title='bbox 1508 5801 1721 5861; x_wconf 71' lang='lat' dir='ltr'><strong>multus;</strong></span> <span class='ocrx_word' id='word_1_477' title='bbox 1744 5812 1839 5849; x_wconf 86' lang='lat' dir='ltr'><strong>nec</strong></span> <span class='ocrx_word' id='word_1_478' title='bbox 1860 5801 2004 5850; x_wconf 87' lang='lat' dir='ltr'><strong>male.</strong></span> 
     </span>
    </p>
   </div>
   <div class='ocr_carea' id='block_1_61' title="bbox 3866 341 3972 396">
    <p class='ocr_par' dir='ltr' id='par_1_61' title="bbox 3866 341 3972 396">
     <span class='ocr_line' id='line_1_61' title="bbox 3866 341 3972 396; baseline -0.019 0"><span class='ocrx_word' id='word_1_479' title='bbox 3866 341 3972 396; x_wconf 67' lang='grc' dir='ltr'><strong>ζ’ῗέ</strong></span> 
     </span>
    </p>
   </div>
   <div class='ocr_carea' id='block_1_62' title="bbox 2365 454 3970 528">
    <p class='ocr_par' dir='ltr' id='par_1_62' title="bbox 2365 454 3970 528">
     <span class='ocr_line' id='line_1_62' title="bbox 2365 454 3970 528; baseline -0.002 -18"><span class='ocrx_word' id='word_1_480' title='bbox 2365 454 2596 511; x_wconf 80' lang='lat' dir='ltr'><strong>Aliunde</strong></span> <span class='ocrx_word' id='word_1_481' title='bbox 2624 470 2837 526; x_wconf 87' lang='lat' dir='ltr'><strong>quoque</strong></span> <span class='ocrx_word' id='word_1_482' title='bbox 2862 460 3059 526; x_wconf 89' lang='lat' dir='ltr'><strong>poterit</strong></span> <span class='ocrx_word' id='word_1_483' title='bbox 3085 459 3224 512; x_wconf 90' lang='lat' dir='ltr'><strong>istud</strong></span> <span class='ocrx_word' id='word_1_484' title='bbox 3249 458 3488 528; x_wconf 85' lang='lat' dir='ltr'><strong>intelligi.</strong></span> <span class='ocrx_word' id='word_1_485' title='bbox 3517 472 3781 528; x_wconf 86' lang='lat' dir='ltr'><strong>supernos</strong></span> <span class='ocrx_word' id='word_1_486' title='bbox 3799 457 3970 511; x_wconf 85' lang='lat' dir='ltr'><strong>etiam</strong></span> 
     </span>
    </p>
   </div>
   <div class='ocr_carea' id='block_1_63' title="bbox 2365 545 3971 618">
    <p class='ocr_par' dir='ltr' id='par_1_63' title="bbox 2365 545 3971 618">
     <span class='ocr_line' id='line_1_63' title="bbox 2365 545 3971 618; baseline -0.001 -19"><span class='ocrx_word' id='word_1_487' title='bbox 2365 545 2598 600; x_wconf 89' lang='lat' dir='ltr'><strong>honores</strong></span> <span class='ocrx_word' id='word_1_488' title='bbox 2625 547 2859 602; x_wconf 89' lang='lat' dir='ltr'><strong>tribuere</strong></span> <span class='ocrx_word' id='word_1_489' title='bbox 2887 549 2939 601; x_wconf 93' lang='lat' dir='ltr'><strong>in</strong></span> <span class='ocrx_word' id='word_1_490' title='bbox 2974 549 3140 618; x_wconf 91' lang='lat' dir='ltr'><strong>ipsius</strong></span> <span class='ocrx_word' id='word_1_491' title='bbox 3173 558 3435 618; x_wconf 89' lang='lat' dir='ltr'><strong>potestate</strong></span> <span class='ocrx_word' id='word_1_492' title='bbox 3465 551 3624 604; x_wconf 90' lang='lat' dir='ltr'><strong>sitttm</strong></span> <span class='ocrx_word' id='word_1_493' title='bbox 3652 565 3792 603; x_wconf 88' lang='lat' dir='ltr'><strong>esse.</strong></span> <span class='ocrx_word' id='word_1_494' title='bbox 3827 548 3971 602; x_wconf 83' lang='lat' dir='ltr'><strong>Cum</strong></span> 
     </span>
    </p>
   </div>
   <div class='ocr_carea' id='block_1_64' title="bbox 2363 638 3985 722">
    <p class='ocr_par' dir='ltr' id='par_1_64' title="bbox 2363 638 3985 722">
     <span class='ocr_line' id='line_1_64' title="bbox 2363 638 3985 722; baseline 0.001 -31"><span class='ocrx_word' id='word_1_495' title='bbox 2363 638 2505 691; x_wconf 91' lang='lat' dir='ltr'><strong>enim</strong></span> <span class='ocrx_word' id='word_1_496' title='bbox 2529 647 2845 693; x_wconf 87' lang='lat' dir='ltr'><strong>cunctorum</strong></span> <span class='ocrx_word' id='word_1_497' title='bbox 2887 639 3164 694; x_wconf 89' lang='lat' dir='ltr'><strong>hominum</strong></span> <span class='ocrx_word' id='word_1_498' title='bbox 3195 642 3455 710; x_wconf 90' lang='lat' dir='ltr'><strong>optimum</strong></span> <span class='ocrx_word' id='word_1_499' title='bbox 3487 642 3537 694; x_wconf 92' lang='lat' dir='ltr'><strong>in</strong></span> <span class='ocrx_word' id='word_1_500' title='bbox 3569 642 3803 695; x_wconf 90' lang='lat' dir='ltr'><strong>medium</strong></span> <span class='ocrx_word' id='word_1_501' title='bbox 3836 654 3985 722; x_wconf 40' lang='lat' dir='ltr'><strong>pro:</strong></span> 
     </span>
    </p>
   </div>
   <div class='ocr_carea' id='block_1_65' title="bbox 2363 727 3974 794">
    <p class='ocr_par' dir='ltr' id='par_1_65' title="bbox 2363 727 3974 794">
     <span class='ocr_line' id='line_1_65' title="bbox 2363 727 3974 794; baseline 0.001 -13"><span class='ocrx_word' id='word_1_502' title='bbox 2363 727 2692 794; x_wconf 79' lang='lat' dir='ltr'><strong>duxerimus,</strong></span> <span class='ocrx_word' id='word_1_503' title='bbox 2728 738 2782 783; x_wconf 92' lang='lat' dir='ltr'><strong>et</strong></span> <span class='ocrx_word' id='word_1_504' title='bbox 2813 730 2953 783; x_wconf 92' lang='lat' dir='ltr'><strong>hunc</strong></span> <span class='ocrx_word' id='word_1_505' title='bbox 2982 731 3048 783; x_wconf 89' lang='lat' dir='ltr'><strong>ab</strong></span> <span class='ocrx_word' id='word_1_506' title='bbox 3070 745 3136 784; x_wconf 92' lang='lat' dir='ltr'><strong>eo</strong></span> <span class='ocrx_word' id='word_1_507' title='bbox 3164 730 3333 785; x_wconf 87' lang='lat' dir='ltr'><strong>fuisse</strong></span> <span class='ocrx_word' id='word_1_508' title='bbox 3348 743 3663 784; x_wconf 89' lang='lat' dir='ltr'><strong>coronatum</strong></span> <span class='ocrx_word' id='word_1_509' title='bbox 3704 728 3974 784; x_wconf 83' lang='lat' dir='ltr'><strong>ostende-</strong></span> 
     </span>
    </p>
   </div>
   <div class='ocr_carea' id='block_1_66' title="bbox 2364 820 3973 890">
    <p class='ocr_par' dir='ltr' id='par_1_66' title="bbox 2364 820 3973 890">
     <span class='ocr_line' id='line_1_66' title="bbox 2364 820 3973 890; baseline -0.001 -18"><span class='ocrx_word' id='word_1_510' title='bbox 2364 820 2553 885; x_wconf 90' lang='lat' dir='ltr'><strong>rimus,</strong></span> <span class='ocrx_word' id='word_1_511' title='bbox 2579 820 2699 887; x_wconf 90' lang='lat' dir='ltr'><strong>quis</strong></span> <span class='ocrx_word' id='word_1_512' title='bbox 2725 821 3057 875; x_wconf 84' lang='lat' dir='ltr'><strong>excusatiooi</strong></span> <span class='ocrx_word' id='word_1_513' title='bbox 3102 832 3295 874; x_wconf 79' lang='lat' dir='ltr'><strong>vesme</strong></span> <span class='ocrx_word' id='word_1_514' title='bbox 3341 821 3594 890; x_wconf 88' lang='lat' dir='ltr'><strong>deinceps</strong></span> <span class='ocrx_word' id='word_1_515' title='bbox 3621 822 3769 874; x_wconf 83' lang='lat' dir='ltr'><strong>locus</strong></span> <span class='ocrx_word' id='word_1_516' title='bbox 3793 820 3973 873; x_wconf 89' lang='lat' dir='ltr'><strong>relin-</strong></span> 
     </span>
    </p>
   </div>
   <div class='ocr_carea' id='block_1_67' title="bbox 2363 910 3972 981">
    <p class='ocr_par' dir='ltr' id='par_1_67' title="bbox 2363 910 3972 981">
     <span class='ocr_line' id='line_1_67' title="bbox 2363 910 3972 981; baseline 0 -18"><span class='ocrx_word' id='word_1_517' title='bbox 2363 911 2588 979; x_wconf 82' lang='lat' dir='ltr'><strong>quetur?</strong></span> <span class='ocrx_word' id='word_1_518' title='bbox 2618 912 2746 978; x_wconf 87' lang='lat' dir='ltr'><strong>Quis</strong></span> <span class='ocrx_word' id='word_1_519' title='bbox 2768 910 2925 981; x_wconf 86' lang='lat' dir='ltr'><strong>igitur</strong></span> <span class='ocrx_word' id='word_1_520' title='bbox 2949 921 3033 966; x_wconf 91' lang='lat' dir='ltr'><strong>est</strong></span> <span class='ocrx_word' id='word_1_521' title='bbox 3053 912 3140 966; x_wconf 92' lang='lat' dir='ltr'><strong>ille</strong></span> <span class='ocrx_word' id='word_1_522' title='bbox 3172 912 3384 965; x_wconf 89' lang='lat' dir='ltr'><strong>tandem</strong></span> <span class='ocrx_word' id='word_1_523' title='bbox 3414 913 3650 965; x_wconf 90' lang='lat' dir='ltr'><strong>omnium</strong></span> <span class='ocrx_word' id='word_1_524' title='bbox 3682 912 3972 966; x_wconf 88' lang='lat' dir='ltr'><strong>hominum</strong></span> 
     </span>
    </p>
   </div>
   <div class='ocr_carea' id='block_1_68' title="bbox 2363 1002 2634 1070">
    <p class='ocr_par' dir='ltr' id='par_1_68' title="bbox 2363 1002 2634 1070">
     <span class='ocr_line' id='line_1_68' title="bbox 2363 1002 2634 1070; baseline 0.004 -16"><span class='ocrx_word' id='word_1_525' title='bbox 2363 1002 2634 1070; x_wconf 89' lang='lat' dir='ltr'><strong>optimus?</strong></span> 
     </span>
    </p>
   </div>
   <div class='ocr_carea' id='block_1_69' title="bbox 2438 1092 3970 1163">
    <p class='ocr_par' dir='ltr' id='par_1_69' title="bbox 2438 1092 3970 1163">
     <span class='ocr_line' id='line_1_69' title="bbox 2438 1092 3970 1163; baseline 0 -18"><span class='ocrx_word' id='word_1_526' title='bbox 2438 1092 2596 1145; x_wconf 88' lang='lat' dir='ltr'><strong>Pauli</strong></span> <span class='ocrx_word' id='word_1_527' title='bbox 2626 1094 2857 1163; x_wconf 78' lang='lat' dir='ltr'><strong>Apostoli</strong></span> <span class='ocrx_word' id='word_1_528' title='bbox 2884 1096 3273 1148; x_wconf 87' lang='lat' dir='ltr'><strong>encomium.—</strong></span> <span class='ocrx_word' id='word_1_529' title='bbox 3292 1094 3423 1160; x_wconf 85' lang='lat' dir='ltr'><strong>Quis</strong></span> <span class='ocrx_word' id='word_1_530' title='bbox 3450 1109 3642 1163; x_wconf 87' lang='lat' dir='ltr'><strong>nempe</strong></span> <span class='ocrx_word' id='word_1_531' title='bbox 3670 1096 3830 1155; x_wconf 74' lang='lat' dir='ltr'><strong>alias,</strong></span> <span class='ocrx_word' id='word_1_532' title='bbox 3863 1095 3970 1147; x_wconf 81' lang='lat' dir='ltr'><strong>nisi</strong></span> 
     </span>
    </p>
   </div>
   <div class='ocr_carea' id='block_1_70' title="bbox 2366 1183 3974 1253">
    <p class='ocr_par' dir='ltr' id='par_1_70' title="bbox 2366 1183 3974 1253">
     <span class='ocr_line' id='line_1_70' title="bbox 2366 1183 3974 1253; baseline 0.001 -15"><span class='ocrx_word' id='word_1_533' title='bbox 2366 1183 2543 1253; x_wconf 75' lang='lat' dir='ltr'><strong>opifex</strong></span> <span class='ocrx_word' id='word_1_534' title='bbox 2566 1186 2654 1240; x_wconf 91' lang='lat' dir='ltr'><strong>ille</strong></span> <span class='ocrx_word' id='word_1_535' title='bbox 2672 1186 3159 1251; x_wconf 87' lang='lat' dir='ltr'><strong>tabernaculorum,</strong></span> <span class='ocrx_word' id='word_1_536' title='bbox 3184 1186 3371 1240; x_wconf 88' lang='lat' dir='ltr'><strong>doctor</strong></span> <span class='ocrx_word' id='word_1_537' title='bbox 3390 1186 3536 1240; x_wconf 90' lang='lat' dir='ltr'><strong>orbis</strong></span> <span class='ocrx_word' id='word_1_538' title='bbox 3565 1197 3848 1249; x_wconf 88' lang='lat' dir='ltr'><strong>terrarum,</strong></span> <span class='ocrx_word' id='word_1_539' title='bbox 3878 1190 3974 1253; x_wconf 80' lang='lat' dir='ltr'><strong>qui</strong></span> 
     </span>
    </p>
   </div>
   <div class='ocr_carea' id='block_1_71' title="bbox 2365 1277 3975 1346">
    <p class='ocr_par' dir='ltr' id='par_1_71' title="bbox 2365 1277 3975 1346">
     <span class='ocr_line' id='line_1_71' title="bbox 2365 1277 3975 1346; baseline 0.001 -16"><span class='ocrx_word' id='word_1_540' title='bbox 2365 1292 2514 1332; x_wconf 90' lang='lat' dir='ltr'><strong>mare</strong></span> <span class='ocrx_word' id='word_1_541' title='bbox 2546 1285 2815 1346; x_wconf 87' lang='lat' dir='ltr'><strong>tamquam</strong></span> <span class='ocrx_word' id='word_1_542' title='bbox 2843 1277 3016 1331; x_wconf 89' lang='lat' dir='ltr'><strong>alatus</strong></span> <span class='ocrx_word' id='word_1_543' title='bbox 3046 1278 3328 1346; x_wconf 86' lang='lat' dir='ltr'><strong>percurrit,</strong></span> <span class='ocrx_word' id='word_1_544' title='bbox 3355 1293 3449 1331; x_wconf 86' lang='lat' dir='ltr'><strong>vas</strong></span> <span class='ocrx_word' id='word_1_545' title='bbox 3478 1277 3775 1339; x_wconf 84' lang='lat' dir='ltr'><strong>electionis,</strong></span> <span class='ocrx_word' id='word_1_546' title='bbox 3800 1278 3975 1331; x_wconf 72' lang='lat' dir='ltr'><strong>(lhri-</strong></span> 
     </span>
    </p>
   </div>
   <div class='ocr_carea' id='block_1_72' title="bbox 2366 1370 3974 1440">
    <p class='ocr_par' dir='ltr' id='par_1_72' title="bbox 2366 1370 3974 1440">
     <span class='ocr_line' id='line_1_72' title="bbox 2366 1370 3974 1440; baseline 0.001 -18"><span class='ocrx_word' id='word_1_547' title='bbox 2366 1370 2432 1422; x_wconf 92' lang='lat' dir='ltr'><strong>sti</strong></span> <span class='ocrx_word' id='word_1_548' title='bbox 2463 1370 2765 1438; x_wconf 87' lang='lat' dir='ltr'><strong>nuptiarum</strong></span> <span class='ocrx_word' id='word_1_549' title='bbox 2795 1386 3017 1440; x_wconf 86' lang='lat' dir='ltr'><strong>auspex,</strong></span> <span class='ocrx_word' id='word_1_550' title='bbox 3046 1370 3301 1425; x_wconf 63' lang='lat' dir='ltr'><strong>Ecclesia:</strong></span> <span class='ocrx_word' id='word_1_551' title='bbox 3330 1371 3598 1435; x_wconf 82' lang='lat' dir='ltr'><strong>fundator,</strong></span> <span class='ocrx_word' id='word_1_552' title='bbox 3628 1372 3841 1440; x_wconf 85' lang='lat' dir='ltr'><strong>sapiens</strong></span> <span class='ocrx_word' id='word_1_553' title='bbox 3880 1386 3974 1424; x_wconf 86' lang='lat' dir='ltr'><strong>ar-</strong></span> 
     </span>
    </p>
   </div>
   <div class='ocr_carea' id='block_1_73' title="bbox 2364 1460 3975 1533">
    <p class='ocr_par' dir='ltr' id='par_1_73' title="bbox 2364 1460 3975 1533">
     <span class='ocr_line' id='line_1_73' title="bbox 2364 1460 3975 1533; baseline 0.001 -21"><span class='ocrx_word' id='word_1_554' title='bbox 2364 1460 2647 1518; x_wconf 90' lang='lat' dir='ltr'><strong>chitectus.</strong></span> <span class='ocrx_word' id='word_1_555' title='bbox 2701 1476 2899 1529; x_wconf 68' lang='lat' dir='ltr'><strong>prmco,</strong></span> <span class='ocrx_word' id='word_1_556' title='bbox 2949 1475 3158 1527; x_wconf 91' lang='lat' dir='ltr'><strong>cursor,</strong></span> <span class='ocrx_word' id='word_1_557' title='bbox 3208 1461 3432 1529; x_wconf 86' lang='lat' dir='ltr'><strong>athleta,</strong></span> <span class='ocrx_word' id='word_1_558' title='bbox 3490 1464 3668 1529; x_wconf 89' lang='lat' dir='ltr'><strong>miles,</strong></span> <span class='ocrx_word' id='word_1_559' title='bbox 3700 1465 3975 1533; x_wconf 65' lang='lat' dir='ltr'><strong>palmslm‘.</strong></span> 
     </span>
    </p>
   </div>
   <div class='ocr_carea' id='block_1_74' title="bbox 2366 1549 3973 1620">
    <p class='ocr_par' dir='ltr' id='par_1_74' title="bbox 2366 1549 3973 1620">
     <span class='ocr_line' id='line_1_74' title="bbox 2366 1549 3973 1620; baseline 0.004 -18"><span class='ocrx_word' id='word_1_560' title='bbox 2366 1549 2638 1618; x_wconf 85' lang='lat' dir='ltr'><strong>magister,</strong></span> <span class='ocrx_word' id='word_1_561' title='bbox 2682 1556 2771 1619; x_wconf 86' lang='lat' dir='ltr'><strong>qut</strong></span> <span class='ocrx_word' id='word_1_562' title='bbox 2800 1551 2997 1620; x_wconf 89' lang='lat' dir='ltr'><strong>ubique</strong></span> <span class='ocrx_word' id='word_1_563' title='bbox 3028 1561 3294 1606; x_wconf 74' lang='lat' dir='ltr'><strong>terrarum</strong></span> <span class='ocrx_word' id='word_1_564' title='bbox 3326 1563 3671 1608; x_wconf 88' lang='lat' dir='ltr'><strong>monumenta</strong></span> <span class='ocrx_word' id='word_1_565' title='bbox 3709 1570 3817 1607; x_wconf 70' lang='lat' dir='ltr'><strong>sum</strong></span> <span class='ocrx_word' id='word_1_566' title='bbox 3854 1569 3973 1608; x_wconf 71' lang='grc' dir='ltr'><strong>νιτ-</strong></span> 
     </span>
    </p>
   </div>
   <div class='ocr_carea' id='block_1_75' title="bbox 2368 1642 3979 1713">
    <p class='ocr_par' dir='ltr' id='par_1_75' title="bbox 2368 1642 3979 1713">
     <span class='ocr_line' id='line_1_75' title="bbox 2368 1642 3979 1713; baseline 0.002 -18"><span class='ocrx_word' id='word_1_567' title='bbox 2368 1644 2494 1695; x_wconf 87' lang='lat' dir='ltr'><strong>tutis</strong></span> <span class='ocrx_word' id='word_1_568' title='bbox 2520 1642 2756 1711; x_wconf 90' lang='lat' dir='ltr'><strong>reliquit,</strong></span> <span class='ocrx_word' id='word_1_569' title='bbox 2784 1644 2875 1713; x_wconf 89' lang='lat' dir='ltr'><strong>qui</strong></span> <span class='ocrx_word' id='word_1_570' title='bbox 2906 1644 3117 1698; x_wconf 90' lang='lat' dir='ltr'><strong>tertium</strong></span> <span class='ocrx_word' id='word_1_571' title='bbox 3148 1645 3199 1697; x_wconf 87' lang='lat' dir='ltr'><strong>in</strong></span> <span class='ocrx_word' id='word_1_572' title='bbox 3231 1645 3419 1699; x_wconf 79' lang='lat' dir='ltr'><strong>Caelum</strong></span> <span class='ocrx_word' id='word_1_573' title='bbox 3456 1655 3581 1700; x_wconf 87' lang='lat' dir='ltr'><strong>ante</strong></span> <span class='ocrx_word' id='word_1_574' title='bbox 3611 1647 3979 1700; x_wconf 61' lang='lat' dir='ltr'><strong>resurrectio.</strong></span> 
     </span>
    </p>
   </div>
   <div class='ocr_carea' id='block_1_76' title="bbox 2371 1734 3977 1807">
    <p class='ocr_par' dir='ltr' id='par_1_76' title="bbox 2371 1734 3977 1807">
     <span class='ocr_line' id='line_1_76' title="bbox 2371 1734 3977 1807; baseline 0.002 -21"><span class='ocrx_word' id='word_1_575' title='bbox 2371 1748 2492 1787; x_wconf 93' lang='lat' dir='ltr'><strong>nem</strong></span> <span class='ocrx_word' id='word_1_576' title='bbox 2538 1742 2721 1802; x_wconf 87' lang='lat' dir='ltr'><strong>raptus</strong></span> <span class='ocrx_word' id='word_1_577' title='bbox 2752 1743 2854 1797; x_wconf 90' lang='lat' dir='ltr'><strong>est,</strong></span> <span class='ocrx_word' id='word_1_578' title='bbox 2885 1735 2973 1802; x_wconf 93' lang='lat' dir='ltr'><strong>qui</strong></span> <span class='ocrx_word' id='word_1_579' title='bbox 3004 1734 3055 1787; x_wconf 91' lang='lat' dir='ltr'><strong>in</strong></span> <span class='ocrx_word' id='word_1_580' title='bbox 3086 1734 3385 1803; x_wconf 89' lang='lat' dir='ltr'><strong>paradisum</strong></span> <span class='ocrx_word' id='word_1_581' title='bbox 3419 1736 3682 1801; x_wconf 86' lang='lat' dir='ltr'><strong>sublatus,</strong></span> <span class='ocrx_word' id='word_1_582' title='bbox 3723 1737 3811 1806; x_wconf 91' lang='lat' dir='ltr'><strong>qui</strong></span> <span class='ocrx_word' id='word_1_583' title='bbox 3843 1754 3977 1807; x_wconf 71' lang='lat' dir='ltr'><strong>my-</strong></span> 
     </span>
    </p>
   </div>
   <div class='ocr_carea' id='block_1_77' title="bbox 2370 1828 3981 1899">
    <p class='ocr_par' dir='ltr' id='par_1_77' title="bbox 2370 1828 3981 1899">
     <span class='ocr_line' id='line_1_77' title="bbox 2370 1828 3981 1899; baseline 0.001 -17"><span class='ocrx_word' id='word_1_584' title='bbox 2370 1829 2652 1883; x_wconf 88' lang='lat' dir='ltr'><strong>steriorum</strong></span> <span class='ocrx_word' id='word_1_585' title='bbox 2686 1828 3032 1881; x_wconf 69' lang='lat' dir='ltr'><strong>ineﬁabilium</strong></span> <span class='ocrx_word' id='word_1_586' title='bbox 3067 1830 3331 1899; x_wconf 88' lang='lat' dir='ltr'><strong>particeps</strong></span> <span class='ocrx_word' id='word_1_587' title='bbox 3358 1844 3385 1881; x_wconf 91' lang='lat' dir='ltr'><strong>a</strong></span> <span class='ocrx_word' id='word_1_588' title='bbox 3420 1829 3531 1883; x_wconf 90' lang='lat' dir='ltr'><strong>Deo</strong></span> <span class='ocrx_word' id='word_1_589' title='bbox 3560 1829 3746 1892; x_wconf 88' lang='lat' dir='ltr'><strong>factus,</strong></span> <span class='ocrx_word' id='word_1_590' title='bbox 3776 1832 3869 1899; x_wconf 93' lang='lat' dir='ltr'><strong>qui</strong></span> <span class='ocrx_word' id='word_1_591' title='bbox 3895 1842 3981 1883; x_wconf 79' lang='lat' dir='ltr'><strong>ta-</strong></span> 
     </span>
    </p>
   </div>
   <div class='ocr_carea' id='block_1_78' title="bbox 2371 1919 3982 1989">
    <p class='ocr_par' dir='ltr' id='par_1_78' title="bbox 2371 1919 3982 1989">
     <span class='ocr_line' id='line_1_78' title="bbox 2371 1919 3982 1989; baseline 0.001 -17"><span class='ocrx_word' id='word_1_592' title='bbox 2371 1919 2436 1972; x_wconf 91' lang='lat' dir='ltr'><strong>lia</strong></span> <span class='ocrx_word' id='word_1_593' title='bbox 2461 1920 2661 1973; x_wconf 86' lang='lat' dir='ltr'><strong>audivit</strong></span> <span class='ocrx_word' id='word_1_594' title='bbox 2690 1929 2743 1973; x_wconf 90' lang='lat' dir='ltr'><strong>et</strong></span> <span class='ocrx_word' id='word_1_595' title='bbox 2772 1919 3023 1987; x_wconf 90' lang='lat' dir='ltr'><strong>loquutus</strong></span> <span class='ocrx_word' id='word_1_596' title='bbox 3044 1929 3145 1984; x_wconf 90' lang='lat' dir='ltr'><strong>est,</strong></span> <span class='ocrx_word' id='word_1_597' title='bbox 3175 1936 3295 1989; x_wconf 78' lang='lat' dir='ltr'><strong>qua:</strong></span> <span class='ocrx_word' id='word_1_598' title='bbox 3318 1930 3520 1974; x_wconf 73' lang='lat' dir='ltr'><strong>naturce</strong></span> <span class='ocrx_word' id='word_1_599' title='bbox 3543 1920 3685 1989; x_wconf 87' lang='lat' dir='ltr'><strong>loqui</strong></span> <span class='ocrx_word' id='word_1_600' title='bbox 3714 1937 3815 1974; x_wconf 91' lang='lat' dir='ltr'><strong>non</strong></span> <span class='ocrx_word' id='word_1_601' title='bbox 3841 1923 3982 1977; x_wconf 72' lang='lat' dir='ltr'><strong>“Ct&#39;l</strong></span> 
     </span>
    </p>
   </div>
   <div class='ocr_carea' id='block_1_79' title="bbox 2370 2012 3981 2082">
    <p class='ocr_par' dir='ltr' id='par_1_79' title="bbox 2370 2012 3981 2082">
     <span class='ocr_line' id='line_1_79' title="bbox 2370 2012 3981 2082; baseline -0.001 -17"><span class='ocrx_word' id='word_1_602' title='bbox 2370 2012 2639 2075; x_wconf 63' lang='lat' dir='ltr'><strong>humanae,</strong></span> <span class='ocrx_word' id='word_1_603' title='bbox 2674 2012 2762 2081; x_wconf 91' lang='lat' dir='ltr'><strong>qui</strong></span> <span class='ocrx_word' id='word_1_604' title='bbox 2791 2014 3016 2080; x_wconf 84' lang='lat' dir='ltr'><strong>gratiam</strong></span> <span class='ocrx_word' id='word_1_605' title='bbox 3044 2014 3402 2080; x_wconf 83' lang='lat' dir='ltr'><strong>c0piosiorem</strong></span> <span class='ocrx_word' id='word_1_606' title='bbox 3434 2014 3684 2077; x_wconf 87' lang='lat' dir='ltr'><strong>obtinuit,</strong></span> <span class='ocrx_word' id='word_1_607' title='bbox 3714 2025 3767 2069; x_wconf 91' lang='lat' dir='ltr'><strong>et</strong></span> <span class='ocrx_word' id='word_1_608' title='bbox 3790 2014 3981 2082; x_wconf 78' lang='lat' dir='ltr'><strong>majo-</strong></span> 
     </span>
    </p>
   </div>
   <div class='ocr_carea' id='block_1_80' title="bbox 2369 2102 3981 2171">
    <p class='ocr_par' dir='ltr' id='par_1_80' title="bbox 2369 2102 3981 2171">
     <span class='ocr_line' id='line_1_80' title="bbox 2369 2102 3981 2171; baseline 0.001 -14"><span class='ocrx_word' id='word_1_609' title='bbox 2369 2120 2481 2158; x_wconf 87' lang='lat' dir='ltr'><strong>rem</strong></span> <span class='ocrx_word' id='word_1_610' title='bbox 2513 2102 2751 2156; x_wconf 88' lang='lat' dir='ltr'><strong>laborem</strong></span> <span class='ocrx_word' id='word_1_611' title='bbox 2785 2104 3059 2157; x_wconf 80' lang='lat' dir='ltr'><strong>exhibuit?</strong></span> <span class='ocrx_word' id='word_1_612' title='bbox 3086 2103 3212 2158; x_wconf 88' lang='lat' dir='ltr'><strong>Plus</strong></span> <span class='ocrx_word' id='word_1_613' title='bbox 3255 2114 3433 2157; x_wconf 89' lang='lat' dir='ltr'><strong>autem</strong></span> <span class='ocrx_word' id='word_1_614' title='bbox 3479 2121 3637 2171; x_wconf 86' lang='lat' dir='ltr'><strong>quam</strong></span> <span class='ocrx_word' id='word_1_615' title='bbox 3685 2120 3876 2158; x_wconf 88' lang='lat' dir='ltr'><strong>omnes</strong></span> <span class='ocrx_word' id='word_1_616' title='bbox 3912 2120 3939 2157; x_wconf 84' lang='lat' dir='ltr'><strong>s</strong></span> <span class='ocrx_word' id='word_1_617' title='bbox 3973 2126 3981 2136; x_wconf 88' lang='grc'><strong>·</strong></span> 
     </span>
    </p>
   </div>
   <div class='ocr_carea' id='block_1_81' title="bbox 2370 2194 3986 2262">
    <p class='ocr_par' dir='ltr' id='par_1_81' title="bbox 2370 2194 3986 2262">
     <span class='ocr_line' id='line_1_81' title="bbox 2370 2194 3986 2262; baseline 0.002 -14"><span class='ocrx_word' id='word_1_618' title='bbox 2370 2195 2663 2255; x_wconf 89' lang='lat' dir='ltr'><strong>laborasse,</strong></span> <span class='ocrx_word' id='word_1_619' title='bbox 2722 2194 2895 2262; x_wconf 79' lang='lat' dir='ltr'><strong>ipsum</strong></span> <span class='ocrx_word' id='word_1_620' title='bbox 2950 2195 3218 2249; x_wconf 89' lang='lat' dir='ltr'><strong>dicentem</strong></span> <span class='ocrx_word' id='word_1_621' title='bbox 3270 2196 3431 2249; x_wconf 93' lang='lat' dir='ltr'><strong>audi:</strong></span> <span class='ocrx_word' id='word_1_622' title='bbox 3474 2196 3826 2250; x_wconf 77' lang='lat' dir='ltr'><strong>Abundantius</strong></span> <span class='ocrx_word' id='word_1_623' title='bbox 3868 2198 3986 2252; x_wconf 72' lang='lat' dir='ltr'><strong>illis</strong></span> 
     </span>
    </p>
   </div>
   <div class='ocr_carea' id='block_1_82' title="bbox 2370 2286 3987 2358">
    <p class='ocr_par' dir='ltr' id='par_1_82' title="bbox 2370 2286 3987 2358">
     <span class='ocr_line' id='line_1_82' title="bbox 2370 2286 3987 2358; baseline 0.002 -19"><span class='ocrx_word' id='word_1_624' title='bbox 2370 2286 2600 2339; x_wconf 82' lang='lat' dir='ltr'><strong>omnibus</strong></span> <span class='ocrx_word' id='word_1_625' title='bbox 2628 2286 2849 2339; x_wconf 80' lang='lat' dir='ltr'><strong>laboravi</strong></span> <span class='ocrx_word' id='word_1_626' title='bbox 2881 2286 2955 2358; x_wconf 86' lang='lat' dir='ltr'><strong>(l.</strong></span> <span class='ocrx_word' id='word_1_627' title='bbox 2999 2286 3117 2341; x_wconf 90' lang='lat' dir='ltr'><strong>Cor.</strong></span> <span class='ocrx_word' id='word_1_628' title='bbox 3163 2288 3249 2343; x_wconf 78' lang='grc'>15.</span> <span class='ocrx_word' id='word_1_629' title='bbox 3301 2286 3389 2354; x_wconf 78' lang='grc'><strong>10)</strong></span> <span class='ocrx_word' id='word_1_630' title='bbox 3414 2305 3429 2342; x_wconf 89' lang='lat'><strong>:</strong></span> <span class='ocrx_word' id='word_1_631' title='bbox 3453 2288 3593 2356; x_wconf 89' lang='lat' dir='ltr'><strong>quod</strong></span> <span class='ocrx_word' id='word_1_632' title='bbox 3621 2289 3665 2342; x_wconf 88' lang='lat' dir='ltr'><strong>si</strong></span> <span class='ocrx_word' id='word_1_633' title='bbox 3694 2289 3987 2343; x_wconf 57' lang='lat' dir='ltr'><strong>abundan-</strong></span> 
     </span>
    </p>
   </div>
   <div class='ocr_carea' id='block_1_83' title="bbox 2371 2378 3987 2444">
    <p class='ocr_par' dir='ltr' id='par_1_83' title="bbox 2371 2378 3987 2444">
     <span class='ocr_line' id='line_1_83' title="bbox 2371 2378 3987 2444; baseline 0.002 -14"><span class='ocrx_word' id='word_1_634' title='bbox 2371 2378 2498 2441; x_wconf 91' lang='lat' dir='ltr'><strong>tius,</strong></span> <span class='ocrx_word' id='word_1_635' title='bbox 2551 2392 2709 2444; x_wconf 90' lang='lat' dir='ltr'><strong>quam</strong></span> <span class='ocrx_word' id='word_1_636' title='bbox 2758 2394 2967 2439; x_wconf 87' lang='lat' dir='ltr'><strong>omnes,</strong></span> <span class='ocrx_word' id='word_1_637' title='bbox 3017 2378 3229 2431; x_wconf 88' lang='lat' dir='ltr'><strong>labores</strong></span> <span class='ocrx_word' id='word_1_638' title='bbox 3281 2380 3553 2441; x_wconf 90' lang='lat' dir='ltr'><strong>sustinuit,</strong></span> <span class='ocrx_word' id='word_1_639' title='bbox 3609 2380 3987 2433; x_wconf 86' lang='lat' dir='ltr'><strong>abundantius</strong></span> 
     </span>
    </p>
   </div>
   <div class='ocr_carea' id='block_1_84' title="bbox 2371 2470 3988 2542">
    <p class='ocr_par' dir='ltr' id='par_1_84' title="bbox 2371 2470 3988 2542">
     <span class='ocr_line' id='line_1_84' title="bbox 2371 2470 3988 2542; baseline 0.002 -18"><span class='ocrx_word' id='word_1_640' title='bbox 2371 2470 2531 2524; x_wconf 87' lang='lat' dir='ltr'><strong>etiam</strong></span> <span class='ocrx_word' id='word_1_641' title='bbox 2560 2472 2922 2525; x_wconf 88' lang='lat' dir='ltr'><strong>coronabilur.</strong></span> <span class='ocrx_word' id='word_1_642' title='bbox 2956 2470 3311 2542; x_wconf 74' lang='lat' dir='ltr'><strong>Unusquisque</strong></span> <span class='ocrx_word' id='word_1_643' title='bbox 3338 2472 3467 2524; x_wconf 86' lang='lat' dir='ltr'><strong>enim</strong></span> <span class='ocrx_word' id='word_1_644' title='bbox 3498 2474 3755 2542; x_wconf 85' lang='lat' dir='ltr'><strong>propriam</strong></span> <span class='ocrx_word' id='word_1_645' title='bbox 3781 2491 3988 2527; x_wconf 81' lang='lat' dir='ltr'><strong>mercc—</strong></span> 
     </span>
    </p>
   </div>
   <div class='ocr_carea' id='block_1_85' title="bbox 2372 2562 3989 2638">
    <p class='ocr_par' dir='ltr' id='par_1_85' title="bbox 2372 2562 3989 2638">
     <span class='ocr_line' id='line_1_85' title="bbox 2372 2562 3989 2638; baseline 0.004 -23"><span class='ocrx_word' id='word_1_646' title='bbox 2372 2562 2485 2615; x_wconf 85' lang='lat' dir='ltr'><strong>dem</strong></span> <span class='ocrx_word' id='word_1_647' title='bbox 2526 2563 2745 2631; x_wconf 80' lang='lat' dir='ltr'><strong>accipiet</strong></span> <span class='ocrx_word' id='word_1_648' title='bbox 2769 2562 3046 2616; x_wconf 76' lang='lat' dir='ltr'><strong>secundant</strong></span> <span class='ocrx_word' id='word_1_649' title='bbox 3093 2565 3354 2632; x_wconf 82' lang='lat' dir='ltr'><strong>proprium</strong></span> <span class='ocrx_word' id='word_1_650' title='bbox 3393 2565 3614 2638; x_wconf 77' lang='lat' dir='ltr'><strong>laborem</strong></span> <span class='ocrx_word' id='word_1_651' title='bbox 3646 2564 3755 2637; x_wconf 89' lang='lat' dir='ltr'><strong>(Id.</strong></span> <span class='ocrx_word' id='word_1_652' title='bbox 3794 2567 3846 2621; x_wconf 75' lang='grc'>5.</span> <span class='ocrx_word' id='word_1_653' title='bbox 3894 2568 3989 2631; x_wconf 69' lang='lat'><strong>8}.</strong></span> 
     </span>
    </p>
   </div>
   <div class='ocr_carea' id='block_1_86' title="bbox 2374 2654 3985 2726">
    <p class='ocr_par' dir='ltr' id='par_1_86' title="bbox 2374 2654 3985 2726">
     <span class='ocr_line' id='line_1_86' title="bbox 2374 2654 3985 2726; baseline 0.002 -21"><span class='ocrx_word' id='word_1_654' title='bbox 2374 2654 2429 2706; x_wconf 89' lang='lat' dir='ltr'><strong>Si</strong></span> <span class='ocrx_word' id='word_1_655' title='bbox 2460 2669 2589 2723; x_wconf 87' lang='lat' dir='ltr'><strong>ergo</strong></span> <span class='ocrx_word' id='word_1_656' title='bbox 2618 2654 2873 2721; x_wconf 89' lang='lat' dir='ltr'><strong>majorem</strong></span> <span class='ocrx_word' id='word_1_657' title='bbox 2900 2669 3057 2722; x_wconf 89' lang='lat' dir='ltr'><strong>quant</strong></span> <span class='ocrx_word' id='word_1_658' title='bbox 3091 2655 3329 2723; x_wconf 84' lang='lat' dir='ltr'><strong>Apostoli</strong></span> <span class='ocrx_word' id='word_1_659' title='bbox 3360 2670 3613 2710; x_wconf 88' lang='lat' dir='ltr'><strong>coronam</strong></span> <span class='ocrx_word' id='word_1_660' title='bbox 3644 2658 3985 2726; x_wconf 55' lang='lat' dir='ltr'><strong>accipique-</strong></span> 
     </span>
    </p>
   </div>
   <div class='ocr_carea' id='block_1_87' title="bbox 2373 2733 3987 2816">
    <p class='ocr_par' dir='ltr' id='par_1_87' title="bbox 2373 2733 3987 2816">
     <span class='ocr_line' id='line_1_87' title="bbox 2373 2733 3987 2816; baseline 0.003 -18"><span class='ocrx_word' id='word_1_661' title='bbox 2373 2761 2462 2798; x_wconf 92' lang='lat' dir='ltr'><strong>mo</strong></span> <span class='ocrx_word' id='word_1_662' title='bbox 2493 2760 2655 2813; x_wconf 89' lang='lat' dir='ltr'><strong>porro</strong></span> <span class='ocrx_word' id='word_1_663' title='bbox 2684 2745 2853 2813; x_wconf 89' lang='lat' dir='ltr'><strong>potuit</strong></span> <span class='ocrx_word' id='word_1_664' title='bbox 2876 2744 3163 2814; x_wconf 84' lang='lat' dir='ltr'><strong>Apostolos</strong></span> <span class='ocrx_word' id='word_1_665' title='bbox 3192 2733 3429 2814; x_wconf 67' lang='lat' dir='ltr'><strong>requare,</strong></span> <span class='ocrx_word' id='word_1_666' title='bbox 3457 2747 3652 2816; x_wconf 89' lang='lat' dir='ltr'><strong>quibus</strong></span> <span class='ocrx_word' id='word_1_667' title='bbox 3681 2747 3764 2799; x_wconf 87' lang='lat' dir='ltr'><strong>hic</strong></span> <span class='ocrx_word' id='word_1_668' title='bbox 3790 2758 3987 2803; x_wconf 87' lang='lat' dir='ltr'><strong>tamen</strong></span> 
     </span>
    </p>
   </div>
   <div class='ocr_carea' id='block_1_88' title="bbox 2374 2837 3988 2908">
    <p class='ocr_par' dir='ltr' id='par_1_88' title="bbox 2374 2837 3988 2908">
     <span class='ocr_line' id='line_1_88' title="bbox 2374 2837 3988 2908; baseline 0.002 -17"><span class='ocrx_word' id='word_1_669' title='bbox 2374 2838 2546 2908; x_wconf 90' lang='lat' dir='ltr'><strong>major</strong></span> <span class='ocrx_word' id='word_1_670' title='bbox 2576 2837 2730 2906; x_wconf 86' lang='lat' dir='ltr'><strong>fuit):</strong></span> <span class='ocrx_word' id='word_1_671' title='bbox 2761 2837 2901 2893; x_wconf 88' lang='lat' dir='ltr'><strong>haud</strong></span> <span class='ocrx_word' id='word_1_672' title='bbox 2930 2838 3150 2893; x_wconf 88' lang='lat' dir='ltr'><strong>dubium</strong></span> <span class='ocrx_word' id='word_1_673' title='bbox 3190 2839 3316 2907; x_wconf 91' lang='lat' dir='ltr'><strong>quin</strong></span> <span class='ocrx_word' id='word_1_674' title='bbox 3344 2854 3653 2908; x_wconf 88' lang='lat' dir='ltr'><strong>supremum</strong></span> <span class='ocrx_word' id='word_1_675' title='bbox 3686 2840 3834 2893; x_wconf 90' lang='lat' dir='ltr'><strong>illum</strong></span> <span class='ocrx_word' id='word_1_676' title='bbox 3867 2841 3988 2895; x_wconf 85' lang='lat' dir='ltr'><strong>ho-</strong></span> 
     </span>
    </p>
   </div>
   <div class='ocr_carea' id='block_1_89' title="bbox 2376 2929 3989 3001">
    <p class='ocr_par' dir='ltr' id='par_1_89' title="bbox 2376 2929 3989 3001">
     <span class='ocr_line' id='line_1_89' title="bbox 2376 2929 3989 3001; baseline -0.001 -18"><span class='ocrx_word' id='word_1_677' title='bbox 2376 2945 2563 2983; x_wconf 89' lang='lat' dir='ltr'><strong>norem</strong></span> <span class='ocrx_word' id='word_1_678' title='bbox 2590 2940 2644 2983; x_wconf 91' lang='lat' dir='ltr'><strong>et</strong></span> <span class='ocrx_word' id='word_1_679' title='bbox 2669 2929 2813 2984; x_wconf 90' lang='lat' dir='ltr'><strong>sedis</strong></span> <span class='ocrx_word' id='word_1_680' title='bbox 2836 2931 3236 2999; x_wconf 76' lang='lat' dir='ltr'><strong>praerogativam</strong></span> <span class='ocrx_word' id='word_1_681' title='bbox 3262 2930 3334 2984; x_wconf 87' lang='lat' dir='ltr'><strong>sit</strong></span> <span class='ocrx_word' id='word_1_682' title='bbox 3360 2939 3825 2999; x_wconf 79' lang='lat' dir='ltr'><strong>consequuturos:</strong></span> <span class='ocrx_word' id='word_1_683' title='bbox 3852 2933 3989 3001; x_wconf 53' lang='lat' dir='ltr'><strong>quis</strong></span> 
     </span>
    </p>
   </div>
   <div class='ocr_carea' id='block_1_90' title="bbox 2378 3023 3990 3093">
    <p class='ocr_par' dir='ltr' id='par_1_90' title="bbox 2378 3023 3990 3093">
     <span class='ocr_line' id='line_1_90' title="bbox 2378 3023 3990 3093; baseline 0.002 -18"><span class='ocrx_word' id='word_1_684' title='bbox 2378 3023 2526 3076; x_wconf 92' lang='lat' dir='ltr'><strong>illum</strong></span> <span class='ocrx_word' id='word_1_685' title='bbox 2554 3023 2714 3092; x_wconf 87' lang='lat' dir='ltr'><strong>igitur</strong></span> <span class='ocrx_word' id='word_1_686' title='bbox 2739 3023 3052 3077; x_wconf 90' lang='lat' dir='ltr'><strong>coronabit?</strong></span> <span class='ocrx_word' id='word_1_687' title='bbox 3078 3023 3254 3093; x_wconf 88' lang='lat' dir='ltr'><strong>Ipsum</strong></span> <span class='ocrx_word' id='word_1_688' title='bbox 3282 3023 3548 3078; x_wconf 91' lang='lat' dir='ltr'><strong>dicentem</strong></span> <span class='ocrx_word' id='word_1_689' title='bbox 3581 3024 3703 3077; x_wconf 90' lang='lat' dir='ltr'><strong>audi</strong></span> <span class='ocrx_word' id='word_1_690' title='bbox 3734 3043 3745 3078; x_wconf 95' lang='lat'>:</span> <span class='ocrx_word' id='word_1_691' title='bbox 3772 3024 3990 3080; x_wconf 71' lang='lat' dir='ltr'><strong>Bonum</strong></span> 
     </span>
    </p>
   </div>
   <div class='ocr_carea' id='block_1_91' title="bbox 2376 3101 3990 3185">
    <p class='ocr_par' dir='ltr' id='par_1_91' title="bbox 2376 3101 3990 3185">
     <span class='ocr_line' id='line_1_91' title="bbox 2376 3101 3990 3185; baseline 0.002 -18"><span class='ocrx_word' id='word_1_692' title='bbox 2376 3125 2628 3167; x_wconf 79' lang='lat' dir='ltr'><strong>certamen</strong></span> <span class='ocrx_word' id='word_1_693' title='bbox 2650 3116 2858 3181; x_wconf 86' lang='lat' dir='ltr'><strong>certavi,</strong></span> <span class='ocrx_word' id='word_1_694' title='bbox 2887 3132 3091 3169; x_wconf 78' lang='lat' dir='ltr'><strong>cursum</strong></span> <span class='ocrx_word' id='word_1_695' title='bbox 3110 3117 3475 3183; x_wconf 75' lang='lat' dir='ltr'><strong>consummavi,</strong></span> <span class='ocrx_word' id='word_1_696' title='bbox 3497 3101 3651 3185; x_wconf 77' lang='lat' dir='ltr'><strong>ﬁdem</strong></span> <span class='ocrx_word' id='word_1_697' title='bbox 3675 3119 3886 3171; x_wconf 75' lang='lat' dir='ltr'><strong>servavi.</strong></span> <span class='ocrx_word' id='word_1_698' title='bbox 3914 3118 3990 3171; x_wconf 83' lang='lat' dir='ltr'><strong>In</strong></span> 
     </span>
    </p>
   </div>
   <div class='ocr_carea' id='block_1_92' title="bbox 2374 3204 3991 3277">
    <p class='ocr_par' dir='ltr' id='par_1_92' title="bbox 2374 3204 3991 3277">
     <span class='ocr_line' id='line_1_92' title="bbox 2374 3204 3991 3277; baseline 0.002 -20"><span class='ocrx_word' id='word_1_699' title='bbox 2374 3204 2569 3275; x_wconf 81' lang='lat' dir='ltr'><strong>reliquo</strong></span> <span class='ocrx_word' id='word_1_700' title='bbox 2594 3208 2817 3274; x_wconf 81' lang='lat' dir='ltr'><strong>reposita</strong></span> <span class='ocrx_word' id='word_1_701' title='bbox 2846 3216 2919 3259; x_wconf 72' lang='lat' dir='ltr'><strong>est</strong></span> <span class='ocrx_word' id='word_1_702' title='bbox 2962 3207 3084 3258; x_wconf 82' lang='lat' dir='ltr'><strong>mihi</strong></span> <span class='ocrx_word' id='word_1_703' title='bbox 3113 3223 3301 3260; x_wconf 81' lang='lat' dir='ltr'><strong>corona</strong></span> <span class='ocrx_word' id='word_1_704' title='bbox 3321 3208 3557 3276; x_wconf 72' lang='lat' dir='ltr'><strong>justitiaz.</strong></span> <span class='ocrx_word' id='word_1_705' title='bbox 3604 3225 3757 3277; x_wconf 88' lang='lat' dir='ltr'><strong>quam</strong></span> <span class='ocrx_word' id='word_1_706' title='bbox 3800 3210 3991 3261; x_wconf 69' lang='lat' dir='ltr'><strong>reddet</strong></span> 
     </span>
    </p>
   </div>
   <div class='ocr_carea' id='block_1_93' title="bbox 2376 3295 3987 3367">
    <p class='ocr_par' dir='ltr' id='par_1_93' title="bbox 2376 3295 3987 3367">
     <span class='ocr_line' id='line_1_93' title="bbox 2376 3295 3987 3367; baseline 0.002 -18"><span class='ocrx_word' id='word_1_707' title='bbox 2376 3297 2503 3349; x_wconf 81' lang='lat' dir='ltr'><strong>mihi</strong></span> <span class='ocrx_word' id='word_1_708' title='bbox 2539 3295 2790 3350; x_wconf 83' lang='lat' dir='ltr'><strong>Dominus</strong></span> <span class='ocrx_word' id='word_1_709' title='bbox 2813 3298 2864 3350; x_wconf 90' lang='lat' dir='ltr'><strong>in</strong></span> <span class='ocrx_word' id='word_1_710' title='bbox 2894 3299 2985 3351; x_wconf 84' lang='lat' dir='ltr'><strong>illa</strong></span> <span class='ocrx_word' id='word_1_711' title='bbox 3014 3299 3095 3350; x_wconf 86' lang='lat' dir='ltr'><strong>die</strong></span> <span class='ocrx_word' id='word_1_712' title='bbox 3114 3298 3289 3367; x_wconf 76' lang='lat' dir='ltr'><strong>justus</strong></span> <span class='ocrx_word' id='word_1_713' title='bbox 3322 3299 3487 3367; x_wconf 72' lang='lat' dir='ltr'><strong>judex</strong></span> <span class='ocrx_word' id='word_1_714' title='bbox 3516 3298 3590 3367; x_wconf 72' lang='lat'><strong>(9..</strong></span> <span class='ocrx_word' id='word_1_715' title='bbox 3634 3298 3769 3352; x_wconf 88' lang='lat' dir='ltr'><strong>Tim.</strong></span> <span class='ocrx_word' id='word_1_716' title='bbox 3803 3300 3857 3352; x_wconf 76' lang='grc'>4.</span> <span class='ocrx_word' id='word_1_717' title='bbox 3892 3300 3987 3358; x_wconf 79' lang='lat'><strong>7).</strong></span> 
     </span>
    </p>
   </div>
   <div class='ocr_carea' id='block_1_94' title="bbox 2378 3388 3990 3458">
    <p class='ocr_par' dir='ltr' id='par_1_94' title="bbox 2378 3388 3990 3458">
     <span class='ocr_line' id='line_1_94' title="bbox 2378 3388 3990 3458; baseline 0.001 -15"><span class='ocrx_word' id='word_1_718' title='bbox 2378 3388 2536 3444; x_wconf 72' lang='lat' dir='ltr'><strong>Pater</strong></span> <span class='ocrx_word' id='word_1_719' title='bbox 2558 3406 2656 3441; x_wconf 86' lang='lat' dir='ltr'><strong>non</strong></span> <span class='ocrx_word' id='word_1_720' title='bbox 2673 3390 2875 3458; x_wconf 87' lang='lat' dir='ltr'><strong>judicat</strong></span> <span class='ocrx_word' id='word_1_721' title='bbox 2905 3407 3227 3458; x_wconf 84' lang='lat' dir='ltr'><strong>quemquam,</strong></span> <span class='ocrx_word' id='word_1_722' title='bbox 3269 3392 3357 3444; x_wconf 78' lang='lat' dir='ltr'><strong>sed</strong></span> <span class='ocrx_word' id='word_1_723' title='bbox 3386 3407 3533 3443; x_wconf 87' lang='lat' dir='ltr'><strong>omne</strong></span> <span class='ocrx_word' id='word_1_724' title='bbox 3549 3391 3805 3457; x_wconf 85' lang='lat' dir='ltr'><strong>judicium</strong></span> <span class='ocrx_word' id='word_1_725' title='bbox 3836 3390 3990 3444; x_wconf 84' lang='lat' dir='ltr'><strong>dedit</strong></span> 
     </span>
    </p>
   </div>
   <div class='ocr_carea' id='block_1_95' title="bbox 2380 3479 3993 3550">
    <p class='ocr_par' dir='ltr' id='par_1_95' title="bbox 2380 3479 3993 3550">
     <span class='ocr_line' id='line_1_95' title="bbox 2380 3479 3993 3550; baseline 0.002 -17"><span class='ocrx_word' id='word_1_726' title='bbox 2380 3480 2519 3533; x_wconf 80' lang='lat' dir='ltr'><strong>Filio</strong></span> <span class='ocrx_word' id='word_1_727' title='bbox 2540 3479 2722 3548; x_wconf 83' lang='lat' dir='ltr'><strong>(Joan.</strong></span> <span class='ocrx_word' id='word_1_728' title='bbox 2752 3481 2804 3534; x_wconf 79' lang='grc'>5.</span> <span class='ocrx_word' id='word_1_729' title='bbox 2837 3480 2953 3550; x_wconf 69' lang='grc'>22).</span> <span class='ocrx_word' id='word_1_730' title='bbox 3000 3481 3182 3550; x_wconf 78' lang='lat' dir='ltr'><strong>Neque</strong></span> <span class='ocrx_word' id='word_1_731' title='bbox 3212 3496 3340 3535; x_wconf 90' lang='lat' dir='ltr'><strong>vero</strong></span> <span class='ocrx_word' id='word_1_732' title='bbox 3368 3491 3571 3534; x_wconf 89' lang='lat' dir='ltr'><strong>tantum</strong></span> <span class='ocrx_word' id='word_1_733' title='bbox 3613 3481 3736 3535; x_wconf 91' lang='lat' dir='ltr'><strong>inde</strong></span> <span class='ocrx_word' id='word_1_734' title='bbox 3763 3491 3993 3536; x_wconf 74' lang='lat' dir='ltr'><strong>constat</strong></span> 
     </span>
    </p>
   </div>
   <div class='ocr_carea' id='block_1_96' title="bbox 2380 3572 3992 3642">
    <p class='ocr_par' dir='ltr' id='par_1_96' title="bbox 2380 3572 3992 3642">
     <span class='ocr_line' id='line_1_96' title="bbox 2380 3572 3992 3642; baseline 0.001 -17"><span class='ocrx_word' id='word_1_735' title='bbox 2380 3573 2541 3637; x_wconf 86' lang='lat' dir='ltr'><strong>istud,</strong></span> <span class='ocrx_word' id='word_1_736' title='bbox 2590 3572 2683 3626; x_wconf 88' lang='lat' dir='ltr'><strong>sed</strong></span> <span class='ocrx_word' id='word_1_737' title='bbox 2714 3577 2874 3627; x_wconf 90' lang='lat' dir='ltr'><strong>etiam</strong></span> <span class='ocrx_word' id='word_1_738' title='bbox 2907 3590 2969 3627; x_wconf 84' lang='lat' dir='ltr'><strong>ex</strong></span> <span class='ocrx_word' id='word_1_739' title='bbox 3000 3573 3085 3637; x_wconf 86' lang='lat' dir='ltr'><strong>iis,</strong></span> <span class='ocrx_word' id='word_1_740' title='bbox 3127 3589 3246 3642; x_wconf 71' lang='lat' dir='ltr'><strong>qua:</strong></span> <span class='ocrx_word' id='word_1_741' title='bbox 3284 3581 3615 3642; x_wconf 90' lang='lat' dir='ltr'><strong>sequuntur:</strong></span> <span class='ocrx_word' id='word_1_742' title='bbox 3644 3572 3765 3626; x_wconf 84' lang='lat' dir='ltr'><strong>Non</strong></span> <span class='ocrx_word' id='word_1_743' title='bbox 3813 3574 3992 3627; x_wconf 76' lang='lat' dir='ltr'><strong>solum</strong></span> 
     </span>
    </p>
   </div>
   <div class='ocr_carea' id='block_1_97' title="bbox 2378 3660 3988 3735">
    <p class='ocr_par' dir='ltr' id='par_1_97' title="bbox 2378 3660 3988 3735">
     <span class='ocr_line' id='line_1_97' title="bbox 2378 3660 3988 3735; baseline 0 -18"><span class='ocrx_word' id='word_1_744' title='bbox 2378 3674 2546 3718; x_wconf 88' lang='lat' dir='ltr'><strong>autem</strong></span> <span class='ocrx_word' id='word_1_745' title='bbox 2578 3665 2722 3728; x_wconf 84' lang='lat' dir='ltr'><strong>mihi,</strong></span> <span class='ocrx_word' id='word_1_746' title='bbox 2751 3666 2839 3717; x_wconf 83' lang='lat' dir='ltr'><strong>sed</strong></span> <span class='ocrx_word' id='word_1_747' title='bbox 2860 3674 2904 3717; x_wconf 90' lang='lat' dir='ltr'><strong>et</strong></span> <span class='ocrx_word' id='word_1_748' title='bbox 2932 3662 3164 3719; x_wconf 75' lang='lat' dir='ltr'><strong>omnibus</strong></span> <span class='ocrx_word' id='word_1_749' title='bbox 3190 3666 3277 3731; x_wconf 86' lang='lat' dir='ltr'><strong>qui</strong></span> <span class='ocrx_word' id='word_1_750' title='bbox 3303 3660 3573 3717; x_wconf 70' lang='lat' dir='ltr'><strong>dilexerint</strong></span> <span class='ocrx_word' id='word_1_751' title='bbox 3600 3666 3988 3735; x_wconf 82' lang='lat' dir='ltr'><strong>apparitiouem</strong></span> 
     </span>
    </p>
   </div>
   <div class='ocr_carea' id='block_1_98' title="bbox 2380 3756 3983 3829">
    <p class='ocr_par' dir='ltr' id='par_1_98' title="bbox 2380 3756 3983 3829">
     <span class='ocr_line' id='line_1_98' title="bbox 2380 3756 3983 3829; baseline 0.001 -19"><span class='ocrx_word' id='word_1_752' title='bbox 2380 3758 2491 3827; x_wconf 75' lang='lat' dir='ltr'><strong>ejus</strong></span> <span class='ocrx_word' id='word_1_753' title='bbox 2518 3757 2595 3827; x_wconf 75' lang='lat'><strong>(2.</strong></span> <span class='ocrx_word' id='word_1_754' title='bbox 2618 3756 2751 3809; x_wconf 86' lang='lat' dir='ltr'><strong>Tim.</strong></span> <span class='ocrx_word' id='word_1_755' title='bbox 2776 3759 2830 3811; x_wconf 71' lang='grc'>4.</span> <span class='ocrx_word' id='word_1_756' title='bbox 2856 3756 2935 3829; x_wconf 85' lang='grc'><strong>8).</strong></span> <span class='ocrx_word' id='word_1_757' title='bbox 2956 3756 3248 3827; x_wconf 86' lang='lat' dir='ltr'><strong>Cujusnam</strong></span> <span class='ocrx_word' id='word_1_758' title='bbox 3276 3772 3436 3826; x_wconf 87' lang='lat' dir='ltr'><strong>porro</strong></span> <span class='ocrx_word' id='word_1_759' title='bbox 3459 3756 3574 3810; x_wconf 70' lang='lat' dir='ltr'><strong>hzcc</strong></span> <span class='ocrx_word' id='word_1_760' title='bbox 3599 3757 3868 3825; x_wconf 86' lang='lat' dir='ltr'><strong>apparitio</strong></span> <span class='ocrx_word' id='word_1_761' title='bbox 3889 3760 3983 3811; x_wconf 86' lang='lat' dir='ltr'><strong>sit.</strong></span> 
     </span>
    </p>
   </div>
   <div class='ocr_carea' id='block_1_99' title="bbox 2379 3845 3990 3917">
    <p class='ocr_par' dir='ltr' id='par_1_99' title="bbox 2379 3845 3990 3917">
     <span class='ocr_line' id='line_1_99' title="bbox 2379 3845 3990 3917; baseline 0.001 -17"><span class='ocrx_word' id='word_1_762' title='bbox 2379 3846 2502 3900; x_wconf 92' lang='lat' dir='ltr'><strong>audi</strong></span> <span class='ocrx_word' id='word_1_763' title='bbox 2536 3862 2658 3900; x_wconf 92' lang='lat' dir='ltr'><strong>eum</strong></span> <span class='ocrx_word' id='word_1_764' title='bbox 2709 3847 2797 3915; x_wconf 90' lang='lat' dir='ltr'><strong>qui</strong></span> <span class='ocrx_word' id='word_1_765' title='bbox 2845 3858 3057 3901; x_wconf 88' lang='lat' dir='ltr'><strong>narrat:</strong></span> <span class='ocrx_word' id='word_1_766' title='bbox 3088 3846 3337 3916; x_wconf 81' lang='lat' dir='ltr'><strong>Apparuit</strong></span> <span class='ocrx_word' id='word_1_767' title='bbox 3380 3847 3547 3917; x_wconf 85' lang='lat' dir='ltr'><strong>gratia</strong></span> <span class='ocrx_word' id='word_1_768' title='bbox 3588 3845 3687 3900; x_wconf 85' lang='lat' dir='ltr'><strong>Dei</strong></span> <span class='ocrx_word' id='word_1_769' title='bbox 3736 3848 3990 3901; x_wconf 71' lang='lat' dir='ltr'><strong>salutaris</strong></span> 
     </span>
    </p>
   </div>
   <div class='ocr_carea' id='block_1_100' title="bbox 2380 3936 3989 4007">
    <p class='ocr_par' dir='ltr' id='par_1_100' title="bbox 2380 3936 3989 4007">
     <span class='ocr_line' id='line_1_100' title="bbox 2380 3936 3989 4007; baseline 0 -17"><span class='ocrx_word' id='word_1_770' title='bbox 2380 3938 2612 3990; x_wconf 78' lang='lat' dir='ltr'><strong>omnibus</strong></span> <span class='ocrx_word' id='word_1_771' title='bbox 2641 3938 2947 3998; x_wconf 78' lang='lat' dir='ltr'><strong>hominibus,</strong></span> <span class='ocrx_word' id='word_1_772' title='bbox 2981 3937 3217 3991; x_wconf 72' lang='lat' dir='ltr'><strong>erudiens</strong></span> <span class='ocrx_word' id='word_1_773' title='bbox 3246 3954 3358 4001; x_wconf 80' lang='lat' dir='ltr'><strong>nos,</strong></span> <span class='ocrx_word' id='word_1_774' title='bbox 3390 3946 3442 3988; x_wconf 87' lang='lat' dir='ltr'><strong>ut</strong></span> <span class='ocrx_word' id='word_1_775' title='bbox 3469 3936 3773 4007; x_wconf 71' lang='lat' dir='ltr'><strong>abuegantes</strong></span> <span class='ocrx_word' id='word_1_776' title='bbox 3798 3937 3989 4004; x_wconf 80' lang='lat' dir='ltr'><strong>impie-</strong></span> 
     </span>
    </p>
   </div>
   <div class='ocr_carea' id='block_1_101' title="bbox 2381 4030 3989 4100">
    <p class='ocr_par' dir='ltr' id='par_1_101' title="bbox 2381 4030 3989 4100">
     <span class='ocr_line' id='line_1_101' title="bbox 2381 4030 3989 4100; baseline -0.002 -14"><span class='ocrx_word' id='word_1_777' title='bbox 2381 4042 2553 4096; x_wconf 84' lang='lat' dir='ltr'><strong>tatem,</strong></span> <span class='ocrx_word' id='word_1_778' title='bbox 2585 4043 2632 4085; x_wconf 88' lang='lat' dir='ltr'><strong>et</strong></span> <span class='ocrx_word' id='word_1_779' title='bbox 2660 4032 2928 4085; x_wconf 77' lang='lat' dir='ltr'><strong>stecularia</strong></span> <span class='ocrx_word' id='word_1_780' title='bbox 2957 4031 3227 4097; x_wconf 79' lang='lat' dir='ltr'><strong>desideria,</strong></span> <span class='ocrx_word' id='word_1_781' title='bbox 3261 4031 3426 4085; x_wconf 73' lang='lat' dir='ltr'><strong>sobrie</strong></span> <span class='ocrx_word' id='word_1_782' title='bbox 3462 4040 3509 4083; x_wconf 82' lang='lat' dir='ltr'><strong>et</strong></span> <span class='ocrx_word' id='word_1_783' title='bbox 3526 4032 3687 4100; x_wconf 72' lang='lat' dir='ltr'><strong>justc,</strong></span> <span class='ocrx_word' id='word_1_784' title='bbox 3714 4039 3762 4082; x_wconf 90' lang='lat' dir='ltr'><strong>et</strong></span> <span class='ocrx_word' id='word_1_785' title='bbox 3791 4030 3878 4099; x_wconf 84' lang='lat' dir='ltr'><strong>pie</strong></span> <span class='ocrx_word' id='word_1_786' title='bbox 3905 4034 3989 4082; x_wconf 61' lang='lat' dir='ltr'><strong>ei-</strong></span> 
     </span>
    </p>
   </div>
   <div class='ocr_carea' id='block_1_102' title="bbox 2381 4121 3986 4191">
    <p class='ocr_par' dir='ltr' id='par_1_102' title="bbox 2381 4121 3986 4191">
     <span class='ocr_line' id='line_1_102' title="bbox 2381 4121 3986 4191; baseline -0.002 -15"><span class='ocrx_word' id='word_1_787' title='bbox 2381 4139 2553 4176; x_wconf 69' lang='lat' dir='ltr'><strong>vanius</strong></span> <span class='ocrx_word' id='word_1_788' title='bbox 2581 4124 2635 4175; x_wconf 88' lang='lat' dir='ltr'><strong>in</strong></span> <span class='ocrx_word' id='word_1_789' title='bbox 2661 4123 2755 4175; x_wconf 85' lang='lat' dir='ltr'><strong>hoc</strong></span> <span class='ocrx_word' id='word_1_790' title='bbox 2792 4123 2979 4175; x_wconf 66' lang='lat' dir='ltr'><strong>sarculo</strong></span> <span class='ocrx_word' id='word_1_791' title='bbox 2998 4139 3017 4175; x_wconf 91' lang='lat'><strong><em>:</em></strong></span> <span class='ocrx_word' id='word_1_792' title='bbox 3043 4130 3385 4191; x_wconf 68' lang='lat' dir='ltr'><strong>exspectantes</strong></span> <span class='ocrx_word' id='word_1_793' title='bbox 3415 4121 3609 4173; x_wconf 84' lang='lat' dir='ltr'><strong>beatam</strong></span> <span class='ocrx_word' id='word_1_794' title='bbox 3634 4137 3773 4189; x_wconf 72' lang='lat' dir='ltr'><strong>spem</strong></span> <span class='ocrx_word' id='word_1_795' title='bbox 3801 4131 3851 4173; x_wconf 81' lang='lat' dir='ltr'><strong>et</strong></span> <span class='ocrx_word' id='word_1_796' title='bbox 3882 4138 3986 4189; x_wconf 58' lang='lat' dir='ltr'><strong>ap.</strong></span> 
     </span>
    </p>
   </div>
   <div class='ocr_carea' id='block_1_103' title="bbox 2382 4210 3989 4283">
    <p class='ocr_par' dir='ltr' id='par_1_103' title="bbox 2382 4210 3989 4283">
     <span class='ocr_line' id='line_1_103' title="bbox 2382 4210 3989 4283; baseline 0.001 -17"><span class='ocrx_word' id='word_1_797' title='bbox 2382 4214 2683 4283; x_wconf 86' lang='lat' dir='ltr'><strong>paritionem</strong></span> <span class='ocrx_word' id='word_1_798' title='bbox 2708 4213 2886 4283; x_wconf 79' lang='lat' dir='ltr'><strong>glorite</strong></span> <span class='ocrx_word' id='word_1_799' title='bbox 2913 4214 3084 4283; x_wconf 84' lang='lat' dir='ltr'><strong>magni</strong></span> <span class='ocrx_word' id='word_1_800' title='bbox 3119 4212 3235 4277; x_wconf 86' lang='lat' dir='ltr'><strong>Dei,</strong></span> <span class='ocrx_word' id='word_1_801' title='bbox 3264 4220 3309 4266; x_wconf 86' lang='lat' dir='ltr'><strong>et</strong></span> <span class='ocrx_word' id='word_1_802' title='bbox 3339 4210 3624 4267; x_wconf 69' lang='lat' dir='ltr'><strong>Saluatoris</strong></span> <span class='ocrx_word' id='word_1_803' title='bbox 3665 4213 3827 4266; x_wconf 76' lang='lat' dir='ltr'><strong>nostri</strong></span> <span class='ocrx_word' id='word_1_804' title='bbox 3853 4212 3989 4267; x_wconf 71' lang='lat' dir='ltr'><strong>Iesu</strong></span> 
     </span>
    </p>
   </div>
   <div class='ocr_carea' id='block_1_104' title="bbox 2382 4304 2944 4376">
    <p class='ocr_par' dir='ltr' id='par_1_104' title="bbox 2382 4304 2944 4376">
     <span class='ocr_line' id='line_1_104' title="bbox 2382 4304 2944 4376; baseline -0.009 -13"><span class='ocrx_word' id='word_1_805' title='bbox 2382 4308 2568 4363; x_wconf 79' lang='lat' dir='ltr'><strong>Christi</strong></span> <span class='ocrx_word' id='word_1_806' title='bbox 2596 4305 2723 4376; x_wconf 87' lang='lat' dir='ltr'><strong>(Tit.</strong></span> <span class='ocrx_word' id='word_1_807' title='bbox 2745 4304 2801 4359; x_wconf 75' lang='lat'><strong>2.</strong></span> <span class='ocrx_word' id='word_1_808' title='bbox 2831 4306 2944 4375; x_wconf 81' lang='lat' dir='ltr'><strong>tl).</strong></span> 
     </span>
    </p>
   </div>
   <div class='ocr_carea' id='block_1_105' title="bbox 2453 4418 3987 4485">
    <p class='ocr_par' dir='ltr' id='par_1_105' title="bbox 2453 4418 3987 4485">
     <span class='ocr_line' id='line_1_105' title="bbox 2453 4418 3987 4485; baseline 0 -11"><span class='ocrx_word' id='word_1_809' title='bbox 2453 4421 2508 4475; x_wconf 75' lang='grc'>4.</span> <span class='ocrx_word' id='word_1_810' title='bbox 2553 4418 2668 4484; x_wconf 81' lang='lat' dir='ltr'><strong>Quo</strong></span> <span class='ocrx_word' id='word_1_811' title='bbox 2697 4435 2847 4472; x_wconf 77' lang='lat' dir='ltr'><strong>sensu</strong></span> <span class='ocrx_word' id='word_1_812' title='bbox 2874 4418 3105 4473; x_wconf 74' lang='lat' dir='ltr'><strong>Christus</strong></span> <span class='ocrx_word' id='word_1_813' title='bbox 3130 4419 3336 4485; x_wconf 72' lang='lat' dir='ltr'><strong>dixerit,</strong></span> <span class='ocrx_word' id='word_1_814' title='bbox 3369 4419 3483 4474; x_wconf 88' lang='lat' dir='ltr'><strong>Non</strong></span> <span class='ocrx_word' id='word_1_815' title='bbox 3515 4429 3598 4475; x_wconf 88' lang='lat' dir='ltr'><strong>est</strong></span> <span class='ocrx_word' id='word_1_816' title='bbox 3623 4435 3800 4473; x_wconf 89' lang='lat' dir='ltr'><strong>meum</strong></span> <span class='ocrx_word' id='word_1_817' title='bbox 3825 4418 3987 4474; x_wconf 78' lang='lat' dir='ltr'><strong>dare.</strong></span> 
     </span>
    </p>
   </div>
   <div class='ocr_carea' id='block_1_106' title="bbox 2382 4510 3986 4580">
    <p class='ocr_par' dir='ltr' id='par_1_106' title="bbox 2382 4510 3986 4580">
     <span class='ocr_line' id='line_1_106' title="bbox 2382 4510 3986 4580; baseline 0 -15"><span class='ocrx_word' id='word_1_818' title='bbox 2382 4510 2581 4565; x_wconf 86' lang='lat' dir='ltr'><strong>—Sed</strong></span> <span class='ocrx_word' id='word_1_819' title='bbox 2625 4511 2711 4564; x_wconf 93' lang='lat' dir='ltr'><strong>hic</strong></span> <span class='ocrx_word' id='word_1_820' title='bbox 2736 4510 2951 4580; x_wconf 90' lang='lat' dir='ltr'><strong>quidem</strong></span> <span class='ocrx_word' id='word_1_821' title='bbox 2986 4526 3178 4578; x_wconf 87' lang='lat' dir='ltr'><strong>pugna,</strong></span> <span class='ocrx_word' id='word_1_822' title='bbox 3225 4526 3328 4579; x_wconf 90' lang='lat' dir='ltr'><strong>qua</strong></span> <span class='ocrx_word' id='word_1_823' title='bbox 3371 4527 3492 4565; x_wconf 92' lang='lat' dir='ltr'><strong>cum</strong></span> <span class='ocrx_word' id='word_1_824' title='bbox 3538 4511 3807 4565; x_wconf 81' lang='lat' dir='ltr'><strong>luereticis</strong></span> <span class='ocrx_word' id='word_1_825' title='bbox 3852 4527 3986 4566; x_wconf 85' lang='lat' dir='ltr'><strong>con-</strong></span> 
     </span>
    </p>
   </div>
   <div class='ocr_carea' id='block_1_107' title="bbox 2382 4601 3986 4673">
    <p class='ocr_par' dir='ltr' id='par_1_107' title="bbox 2382 4601 3986 4673">
     <span class='ocr_line' id='line_1_107' title="bbox 2382 4601 3986 4673; baseline -0.002 -17"><span class='ocrx_word' id='word_1_826' title='bbox 2382 4604 2549 4673; x_wconf 81' lang='lat' dir='ltr'><strong>gressi</strong></span> <span class='ocrx_word' id='word_1_827' title='bbox 2568 4617 2772 4662; x_wconf 84' lang='lat' dir='ltr'><strong>sumus,</strong></span> <span class='ocrx_word' id='word_1_828' title='bbox 2797 4602 2953 4655; x_wconf 84' lang='lat' dir='ltr'><strong>finem</strong></span> <span class='ocrx_word' id='word_1_829' title='bbox 2973 4601 3155 4665; x_wconf 87' lang='lat' dir='ltr'><strong>habet,</strong></span> <span class='ocrx_word' id='word_1_830' title='bbox 3170 4601 3384 4670; x_wconf 91' lang='lat' dir='ltr'><strong>jamque</strong></span> <span class='ocrx_word' id='word_1_831' title='bbox 3408 4612 3663 4670; x_wconf 77' lang='lat' dir='ltr'><strong>tropreutn</strong></span> <span class='ocrx_word' id='word_1_832' title='bbox 3686 4602 3986 4667; x_wconf 69' lang='lat' dir='ltr'><strong>ereximus,</strong></span> 
     </span>
    </p>
   </div>
   <div class='ocr_carea' id='block_1_108' title="bbox 2382 4692 3989 4761">
    <p class='ocr_par' dir='ltr' id='par_1_108' title="bbox 2382 4692 3989 4761">
     <span class='ocr_line' id='line_1_108' title="bbox 2382 4692 3989 4761; baseline -0.001 -13"><span class='ocrx_word' id='word_1_833' title='bbox 2382 4707 2435 4749; x_wconf 86' lang='lat' dir='ltr'><strong>et</strong></span> <span class='ocrx_word' id='word_1_834' title='bbox 2456 4696 2731 4750; x_wconf 88' lang='lat' dir='ltr'><strong>victoriam</strong></span> <span class='ocrx_word' id='word_1_835' title='bbox 2761 4695 3063 4759; x_wconf 87' lang='lat' dir='ltr'><strong>retulimus,</strong></span> <span class='ocrx_word' id='word_1_836' title='bbox 3086 4708 3208 4747; x_wconf 92' lang='lat' dir='ltr'><strong>cum</strong></span> <span class='ocrx_word' id='word_1_837' title='bbox 3233 4708 3299 4748; x_wconf 90' lang='lat' dir='ltr'><strong>ex</strong></span> <span class='ocrx_word' id='word_1_838' title='bbox 3326 4692 3388 4745; x_wconf 90' lang='lat' dir='ltr'><strong>iis</strong></span> <span class='ocrx_word' id='word_1_839' title='bbox 3408 4694 3676 4755; x_wconf 88' lang='lat' dir='ltr'><strong>omnibus,</strong></span> <span class='ocrx_word' id='word_1_840' title='bbox 3697 4708 3816 4761; x_wconf 77' lang='lat' dir='ltr'><strong>quae</strong></span> <span class='ocrx_word' id='word_1_841' title='bbox 3833 4708 3989 4746; x_wconf 66' lang='lat' dir='ltr'><strong>com~</strong></span> 
     </span>
    </p>
   </div>
   <div class='ocr_carea' id='block_1_109' title="bbox 2384 4768 3991 4853">
    <p class='ocr_par' dir='ltr' id='par_1_109' title="bbox 2384 4768 3991 4853">
     <span class='ocr_line' id='line_1_109' title="bbox 2384 4768 3991 4853; baseline -0.002 -14"><span class='ocrx_word' id='word_1_842' title='bbox 2384 4795 2675 4840; x_wconf 88' lang='lat' dir='ltr'><strong>memorata</strong></span> <span class='ocrx_word' id='word_1_843' title='bbox 2700 4768 2845 4847; x_wconf 84' lang='lat' dir='ltr'><strong>sunt,</strong></span> <span class='ocrx_word' id='word_1_844' title='bbox 2870 4787 2921 4837; x_wconf 93' lang='lat' dir='ltr'><strong>in</strong></span> <span class='ocrx_word' id='word_1_845' title='bbox 2949 4784 3067 4853; x_wconf 87' lang='lat' dir='ltr'><strong>ejus</strong></span> <span class='ocrx_word' id='word_1_846' title='bbox 3095 4798 3215 4838; x_wconf 88' lang='lat' dir='ltr'><strong>esse</strong></span> <span class='ocrx_word' id='word_1_847' title='bbox 3245 4792 3508 4850; x_wconf 85' lang='lat' dir='ltr'><strong>potestate</strong></span> <span class='ocrx_word' id='word_1_848' title='bbox 3550 4784 3709 4837; x_wconf 90' lang='lat' dir='ltr'><strong>situm</strong></span> <span class='ocrx_word' id='word_1_849' title='bbox 3735 4782 3991 4835; x_wconf 68' lang='lat' dir='ltr'><strong>docueri~</strong></span> 
     </span>
    </p>
   </div>
   <div class='ocr_carea' id='block_1_110' title="bbox 2386 4876 3986 4947">
    <p class='ocr_par' dir='ltr' id='par_1_110' title="bbox 2386 4876 3986 4947">
     <span class='ocr_line' id='line_1_110' title="bbox 2386 4876 3986 4947; baseline -0.005 -15"><span class='ocrx_word' id='word_1_850' title='bbox 2386 4894 2524 4942; x_wconf 89' lang='lat' dir='ltr'><strong>mus,</strong></span> <span class='ocrx_word' id='word_1_851' title='bbox 2558 4894 2677 4933; x_wconf 91' lang='lat' dir='ltr'><strong>cum</strong></span> <span class='ocrx_word' id='word_1_852' title='bbox 2723 4878 3016 4947; x_wconf 82' lang='lat' dir='ltr'><strong>honoribus</strong></span> <span class='ocrx_word' id='word_1_853' title='bbox 3041 4876 3338 4941; x_wconf 90' lang='lat' dir='ltr'><strong>cumulare,</strong></span> <span class='ocrx_word' id='word_1_854' title='bbox 3371 4884 3484 4929; x_wconf 91' lang='lat' dir='ltr'><strong>tum</strong></span> <span class='ocrx_word' id='word_1_855' title='bbox 3516 4890 3669 4944; x_wconf 71' lang='lat' dir='ltr'><strong>ptena</strong></span> <span class='ocrx_word' id='word_1_856' title='bbox 3701 4876 3986 4938; x_wconf 75' lang='lat' dir='ltr'><strong>mulctare,</strong></span> 
     </span>
    </p>
   </div>
   <div class='ocr_carea' id='block_1_111' title="bbox 2387 4964 3987 5039">
    <p class='ocr_par' dir='ltr' id='par_1_111' title="bbox 2387 4964 3987 5039">
     <span class='ocr_line' id='line_1_111' title="bbox 2387 4964 3987 5039; baseline -0.004 -14"><span class='ocrx_word' id='word_1_857' title='bbox 2387 4979 2566 5039; x_wconf 87' lang='lat' dir='ltr'><strong>utpote</strong></span> <span class='ocrx_word' id='word_1_858' title='bbox 2596 4971 2684 5039; x_wconf 91' lang='lat' dir='ltr'><strong>qui</strong></span> <span class='ocrx_word' id='word_1_859' title='bbox 2710 4979 2762 5024; x_wconf 92' lang='lat' dir='ltr'><strong>et</strong></span> <span class='ocrx_word' id='word_1_860' title='bbox 2792 4986 2951 5024; x_wconf 91' lang='lat' dir='ltr'><strong>omne</strong></span> <span class='ocrx_word' id='word_1_861' title='bbox 2970 4970 3227 5038; x_wconf 91' lang='lat' dir='ltr'><strong>judicium</strong></span> <span class='ocrx_word' id='word_1_862' title='bbox 3257 4969 3469 5033; x_wconf 87' lang='lat' dir='ltr'><strong>habeat,</strong></span> <span class='ocrx_word' id='word_1_863' title='bbox 3498 4977 3554 5023; x_wconf 89' lang='lat' dir='ltr'><strong>et</strong></span> <span class='ocrx_word' id='word_1_864' title='bbox 3580 4968 3817 5022; x_wconf 91' lang='lat' dir='ltr'><strong>omnium</strong></span> <span class='ocrx_word' id='word_1_865' title='bbox 3838 4964 3987 5035; x_wconf 71' lang='lat' dir='ltr'><strong>opt:-</strong></span> 
     </span>
    </p>
   </div>
   <div class='ocr_carea' id='block_1_112' title="bbox 2388 5059 3988 5135">
    <p class='ocr_par' dir='ltr' id='par_1_112' title="bbox 2388 5059 3988 5135">
     <span class='ocr_line' id='line_1_112' title="bbox 2388 5059 3988 5135; baseline -0.003 -17"><span class='ocrx_word' id='word_1_866' title='bbox 2388 5074 2799 5135; x_wconf 88' lang='lat' dir='ltr'><strong>mumcoronet,</strong></span> <span class='ocrx_word' id='word_1_867' title='bbox 2828 5078 2891 5117; x_wconf 90' lang='lat' dir='ltr'><strong>ac</strong></span> <span class='ocrx_word' id='word_1_868' title='bbox 2914 5064 3170 5117; x_wconf 89' lang='lat' dir='ltr'><strong>victorem</strong></span> <span class='ocrx_word' id='word_1_869' title='bbox 3194 5064 3520 5132; x_wconf 90' lang='lat' dir='ltr'><strong>pronuntiet,</strong></span> <span class='ocrx_word' id='word_1_870' title='bbox 3544 5072 3598 5114; x_wconf 87' lang='lat' dir='ltr'><strong>et</strong></span> <span class='ocrx_word' id='word_1_871' title='bbox 3619 5060 3670 5114; x_wconf 92' lang='lat' dir='ltr'><strong>in</strong></span> <span class='ocrx_word' id='word_1_872' title='bbox 3698 5059 3799 5114; x_wconf 88' lang='lat' dir='ltr'><strong>il&#39;is</strong></span> <span class='ocrx_word' id='word_1_873' title='bbox 3825 5075 3988 5128; x_wconf 74' lang='lat' dir='ltr'><strong>para-</strong></span> 
     </span>
    </p>
   </div>
   <div class='ocr_carea' id='block_1_113' title="bbox 2392 5148 3985 5224">
    <p class='ocr_par' dir='ltr' id='par_1_113' title="bbox 2392 5148 3985 5224">
     <span class='ocr_line' id='line_1_113' title="bbox 2392 5148 3985 5224; baseline -0.003 -16"><span class='ocrx_word' id='word_1_874' title='bbox 2392 5148 2541 5209; x_wconf 86' lang='lat' dir='ltr'><strong>bolis</strong></span> <span class='ocrx_word' id='word_1_875' title='bbox 2557 5165 2841 5224; x_wconf 89' lang='lat' dir='ltr'><strong>utrumque</strong></span> <span class='ocrx_word' id='word_1_876' title='bbox 2864 5155 3201 5224; x_wconf 68' lang='lat' dir='ltr'><strong>praestiterit:</strong></span> <span class='ocrx_word' id='word_1_877' title='bbox 3234 5154 3325 5209; x_wconf 89' lang='lat' dir='ltr'><strong>sed</strong></span> <span class='ocrx_word' id='word_1_878' title='bbox 3348 5154 3455 5222; x_wconf 88' lang='lat' dir='ltr'><strong>jam</strong></span> <span class='ocrx_word' id='word_1_879' title='bbox 3479 5151 3730 5219; x_wconf 89' lang='lat' dir='ltr'><strong>deinceps</strong></span> <span class='ocrx_word' id='word_1_880' title='bbox 3748 5161 3985 5219; x_wconf 84' lang='lat' dir='ltr'><strong>oportet,</strong></span> 
     </span>
    </p>
   </div>
   <div class='ocr_carea' id='block_1_114' title="bbox 2390 5245 3986 5311">
    <p class='ocr_par' dir='ltr' id='par_1_114' title="bbox 2390 5245 3986 5311">
     <span class='ocr_line' id='line_1_114' title="bbox 2390 5245 3986 5311; baseline -0.004 -11"><span class='ocrx_word' id='word_1_881' title='bbox 2390 5257 2448 5300; x_wconf 94' lang='lat' dir='ltr'><strong>ut</strong></span> <span class='ocrx_word' id='word_1_882' title='bbox 2471 5246 2854 5300; x_wconf 88' lang='lat' dir='ltr'><strong>dubitationem</strong></span> <span class='ocrx_word' id='word_1_883' title='bbox 2884 5262 2947 5299; x_wconf 87' lang='lat' dir='ltr'><strong>ex</strong></span> <span class='ocrx_word' id='word_1_884' title='bbox 2970 5246 3163 5304; x_wconf 84' lang='lat' dir='ltr'><strong>animis</strong></span> <span class='ocrx_word' id='word_1_885' title='bbox 3183 5245 3400 5300; x_wconf 89' lang='lat' dir='ltr'><strong>fratrum</strong></span> <span class='ocrx_word' id='word_1_886' title='bbox 3420 5245 3736 5309; x_wconf 79' lang='lat' dir='ltr'><strong>eximamus,</strong></span> <span class='ocrx_word' id='word_1_887' title='bbox 3754 5254 3807 5295; x_wconf 77' lang='lat' dir='ltr'><strong>et</strong></span> <span class='ocrx_word' id='word_1_888' title='bbox 3821 5258 3986 5311; x_wconf 81' lang='lat' dir='ltr'><strong>quam</strong></span> 
     </span>
    </p>
   </div>
   <div class='ocr_carea' id='block_1_115' title="bbox 2386 5335 3987 5402">
    <p class='ocr_par' dir='ltr' id='par_1_115' title="bbox 2386 5335 3987 5402">
     <span class='ocr_line' id='line_1_115' title="bbox 2386 5335 3987 5402; baseline -0.005 -11"><span class='ocrx_word' id='word_1_889' title='bbox 2386 5338 2456 5391; x_wconf 91' lang='lat' dir='ltr'><strong>ob</strong></span> <span class='ocrx_word' id='word_1_890' title='bbox 2481 5352 2697 5391; x_wconf 86' lang='lat' dir='ltr'><strong>causam</strong></span> <span class='ocrx_word' id='word_1_891' title='bbox 2736 5338 2805 5390; x_wconf 90' lang='lat' dir='ltr'><strong>ita</strong></span> <span class='ocrx_word' id='word_1_892' title='bbox 2847 5338 3060 5402; x_wconf 80' lang='lat' dir='ltr'><strong>dixerit,</strong></span> <span class='ocrx_word' id='word_1_893' title='bbox 3104 5338 3425 5392; x_wconf 88' lang='lat' dir='ltr'><strong>doceamus:</strong></span> <span class='ocrx_word' id='word_1_894' title='bbox 3452 5336 3573 5401; x_wconf 74' lang='lat' dir='ltr'><strong>Non</strong></span> <span class='ocrx_word' id='word_1_895' title='bbox 3603 5345 3674 5389; x_wconf 73' lang='lat' dir='ltr'><strong>est</strong></span> <span class='ocrx_word' id='word_1_896' title='bbox 3696 5351 3859 5387; x_wconf 83' lang='lat' dir='ltr'><strong>meum</strong></span> <span class='ocrx_word' id='word_1_897' title='bbox 3891 5335 3987 5384; x_wconf 79' lang='lat' dir='ltr'><strong>hoc</strong></span> 
     </span>
    </p>
   </div>
   <div class='ocr_carea' id='block_1_116' title="bbox 2385 5425 3985 5495">
    <p class='ocr_par' dir='ltr' id='par_1_116' title="bbox 2385 5425 3985 5495">
     <span class='ocr_line' id='line_1_116' title="bbox 2385 5425 3985 5495; baseline -0.003 -12"><span class='ocrx_word' id='word_1_898' title='bbox 2385 5430 2553 5483; x_wconf 85' lang='lat' dir='ltr'><strong>dare:</strong></span> <span class='ocrx_word' id='word_1_899' title='bbox 2580 5430 2774 5484; x_wconf 90' lang='lat' dir='ltr'><strong>multos</strong></span> <span class='ocrx_word' id='word_1_900' title='bbox 2817 5431 2958 5484; x_wconf 90' lang='lat' dir='ltr'><strong>enim</strong></span> <span class='ocrx_word' id='word_1_901' title='bbox 3000 5446 3065 5485; x_wconf 87' lang='lat' dir='ltr'><strong>ex</strong></span> <span class='ocrx_word' id='word_1_902' title='bbox 3108 5445 3293 5485; x_wconf 89' lang='lat' dir='ltr'><strong>eorum</strong></span> <span class='ocrx_word' id='word_1_903' title='bbox 3324 5432 3625 5491; x_wconf 83' lang='lat' dir='ltr'><strong>occasione,</strong></span> <span class='ocrx_word' id='word_1_904' title='bbox 3672 5442 3791 5495; x_wconf 74' lang='lat' dir='ltr'><strong>qua:</strong></span> <span class='ocrx_word' id='word_1_905' title='bbox 3841 5425 3985 5480; x_wconf 82' lang='lat' dir='ltr'><strong>diota</strong></span> 
     </span>
    </p>
   </div>
   <div class='ocr_carea' id='block_1_117' title="bbox 2386 5520 3989 5591">
    <p class='ocr_par' dir='ltr' id='par_1_117' title="bbox 2386 5520 3989 5591">
     <span class='ocr_line' id='line_1_117' title="bbox 2386 5520 3989 5591; baseline -0.005 -15"><span class='ocrx_word' id='word_1_906' title='bbox 2386 5530 2533 5585; x_wconf 77' lang='lat' dir='ltr'><strong>sunt,</strong></span> <span class='ocrx_word' id='word_1_907' title='bbox 2562 5521 2912 5591; x_wconf 71' lang='lat' dir='ltr'><strong>qumstionem</strong></span> <span class='ocrx_word' id='word_1_908' title='bbox 2944 5538 3157 5575; x_wconf 84' lang='lat' dir='ltr'><strong>movere</strong></span> <span class='ocrx_word' id='word_1_909' title='bbox 3188 5523 3450 5575; x_wconf 86' lang='lat' dir='ltr'><strong>arbitror:</strong></span> <span class='ocrx_word' id='word_1_910' title='bbox 3485 5532 3542 5574; x_wconf 90' lang='lat' dir='ltr'><strong>ut</strong></span> <span class='ocrx_word' id='word_1_911' title='bbox 3574 5520 3731 5589; x_wconf 79' lang='lat' dir='ltr'><strong>igitur</strong></span> <span class='ocrx_word' id='word_1_912' title='bbox 3754 5528 3813 5574; x_wconf 86' lang='lat' dir='ltr'><strong>et</strong></span> <span class='ocrx_word' id='word_1_913' title='bbox 3839 5534 3989 5586; x_wconf 66' lang='lat' dir='ltr'><strong>quae-</strong></span> 
     </span>
    </p>
   </div>
   <div class='ocr_carea' id='block_1_118' title="bbox 2390 5608 3988 5684">
    <p class='ocr_par' dir='ltr' id='par_1_118' title="bbox 2390 5608 3988 5684">
     <span class='ocr_line' id='line_1_118' title="bbox 2390 5608 3988 5684; baseline -0.001 -19"><span class='ocrx_word' id='word_1_914' title='bbox 2390 5615 2616 5667; x_wconf 86' lang='lat' dir='ltr'><strong>stionem</strong></span> <span class='ocrx_word' id='word_1_915' title='bbox 2640 5614 2931 5681; x_wconf 83' lang='lat' dir='ltr'><strong>solvamus,</strong></span> <span class='ocrx_word' id='word_1_916' title='bbox 2960 5624 3013 5667; x_wconf 92' lang='lat' dir='ltr'><strong>et</strong></span> <span class='ocrx_word' id='word_1_917' title='bbox 3038 5613 3495 5684; x_wconf 76' lang='lat' dir='ltr'><strong>perturbationem</strong></span> <span class='ocrx_word' id='word_1_918' title='bbox 3522 5610 3684 5664; x_wconf 89' lang='lat' dir='ltr'><strong>animi</strong></span> <span class='ocrx_word' id='word_1_919' title='bbox 3710 5608 3988 5672; x_wconf 81' lang='lat' dir='ltr'><strong>sedemus,</strong></span> 
     </span>
    </p>
   </div>
   <div class='ocr_carea' id='block_1_119' title="bbox 2391 5703 3987 5773">
    <p class='ocr_par' dir='ltr' id='par_1_119' title="bbox 2391 5703 3987 5773">
     <span class='ocr_line' id='line_1_119' title="bbox 2391 5703 3987 5773; baseline -0.003 -16"><span class='ocrx_word' id='word_1_920' title='bbox 2391 5703 2668 5770; x_wconf 88' lang='lat' dir='ltr'><strong>attendite,</strong></span> <span class='ocrx_word' id='word_1_921' title='bbox 2701 5719 2904 5773; x_wconf 72' lang='lat' dir='ltr'><strong>qumso,</strong></span> <span class='ocrx_word' id='word_1_922' title='bbox 2946 5706 3207 5771; x_wconf 83' lang='lat' dir='ltr'><strong>animum,</strong></span> <span class='ocrx_word' id='word_1_923' title='bbox 3240 5712 3295 5757; x_wconf 88' lang='lat' dir='ltr'><strong>et</strong></span> <span class='ocrx_word' id='word_1_924' title='bbox 3324 5714 3556 5758; x_wconf 89' lang='lat' dir='ltr'><strong>mentem</strong></span> <span class='ocrx_word' id='word_1_925' title='bbox 3587 5713 3817 5755; x_wconf 72' lang='lat' dir='ltr'><strong>vestram</strong></span> <span class='ocrx_word' id='word_1_926' title='bbox 3849 5716 3987 5768; x_wconf 68' lang='lat' dir='ltr'><strong>pra-.-</strong></span> 
     </span>
    </p>
   </div>
   <div class='ocr_carea' id='block_1_120' title="bbox 2399 5792 3981 5869">
    <p class='ocr_par' dir='ltr' id='par_1_120' title="bbox 2399 5792 3981 5869">
     <span class='ocr_line' id='line_1_120' title="bbox 2399 5792 3981 5869; baseline -0.001 -24"><span class='ocrx_word' id='word_1_927' title='bbox 2399 5804 2616 5863; x_wconf 83' lang='lat' dir='ltr'><strong>parate:</strong></span> <span class='ocrx_word' id='word_1_928' title='bbox 2639 5796 2811 5865; x_wconf 85' lang='lat' dir='ltr'><strong>major</strong></span> <span class='ocrx_word' id='word_1_929' title='bbox 2835 5795 3031 5866; x_wconf 90' lang='lat' dir='ltr'><strong>quippe</strong></span> <span class='ocrx_word' id='word_1_930' title='bbox 3048 5803 3161 5869; x_wconf 80' lang='lat' dir='ltr'><strong>jam</strong></span> <span class='ocrx_word' id='word_1_931' title='bbox 3193 5796 3318 5849; x_wconf 90' lang='lat' dir='ltr'><strong>mihi</strong></span> <span class='ocrx_word' id='word_1_932' title='bbox 3367 5795 3516 5849; x_wconf 81' lang='lat' dir='ltr'><strong>labor</strong></span> <span class='ocrx_word' id='word_1_933' title='bbox 3557 5792 3845 5848; x_wconf 84' lang='lat' dir='ltr'><strong>incumbit:</strong></span> <span class='ocrx_word' id='word_1_934' title='bbox 3874 5806 3981 5843; x_wconf 83' lang='lat' dir='ltr'><strong>non</strong></span> 
     </span>
    </p>
   </div>
  </div>
