4174 6336
298 462 408 516 773

296 575 450 629 enim
470 572 688 644 aqualis
715 581 795 626 est
826 571 1094 625 facilitatis
1116 584 1350 640 pugnare
1373 578 1425 623 et
1443 567 1657 629 docere,
1683 567 1892 620 hostem

296 664 583 718 vulnerare
608 671 664 717 et
701 661 1052 717 domesticum
1095 660 1369 730 corrigere
1396 674 1411 724 ;
1443 658 1537 713 sed
1569 658 1688 728 plus
1712 659 1763 711 in
1797 658 1896 711 hoc

298 754 437 807 mihi
463 753 621 807 studii
641 752 1023 807 conferendum
1048 759 1151 815 est,
1174 758 1233 805 ut
1254 765 1425 821 neque
1445 750 1739 804 membrum
1757 748 1895 829 clau-

292 845 487 899 dicans
514 844 796 914 negligam,
822 859 994 911 neque
1024 841 1387 911 perturbatum
1417 856 1736 910 quemquam
1766 831 1894 909 prtu-

294 937 611 992 termittam.
638 936 765 991 Dico
786 936 951 999 etiitn,
998 934 1091 988 sed
1133 950 1201 989 ne
1227 934 1519 1003 percellant
1547 946 1640 985 vos
1678 947 1796 1000 qua:
1821 931 1898 985 di-

288 1036 514 1092 cuntur,
539 1041 712 1095 neque
735 1025 1055 1089 turbemini;
1095 1040 1200 1079 non
1232 1024 1373 1080 enim
1404 1034 1605 1077 tantum
1638 1022 1755 1076 Filii
1786 1037 1889 1077 non

289 1133 420 1173 esse
442 1117 725 1183 contendo,
752 1116 847 1175 sed
877 1131 1048 1186 neque
1075 1115 1275 1178 Patris,
1303 1123 1354 1169 et
1384 1113 1487 1168 hoc
1515 1128 1707 1183 magna
1736 1114 1889 1167 tuba-

288 1225 405 1280 que
444 1209 655 1265 clariori
695 1224 827 1264 voce
867 1208 1161 1278 proclamo,
1186 1223 1359 1277 neque
1389 1207 1555 1278 ipsius
1580 1222 1699 1262 esse
1729 1206 1883 1273 dare,

292 1288 476 1371 neque
500 1300 634 1354 adeo
656 1299 829 1354 Patris
856 1299 1044 1368 ipsius.
1066 1297 1122 1353 Si
1149 1299 1292 1354 enim
1320 1298 1483 1367 ipsius
1504 1307 1668 1362 esset,
1697 1306 1751 1351 et
1784 1297 1887 1349 Pa-

290 1393 396 1446 tris
438 1373 611 1446 esset:
633 1391 677 1445 si
709 1390 880 1445 Patris
909 1399 1071 1454 esset,
1102 1376 1168 1443 et'
1200 1389 1367 1459 ipsius
1404 1398 1581 1443 esset:
1605 1397 1884 1457 prepterea

289 1498 404 1536 non
433 1482 568 1536 dixit
596 1481 699 1536 illis
723 1482 1058 1550 simpliciter,
1086 1495 1193 1535 non
1222 1490 1303 1536 est
1332 1493 1507 1534 meum
1535 1478 1697 1534 dare‘
1716 1520 1731 1535 .
1750 1478 1885 1546 Quid

288 1574 496 1644 igitur?
522 1572 645 1627 Non
688 1581 763 1627 est
801 1589 967 1628 meum
996 1573 1138 1637 dare,
1168 1573 1257 1627 sed
1296 1571 1473 1641 quibus
1513 1581 1748 1642 paratum
1774 1583 1845 1624 est
1867 1587 1887 1623 :

284 1665 554 1734 signiﬁcat
575 1681 745 1736 neque
774 1664 941 1736 ipsius
960 1679 1101 1729 esse,
1128 1679 1300 1734 neque
1326 1664 1521 1725 Patris,
1545 1663 1638 1719 scd
1660 1663 1886 1716 aliorum

285 1756 667 1824 quorumdam.
712 1757 849 1824 Quid
895 1772 1023 1827 ergo
1068 1755 1169 1810 sibi
1213 1755 1325 1811 vult
1365 1754 1565 1809 dictum
1598 1753 1760 1809 illud?
1797 1752 1887 1809 Sic

284 1847 441 1900 enim
471 1846 703 1906 arbitror
731 1849 879 1903 vobis
905 1856 1115 1903 auctam
1145 1860 1263 1901 esse
1295 1846 1775 1916 perturbationem,
1822 1860 1886 1900 ac

286 1937 555 2007 majorem
581 1939 967 1995 dubitationem
997 1948 1259 2003 exortam,
1292 1948 1347 1992 et
1373 1940 1565 1993 anxios
1591 1954 1687 1993 vos
1715 1953 1835 1993 esse
1867 1956 1882 1993 :

286 2043 660 2085 verumtamen
686 2031 847 2086 nolite
869 2033 1089 2092 timere;
1117 2045 1220 2084 non
1249 2031 1389 2085 enim
1415 2030 1687 2096 desistam,
1714 2031 1886 2085 donec

286 2121 615 2177 solutionem
660 2122 986 2192 adjunxero:
1017 2124 1176 2179 sinite
1205 2133 1406 2177 tantum
1439 2133 1497 2178 ut
1539 2124 1697 2193 paulo
1724 2124 1884 2178 altius

288 2213 501 2267 initium
530 2214 791 2269 orationis
818 2230 1108 2280 arcessam,
1142 2215 1283 2282 quod
1310 2215 1469 2271 aliter
1493 2214 1604 2269 lieri
1632 2223 1879 2284 nequeat,

286 2315 351 2358 ut
376 2305 603 2364 dilucide
643 2307 805 2361 menti
829 2316 1020 2363 vestra:
1048 2308 1225 2361 omnia
1252 2307 1711 2361 commcndentur.
1745 2304 1883 2374 Quid

282 2408 421 2463 ergo
444 2394 545 2448 sibi
573 2396 702 2459 vult,
731 2396 871 2466 qudd
898 2404 981 2451 est
1003 2396 1237 2452 dictum?
1263 2394 1397 2452 Cum
1425 2412 1485 2452 se
1512 2398 1773 2467 reciperet
1793 2396 1887 2453 Je-

288 2486 615 2555 rosolymam
642 2486 819 2549 Jcsus,
852 2487 1077 2542 accessit
1113 2502 1234 2542 cum
1284 2487 1405 2545 ﬁliis
1448 2501 1619 2543 mater
1648 2488 1878 2544 ﬁliorum

284 2573 760 2639 ZebedaaiJacohi
779 2573 1094 2637 etloannis,
1114 2573 1195 2629 sic
1222 2589 1346 2629 eum
1365 2573 1673 2643 alloquens,
1703 2572 1805 2627 Dic
1835 2582 1891 2626 ut

292 2669 515 2724 sedeant
537 2669 592 2721 hi
610 2668 714 2721 duo
732 2667 835 2737 ﬁlii
852 2667 953 2726 mei
972 2682 1107 2722 unus
1125 2666 1195 2719 ad
1214 2665 1488 2721 dexteram
1516 2676 1891 2733 tuam,etunus

292 2762 373 2815 ad
388 2761 672 2815 sinistram
696 2768 842 2815 tuam
866 2756 1067 2829 (Marc.
1092 2756 1180 2812 10.
1201 2756 1291 2828 '57)
1312 2776 1324 2811 :
1346 2758 1484 2813 alter
1513 2768 1699 2813 autem
1726 2774 1893 2814 evan-

298 2851 501 2923 gelista
519 2850 659 2905 ﬁlios
682 2850 798 2904 haec
815 2866 843 2902 a
859 2846 1084 2903 Christo
1113 2847 1339 2919 petiisse
1367 2848 1507 2903 dixit
1530 2868 1544 2903 :
1570 2848 1665 2904 sed
1679 2864 1787 2904 non
1806 2856 1893 2904 est

295 2952 489 2997 tamen
506 2941 878 3012 discrepantia
897 2955 1105 3012 :neque
1115 2941 1261 2995 enim
1281 2948 1412 2996 sunt
1428 2940 1543 2996 hac
1554 2942 1761 2995 minuta
1781 2956 1893 3019 per-

294 3031 617 3088 eurrenda:
647 3048 839 3086 verum
870 3047 996 3086 cum
1020 3041 1251 3087 matrem
1285 3034 1650 3103 praemisisset
1671 3036 1712 3100 ²,
1743 3043 1893 3103 post-

297 3139 472 3194 quam
495 3124 585 3181 illa
604 3123 763 3189 dixit,
781 3132 834 3178 et
850 3131 1062 3192 portam
1084 3124 1321 3193 aperuit,
1343 3125 1447 3194 ipsi
1465 3140 1684 3194 quoque
1704 3141 1891 3194 preces

301 3215 693 3279 admoverunt,
716 3214 1197 3286 nescientes,quid
1218 3214 1487 3282 dicerent,
1520 3216 1616 3271 sed
1644 3214 1891 3271 dicentes

298 3314 514 3361 tamen.
537 3304 675 3361 Nam
700 3307 829 3362 licet
856 3308 1090 3377 apostoli
1107 3316 1318 3375 essent,
1348 3308 1786 3379 imperfectiores
1808 3318 1891 3363 ta-

303 3412 434 3451 men
462 3398 644 3452 adbue
672 3407 854 3464 erant,
899 3406 1159 3467 tanquam
1187 3399 1320 3469 pulli
1350 3400 1706 3455 errantes’in
1741 3402 1889 3466 nido,
1929 3442 1933 3449 .

297 3504 432 3544 cum
451 3490 692 3549 nondum
710 3488 821 3544 illis
842 3505 1033 3559 pemue
1049 3492 1447 3545 succreverint.
1465 3492 1645 3561 Atque
1659 3493 1761 3547 hoc
1775 3508 1889 3546 ma-

304 3579 455 3632 xime
486 3579 643 3635 vobis
672 3593 798 3635 esse
824 3591 1013 3633 notum
1049 3587 1286 3650 oportet,
1318 3589 1447 3636 ante
1483 3582 1798 3652 passionem
1834 3586 1887 3639 in

290 3660 468 3717 multa
496 3662 617 3718 illos
629 3662 924 3733 ignorantia
943 3682 1065 3723 esse
1082 3679 1343 3732 versatos,
1365 3679 1691 3741 quaprOpter
1711 3682 1767 3727 et
1791 3673 1872 3728 in-

276 3762 511 3817 crepans
535 3768 628 3808 eos
646 3754 890 3810 dicebat:
918 3758 1098 3813 Adhuc
1118 3769 1165 3813 et
1189 3776 1274 3815 vos
1298 3762 1407 3816 sine
1430 3763 1685 3818 intellectu
1715 3766 1831 3820 estis
1846 3767 1875 3821 2

279 3839 531 3896 Nondum
553 3848 876 3916 cognoscitis,
904 3866 995 3903 nec
1018 3851 1319 3923 intelligitis,
1352 3857 1470 3922 quia
1498 3873 1598 3910 non
1633 3859 1696 3911 de
1724 3861 1870 3926 pani-

273 3930 375 3983 bus
397 3934 512 3989 dixi
534 3935 687 4001 vobis,
709 3949 877 3991 cavete
906 3956 937 3990 a
962 3944 1206 4010 [erruento
1248 3943 1624 4001 Pharisaeorum
1654 3949 1865 4018 (Matth.

281 4022 372 4075 f5.
405 4021 525 4093 ιδῃ
551 4035 607 4079 et
633 4042 838 4095 rursus,
875 4030 1041 4086 Multa
1067 4034 1224 4088 habeo
1268 4037 1401 4090 vobis
1428 4039 1613 4102 dicere,
1651 4043 1740 4096 sed
1769 4060 1870 4099 non

275 4114 486 4178 potestis
511 4127 716 4185 portare
742 4125 892 4173 modo
923 4121 1101 4193 (Joan.
1123 4126 1207 4179 16.
1240 4126 1350 4199 12).
1376 4128 1559 4197 Neque
1588 4148 1713 4187 vero
1737 4134 1866 4188 sub-

273 4205 484 4259 limiora
516 4217 716 4265 tantum
759 4212 1092 4282 ignorabant,
1144 4221 1236 4273 sed
1267 4221 1375 4277 illis
1414 4225 1573 4279 etiam
1624 4241 1868 4296 saepenu-

270 4312 453 4362 mero,
480 4313 599 4370 qua:
620 4302 923 4371 audierant,
952 4309 1062 4378 pra:
1084 4322 1226 4367 metu
1253 4329 1317 4369 ac
1343 4316 1626 4373 timiditate
1652 4321 1867 4377 excide-

272 4387 426 4453 liant,
455 4393 597 4461 quod
625 4395 729 4451 illis
752 4402 1081 4468 exprobrans
1102 4404 1302 4473 aiebat,
1337 4402 1500 4463 Nemo
1522 4428 1585 4465 ex
1622 4412 1757 4468 vobis
1782 4416 1864 4469 in-

269 4490 497 4552 terrogat
523 4501 621 4551 me,
649 4485 761 4552 Quo
787 4490 967 4546 radis?
991 4493 1097 4548 Sed
1121 4497 1241 4565 quia
1267 4499 1375 4553 [nec
1395 4500 1628 4571 loquutus
1645 4521 1760 4560 sum
1780 4524 1867 4561 vo-

266 4571 371 4636 bis,
398 4574 596 4664 tristitia
637 4578 861 4647 implevit
888 4599 975 4636 cor
1003 4595 1219 4641 vestrum
1247 4588 1407 4660 (Ibid.
1436 4608 1484 4645 υ.
1516 4593 1575 4664 5)
1608 4604 1702 4650 :et
1743 4612 1863 4651 rur-

263 4677 389 4760 fus,
414 4662 513 4760 lite
536 4668 671 4721 vobis
699 4684 925 4741 suggeret
947 4678 1136 4741 omnia,
1177 4688 1226 4733 ct
1266 4681 1459 4736 docebit
1488 4662 1573 4738 vos
1616 4686 1727 4760 (Id.
1771 4690 1859 4743 Η.

264 4751 369 4822 26)
390 4771 406 4807 :
428 4753 495 4809 de
518 4761 790 4815 rat-aefeto
817 4764 978 4819 verba
1019 4766 1248 4824 iaciens:
1280 4782 1529 4827 ceterum
1555 4751 1657 4833 non
1690 4779 1858 4833 dixis-

261 4852 374 4906 set,
401 4856 667 4914 suggeret,
701 4850 801 4904 nisi
829 4853 990 4907 multa
1024 4856 1145 4924 illis,
1177 4875 1296 4929 qua:
1326 4863 1464 4918 dicta
1498 4864 1725 4935 fuerant,
1762 4886 1858 4925 ex-

257 4932 544 4989 cidissent.
573 4937 698 4995 Hmc
723 4953 901 4997 autem
925 4960 955 4998 a
983 4963 1068 5003 me
1096 4964 1199 5005 non
1224 4961 1424 5009 temere
1448 4970 1858 5018 commemorata

259 5035 419 5091 sunt,
445 5029 537 5083 sed
566 5033 815 5106 quoniam
844 5036 1031 5094 Petrus
1058 5042 1218 5097 modo
1242 5044 1454 5114 quidem
1498 5048 1707 5105 videtur
1732 5068 1856 5121 per-

258 5117 464 5172 fectam
489 5123 770 5189 quamdam
793 5126 1183 5199 confessionem
1208 5135 1465 5205 proferre,
1493 5139 1652 5193 modo
1680 5117 1857 5200 autem

253 5209 509 5263 omnium
536 5213 751 5268 oblitus.
779 5216 1031 5290 Nam‘qui
1062 5222 1288 5291 dixerat,
1317 5225 1395 5280 Tu
1423 5246 1477 5283 es
1501 5228 1732 5288 Christus
1760 5235 1857 5288 Fi-

252 5301 367 5394 lius
511 5298 835 5373 vivi(Matth.
862 5310 949 5365 16.
979 5312 1091 5384 16),
1126 5331 1185 5368 ac
1215 5328 1489 5394 propterea
1521 5322 1704 5379 beatus
1730 5344 1856 5394 pra:-

248 5386 478 5447 dicatus
500 5393 691 5465 fuerat,
718 5400 977 5470 ejusmodi
1002 5408 1156 5474 paulo
1180 5393 1295 5475 post
1316 5422 1588 5479 peccatum
1619 5386 1851 5487 admisit,

252 5494 319 5537 ut
349 5482 578 5542 Satanas
604 5488 763 5546 fuerit
804 5496 1119 5563 appellatus.
1147 5501 1233 5555 Sic
1261 5503 1401 5555 enim
1432 5505 1524 5569 ait,
1570 5506 1705 5562 Vade
1744 5482 1853 5580 post

241 5597 365 5645 me,
384 5578 602 5647 Satana,
639 5585 936 5643 scandalum
960 5606 1014 5645 es
1036 5592 1161 5646 mihi
1177 5609 1197 5647 :
1221 5596 1340 5664 quia
1365 5614 1465 5651 non
1486 5600 1623 5670 sapis
1644 5620 1720 5669 ea,
1742 5578 1855 5674 qtae

325 5734 348 5814 ξ
764 5753 858 5793 non
879 5750 1133 5815 est‘meum
1156 5750 1293 5812 dare,
1319 5752 1404 5803 sed
1430 5755 1602 5807 Putris.

325 5795 348 5814 '
380 5795 581 5853 Quidam
600 5795 736 5861 Mss,
750 5795 1107 5866 prmuisissent.

323 5854 349 5891 ³
382 5860 513 5909 littus
534 5860 699 5923 habet,
720 5866 961 5931 ptasmati.

981 457 1067 510 DE
1108 454 1329 511 PETIT.
1372 454 1613 509 FILIOR.
1657 450 1878 507 ΖΕΒΕο

1981 490 1993 504 .
2034 448 2311 505 CONTRA
2350 449 2725 507 ANOMLEOS.
2770 452 2897 507 \‘lll.

3501 455 3605 511 ττι

2007 562 2105 619 Dei
2122 572 2260 629 sunt,
2284 564 2373 617 sed
2394 580 2579 635 eaque
2595 566 2853 618 hominum
2879 566 3091 636 (Matth.
3115 568 3200 623 16.
3217 567 3329 643 23).
3350 570 3486 638 Quid
3507 572 3604 623 im-

2002 652 2287 721 perfectius
2326 669 2391 708 eo
2438 653 2551 708 ﬁeri
2597 655 2782 724 possit,
2814 656 2905 725 qui
2938 672 3043 711 non
3075 659 3264 727 sapiat,
3311 676 3430 730 qua:
3475 670 3603 714 sunt

2002 743 2119 811 ejus
2150 745 2192 811 ³,
2226 744 2319 798 sed
2346 762 2463 815 qua:
2490 753 2615 801 sunt
2645 746 2954 801 hominum!
2998 749 3289 820 Postquam
3329 753 3474 808 enim
3522 753 3600 807 illi

1999 836 2069 890 de
2089 837 2453 907 erucedeque
2482 841 2877 895 resurrectione
2900 842 3061 895 verba
3092 841 3314 911 fecerat,
3344 860 3466 899 cum
3492 864 3590 922 eo-

2000 944 2139 995 rum,
2171 944 2291 999 quaa
2313 929 2453 984 dicta
2482 928 2715 997 fuerant,
2741 930 3154 1001 profunditatem
3185 935 3474 1004 ignoraret,
3492 950 3593 991 ne-

1998 1035 2102 1087 que
2116 1018 2226 1089 jam
2255 1035 2449 1075 arcana
2495 1020 2745 1091 dogmata
2783 1020 3124 1093 futuramque
3154 1024 3335 1078 mundi
3364 1026 3597 1081 salutem

2000 1118 2178 1176 passet
2193 1112 2669 1181 comprehendere,
2687 1114 2972 1183 separatim
2994 1130 3273 1169 assumens
3288 1129 3413 1170 eum
3435 1115 3591 1180 dixit,

2003 1190 2261 1273 Pr0pitius
2285 1203 2374 1257 tibi
2394 1213 2515 1268 esto,
2540 1204 2780 1272 Domine,
2810 1223 2910 1261 non
2937 1207 3028 1261 erit
3049 1207 3137 1261 tibi
3158 1208 3252 1262 hoc
3268 1206 3375 1281 (Ib.
3398 1224 3446 1263 υ.
3466 1208 3588 1271 22).

2000 1293 2161 1348 Vides
2190 1301 2247 1347 ut
2274 1294 2349 1348 illi
2394 1296 2524 1349 nihil
2551 1295 2617 1350 de
2646 1299 3039 1352 resurrectione
3077 1306 3231 1353 certo
3261 1298 3494 1355 scirent?
3524 1298 3593 1353 Et

1998 1385 2099 1440 hoc
2120 1387 2290 1455 ipsum
2310 1386 2552 1443 indicans
2569 1388 2908 1464 Eyangelista
2934 1389 3165 1456 dicebat,
3190 1386 3436 1445 Nondum
3454 1390 3590 1445 enim

1993 1477 2233 1542 sciebant,
2253 1479 2373 1549 quia
2393 1490 2645 1549 cporterct
2671 1496 2785 1537 eum
2810 1497 2843 1535 a
2869 1480 3081 1536 mortuis
3109 1497 3373 1553 resurgere
3402 1480 3584 1552 (Joan'.

1992 1567 2080 1622 20.
2116 1568 2193 1639 it).
2216 1568 2368 1636 Quod
2392 1570 2433 1623 si
2459 1570 2555 1625 ista
2583 1570 2917 1635 nesciebant,
2941 1570 3110 1625 multo
3133 1572 3301 1642 magis
3321 1572 3423 1627 alia
3445 1567 3590 1643 igne-

1996 1661 2203 1724 rabant,
2244 1662 2543 1730 cujusmodi
2572 1674 2655 1718 est
2682 1662 2749 1717 de
2774 1664 2975 1718 caelesti
3008 1680 3192 1734 riguo,
3240 1664 3307 1720 de
3340 1666 3588 1735 primitiis

1993 1754 2211 1820 nostris,
2240 1770 2302 1808 ac
2323 1755 2389 1809 de
2412 1757 2728 1811 ascensione
2749 1757 2802 1810 in
2824 1756 3034 1823 Ctelum,
3068 1757 3317 1826 humique
3338 1767 3589 1827 repentes

1992 1845 2165 1902 adhuc
2193 1848 2425 1902 nondum
2458 1849 2510 1901 in
2540 1848 2704 1902 altum
2734 1857 2981 1917 poterant
3002 1850 3237 1904 evolare.
3266 1850 3399 1904 Cum
3428 1849 3589 1918 igitur

1994 1936 2095 1990 hac
2123 1947 2306 1992 essent
2332 1938 2586 2007 opinione
2633 1938 2840 2003 imbuti,
2886 1949 2941 1993 et
2991 1949 3389 2009 exspectarent,
3420 1950 3477 1993 ut
3507 1940 3585 1992 illi

1992 2027 2273 2081 confestim
2302 2043 2523 2097 regnum
2554 2028 2903 2100 Jerosolymis
2926 2030 3246 2084 obveuiret:
3278 2030 3411 2084 nihil
3436 2032 3583 2085 enim

1992 2117 2221 2186 amplius
2250 2133 2408 2187 quam
2451 2118 2577 2173 illud
2608 2129 2886 2182 noverant,
2913 2119 3056 2188 quod
3087 2121 3338 2174 nimirum
3365 2130 3420 2176 et
3449 2122 3586 2175 alius

1990 2207 2312 2276 evangelista
2358 2208 2640 2278 significat,
2673 2209 2878 2275 dicens,
2929 2212 3048 2265 illos
3090 2212 3427 2268 existimasse
3468 2212 3580 2282 jam

1990 2313 2209 2369 regnum
2240 2299 2358 2369 ejus
2386 2300 2694 2366 adventare,
2728 2302 2869 2371 quod
2916 2319 3078 2356 unum
3125 2303 3339 2374 aliquod
3380 2319 3447 2358 ex
3481 2304 3584 2357 liti-

1989 2390 2160 2443 manis
2186 2390 2360 2459 regnis
2390 2391 2809 2461 suspicarentur,
2851 2401 2905 2446 et
2939 2392 3328 2447 arbitrarentur
3352 2395 3419 2449 ad
3451 2394 3582 2448 illud

1989 2479 2275 2535 ineundum
2307 2496 2411 2535 non
2438 2480 2504 2536 ad
2533 2497 2753 2537 crucem
2783 2492 2838 2537 ct
2866 2494 3093 2539 mortem
3145 2485 3289 2537 illum
3317 2500 3539 2556 pergere
3565 2504 3580 2539 :

1988 2587 2109 2625 nam
2140 2572 2265 2628 licet
2294 2573 2487 2629 millies
2514 2573 2865 2640 audivissent,
2905 2586 3054 2630 certo
3084 2575 3134 2629 id
3176 2576 3314 2631 scire
3344 2591 3448 2631 non
3482 2592 3579 2645 po-

1987 2670 2183 2717 terant.

2055 2754 2109 2810 5.
2149 2754 2411 2823 Quoniam
2454 2755 2615 2827 igitur
2651 2758 2885 2812 nondum
2929 2757 3141 2828 quidem
3182 2759 3484 2814 evidentem
3522 2770 3580 2812 et

1982 2855 2223 2900 exactam
2253 2846 2560 2918 dogmatum
2587 2850 2944 2919 cognitionem
2985 2849 3161 2920 adepti
3187 2860 3361 2913 erant,
3389 2851 3482 2905 sed
3509 2850 3571 2903 ad

1983 2936 2237 2993 sensibile
2280 2953 2499 3009 regnum
2531 2956 2751 3011 pergere
2779 2941 3111 3003 censebant,
3153 2954 3207 2997 et
3231 2942 3579 3013 Jerosolymis

1984 3038 2345 3099 regnaturum,
2378 3042 2713 3087 assumentes
2741 3048 2861 3088 eum
2905 3035 2958 3089 in
2989 3034 3093 3097 via,
3122 3046 3480 3104 Opportunum
3518 3052 3576 3090 se

1983 3130 2166 3175 nactos
2198 3134 2404 3193 tempus
2450 3125 2839 3195 existimantes,
2887 3128 3023 3182 hanc
3068 3129 3375 3197 petitionem
3420 3118 3576 3184 insti-

1983 3221 2138 3267 tuunt
2165 3231 2179 3266 :
2212 3231 2331 3268 nam
2362 3232 2482 3271 cum
2509 3218 2719 3286 seipsos
2747 3234 2774 3271 a
2798 3229 2943 3273 caatu
2968 3219 3350 3289 discipulormn
3377 3237 3571 3293 seque—

1980 3312 2259 3373 strassent,
2281 3308 2500 3376 perinde
2519 3310 2670 3379 quasi
2692 3310 2759 3365 ad
2782 3311 3016 3381 ipsorum
3043 3313 3319 3366 arbitrium
3344 3316 3573 3369 redacta:

1979 3411 2067 3451 res
2094 3408 2296 3465 essent,
2323 3401 2728 3470 praeregativam
2759 3402 2903 3457 sedis
2933 3404 3222 3473 postulant,
3276 3416 3331 3461 et
3377 3410 3574 3476 primas

1978 3499 2158 3559 partes
2184 3493 2321 3547 inter
2347 3493 2480 3548 alios
2502 3495 2601 3549 sibi
2630 3494 2829 3551 deferri
2861 3515 2873 3551 :
2906 3498 3102 3567 quippe
3132 3500 3220 3570 qui
3248 3499 3571 3556 arbitraren-

1981 3594 2065 3637 tur
2088 3584 2199 3653 jam
2232 3600 2321 3640 res
2350 3586 2507 3640 linem
2528 3589 2821 3658 accepisse,
2853 3599 3023 3644 totum
3056 3592 3329 3661 negotium
3354 3594 3570 3651 confici.

1978 3682 2294 3745 tempusque
2315 3692 2633 3733 coronarum
2651 3694 2714 3734 ac
2731 3680 3071 3749 praemiorum
3087 3683 3372 3739 advenisse
3396 3703 3408 3738 :
3427 3686 3569 3754 quod

1978 3764 2151 3833 ipsum
2190 3775 2443 3821 extremre
2471 3767 2568 3823 fuit
2615 3770 2861 3825 inscitiae.
2889 3772 3065 3839 Atque
3092 3783 3149 3825 ut
3179 3771 3294 3827 hare
3329 3790 3432 3827 non
3455 3776 3572 3830 sola

1977 3853 2283 3925 conjectura
2318 3859 2712 3929 verborumque
2742 3860 3120 3929 probabilitate
3145 3862 3241 3917 niti
3269 3866 3526 3919 noveritis
3552 3908 3564 3926 .

1977 3943 2146 4014 ipsius
2171 3946 2323 4013 Jesu,
2354 3948 2437 4003 cui
2466 3960 2745 4020 perspecta
2782 3961 2907 4007 sunt
2945 3968 3140 4008 arcana
3166 3971 3425 4025 qua'que,
3454 3974 3567 4013 rem

1975 4049 2224 4093 sermone
2237 4048 2396 4108 atque
2420 4042 2734 4097 auctoritate
2753 4042 3096 4100 confirmabo.
3125 4045 3406 4116 Postquam
3423 4051 3565 4103 enim

1977 4125 2073 4177 ista
2101 4127 2469 4195 postularunt,
2496 4130 2621 4185 audi
2656 4131 2784 4201 quid
2815 4133 2921 4187 illis
2950 4136 3271 4203 respondeat
3303 4154 3320 4193 :
3349 4136 3566 4194 Nescitis

1974 4216 2096 4281 quid
2120 4218 2300 4286 petatis
2326 4218 2517 4289 (Marc.
2546 4221 2633 4295 10.
2662 4223 2774 4293 38).
2811 4223 2948 4291 Quid
2975 4225 3074 4281 bac
3116 4227 3434 4297 probatione
3455 4232 3563 4287 cla-

1975 4306 2123 4360 rius?
2151 4307 2309 4362 Vides
2337 4310 2457 4364 illos
2478 4312 2697 4386 minime
2724 4315 2937 4370 novisse
2964 4317 3105 4386 quod
3138 4318 3410 4388 petebant,
3440 4338 3562 4377 cum

1973 4398 2039 4452 de
2058 4401 2271 4454 coronis
2300 4418 2362 4456 ac
2390 4404 2623 4472 praemiis
2642 4406 2779 4475 apud
2803 4407 2951 4463 illum
2982 4410 3140 4465 verba
3167 4410 3407 4468 facerent
3432 4432 3565 4471 nec-

1971 4489 2095 4542 dum
2119 4494 2498 4549 certaminibus
2536 4496 2796 4553 inchoatis
2814 4501 2839 4553 ?
2863 4501 2976 4555 Duo
3000 4512 3127 4557 sunt
3155 4504 3313 4575 igitur
3332 4524 3450 4575 qua!
3479 4508 3564 4560 in-

1973 4580 2105 4646 nuit,
2132 4582 2232 4636 ltoc
2254 4582 2461 4648 dicens,
2492 4584 2714 4643 Nescitis
2736 4591 2858 4659 quid
2889 4593 3103 4660 petatis,
3137 4611 3298 4649 unum
3325 4599 3464 4667 quod
3494 4600 3561 4655 de

1970 4686 2134 4740 regno
2163 4674 2462 4744 loquantur,
2493 4677 2561 4734 de
2585 4694 2691 4749 quo
2719 4694 3024 4738 sermonem
3048 4683 3295 4741 Christus
3342 4705 3447 4743 non
3480 4692 3564 4744 in-

1968 4765 2214 4818 stituerat
2241 4780 2257 4819 :
2289 4782 2394 4819 non
2422 4769 2563 4822 enim
2607 4770 2676 4826 de
2705 4770 2807 4827 hoc
2849 4782 3061 4830 terreno
3100 4791 3166 4831 ac
3193 4779 3432 4834 sensibili
3461 4797 3564 4835 an-

1969 4855 2275 4911 nunciatum
2306 4867 2423 4912 crat
2446 4873 2459 4910 :
2483 4860 2733 4927 alterum,
2760 4864 2903 4933 quod
2932 4864 3059 4920 dum
3081 4868 3223 4923 sedis
3248 4875 3563 4942 prmrogati-

1966 4961 2120 5012 vam,
2153 4958 2207 5002 et
2248 4950 2488 5005 emlestes
2513 4952 2623 5020 jam
2660 4965 2907 5024 quzerunt
2945 4956 3202 5026 honores,
3245 4963 3563 5034 exterisque

1967 5039 2132 5094 videri
2157 5041 2413 5103 clariores
2436 5056 2489 5099 et
2512 5046 2829 5102 illustriores
2856 5050 3205 5117 contendunt,
3230 5069 3300 5107 ne
3319 5070 3418 5109 suo
3446 5060 3561 5125 qui-

1963 5131 2085 5185 dem
2131 5141 2389 5202 tempore,
2421 5136 2516 5191 sed
2542 5136 2828 5192 admodum
2871 5140 3243 5211 intempestive
3270 5145 3365 5199 ista
3411 5162 3561 5216 qutu-

1962 5234 2100 5277 rant.
2132 5225 2366 5295 Tempus
2394 5229 2537 5281 enim
2570 5228 2695 5283 illud
2720 5245 2824 5282 non
2853 5245 3171 5287 coronarum
3194 5244 3284 5289 aut
3310 5238 3560 5304 praemio-

1961 5330 2101 5378 rum,
2133 5316 2227 5369 sed
2254 5318 2627 5386 certaminum,
2662 5319 2945 5385 lectarum,
2980 5323 3239 5389 laborum,
3272 5327 3555 5386 sudormn.

1960 5405 2254 5461 stadiorum
2291 5406 2410 5475 fuit,
2440 5419 2600 5480 atque
2637 5411 2959 5480 praeliorum.
2994 5414 3107 5470 Hoc
3138 5417 3296 5487 igitur
3316 5419 3416 5474 sibi
3449 5423 3558 5473 vult

1960 5496 2093 5552 illud
2120 5498 2263 5570 quod
2296 5501 2390 5568 ait,
2420 5500 2641 5557 Nescitis
2662 5504 2785 5574 quid
2812 5506 3011 5573 petatis,
3040 5505 3164 5561 dmn
3210 5509 3276 5563 de
3309 5510 3391 5565 bis
3413 5515 3554 5581 apud

1959 5604 2047 5642 me
2076 5589 2235 5643 verba
2262 5589 2455 5656 facitis,
2481 5608 2603 5647 cum
2630 5596 2858 5650 necdum
2891 5595 3101 5652 labores
3129 5602 3550 5670 exantlaveritis,

1957 5679 2183 5733 necdum
2213 5681 2281 5736 ad
2304 5682 2533 5740 ineunda
2552 5688 2843 5742 certamina
2872 5704 2967 5745 vos
2994 5691 3246 5746 exueritis
3276 5710 3289 5746 :
3319 5708 3438 5748 cum
3471 5696 3551 5748 in-

1957 5782 2228 5828 corrcctus
2255 5774 2426 5830 adhuc
2454 5787 2662 5834 maneat
2682 5780 2826 5836 orbis
2849 5792 3129 5850 terrarum,
3154 5801 3275 5839 cum
3304 5787 3544 5858 impietas

2031 5879 2041 5908 ¹
2076 5885 2121 5934 td
2146 5895 2238 5947 est,
2276 5901 2383 5950 qua
2406 5895 2514 5939 sunt
2543 5893 2645 5942 Dei.
