  <div class='ocr_page' id='page_1' title='image "/cluster/home/n/w/nwhite01/storage/ocr_20150623/48/pst.000005712458/261.png"; bbox 0 0 4186 6326; ppageno 0'>
   <div class='ocr_carea' id='block_1_1' title="bbox 651 410 3098 496">
    <p class='ocr_par' dir='ltr' id='par_1_1' title="bbox 651 410 3098 496">
     <span class='ocr_line' id='line_1_1' title="bbox 651 410 3098 496; baseline -0.013 0"><span class='ocrx_word' id='word_1_1' title='bbox 651 446 754 496; x_wconf 80' lang='lat'><strong>775</strong></span> <span class='ocrx_word' id='word_1_2' title='bbox 1424 426 1482 482; x_wconf 87' lang='lat' dir='ltr'><strong>S.</strong></span> <span class='ocrx_word' id='word_1_3' title='bbox 1524 421 1758 480; x_wconf 65' lang='lat' dir='ltr'><strong>IOANN.</strong></span> <span class='ocrx_word' id='word_1_4' title='bbox 1802 419 2178 476; x_wconf 67' lang='lat' dir='ltr'><strong>CHRYSOST.</strong></span> <span class='ocrx_word' id='word_1_5' title='bbox 2224 415 2539 472; x_wconf 77' lang='lat' dir='ltr'><strong>ARCHIEP.</strong></span> <span class='ocrx_word' id='word_1_6' title='bbox 2582 410 3098 474; x_wconf 64' lang='lat' dir='ltr'><strong>CONSTANTlNOP</strong></span> 
     </span>
    </p>
   </div>
   <div class='ocr_carea' id='block_1_2' title="bbox 639 540 2233 624">
    <p class='ocr_par' dir='ltr' id='par_1_2' title="bbox 639 540 2233 624">
     <span class='ocr_line' id='line_1_2' title="bbox 639 540 2233 624; baseline -0.015 -9"><span class='ocrx_word' id='word_1_7' title='bbox 639 561 968 624; x_wconf 70' lang='lat' dir='ltr'><strong>dominetur,</strong></span> <span class='ocrx_word' id='word_1_8' title='bbox 1021 561 1073 605; x_wconf 86' lang='lat' dir='ltr'><strong>et</strong></span> <span class='ocrx_word' id='word_1_9' title='bbox 1122 555 1340 618; x_wconf 86' lang='lat' dir='ltr'><strong>pereant</strong></span> <span class='ocrx_word' id='word_1_10' title='bbox 1366 559 1555 599; x_wconf 82' lang='lat' dir='ltr'><strong>omnes</strong></span> <span class='ocrx_word' id='word_1_11' title='bbox 1603 543 1877 597; x_wconf 73' lang='lat' dir='ltr'><strong>mortales.</strong></span> <span class='ocrx_word' id='word_1_12' title='bbox 1934 540 2233 595; x_wconf 74' lang='lat' dir='ltr'><strong>Nondume</strong></span> 
     </span>
    </p>
   </div>
   <div class='ocr_carea' id='block_1_3' title="bbox 644 628 2233 711">
    <p class='ocr_par' dir='ltr' id='par_1_3' title="bbox 644 628 2233 711">
     <span class='ocr_line' id='line_1_3' title="bbox 644 628 2233 711; baseline -0.009 -16"><span class='ocrx_word' id='word_1_13' title='bbox 644 642 948 697; x_wconf 76' lang='lat' dir='ltr'><strong>carceribus</strong></span> <span class='ocrx_word' id='word_1_14' title='bbox 976 640 1246 696; x_wconf 74' lang='lat' dir='ltr'><strong>exsiliistis</strong></span> <span class='ocrx_word' id='word_1_15' title='bbox 1270 678 1283 705; x_wconf 96' lang='lat'><strong>,</strong></span> <span class='ocrx_word' id='word_1_16' title='bbox 1314 635 1553 690; x_wconf 85' lang='lat' dir='ltr'><strong>nondum</strong></span> <span class='ocrx_word' id='word_1_17' title='bbox 1580 634 1647 688; x_wconf 88' lang='lat' dir='ltr'><strong>ad</strong></span> <span class='ocrx_word' id='word_1_18' title='bbox 1685 631 1911 711; x_wconf 86' lang='lat' dir='ltr'><strong>ineunda</strong></span> <span class='ocrx_word' id='word_1_19' title='bbox 1952 628 2233 685; x_wconf 88' lang='lat' dir='ltr'><strong>luctamina</strong></span> 
     </span>
    </p>
   </div>
   <div class='ocr_carea' id='block_1_4' title="bbox 644 722 2235 797">
    <p class='ocr_par' dir='ltr' id='par_1_4' title="bbox 644 722 2235 797">
     <span class='ocr_line' id='line_1_4' title="bbox 644 722 2235 797; baseline -0.008 -11"><span class='ocrx_word' id='word_1_20' title='bbox 644 743 740 787; x_wconf 73' lang='lat' dir='ltr'><strong>Vos</strong></span> <span class='ocrx_word' id='word_1_21' title='bbox 762 733 1006 797; x_wconf 74' lang='lat' dir='ltr'><strong>exuistis,</strong></span> <span class='ocrx_word' id='word_1_22' title='bbox 1043 731 1262 785; x_wconf 80' lang='lat' dir='ltr'><strong>Potestis</strong></span> <span class='ocrx_word' id='word_1_23' title='bbox 1282 728 1447 784; x_wconf 78' lang='lat' dir='ltr'><strong>bibere</strong></span> <span class='ocrx_word' id='word_1_24' title='bbox 1471 728 1695 790; x_wconf 76' lang='lat' dir='ltr'><strong>calicem,</strong></span> <span class='ocrx_word' id='word_1_25' title='bbox 1720 742 1863 795; x_wconf 87' lang='lat' dir='ltr'><strong>quem</strong></span> <span class='ocrx_word' id='word_1_26' title='bbox 1886 741 1974 794; x_wconf 86' lang='lat' dir='ltr'><strong>ego</strong></span> <span class='ocrx_word' id='word_1_27' title='bbox 1986 722 2235 775; x_wconf 64' lang='lat' dir='ltr'><strong>‘bibiturus</strong></span> 
     </span>
    </p>
   </div>
   <div class='ocr_carea' id='block_1_5' title="bbox 635 806 2233 892">
    <p class='ocr_par' dir='ltr' id='par_1_5' title="bbox 635 806 2233 892">
     <span class='ocr_line' id='line_1_5' title="bbox 635 806 2233 892; baseline -0.007 -19"><span class='ocrx_word' id='word_1_28' title='bbox 635 839 779 887; x_wconf 79' lang='lat' dir='ltr'><strong>sum,</strong></span> <span class='ocrx_word' id='word_1_29' title='bbox 819 832 865 877; x_wconf 81' lang='lat' dir='ltr'><strong>et</strong></span> <span class='ocrx_word' id='word_1_30' title='bbox 894 822 1162 891; x_wconf 70' lang='lat' dir='ltr'><strong>baptismo,</strong></span> <span class='ocrx_word' id='word_1_31' title='bbox 1192 837 1291 892; x_wconf 88' lang='lat' dir='ltr'><strong>quo</strong></span> <span class='ocrx_word' id='word_1_32' title='bbox 1332 836 1424 890; x_wconf 81' lang='lat' dir='ltr'><strong>ego</strong></span> <span class='ocrx_word' id='word_1_33' title='bbox 1469 814 1715 886; x_wconf 70' lang='lat' dir='ltr'><strong>baptizor,</strong></span> <span class='ocrx_word' id='word_1_34' title='bbox 1765 806 2010 885; x_wconf 78' lang='lat' dir='ltr'><strong>baptizari</strong></span> <span class='ocrx_word' id='word_1_35' title='bbox 2041 812 2233 882; x_wconf 81' lang='lat' dir='ltr'><strong>(Marc.</strong></span> 
     </span>
    </p>
   </div>
   <div class='ocr_carea' id='block_1_6' title="bbox 645 908 2235 983">
    <p class='ocr_par' dir='ltr' id='par_1_6' title="bbox 645 908 2235 983">
     <span class='ocr_line' id='line_1_6' title="bbox 645 908 2235 983; baseline -0.008 -17"><span class='ocrx_word' id='word_1_36' title='bbox 645 912 736 967; x_wconf 77' lang='grc'><strong>10.</strong></span> <span class='ocrx_word' id='word_1_37' title='bbox 766 912 856 983; x_wconf 79' lang='lat'><strong>38)</strong></span> <span class='ocrx_word' id='word_1_38' title='bbox 876 908 909 967; x_wconf 72' lang='grc' dir='ltr'><strong><em>τ</em></strong></span> <span class='ocrx_word' id='word_1_39' title='bbox 926 913 1143 966; x_wconf 85' lang='lat' dir='ltr'><strong>calicem</strong></span> <span class='ocrx_word' id='word_1_40' title='bbox 1170 913 1269 966; x_wconf 91' lang='lat' dir='ltr'><strong>hoc</strong></span> <span class='ocrx_word' id='word_1_41' title='bbox 1292 914 1407 965; x_wconf 90' lang='lat' dir='ltr'><strong>loco</strong></span> <span class='ocrx_word' id='word_1_42' title='bbox 1426 918 1483 963; x_wconf 89' lang='lat' dir='ltr'><strong>et</strong></span> <span class='ocrx_word' id='word_1_43' title='bbox 1500 909 1829 977; x_wconf 49' lang='lat' dir='ltr'><strong>baptismum»</strong></span> <span class='ocrx_word' id='word_1_44' title='bbox 1847 920 2060 960; x_wconf 89' lang='lat' dir='ltr'><strong>erucem</strong></span> <span class='ocrx_word' id='word_1_45' title='bbox 2084 916 2235 956; x_wconf 89' lang='lat' dir='ltr'><strong>suam</strong></span> 
     </span>
    </p>
   </div>
   <div class='ocr_carea' id='block_1_7' title="bbox 645 997 2235 1071">
    <p class='ocr_par' dir='ltr' id='par_1_7' title="bbox 645 997 2235 1071">
     <span class='ocr_line' id='line_1_7' title="bbox 645 997 2235 1071; baseline -0.006 -15"><span class='ocrx_word' id='word_1_46' title='bbox 645 1013 701 1056; x_wconf 85' lang='lat' dir='ltr'><strong>et</strong></span> <span class='ocrx_word' id='word_1_47' title='bbox 728 1012 952 1057; x_wconf 90' lang='lat' dir='ltr'><strong>mortem</strong></span> <span class='ocrx_word' id='word_1_48' title='bbox 979 1003 1254 1071; x_wconf 80' lang='lat' dir='ltr'><strong>appellans</strong></span> <span class='ocrx_word' id='word_1_49' title='bbox 1286 1018 1298 1055; x_wconf 93' lang='lat'><strong>:</strong></span> <span class='ocrx_word' id='word_1_50' title='bbox 1332 1002 1552 1054; x_wconf 88' lang='lat' dir='ltr'><strong>calicem</strong></span> <span class='ocrx_word' id='word_1_51' title='bbox 1579 999 1816 1068; x_wconf 87' lang='lat' dir='ltr'><strong>qttidcnt,</strong></span> <span class='ocrx_word' id='word_1_52' title='bbox 1839 997 2089 1065; x_wconf 88' lang='lat' dir='ltr'><strong>quoniam</strong></span> <span class='ocrx_word' id='word_1_53' title='bbox 2116 1010 2235 1049; x_wconf 89' lang='lat' dir='ltr'><strong>cum</strong></span> 
     </span>
    </p>
   </div>
   <div class='ocr_carea' id='block_1_8' title="bbox 649 1086 2240 1162">
    <p class='ocr_par' dir='ltr' id='par_1_8' title="bbox 649 1086 2240 1162">
     <span class='ocr_line' id='line_1_8' title="bbox 649 1086 2240 1162; baseline -0.003 -20"><span class='ocrx_word' id='word_1_54' title='bbox 649 1093 921 1162; x_wconf 86' lang='lat' dir='ltr'><strong>voluptate</strong></span> <span class='ocrx_word' id='word_1_55' title='bbox 947 1092 1092 1147; x_wconf 90' lang='lat' dir='ltr'><strong>illum</strong></span> <span class='ocrx_word' id='word_1_56' title='bbox 1143 1093 1335 1157; x_wconf 80' lang='lat' dir='ltr'><strong>ebibit;</strong></span> <span class='ocrx_word' id='word_1_57' title='bbox 1390 1091 1709 1159; x_wconf 88' lang='lat' dir='ltr'><strong>baptismmn</strong></span> <span class='ocrx_word' id='word_1_58' title='bbox 1763 1098 1962 1152; x_wconf 90' lang='lat' dir='ltr'><strong>autem,</strong></span> <span class='ocrx_word' id='word_1_59' title='bbox 1994 1086 2115 1155; x_wconf 83' lang='lat' dir='ltr'><strong>quia</strong></span> <span class='ocrx_word' id='word_1_60' title='bbox 2146 1100 2240 1155; x_wconf 90' lang='lat' dir='ltr'><strong>per</strong></span> 
     </span>
    </p>
   </div>
   <div class='ocr_carea' id='block_1_9' title="bbox 647 1179 2239 1250">
    <p class='ocr_par' dir='ltr' id='par_1_9' title="bbox 647 1179 2239 1250">
     <span class='ocr_line' id='line_1_9' title="bbox 647 1179 2239 1250; baseline -0.006 -13"><span class='ocrx_word' id='word_1_61' title='bbox 647 1184 791 1237; x_wconf 85' lang='lat' dir='ltr'><strong>illam</strong></span> <span class='ocrx_word' id='word_1_62' title='bbox 820 1185 1004 1238; x_wconf 88' lang='lat' dir='ltr'><strong>orbem</strong></span> <span class='ocrx_word' id='word_1_63' title='bbox 1047 1191 1309 1237; x_wconf 87' lang='lat' dir='ltr'><strong>terrarmn</strong></span> <span class='ocrx_word' id='word_1_64' title='bbox 1353 1181 1681 1250; x_wconf 78' lang='lat' dir='ltr'><strong>expurgabat</strong></span> <span class='ocrx_word' id='word_1_65' title='bbox 1710 1196 1725 1234; x_wconf 90' lang='lat'><strong>:</strong></span> <span class='ocrx_word' id='word_1_66' title='bbox 1751 1194 1850 1233; x_wconf 91' lang='lat' dir='ltr'><strong>nec</strong></span> <span class='ocrx_word' id='word_1_67' title='bbox 1898 1179 2095 1232; x_wconf 88' lang='lat' dir='ltr'><strong>idcirco</strong></span> <span class='ocrx_word' id='word_1_68' title='bbox 2124 1186 2239 1229; x_wconf 84' lang='lat' dir='ltr'><strong>tan-</strong></span> 
     </span>
    </p>
   </div>
   <div class='ocr_carea' id='block_1_10' title="bbox 649 1266 2242 1344">
    <p class='ocr_par' dir='ltr' id='par_1_10' title="bbox 649 1266 2242 1344">
     <span class='ocr_line' id='line_1_10' title="bbox 649 1266 2242 1344; baseline -0.004 -16"><span class='ocrx_word' id='word_1_69' title='bbox 649 1286 783 1341; x_wconf 88' lang='lat' dir='ltr'><strong>tum,</strong></span> <span class='ocrx_word' id='word_1_70' title='bbox 818 1274 912 1328; x_wconf 89' lang='lat' dir='ltr'><strong>sed</strong></span> <span class='ocrx_word' id='word_1_71' title='bbox 965 1286 1019 1328; x_wconf 92' lang='lat' dir='ltr'><strong>et</strong></span> <span class='ocrx_word' id='word_1_72' title='bbox 1070 1282 1288 1344; x_wconf 81' lang='lat' dir='ltr'><strong>propter</strong></span> <span class='ocrx_word' id='word_1_73' title='bbox 1341 1270 1750 1326; x_wconf 86' lang='lat' dir='ltr'><strong>resurrectionis</strong></span> <span class='ocrx_word' id='word_1_74' title='bbox 1796 1268 2123 1323; x_wconf 88' lang='lat' dir='ltr'><strong>facilitatem.</strong></span> <span class='ocrx_word' id='word_1_75' title='bbox 2175 1266 2242 1321; x_wconf 90' lang='lat' dir='ltr'><strong>Ut</strong></span> 
     </span>
    </p>
   </div>
   <div class='ocr_carea' id='block_1_11' title="bbox 645 1360 2242 1435">
    <p class='ocr_par' dir='ltr' id='par_1_11' title="bbox 645 1360 2242 1435">
     <span class='ocr_line' id='line_1_11' title="bbox 645 1360 2242 1435; baseline -0.006 -16"><span class='ocrx_word' id='word_1_76' title='bbox 645 1368 790 1420; x_wconf 85' lang='lat' dir='ltr'><strong>enim</strong></span> <span class='ocrx_word' id='word_1_77' title='bbox 822 1368 908 1434; x_wconf 86' lang='lat' dir='ltr'><strong>qui</strong></span> <span class='ocrx_word' id='word_1_78' title='bbox 932 1361 1229 1435; x_wconf 71' lang='lat' dir='ltr'><strong>baptizatur</strong></span> <span class='ocrx_word' id='word_1_79' title='bbox 1248 1379 1405 1435; x_wconf 86' lang='lat' dir='ltr'><strong>aqua,</strong></span> <span class='ocrx_word' id='word_1_80' title='bbox 1436 1364 1601 1417; x_wconf 81' lang='lat' dir='ltr'><strong>multa</strong></span> <span class='ocrx_word' id='word_1_81' title='bbox 1627 1378 1745 1417; x_wconf 90' lang='lat' dir='ltr'><strong>cum</strong></span> <span class='ocrx_word' id='word_1_82' title='bbox 1776 1360 2025 1415; x_wconf 88' lang='lat' dir='ltr'><strong>facilitate</strong></span> <span class='ocrx_word' id='word_1_83' title='bbox 2050 1376 2242 1416; x_wconf 85' lang='lat' dir='ltr'><strong>ascen-</strong></span> 
     </span>
    </p>
   </div>
   <div class='ocr_carea' id='block_1_12' title="bbox 647 1452 2242 1527">
    <p class='ocr_par' dir='ltr' id='par_1_12' title="bbox 647 1452 2242 1527">
     <span class='ocr_line' id='line_1_12' title="bbox 647 1452 2242 1527; baseline -0.002 -18"><span class='ocrx_word' id='word_1_84' title='bbox 647 1457 726 1510; x_wconf 90' lang='lat' dir='ltr'><strong>dit</strong></span> <span class='ocrx_word' id='word_1_85' title='bbox 770 1458 836 1511; x_wconf 89' lang='lat' dir='ltr'><strong>ab</strong></span> <span class='ocrx_word' id='word_1_86' title='bbox 877 1472 1130 1527; x_wconf 86' lang='lat' dir='ltr'><strong>aquarum</strong></span> <span class='ocrx_word' id='word_1_87' title='bbox 1176 1467 1361 1510; x_wconf 82' lang='lat' dir='ltr'><strong>natura</strong></span> <span class='ocrx_word' id='word_1_88' title='bbox 1414 1455 1546 1511; x_wconf 82' lang='lat' dir='ltr'><strong>nihil</strong></span> <span class='ocrx_word' id='word_1_89' title='bbox 1599 1454 1927 1523; x_wconf 87' lang='lat' dir='ltr'><strong>impeditus:</strong></span> <span class='ocrx_word' id='word_1_90' title='bbox 1958 1454 2033 1507; x_wconf 83' lang='lat' dir='ltr'><strong>sic</strong></span> <span class='ocrx_word' id='word_1_91' title='bbox 2061 1461 2115 1507; x_wconf 92' lang='lat' dir='ltr'><strong>et</strong></span> <span class='ocrx_word' id='word_1_92' title='bbox 2154 1452 2242 1506; x_wconf 89' lang='lat' dir='ltr'><strong>ille</strong></span> 
     </span>
    </p>
   </div>
   <div class='ocr_carea' id='block_1_13' title="bbox 648 1546 2243 1616">
    <p class='ocr_par' dir='ltr' id='par_1_13' title="bbox 648 1546 2243 1616">
     <span class='ocr_line' id='line_1_13' title="bbox 648 1546 2243 1616; baseline -0.004 -13"><span class='ocrx_word' id='word_1_93' title='bbox 648 1565 768 1603; x_wconf 88' lang='lat' dir='ltr'><strong>cum</strong></span> <span class='ocrx_word' id='word_1_94' title='bbox 802 1550 852 1603; x_wconf 94' lang='lat' dir='ltr'><strong>in</strong></span> <span class='ocrx_word' id='word_1_95' title='bbox 877 1561 1101 1603; x_wconf 82' lang='lat' dir='ltr'><strong>mortem</strong></span> <span class='ocrx_word' id='word_1_96' title='bbox 1129 1549 1515 1614; x_wconf 88' lang='lat' dir='ltr'><strong>descendisset,</strong></span> <span class='ocrx_word' id='word_1_97' title='bbox 1544 1548 1710 1601; x_wconf 88' lang='lat' dir='ltr'><strong>multa</strong></span> <span class='ocrx_word' id='word_1_98' title='bbox 1740 1563 1860 1603; x_wconf 90' lang='lat' dir='ltr'><strong>eum</strong></span> <span class='ocrx_word' id='word_1_99' title='bbox 1882 1546 2131 1616; x_wconf 74' lang='lat' dir='ltr'><strong>facilitate</strong></span> <span class='ocrx_word' id='word_1_100' title='bbox 2157 1560 2243 1597; x_wconf 88' lang='lat' dir='ltr'><strong>as-</strong></span> 
     </span>
    </p>
   </div>
   <div class='ocr_carea' id='block_1_14' title="bbox 648 1637 2239 1710">
    <p class='ocr_par' dir='ltr' id='par_1_14' title="bbox 648 1637 2239 1710">
     <span class='ocr_line' id='line_1_14' title="bbox 648 1637 2239 1710; baseline -0.001 -18"><span class='ocrx_word' id='word_1_101' title='bbox 648 1641 827 1694; x_wconf 89' lang='lat' dir='ltr'><strong>cendit</strong></span> <span class='ocrx_word' id='word_1_102' title='bbox 874 1657 888 1693; x_wconf 90' lang='lat'><strong>:</strong></span> <span class='ocrx_word' id='word_1_103' title='bbox 946 1650 1223 1710; x_wconf 79' lang='lat' dir='ltr'><strong>propterea</strong></span> <span class='ocrx_word' id='word_1_104' title='bbox 1279 1641 1600 1709; x_wconf 84' lang='lat' dir='ltr'><strong>baptismum</strong></span> <span class='ocrx_word' id='word_1_105' title='bbox 1631 1640 1771 1693; x_wconf 83' lang='lat' dir='ltr'><strong>illam</strong></span> <span class='ocrx_word' id='word_1_106' title='bbox 1810 1639 2061 1708; x_wconf 79' lang='lat' dir='ltr'><strong>appellat.</strong></span> <span class='ocrx_word' id='word_1_107' title='bbox 2090 1637 2239 1703; x_wconf 85' lang='lat' dir='ltr'><strong>Quod</strong></span> 
     </span>
    </p>
   </div>
   <div class='ocr_carea' id='block_1_15' title="bbox 651 1731 2245 1800">
    <p class='ocr_par' dir='ltr' id='par_1_15' title="bbox 651 1731 2245 1800">
     <span class='ocr_line' id='line_1_15' title="bbox 651 1731 2245 1800; baseline -0.001 -17"><span class='ocrx_word' id='word_1_108' title='bbox 651 1739 828 1785; x_wconf 88' lang='lat' dir='ltr'><strong>autem</strong></span> <span class='ocrx_word' id='word_1_109' title='bbox 860 1731 987 1785; x_wconf 85' lang='lat' dir='ltr'><strong>dicit</strong></span> <span class='ocrx_word' id='word_1_110' title='bbox 1017 1743 1097 1785; x_wconf 88' lang='lat' dir='ltr'><strong>est</strong></span> <span class='ocrx_word' id='word_1_111' title='bbox 1128 1731 1493 1800; x_wconf 87' lang='lat' dir='ltr'><strong>hujuscemodi</strong></span> <span class='ocrx_word' id='word_1_112' title='bbox 1520 1750 1534 1784; x_wconf 92' lang='lat'>:</span> <span class='ocrx_word' id='word_1_113' title='bbox 1558 1732 1780 1800; x_wconf 81' lang='lat' dir='ltr'><strong>potestis</strong></span> <span class='ocrx_word' id='word_1_114' title='bbox 1805 1731 1997 1795; x_wconf 85' lang='lat' dir='ltr'><strong>occidi,</strong></span> <span class='ocrx_word' id='word_1_115' title='bbox 2021 1739 2074 1785; x_wconf 88' lang='lat' dir='ltr'><strong>et</strong></span> <span class='ocrx_word' id='word_1_116' title='bbox 2098 1745 2245 1782; x_wconf 83' lang='lat' dir='ltr'><strong>mor-</strong></span> 
     </span>
    </p>
   </div>
   <div class='ocr_carea' id='block_1_16' title="bbox 652 1823 2245 1895">
    <p class='ocr_par' dir='ltr' id='par_1_16' title="bbox 652 1823 2245 1895">
     <span class='ocr_line' id='line_1_16' title="bbox 652 1823 2245 1895; baseline 0.001 -18"><span class='ocrx_word' id='word_1_117' title='bbox 652 1833 761 1877; x_wconf 85' lang='lat' dir='ltr'><strong>tem</strong></span> <span class='ocrx_word' id='word_1_118' title='bbox 792 1827 1090 1895; x_wconf 74' lang='lat' dir='ltr'><strong>oppetere?</strong></span> <span class='ocrx_word' id='word_1_119' title='bbox 1117 1825 1317 1879; x_wconf 88' lang='lat' dir='ltr'><strong>Horum</strong></span> <span class='ocrx_word' id='word_1_120' title='bbox 1344 1825 1485 1878; x_wconf 90' lang='lat' dir='ltr'><strong>enim</strong></span> <span class='ocrx_word' id='word_1_121' title='bbox 1539 1839 1679 1878; x_wconf 91' lang='lat' dir='ltr'><strong>nunc</strong></span> <span class='ocrx_word' id='word_1_122' title='bbox 1720 1835 1929 1894; x_wconf 88' lang='lat' dir='ltr'><strong>tempus</strong></span> <span class='ocrx_word' id='word_1_123' title='bbox 1960 1835 2070 1888; x_wconf 90' lang='lat' dir='ltr'><strong>est,</strong></span> <span class='ocrx_word' id='word_1_124' title='bbox 2096 1823 2245 1878; x_wconf 78' lang='lat' dir='ltr'><strong>fune-</strong></span> 
     </span>
    </p>
   </div>
   <div class='ocr_carea' id='block_1_17' title="bbox 650 1914 2242 1984">
    <p class='ocr_par' dir='ltr' id='par_1_17' title="bbox 650 1914 2242 1984">
     <span class='ocr_line' id='line_1_17' title="bbox 650 1914 2242 1984; baseline -0.001 -16"><span class='ocrx_word' id='word_1_125' title='bbox 650 1931 791 1979; x_wconf 86' lang='lat' dir='ltr'><strong>rum,</strong></span> <span class='ocrx_word' id='word_1_126' title='bbox 826 1915 1204 1984; x_wconf 87' lang='lat' dir='ltr'><strong>periculorum,</strong></span> <span class='ocrx_word' id='word_1_127' title='bbox 1238 1914 1500 1969; x_wconf 90' lang='lat' dir='ltr'><strong>laborum.</strong></span> <span class='ocrx_word' id='word_1_128' title='bbox 1534 1914 1765 1980; x_wconf 82' lang='lat' dir='ltr'><strong>Verum,</strong></span> <span class='ocrx_word' id='word_1_129' title='bbox 1801 1916 1907 1981; x_wconf 89' lang='lat' dir='ltr'><strong>illi,</strong></span> <span class='ocrx_word' id='word_1_130' title='bbox 1942 1914 2242 1978; x_wconf 76' lang='lat' dir='ltr'><strong>Possumus,</strong></span> 
     </span>
    </p>
   </div>
   <div class='ocr_carea' id='block_1_18' title="bbox 654 2005 2247 2075">
    <p class='ocr_par' dir='ltr' id='par_1_18' title="bbox 654 2005 2247 2075">
     <span class='ocr_line' id='line_1_18' title="bbox 654 2005 2247 2075; baseline 0.001 -17"><span class='ocrx_word' id='word_1_131' title='bbox 654 2005 918 2074; x_wconf 83' lang='lat' dir='ltr'><strong>inquiunt,</strong></span> <span class='ocrx_word' id='word_1_132' title='bbox 950 2020 1068 2059; x_wconf 91' lang='lat' dir='ltr'><strong>cum</strong></span> <span class='ocrx_word' id='word_1_133' title='bbox 1097 2021 1193 2060; x_wconf 88' lang='lat' dir='ltr'><strong>nec</strong></span> <span class='ocrx_word' id='word_1_134' title='bbox 1224 2005 1519 2075; x_wconf 80' lang='lat' dir='ltr'><strong>intelligant</strong></span> <span class='ocrx_word' id='word_1_135' title='bbox 1548 2007 1670 2075; x_wconf 85' lang='lat' dir='ltr'><strong>quid</strong></span> <span class='ocrx_word' id='word_1_136' title='bbox 1701 2007 1926 2069; x_wconf 85' lang='lat' dir='ltr'><strong>dicatur,</strong></span> <span class='ocrx_word' id='word_1_137' title='bbox 1958 2008 2049 2059; x_wconf 86' lang='lat' dir='ltr'><strong>sed</strong></span> <span class='ocrx_word' id='word_1_138' title='bbox 2081 2006 2247 2059; x_wconf 84' lang='lat' dir='ltr'><strong>addu-</strong></span> 
     </span>
    </p>
   </div>
   <div class='ocr_carea' id='block_1_19' title="bbox 651 2096 2242 2165">
    <p class='ocr_par' dir='ltr' id='par_1_19' title="bbox 651 2096 2242 2165">
     <span class='ocr_line' id='line_1_19' title="bbox 651 2096 2242 2165; baseline -0.001 -16"><span class='ocrx_word' id='word_1_139' title='bbox 651 2098 721 2149; x_wconf 87' lang='lat' dir='ltr'><strong>cti</strong></span> <span class='ocrx_word' id='word_1_140' title='bbox 770 2112 863 2165; x_wconf 72' lang='lat' dir='ltr'><strong>spe</strong></span> <span class='ocrx_word' id='word_1_141' title='bbox 899 2097 1212 2164; x_wconf 66' lang='lat' dir='ltr'><strong>impetrandi</strong></span> <span class='ocrx_word' id='word_1_142' title='bbox 1262 2098 1544 2165; x_wconf 86' lang='lat' dir='ltr'><strong>postulata,</strong></span> <span class='ocrx_word' id='word_1_143' title='bbox 1588 2096 1919 2164; x_wconf 76' lang='lat' dir='ltr'><strong>promittant.</strong></span> <span class='ocrx_word' id='word_1_144' title='bbox 1972 2096 2060 2149; x_wconf 85' lang='lat' dir='ltr'><strong>Ait</strong></span> <span class='ocrx_word' id='word_1_145' title='bbox 2106 2096 2242 2159; x_wconf 78' lang='lat' dir='ltr'><strong>illis,</strong></span> 
     </span>
    </p>
   </div>
   <div class='ocr_carea' id='block_1_20' title="bbox 654 2186 2245 2257">
    <p class='ocr_par' dir='ltr' id='par_1_20' title="bbox 654 2186 2245 2257">
     <span class='ocr_line' id='line_1_20' title="bbox 654 2186 2245 2257; baseline -0.001 -18"><span class='ocrx_word' id='word_1_146' title='bbox 654 2187 873 2240; x_wconf 76' lang='lat' dir='ltr'><strong>Calicem</strong></span> <span class='ocrx_word' id='word_1_147' title='bbox 901 2188 1109 2257; x_wconf 80' lang='lat' dir='ltr'><strong>quidem</strong></span> <span class='ocrx_word' id='word_1_148' title='bbox 1128 2204 1289 2239; x_wconf 85' lang='lat' dir='ltr'><strong>meum</strong></span> <span class='ocrx_word' id='word_1_149' title='bbox 1316 2188 1508 2251; x_wconf 79' lang='lat' dir='ltr'><strong>bibetis,</strong></span> <span class='ocrx_word' id='word_1_150' title='bbox 1538 2196 1580 2238; x_wconf 90' lang='lat' dir='ltr'><strong>et</strong></span> <span class='ocrx_word' id='word_1_151' title='bbox 1617 2186 1883 2256; x_wconf 85' lang='lat' dir='ltr'><strong>baptismo,</strong></span> <span class='ocrx_word' id='word_1_152' title='bbox 1913 2203 2009 2251; x_wconf 89' lang='lat' dir='ltr'><strong>quo</strong></span> <span class='ocrx_word' id='word_1_153' title='bbox 2039 2203 2128 2255; x_wconf 80' lang='lat' dir='ltr'><strong>ego</strong></span> <span class='ocrx_word' id='word_1_154' title='bbox 2156 2187 2245 2238; x_wconf 75' lang='grc' dir='ltr'><strong>ὑα-</strong></span> 
     </span>
    </p>
   </div>
   <div class='ocr_carea' id='block_1_21' title="bbox 656 2276 2246 2348">
    <p class='ocr_par' dir='ltr' id='par_1_21' title="bbox 656 2276 2246 2348">
     <span class='ocr_line' id='line_1_21' title="bbox 656 2276 2246 2348; baseline -0.001 -19"><span class='ocrx_word' id='word_1_155' title='bbox 656 2277 839 2345; x_wconf 78' lang='lat' dir='ltr'><strong>ptizor,</strong></span> <span class='ocrx_word' id='word_1_156' title='bbox 870 2277 1246 2348; x_wconf 79' lang='lat' dir='ltr'><strong>baptizabimini</strong></span> <span class='ocrx_word' id='word_1_157' title='bbox 1273 2277 1379 2346; x_wconf 88' lang='lat' dir='ltr'><strong>(Ib.</strong></span> <span class='ocrx_word' id='word_1_158' title='bbox 1420 2293 1467 2328; x_wconf 81' lang='grc' dir='ltr'>ιι.</span> <span class='ocrx_word' id='word_1_159' title='bbox 1499 2276 1587 2330; x_wconf 81' lang='grc'><strong>59.</strong></span> <span class='ocrx_word' id='word_1_160' title='bbox 1622 2277 1710 2347; x_wconf 73' lang='grc'><strong>40)</strong></span> <span class='ocrx_word' id='word_1_161' title='bbox 1740 2295 1751 2329; x_wconf 93' lang='lat'><strong>:</strong></span> <span class='ocrx_word' id='word_1_162' title='bbox 1789 2287 2013 2331; x_wconf 80' lang='lat' dir='ltr'><strong>mortem</strong></span> <span class='ocrx_word' id='word_1_163' title='bbox 2044 2278 2122 2330; x_wconf 82' lang='lat' dir='ltr'><strong>sic</strong></span> <span class='ocrx_word' id='word_1_164' title='bbox 2148 2294 2246 2345; x_wconf 80' lang='lat' dir='ltr'><strong>ap-</strong></span> 
     </span>
    </p>
   </div>
   <div class='ocr_carea' id='block_1_22' title="bbox 653 2367 2242 2438">
    <p class='ocr_par' dir='ltr' id='par_1_22' title="bbox 653 2367 2242 2438">
     <span class='ocr_line' id='line_1_22' title="bbox 653 2367 2242 2438; baseline -0.001 -16"><span class='ocrx_word' id='word_1_165' title='bbox 653 2368 856 2436; x_wconf 85' lang='lat' dir='ltr'><strong>pellans</strong></span> <span class='ocrx_word' id='word_1_166' title='bbox 885 2384 897 2419; x_wconf 89' lang='lat'><strong>:</strong></span> <span class='ocrx_word' id='word_1_167' title='bbox 932 2384 1051 2421; x_wconf 90' lang='lat' dir='ltr'><strong>nam</strong></span> <span class='ocrx_word' id='word_1_168' title='bbox 1094 2379 1146 2421; x_wconf 91' lang='lat' dir='ltr'><strong>et</strong></span> <span class='ocrx_word' id='word_1_169' title='bbox 1171 2367 1370 2422; x_wconf 80' lang='lat' dir='ltr'><strong>Iacobo</strong></span> <span class='ocrx_word' id='word_1_170' title='bbox 1396 2368 1573 2438; x_wconf 82' lang='lat' dir='ltr'><strong>gladio</strong></span> <span class='ocrx_word' id='word_1_171' title='bbox 1598 2375 1760 2436; x_wconf 90' lang='lat' dir='ltr'><strong>caput</strong></span> <span class='ocrx_word' id='word_1_172' title='bbox 1783 2368 2079 2421; x_wconf 85' lang='lat' dir='ltr'><strong>abscissum</strong></span> <span class='ocrx_word' id='word_1_173' title='bbox 2119 2380 2201 2422; x_wconf 86' lang='lat' dir='ltr'><strong>est</strong></span> <span class='ocrx_word' id='word_1_174' title='bbox 2227 2410 2242 2433; x_wconf 93' lang='lat'><strong>,</strong></span> 
     </span>
    </p>
   </div>
   <div class='ocr_carea' id='block_1_23' title="bbox 654 2458 2249 2513">
    <p class='ocr_par' dir='ltr' id='par_1_23' title="bbox 654 2458 2249 2513">
     <span class='ocr_line' id='line_1_23' title="bbox 654 2458 2249 2513; baseline 0 -2"><span class='ocrx_word' id='word_1_175' title='bbox 654 2458 1000 2512; x_wconf 81' lang='lat' dir='ltr'><strong>ctmultuties</strong></span> <span class='ocrx_word' id='word_1_176' title='bbox 1054 2468 1294 2511; x_wconf 90' lang='lat' dir='ltr'><strong>mortuus</strong></span> <span class='ocrx_word' id='word_1_177' title='bbox 1347 2468 1427 2512; x_wconf 65' lang='lat' dir='ltr'><strong>e~t</strong></span> <span class='ocrx_word' id='word_1_178' title='bbox 1455 2458 1707 2513; x_wconf 86' lang='lat' dir='ltr'><strong>Joannes.</strong></span> <span class='ocrx_word' id='word_1_179' title='bbox 1762 2460 1952 2513; x_wconf 79' lang='lat' dir='ltr'><strong>Sedere</strong></span> <span class='ocrx_word' id='word_1_180' title='bbox 1981 2470 2146 2511; x_wconf 85' lang='lat' dir='ltr'><strong>autem</strong></span> <span class='ocrx_word' id='word_1_181' title='bbox 2182 2459 2249 2511; x_wconf 87' lang='lat' dir='ltr'><strong>ad</strong></span> 
     </span>
    </p>
   </div>
   <div class='ocr_carea' id='block_1_24' title="bbox 659 2552 2249 2618">
    <p class='ocr_par' dir='ltr' id='par_1_24' title="bbox 659 2552 2249 2618">
     <span class='ocr_line' id='line_1_24' title="bbox 659 2552 2249 2618; baseline 0.002 -17"><span class='ocrx_word' id='word_1_182' title='bbox 659 2553 915 2604; x_wconf 79' lang='lat' dir='ltr'><strong>dexteram</strong></span> <span class='ocrx_word' id='word_1_183' title='bbox 942 2568 1136 2618; x_wconf 82' lang='lat' dir='ltr'><strong>meam,</strong></span> <span class='ocrx_word' id='word_1_184' title='bbox 1171 2562 1215 2603; x_wconf 90' lang='lat' dir='ltr'><strong>et</strong></span> <span class='ocrx_word' id='word_1_185' title='bbox 1246 2552 1311 2604; x_wconf 88' lang='lat' dir='ltr'><strong>ad</strong></span> <span class='ocrx_word' id='word_1_186' title='bbox 1338 2552 1593 2605; x_wconf 70' lang='lat' dir='ltr'><strong>sinistram</strong></span> <span class='ocrx_word' id='word_1_187' title='bbox 1621 2568 1783 2604; x_wconf 82' lang='lat' dir='ltr'><strong>meum</strong></span> <span class='ocrx_word' id='word_1_188' title='bbox 1807 2594 1820 2616; x_wconf 96' lang='lat'><strong>,</strong></span> <span class='ocrx_word' id='word_1_189' title='bbox 1848 2568 1950 2605; x_wconf 84' lang='lat' dir='ltr'><strong>non</strong></span> <span class='ocrx_word' id='word_1_190' title='bbox 1986 2560 2056 2605; x_wconf 81' lang='lat' dir='ltr'><strong>est</strong></span> <span class='ocrx_word' id='word_1_191' title='bbox 2086 2569 2249 2606; x_wconf 89' lang='lat' dir='ltr'><strong>meum</strong></span> 
     </span>
    </p>
   </div>
   <div class='ocr_carea' id='block_1_25' title="bbox 655 2642 2252 2713">
    <p class='ocr_par' dir='ltr' id='par_1_25' title="bbox 655 2642 2252 2713">
     <span class='ocr_line' id='line_1_25' title="bbox 655 2642 2252 2713; baseline 0.002 -20"><span class='ocrx_word' id='word_1_192' title='bbox 655 2644 797 2708; x_wconf 81' lang='lat' dir='ltr'><strong>dare,</strong></span> <span class='ocrx_word' id='word_1_193' title='bbox 822 2643 910 2696; x_wconf 83' lang='lat' dir='ltr'><strong>sed</strong></span> <span class='ocrx_word' id='word_1_194' title='bbox 936 2644 1111 2713; x_wconf 79' lang='lat' dir='ltr'><strong>quibus</strong></span> <span class='ocrx_word' id='word_1_195' title='bbox 1154 2653 1391 2713; x_wconf 83' lang='lat' dir='ltr'><strong>paratum</strong></span> <span class='ocrx_word' id='word_1_196' title='bbox 1430 2652 1517 2696; x_wconf 87' lang='lat' dir='ltr'><strong>est.</strong></span> <span class='ocrx_word' id='word_1_197' title='bbox 1562 2642 1711 2709; x_wconf 88' lang='lat' dir='ltr'><strong>Quod</strong></span> <span class='ocrx_word' id='word_1_198' title='bbox 1752 2651 1928 2696; x_wconf 89' lang='lat' dir='ltr'><strong>autem</strong></span> <span class='ocrx_word' id='word_1_199' title='bbox 1976 2643 2138 2709; x_wconf 85' lang='lat' dir='ltr'><strong>dicit,</strong></span> <span class='ocrx_word' id='word_1_200' title='bbox 2170 2652 2252 2697; x_wconf 84' lang='lat' dir='ltr'><strong>est</strong></span> 
     </span>
    </p>
   </div>
   <div class='ocr_carea' id='block_1_26' title="bbox 655 2733 941 2804">
    <p class='ocr_par' dir='ltr' id='par_1_26' title="bbox 655 2733 941 2804">
     <span class='ocr_line' id='line_1_26' title="bbox 655 2733 941 2804; baseline 0.007 -19"><span class='ocrx_word' id='word_1_201' title='bbox 655 2733 941 2804; x_wconf 80' lang='lat' dir='ltr'><strong>ersmodi.</strong></span> 
     </span>
    </p>
   </div>
   <div class='ocr_carea' id='block_1_27' title="bbox 728 2824 2251 2894">
    <p class='ocr_par' dir='ltr' id='par_1_27' title="bbox 728 2824 2251 2894">
     <span class='ocr_line' id='line_1_27' title="bbox 728 2824 2251 2894; baseline 0 -16"><span class='ocrx_word' id='word_1_202' title='bbox 728 2826 977 2879; x_wconf 73' lang='lat' dir='ltr'><strong>Cet-tantis</strong></span> <span class='ocrx_word' id='word_1_203' title='bbox 1005 2835 1075 2879; x_wconf 79' lang='lat' dir='ltr'><strong>est</strong></span> <span class='ocrx_word' id='word_1_204' title='bbox 1098 2826 1359 2894; x_wconf 78' lang='lat' dir='ltr'><strong>prwmium</strong></span> <span class='ocrx_word' id='word_1_205' title='bbox 1376 2826 1556 2879; x_wconf 84' lang='lat' dir='ltr'><strong>mereri</strong></span> <span class='ocrx_word' id='word_1_206' title='bbox 1575 2836 1620 2879; x_wconf 85' lang='lat' dir='ltr'><strong>et</strong></span> <span class='ocrx_word' id='word_1_207' title='bbox 1646 2826 1891 2894; x_wconf 84' lang='lat' dir='ltr'><strong>accipere.</strong></span> <span class='ocrx_word' id='word_1_208' title='bbox 1909 2855 1980 2865; x_wconf 88' lang='lat'><strong>—</strong></span> <span class='ocrx_word' id='word_1_209' title='bbox 2000 2824 2105 2879; x_wconf 86' lang='lat' dir='ltr'><strong>Vos</strong></span> <span class='ocrx_word' id='word_1_210' title='bbox 2135 2826 2251 2891; x_wconf 87' lang='lat' dir='ltr'><strong>qni-</strong></span> 
     </span>
    </p>
   </div>
   <div class='ocr_carea' id='block_1_28' title="bbox 658 2915 2252 2985">
    <p class='ocr_par' dir='ltr' id='par_1_28' title="bbox 658 2915 2252 2985">
     <span class='ocr_line' id='line_1_28' title="bbox 658 2915 2252 2985; baseline -0.001 -18"><span class='ocrx_word' id='word_1_211' title='bbox 658 2916 778 2969; x_wconf 86' lang='lat' dir='ltr'><strong>dem</strong></span> <span class='ocrx_word' id='word_1_212' title='bbox 803 2916 1128 2983; x_wconf 83' lang='lat' dir='ltr'><strong>moriemini,</strong></span> <span class='ocrx_word' id='word_1_213' title='bbox 1155 2916 1488 2979; x_wconf 86' lang='lat' dir='ltr'><strong>occidemini,</strong></span> <span class='ocrx_word' id='word_1_214' title='bbox 1522 2925 1576 2969; x_wconf 92' lang='lat' dir='ltr'><strong>et</strong></span> <span class='ocrx_word' id='word_1_215' title='bbox 1606 2917 1863 2970; x_wconf 85' lang='lat' dir='ltr'><strong>honorem</strong></span> <span class='ocrx_word' id='word_1_216' title='bbox 1890 2915 2126 2985; x_wconf 84' lang='lat' dir='ltr'><strong>martyrii</strong></span> <span class='ocrx_word' id='word_1_217' title='bbox 2157 2917 2252 2967; x_wconf 69' lang='lat' dir='ltr'><strong>oi:-</strong></span> 
     </span>
    </p>
   </div>
   <div class='ocr_carea' id='block_1_29' title="bbox 659 3008 2251 3077">
    <p class='ocr_par' dir='ltr' id='par_1_29' title="bbox 659 3008 2251 3077">
     <span class='ocr_line' id='line_1_29' title="bbox 659 3008 2251 3077; baseline -0.001 -17"><span class='ocrx_word' id='word_1_218' title='bbox 659 3008 895 3061; x_wconf 89' lang='lat' dir='ltr'><strong>tinebitis</strong></span> <span class='ocrx_word' id='word_1_219' title='bbox 929 3025 942 3059; x_wconf 89' lang='lat'>:</span> <span class='ocrx_word' id='word_1_220' title='bbox 975 3016 1343 3061; x_wconf 72' lang='lat' dir='ltr'><strong>verumtamen</strong></span> <span class='ocrx_word' id='word_1_221' title='bbox 1375 3017 1429 3061; x_wconf 89' lang='lat' dir='ltr'><strong>ut</strong></span> <span class='ocrx_word' id='word_1_222' title='bbox 1474 3009 1727 3061; x_wconf 85' lang='lat' dir='ltr'><strong>omnium.</strong></span> <span class='ocrx_word' id='word_1_223' title='bbox 1756 3008 1912 3077; x_wconf 91' lang='lat' dir='ltr'><strong>primi</strong></span> <span class='ocrx_word' id='word_1_224' title='bbox 1955 3008 2091 3071; x_wconf 87' lang='lat' dir='ltr'><strong>sitis,</strong></span> <span class='ocrx_word' id='word_1_225' title='bbox 2146 3022 2251 3060; x_wconf 91' lang='lat' dir='ltr'><strong>non</strong></span> 
     </span>
    </p>
   </div>
   <div class='ocr_carea' id='block_1_30' title="bbox 658 3097 2249 3167">
    <p class='ocr_par' dir='ltr' id='par_1_30' title="bbox 658 3097 2249 3167">
     <span class='ocr_line' id='line_1_30' title="bbox 658 3097 2249 3167; baseline -0.001 -16"><span class='ocrx_word' id='word_1_226' title='bbox 658 3107 743 3151; x_wconf 86' lang='lat' dir='ltr'><strong>est</strong></span> <span class='ocrx_word' id='word_1_227' title='bbox 770 3114 944 3151; x_wconf 87' lang='lat' dir='ltr'><strong>meum</strong></span> <span class='ocrx_word' id='word_1_228' title='bbox 984 3097 1133 3161; x_wconf 87' lang='lat' dir='ltr'><strong>dare,</strong></span> <span class='ocrx_word' id='word_1_229' title='bbox 1161 3097 1254 3151; x_wconf 89' lang='lat' dir='ltr'><strong>sed</strong></span> <span class='ocrx_word' id='word_1_230' title='bbox 1285 3113 1491 3162; x_wconf 90' lang='lat' dir='ltr'><strong>eorum,</strong></span> <span class='ocrx_word' id='word_1_231' title='bbox 1521 3100 1609 3167; x_wconf 87' lang='lat' dir='ltr'><strong>qui</strong></span> <span class='ocrx_word' id='word_1_232' title='bbox 1638 3099 1933 3161; x_wconf 85' lang='lat' dir='ltr'><strong>decertant,</strong></span> <span class='ocrx_word' id='word_1_233' title='bbox 1974 3098 2249 3167; x_wconf 87' lang='lat' dir='ltr'><strong>accipere,</strong></span> 
     </span>
    </p>
   </div>
   <div class='ocr_carea' id='block_1_31' title="bbox 658 3188 2254 3261">
    <p class='ocr_par' dir='ltr' id='par_1_31' title="bbox 658 3188 2254 3261">
     <span class='ocr_line' id='line_1_31' title="bbox 658 3188 2254 3261; baseline -0.002 -16"><span class='ocrx_word' id='word_1_234' title='bbox 658 3193 728 3246; x_wconf 90' lang='lat' dir='ltr'><strong>ob</strong></span> <span class='ocrx_word' id='word_1_235' title='bbox 755 3192 924 3261; x_wconf 81' lang='lat' dir='ltr'><strong>majus</strong></span> <span class='ocrx_word' id='word_1_236' title='bbox 951 3190 1204 3253; x_wconf 89' lang='lat' dir='ltr'><strong>studium,</strong></span> <span class='ocrx_word' id='word_1_237' title='bbox 1238 3191 1307 3243; x_wconf 90' lang='lat' dir='ltr'><strong>ob</strong></span> <span class='ocrx_word' id='word_1_238' title='bbox 1334 3206 1590 3259; x_wconf 83' lang='lat' dir='ltr'><strong>majorem</strong></span> <span class='ocrx_word' id='word_1_239' title='bbox 1617 3192 1776 3243; x_wconf 86' lang='lat' dir='ltr'><strong>animi</strong></span> <span class='ocrx_word' id='word_1_240' title='bbox 1805 3190 2155 3245; x_wconf 86' lang='lat' dir='ltr'><strong>alacritatem.</strong></span> <span class='ocrx_word' id='word_1_241' title='bbox 2189 3188 2254 3244; x_wconf 90' lang='lat' dir='ltr'><strong>Ut</strong></span> 
     </span>
    </p>
   </div>
   <div class='ocr_carea' id='block_1_32' title="bbox 656 3282 2251 3353">
    <p class='ocr_par' dir='ltr' id='par_1_32' title="bbox 656 3282 2251 3353">
     <span class='ocr_line' id='line_1_32' title="bbox 656 3282 2251 3353; baseline -0.002 -15"><span class='ocrx_word' id='word_1_242' title='bbox 656 3292 836 3338; x_wconf 81' lang='lat' dir='ltr'><strong>autem</strong></span> <span class='ocrx_word' id='word_1_243' title='bbox 859 3283 997 3352; x_wconf 88' lang='lat' dir='ltr'><strong>quod</strong></span> <span class='ocrx_word' id='word_1_244' title='bbox 1018 3283 1134 3337; x_wconf 83' lang='lat' dir='ltr'><strong>dico</strong></span> <span class='ocrx_word' id='word_1_245' title='bbox 1155 3282 1487 3337; x_wconf 77' lang='lat' dir='ltr'><strong>manifestius</strong></span> <span class='ocrx_word' id='word_1_246' title='bbox 1504 3283 1716 3347; x_wconf 85' lang='lat' dir='ltr'><strong>evadat,</strong></span> <span class='ocrx_word' id='word_1_247' title='bbox 1744 3299 2001 3351; x_wconf 82' lang='lat' dir='ltr'><strong>ponamus</strong></span> <span class='ocrx_word' id='word_1_248' title='bbox 2022 3284 2251 3353; x_wconf 78' lang='lat' dir='ltr'><strong>aliquem</strong></span> 
     </span>
    </p>
   </div>
   <div class='ocr_carea' id='block_1_33' title="bbox 661 3374 2254 3443">
    <p class='ocr_par' dir='ltr' id='par_1_33' title="bbox 661 3374 2254 3443">
     <span class='ocr_line' id='line_1_33' title="bbox 661 3374 2254 3443; baseline -0.002 -14"><span class='ocrx_word' id='word_1_249' title='bbox 661 3390 782 3429; x_wconf 84' lang='lat' dir='ltr'><strong>esse</strong></span> <span class='ocrx_word' id='word_1_250' title='bbox 810 3375 1219 3443; x_wconf 73' lang='lat' dir='ltr'><strong>agonothetam;</strong></span> <span class='ocrx_word' id='word_1_251' title='bbox 1251 3374 1445 3428; x_wconf 89' lang='lat' dir='ltr'><strong>deinde</strong></span> <span class='ocrx_word' id='word_1_252' title='bbox 1481 3385 1704 3427; x_wconf 90' lang='lat' dir='ltr'><strong>matrem</strong></span> <span class='ocrx_word' id='word_1_253' title='bbox 1730 3415 1745 3439; x_wconf 94' lang='lat'><strong>,</strong></span> <span class='ocrx_word' id='word_1_254' title='bbox 1778 3375 1863 3434; x_wconf 85' lang='lat' dir='ltr'><strong>cui</strong></span> <span class='ocrx_word' id='word_1_255' title='bbox 1905 3374 2118 3443; x_wconf 82' lang='lat' dir='ltr'><strong>athletae</strong></span> <span class='ocrx_word' id='word_1_256' title='bbox 2148 3374 2254 3426; x_wconf 88' lang='lat' dir='ltr'><strong>duo</strong></span> 
     </span>
    </p>
   </div>
   <div class='ocr_carea' id='block_1_34' title="bbox 662 3442 2255 3535">
    <p class='ocr_par' dir='ltr' id='par_1_34' title="bbox 662 3442 2255 3535">
     <span class='ocr_line' id='line_1_34' title="bbox 662 3442 2255 3535; baseline -0.001 -15"><span class='ocrx_word' id='word_1_257' title='bbox 662 3469 769 3520; x_wconf 88' lang='lat' dir='ltr'><strong>sint</strong></span> <span class='ocrx_word' id='word_1_258' title='bbox 818 3466 928 3531; x_wconf 82' lang='lat' dir='ltr'><strong>filii,</strong></span> <span class='ocrx_word' id='word_1_259' title='bbox 960 3466 1023 3519; x_wconf 86' lang='lat' dir='ltr'><strong>ad</strong></span> <span class='ocrx_word' id='word_1_260' title='bbox 1070 3468 1443 3535; x_wconf 83' lang='lat' dir='ltr'><strong>agonotbetam</strong></span> <span class='ocrx_word' id='word_1_261' title='bbox 1476 3466 1733 3520; x_wconf 88' lang='lat' dir='ltr'><strong>accedere</strong></span> <span class='ocrx_word' id='word_1_262' title='bbox 1762 3480 1881 3521; x_wconf 89' lang='lat' dir='ltr'><strong>cum</strong></span> <span class='ocrx_word' id='word_1_263' title='bbox 1914 3442 2034 3520; x_wconf 77' lang='lat' dir='ltr'><strong>iiliis</strong></span> <span class='ocrx_word' id='word_1_264' title='bbox 2056 3467 2167 3519; x_wconf 90' lang='lat' dir='ltr'><strong>suis</strong></span> <span class='ocrx_word' id='word_1_265' title='bbox 2195 3479 2255 3518; x_wconf 88' lang='lat' dir='ltr'><strong>ac</strong></span> 
     </span>
    </p>
   </div>
   <div class='ocr_carea' id='block_1_35' title="bbox 659 3556 2249 3625">
    <p class='ocr_par' dir='ltr' id='par_1_35' title="bbox 659 3556 2249 3625">
     <span class='ocr_line' id='line_1_35' title="bbox 659 3556 2249 3625; baseline 0 -15"><span class='ocrx_word' id='word_1_266' title='bbox 659 3557 859 3617; x_wconf 87' lang='lat' dir='ltr'><strong>dicere,</strong></span> <span class='ocrx_word' id='word_1_267' title='bbox 909 3557 1001 3609; x_wconf 83' lang='lat' dir='ltr'><strong>Dic</strong></span> <span class='ocrx_word' id='word_1_268' title='bbox 1030 3565 1088 3610; x_wconf 92' lang='lat' dir='ltr'><strong>ut</strong></span> <span class='ocrx_word' id='word_1_269' title='bbox 1136 3557 1188 3609; x_wconf 89' lang='lat' dir='ltr'><strong>hi</strong></span> <span class='ocrx_word' id='word_1_270' title='bbox 1229 3557 1334 3610; x_wconf 91' lang='lat' dir='ltr'><strong>duo</strong></span> <span class='ocrx_word' id='word_1_271' title='bbox 1375 3556 1466 3609; x_wconf 82' lang='lat' dir='ltr'><strong>filii</strong></span> <span class='ocrx_word' id='word_1_272' title='bbox 1519 3558 1619 3610; x_wconf 85' lang='lat' dir='ltr'><strong>mei</strong></span> <span class='ocrx_word' id='word_1_273' title='bbox 1651 3571 1903 3610; x_wconf 88' lang='lat' dir='ltr'><strong>coronam</strong></span> <span class='ocrx_word' id='word_1_274' title='bbox 1946 3557 2249 3625; x_wconf 85' lang='lat' dir='ltr'><strong>accipiant:</strong></span> 
     </span>
    </p>
   </div>
   <div class='ocr_carea' id='block_1_36' title="bbox 662 3647 2252 3717">
    <p class='ocr_par' dir='ltr' id='par_1_36' title="bbox 662 3647 2252 3717">
     <span class='ocr_line' id='line_1_36' title="bbox 662 3647 2252 3717; baseline 0.001 -18"><span class='ocrx_word' id='word_1_275' title='bbox 662 3648 787 3715; x_wconf 92' lang='lat' dir='ltr'><strong>quid</strong></span> <span class='ocrx_word' id='word_1_276' title='bbox 812 3648 971 3715; x_wconf 85' lang='lat' dir='ltr'><strong>igitur</strong></span> <span class='ocrx_word' id='word_1_277' title='bbox 992 3648 1080 3702; x_wconf 83' lang='lat' dir='ltr'><strong>ille</strong></span> <span class='ocrx_word' id='word_1_278' title='bbox 1107 3647 1490 3716; x_wconf 83' lang='lat' dir='ltr'><strong>respondebit?</strong></span> <span class='ocrx_word' id='word_1_279' title='bbox 1514 3647 1623 3701; x_wconf 89' lang='lat' dir='ltr'><strong>Hoc</strong></span> <span class='ocrx_word' id='word_1_280' title='bbox 1650 3648 1818 3717; x_wconf 90' lang='lat' dir='ltr'><strong>ipsum</strong></span> <span class='ocrx_word' id='word_1_281' title='bbox 1844 3647 2113 3709; x_wconf 87' lang='lat' dir='ltr'><strong>nimirum,</strong></span> <span class='ocrx_word' id='word_1_282' title='bbox 2148 3664 2252 3700; x_wconf 86' lang='lat' dir='ltr'><strong>non</strong></span> 
     </span>
    </p>
   </div>
   <div class='ocr_carea' id='block_1_37' title="bbox 663 3739 2251 3810">
    <p class='ocr_par' dir='ltr' id='par_1_37' title="bbox 663 3739 2251 3810">
     <span class='ocr_line' id='line_1_37' title="bbox 663 3739 2251 3810; baseline 0.001 -18"><span class='ocrx_word' id='word_1_283' title='bbox 663 3750 745 3793; x_wconf 86' lang='lat' dir='ltr'><strong>est</strong></span> <span class='ocrx_word' id='word_1_284' title='bbox 779 3756 956 3793; x_wconf 89' lang='lat' dir='ltr'><strong>meum</strong></span> <span class='ocrx_word' id='word_1_285' title='bbox 981 3739 1127 3807; x_wconf 89' lang='lat' dir='ltr'><strong>dare,</strong></span> <span class='ocrx_word' id='word_1_286' title='bbox 1151 3740 1475 3809; x_wconf 81' lang='lat' dir='ltr'><strong>agonotheta</strong></span> <span class='ocrx_word' id='word_1_287' title='bbox 1505 3756 1645 3806; x_wconf 91' lang='lat' dir='ltr'><strong>sum,</strong></span> <span class='ocrx_word' id='word_1_288' title='bbox 1670 3742 1756 3809; x_wconf 85' lang='lat' dir='ltr'><strong>qui</strong></span> <span class='ocrx_word' id='word_1_289' title='bbox 1782 3756 1884 3793; x_wconf 92' lang='lat' dir='ltr'><strong>non</strong></span> <span class='ocrx_word' id='word_1_290' title='bbox 1912 3740 1976 3793; x_wconf 86' lang='lat' dir='ltr'><strong>ad</strong></span> <span class='ocrx_word' id='word_1_291' title='bbox 2004 3741 2251 3810; x_wconf 81' lang='lat' dir='ltr'><strong>gratiam,</strong></span> 
     </span>
    </p>
   </div>
   <div class='ocr_carea' id='block_1_38' title="bbox 664 3830 2254 3899">
    <p class='ocr_par' dir='ltr' id='par_1_38' title="bbox 664 3830 2254 3899">
     <span class='ocr_line' id='line_1_38' title="bbox 664 3830 2254 3899; baseline -0.001 -17"><span class='ocrx_word' id='word_1_292' title='bbox 664 3839 755 3882; x_wconf 88' lang='lat' dir='ltr'><strong>aut</strong></span> <span class='ocrx_word' id='word_1_293' title='bbox 778 3830 1189 3899; x_wconf 67' lang='lat' dir='ltr'><strong>supplicantium</strong></span> <span class='ocrx_word' id='word_1_294' title='bbox 1219 3830 1489 3899; x_wconf 85' lang='lat' dir='ltr'><strong>precibus,</strong></span> <span class='ocrx_word' id='word_1_295' title='bbox 1519 3838 1574 3883; x_wconf 89' lang='lat' dir='ltr'><strong>et</strong></span> <span class='ocrx_word' id='word_1_296' title='bbox 1603 3830 1942 3899; x_wconf 87' lang='lat' dir='ltr'><strong>prensatione</strong></span> <span class='ocrx_word' id='word_1_297' title='bbox 1972 3830 2254 3896; x_wconf 69' lang='lat' dir='ltr'><strong>adductus,</strong></span> 
     </span>
    </p>
   </div>
   <div class='ocr_carea' id='block_1_39' title="bbox 664 3921 2257 3997">
    <p class='ocr_par' dir='ltr' id='par_1_39' title="bbox 664 3921 2257 3997">
     <span class='ocr_line' id='line_1_39' title="bbox 664 3921 2257 3997; baseline 0.001 -21"><span class='ocrx_word' id='word_1_298' title='bbox 664 3921 759 3977; x_wconf 84' lang='lat' dir='ltr'><strong>sed</strong></span> <span class='ocrx_word' id='word_1_299' title='bbox 784 3937 1003 3991; x_wconf 90' lang='lat' dir='ltr'><strong>operum</strong></span> <span class='ocrx_word' id='word_1_300' title='bbox 1034 3924 1176 3977; x_wconf 82' lang='lat' dir='ltr'><strong>exitu</strong></span> <span class='ocrx_word' id='word_1_301' title='bbox 1206 3922 1420 3990; x_wconf 70' lang='lat' dir='ltr'><strong>prmmia</strong></span> <span class='ocrx_word' id='word_1_302' title='bbox 1452 3922 1713 3975; x_wconf 90' lang='lat' dir='ltr'><strong>distribuo</strong></span> <span class='ocrx_word' id='word_1_303' title='bbox 1742 3922 1839 3997; x_wconf 59' lang='lat' dir='ltr'><strong>:.id</strong></span> <span class='ocrx_word' id='word_1_304' title='bbox 1859 3922 2003 3976; x_wconf 84' lang='lat' dir='ltr'><strong>enim</strong></span> <span class='ocrx_word' id='word_1_305' title='bbox 2029 3923 2257 3977; x_wconf 66' lang='lat' dir='ltr'><strong>maxime</strong></span> 
     </span>
    </p>
   </div>
   <div class='ocr_carea' id='block_1_40' title="bbox 663 4017 2257 4085">
    <p class='ocr_par' dir='ltr' id='par_1_40' title="bbox 663 4017 2257 4085">
     <span class='ocr_line' id='line_1_40' title="bbox 663 4017 2257 4085; baseline 0.002 -17"><span class='ocrx_word' id='word_1_306' title='bbox 663 4024 746 4070; x_wconf 81' lang='lat' dir='ltr'><strong>cst</strong></span> <span class='ocrx_word' id='word_1_307' title='bbox 792 4018 1144 4085; x_wconf 67' lang='lat' dir='ltr'><strong>agonothetaa,</strong></span> <span class='ocrx_word' id='word_1_308' title='bbox 1180 4026 1235 4070; x_wconf 89' lang='lat' dir='ltr'><strong>ut</strong></span> <span class='ocrx_word' id='word_1_309' title='bbox 1265 4032 1369 4070; x_wconf 93' lang='lat' dir='ltr'><strong>non</strong></span> <span class='ocrx_word' id='word_1_310' title='bbox 1417 4028 1637 4081; x_wconf 86' lang='lat' dir='ltr'><strong>temere,</strong></span> <span class='ocrx_word' id='word_1_311' title='bbox 1690 4026 1780 4069; x_wconf 88' lang='lat' dir='ltr'><strong>aut</strong></span> <span class='ocrx_word' id='word_1_312' title='bbox 1833 4031 2046 4085; x_wconf 83' lang='lat' dir='ltr'><strong>quoquo</strong></span> <span class='ocrx_word' id='word_1_313' title='bbox 2098 4017 2257 4071; x_wconf 88' lang='lat' dir='ltr'><strong>modo</strong></span> 
     </span>
    </p>
   </div>
   <div class='ocr_carea' id='block_1_41' title="bbox 667 4104 2257 4179">
    <p class='ocr_par' dir='ltr' id='par_1_41' title="bbox 667 4104 2257 4179">
     <span class='ocr_line' id='line_1_41' title="bbox 667 4104 2257 4179; baseline 0 -18"><span class='ocrx_word' id='word_1_314' title='bbox 667 4111 883 4179; x_wconf 72' lang='lat' dir='ltr'><strong>prmntia</strong></span> <span class='ocrx_word' id='word_1_315' title='bbox 912 4110 1187 4177; x_wconf 77' lang='lat' dir='ltr'><strong>largiatur,</strong></span> <span class='ocrx_word' id='word_1_316' title='bbox 1210 4110 1303 4164; x_wconf 89' lang='lat' dir='ltr'><strong>sed</strong></span> <span class='ocrx_word' id='word_1_317' title='bbox 1332 4110 1589 4163; x_wconf 84' lang='lat' dir='ltr'><strong>honorem</strong></span> <span class='ocrx_word' id='word_1_318' title='bbox 1617 4108 1907 4162; x_wconf 84' lang='lat' dir='ltr'><strong>fortitudini</strong></span> <span class='ocrx_word' id='word_1_319' title='bbox 1931 4104 2135 4162; x_wconf 74' lang='lat' dir='ltr'><strong>deferdt</strong></span> <span class='ocrx_word' id='word_1_320' title='bbox 2163 4127 2176 4161; x_wconf 94' lang='lat'>:</span> <span class='ocrx_word' id='word_1_321' title='bbox 2208 4110 2257 4162; x_wconf 91' lang='lat' dir='ltr'><strong>id</strong></span> 
     </span>
    </p>
   </div>
   <div class='ocr_carea' id='block_1_42' title="bbox 668 4200 2259 4270">
    <p class='ocr_par' dir='ltr' id='par_1_42' title="bbox 668 4200 2259 4270">
     <span class='ocr_line' id='line_1_42' title="bbox 668 4200 2259 4270; baseline -0.002 -14"><span class='ocrx_word' id='word_1_322' title='bbox 668 4201 918 4256; x_wconf 91' lang='lat' dir='ltr'><strong>nimirum</strong></span> <span class='ocrx_word' id='word_1_323' title='bbox 950 4212 1003 4255; x_wconf 92' lang='lat' dir='ltr'><strong>et</strong></span> <span class='ocrx_word' id='word_1_324' title='bbox 1030 4201 1273 4255; x_wconf 84' lang='lat' dir='ltr'><strong>Christus</strong></span> <span class='ocrx_word' id='word_1_325' title='bbox 1295 4200 1441 4255; x_wconf 84' lang='lat' dir='ltr'><strong>facit.</strong></span> <span class='ocrx_word' id='word_1_326' title='bbox 1472 4200 1587 4254; x_wconf 88' lang='lat' dir='ltr'><strong>Non</strong></span> <span class='ocrx_word' id='word_1_327' title='bbox 1622 4212 1677 4253; x_wconf 92' lang='lat' dir='ltr'><strong>ut</strong></span> <span class='ocrx_word' id='word_1_328' title='bbox 1706 4200 1953 4265; x_wconf 87' lang='lat' dir='ltr'><strong>auferret,</strong></span> <span class='ocrx_word' id='word_1_329' title='bbox 1990 4216 2109 4270; x_wconf 77' lang='lat' dir='ltr'><strong>que</strong></span> <span class='ocrx_word' id='word_1_330' title='bbox 2136 4210 2259 4253; x_wconf 90' lang='lat' dir='ltr'><strong>sunt</strong></span> 
     </span>
    </p>
   </div>
   <div class='ocr_carea' id='block_1_43' title="bbox 664 4278 2255 4360">
    <p class='ocr_par' dir='ltr' id='par_1_43' title="bbox 664 4278 2255 4360">
     <span class='ocr_line' id='line_1_43' title="bbox 664 4278 2255 4360; baseline -0.001 -15"><span class='ocrx_word' id='word_1_331' title='bbox 664 4290 997 4357; x_wconf 71' lang='lat' dir='ltr'><strong>substantiae,</strong></span> <span class='ocrx_word' id='word_1_332' title='bbox 1044 4293 1116 4346; x_wconf 91' lang='lat' dir='ltr'><strong>ita</strong></span> <span class='ocrx_word' id='word_1_333' title='bbox 1165 4292 1413 4360; x_wconf 83' lang='lat' dir='ltr'><strong>loquutus</strong></span> <span class='ocrx_word' id='word_1_334' title='bbox 1454 4302 1553 4358; x_wconf 86' lang='lat' dir='ltr'><strong>est,</strong></span> <span class='ocrx_word' id='word_1_335' title='bbox 1583 4291 1675 4344; x_wconf 85' lang='lat' dir='ltr'><strong>scd</strong></span> <span class='ocrx_word' id='word_1_336' title='bbox 1728 4300 1783 4343; x_wconf 90' lang='lat' dir='ltr'><strong>ut</strong></span> <span class='ocrx_word' id='word_1_337' title='bbox 1830 4292 1929 4345; x_wconf 84' lang='lat' dir='ltr'><strong>hoc</strong></span> <span class='ocrx_word' id='word_1_338' title='bbox 1977 4278 2255 4357; x_wconf 86' lang='lat' dir='ltr'><strong>indicaret,</strong></span> 
     </span>
    </p>
   </div>
   <div class='ocr_carea' id='block_1_44' title="bbox 667 4362 2261 4452">
    <p class='ocr_par' dir='ltr' id='par_1_44' title="bbox 667 4362 2261 4452">
     <span class='ocr_line' id='line_1_44' title="bbox 667 4362 2261 4452; baseline -0.002 -15"><span class='ocrx_word' id='word_1_339' title='bbox 667 4398 773 4437; x_wconf 92' lang='lat' dir='ltr'><strong>non</strong></span> <span class='ocrx_word' id='word_1_340' title='bbox 808 4384 973 4452; x_wconf 83' lang='lat' dir='ltr'><strong>ipsius</strong></span> <span class='ocrx_word' id='word_1_341' title='bbox 1002 4399 1121 4437; x_wconf 87' lang='lat' dir='ltr'><strong>esse</strong></span> <span class='ocrx_word' id='word_1_342' title='bbox 1166 4385 1330 4437; x_wconf 90' lang='lat' dir='ltr'><strong>solius</strong></span> <span class='ocrx_word' id='word_1_343' title='bbox 1359 4362 1517 4448; x_wconf 47' lang='lat' dir='ltr'><strong>dare,</strong></span> <span class='ocrx_word' id='word_1_344' title='bbox 1567 4397 1661 4436; x_wconf 87' lang='lat' dir='ltr'><strong>seu</strong></span> <span class='ocrx_word' id='word_1_345' title='bbox 1693 4400 1876 4445; x_wconf 85' lang='lat' dir='ltr'><strong>eorum</strong></span> <span class='ocrx_word' id='word_1_346' title='bbox 1900 4425 1913 4449; x_wconf 89' lang='lat'><strong>,</strong></span> <span class='ocrx_word' id='word_1_347' title='bbox 1947 4383 2037 4451; x_wconf 90' lang='lat' dir='ltr'><strong>qui</strong></span> <span class='ocrx_word' id='word_1_348' title='bbox 2069 4382 2261 4436; x_wconf 87' lang='lat' dir='ltr'><strong>decer-</strong></span> 
     </span>
    </p>
   </div>
   <div class='ocr_carea' id='block_1_45' title="bbox 669 4473 2261 4542">
    <p class='ocr_par' dir='ltr' id='par_1_45' title="bbox 669 4473 2261 4542">
     <span class='ocr_line' id='line_1_45' title="bbox 669 4473 2261 4542; baseline 0 -15"><span class='ocrx_word' id='word_1_349' title='bbox 669 4482 804 4539; x_wconf 84' lang='lat' dir='ltr'><strong>tant,</strong></span> <span class='ocrx_word' id='word_1_350' title='bbox 831 4474 1096 4542; x_wconf 81' lang='lat' dir='ltr'><strong>accipere.</strong></span> <span class='ocrx_word' id='word_1_351' title='bbox 1128 4474 1258 4527; x_wconf 83' lang='lat' dir='ltr'><strong>Nam</strong></span> <span class='ocrx_word' id='word_1_352' title='bbox 1287 4475 1331 4529; x_wconf 92' lang='lat' dir='ltr'><strong>si</strong></span> <span class='ocrx_word' id='word_1_353' title='bbox 1359 4475 1523 4528; x_wconf 82' lang='lat' dir='ltr'><strong>solius</strong></span> <span class='ocrx_word' id='word_1_354' title='bbox 1560 4483 1705 4527; x_wconf 86' lang='lat' dir='ltr'><strong>esset</strong></span> <span class='ocrx_word' id='word_1_355' title='bbox 1726 4473 1913 4542; x_wconf 84' lang='lat' dir='ltr'><strong>ipsius,</strong></span> <span class='ocrx_word' id='word_1_356' title='bbox 1945 4488 2133 4527; x_wconf 89' lang='lat' dir='ltr'><strong>omnes</strong></span> <span class='ocrx_word' id='word_1_357' title='bbox 2158 4473 2261 4527; x_wconf 88' lang='lat' dir='ltr'><strong>ho-</strong></span> 
     </span>
    </p>
   </div>
   <div class='ocr_carea' id='block_1_46' title="bbox 667 4564 2263 4634">
    <p class='ocr_par' dir='ltr' id='par_1_46' title="bbox 667 4564 2263 4634">
     <span class='ocr_line' id='line_1_46' title="bbox 667 4564 2263 4634; baseline -0.001 -15"><span class='ocrx_word' id='word_1_358' title='bbox 667 4565 840 4619; x_wconf 85' lang='lat' dir='ltr'><strong>mines</strong></span> <span class='ocrx_word' id='word_1_359' title='bbox 864 4564 997 4618; x_wconf 82' lang='lat' dir='ltr'><strong>salvi</strong></span> <span class='ocrx_word' id='word_1_360' title='bbox 1043 4564 1270 4630; x_wconf 88' lang='lat' dir='ltr'><strong>fierent,</strong></span> <span class='ocrx_word' id='word_1_361' title='bbox 1303 4572 1356 4619; x_wconf 90' lang='lat' dir='ltr'><strong>et</strong></span> <span class='ocrx_word' id='word_1_362' title='bbox 1383 4564 1449 4619; x_wconf 88' lang='lat' dir='ltr'><strong>ad</strong></span> <span class='ocrx_word' id='word_1_363' title='bbox 1479 4564 1802 4634; x_wconf 83' lang='lat' dir='ltr'><strong>agnitionem</strong></span> <span class='ocrx_word' id='word_1_364' title='bbox 1845 4564 2085 4617; x_wconf 74' lang='lat' dir='ltr'><strong>veritatis</strong></span> <span class='ocrx_word' id='word_1_365' title='bbox 2115 4566 2263 4617; x_wconf 87' lang='lat' dir='ltr'><strong>veni-</strong></span> 
     </span>
    </p>
   </div>
   <div class='ocr_carea' id='block_1_47' title="bbox 665 4654 2258 4725">
    <p class='ocr_par' dir='ltr' id='par_1_47' title="bbox 665 4654 2258 4725">
     <span class='ocr_line' id='line_1_47' title="bbox 665 4654 2258 4725; baseline -0.001 -15"><span class='ocrx_word' id='word_1_366' title='bbox 665 4666 787 4710; x_wconf 90' lang='lat' dir='ltr'><strong>rent</strong></span> <span class='ocrx_word' id='word_1_367' title='bbox 817 4672 832 4709; x_wconf 89' lang='lat'><strong>:</strong></span> <span class='ocrx_word' id='word_1_368' title='bbox 864 4655 908 4709; x_wconf 89' lang='lat' dir='ltr'><strong>si</strong></span> <span class='ocrx_word' id='word_1_369' title='bbox 934 4656 1098 4710; x_wconf 86' lang='lat' dir='ltr'><strong>solius</strong></span> <span class='ocrx_word' id='word_1_370' title='bbox 1125 4667 1267 4711; x_wconf 89' lang='lat' dir='ltr'><strong>esset</strong></span> <span class='ocrx_word' id='word_1_371' title='bbox 1311 4656 1498 4725; x_wconf 84' lang='lat' dir='ltr'><strong>ipsius,</strong></span> <span class='ocrx_word' id='word_1_372' title='bbox 1544 4654 1853 4709; x_wconf 69' lang='lat' dir='ltr'><strong>differentes</strong></span> <span class='ocrx_word' id='word_1_373' title='bbox 1891 4654 2126 4709; x_wconf 87' lang='lat' dir='ltr'><strong>honores</strong></span> <span class='ocrx_word' id='word_1_374' title='bbox 2155 4670 2258 4709; x_wconf 92' lang='lat' dir='ltr'><strong>non</strong></span> 
     </span>
    </p>
   </div>
   <div class='ocr_carea' id='block_1_48' title="bbox 668 4746 2263 4817">
    <p class='ocr_par' dir='ltr' id='par_1_48' title="bbox 668 4746 2263 4817">
     <span class='ocr_line' id='line_1_48' title="bbox 668 4746 2263 4817; baseline -0.002 -14"><span class='ocrx_word' id='word_1_375' title='bbox 668 4758 851 4804; x_wconf 89' lang='lat' dir='ltr'><strong>essent</strong></span> <span class='ocrx_word' id='word_1_376' title='bbox 893 4767 905 4802; x_wconf 92' lang='lat'><strong>:</strong></span> <span class='ocrx_word' id='word_1_377' title='bbox 949 4765 1136 4804; x_wconf 90' lang='lat' dir='ltr'><strong>omnes</strong></span> <span class='ocrx_word' id='word_1_378' title='bbox 1183 4751 1324 4803; x_wconf 89' lang='lat' dir='ltr'><strong>enim</strong></span> <span class='ocrx_word' id='word_1_379' title='bbox 1368 4749 1482 4817; x_wconf 80' lang='lat' dir='ltr'><strong>ipse</strong></span> <span class='ocrx_word' id='word_1_380' title='bbox 1511 4746 1769 4814; x_wconf 82' lang='lat' dir='ltr'><strong>condidit,</strong></span> <span class='ocrx_word' id='word_1_381' title='bbox 1798 4756 1850 4802; x_wconf 91' lang='lat' dir='ltr'><strong>et</strong></span> <span class='ocrx_word' id='word_1_382' title='bbox 1876 4747 2151 4816; x_wconf 71' lang='lat' dir='ltr'><strong>mqualitcr</strong></span> <span class='ocrx_word' id='word_1_383' title='bbox 2180 4756 2263 4801; x_wconf 88' lang='lat' dir='ltr'><strong>est</strong></span> 
     </span>
    </p>
   </div>
   <div class='ocr_carea' id='block_1_49' title="bbox 668 4840 2262 4897">
    <p class='ocr_par' dir='ltr' id='par_1_49' title="bbox 668 4840 2262 4897">
     <span class='ocr_line' id='line_1_49' title="bbox 668 4840 2262 4897; baseline 0 -1"><span class='ocrx_word' id='word_1_384' title='bbox 668 4842 746 4896; x_wconf 90' lang='lat' dir='ltr'><strong>illi</strong></span> <span class='ocrx_word' id='word_1_385' title='bbox 774 4858 899 4897; x_wconf 89' lang='lat' dir='ltr'><strong>cura</strong></span> <span class='ocrx_word' id='word_1_386' title='bbox 948 4843 1015 4897; x_wconf 91' lang='lat' dir='ltr'><strong>de</strong></span> <span class='ocrx_word' id='word_1_387' title='bbox 1038 4842 1304 4897; x_wconf 90' lang='lat' dir='ltr'><strong>omnibus.</strong></span> <span class='ocrx_word' id='word_1_388' title='bbox 1339 4842 1508 4897; x_wconf 87' lang='lat' dir='ltr'><strong>Porro</strong></span> <span class='ocrx_word' id='word_1_389' title='bbox 1544 4840 1857 4897; x_wconf 83' lang='lat' dir='ltr'><strong>differentes</strong></span> <span class='ocrx_word' id='word_1_390' title='bbox 1881 4855 2001 4895; x_wconf 87' lang='lat' dir='ltr'><strong>esse</strong></span> <span class='ocrx_word' id='word_1_391' title='bbox 2031 4843 2262 4897; x_wconf 73' lang='lat' dir='ltr'><strong>hesiores</strong></span> 
     </span>
    </p>
   </div>
   <div class='ocr_carea' id='block_1_50' title="bbox 671 4933 2231 5003">
    <p class='ocr_par' dir='ltr' id='par_1_50' title="bbox 671 4933 2231 5003">
     <span class='ocr_line' id='line_1_50' title="bbox 671 4933 2231 5003; baseline -0.004 -13"><span class='ocrx_word' id='word_1_392' title='bbox 671 4951 735 4990; x_wconf 86' lang='lat' dir='ltr'><strong>ex</strong></span> <span class='ocrx_word' id='word_1_393' title='bbox 764 4935 930 4990; x_wconf 89' lang='lat' dir='ltr'><strong>Paulo</strong></span> <span class='ocrx_word' id='word_1_394' title='bbox 972 4935 1023 4989; x_wconf 93' lang='lat' dir='ltr'><strong>id</strong></span> <span class='ocrx_word' id='word_1_395' title='bbox 1054 4945 1354 5003; x_wconf 82' lang='lat' dir='ltr'><strong>exponente</strong></span> <span class='ocrx_word' id='word_1_396' title='bbox 1380 4949 1689 4999; x_wconf 76' lang='lat' dir='ltr'><strong>cognosces,</strong></span> <span class='ocrx_word' id='word_1_397' title='bbox 1725 4933 1850 4986; x_wconf 89' lang='lat' dir='ltr'><strong>dum</strong></span> <span class='ocrx_word' id='word_1_398' title='bbox 1881 4934 1972 4996; x_wconf 84' lang='lat' dir='ltr'><strong>ait,</strong></span> <span class='ocrx_word' id='word_1_399' title='bbox 2007 4933 2121 4985; x_wconf 80' lang='lat' dir='ltr'><strong>Atia</strong></span> <span class='ocrx_word' id='word_1_400' title='bbox 2146 4934 2231 4985; x_wconf 86' lang='lat' dir='ltr'><strong>cla</strong></span> 
     </span>
    </p>
   </div>
   <div class='ocr_carea' id='block_1_51' title="bbox 670 5025 2265 5093">
    <p class='ocr_par' dir='ltr' id='par_1_51' title="bbox 670 5025 2265 5093">
     <span class='ocr_line' id='line_1_51' title="bbox 670 5025 2265 5093; baseline -0.003 -13"><span class='ocrx_word' id='word_1_401' title='bbox 670 5029 794 5081; x_wconf 83' lang='lat' dir='ltr'><strong>ritas</strong></span> <span class='ocrx_word' id='word_1_402' title='bbox 823 5028 963 5093; x_wconf 83' lang='lat' dir='ltr'><strong>solis,</strong></span> <span class='ocrx_word' id='word_1_403' title='bbox 994 5038 1039 5080; x_wconf 80' lang='lat' dir='ltr'><strong>et</strong></span> <span class='ocrx_word' id='word_1_404' title='bbox 1068 5028 1172 5080; x_wconf 87' lang='lat' dir='ltr'><strong>alia</strong></span> <span class='ocrx_word' id='word_1_405' title='bbox 1201 5027 1407 5080; x_wconf 79' lang='lat' dir='ltr'><strong>claritas</strong></span> <span class='ocrx_word' id='word_1_406' title='bbox 1436 5027 1602 5091; x_wconf 68' lang='lat' dir='ltr'><strong>Iunce,</strong></span> <span class='ocrx_word' id='word_1_407' title='bbox 1640 5036 1686 5079; x_wconf 85' lang='lat' dir='ltr'><strong>et</strong></span> <span class='ocrx_word' id='word_1_408' title='bbox 1711 5027 1815 5079; x_wconf 87' lang='lat' dir='ltr'><strong>alia</strong></span> <span class='ocrx_word' id='word_1_409' title='bbox 1851 5026 2056 5079; x_wconf 76' lang='lat' dir='ltr'><strong>claritas</strong></span> <span class='ocrx_word' id='word_1_410' title='bbox 2088 5025 2265 5077; x_wconf 81' lang='lat' dir='ltr'><strong>stella-</strong></span> 
     </span>
    </p>
   </div>
   <div class='ocr_carea' id='block_1_52' title="bbox 668 5116 2258 5187">
    <p class='ocr_par' dir='ltr' id='par_1_52' title="bbox 668 5116 2258 5187">
     <span class='ocr_line' id='line_1_52' title="bbox 668 5116 2258 5187; baseline -0.003 -16"><span class='ocrx_word' id='word_1_411' title='bbox 668 5135 800 5171; x_wconf 88' lang='lat' dir='ltr'><strong>rum.</strong></span> <span class='ocrx_word' id='word_1_412' title='bbox 823 5117 987 5173; x_wconf 84' lang='lat' dir='ltr'><strong>Stella</strong></span> <span class='ocrx_word' id='word_1_413' title='bbox 1005 5119 1135 5170; x_wconf 85' lang='lat' dir='ltr'><strong>enim</strong></span> <span class='ocrx_word' id='word_1_414' title='bbox 1152 5136 1179 5169; x_wconf 87' lang='lat' dir='ltr'><strong>a</strong></span> <span class='ocrx_word' id='word_1_415' title='bbox 1196 5117 1341 5172; x_wconf 84' lang='lat' dir='ltr'><strong>stella</strong></span> <span class='ocrx_word' id='word_1_416' title='bbox 1362 5116 1774 5184; x_wconf 72' lang='lat' dir='ltr'><strong>diﬂ&#39;ertclaritatc</strong></span> <span class='ocrx_word' id='word_1_417' title='bbox 1794 5116 1868 5187; x_wconf 87' lang='lat' dir='ltr'><strong>(l.</strong></span> <span class='ocrx_word' id='word_1_418' title='bbox 1893 5116 2008 5169; x_wconf 82' lang='lat' dir='ltr'><strong>Cor.</strong></span> <span class='ocrx_word' id='word_1_419' title='bbox 2032 5117 2118 5170; x_wconf 76' lang='grc'><strong>15.</strong></span> <span class='ocrx_word' id='word_1_420' title='bbox 2144 5116 2258 5184; x_wconf 67' lang='grc'><strong>41).</strong></span> 
     </span>
    </p>
   </div>
   <div class='ocr_carea' id='block_1_53' title="bbox 667 5205 2260 5277">
    <p class='ocr_par' dir='ltr' id='par_1_53' title="bbox 667 5205 2260 5277">
     <span class='ocr_line' id='line_1_53' title="bbox 667 5205 2260 5277; baseline -0.006 -10"><span class='ocrx_word' id='word_1_421' title='bbox 667 5208 737 5267; x_wconf 83' lang='grc' dir='ltr'>Ει</span> <span class='ocrx_word' id='word_1_422' title='bbox 764 5225 980 5274; x_wconf 89' lang='lat' dir='ltr'><strong>rursus,</strong></span> <span class='ocrx_word' id='word_1_423' title='bbox 1024 5209 1084 5263; x_wconf 82' lang='lat' dir='ltr'><strong>Si</strong></span> <span class='ocrx_word' id='word_1_424' title='bbox 1127 5210 1237 5276; x_wconf 85' lang='lat' dir='ltr'><strong>quis</strong></span> <span class='ocrx_word' id='word_1_425' title='bbox 1277 5208 1650 5277; x_wconf 66' lang='lat' dir='ltr'><strong>Supera’dificat</strong></span> <span class='ocrx_word' id='word_1_426' title='bbox 1679 5223 1835 5275; x_wconf 81' lang='lat' dir='ltr'><strong>supra</strong></span> <span class='ocrx_word' id='word_1_427' title='bbox 1878 5205 2260 5275; x_wconf 77' lang='lat' dir='ltr'><strong>fundamentum</strong></span> 
     </span>
    </p>
   </div>
   <div class='ocr_carea' id='block_1_54' title="bbox 672 5298 2257 5372">
    <p class='ocr_par' dir='ltr' id='par_1_54' title="bbox 672 5298 2257 5372">
     <span class='ocr_line' id='line_1_54' title="bbox 672 5298 2257 5372; baseline -0.003 -17"><span class='ocrx_word' id='word_1_428' title='bbox 672 5304 787 5366; x_wconf 85' lang='lat' dir='ltr'><strong>Itoc,</strong></span> <span class='ocrx_word' id='word_1_429' title='bbox 820 5318 1021 5362; x_wconf 86' lang='lat' dir='ltr'><strong>aurum,</strong></span> <span class='ocrx_word' id='word_1_430' title='bbox 1053 5310 1339 5370; x_wconf 82' lang='lat' dir='ltr'><strong>argentum,</strong></span> <span class='ocrx_word' id='word_1_431' title='bbox 1375 5301 1573 5372; x_wconf 81' lang='lat' dir='ltr'><strong>lapides</strong></span> <span class='ocrx_word' id='word_1_432' title='bbox 1600 5300 1844 5371; x_wconf 78' lang='lat' dir='ltr'><strong>pretiosos</strong></span> <span class='ocrx_word' id='word_1_433' title='bbox 1892 5298 2005 5370; x_wconf 84' lang='lat' dir='ltr'><strong>(Id.</strong></span> <span class='ocrx_word' id='word_1_434' title='bbox 2044 5302 2095 5353; x_wconf 82' lang='grc'><strong>5.</strong></span> <span class='ocrx_word' id='word_1_435' title='bbox 2149 5300 2257 5367; x_wconf 71' lang='lat' dir='ltr'><strong>lii).</strong></span> 
     </span>
    </p>
   </div>
   <div class='ocr_carea' id='block_1_55' title="bbox 668 5390 2261 5457">
    <p class='ocr_par' dir='ltr' id='par_1_55' title="bbox 668 5390 2261 5457">
     <span class='ocr_line' id='line_1_55' title="bbox 668 5390 2261 5457; baseline -0.005 -8"><span class='ocrx_word' id='word_1_436' title='bbox 668 5393 739 5449; x_wconf 88' lang='lat' dir='ltr'><strong>Ut</strong></span> <span class='ocrx_word' id='word_1_437' title='bbox 770 5394 911 5447; x_wconf 90' lang='lat' dir='ltr'><strong>enim</strong></span> <span class='ocrx_word' id='word_1_438' title='bbox 942 5393 1148 5446; x_wconf 92' lang='lat' dir='ltr'><strong>virtutis</strong></span> <span class='ocrx_word' id='word_1_439' title='bbox 1177 5394 1486 5446; x_wconf 80' lang='lat' dir='ltr'><strong>varietatem</strong></span> <span class='ocrx_word' id='word_1_440' title='bbox 1520 5391 1779 5445; x_wconf 89' lang='lat' dir='ltr'><strong>indicaret</strong></span> <span class='ocrx_word' id='word_1_441' title='bbox 1800 5391 2014 5457; x_wconf 85' lang='lat' dir='ltr'><strong>Paulus,</strong></span> <span class='ocrx_word' id='word_1_442' title='bbox 2042 5390 2115 5443; x_wconf 62' lang='lat' dir='ltr'><strong>sic</strong></span> <span class='ocrx_word' id='word_1_443' title='bbox 2138 5405 2261 5445; x_wconf 82' lang='lat' dir='ltr'><strong>Ora-</strong></span> 
     </span>
    </p>
   </div>
   <div class='ocr_carea' id='block_1_56' title="bbox 669 5482 2263 5548">
    <p class='ocr_par' dir='ltr' id='par_1_56' title="bbox 669 5482 2263 5548">
     <span class='ocr_line' id='line_1_56' title="bbox 669 5482 2263 5548; baseline -0.004 -8"><span class='ocrx_word' id='word_1_444' title='bbox 669 5485 868 5541; x_wconf 90' lang='lat' dir='ltr'><strong>tionem</strong></span> <span class='ocrx_word' id='word_1_445' title='bbox 925 5486 1347 5539; x_wconf 83' lang='lat' dir='ltr'><strong>accommodavit</strong></span> <span class='ocrx_word' id='word_1_446' title='bbox 1398 5501 1410 5537; x_wconf 90' lang='lat'>:</span> <span class='ocrx_word' id='word_1_447' title='bbox 1471 5494 1526 5539; x_wconf 93' lang='lat' dir='ltr'><strong>et</strong></span> <span class='ocrx_word' id='word_1_448' title='bbox 1555 5484 1669 5538; x_wconf 64' lang='lat' dir='ltr'><strong>haec</strong></span> <span class='ocrx_word' id='word_1_449' title='bbox 1697 5484 1928 5548; x_wconf 87' lang='lat' dir='ltr'><strong>dicebat,</strong></span> <span class='ocrx_word' id='word_1_450' title='bbox 1979 5484 2131 5536; x_wconf 85' lang='lat' dir='ltr'><strong>simul</strong></span> <span class='ocrx_word' id='word_1_451' title='bbox 2178 5482 2263 5537; x_wconf 72' lang='lat' dir='ltr'><strong>ia-</strong></span> 
     </span>
    </p>
   </div>
   <div class='ocr_carea' id='block_1_57' title="bbox 670 5574 2265 5646">
    <p class='ocr_par' dir='ltr' id='par_1_57' title="bbox 670 5574 2265 5646">
     <span class='ocr_line' id='line_1_57' title="bbox 670 5574 2265 5646; baseline -0.001 -15"><span class='ocrx_word' id='word_1_452' title='bbox 670 5592 840 5631; x_wconf 88' lang='lat' dir='ltr'><strong>nuens</strong></span> <span class='ocrx_word' id='word_1_453' title='bbox 872 5594 978 5631; x_wconf 88' lang='lat' dir='ltr'><strong>non</strong></span> <span class='ocrx_word' id='word_1_454' title='bbox 1012 5592 1167 5646; x_wconf 85' lang='lat' dir='ltr'><strong>posse</strong></span> <span class='ocrx_word' id='word_1_455' title='bbox 1213 5591 1311 5631; x_wconf 92' lang='lat' dir='ltr'><strong>nos</strong></span> <span class='ocrx_word' id='word_1_456' title='bbox 1338 5576 1656 5631; x_wconf 90' lang='lat' dir='ltr'><strong>dormiendo</strong></span> <span class='ocrx_word' id='word_1_457' title='bbox 1683 5577 1764 5629; x_wconf 89' lang='lat' dir='ltr'><strong>vel</strong></span> <span class='ocrx_word' id='word_1_458' title='bbox 1794 5574 2065 5630; x_wconf 86' lang='lat' dir='ltr'><strong>stertendo</strong></span> <span class='ocrx_word' id='word_1_459' title='bbox 2096 5575 2144 5629; x_wconf 91' lang='lat' dir='ltr'><strong>in</strong></span> <span class='ocrx_word' id='word_1_460' title='bbox 2179 5592 2265 5629; x_wconf 88' lang='lat' dir='ltr'><strong>re-</strong></span> 
     </span>
    </p>
   </div>
   <div class='ocr_carea' id='block_1_58' title="bbox 669 5666 2264 5737">
    <p class='ocr_par' dir='ltr' id='par_1_58' title="bbox 669 5666 2264 5737">
     <span class='ocr_line' id='line_1_58' title="bbox 669 5666 2264 5737; baseline 0 -16"><span class='ocrx_word' id='word_1_461' title='bbox 669 5683 829 5737; x_wconf 79' lang='lat' dir='ltr'><strong>gnum</strong></span> <span class='ocrx_word' id='word_1_462' title='bbox 858 5668 1108 5723; x_wconf 63' lang='lat' dir='ltr'><strong>caelorum</strong></span> <span class='ocrx_word' id='word_1_463' title='bbox 1137 5667 1376 5733; x_wconf 88' lang='lat' dir='ltr'><strong>introire,</strong></span> <span class='ocrx_word' id='word_1_464' title='bbox 1424 5667 1516 5721; x_wconf 87' lang='lat' dir='ltr'><strong>sed</strong></span> <span class='ocrx_word' id='word_1_465' title='bbox 1544 5683 1639 5734; x_wconf 91' lang='lat' dir='ltr'><strong>per</strong></span> <span class='ocrx_word' id='word_1_466' title='bbox 1659 5666 1855 5720; x_wconf 90' lang='lat' dir='ltr'><strong>multas</strong></span> <span class='ocrx_word' id='word_1_467' title='bbox 1900 5666 2264 5721; x_wconf 88' lang='lat' dir='ltr'><strong>tribulationes</strong></span> 
     </span>
    </p>
   </div>
   <div class='ocr_carea' id='block_1_59' title="bbox 667 5757 2263 5829">
    <p class='ocr_par' dir='ltr' id='par_1_59' title="bbox 667 5757 2263 5829">
     <span class='ocr_line' id='line_1_59' title="bbox 667 5757 2263 5829; baseline -0.002 -15"><span class='ocrx_word' id='word_1_468' title='bbox 667 5758 978 5829; x_wconf 85' lang='lat' dir='ltr'><strong>accipienda</strong></span> <span class='ocrx_word' id='word_1_469' title='bbox 1002 5776 1119 5813; x_wconf 87' lang='lat' dir='ltr'><strong>esse</strong></span> <span class='ocrx_word' id='word_1_470' title='bbox 1143 5760 1225 5813; x_wconf 79' lang='lat' dir='ltr'><strong>illa</strong></span> <span class='ocrx_word' id='word_1_471' title='bbox 1256 5760 1493 5828; x_wconf 67' lang='lat' dir='ltr'><strong>praemia.</strong></span> <span class='ocrx_word' id='word_1_472' title='bbox 1521 5758 1651 5813; x_wconf 72' lang='lat' dir='ltr'><strong>Nam</strong></span> <span class='ocrx_word' id='word_1_473' title='bbox 1670 5762 1790 5827; x_wconf 88' lang='lat' dir='ltr'><strong>quia</strong></span> <span class='ocrx_word' id='word_1_474' title='bbox 1816 5766 2097 5827; x_wconf 83' lang='lat' dir='ltr'><strong>propterea</strong></span> <span class='ocrx_word' id='word_1_475' title='bbox 2122 5757 2263 5827; x_wconf 89' lang='lat' dir='ltr'><strong>quod</strong></span> 
     </span>
    </p>
   </div>
   <div class='ocr_carea' id='block_1_60' title="bbox 664 5848 2264 5930">
    <p class='ocr_par' dir='ltr' id='par_1_60' title="bbox 664 5848 2264 5930">
     <span class='ocr_line' id='line_1_60' title="bbox 664 5848 2264 5930; baseline -0.008 -18"><span class='ocrx_word' id='word_1_476' title='bbox 664 5858 959 5930; x_wconf 86' lang='lat' dir='ltr'><strong>plurimum</strong></span> <span class='ocrx_word' id='word_1_477' title='bbox 1000 5851 1230 5907; x_wconf 82' lang='lat' dir='ltr'><strong>amicitia</strong></span> <span class='ocrx_word' id='word_1_478' title='bbox 1258 5860 1311 5907; x_wconf 89' lang='lat' dir='ltr'><strong>et</strong></span> <span class='ocrx_word' id='word_1_479' title='bbox 1354 5850 1525 5923; x_wconf 73' lang='lat' dir='ltr'><strong>gratia</strong></span> <span class='ocrx_word' id='word_1_480' title='bbox 1580 5850 1719 5920; x_wconf 81' lang='lat' dir='ltr'><strong>apud</strong></span> <span class='ocrx_word' id='word_1_481' title='bbox 1761 5850 1935 5920; x_wconf 86' lang='lat' dir='ltr'><strong>ipsum</strong></span> <span class='ocrx_word' id='word_1_482' title='bbox 1976 5848 2264 5914; x_wconf 85' lang='lat' dir='ltr'><strong>valebant,</strong></span> 
     </span>
    </p>
   </div>
   <div class='ocr_carea' id='block_1_61' title="bbox 3834 411 3948 467">
    <p class='ocr_par' dir='ltr' id='par_1_61' title="bbox 3834 411 3948 467">
     <span class='ocr_line' id='line_1_61' title="bbox 3834 411 3948 467; baseline -0.018 0"><span class='ocrx_word' id='word_1_483' title='bbox 3834 411 3948 467; x_wconf 79' lang='grc'>776</span> 
     </span>
    </p>
   </div>
   <div class='ocr_carea' id='block_1_62' title="bbox 2341 532 3947 601">
    <p class='ocr_par' dir='ltr' id='par_1_62' title="bbox 2341 532 3947 601">
     <span class='ocr_line' id='line_1_62' title="bbox 2341 532 3947 601; baseline 0.004 -14"><span class='ocrx_word' id='word_1_484' title='bbox 2341 533 2631 589; x_wconf 81' lang='lat' dir='ltr'><strong>censebant</strong></span> <span class='ocrx_word' id='word_1_485' title='bbox 2653 532 2764 586; x_wconf 88' lang='lat' dir='ltr'><strong>fore</strong></span> <span class='ocrx_word' id='word_1_486' title='bbox 2794 541 2849 586; x_wconf 89' lang='lat' dir='ltr'><strong>ut</strong></span> <span class='ocrx_word' id='word_1_487' title='bbox 2880 533 3022 601; x_wconf 86' lang='lat' dir='ltr'><strong>ipsos</strong></span> <span class='ocrx_word' id='word_1_488' title='bbox 3052 533 3209 587; x_wconf 86' lang='lat' dir='ltr'><strong>etiam</strong></span> <span class='ocrx_word' id='word_1_489' title='bbox 3234 532 3439 587; x_wconf 87' lang='lat' dir='ltr'><strong>honore</strong></span> <span class='ocrx_word' id='word_1_490' title='bbox 3467 534 3678 589; x_wconf 73' lang='lat' dir='ltr'><strong>caneris</strong></span> <span class='ocrx_word' id='word_1_491' title='bbox 3698 538 3947 592; x_wconf 61' lang='lat' dir='ltr'><strong>antefer-</strong></span> 
     </span>
    </p>
   </div>
   <div class='ocr_carea' id='block_1_63' title="bbox 2346 607 3949 697">
    <p class='ocr_par' dir='ltr' id='par_1_63' title="bbox 2346 607 3949 697">
     <span class='ocr_line' id='line_1_63' title="bbox 2346 607 3949 697; baseline -0.001 -18"><span class='ocrx_word' id='word_1_492' title='bbox 2346 637 2445 689; x_wconf 87' lang='lat' dir='ltr'><strong>ret,</strong></span> <span class='ocrx_word' id='word_1_493' title='bbox 2480 641 2545 679; x_wconf 90' lang='lat' dir='ltr'><strong>ne</strong></span> <span class='ocrx_word' id='word_1_494' title='bbox 2574 628 2614 679; x_wconf 90' lang='lat' dir='ltr'><strong>si</strong></span> <span class='ocrx_word' id='word_1_495' title='bbox 2649 625 2766 678; x_wconf 69' lang='lat' dir='ltr'><strong>ha-c</strong></span> <span class='ocrx_word' id='word_1_496' title='bbox 2794 626 2895 679; x_wconf 87' lang='lat' dir='ltr'><strong>illis</strong></span> <span class='ocrx_word' id='word_1_497' title='bbox 2925 625 3156 693; x_wconf 89' lang='lat' dir='ltr'><strong>suspicio</strong></span> <span class='ocrx_word' id='word_1_498' title='bbox 3186 625 3487 691; x_wconf 81' lang='lat' dir='ltr'><strong>insedisset,</strong></span> <span class='ocrx_word' id='word_1_499' title='bbox 3521 607 3949 697; x_wconf 76' lang='lat' dir='ltr'><strong>negligentiotes</strong></span> 
     </span>
    </p>
   </div>
   <div class='ocr_carea' id='block_1_64' title="bbox 2341 716 3945 787">
    <p class='ocr_par' dir='ltr' id='par_1_64' title="bbox 2341 716 3945 787">
     <span class='ocr_line' id='line_1_64' title="bbox 2341 716 3945 787; baseline -0.001 -15"><span class='ocrx_word' id='word_1_500' title='bbox 2341 717 2628 772; x_wconf 86' lang='lat' dir='ltr'><strong>evaderent</strong></span> <span class='ocrx_word' id='word_1_501' title='bbox 2648 760 2662 781; x_wconf 92' lang='lat'><strong>,</strong></span> <span class='ocrx_word' id='word_1_502' title='bbox 2698 727 2752 769; x_wconf 92' lang='lat' dir='ltr'><strong>ut</strong></span> <span class='ocrx_word' id='word_1_503' title='bbox 2783 716 2849 770; x_wconf 88' lang='lat' dir='ltr'><strong>ab</strong></span> <span class='ocrx_word' id='word_1_504' title='bbox 2876 716 2973 770; x_wconf 88' lang='lat' dir='ltr'><strong>hac</strong></span> <span class='ocrx_word' id='word_1_505' title='bbox 3000 731 3092 770; x_wconf 79' lang='lat' dir='ltr'><strong>eos</strong></span> <span class='ocrx_word' id='word_1_506' title='bbox 3135 716 3385 785; x_wconf 85' lang='lat' dir='ltr'><strong>opinione</strong></span> <span class='ocrx_word' id='word_1_507' title='bbox 3414 718 3724 783; x_wconf 87' lang='lat' dir='ltr'><strong>abduceret,</strong></span> <span class='ocrx_word' id='word_1_508' title='bbox 3770 720 3945 787; x_wconf 76' lang='lat' dir='ltr'><strong>dixit,</strong></span> 
     </span>
    </p>
   </div>
   <div class='ocr_carea' id='block_1_65' title="bbox 2344 810 3946 880">
    <p class='ocr_par' dir='ltr' id='par_1_65' title="bbox 2344 810 3946 880">
     <span class='ocr_line' id='line_1_65' title="bbox 2344 810 3946 880; baseline 0.002 -17"><span class='ocrx_word' id='word_1_509' title='bbox 2344 811 2465 865; x_wconf 82' lang='lat' dir='ltr'><strong>Non</strong></span> <span class='ocrx_word' id='word_1_510' title='bbox 2492 821 2565 863; x_wconf 81' lang='lat' dir='ltr'><strong>est</strong></span> <span class='ocrx_word' id='word_1_511' title='bbox 2590 827 2754 863; x_wconf 88' lang='lat' dir='ltr'><strong>meum</strong></span> <span class='ocrx_word' id='word_1_512' title='bbox 2782 811 2924 877; x_wconf 87' lang='lat' dir='ltr'><strong>dare,</strong></span> <span class='ocrx_word' id='word_1_513' title='bbox 2954 810 3047 863; x_wconf 90' lang='lat' dir='ltr'><strong>sed</strong></span> <span class='ocrx_word' id='word_1_514' title='bbox 3078 818 3336 875; x_wconf 85' lang='lat' dir='ltr'><strong>vestrum,</strong></span> <span class='ocrx_word' id='word_1_515' title='bbox 3366 812 3408 865; x_wconf 92' lang='lat' dir='ltr'><strong>si</strong></span> <span class='ocrx_word' id='word_1_516' title='bbox 3438 812 3631 877; x_wconf 89' lang='lat' dir='ltr'><strong>velitis,</strong></span> <span class='ocrx_word' id='word_1_517' title='bbox 3652 813 3946 880; x_wconf 71' lang='lat' dir='ltr'><strong>accipere:</strong></span> 
     </span>
    </p>
   </div>
   <div class='ocr_carea' id='block_1_66' title="bbox 2344 903 3954 972">
    <p class='ocr_par' dir='ltr' id='par_1_66' title="bbox 2344 903 3954 972">
     <span class='ocr_line' id='line_1_66' title="bbox 2344 903 3954 972; baseline -0.001 -15"><span class='ocrx_word' id='word_1_518' title='bbox 2344 916 2400 957; x_wconf 92' lang='lat' dir='ltr'><strong>ut</strong></span> <span class='ocrx_word' id='word_1_519' title='bbox 2447 904 2702 972; x_wconf 86' lang='lat' dir='ltr'><strong>majorem</strong></span> <span class='ocrx_word' id='word_1_520' title='bbox 2747 903 2907 956; x_wconf 88' lang='lat' dir='ltr'><strong>animi</strong></span> <span class='ocrx_word' id='word_1_521' title='bbox 2950 903 3283 957; x_wconf 87' lang='lat' dir='ltr'><strong>alacritatem</strong></span> <span class='ocrx_word' id='word_1_522' title='bbox 3311 904 3644 967; x_wconf 84' lang='lat' dir='ltr'><strong>exhibeatis,</strong></span> <span class='ocrx_word' id='word_1_523' title='bbox 3688 914 3745 957; x_wconf 89' lang='lat' dir='ltr'><strong>ut</strong></span> <span class='ocrx_word' id='word_1_524' title='bbox 3773 904 3954 971; x_wconf 55' lang='lat' dir='ltr'><strong>majoo</strong></span> 
     </span>
    </p>
   </div>
   <div class='ocr_carea' id='block_1_67' title="bbox 2345 995 3948 1064">
    <p class='ocr_par' dir='ltr' id='par_1_67' title="bbox 2345 995 3948 1064">
     <span class='ocr_line' id='line_1_67' title="bbox 2345 995 3948 1064; baseline -0.001 -14"><span class='ocrx_word' id='word_1_525' title='bbox 2345 1011 2457 1050; x_wconf 90' lang='lat' dir='ltr'><strong>rem</strong></span> <span class='ocrx_word' id='word_1_526' title='bbox 2486 996 2755 1062; x_wconf 89' lang='lat' dir='ltr'><strong>laborem,</strong></span> <span class='ocrx_word' id='word_1_527' title='bbox 2786 1005 2842 1049; x_wconf 93' lang='lat' dir='ltr'><strong>ut</strong></span> <span class='ocrx_word' id='word_1_528' title='bbox 2866 996 3097 1048; x_wconf 89' lang='lat' dir='ltr'><strong>studium</strong></span> <span class='ocrx_word' id='word_1_529' title='bbox 3131 995 3301 1064; x_wconf 86' lang='lat' dir='ltr'><strong>majus</strong></span> <span class='ocrx_word' id='word_1_530' title='bbox 3336 1012 3349 1047; x_wconf 92' lang='lat'><strong>:</strong></span> <span class='ocrx_word' id='word_1_531' title='bbox 3388 995 3638 1063; x_wconf 79' lang='lat' dir='ltr'><strong>Operibus</strong></span> <span class='ocrx_word' id='word_1_532' title='bbox 3662 995 3807 1047; x_wconf 88' lang='lat' dir='ltr'><strong>enim</strong></span> <span class='ocrx_word' id='word_1_533' title='bbox 3842 1007 3948 1048; x_wconf 80' lang='lat' dir='ltr'><strong>co-</strong></span> 
     </span>
    </p>
   </div>
   <div class='ocr_carea' id='block_1_68' title="bbox 2346 1087 3948 1158">
    <p class='ocr_par' dir='ltr' id='par_1_68' title="bbox 2346 1087 3948 1158">
     <span class='ocr_line' id='line_1_68' title="bbox 2346 1087 3948 1158; baseline -0.002 -15"><span class='ocrx_word' id='word_1_534' title='bbox 2346 1104 2505 1144; x_wconf 89' lang='lat' dir='ltr'><strong>ronas</strong></span> <span class='ocrx_word' id='word_1_535' title='bbox 2527 1104 2800 1158; x_wconf 83' lang='lat' dir='ltr'><strong>pr0p0no,</strong></span> <span class='ocrx_word' id='word_1_536' title='bbox 2832 1098 2883 1143; x_wconf 90' lang='lat' dir='ltr'><strong>et</strong></span> <span class='ocrx_word' id='word_1_537' title='bbox 2925 1087 3196 1142; x_wconf 85' lang='lat' dir='ltr'><strong>laboribus</strong></span> <span class='ocrx_word' id='word_1_538' title='bbox 3238 1088 3490 1151; x_wconf 89' lang='lat' dir='ltr'><strong>honores,</strong></span> <span class='ocrx_word' id='word_1_539' title='bbox 3524 1096 3574 1141; x_wconf 88' lang='lat' dir='ltr'><strong>et</strong></span> <span class='ocrx_word' id='word_1_540' title='bbox 3606 1087 3823 1157; x_wconf 59' lang='lat' dir='ltr'><strong>praemia</strong></span> <span class='ocrx_word' id='word_1_541' title='bbox 3852 1103 3948 1140; x_wconf 88' lang='lat' dir='ltr'><strong>su-</strong></span> 
     </span>
    </p>
   </div>
   <div class='ocr_carea' id='block_1_69' title="bbox 2346 1178 3955 1248">
    <p class='ocr_par' dir='ltr' id='par_1_69' title="bbox 2346 1178 3955 1248">
     <span class='ocr_line' id='line_1_69' title="bbox 2346 1178 3955 1248; baseline -0.003 -13"><span class='ocrx_word' id='word_1_542' title='bbox 2346 1181 2463 1235; x_wconf 90' lang='lat' dir='ltr'><strong>dori</strong></span> <span class='ocrx_word' id='word_1_543' title='bbox 2493 1198 2505 1234; x_wconf 91' lang='lat'>:</span> <span class='ocrx_word' id='word_1_544' title='bbox 2538 1181 2652 1233; x_wconf 81' lang='lat' dir='ltr'><strong>haec</strong></span> <span class='ocrx_word' id='word_1_545' title='bbox 2680 1180 2818 1248; x_wconf 89' lang='lat' dir='ltr'><strong>apud</strong></span> <span class='ocrx_word' id='word_1_546' title='bbox 2849 1195 2933 1234; x_wconf 88' lang='lat' dir='ltr'><strong>me</strong></span> <span class='ocrx_word' id='word_1_547' title='bbox 2955 1178 3348 1233; x_wconf 88' lang='lat' dir='ltr'><strong>commendatio</strong></span> <span class='ocrx_word' id='word_1_548' title='bbox 3376 1178 3514 1231; x_wconf 65' lang='lat' dir='ltr'><strong>valet</strong></span> <span class='ocrx_word' id='word_1_549' title='bbox 3544 1179 3793 1244; x_wconf 75' lang='lat' dir='ltr'><strong>maxime,</strong></span> <span class='ocrx_word' id='word_1_550' title='bbox 3823 1194 3955 1247; x_wconf 66' lang='lat' dir='ltr'><strong>quae</strong></span> 
     </span>
    </p>
   </div>
   <div class='ocr_carea' id='block_1_70' title="bbox 2347 1273 3347 1343">
    <p class='ocr_par' dir='ltr' id='par_1_70' title="bbox 2347 1273 3347 1343">
     <span class='ocr_line' id='line_1_70' title="bbox 2347 1273 3347 1343; baseline -0.001 -16"><span class='ocrx_word' id='word_1_551' title='bbox 2347 1274 2415 1327; x_wconf 91' lang='lat' dir='ltr'><strong>ab</strong></span> <span class='ocrx_word' id='word_1_552' title='bbox 2439 1289 2660 1343; x_wconf 89' lang='lat' dir='ltr'><strong>operum</strong></span> <span class='ocrx_word' id='word_1_553' title='bbox 2691 1273 3017 1327; x_wconf 75' lang='lat' dir='ltr'><strong>exhibitione</strong></span> <span class='ocrx_word' id='word_1_554' title='bbox 3047 1282 3347 1341; x_wconf 84' lang='lat' dir='ltr'><strong>promanat.</strong></span> 
     </span>
    </p>
   </div>
   <div class='ocr_carea' id='block_1_71' title="bbox 2419 1363 3953 1432">
    <p class='ocr_par' dir='ltr' id='par_1_71' title="bbox 2419 1363 3953 1432">
     <span class='ocr_line' id='line_1_71' title="bbox 2419 1363 3953 1432; baseline -0.003 -11"><span class='ocrx_word' id='word_1_555' title='bbox 2419 1366 2472 1421; x_wconf 83' lang='grc'><strong>6.</strong></span> <span class='ocrx_word' id='word_1_556' title='bbox 2521 1365 2678 1419; x_wconf 77' lang='lat' dir='ltr'><strong>Vides</strong></span> <span class='ocrx_word' id='word_1_557' title='bbox 2710 1380 2794 1419; x_wconf 87' lang='lat' dir='ltr'><strong>me</strong></span> <span class='ocrx_word' id='word_1_558' title='bbox 2831 1381 2934 1418; x_wconf 90' lang='lat' dir='ltr'><strong>non</strong></span> <span class='ocrx_word' id='word_1_559' title='bbox 2981 1365 3174 1417; x_wconf 87' lang='lat' dir='ltr'><strong>frustra</strong></span> <span class='ocrx_word' id='word_1_560' title='bbox 3205 1364 3404 1418; x_wconf 78' lang='lat' dir='ltr'><strong>dixisse</strong></span> <span class='ocrx_word' id='word_1_561' title='bbox 3436 1378 3533 1419; x_wconf 91' lang='lat' dir='ltr'><strong>nec</strong></span> <span class='ocrx_word' id='word_1_562' title='bbox 3574 1363 3740 1432; x_wconf 87' lang='lat' dir='ltr'><strong>ipsius</strong></span> <span class='ocrx_word' id='word_1_563' title='bbox 3788 1377 3914 1417; x_wconf 82' lang='lat' dir='ltr'><strong>esse</strong></span> <span class='ocrx_word' id='word_1_564' title='bbox 3939 1405 3953 1423; x_wconf 87' lang='lat'><strong>,</strong></span> 
     </span>
    </p>
   </div>
   <div class='ocr_carea' id='block_1_72' title="bbox 2351 1455 3954 1525">
    <p class='ocr_par' dir='ltr' id='par_1_72' title="bbox 2351 1455 3954 1525">
     <span class='ocr_line' id='line_1_72' title="bbox 2351 1455 3954 1525; baseline -0.003 -14"><span class='ocrx_word' id='word_1_565' title='bbox 2351 1473 2447 1512; x_wconf 90' lang='lat' dir='ltr'><strong>nec</strong></span> <span class='ocrx_word' id='word_1_566' title='bbox 2476 1458 2668 1520; x_wconf 84' lang='lat' dir='ltr'><strong>Patris,</strong></span> <span class='ocrx_word' id='word_1_567' title='bbox 2705 1457 2796 1510; x_wconf 86' lang='lat' dir='ltr'><strong>sed</strong></span> <span class='ocrx_word' id='word_1_568' title='bbox 2825 1473 3029 1515; x_wconf 86' lang='lat' dir='ltr'><strong>eorum,</strong></span> <span class='ocrx_word' id='word_1_569' title='bbox 3058 1456 3144 1525; x_wconf 89' lang='lat' dir='ltr'><strong>qui</strong></span> <span class='ocrx_word' id='word_1_570' title='bbox 3176 1459 3476 1519; x_wconf 88' lang='lat' dir='ltr'><strong>decertant,</strong></span> <span class='ocrx_word' id='word_1_571' title='bbox 3503 1455 3709 1508; x_wconf 86' lang='lat' dir='ltr'><strong>labores</strong></span> <span class='ocrx_word' id='word_1_572' title='bbox 3750 1466 3954 1508; x_wconf 77' lang='lat' dir='ltr'><strong>exant-</strong></span> 
     </span>
    </p>
   </div>
   <div class='ocr_carea' id='block_1_73' title="bbox 2351 1546 3955 1615">
    <p class='ocr_par' dir='ltr' id='par_1_73' title="bbox 2351 1546 3955 1615">
     <span class='ocr_line' id='line_1_73' title="bbox 2351 1546 3955 1615; baseline -0.003 -15"><span class='ocrx_word' id='word_1_573' title='bbox 2351 1548 2481 1612; x_wconf 90' lang='lat' dir='ltr'><strong>lant,</strong></span> <span class='ocrx_word' id='word_1_574' title='bbox 2525 1556 2579 1600; x_wconf 91' lang='lat' dir='ltr'><strong>et</strong></span> <span class='ocrx_word' id='word_1_575' title='bbox 2608 1547 2865 1601; x_wconf 90' lang='lat' dir='ltr'><strong>molestiis</strong></span> <span class='ocrx_word' id='word_1_576' title='bbox 2924 1547 3337 1601; x_wconf 85' lang='lat' dir='ltr'><strong>conflictantur?</strong></span> <span class='ocrx_word' id='word_1_577' title='bbox 3369 1547 3653 1615; x_wconf 86' lang='lat' dir='ltr'><strong>Propterea</strong></span> <span class='ocrx_word' id='word_1_578' title='bbox 3694 1546 3955 1598; x_wconf 86' lang='lat' dir='ltr'><strong>nimirum</strong></span> 
     </span>
    </p>
   </div>
   <div class='ocr_carea' id='block_1_74' title="bbox 2352 1635 3958 1707">
    <p class='ocr_par' dir='ltr' id='par_1_74' title="bbox 2352 1635 3958 1707">
     <span class='ocr_line' id='line_1_74' title="bbox 2352 1635 3958 1707; baseline -0.004 -14"><span class='ocrx_word' id='word_1_579' title='bbox 2352 1649 2403 1693; x_wconf 85' lang='lat' dir='ltr'><strong>et</strong></span> <span class='ocrx_word' id='word_1_580' title='bbox 2430 1638 2730 1693; x_wconf 81' lang='lat' dir='ltr'><strong>Jerusalem</strong></span> <span class='ocrx_word' id='word_1_581' title='bbox 2782 1638 2990 1691; x_wconf 89' lang='lat' dir='ltr'><strong>dicebat</strong></span> <span class='ocrx_word' id='word_1_582' title='bbox 3027 1656 3039 1690; x_wconf 73' lang='grc' dir='ltr'>ε</span> <span class='ocrx_word' id='word_1_583' title='bbox 3078 1638 3284 1702; x_wconf 78' lang='lat' dir='ltr'><strong>Quoties</strong></span> <span class='ocrx_word' id='word_1_584' title='bbox 3309 1638 3446 1690; x_wconf 85' lang='lat' dir='ltr'><strong>volui</strong></span> <span class='ocrx_word' id='word_1_585' title='bbox 3474 1653 3779 1707; x_wconf 79' lang='lat' dir='ltr'><strong>congregare</strong></span> <span class='ocrx_word' id='word_1_586' title='bbox 3811 1635 3958 1703; x_wconf 81' lang='lat' dir='ltr'><strong>ﬁlias</strong></span> 
     </span>
    </p>
   </div>
   <div class='ocr_carea' id='block_1_75' title="bbox 2351 1727 3959 1800">
    <p class='ocr_par' dir='ltr' id='par_1_75' title="bbox 2351 1727 3959 1800">
     <span class='ocr_line' id='line_1_75' title="bbox 2351 1727 3959 1800; baseline -0.004 -15"><span class='ocrx_word' id='word_1_587' title='bbox 2351 1742 2538 1785; x_wconf 76' lang='lat' dir='ltr'><strong>vestros</strong></span> <span class='ocrx_word' id='word_1_588' title='bbox 2565 1730 2990 1800; x_wconf 81' lang='lat' dir='ltr'><strong>quemadmodum</strong></span> <span class='ocrx_word' id='word_1_589' title='bbox 3013 1731 3207 1797; x_wconf 82' lang='lat' dir='ltr'><strong>gallina</strong></span> <span class='ocrx_word' id='word_1_590' title='bbox 3235 1730 3401 1799; x_wconf 82' lang='lat' dir='ltr'><strong>pullos</strong></span> <span class='ocrx_word' id='word_1_591' title='bbox 3427 1746 3563 1794; x_wconf 84' lang='lat' dir='ltr'><strong>suos,</strong></span> <span class='ocrx_word' id='word_1_592' title='bbox 3590 1742 3637 1781; x_wconf 85' lang='lat' dir='ltr'><strong>et</strong></span> <span class='ocrx_word' id='word_1_593' title='bbox 3666 1728 3902 1782; x_wconf 82' lang='lat' dir='ltr'><strong>noluistis</strong></span> <span class='ocrx_word' id='word_1_594' title='bbox 3931 1727 3959 1778; x_wconf 76' lang='lat'><strong>.’</strong></span> 
     </span>
    </p>
   </div>
   <div class='ocr_carea' id='block_1_76' title="bbox 2357 1819 3955 1889">
    <p class='ocr_par' dir='ltr' id='par_1_76' title="bbox 2357 1819 3955 1889">
     <span class='ocr_line' id='line_1_76' title="bbox 2357 1819 3955 1889; baseline -0.004 -13"><span class='ocrx_word' id='word_1_595' title='bbox 2357 1822 2486 1876; x_wconf 86' lang='lat' dir='ltr'><strong>Ecce</strong></span> <span class='ocrx_word' id='word_1_596' title='bbox 2523 1823 2834 1886; x_wconf 84' lang='lat' dir='ltr'><strong>relinquetur</strong></span> <span class='ocrx_word' id='word_1_597' title='bbox 2862 1823 3040 1874; x_wconf 87' lang='lat' dir='ltr'><strong>domus</strong></span> <span class='ocrx_word' id='word_1_598' title='bbox 3068 1830 3231 1873; x_wconf 76' lang='lat' dir='ltr'><strong>ucstra</strong></span> <span class='ocrx_word' id='word_1_599' title='bbox 3272 1820 3469 1874; x_wconf 83' lang='lat' dir='ltr'><strong>deserta</strong></span> <span class='ocrx_word' id='word_1_600' title='bbox 3496 1821 3513 1889; x_wconf 92' lang='lat'><strong>(</strong></span> <span class='ocrx_word' id='word_1_601' title='bbox 3539 1820 3665 1873; x_wconf 88' lang='lat' dir='ltr'><strong>Luc.</strong></span> <span class='ocrx_word' id='word_1_602' title='bbox 3700 1820 3785 1873; x_wconf 71' lang='lat'><strong>1&#39;5.</strong></span> <span class='ocrx_word' id='word_1_603' title='bbox 3818 1819 3891 1872; x_wconf 62' lang='grc'><strong>54</strong></span> <span class='ocrx_word' id='word_1_604' title='bbox 3909 1820 3955 1886; x_wconf 88' lang='grc'><strong>).</strong></span> 
     </span>
    </p>
   </div>
   <div class='ocr_carea' id='block_1_77' title="bbox 2357 1912 3957 1982">
    <p class='ocr_par' dir='ltr' id='par_1_77' title="bbox 2357 1912 3957 1982">
     <span class='ocr_line' id='line_1_77' title="bbox 2357 1912 3957 1982; baseline -0.002 -14"><span class='ocrx_word' id='word_1_605' title='bbox 2357 1914 2517 1968; x_wconf 78' lang='lat' dir='ltr'><strong>Vides</strong></span> <span class='ocrx_word' id='word_1_606' title='bbox 2535 1916 2646 1967; x_wconf 84' lang='lat' dir='ltr'><strong>fieri</strong></span> <span class='ocrx_word' id='word_1_607' title='bbox 2668 1930 2770 1968; x_wconf 92' lang='lat' dir='ltr'><strong>non</strong></span> <span class='ocrx_word' id='word_1_608' title='bbox 2798 1930 2972 1982; x_wconf 86' lang='lat' dir='ltr'><strong>posse,</strong></span> <span class='ocrx_word' id='word_1_609' title='bbox 2996 1924 3053 1967; x_wconf 92' lang='lat' dir='ltr'><strong>ut</strong></span> <span class='ocrx_word' id='word_1_610' title='bbox 3070 1930 3133 1968; x_wconf 79' lang='lat' dir='ltr'><strong>ex</strong></span> <span class='ocrx_word' id='word_1_611' title='bbox 3154 1914 3258 1968; x_wconf 91' lang='lat' dir='ltr'><strong>illis</strong></span> <span class='ocrx_word' id='word_1_612' title='bbox 3280 1913 3368 1982; x_wconf 89' lang='lat' dir='ltr'><strong>qui</strong></span> <span class='ocrx_word' id='word_1_613' title='bbox 3386 1914 3541 1966; x_wconf 87' lang='lat' dir='ltr'><strong>otiosi</strong></span> <span class='ocrx_word' id='word_1_614' title='bbox 3559 1922 3702 1978; x_wconf 91' lang='lat' dir='ltr'><strong>sunt,</strong></span> <span class='ocrx_word' id='word_1_615' title='bbox 3724 1928 3784 1965; x_wconf 90' lang='lat' dir='ltr'><strong>ac</strong></span> <span class='ocrx_word' id='word_1_616' title='bbox 3804 1912 3922 1966; x_wconf 88' lang='lat' dir='ltr'><strong>desi</strong></span> <span class='ocrx_word' id='word_1_617' title='bbox 3938 1944 3957 1951; x_wconf 89' lang='lat'><strong>-</strong></span> 
     </span>
    </p>
   </div>
   <div class='ocr_carea' id='block_1_78' title="bbox 2353 2001 3959 2073">
    <p class='ocr_par' dir='ltr' id='par_1_78' title="bbox 2353 2001 3959 2073">
     <span class='ocr_line' id='line_1_78' title="bbox 2353 2001 3959 2073; baseline -0.002 -15"><span class='ocrx_word' id='word_1_618' title='bbox 2353 2004 2469 2066; x_wconf 89' lang='lat' dir='ltr'><strong>des,</strong></span> <span class='ocrx_word' id='word_1_619' title='bbox 2494 2012 2549 2058; x_wconf 89' lang='lat' dir='ltr'><strong>et</strong></span> <span class='ocrx_word' id='word_1_620' title='bbox 2589 2004 2761 2073; x_wconf 88' lang='lat' dir='ltr'><strong>supini</strong></span> <span class='ocrx_word' id='word_1_621' title='bbox 2790 2004 2967 2073; x_wconf 83' lang='lat' dir='ltr'><strong>jaccnt</strong></span> <span class='ocrx_word' id='word_1_622' title='bbox 2987 2045 3001 2069; x_wconf 94' lang='lat'><strong>,</strong></span> <span class='ocrx_word' id='word_1_623' title='bbox 3040 2005 3175 2057; x_wconf 89' lang='lat' dir='ltr'><strong>ullus</strong></span> <span class='ocrx_word' id='word_1_624' title='bbox 3195 2003 3484 2072; x_wconf 87' lang='lat' dir='ltr'><strong>aliquando</strong></span> <span class='ocrx_word' id='word_1_625' title='bbox 3513 2004 3693 2056; x_wconf 74' lang='lat' dir='ltr'><strong>salvus</strong></span> <span class='ocrx_word' id='word_1_626' title='bbox 3723 2002 3843 2054; x_wconf 84' lang='lat' dir='ltr'><strong>fiat?</strong></span> <span class='ocrx_word' id='word_1_627' title='bbox 3873 2001 3959 2055; x_wconf 77' lang='lat' dir='ltr'><strong>Ex</strong></span> 
     </span>
    </p>
   </div>
   <div class='ocr_carea' id='block_1_79' title="bbox 2355 2093 3963 2165">
    <p class='ocr_par' dir='ltr' id='par_1_79' title="bbox 2355 2093 3963 2165">
     <span class='ocr_line' id='line_1_79' title="bbox 2355 2093 3963 2165; baseline -0.004 -14"><span class='ocrx_word' id='word_1_628' title='bbox 2355 2098 2459 2151; x_wconf 88' lang='lat' dir='ltr'><strong>hoc</strong></span> <span class='ocrx_word' id='word_1_629' title='bbox 2487 2105 2543 2151; x_wconf 87' lang='lat' dir='ltr'><strong>et</strong></span> <span class='ocrx_word' id='word_1_630' title='bbox 2573 2096 2717 2151; x_wconf 90' lang='lat' dir='ltr'><strong>aliud</strong></span> <span class='ocrx_word' id='word_1_631' title='bbox 2750 2099 3020 2165; x_wconf 83' lang='lat' dir='ltr'><strong>quidpiam</strong></span> <span class='ocrx_word' id='word_1_632' title='bbox 3067 2111 3321 2148; x_wconf 85' lang='lat' dir='ltr'><strong>arcanum</strong></span> <span class='ocrx_word' id='word_1_633' title='bbox 3372 2096 3651 2158; x_wconf 84' lang='lat' dir='ltr'><strong>discimus,</strong></span> <span class='ocrx_word' id='word_1_634' title='bbox 3684 2110 3785 2145; x_wconf 90' lang='lat' dir='ltr'><strong>non</strong></span> <span class='ocrx_word' id='word_1_635' title='bbox 3819 2093 3963 2146; x_wconf 86' lang='lat' dir='ltr'><strong>satis</strong></span> 
     </span>
    </p>
   </div>
   <div class='ocr_carea' id='block_1_80' title="bbox 2355 2185 3964 2259">
    <p class='ocr_par' dir='ltr' id='par_1_80' title="bbox 2355 2185 3964 2259">
     <span class='ocr_line' id='line_1_80' title="bbox 2355 2185 3964 2259; baseline -0.004 -16"><span class='ocrx_word' id='word_1_636' title='bbox 2355 2203 2474 2243; x_wconf 86' lang='lat' dir='ltr'><strong>esse</strong></span> <span class='ocrx_word' id='word_1_637' title='bbox 2503 2190 2813 2259; x_wconf 84' lang='lat' dir='ltr'><strong>martyrium</strong></span> <span class='ocrx_word' id='word_1_638' title='bbox 2851 2187 2916 2241; x_wconf 90' lang='lat' dir='ltr'><strong>ad</strong></span> <span class='ocrx_word' id='word_1_639' title='bbox 2955 2203 3265 2257; x_wconf 83' lang='lat' dir='ltr'><strong>supremum</strong></span> <span class='ocrx_word' id='word_1_640' title='bbox 3308 2187 3562 2239; x_wconf 85' lang='lat' dir='ltr'><strong>honorem</strong></span> <span class='ocrx_word' id='word_1_641' title='bbox 3596 2194 3649 2239; x_wconf 93' lang='lat' dir='ltr'><strong>et</strong></span> <span class='ocrx_word' id='word_1_642' title='bbox 3676 2185 3964 2237; x_wconf 78' lang='lat' dir='ltr'><strong>altissima:</strong></span> 
     </span>
    </p>
   </div>
   <div class='ocr_carea' id='block_1_81' title="bbox 2355 2280 3966 2349">
    <p class='ocr_par' dir='ltr' id='par_1_81' title="bbox 2355 2280 3966 2349">
     <span class='ocr_line' id='line_1_81' title="bbox 2355 2280 3966 2349; baseline -0.004 -13"><span class='ocrx_word' id='word_1_643' title='bbox 2355 2283 2498 2336; x_wconf 87' lang='lat' dir='ltr'><strong>sedis</strong></span> <span class='ocrx_word' id='word_1_644' title='bbox 2529 2281 2915 2336; x_wconf 85' lang='lat' dir='ltr'><strong>ceneiliandam</strong></span> <span class='ocrx_word' id='word_1_645' title='bbox 2950 2282 3375 2349; x_wconf 64' lang='lat' dir='ltr'><strong>prierogativatn.</strong></span> <span class='ocrx_word' id='word_1_646' title='bbox 3402 2280 3540 2333; x_wconf 80' lang='lat' dir='ltr'><strong>Ecce</strong></span> <span class='ocrx_word' id='word_1_647' title='bbox 3568 2293 3792 2345; x_wconf 86' lang='lat' dir='ltr'><strong>namque</strong></span> <span class='ocrx_word' id='word_1_648' title='bbox 3816 2292 3966 2345; x_wconf 65' lang='lat' dir='ltr'><strong>prte-</strong></span> 
     </span>
    </p>
   </div>
   <div class='ocr_carea' id='block_1_82' title="bbox 2357 2358 3964 2440">
    <p class='ocr_par' dir='ltr' id='par_1_82' title="bbox 2357 2358 3964 2440">
     <span class='ocr_line' id='line_1_82' title="bbox 2357 2358 3964 2440; baseline -0.003 -15"><span class='ocrx_word' id='word_1_649' title='bbox 2357 2372 2485 2425; x_wconf 73' lang='lat' dir='ltr'><strong>dixit</strong></span> <span class='ocrx_word' id='word_1_650' title='bbox 2520 2373 2633 2424; x_wconf 84' lang='lat' dir='ltr'><strong>istis</strong></span> <span class='ocrx_word' id='word_1_651' title='bbox 2660 2371 2778 2425; x_wconf 85' lang='lat' dir='ltr'><strong>fore</strong></span> <span class='ocrx_word' id='word_1_652' title='bbox 2801 2371 3034 2440; x_wconf 88' lang='lat' dir='ltr'><strong>quidem,</strong></span> <span class='ocrx_word' id='word_1_653' title='bbox 3064 2380 3119 2422; x_wconf 91' lang='lat' dir='ltr'><strong>ut</strong></span> <span class='ocrx_word' id='word_1_654' title='bbox 3149 2372 3461 2440; x_wconf 78' lang='lat' dir='ltr'><strong>martyrium</strong></span> <span class='ocrx_word' id='word_1_655' title='bbox 3493 2377 3823 2438; x_wconf 83' lang='lat' dir='ltr'><strong>paterentur,</strong></span> <span class='ocrx_word' id='word_1_656' title='bbox 3853 2358 3964 2421; x_wconf 88' lang='lat' dir='ltr'><strong>nec</strong></span> 
     </span>
    </p>
   </div>
   <div class='ocr_carea' id='block_1_83' title="bbox 2358 2461 3963 2528">
    <p class='ocr_par' dir='ltr' id='par_1_83' title="bbox 2358 2461 3963 2528">
     <span class='ocr_line' id='line_1_83' title="bbox 2358 2461 3963 2528; baseline -0.005 -11"><span class='ocrx_word' id='word_1_657' title='bbox 2358 2463 2557 2517; x_wconf 87' lang='lat' dir='ltr'><strong>idcirco</strong></span> <span class='ocrx_word' id='word_1_658' title='bbox 2588 2473 2765 2515; x_wconf 90' lang='lat' dir='ltr'><strong>tamen</strong></span> <span class='ocrx_word' id='word_1_659' title='bbox 2802 2462 3021 2515; x_wconf 88' lang='lat' dir='ltr'><strong>omnino</strong></span> <span class='ocrx_word' id='word_1_660' title='bbox 3052 2462 3252 2528; x_wconf 90' lang='lat' dir='ltr'><strong>primos</strong></span> <span class='ocrx_word' id='word_1_661' title='bbox 3280 2461 3510 2513; x_wconf 82' lang='lat' dir='ltr'><strong>honores</strong></span> <span class='ocrx_word' id='word_1_662' title='bbox 3557 2474 3963 2527; x_wconf 69' lang='lat' dir='ltr'><strong>consequeren-</strong></span> 
     </span>
    </p>
   </div>
   <div class='ocr_carea' id='block_1_84' title="bbox 2360 2551 3967 2625">
    <p class='ocr_par' dir='ltr' id='par_1_84' title="bbox 2360 2551 3967 2625">
     <span class='ocr_line' id='line_1_84' title="bbox 2360 2551 3967 2625; baseline -0.004 -16"><span class='ocrx_word' id='word_1_663' title='bbox 2360 2568 2443 2611; x_wconf 91' lang='lat' dir='ltr'><strong>tur</strong></span> <span class='ocrx_word' id='word_1_664' title='bbox 2474 2572 2488 2610; x_wconf 92' lang='lat'><strong>:</strong></span> <span class='ocrx_word' id='word_1_665' title='bbox 2521 2555 2715 2625; x_wconf 89' lang='lat' dir='ltr'><strong>quippe</strong></span> <span class='ocrx_word' id='word_1_666' title='bbox 2741 2570 2860 2608; x_wconf 92' lang='lat' dir='ltr'><strong>cum</strong></span> <span class='ocrx_word' id='word_1_667' title='bbox 2886 2562 3067 2607; x_wconf 87' lang='lat' dir='ltr'><strong>essent</strong></span> <span class='ocrx_word' id='word_1_668' title='bbox 3096 2552 3359 2617; x_wconf 91' lang='lat' dir='ltr'><strong>nonnulli,</strong></span> <span class='ocrx_word' id='word_1_669' title='bbox 3388 2552 3475 2620; x_wconf 89' lang='lat' dir='ltr'><strong>qui</strong></span> <span class='ocrx_word' id='word_1_670' title='bbox 3507 2551 3703 2619; x_wconf 86' lang='lat' dir='ltr'><strong>majora</strong></span> <span class='ocrx_word' id='word_1_671' title='bbox 3737 2558 3967 2617; x_wconf 79' lang='lat' dir='ltr'><strong>possent</strong></span> 
     </span>
    </p>
   </div>
   <div class='ocr_carea' id='block_1_85' title="bbox 2359 2640 3963 2715">
    <p class='ocr_par' dir='ltr' id='par_1_85' title="bbox 2359 2640 3963 2715">
     <span class='ocr_line' id='line_1_85' title="bbox 2359 2640 3963 2715; baseline -0.004 -14"><span class='ocrx_word' id='word_1_672' title='bbox 2359 2664 2470 2702; x_wconf 86' lang='lat' dir='ltr'><strong>ase</strong></span> <span class='ocrx_word' id='word_1_673' title='bbox 2514 2656 2716 2715; x_wconf 85' lang='lat' dir='ltr'><strong>patrata</strong></span> <span class='ocrx_word' id='word_1_674' title='bbox 2762 2644 3047 2699; x_wconf 87' lang='lat' dir='ltr'><strong>ostendere</strong></span> <span class='ocrx_word' id='word_1_675' title='bbox 3098 2660 3113 2707; x_wconf 89' lang='lat'><strong>;</strong></span> <span class='ocrx_word' id='word_1_676' title='bbox 3164 2643 3213 2696; x_wconf 92' lang='lat' dir='ltr'><strong>id</strong></span> <span class='ocrx_word' id='word_1_677' title='bbox 3256 2642 3398 2711; x_wconf 88' lang='lat' dir='ltr'><strong>quod</strong></span> <span class='ocrx_word' id='word_1_678' title='bbox 3440 2641 3681 2694; x_wconf 76' lang='lat' dir='ltr'><strong>indicans</strong></span> <span class='ocrx_word' id='word_1_679' title='bbox 3703 2640 3963 2694; x_wconf 88' lang='lat' dir='ltr'><strong>dicebat:</strong></span> 
     </span>
    </p>
   </div>
   <div class='ocr_carea' id='block_1_86' title="bbox 2361 2730 3966 2806">
    <p class='ocr_par' dir='ltr' id='par_1_86' title="bbox 2361 2730 3966 2806">
     <span class='ocr_line' id='line_1_86' title="bbox 2361 2730 3966 2806; baseline -0.007 -15"><span class='ocrx_word' id='word_1_680' title='bbox 2361 2738 2577 2791; x_wconf 82' lang='lat' dir='ltr'><strong>Calicem</strong></span> <span class='ocrx_word' id='word_1_681' title='bbox 2606 2735 2808 2806; x_wconf 81' lang='lat' dir='ltr'><strong>quidem</strong></span> <span class='ocrx_word' id='word_1_682' title='bbox 2836 2751 3004 2786; x_wconf 83' lang='lat' dir='ltr'><strong>meum</strong></span> <span class='ocrx_word' id='word_1_683' title='bbox 3034 2734 3230 2800; x_wconf 86' lang='lat' dir='ltr'><strong>bibetis,</strong></span> <span class='ocrx_word' id='word_1_684' title='bbox 3261 2744 3304 2785; x_wconf 85' lang='lat' dir='ltr'><strong>et</strong></span> <span class='ocrx_word' id='word_1_685' title='bbox 3336 2732 3605 2801; x_wconf 81' lang='lat' dir='ltr'><strong>baptismo,</strong></span> <span class='ocrx_word' id='word_1_686' title='bbox 3632 2747 3731 2800; x_wconf 90' lang='lat' dir='ltr'><strong>quo</strong></span> <span class='ocrx_word' id='word_1_687' title='bbox 3755 2747 3845 2800; x_wconf 84' lang='lat' dir='ltr'><strong>ego</strong></span> <span class='ocrx_word' id='word_1_688' title='bbox 3872 2730 3966 2781; x_wconf 74' lang='lat' dir='ltr'><strong>ba-</strong></span> 
     </span>
    </p>
   </div>
   <div class='ocr_carea' id='block_1_87' title="bbox 2357 2822 3961 2897">
    <p class='ocr_par' dir='ltr' id='par_1_87' title="bbox 2357 2822 3961 2897">
     <span class='ocr_line' id='line_1_87' title="bbox 2357 2822 3961 2897; baseline -0.006 -17"><span class='ocrx_word' id='word_1_689' title='bbox 2357 2829 2542 2897; x_wconf 80' lang='lat' dir='ltr'><strong>ptizor,</strong></span> <span class='ocrx_word' id='word_1_690' title='bbox 2573 2825 2952 2895; x_wconf 79' lang='lat' dir='ltr'><strong>baptizabimini</strong></span> <span class='ocrx_word' id='word_1_691' title='bbox 2977 2840 2995 2878; x_wconf 90' lang='lat'><em>:</em></span> <span class='ocrx_word' id='word_1_692' title='bbox 3022 2824 3194 2877; x_wconf 83' lang='lat' dir='ltr'><strong>sedere</strong></span> <span class='ocrx_word' id='word_1_693' title='bbox 3220 2828 3387 2876; x_wconf 84' lang='lat' dir='ltr'><strong>autem</strong></span> <span class='ocrx_word' id='word_1_694' title='bbox 3418 2822 3485 2874; x_wconf 84' lang='lat' dir='ltr'><strong>ad</strong></span> <span class='ocrx_word' id='word_1_695' title='bbox 3505 2822 3782 2883; x_wconf 70' lang='lat' dir='ltr'><strong>dexteram,</strong></span> <span class='ocrx_word' id='word_1_696' title='bbox 3810 2830 3857 2873; x_wconf 90' lang='lat' dir='ltr'><strong>et</strong></span> <span class='ocrx_word' id='word_1_697' title='bbox 3889 2822 3961 2871; x_wconf 81' lang='lat' dir='ltr'><strong>ad</strong></span> 
     </span>
    </p>
   </div>
   <div class='ocr_carea' id='block_1_88' title="bbox 2359 2917 3966 2987">
    <p class='ocr_par' dir='ltr' id='par_1_88' title="bbox 2359 2917 3966 2987">
     <span class='ocr_line' id='line_1_88' title="bbox 2359 2917 3966 2987; baseline -0.004 -13"><span class='ocrx_word' id='word_1_698' title='bbox 2359 2922 2650 2987; x_wconf 82' lang='lat' dir='ltr'><strong>sinistram,</strong></span> <span class='ocrx_word' id='word_1_699' title='bbox 2683 2938 2783 2973; x_wconf 88' lang='lat' dir='ltr'><strong>non</strong></span> <span class='ocrx_word' id='word_1_700' title='bbox 2815 2930 2887 2973; x_wconf 77' lang='lat' dir='ltr'><strong>est</strong></span> <span class='ocrx_word' id='word_1_701' title='bbox 2920 2936 3083 2973; x_wconf 87' lang='lat' dir='ltr'><strong>meum</strong></span> <span class='ocrx_word' id='word_1_702' title='bbox 3115 2918 3253 2972; x_wconf 84' lang='lat' dir='ltr'><strong>dare.</strong></span> <span class='ocrx_word' id='word_1_703' title='bbox 3289 2917 3402 2971; x_wconf 88' lang='lat' dir='ltr'><strong>Non</strong></span> <span class='ocrx_word' id='word_1_704' title='bbox 3448 2917 3586 2984; x_wconf 85' lang='lat' dir='ltr'><strong>quod</strong></span> <span class='ocrx_word' id='word_1_705' title='bbox 3616 2917 3833 2981; x_wconf 88' lang='lat' dir='ltr'><strong>sedeat,</strong></span> <span class='ocrx_word' id='word_1_706' title='bbox 3864 2917 3966 2969; x_wconf 80' lang='lat' dir='ltr'><strong>sed</strong></span> 
     </span>
    </p>
   </div>
   <div class='ocr_carea' id='block_1_89' title="bbox 2361 3009 3965 3081">
    <p class='ocr_par' dir='ltr' id='par_1_89' title="bbox 2361 3009 3965 3081">
     <span class='ocr_line' id='line_1_89' title="bbox 2361 3009 3965 3081; baseline -0.002 -16"><span class='ocrx_word' id='word_1_707' title='bbox 2361 3014 2462 3066; x_wconf 86' lang='lat' dir='ltr'><strong>hoc</strong></span> <span class='ocrx_word' id='word_1_708' title='bbox 2486 3014 2629 3068; x_wconf 85' lang='lat' dir='ltr'><strong>idem</strong></span> <span class='ocrx_word' id='word_1_709' title='bbox 2674 3014 2845 3076; x_wconf 68' lang='lat' dir='ltr'><strong>valet,</strong></span> <span class='ocrx_word' id='word_1_710' title='bbox 2878 3011 3017 3081; x_wconf 88' lang='lat' dir='ltr'><strong>quod</strong></span> <span class='ocrx_word' id='word_1_711' title='bbox 3067 3012 3322 3079; x_wconf 88' lang='lat' dir='ltr'><strong>majorem</strong></span> <span class='ocrx_word' id='word_1_712' title='bbox 3362 3009 3619 3077; x_wconf 87' lang='lat' dir='ltr'><strong>consequi</strong></span> <span class='ocrx_word' id='word_1_713' title='bbox 3659 3009 3965 3073; x_wconf 85' lang='lat' dir='ltr'><strong>honorem,</strong></span> 
     </span>
    </p>
   </div>
   <div class='ocr_carea' id='block_1_90' title="bbox 2361 3100 3965 3172">
    <p class='ocr_par' dir='ltr' id='par_1_90' title="bbox 2361 3100 3965 3172">
     <span class='ocr_line' id='line_1_90' title="bbox 2361 3100 3965 3172; baseline -0.002 -16"><span class='ocrx_word' id='word_1_714' title='bbox 2361 3105 2560 3172; x_wconf 88' lang='lat' dir='ltr'><strong>primas</strong></span> <span class='ocrx_word' id='word_1_715' title='bbox 2591 3116 2767 3172; x_wconf 88' lang='lat' dir='ltr'><strong>partes</strong></span> <span class='ocrx_word' id='word_1_716' title='bbox 2815 3104 3079 3166; x_wconf 84' lang='lat' dir='ltr'><strong>obtinere,</strong></span> <span class='ocrx_word' id='word_1_717' title='bbox 3127 3102 3460 3167; x_wconf 88' lang='lat' dir='ltr'><strong>superiorem</strong></span> <span class='ocrx_word' id='word_1_718' title='bbox 3504 3100 3752 3154; x_wconf 88' lang='lat' dir='ltr'><strong>omnibus</strong></span> <span class='ocrx_word' id='word_1_719' title='bbox 3801 3101 3965 3154; x_wconf 86' lang='lat' dir='ltr'><strong>fieri:</strong></span> 
     </span>
    </p>
   </div>
   <div class='ocr_carea' id='block_1_91' title="bbox 2361 3190 3972 3264">
    <p class='ocr_par' dir='ltr' id='par_1_91' title="bbox 2361 3190 3972 3264">
     <span class='ocr_line' id='line_1_91' title="bbox 2361 3190 3972 3264; baseline -0.002 -16"><span class='ocrx_word' id='word_1_720' title='bbox 2361 3195 2491 3249; x_wconf 89' lang='lat' dir='ltr'><strong>dixit</strong></span> <span class='ocrx_word' id='word_1_721' title='bbox 2520 3196 2679 3264; x_wconf 84' lang='lat' dir='ltr'><strong>igitur</strong></span> <span class='ocrx_word' id='word_1_722' title='bbox 2703 3194 2892 3247; x_wconf 84' lang='lat' dir='ltr'><strong>sedere</strong></span> <span class='ocrx_word' id='word_1_723' title='bbox 2921 3193 2987 3245; x_wconf 89' lang='lat' dir='ltr'><strong>ad</strong></span> <span class='ocrx_word' id='word_1_724' title='bbox 3035 3192 3309 3245; x_wconf 81' lang='lat' dir='ltr'><strong>dexteram</strong></span> <span class='ocrx_word' id='word_1_725' title='bbox 3350 3200 3403 3245; x_wconf 91' lang='lat' dir='ltr'><strong>et</strong></span> <span class='ocrx_word' id='word_1_726' title='bbox 3440 3190 3505 3244; x_wconf 90' lang='lat' dir='ltr'><strong>ad</strong></span> <span class='ocrx_word' id='word_1_727' title='bbox 3548 3191 3819 3245; x_wconf 88' lang='lat' dir='ltr'><strong>sinistram</strong></span> <span class='ocrx_word' id='word_1_728' title='bbox 3843 3233 3858 3256; x_wconf 93' lang='lat'><strong>,</strong></span> <span class='ocrx_word' id='word_1_729' title='bbox 3910 3200 3972 3245; x_wconf 85' lang='lat' dir='ltr'><strong>ut</strong></span> 
     </span>
    </p>
   </div>
   <div class='ocr_carea' id='block_1_92' title="bbox 2361 3283 3971 3355">
    <p class='ocr_par' dir='ltr' id='par_1_92' title="bbox 2361 3283 3971 3355">
     <span class='ocr_line' id='line_1_92' title="bbox 2361 3283 3971 3355; baseline -0.004 -14"><span class='ocrx_word' id='word_1_730' title='bbox 2361 3302 2547 3341; x_wconf 86' lang='lat' dir='ltr'><strong>eorum</strong></span> <span class='ocrx_word' id='word_1_731' title='bbox 2594 3285 2830 3355; x_wconf 86' lang='lat' dir='ltr'><strong>opinioni</strong></span> <span class='ocrx_word' id='word_1_732' title='bbox 2862 3299 2918 3338; x_wconf 89' lang='lat' dir='ltr'><strong>se</strong></span> <span class='ocrx_word' id='word_1_733' title='bbox 2947 3284 3378 3337; x_wconf 85' lang='lat' dir='ltr'><strong>accommodaret</strong></span> <span class='ocrx_word' id='word_1_734' title='bbox 3414 3301 3428 3337; x_wconf 74' lang='grc' dir='ltr'>ε</span> <span class='ocrx_word' id='word_1_735' title='bbox 3463 3283 3534 3336; x_wconf 74' lang='lat' dir='ltr'><strong>illi</strong></span> <span class='ocrx_word' id='word_1_736' title='bbox 3576 3283 3718 3337; x_wconf 87' lang='lat' dir='ltr'><strong>enim</strong></span> <span class='ocrx_word' id='word_1_737' title='bbox 3764 3284 3971 3350; x_wconf 87' lang='lat' dir='ltr'><strong>primas</strong></span> 
     </span>
    </p>
   </div>
   <div class='ocr_carea' id='block_1_93' title="bbox 2356 3374 3975 3448">
    <p class='ocr_par' dir='ltr' id='par_1_93' title="bbox 2356 3374 3975 3448">
     <span class='ocr_line' id='line_1_93' title="bbox 2356 3374 3975 3448; baseline -0.001 -18"><span class='ocrx_word' id='word_1_738' title='bbox 2356 3386 2541 3448; x_wconf 86' lang='lat' dir='ltr'><strong>partes</strong></span> <span class='ocrx_word' id='word_1_739' title='bbox 2570 3375 2909 3443; x_wconf 78' lang='lat' dir='ltr'><strong>appetebant,</strong></span> <span class='ocrx_word' id='word_1_740' title='bbox 2936 3383 2985 3428; x_wconf 90' lang='lat' dir='ltr'><strong>et</strong></span> <span class='ocrx_word' id='word_1_741' title='bbox 3020 3385 3077 3428; x_wconf 92' lang='lat' dir='ltr'><strong>ut</strong></span> <span class='ocrx_word' id='word_1_742' title='bbox 3104 3376 3312 3429; x_wconf 59' lang='lat' dir='ltr'><strong>cieteris</strong></span> <span class='ocrx_word' id='word_1_743' title='bbox 3334 3374 3585 3427; x_wconf 89' lang='lat' dir='ltr'><strong>omnibus</strong></span> <span class='ocrx_word' id='word_1_744' title='bbox 3611 3375 3845 3441; x_wconf 82' lang='lat' dir='ltr'><strong>majores</strong></span> <span class='ocrx_word' id='word_1_745' title='bbox 3873 3390 3975 3443; x_wconf 80' lang='lat' dir='ltr'><strong>ap-</strong></span> 
     </span>
    </p>
   </div>
   <div class='ocr_carea' id='block_1_94' title="bbox 2365 3466 3975 3540">
    <p class='ocr_par' dir='ltr' id='par_1_94' title="bbox 2365 3466 3975 3540">
     <span class='ocr_line' id='line_1_94' title="bbox 2365 3466 3975 3540; baseline -0.004 -16"><span class='ocrx_word' id='word_1_746' title='bbox 2365 3477 2636 3540; x_wconf 88' lang='lat' dir='ltr'><strong>parerent.</strong></span> <span class='ocrx_word' id='word_1_747' title='bbox 2672 3468 2783 3521; x_wconf 91' lang='lat' dir='ltr'><strong>lloc</strong></span> <span class='ocrx_word' id='word_1_748' title='bbox 2809 3468 2966 3536; x_wconf 80' lang='lat' dir='ltr'><strong>igitur</strong></span> <span class='ocrx_word' id='word_1_749' title='bbox 2998 3468 3169 3537; x_wconf 90' lang='lat' dir='ltr'><strong>ipsum</strong></span> <span class='ocrx_word' id='word_1_750' title='bbox 3194 3467 3386 3535; x_wconf 89' lang='lat' dir='ltr'><strong>inquit,</strong></span> <span class='ocrx_word' id='word_1_751' title='bbox 3412 3474 3469 3518; x_wconf 92' lang='lat' dir='ltr'><strong>ut</strong></span> <span class='ocrx_word' id='word_1_752' title='bbox 3497 3480 3595 3519; x_wconf 79' lang='lat' dir='ltr'><strong>vos</strong></span> <span class='ocrx_word' id='word_1_753' title='bbox 3619 3466 3829 3519; x_wconf 75' lang='lat' dir='ltr'><strong>caneris</strong></span> <span class='ocrx_word' id='word_1_754' title='bbox 3852 3482 3975 3518; x_wconf 87' lang='lat' dir='ltr'><strong>ma—</strong></span> 
     </span>
    </p>
   </div>
   <div class='ocr_carea' id='block_1_95' title="bbox 2359 3556 3973 3631">
    <p class='ocr_par' dir='ltr' id='par_1_95' title="bbox 2359 3556 3973 3631">
     <span class='ocr_line' id='line_1_95' title="bbox 2359 3556 3973 3631; baseline -0.002 -17"><span class='ocrx_word' id='word_1_755' title='bbox 2359 3564 2506 3631; x_wconf 89' lang='lat' dir='ltr'><strong>jores</strong></span> <span class='ocrx_word' id='word_1_756' title='bbox 2535 3559 2838 3628; x_wconf 87' lang='lat' dir='ltr'><strong>appareatis</strong></span> <span class='ocrx_word' id='word_1_757' title='bbox 2862 3600 2876 3623; x_wconf 92' lang='lat'><strong>,</strong></span> <span class='ocrx_word' id='word_1_758' title='bbox 2910 3558 3266 3625; x_wconf 89' lang='lat' dir='ltr'><strong>omnibusque</strong></span> <span class='ocrx_word' id='word_1_759' title='bbox 3315 3556 3683 3623; x_wconf 80' lang='lat' dir='ltr'><strong>subliniiores,</strong></span> <span class='ocrx_word' id='word_1_760' title='bbox 3734 3558 3833 3611; x_wconf 90' lang='lat' dir='ltr'><strong>hac</strong></span> <span class='ocrx_word' id='word_1_761' title='bbox 3863 3572 3973 3610; x_wconf 87' lang='lat' dir='ltr'><strong>una</strong></span> 
     </span>
    </p>
   </div>
   <div class='ocr_carea' id='block_1_96' title="bbox 2364 3649 3975 3721">
    <p class='ocr_par' dir='ltr' id='par_1_96' title="bbox 2364 3649 3975 3721">
     <span class='ocr_line' id='line_1_96' title="bbox 2364 3649 3975 3721; baseline -0.004 -12"><span class='ocrx_word' id='word_1_762' title='bbox 2364 3670 2422 3709; x_wconf 90' lang='lat' dir='ltr'><strong>re</strong></span> <span class='ocrx_word' id='word_1_763' title='bbox 2453 3670 2557 3707; x_wconf 88' lang='lat' dir='ltr'><strong>non</strong></span> <span class='ocrx_word' id='word_1_764' title='bbox 2599 3651 2822 3721; x_wconf 88' lang='lat' dir='ltr'><strong>potestis</strong></span> <span class='ocrx_word' id='word_1_765' title='bbox 2853 3652 3169 3720; x_wconf 89' lang='lat' dir='ltr'><strong>acquirere:</strong></span> <span class='ocrx_word' id='word_1_766' title='bbox 3208 3664 3330 3702; x_wconf 90' lang='lat' dir='ltr'><strong>nam</strong></span> <span class='ocrx_word' id='word_1_767' title='bbox 3358 3658 3587 3703; x_wconf 89' lang='lat' dir='ltr'><strong>mortem</strong></span> <span class='ocrx_word' id='word_1_768' title='bbox 3622 3649 3836 3717; x_wconf 83' lang='lat' dir='ltr'><strong>quidem</strong></span> <span class='ocrx_word' id='word_1_769' title='bbox 3866 3664 3975 3718; x_wconf 85' lang='lat' dir='ltr'><strong>op—</strong></span> 
     </span>
    </p>
   </div>
   <div class='ocr_carea' id='block_1_97' title="bbox 2367 3738 3971 3812">
    <p class='ocr_par' dir='ltr' id='par_1_97' title="bbox 2367 3738 3971 3812">
     <span class='ocr_line' id='line_1_97' title="bbox 2367 3738 3971 3812; baseline -0.002 -16"><span class='ocrx_word' id='word_1_770' title='bbox 2367 3744 2576 3812; x_wconf 86' lang='lat' dir='ltr'><strong>petctis,</strong></span> <span class='ocrx_word' id='word_1_771' title='bbox 2612 3751 2668 3795; x_wconf 91' lang='lat' dir='ltr'><strong>ut</strong></span> <span class='ocrx_word' id='word_1_772' title='bbox 2694 3752 2868 3794; x_wconf 90' lang='lat' dir='ltr'><strong>autem</strong></span> <span class='ocrx_word' id='word_1_773' title='bbox 2897 3755 3203 3810; x_wconf 87' lang='lat' dir='ltr'><strong>supremum</strong></span> <span class='ocrx_word' id='word_1_774' title='bbox 3236 3740 3496 3792; x_wconf 89' lang='lat' dir='ltr'><strong>honorem</strong></span> <span class='ocrx_word' id='word_1_775' title='bbox 3526 3738 3831 3799; x_wconf 85' lang='lat' dir='ltr'><strong>obtineatis,</strong></span> <span class='ocrx_word' id='word_1_776' title='bbox 3858 3755 3971 3793; x_wconf 75' lang='lat' dir='ltr'><strong>non</strong></span> 
     </span>
    </p>
   </div>
   <div class='ocr_carea' id='block_1_98' title="bbox 2364 3830 3973 3899">
    <p class='ocr_par' dir='ltr' id='par_1_98' title="bbox 2364 3830 3973 3899">
     <span class='ocr_line' id='line_1_98' title="bbox 2364 3830 3973 3899; baseline -0.004 -9"><span class='ocrx_word' id='word_1_777' title='bbox 2364 3846 2447 3890; x_wconf 87' lang='lat' dir='ltr'><strong>est</strong></span> <span class='ocrx_word' id='word_1_778' title='bbox 2473 3850 2648 3887; x_wconf 88' lang='lat' dir='ltr'><strong>meum</strong></span> <span class='ocrx_word' id='word_1_779' title='bbox 2672 3832 2988 3889; x_wconf 82' lang='lat' dir='ltr'><strong>concedere.</strong></span> <span class='ocrx_word' id='word_1_780' title='bbox 3016 3832 3109 3886; x_wconf 89' lang='lat' dir='ltr'><strong>sed</strong></span> <span class='ocrx_word' id='word_1_781' title='bbox 3138 3832 3331 3899; x_wconf 87' lang='lat' dir='ltr'><strong>quibus</strong></span> <span class='ocrx_word' id='word_1_782' title='bbox 3359 3840 3596 3899; x_wconf 88' lang='lat' dir='ltr'><strong>paratmn</strong></span> <span class='ocrx_word' id='word_1_783' title='bbox 3624 3840 3727 3885; x_wconf 85' lang='lat' dir='ltr'><strong>est.</strong></span> <span class='ocrx_word' id='word_1_784' title='bbox 3752 3830 3819 3883; x_wconf 85' lang='lat' dir='ltr'><strong>Et</strong></span> <span class='ocrx_word' id='word_1_785' title='bbox 3845 3831 3973 3899; x_wconf 82' lang='lat' dir='ltr'><strong>qui-</strong></span> 
     </span>
    </p>
   </div>
   <div class='ocr_carea' id='block_1_99' title="bbox 2369 3922 3970 3992">
    <p class='ocr_par' dir='ltr' id='par_1_99' title="bbox 2369 3922 3970 3992">
     <span class='ocr_line' id='line_1_99' title="bbox 2369 3922 3970 3992; baseline -0.001 -15"><span class='ocrx_word' id='word_1_786' title='bbox 2369 3925 2589 3978; x_wconf 88' lang='lat' dir='ltr'><strong>busnam</strong></span> <span class='ocrx_word' id='word_1_787' title='bbox 2634 3939 2815 3992; x_wconf 66' lang='lat' dir='ltr'><strong>qumso</strong></span> <span class='ocrx_word' id='word_1_788' title='bbox 2858 3932 3098 3991; x_wconf 89' lang='lat' dir='ltr'><strong>paratum</strong></span> <span class='ocrx_word' id='word_1_789' title='bbox 3143 3923 3263 3976; x_wconf 81' lang='lat' dir='ltr'><strong>est?</strong></span> <span class='ocrx_word' id='word_1_790' title='bbox 3308 3922 3615 3985; x_wconf 68' lang='lat' dir='ltr'><strong>Videamus,</strong></span> <span class='ocrx_word' id='word_1_791' title='bbox 3646 3923 3864 3990; x_wconf 88' lang='lat' dir='ltr'><strong>quinam</strong></span> <span class='ocrx_word' id='word_1_792' title='bbox 3894 3923 3970 3975; x_wconf 87' lang='lat' dir='ltr'><strong>illi</strong></span> 
     </span>
    </p>
   </div>
   <div class='ocr_carea' id='block_1_100' title="bbox 2367 4011 3973 4081">
    <p class='ocr_par' dir='ltr' id='par_1_100' title="bbox 2367 4011 3973 4081">
     <span class='ocr_line' id='line_1_100' title="bbox 2367 4011 3973 4081; baseline -0.002 -13"><span class='ocrx_word' id='word_1_793' title='bbox 2367 4017 2474 4069; x_wconf 89' lang='lat' dir='ltr'><strong>sint</strong></span> <span class='ocrx_word' id='word_1_794' title='bbox 2502 4016 2639 4068; x_wconf 86' lang='lat' dir='ltr'><strong>beati</strong></span> <span class='ocrx_word' id='word_1_795' title='bbox 2667 4030 2728 4068; x_wconf 90' lang='lat' dir='ltr'><strong>ac</strong></span> <span class='ocrx_word' id='word_1_796' title='bbox 2762 4023 2848 4066; x_wconf 88' lang='lat' dir='ltr'><strong>ter</strong></span> <span class='ocrx_word' id='word_1_797' title='bbox 2872 4013 3030 4077; x_wconf 86' lang='lat' dir='ltr'><strong>beati,</strong></span> <span class='ocrx_word' id='word_1_798' title='bbox 3056 4015 3250 4081; x_wconf 88' lang='lat' dir='ltr'><strong>quique</strong></span> <span class='ocrx_word' id='word_1_799' title='bbox 3270 4011 3714 4081; x_wconf 86' lang='lat' dir='ltr'><strong>splendidasillas</strong></span> <span class='ocrx_word' id='word_1_800' title='bbox 3738 4026 3973 4066; x_wconf 83' lang='lat' dir='ltr'><strong>eorOnas</strong></span> 
     </span>
    </p>
   </div>
   <div class='ocr_carea' id='block_1_101' title="bbox 2367 4103 3974 4174">
    <p class='ocr_par' dir='ltr' id='par_1_101' title="bbox 2367 4103 3974 4174">
     <span class='ocr_line' id='line_1_101' title="bbox 2367 4103 3974 4174; baseline -0.002 -14"><span class='ocrx_word' id='word_1_801' title='bbox 2367 4114 2784 4174; x_wconf 80' lang='lat' dir='ltr'><strong>consequuntur.</strong></span> <span class='ocrx_word' id='word_1_802' title='bbox 2820 4104 3045 4168; x_wconf 85' lang='lat' dir='ltr'><strong>Quinam</strong></span> <span class='ocrx_word' id='word_1_803' title='bbox 3078 4103 3235 4171; x_wconf 85' lang='lat' dir='ltr'><strong>igitur</strong></span> <span class='ocrx_word' id='word_1_804' title='bbox 3262 4103 3339 4156; x_wconf 90' lang='lat' dir='ltr'><strong>illi</strong></span> <span class='ocrx_word' id='word_1_805' title='bbox 3369 4111 3513 4168; x_wconf 89' lang='lat' dir='ltr'><strong>sunt,</strong></span> <span class='ocrx_word' id='word_1_806' title='bbox 3541 4112 3595 4155; x_wconf 90' lang='lat' dir='ltr'><strong>et</strong></span> <span class='ocrx_word' id='word_1_807' title='bbox 3621 4117 3756 4172; x_wconf 91' lang='lat' dir='ltr'><strong>quas</strong></span> <span class='ocrx_word' id='word_1_808' title='bbox 3781 4103 3851 4155; x_wconf 90' lang='lat' dir='ltr'><strong>ob</strong></span> <span class='ocrx_word' id='word_1_809' title='bbox 3882 4120 3974 4157; x_wconf 89' lang='lat' dir='ltr'><strong>res</strong></span> 
     </span>
    </p>
   </div>
   <div class='ocr_carea' id='block_1_102' title="bbox 2367 4192 3971 4268">
    <p class='ocr_par' dir='ltr' id='par_1_102' title="bbox 2367 4192 3971 4268">
     <span class='ocr_line' id='line_1_102' title="bbox 2367 4192 3971 4268; baseline -0.004 -15"><span class='ocrx_word' id='word_1_810' title='bbox 2367 4208 2543 4268; x_wconf 80' lang='lat' dir='ltr'><strong>gestas</strong></span> <span class='ocrx_word' id='word_1_811' title='bbox 2572 4197 2705 4250; x_wconf 87' lang='lat' dir='ltr'><strong>adeo</strong></span> <span class='ocrx_word' id='word_1_812' title='bbox 2731 4195 3014 4265; x_wconf 84' lang='lat' dir='ltr'><strong>splendide</strong></span> <span class='ocrx_word' id='word_1_813' title='bbox 3049 4193 3413 4247; x_wconf 87' lang='lat' dir='ltr'><strong>coronantur?</strong></span> <span class='ocrx_word' id='word_1_814' title='bbox 3458 4192 3593 4246; x_wconf 78' lang='lat' dir='ltr'><strong>Audi</strong></span> <span class='ocrx_word' id='word_1_815' title='bbox 3621 4194 3747 4262; x_wconf 90' lang='lat' dir='ltr'><strong>quid</strong></span> <span class='ocrx_word' id='word_1_816' title='bbox 3779 4193 3927 4247; x_wconf 87' lang='lat' dir='ltr'><strong>dicat</strong></span> <span class='ocrx_word' id='word_1_817' title='bbox 3958 4211 3971 4246; x_wconf 89' lang='lat'><strong>:</strong></span> 
     </span>
    </p>
   </div>
   <div class='ocr_carea' id='block_1_103' title="bbox 2369 4283 3973 4357">
    <p class='ocr_par' dir='ltr' id='par_1_103' title="bbox 2369 4283 3973 4357">
     <span class='ocr_line' id='line_1_103' title="bbox 2369 4283 3973 4357; baseline -0.004 -13"><span class='ocrx_word' id='word_1_818' title='bbox 2369 4288 2656 4357; x_wconf 87' lang='lat' dir='ltr'><strong>Postquam</strong></span> <span class='ocrx_word' id='word_1_819' title='bbox 2685 4289 2829 4341; x_wconf 89' lang='lat' dir='ltr'><strong>enim</strong></span> <span class='ocrx_word' id='word_1_820' title='bbox 2850 4285 3034 4338; x_wconf 87' lang='lat' dir='ltr'><strong>decem</strong></span> <span class='ocrx_word' id='word_1_821' title='bbox 3065 4284 3319 4354; x_wconf 80' lang='lat' dir='ltr'><strong>indignati</strong></span> <span class='ocrx_word' id='word_1_822' title='bbox 3348 4284 3553 4339; x_wconf 86' lang='lat' dir='ltr'><strong>suntde</strong></span> <span class='ocrx_word' id='word_1_823' title='bbox 3571 4283 3801 4350; x_wconf 80' lang='lat' dir='ltr'><strong>duobus,</strong></span> <span class='ocrx_word' id='word_1_824' title='bbox 3823 4284 3973 4353; x_wconf 84' lang='lat' dir='ltr'><strong>quod</strong></span> 
     </span>
    </p>
   </div>
   <div class='ocr_carea' id='block_1_104' title="bbox 2369 4375 3974 4444">
    <p class='ocr_par' dir='ltr' id='par_1_104' title="bbox 2369 4375 3974 4444">
     <span class='ocr_line' id='line_1_104' title="bbox 2369 4375 3974 4444; baseline -0.003 -9"><span class='ocrx_word' id='word_1_825' title='bbox 2369 4379 2572 4435; x_wconf 85' lang='lat' dir='ltr'><strong>scilicet</strong></span> <span class='ocrx_word' id='word_1_826' title='bbox 2598 4394 2715 4433; x_wconf 91' lang='lat' dir='ltr'><strong>cum</strong></span> <span class='ocrx_word' id='word_1_827' title='bbox 2740 4393 2768 4431; x_wconf 92' lang='lat' dir='ltr'><strong>a</strong></span> <span class='ocrx_word' id='word_1_828' title='bbox 2796 4386 2939 4433; x_wconf 62' lang='lat' dir='ltr'><strong>coetu</strong></span> <span class='ocrx_word' id='word_1_829' title='bbox 2966 4390 3027 4431; x_wconf 88' lang='lat' dir='ltr'><strong>se</strong></span> <span class='ocrx_word' id='word_1_830' title='bbox 3048 4375 3452 4444; x_wconf 81' lang='lat' dir='ltr'><strong>disjunxissent,</strong></span> <span class='ocrx_word' id='word_1_831' title='bbox 3494 4376 3561 4429; x_wconf 91' lang='lat' dir='ltr'><strong>de</strong></span> <span class='ocrx_word' id='word_1_832' title='bbox 3598 4375 3974 4430; x_wconf 85' lang='lat' dir='ltr'><strong>transferendo</strong></span> 
     </span>
    </p>
   </div>
   <div class='ocr_carea' id='block_1_105' title="bbox 2371 4465 3976 4538">
    <p class='ocr_par' dir='ltr' id='par_1_105' title="bbox 2371 4465 3976 4538">
     <span class='ocr_line' id='line_1_105' title="bbox 2371 4465 3976 4538; baseline -0.002 -13"><span class='ocrx_word' id='word_1_833' title='bbox 2371 4473 2422 4525; x_wconf 91' lang='lat' dir='ltr'><strong>in</strong></span> <span class='ocrx_word' id='word_1_834' title='bbox 2451 4486 2509 4526; x_wconf 88' lang='lat' dir='ltr'><strong>se</strong></span> <span class='ocrx_word' id='word_1_835' title='bbox 2539 4484 2791 4538; x_wconf 83' lang='lat' dir='ltr'><strong>supremo</strong></span> <span class='ocrx_word' id='word_1_836' title='bbox 2816 4467 3022 4522; x_wconf 83' lang='lat' dir='ltr'><strong>honore</strong></span> <span class='ocrx_word' id='word_1_837' title='bbox 3048 4465 3430 4531; x_wconf 84' lang='lat' dir='ltr'><strong>deliberarent,</strong></span> <span class='ocrx_word' id='word_1_838' title='bbox 3463 4466 3587 4520; x_wconf 88' lang='lat' dir='ltr'><strong>vide</strong></span> <span class='ocrx_word' id='word_1_839' title='bbox 3617 4465 3889 4536; x_wconf 85' lang='lat' dir='ltr'><strong>quomodo</strong></span> <span class='ocrx_word' id='word_1_840' title='bbox 3920 4476 3976 4520; x_wconf 91' lang='lat' dir='ltr'><strong>et</strong></span> 
     </span>
    </p>
   </div>
   <div class='ocr_carea' id='block_1_106' title="bbox 2372 4559 3973 4632">
    <p class='ocr_par' dir='ltr' id='par_1_106' title="bbox 2372 4559 3973 4632">
     <span class='ocr_line' id='line_1_106' title="bbox 2372 4559 3973 4632; baseline -0.004 -14"><span class='ocrx_word' id='word_1_841' title='bbox 2372 4565 2581 4618; x_wconf 87' lang='lat' dir='ltr'><strong>illorum</strong></span> <span class='ocrx_word' id='word_1_842' title='bbox 2608 4563 2907 4632; x_wconf 87' lang='lat' dir='ltr'><strong>passionem</strong></span> <span class='ocrx_word' id='word_1_843' title='bbox 2938 4560 3191 4630; x_wconf 79' lang='lat' dir='ltr'><strong>corrigat,</strong></span> <span class='ocrx_word' id='word_1_844' title='bbox 3216 4568 3269 4613; x_wconf 88' lang='lat' dir='ltr'><strong>et</strong></span> <span class='ocrx_word' id='word_1_845' title='bbox 3297 4559 3517 4612; x_wconf 77' lang='lat' dir='ltr'><strong>istorum</strong></span> <span class='ocrx_word' id='word_1_846' title='bbox 3550 4576 3563 4611; x_wconf 88' lang='lat'><strong>:</strong></span> <span class='ocrx_word' id='word_1_847' title='bbox 3602 4559 3799 4611; x_wconf 80' lang='lat' dir='ltr'><strong>vocatis</strong></span> <span class='ocrx_word' id='word_1_848' title='bbox 3826 4560 3973 4612; x_wconf 88' lang='lat' dir='ltr'><strong>enim</strong></span> 
     </span>
    </p>
   </div>
   <div class='ocr_carea' id='block_1_107' title="bbox 2373 4650 3973 4724">
    <p class='ocr_par' dir='ltr' id='par_1_107' title="bbox 2373 4650 3973 4724">
     <span class='ocr_line' id='line_1_107' title="bbox 2373 4650 3973 4724; baseline -0.006 -13"><span class='ocrx_word' id='word_1_849' title='bbox 2373 4659 2473 4711; x_wconf 87' lang='lat' dir='ltr'><strong>illis</strong></span> <span class='ocrx_word' id='word_1_850' title='bbox 2508 4656 2575 4711; x_wconf 87' lang='lat' dir='ltr'><strong>ad</strong></span> <span class='ocrx_word' id='word_1_851' title='bbox 2604 4672 2660 4710; x_wconf 87' lang='lat' dir='ltr'><strong>se</strong></span> <span class='ocrx_word' id='word_1_852' title='bbox 2700 4656 2778 4708; x_wconf 87' lang='lat' dir='ltr'><strong>sic</strong></span> <span class='ocrx_word' id='word_1_853' title='bbox 2809 4656 2883 4709; x_wconf 83' lang='lat' dir='ltr'><strong>ait</strong></span> <span class='ocrx_word' id='word_1_854' title='bbox 2918 4673 2930 4705; x_wconf 87' lang='lat'><strong>:</strong></span> <span class='ocrx_word' id='word_1_855' title='bbox 2967 4652 3237 4724; x_wconf 83' lang='lat' dir='ltr'><strong>Principes</strong></span> <span class='ocrx_word' id='word_1_856' title='bbox 3264 4652 3487 4722; x_wconf 84' lang='lat' dir='ltr'><strong>gentium</strong></span> <span class='ocrx_word' id='word_1_857' title='bbox 3516 4650 3843 4703; x_wconf 83' lang='lat' dir='ltr'><strong>dominantur</strong></span> <span class='ocrx_word' id='word_1_858' title='bbox 3881 4665 3973 4703; x_wconf 82' lang='lat' dir='ltr'><strong>eo-</strong></span> 
     </span>
    </p>
   </div>
   <div class='ocr_carea' id='block_1_108' title="bbox 2370 4740 3975 4816">
    <p class='ocr_par' dir='ltr' id='par_1_108' title="bbox 2370 4740 3975 4816">
     <span class='ocr_line' id='line_1_108' title="bbox 2370 4740 3975 4816; baseline -0.004 -16"><span class='ocrx_word' id='word_1_859' title='bbox 2370 4766 2505 4814; x_wconf 87' lang='lat' dir='ltr'><strong>rum,</strong></span> <span class='ocrx_word' id='word_1_860' title='bbox 2557 4758 2603 4800; x_wconf 87' lang='lat' dir='ltr'><strong>et</strong></span> <span class='ocrx_word' id='word_1_861' title='bbox 2652 4747 2737 4812; x_wconf 87' lang='lat' dir='ltr'><strong>qui</strong></span> <span class='ocrx_word' id='word_1_862' title='bbox 2781 4745 2951 4816; x_wconf 83' lang='lat' dir='ltr'><strong>magni</strong></span> <span class='ocrx_word' id='word_1_863' title='bbox 2979 4753 3113 4807; x_wconf 84' lang='lat' dir='ltr'><strong>sunt,</strong></span> <span class='ocrx_word' id='word_1_864' title='bbox 3169 4752 3462 4813; x_wconf 84' lang='lat' dir='ltr'><strong>potestatem</strong></span> <span class='ocrx_word' id='word_1_865' title='bbox 3492 4750 3721 4793; x_wconf 72' lang='lat' dir='ltr'><strong>exercent</strong></span> <span class='ocrx_word' id='word_1_866' title='bbox 3750 4740 3803 4792; x_wconf 83' lang='lat' dir='ltr'><strong>in</strong></span> <span class='ocrx_word' id='word_1_867' title='bbox 3840 4757 3927 4792; x_wconf 85' lang='lat' dir='ltr'><strong>eos</strong></span> <span class='ocrx_word' id='word_1_868' title='bbox 3956 4758 3975 4793; x_wconf 78' lang='lat'><strong>.&#39;</strong></span> 
     </span>
    </p>
   </div>
   <div class='ocr_carea' id='block_1_109' title="bbox 2371 4832 3975 4910">
    <p class='ocr_par' dir='ltr' id='par_1_109' title="bbox 2371 4832 3975 4910">
     <span class='ocr_line' id='line_1_109' title="bbox 2371 4832 3975 4910; baseline -0.006 -16"><span class='ocrx_word' id='word_1_869' title='bbox 2371 4841 2509 4910; x_wconf 73' lang='lat' dir='ltr'><strong>apud</strong></span> <span class='ocrx_word' id='word_1_870' title='bbox 2530 4856 2614 4894; x_wconf 84' lang='lat' dir='ltr'><strong>vos</strong></span> <span class='ocrx_word' id='word_1_871' title='bbox 2640 4848 2805 4892; x_wconf 85' lang='lat' dir='ltr'><strong>autem</strong></span> <span class='ocrx_word' id='word_1_872' title='bbox 2828 4853 2928 4891; x_wconf 87' lang='lat' dir='ltr'><strong>non</strong></span> <span class='ocrx_word' id='word_1_873' title='bbox 2959 4840 3029 4889; x_wconf 85' lang='lat' dir='ltr'><strong>ita</strong></span> <span class='ocrx_word' id='word_1_874' title='bbox 3054 4832 3145 4889; x_wconf 78' lang='lat' dir='ltr'><strong>erit</strong></span> <span class='ocrx_word' id='word_1_875' title='bbox 3168 4835 3290 4899; x_wconf 81' lang='lat' dir='ltr'><strong>;sed</strong></span> <span class='ocrx_word' id='word_1_876' title='bbox 3307 4835 3605 4902; x_wconf 82' lang='lat' dir='ltr'><strong>quicumque</strong></span> <span class='ocrx_word' id='word_1_877' title='bbox 3621 4832 3975 4885; x_wconf 76' lang='lat' dir='ltr'><strong>volueritintcr</strong></span> 
     </span>
    </p>
   </div>
   <div class='ocr_carea' id='block_1_110' title="bbox 2370 4921 3972 5000">
    <p class='ocr_par' dir='ltr' id='par_1_110' title="bbox 2370 4921 3972 5000">
     <span class='ocr_line' id='line_1_110' title="bbox 2370 4921 3972 5000; baseline -0.007 -16"><span class='ocrx_word' id='word_1_878' title='bbox 2370 4947 2455 4984; x_wconf 85' lang='lat' dir='ltr'><strong>vos</strong></span> <span class='ocrx_word' id='word_1_879' title='bbox 2487 4932 2679 5000; x_wconf 76' lang='lat' dir='ltr'><strong>primus</strong></span> <span class='ocrx_word' id='word_1_880' title='bbox 2705 4944 2826 4992; x_wconf 85' lang='lat' dir='ltr'><strong>csse,</strong></span> <span class='ocrx_word' id='word_1_881' title='bbox 2850 4928 2937 4995; x_wconf 82' lang='lat' dir='ltr'><strong>ﬁat</strong></span> <span class='ocrx_word' id='word_1_882' title='bbox 2952 4925 3175 4979; x_wconf 85' lang='lat' dir='ltr'><strong>omnium</strong></span> <span class='ocrx_word' id='word_1_883' title='bbox 3193 4923 3397 4977; x_wconf 86' lang='lat' dir='ltr'><strong>ultimus</strong></span> <span class='ocrx_word' id='word_1_884' title='bbox 3424 4921 3610 4993; x_wconf 78' lang='lat' dir='ltr'><strong>(.llarc.</strong></span> <span class='ocrx_word' id='word_1_885' title='bbox 3633 4922 3717 4975; x_wconf 81' lang='grc'><strong>10.</strong></span> <span class='ocrx_word' id='word_1_886' title='bbox 3741 4922 3833 4974; x_wconf 66' lang='grc'><strong>42.</strong></span> <span class='ocrx_word' id='word_1_887' title='bbox 3852 4924 3972 4990; x_wconf 67' lang='grc'><strong>45).</strong></span> 
     </span>
    </p>
   </div>
   <div class='ocr_carea' id='block_1_111' title="bbox 2374 5004 3973 5089">
    <p class='ocr_par' dir='ltr' id='par_1_111' title="bbox 2374 5004 3973 5089">
     <span class='ocr_line' id='line_1_111' title="bbox 2374 5004 3973 5089; baseline -0.008 -14"><span class='ocrx_word' id='word_1_888' title='bbox 2374 5020 2641 5089; x_wconf 79' lang='lat' dir='ltr'><strong>f’erspicis</strong></span> <span class='ocrx_word' id='word_1_889' title='bbox 2675 5022 2774 5071; x_wconf 86' lang='lat' dir='ltr'><strong>hoc</strong></span> <span class='ocrx_word' id='word_1_890' title='bbox 2800 5004 2917 5071; x_wconf 81' lang='lat' dir='ltr'><strong>illOs</strong></span> <span class='ocrx_word' id='word_1_891' title='bbox 2948 5018 3201 5081; x_wconf 70' lang='lat' dir='ltr'><strong>voluisse,</strong></span> <span class='ocrx_word' id='word_1_892' title='bbox 3234 5024 3289 5068; x_wconf 91' lang='grc' dir='ltr'><strong>ιιι</strong></span> <span class='ocrx_word' id='word_1_893' title='bbox 3318 5014 3497 5085; x_wconf 88' lang='lat' dir='ltr'><strong>primi,</strong></span> <span class='ocrx_word' id='word_1_894' title='bbox 3524 5013 3754 5082; x_wconf 89' lang='lat' dir='ltr'><strong>majores</strong></span> <span class='ocrx_word' id='word_1_895' title='bbox 3791 5022 3843 5065; x_wconf 88' lang='lat' dir='ltr'><strong>et</strong></span> <span class='ocrx_word' id='word_1_896' title='bbox 3876 5027 3973 5065; x_wconf 87' lang='lat' dir='ltr'><strong>su-</strong></span> 
     </span>
    </p>
   </div>
   <div class='ocr_carea' id='block_1_112' title="bbox 2375 5104 3974 5180">
    <p class='ocr_par' dir='ltr' id='par_1_112' title="bbox 2375 5104 3974 5180">
     <span class='ocr_line' id='line_1_112' title="bbox 2375 5104 3974 5180; baseline -0.006 -16"><span class='ocrx_word' id='word_1_897' title='bbox 2375 5113 2612 5180; x_wconf 83' lang='lat' dir='ltr'><strong>periores</strong></span> <span class='ocrx_word' id='word_1_898' title='bbox 2640 5109 2947 5175; x_wconf 78' lang='lat' dir='ltr'><strong>evaderent,</strong></span> <span class='ocrx_word' id='word_1_899' title='bbox 2979 5116 3137 5176; x_wconf 88' lang='lat' dir='ltr'><strong>atque</strong></span> <span class='ocrx_word' id='word_1_900' title='bbox 3162 5115 3218 5158; x_wconf 93' lang='lat' dir='ltr'><strong>ut</strong></span> <span class='ocrx_word' id='word_1_901' title='bbox 3247 5105 3317 5158; x_wconf 89' lang='lat' dir='ltr'><strong>ita</strong></span> <span class='ocrx_word' id='word_1_902' title='bbox 3347 5104 3520 5157; x_wconf 88' lang='lat' dir='ltr'><strong>dicam</strong></span> <span class='ocrx_word' id='word_1_903' title='bbox 3553 5104 3793 5171; x_wconf 88' lang='lat' dir='ltr'><strong>ipsorum</strong></span> <span class='ocrx_word' id='word_1_904' title='bbox 3827 5104 3974 5170; x_wconf 86' lang='lat' dir='ltr'><strong>prin-</strong></span> 
     </span>
    </p>
   </div>
   <div class='ocr_carea' id='block_1_113' title="bbox 2373 5195 3975 5271">
    <p class='ocr_par' dir='ltr' id='par_1_113' title="bbox 2373 5195 3975 5271">
     <span class='ocr_line' id='line_1_113' title="bbox 2373 5195 3975 5271; baseline -0.006 -15"><span class='ocrx_word' id='word_1_905' title='bbox 2373 5201 2560 5271; x_wconf 80' lang='lat' dir='ltr'><strong>eipes?</strong></span> <span class='ocrx_word' id='word_1_906' title='bbox 2588 5202 2870 5268; x_wconf 79' lang='lat' dir='ltr'><strong>Propterea</strong></span> <span class='ocrx_word' id='word_1_907' title='bbox 2900 5214 3091 5267; x_wconf 85' lang='lat' dir='ltr'><strong>nempe</strong></span> <span class='ocrx_word' id='word_1_908' title='bbox 3118 5198 3373 5250; x_wconf 72' lang='lat' dir='ltr'><strong>adversus</strong></span> <span class='ocrx_word' id='word_1_909' title='bbox 3405 5195 3506 5249; x_wconf 90' lang='lat' dir='ltr'><strong>hoc</strong></span> <span class='ocrx_word' id='word_1_910' title='bbox 3534 5195 3786 5248; x_wconf 88' lang='lat' dir='ltr'><strong>insistens</strong></span> <span class='ocrx_word' id='word_1_911' title='bbox 3808 5205 3861 5246; x_wconf 83' lang='lat' dir='ltr'><strong>et</strong></span> <span class='ocrx_word' id='word_1_912' title='bbox 3883 5210 3975 5247; x_wconf 86' lang='lat' dir='ltr'><strong>eo-</strong></span> 
     </span>
    </p>
   </div>
   <div class='ocr_carea' id='block_1_114' title="bbox 2375 5284 3975 5357">
    <p class='ocr_par' dir='ltr' id='par_1_114' title="bbox 2375 5284 3975 5357">
     <span class='ocr_line' id='line_1_114' title="bbox 2375 5284 3975 5357; baseline -0.007 -12"><span class='ocrx_word' id='word_1_913' title='bbox 2375 5308 2491 5345; x_wconf 91' lang='lat' dir='ltr'><strong>rum</strong></span> <span class='ocrx_word' id='word_1_914' title='bbox 2526 5307 2723 5345; x_wconf 87' lang='lat' dir='ltr'><strong>arcana</strong></span> <span class='ocrx_word' id='word_1_915' title='bbox 2765 5291 2817 5343; x_wconf 90' lang='lat' dir='ltr'><strong>in</strong></span> <span class='ocrx_word' id='word_1_916' title='bbox 2862 5292 3093 5343; x_wconf 83' lang='lat' dir='ltr'><strong>medium</strong></span> <span class='ocrx_word' id='word_1_917' title='bbox 3125 5287 3401 5357; x_wconf 86' lang='lat' dir='ltr'><strong>proferens</strong></span> <span class='ocrx_word' id='word_1_918' title='bbox 3431 5287 3596 5350; x_wconf 84' lang='lat' dir='ltr'><strong>dixit,</strong></span> <span class='ocrx_word' id='word_1_919' title='bbox 3632 5285 3733 5348; x_wconf 80' lang='lat' dir='ltr'><strong>Qui</strong></span> <span class='ocrx_word' id='word_1_920' title='bbox 3760 5284 3975 5337; x_wconf 80' lang='lat' dir='ltr'><strong>volneri:</strong></span> 
     </span>
    </p>
   </div>
   <div class='ocr_carea' id='block_1_115' title="bbox 2374 5376 3971 5452">
    <p class='ocr_par' dir='ltr' id='par_1_115' title="bbox 2374 5376 3971 5452">
     <span class='ocr_line' id='line_1_115' title="bbox 2374 5376 3971 5452; baseline -0.004 -17"><span class='ocrx_word' id='word_1_921' title='bbox 2374 5386 2504 5438; x_wconf 85' lang='lat' dir='ltr'><strong>inter</strong></span> <span class='ocrx_word' id='word_1_922' title='bbox 2534 5401 2619 5436; x_wconf 86' lang='lat' dir='ltr'><strong>vos</strong></span> <span class='ocrx_word' id='word_1_923' title='bbox 2649 5387 2841 5452; x_wconf 83' lang='lat' dir='ltr'><strong>primus</strong></span> <span class='ocrx_word' id='word_1_924' title='bbox 2869 5399 2994 5445; x_wconf 82' lang='lat' dir='ltr'><strong>esse,</strong></span> <span class='ocrx_word' id='word_1_925' title='bbox 3027 5383 3091 5436; x_wconf 85' lang='lat' dir='ltr'><strong>sit</strong></span> <span class='ocrx_word' id='word_1_926' title='bbox 3126 5381 3349 5433; x_wconf 84' lang='lat' dir='ltr'><strong>omnium</strong></span> <span class='ocrx_word' id='word_1_927' title='bbox 3375 5380 3601 5431; x_wconf 87' lang='lat' dir='ltr'><strong>minister</strong></span> <span class='ocrx_word' id='word_1_928' title='bbox 3627 5376 3732 5448; x_wconf 90' lang='lat' dir='ltr'><strong>(Ib.</strong></span> <span class='ocrx_word' id='word_1_929' title='bbox 3765 5392 3811 5430; x_wconf 86' lang='grc' dir='ltr'><strong>υ.</strong></span> <span class='ocrx_word' id='word_1_930' title='bbox 3858 5377 3971 5446; x_wconf 59' lang='lat' dir='ltr'><strong>Li).</strong></span> 
     </span>
    </p>
   </div>
   <div class='ocr_carea' id='block_1_116' title="bbox 2375 5470 3972 5544">
    <p class='ocr_par' dir='ltr' id='par_1_116' title="bbox 2375 5470 3972 5544">
     <span class='ocr_line' id='line_1_116' title="bbox 2375 5470 3972 5544; baseline -0.007 -15"><span class='ocrx_word' id='word_1_931' title='bbox 2375 5475 2429 5529; x_wconf 91' lang='lat' dir='ltr'><strong>Si</strong></span> <span class='ocrx_word' id='word_1_932' title='bbox 2464 5475 2689 5544; x_wconf 87' lang='lat' dir='ltr'><strong>primum</strong></span> <span class='ocrx_word' id='word_1_933' title='bbox 2732 5489 3045 5527; x_wconf 89' lang='lat' dir='ltr'><strong>consessum</strong></span> <span class='ocrx_word' id='word_1_934' title='bbox 3090 5473 3357 5539; x_wconf 80' lang='lat' dir='ltr'><strong>appetitis,</strong></span> <span class='ocrx_word' id='word_1_935' title='bbox 3408 5470 3597 5539; x_wconf 91' lang='lat' dir='ltr'><strong>inquit,</strong></span> <span class='ocrx_word' id='word_1_936' title='bbox 3628 5477 3679 5520; x_wconf 85' lang='lat' dir='ltr'><strong>et</strong></span> <span class='ocrx_word' id='word_1_937' title='bbox 3704 5482 3972 5521; x_wconf 88' lang='lat' dir='ltr'><strong>summum</strong></span> 
     </span>
    </p>
   </div>
   <div class='ocr_carea' id='block_1_117' title="bbox 2374 5561 3968 5635">
    <p class='ocr_par' dir='ltr' id='par_1_117' title="bbox 2374 5561 3968 5635">
     <span class='ocr_line' id='line_1_117' title="bbox 2374 5561 3968 5635; baseline -0.008 -12"><span class='ocrx_word' id='word_1_938' title='bbox 2374 5570 2657 5634; x_wconf 87' lang='lat' dir='ltr'><strong>honorem,</strong></span> <span class='ocrx_word' id='word_1_939' title='bbox 2682 5569 2925 5621; x_wconf 91' lang='lat' dir='ltr'><strong>ultimum</strong></span> <span class='ocrx_word' id='word_1_940' title='bbox 2947 5565 3325 5635; x_wconf 88' lang='lat' dir='ltr'><strong>persequimini</strong></span> <span class='ocrx_word' id='word_1_941' title='bbox 3356 5564 3554 5627; x_wconf 90' lang='lat' dir='ltr'><strong>locum,</strong></span> <span class='ocrx_word' id='word_1_942' title='bbox 3576 5569 3631 5614; x_wconf 90' lang='lat' dir='ltr'><strong>et</strong></span> <span class='ocrx_word' id='word_1_943' title='bbox 3654 5568 3712 5613; x_wconf 90' lang='lat' dir='ltr'><strong>ut</strong></span> <span class='ocrx_word' id='word_1_944' title='bbox 3732 5561 3968 5612; x_wconf 77' lang='lat' dir='ltr'><strong>omnium</strong></span> 
     </span>
    </p>
   </div>
   <div class='ocr_carea' id='block_1_118' title="bbox 2374 5650 3967 5727">
    <p class='ocr_par' dir='ltr' id='par_1_118' title="bbox 2374 5650 3967 5727">
     <span class='ocr_line' id='line_1_118' title="bbox 2374 5650 3967 5727; baseline -0.009 -12"><span class='ocrx_word' id='word_1_945' title='bbox 2374 5662 2490 5715; x_wconf 89' lang='lat' dir='ltr'><strong>sitis</strong></span> <span class='ocrx_word' id='word_1_946' title='bbox 2534 5661 2811 5727; x_wconf 86' lang='lat' dir='ltr'><strong>vilissimi,</strong></span> <span class='ocrx_word' id='word_1_947' title='bbox 2841 5660 3078 5712; x_wconf 91' lang='lat' dir='ltr'><strong>omnium</strong></span> <span class='ocrx_word' id='word_1_948' title='bbox 3112 5655 3424 5719; x_wconf 87' lang='lat' dir='ltr'><strong>humillimi,</strong></span> <span class='ocrx_word' id='word_1_949' title='bbox 3454 5652 3695 5707; x_wconf 87' lang='lat' dir='ltr'><strong>omnium</strong></span> <span class='ocrx_word' id='word_1_950' title='bbox 3731 5650 3967 5713; x_wconf 88' lang='lat' dir='ltr'><strong>minimi,</strong></span> 
     </span>
    </p>
   </div>
   <div class='ocr_carea' id='block_1_119' title="bbox 2375 5740 3977 5821">
    <p class='ocr_par' dir='ltr' id='par_1_119' title="bbox 2375 5740 3977 5821">
     <span class='ocr_line' id='line_1_119' title="bbox 2375 5740 3977 5821; baseline -0.01 -14"><span class='ocrx_word' id='word_1_951' title='bbox 2375 5768 2577 5821; x_wconf 87' lang='lat' dir='ltr'><strong>vosque</strong></span> <span class='ocrx_word' id='word_1_952' title='bbox 2601 5751 2839 5805; x_wconf 88' lang='lat' dir='ltr'><strong>omnium</strong></span> <span class='ocrx_word' id='word_1_953' title='bbox 2878 5760 3177 5819; x_wconf 87' lang='lat' dir='ltr'><strong>postremos</strong></span> <span class='ocrx_word' id='word_1_954' title='bbox 3203 5745 3478 5801; x_wconf 86' lang='lat' dir='ltr'><strong>collocetis</strong></span> <span class='ocrx_word' id='word_1_955' title='bbox 3512 5760 3523 5795; x_wconf 85' lang='lat'><strong>:</strong></span> <span class='ocrx_word' id='word_1_956' title='bbox 3560 5743 3676 5797; x_wconf 68' lang='lat' dir='ltr'><strong>hate</strong></span> <span class='ocrx_word' id='word_1_957' title='bbox 3698 5741 3839 5795; x_wconf 84' lang='lat' dir='ltr'><strong>enim</strong></span> <span class='ocrx_word' id='word_1_958' title='bbox 3868 5740 3977 5793; x_wconf 83' lang='lat' dir='ltr'><strong>vir-</strong></span> 
     </span>
    </p>
   </div>
   <div class='ocr_carea' id='block_1_120' title="bbox 2378 5836 3968 5913">
    <p class='ocr_par' dir='ltr' id='par_1_120' title="bbox 2378 5836 3968 5913">
     <span class='ocr_line' id='line_1_120' title="bbox 2378 5836 3968 5913; baseline -0.008 -14"><span class='ocrx_word' id='word_1_959' title='bbox 2378 5854 2462 5900; x_wconf 90' lang='lat' dir='ltr'><strong>tus</strong></span> <span class='ocrx_word' id='word_1_960' title='bbox 2488 5846 2746 5901; x_wconf 88' lang='lat' dir='ltr'><strong>honorem</strong></span> <span class='ocrx_word' id='word_1_961' title='bbox 2776 5844 2921 5898; x_wconf 92' lang='lat' dir='ltr'><strong>illum</strong></span> <span class='ocrx_word' id='word_1_962' title='bbox 2952 5842 3192 5913; x_wconf 71' lang='lat' dir='ltr'><strong>largitur,</strong></span> <span class='ocrx_word' id='word_1_963' title='bbox 3224 5855 3398 5910; x_wconf 88' lang='lat' dir='ltr'><strong>neque</strong></span> <span class='ocrx_word' id='word_1_964' title='bbox 3426 5838 3583 5909; x_wconf 75' lang='lat' dir='ltr'><strong>longe</strong></span> <span class='ocrx_word' id='word_1_965' title='bbox 3609 5836 3760 5890; x_wconf 67' lang='lat' dir='ltr'><strong>abest</strong></span> <span class='ocrx_word' id='word_1_966' title='bbox 3786 5846 3968 5887; x_wconf 76' lang='lat' dir='ltr'><strong>exem-</strong></span> 
     </span>
    </p>
   </div>
  </div>
