4186 6326
9 54 559 239 μιν*

215 389 333 445 ΤΠ

219 530 405 599 plum,
428 518 575 592 quod
598 528 653 573 et
679 515 902 571 multum
932 513 1159 569 excedit.
1190 508 1307 564 Non
1332 510 1463 563 enim
1488 508 1620 561 venit
1648 502 1813 558 Filius

224 597 473 677 hominis,
492 620 547 665 ut
577 611 946 665 ministrentur
973 606 1037 670 ei,
1070 604 1157 659 sed
1184 614 1239 657 ut
1254 602 1581 664 ministraret,
1605 606 1649 651 et
1671 597 1813 651 daret

220 704 457 759 animam
469 719 635 767 suam,
657 698 1047 768 redemptionem
1068 712 1158 766 pro
1181 693 1349 746 multis
1374 690 1563 763 (Marc.
1588 688 1676 744 l0.
1695 689 1813 756 45).

221 795 307 852 Ut
347 792 653 861 intelligatis
692 790 831 844 istud
860 803 978 842 esse
1019 785 1160 856 quod
1204 785 1376 838 claros
1411 780 1585 835 reddit
1613 788 1668 835 et
1694 779 1816 832 illu-

219 896 275 942 st
287 901 392 949 res,
417 883 613 948 videte,
637 882 825 953 inquit,
851 878 1117 950 quomodo
1144 892 1231 931 res
1261 875 1389 929 mihi
1417 875 1775 928 successerint
1798 912 1812 933 ,

216 976 325 1045 qui
346 990 517 1043 neque
539 975 765 1039 honore,
792 986 963 1040 neque
990 968 1157 1038 gloria
1185 966 1397 1036 indigeo
1424 984 1441 1019 :
1472 964 1816 1019 nihilominus

219 1076 413 1120 tamen
433 1064 534 1118 hac
558 1064 766 1118 ratione
791 1060 928 1114 bona
952 1059 1231 1113 innumera
1254 1064 1378 1112 sunt
1404 1071 1431 1107 a
1456 1069 1541 1108 me
1561 1052 1813 1123 perfecta.

220 1159 533 1225 Antequam
558 1154 701 1208 enim
723 1166 937 1208 carnem
965 1149 1338 1217 assumpsisset
1362 1145 1471 1209 ille,
1494 1160 1556 1199 ac
1569 1159 1630 1199 se
1646 1144 1815 1212 ipsum

221 1247 541 1318 abjecisset,
583 1243 856 1313 perierant
891 1240 1070 1296 omnia
1094 1278 1111 1305 ,
1153 1247 1207 1292 et
1244 1237 1311 1291 de
1352 1234 1600 1289 omnibus
1641 1243 1816 1287 actum

222 1346 353 1395 erat
380 1356 393 1389 :
424 1345 703 1407 postquam
733 1342 911 1387 autem
936 1332 1172 1401 seipsum
1199 1328 1413 1396 dejecit,
1443 1340 1631 1380 omnes
1661 1325 1712 1377 in
1738 1324 1819 1378 al-

224 1440 349 1482 tum
380 1428 589 1491 evexit,
636 1424 977 1479 maledictum
1007 1423 1241 1487 delevit,
1277 1430 1503 1473 mortem
1528 1417 1817 1483 exstinxit,

226 1520 539 1589 paradisum
562 1516 1100 1585 aperuit,'pe¢catum
1131 1520 1401 1565 mortuum
1435 1504 1687 1573 reddidit.
1716 1520 1823 1561 e1:-

223 1611 409 1665 lorum
438 1608 669 1663 fornices
696 1604 976 1673 reseravit,
1008 1600 1273 1673 primitias
1300 1611 1513 1655 nostras
1540 1598 1595 1652 in
1629 1614 1818 1652 crtum

225 1700 471 1765 sustulit,
501 1700 686 1752 orbem
714 1706 974 1751 terrarum
1001 1693 1198 1763 pietate
1230 1692 1551 1761 complevit,
1582 1702 1820 1744 errorem

226 1793 434 1862 abegit,
461 1792 742 1844 veritatem
782 1786 1013 1851 reduxit,
1062 1784 1326 1855 primitias
1366 1790 1575 1836 nostras
1616 1780 1820 1849 regium

226 1885 289 1938 in
322 1886 572 1938 thronum
600 1879 839 1935 subvexit
860 1920 878 1945 ,
915 1878 1193 1931 innumera
1225 1874 1362 1928 bona
1390 1873 1671 1942 praestitit:
1704 1886 1821 1938 quae

229 1992 413 2046 neque
439 1990 560 2044 ego,
590 1988 762 2042 neque
787 1970 1044 2026 mortales
1088 1982 1274 2021 omnes
1317 1975 1539 2036 possent
1580 1964 1822 2018 oratione

226 2064 539 2135 cctnplecti.
581 2065 656 2117 Ae
686 2062 829 2131 prius
858 2060 1107 2129 quidem,
1146 2072 1302 2127 quam
1344 2072 1403 2111 se
1450 2054 1818 2117 humiliasset,

228 2155 414 2223 angeli
439 2163 642 2207 tantum
667 2152 835 2220 ipsum
856 2159 1114 2203 noverant
1140 2166 1156 2202 :
1185 2154 1468 2218 postquam
1507 2152 1685 2198 autem
1730 2158 1820 2197 so-

228 2246 410 2315 ipsum
438 2244 756 2309 humiliavit,
784 2242 958 2295 omnis
979 2256 1099 2294 eum
1130 2248 1317 2293 natura
1338 2233 1548 2305 agnovit
1567 2228 1816 2287 humana.

230 2336 399 2390 Vides
427 2350 533 2404 quo
565 2343 722 2403 pacto
751 2332 891 2401 quod
927 2346 987 2387 se
1018 2327 1402 2391 humiliaverit,
1450 2324 1618 2381 nihilo
1648 2323 1822 2377 minor

225 2427 303 2482 sit
325 2427 585 2492 redditus,
616 2425 709 2479 sed
747 2425 1023 2478 innumera
1046 2422 1167 2477 inde
1186 2422 1351 2483 lucra,
1381 2421 1654 2473 innumera
1678 2426 1821 2471 recte

227 2518 368 2572 facta
403 2517 794 2587 promanarint,
826 2514 1047 2584 ejusque
1072 2511 1238 2585 gloria
1263 2510 1456 2565 clarius
1484 2508 1683 2563 idcirco
1708 2506 1816 2561 elu-

1264 381 1350 438 οε.
1374 372 1654 434 CHRISTI
1683 364 2039 424 PRECIBUS.
2081 385 2135 395 -ν
2158 354 2501 411 MONITUM.
2596 404 2599 405 ,

3406 358 3505 413 ’ΠΩ

1924 482 2076 537 xerit.
2107 485 2256 551 Quod
2284 485 2411 538 siin
2444 483 2572 545 Deo,
2604 480 2695 551 qui
2723 478 2874 535 bonis
2904 477 3153 533 omnibus
3178 473 3368 538 afﬂuit,
3400 487 3497 526 nec

1923 574 2025 629 ulla
2053 590 2113 629 re
2141 574 2363 645 indiget,
2393 573 2534 643 quod
2565 574 2796 642 seipsum
2822 565 3194 632 humiliaverit,
3225 573 3428 618 tantum
3456 564 3504 616 id

1920 667 2047 721 boni
2078 666 2305 737 peperit,
2340 666 2623 733 pluresque
2677 661 2903 715 famulus
2944 659 3018 714 illi
3062 654 3399 718 conciliavit,
3445 666 3507 706 ac

1924 770 2143 827 regnum
2173 754 2435 815 dilatavit,
2464 753 2593 822 quid
2624 763 2678 805 tu
2708 750 2943 813 verer-is,
2974 763 3043 803 ne
3069 762 3191 803 cum
3237 756 3287 799 te
3328 743 3509 798 humi.

1921 848 2156 913 liaveris,
2170 848 2350 901 minor
2366 846 2499 901 fias?
2529 845 2663 898 Tum
2686 842 2963 898 sublimior
2975 840 3243 905 eris,.tum
3262 850 3509 905 magnus,

1926 949 2038 995 tum
2059 940 2260 1005 clarus,
2292 946 2401 991 tum
2432 936 2655 989 illustris
2674 975 2689 1000 ,
2715 949 2836 988 cum
2870 932 3096 1000 teipsum
3128 926 3473 983 llueciicceris
3497 965 3511 985 ,

1923 1048 2045 1089 cum
2092 1032 2294 1102 primas
2336 1036 2513 1097 partes
2553 1042 2658 1080 non
2702 1022 3055 1095 appetiveris,
3098 1019 3193 1074 sed
3230 1018 3510 1072 inferiores

1925 1130 2084 1194 ferre,
2119 1137 2170 1180 et
2194 1124 2362 1179 occidi
2390 1164 2403 1188 ,
2447 1131 2502 1175 et
2543 1121 2594 1172 in
2644 1117 2897 1186 periculis
2946 1111 3182 1173 versari,
3228 1116 3513 1162 contentus
3574 1158 3575 1161 η

1926 1222 2113 1286 fueris,
2145 1234 2266 1279 cum
2298 1213 2656 1271 ministerium
2699 1209 2967 1281 plurisque
2992 1244 3009 1271 ,
3050 1200 3365 1269 obsequium
3386 1239 3399 1261 ,
3457 1208 3512 1249 et

1924 1330 2105 1370 curam
2158 1310 2425 1366 studueris
2469 1306 2757 1368 exhibere,
2822 1309 2977 1367 atque
3020 1295 3177 1362 hujus
3226 1291 3305 1345 rei
3349 1303 3508 1343 causa

1926 1407 2136 1477 quidvis
2163 1419 2320 1474 agere
2346 1401 2559 1471 patique
2586 1405 2801 1467 paratus
2831 1390 3015 1446 fueris.
3051 1386 3144 1442 llis
3176 1386 3335 1453 igitur
3379 1398 3511 1435 con-

1922 1472 2217 1561 .sldzratis,
2252 1490 2617 1553 dilecti-simi,
2664 1483 3013 1539 humilitatem
3076 1488 3287 1531 summo
3335 1472 3511 1527 studio

1927 1600 2220 1654 seo'eniur,
2245 1594 2303 1643 et
2330 1596 2455 1640 cum
2482 1579 2656 1635 aiiecti
2688 1573 3010 1631 contumelia
3056 1569 3315 1624 fuerimus
3336 1609 3349 1631 ,
3390 1581 3511 1619 cum

1929 1680 2188 1748 despecti,
2214 1693 2335 1731 cum
2358 1684 2596 1729 extrema
2618 1676 2809 1723 cuneta
2835 1663 3096 1735 perpessi,
3118 1674 3240 1714 cum
3264 1656 3511 1727 neglecti,

1928 1789 1990 1827 ac
2022 1770 2253 1826 ludibrio
2277 1767 2465 1831 habiti,
2510 1779 2630 1817 cum
2662 1762 2933 1826 voluptate
2974 1752 3337 1825 perferamus,
3383 1748 3512 1802 nihil

1930 1866 2073 1919 enim
2103 1864 2182 1917 sic
2216 1861 2267 1913 in
2297 1859 2461 1911 altum
2487 1855 2701 1917 tollere,
2733 1850 2957 1919 gloriam
2978 1855 3032 1902 et
3054 1845 3311 1899 honorem
3334 1843 3513 1896 conci-

1932 1957 2087 2021 liare,
2121 1963 2280 2021 atque
2306 1948 2521 2004 efﬁcere
2543 1955 2603 1999 ut
2634 1955 2858 2012 magnus
2881 1939 3117 2003 videare,
3143 1932 3441 1998 consuevit,
3458 1944 3516 1986 ut

1932 2050 2099 2102 virtus
2140 2042 2475 2099 humilitatis.
2519 2037 2683 2105 Cujus
2729 2034 2883 2088 nobis
2932 2030 3189 2086 eximium
3242 2026 3514 2093 specimen

1927 2136 2305 2196 exhibeutibus
2334 2132 2593 2201 promissa
2616 2124 2874 2194 consequi
2906 2122 3044 2177 bona
3080 2118 3370 2187 contingat,
3394 2131 3514 2185 gra-

1932 2236 2001 2288 ria
2033 2242 2087 2287 at
2125 2229 2451 2298 benignitate
2487 2220 2695 2278 Domini
2746 2215 2915 2273 nostri
2953 2214 3078 2270 Iesu
3118 2210 3338 2275 Christi,
3390 2223 3511 2262 cum

1929 2338 2035 2395 quo
2056 2322 2243 2393 gloria,
2272 2318 2533 2381 honor,ct
2558 2310 2797 2366 adoratio
2822 2304 2984 2373 Patri,
3001 2312 3055 2358 et
3078 2299 3296 2371 Spiritui
3329 2304 3516 2354 sancto

1938 2420 2079 2475 nunc
2106 2424 2160 2473 et
2187 2426 2401 2482 semper
2426 2419 2480 2464 et
2506 2409 2559 2463 in
2581 2404 2773 2462 smcula
2803 2400 3141 2464 saeculorum,
3176 2398 3365 2450 Amen.

910 2743 1125 2758 —-———
1134 2736 2155 2758 m______'
1782 2739 1809 2744 ν
1822 2736 2121 2747 ν--ν--ν-
2158 2726 3470 2758 ‘w—WW

1338 2757 1343 2758 ,
1365 2757 1370 2758 ,
1412 2757 1439 2758 ,,,
1455 2756 1475 2758 _

1675 2913 2058 2976 MONl-TUM

236 3102 561 3163 circumstat
590 3108 728 3169 disi,
767 3125 786 3157 ι
822 3115 872 3160 et
912 3122 1014 3159 non
1039 3108 1159 3173 jam
1184 3105 1497 3169 orationem,
1539 3107 1630 3165 sed
1658 3120 1830 3157 vocem

238 3208 513 3252 mortuam
551 3198 834 3264 excitasse,
861 3198 995 3250 satis
1020 3186 1129 3248 tum
1170 3196 1671 3251 demonstravimus.
1704 3195 1833 3249 Herc

236 3302 410 3359 porro
437 3287 631 3342 confer
664 3302 787 3341 cum
848 3286 916 3340 iis
950 3301 1074 3355 quae
1126 3286 1179 3339 in
1218 3286 1444 3340 homilia
1501 3286 1577 3339 De
1611 3280 1827 3339 Lazaro

237 3380 377 3434 dicit
401 3395 552 3433 num.
585 3380 639 3442 5,
668 3387 723 3433 et
761 3378 945 3431 statim
976 3376 1281 3445 comperies
1312 3378 1453 3431 hanc
1506 3364 1678 3445 ipsam
1728 3378 1827 3430 bo-

241 3469 451 3524 miliam
478 3485 508 3523 a
540 3468 959 3538 Chrysostomo,
1000 3467 1157 3536 quasi
1188 3480 1362 3536 nuper
1391 3468 1635 3522 habitam
1659 3506 1675 3529 ,
1710 3478 1826 3521 meo

240 3560 471 3616 morari.
507 3557 577 3614 Ut
606 3574 737 3613 vero
766 3558 981 3613 caeteris
1010 3570 1366 3612 occurramus
1393 3558 1463 3611 ab
1493 3556 1707 3611 Halesio
1736 3557 1833 3612 ob-

236 3650 405 3721 jectis
432 3651 793 3721 argumentis,
822 3650 1136 3704 consideres
1200 3649 1361 3703 velim
1418 3650 1724 3704 orationem
1766 3651 1835 3703 de

245 3741 857 3810 Lazaro’quatriduano
884 3741 1321 3809 αὑτοσχεδίασμα
1354 3756 1478 3794 esse
1508 3741 1837 3811 Chrysosto—

243 3835 346 3889 mi.
386 3830 520 3885 Nam
583 3847 707 3886 cum
756 3846 825 3886 ex
883 3832 1115 3887 lectione
1182 3830 1461 3901 Evangelii
1518 3834 1585 3886 de
1625 3833 1834 3889 Lazaro

245 3924 641 3995 quatriduano.
682 3932 813 3977 tunc
853 3922 907 3976 in
940 3931 1087 3977 cestu
1118 3921 1373 3977 Ecclesia:
1406 3932 1648 3993 peracta,
1683 3924 1833 3977 Ano—

246 4016 379 4071 ιιιωί
404 4026 452 4068 et
480 4013 679 4077 Judaei,
715 4022 777 4067 ut
803 4012 921 4083 ipse
976 4012 1133 4067 initio
1173 4014 1326 4080 dicit,
1386 4014 1838 4071 contradictionis

252 4122 449 4163 ansam
481 4106 788 4174 arriperent
813 4105 1167 4173 dicerentque
1196 4120 1305 4158 non
1344 4119 1530 4175 parem
1572 4121 1696 4161 esse
1734 4105 1840 4161 Pa-

249 4202 322 4255 tri
346 4214 495 4262 eum,
531 4199 625 4268 qui
675 4195 888 4273 Patrem
922 4206 1258 4267 precari-tur,
1290 4209 1354 4251 ex
1389 4206 1633 4266 tempore
1666 4197 1841 4267 Chry-

250 4292 531 4348 sostomus
560 4278 1035 4343 haneoratione‘m
1068 4288 1297 4342 habuit:
1330 4290 1425 4343 ubi
1470 4289 1610 4343 mira
1645 4286 1839 4343 solita-

248 4398 361 4454 que
421 4383 474 4435 vi
528 4381 939 4436 ratiociniorum
997 4381 1241 4435 adversae
1281 4380 1454 4451 partis
1507 4388 1835 4451 argumenta

250 4476 513 4546 depellit:
540 4490 605 4530 ac
652 4474 779 4530 licet
822 4475 999 4529 oratio
1029 4490 1137 4528 non
1170 4485 1390 4530 assueta
1422 4484 1705 4545 troporum
1743 4488 1836 4531 or-

253 4576 512 4624 namenta
552 4583 666 4638 pra:
712 4582 774 4623 se
838 4566 997 4633 ferat,
1058 4567 1190 4637 quia
1239 4567 1505 4622 nimirum
1538 4567 1594 4622 id
1648 4578 1834 4623 rerum

253 4660 497 4717 conditio
557 4674 669 4715 non
726 4659 1059 4729 postulabat,
1113 4666 1356 4714 attamen
1404 4659 1602 4730 stylus,
1658 4670 1840 4729 neque

256 4753 379 4823 ipso
448 4751 687 4825 penitus
729 4749 995 4808 dit'ﬁtento
1050 4749 1273 4807 Halesio
1301 4790 1331 4817 ,_
1376 4749 1839 4824 Gbrysostomum

258 4846 483 4901 omnino
521 4843 687 4912 sapit.
1474 4832 1483 4837 ”

329 4934 631 5005 Sedpergit
691 4932 968 4999 Halesius,
1008 4954 1027 4987 σ
1093 4933 1258 4990 Ratio
1304 4948 1469 5006 quam
1533 4937 1713 4991 reddit
1744 4949 1845 4994 cur

256 5025 509 5083 Christus
533 5024 803 5081 Lazarum
842 5027 1178 5082 nominatim
1230 5028 1541 5100 compellet,
1591 5039 1849 5097 apostro-

257 5117 363 5189 phe
384 5116 451 5171 ad
484 5114 760 5171 infernum
791 5127 847 5173 et
873 5117 1121 5187 ejusdem
1154 5119 1538 5189 prosopOpmia
1578 5132 1846 5173 νεανικω-

263 5208 431 5279 τόραν
466 5208 630 5263 colent
656 5208 941 5264 audaciam
968 5207 1204 5279 alicujus
1264 5210 1471 5280 ingenii
1516 5211 1851 5268 recentior“

266 5304 517 5361 moneta,
534 5311 641 5352 non
660 5306 844 5353 autem
868 5298 1015 5353 illam
1033 5298 1267 5356 Joannis
1287 5301 1640 5357 soliditatem.
1653 5320 1672 5355 ι
1686 5301 1846 5357 Ratio

263 5394 440 5443 autem
471 5386 587 5451 illa,
611 5402 776 5457 quam
793 5388 1225 5459 Chrysostomus
1252 5389 1432 5459 affert,
1463 5406 1565 5447 cur
1587 5391 1849 5448 Christus

265 5477 529 5533 Lazarum
577 5480 905 5535 nominatim
957 5483 1388 5552 compellaverit,
1440 5484 1670 5550 Lazare,
1726 5486 1842 5539 veni

268 5570 430 5640 foras,
465 5570 786 5641 huiusmodi
842 5582 964 5627 est:
1001 5572 1105 5639 Ne,
1138 5575 1187 5629 si
1225 5576 1525 5630 absolutam
1564 5588 1739 5633 vocem
1771 5577 1842 5631 ad

266 5670 497 5716 mortuos
537 5662 844 5736 direxisset,
886 5680 1089 5730 omnes,
1140 5668 1232 5736 qui
1265 5669 1318 5719 in
1350 5668 1607 5736 sepulcris
1672 5678 1847 5735 erant,

264 5752 541 5819 excitaret,
574 5752 637 5811 id
676 5762 783 5819 est,
843 5753 892 5809 si
924 5755 1165 5813 dixisset
1191 5765 1429 5823 tantum,
1493 5756 1623 5813 Veni
1678 5757 1847 5829 foras,

1933 3099 2201 3155 cumbazc
2231 3112 2336 3150 vox
2364 3112 2473 3151 non
2539 3097 2713 3166 magis
2776 3094 3065 3160 Lazazum,
3124 3111 3289 3164 quam
3348 3094 3514 3149 alium

1934 3192 2242 3262 quempiam
2272 3199 2545 3250 evocaret,
2580 3202 2771 3243 omnes
2807 3187 3035 3241 omnino
3085 3185 3285 3242 mortui
3334 3200 3519 3242 resur-

1935 3284 2138 3339 recturi
2166 3292 2318 3335 erant
2348 3300 2360 3334 :
2396 3290 2544 3335 tanta
2594 3296 2791 3347 nempe
2841 3287 2959 3332 erat
2990 3277 3195 3334 Christi
3254 3279 3516 3346 potentia.

1938 3377 2009 3430 De
2038 3376 2311 3430 ratiocinii
2380 3373 2694 3442 huiusmodi
2728 3372 2986 3443 ἀκριϐείᾳ
3028 3386 3136 3425 non
3188 3371 3519 3441 disputabo:

1936 3468 2032 3523 sed
2063 3469 2232 3522 libere
2278 3465 2498 3520 dicam:
2540 3465 2586 3520 si
2632 3480 2700 3519 ex
2734 3459 3051 3533 huiusmodi
3100 3460 3399 3516 ratiociniis
3435 3478 3522 3512 νο-

1936 3558 2090 3623 Θείας
2150 3558 2416 3614 sententia
2477 3557 2700 3612 ferenda
2758 3558 2867 3620 sit,
2918 3554 3339 3629 quamplurima:
3399 3553 3519 3607 alia:

1940 3653 2320 3724 Chrysostomi
2352 3651 2613 3713 humilia,
2668 3665 2807 3720 quas
2864 3658 3043 3703 tamen
3105 3660 3257 3702 certo
3308 3652 3526 3701 constat

1940 3746 2092 3801 illum
2130 3744 2391 3808 edidisse,
2433 3756 2497 3797 ex
2552 3742 2913 3811 genuinarum
2972 3741 3109 3793 serie
3149 3734 3525 3808 expungendan

1937 3840 2120 3889 erunt.
2146 3833 2301 3899 Quod
2327 3833 2445 3901 pari
2484 3830 2699 3886 ratione
2736 3830 2887 3884 dicas
2939 3828 3009 3883 de
3065 3826 3396 3899 apostrophe
3455 3827 3524 3881 ad

1938 3924 2215 3979 infernum
2241 3933 2297 3979 et
2322 3926 2389 3979 de
2423 3922 2827 3993 prosopopoeia,
2858 3937 2979 3991 qua:
3006 3921 3087 3975 sic
3114 3921 3275 3975 habet
3300 3938 3314 3975 :
3344 3918 3531 3986 Quan-

1939 4019 2007 4070 do
2036 4017 2197 4087 [iebat
2220 4018 2419 4080 oratio,
2453 4031 2555 4071 non
2589 4016 2877 4070 resurrexit
2900 4026 3159 4080 martum,
3198 4013 3288 4068 sed
3314 4015 3529 4085 quando

1939 4110 2077 4164 dixit
2120 4128 2140 4161 ι
2190 4106 2420 4172 Lazare,
2464 4110 2579 4163 veni
2614 4109 2786 4177 foras,
2825 4125 2844 4159 t
2892 4116 3016 4161 tunc
3060 4118 3301 4161 mortnns
3354 4124 3530 4161 resur-

1943 4202 2103 4256 rexit.
2131 4200 2176 4255 ο
2207 4201 2396 4254 mortis
2432 4198 2813 4269 tyrannidem!
2841 4216 2871 4253 ο
2916 4200 3253 4269 tyrannidem
3310 4199 3525 4253 virtutis

1944 4293 2115 4357 illius,
2166 4307 2286 4363 qua:
2345 4293 2588 4346 animam
2645 4290 2798 4345 illam
2837 4290 3153 4346 detinebat!
3192 4306 3221 4343 o
3277 4288 3532 4357 inferne!

1941 4384 2089 4457 facta
2117 4395 2196 4440 est
2225 4387 2422 4449 oratio,
2460 4396 2508 4440 et
2536 4394 2811 4439 mortuum
2846 4396 2950 4438 non
2995 4384 3225 4438 dimittis
3250 4384 3277 4439 1
3314 4382 3530 4454 Nequa-

1940 4488 2124 4546 quam,
2163 4477 2358 4546 inquit.
2401 4476 2523 4542 Qua
2561 4477 2626 4529 de
2646 4476 2860 4531 causa?
2898 4476 3039 4541 Quia
3068 4492 3173 4529 non
3199 4476 3385 4545 jussus
3415 4492 3529 4529 sum

1940 4568 2226 4633 dimittere,
2240 4578 2344 4623 etc.
2360 4567 2501 4634 Quot
2518 4575 2741 4623 exstant
2768 4568 2911 4637 apud
2925 4566 3378 4637 Chrysostomum
3402 4582 3531 4638 apo.

1942 4658 2181 4728 Sﬂ‘Opita!
2210 4665 2265 4713 et
2310 4659 2710 4729 prosopopoeiae
2736 4658 3097 4729 huiusmodi?
3126 4657 3182 4713 Si
3210 4658 3532 4714 advertisset

1944 4748 2200 4806 Halesius
2238 4751 2383 4806 hanc
2412 4750 2693 4805 homlliam
2719 4751 2775 4806 in
2804 4752 2931 4819 alia,
2960 4767 3127 4823 quam
3158 4752 3533 4823 Cbrysostomi

1942 4849 2065 4893 esse
2096 4850 2261 4893 nemo
2304 4838 2559 4895 dubitare
2600 4849 2805 4910 potest,
2858 4843 3147 4912 perspicue
3195 4842 3492 4897 memorari
3518 4883 3536 4906 ,

1944 4938 2155 4985 certum
2193 4931 2370 4987 habeo
2406 4932 2584 5001 ipsum
2629 4947 2733 4989 nec
2762 4932 3156 5003 apostrOphen,
3191 4948 3293 4988 nec
3340 4948 3538 5005 proso—

1946 5025 2224 5095 pupteiam
2255 5024 2407 5079 illam
2453 5033 2516 5079 ut
2543 5024 2761 5090 νοθείας
2798 5035 3185 5096 argumentum
3241 5026 3538 5082 allaturum

1945 5115 2139 5171 fuisse.
2170 5116 2354 5183 Quare
2385 5111 2684 5174 Frontonis
2746 5117 2931 5173 Bucari
2964 5117 3277 5188 exemplum
3340 5118 3537 5183 secuti,

1948 5209 2096 5264 illam
2126 5210 2271 5265 inter
2299 5211 2536 5281 genuina
2572 5226 2740 5280 opera
2772 5211 2935 5266 edere
2964 5211 3099 5265 nihil
3148 5212 3392 5267 cunctati
3443 5227 3538 5266 su-

1950 5315 2093 5367 mus,
2164 5302 2399 5372 ipsique,
2460 5310 2520 5356 ut
2565 5316 2733 5373 supra
2768 5301 2975 5357 dictum
3031 5311 3133 5367 est,
3194 5303 3419 5357 alteram
3474 5304 3543 5356 de

1949 5392 2157 5447 Christi
2190 5393 2449 5463 precibus
2491 5393 2894 5457 subnectimns,
2926 5409 3035 5448 non
3101 5394 3265 5449 modo
3321 5394 3451 5464 quia
3486 5394 3539 5457 id

1952 5486 2261 5556 argumenti
2286 5486 2656 5557 temporisque
2679 5486 2820 5541 ratio
2848 5486 3208 5555 postulat,sed
3228 5487 3391 5542 etiam
3413 5488 3542 5559 quia

1953 5576 2226 5648 posterior
2255 5578 2456 5647 prieris
2481 5572 2815 5650 γνησιότηὶνα
2840 5576 3039 5633 asserit
3064 5586 3119 5633 et
3144 5579 3453 5635 confirmat.

2026 5668 2329 5741 Utriusque
2385 5684 2518 5727 vero
2582 5684 2702 5725 eam
2755 5670 3261 5739 interpretationem
3300 5669 3537 5734 edimus.

1960 5776 2123 5832 quam
2144 5761 2496 5818 eoncirtnavit
2522 5759 2731 5819 Fronto
2760 5760 3010 5819 Dircaeus.
