4186 6326
622 396 719 450 779
1299 393 1338 446 δ
1397 386 1679 446 ιοΑΝΝιε
1718 381 2211 443 CHRYSOSTOMI
2252 374 2578 436 ARCHIEP.
2618 367 3168 428 CONSTANTINOP.

3753 362 3872 419 780

631 651 3855 711 MM

1154 1489 1373 1660 IN
1555 1339 3320 1689 QUATRIDUANUM

1851 2134 2663 2268 LAZABUM.

881 3439 972 3501 (De
985 3438 1155 3487 Christi
1172 3435 1400 3501 precibus
1412 3442 1579 3487 contra
1589 3443 1860 3499 Anomoaos,
1875 3438 1973 3500 ιχ.)

708 3547 759 3600 1.
812 3545 1086 3600 Hodierno
1129 3544 1216 3600 die
1263 3544 1549 3601 suscitatus
1599 3559 1631 3598 a
1675 3546 1901 3602 mortuis
1952 3545 2219 3613 Lazarus,

636 3636 924 3692 multorum
968 3636 1123 3692 nobis
1162 3636 1542 3707 variorumque
1578 3635 1950 3691 seandalorum
1993 3636 2218 3693 dissolu-

638 3732 839 3786 tionem
874 3730 1130 3799 impertit.
1175 3729 1299 3783 llzec
1332 3728 1474 3783 enim
1512 3729 1670 3783 lectio
1708 3729 1892 3784 nescio
1930 3744 2035 3800 quo
2068 3737 2222 3799 pacto

634 3821 906 3877 hmreticis
924 3835 1130 3887 ansam,
1154 3828 1207 3874 et
1220 3819 1419 3874 Iudaeis
1434 3820 1869 3875 contradictionis
1885 3822 2220 3876 occasionem

636 3911 827 3965 dedit:
855 3926 962 3966 non
999 3926 1068 3966 ex
1096 3911 1174 3965 rei
1218 3911 1459 3977 veritate,
1488 3910 1660 3975 absit,
1686 3910 1779 3965 sed
1802 3911 1871 3964 ob
1900 3912 2219 3966 malitiosum

635 4002 850 4056 illorum
875 4002 1133 4057 animum.
1163 4001 1437 4073 Siquidem
1469 4000 1620 4056 multi
1652 4016 1717 4055 ex
1747 4000 2014 4056 hazreticis
2037 4001 2224 4065 dicunt

635 4093 867 4149 similem
907 4093 1052 4149 Patri
1092 4109 1195 4148 non
1238 4108 1358 4148 esse
1399 4093 1613 4147 Filium.
1642 4092 1780 4160 Quid
1824 4092 1930 4147 ita?
1959 4093 2217 4161 Quoniam

634 4185 862 4257 indiguit
890 4186 1153 4256 precibus,
1186 4186 1458 4257 inquiunt,
1470 4172 1716 4241 Christus
1741 4184 1807 4239 ad
1828 4185 2165 4240 excitandum
2188 4200 2218 4239 a

635 4277 864 4331 mortuis
903 4277 1161 4331 Lazarum
1194 4294 1207 4333 :
1238 4277 1339 4332 nisi
1383 4276 1531 4331 enim
1576 4283 1901 4346 apprecatus.
1922 4285 2082 4341 esset,
2114 4275 2221 4329 La-

634 4386 820 4425 zarum
880 4385 987 4424 non
1056 4369 1365 4432 excitasset.
1424 4370 1490 4425 Et
1551 4369 1641 4437 qui
1706 4367 1819 4423 ﬁeri
1879 4368 2112 4437 poterit,
2162 4375 2222 4421 ut

635 4459 685 4513 is
722 4460 813 4530 qui
845 4468 1092 4530 precatus
1128 4466 1250 4525 est,
1280 4458 1579 4523 sit‘similis
1611 4458 1694 4525 ei,
1741 4457 1831 4528 qui
1870 4458 2218 4530 supplicatio-

634 4566 761 4604 nem
804 4550 1052 4605 admisit?
1080 4550 1210 4605 Nam
1258 4550 1345 4604 hic
1384 4550 1618 4621 quidem,
1649 4559 1929 4619 precatur,
1962 4549 2052 4603 ille
2090 4562 2220 4604 vero

630 4653 820 4709 preces
842 4640 1191 4709 supplicantis
1209 4638 1441 4694 admisit.
1462 4638 1839 4709 Blasphemant
1857 4648 2057 4707 autem,
2076 4639 2220 4709 quod

634 4747 742 4785 non
781 4732 1078 4801 intelligant
1102 4732 1569 4786 condescensionis
1595 4732 1762 4801 gratia
1793 4746 1982 4801 preces
2007 4739 2060 4787 et
2090 4746 2218 4802 pro-

632 4834 755 4892 pter
785 4822 1110 4878 adstantium
1158 4824 1573 4879 imbecillitatem
1612 4822 1759 4879 fusas
1798 4838 1937 4880 esse.
1982 4825 2215 4895 Alioqui,

632 4914 742 4980 dic,
770 4929 970 4984 quaeso,
1018 4914 1138 4984 quis
1162 4913 1335 4983 major
1358 4923 1470 4980 est,
1508 4913 1600 4985 qui
1630 4915 1775 4969 lavat
1797 4914 1963 4985 pedes
1982 4954 1999 4981 ,
2030 4929 2097 4968 an
2128 4915 2221 4970 ille

633 5004 788 5073 cujus
835 5004 1000 5074 pedes
1060 5005 1237 5060 lavat?
1292 5004 1522 5062 Omnino
1573 5006 1722 5061 illum
1774 5007 2033 5076 majorem
2096 5022 2218 5061 esse

632 5098 803 5164 dices,
834 5099 985 5168 cujus
1014 5098 1177 5167 pedes
1199 5099 1328 5154 lavit
1353 5099 1396 5154 is
1420 5141 1435 5166 ,
1465 5100 1554 5169 qui
1582 5099 1791 5155 lavabat
1817 5098 1996 5171 (Jaan.
2022 5100 2111 5155 15.
2138 5100 2216 5169 5).

710 5188 941 5244 Christus
966 5188 1122 5245 Iuda:
1144 5192 1294 5262 pedss
1318 5192 1460 5249 lavit.
1483 5220 1555 5233 —-—
1577 5192 1734 5263 Atqui
1758 5191 1906 5247 Judte
1934 5191 2221 5262 proditoris

637 5278 807 5346 pedes
834 5280 959 5337 lavit
986 5281 1273 5338 Salvator?
1300 5282 1560 5353 siquidem
1593 5297 1717 5338 cum
1752 5282 2026 5354 discipulis
2055 5290 2174 5337 erat
2202 5300 2215 5336 :

634 5372 757 5440 quis
778 5386 905 5440 ergo
924 5372 1135 5441 major?
1153 5389 1278 5429 num
1293 5371 1509 5449 Christo
1529 5375 1764 5431 Domino.
1777 5375 2015 5445 proditor
2033 5374 2061 5429 ,Ι
2067 5374 2217 5441 udas,

630 5462 1063 5533 quandoquidem
1083 5465 1200 5535 ejus
1216 5465 1378 5535 pedes
1395 5466 1524 5522 lavit
1538 5466 1818 5523 Christus?
1833 5466 2008 5523 Absit.
2030 5466 2220 5523 Utrum

644 5570 776 5612 vero
797 5554 1083 5624 humilius,
1117 5557 1295 5613 lavare
1336 5558 1532 5628 pedes,
1574 5574 1640 5614 an
1669 5557 2092 5629 precariiﬂaud
2118 5557 2219 5613 du-

637 5648 789 5704 bium
816 5650 946 5722 quin
969 5646 1131 5719 pedes
1158 5648 1353 5705 lavare.
1387 5649 1488 5717 Qui
1504 5664 1632 5722 ergo
1660 5650 1804 5721 quod
1827 5658 1944 5707 erat
1969 5650 2221 5707 humilius

633 5741 815 5800 tacere
841 5761 951 5803 non
980 5745 1546 5817 recussvit,quomodo
1577 5744 1755 5802 facere
1781 5745 1923 5817 quod
1952 5754 2068 5802 erat
2095 5744 2222 5800 sub-

2337 3441 2520 3500 limius
2581 3449 2891 3501 recusaret?
2943 3445 3056 3502 Sed
3098 3447 3277 3502 omnia
3327 3456 3547 3518 propter
3596 3450 3923 3505 adstantium

2330 3533 2635 3590 Judmorum
2685 3537 3102 3594 imbecillitatem
3146 3538 3374 3607 ﬂebant,
3428 3549 3485 3595 ut
3522 3556 3589 3596 ex
3634 3557 3923 3613 progressu

2331 3628 2595 3683 sermonis
2624 3630 2919 3699 apparebit.
2951 3631 3251 3696 Quinetiam
3276 3631 3445 3687 Judaei
3473 3633 3920 3689 contradictionis

2329 3718 2453 3774 inde
2482 3721 2815 3774 occasionem
2848 3723 3169 3791 arripientes
3208 3723 3393 3779 dicunt
3423 3742 3436 3777 :
3468 3725 3558 3794 qui
3593 3725 3649 3778 fit
3669 3767 3683 3791 ,
3705 3735 3766 3780 ut
3793 3742 3920 3783 eum

2328 3808 2617 3863 Christiani
2667 3810 2831 3865 Deum
2874 3810 3135 3878 habeant,
3182 3813 3273 3882 qui
3322 3813 3518 3868 locum.
3546 3815 3633 3869 ubi
3673 3826 3923 3872 mortuus

2323 3899 2534 3967 jacebat
2566 3899 2803 3955 Lazarus
2830 3902 3145 3969 ignorabat?
3174 3903 3605 3974 quandoquidem
3641 3905 3923 3963 sororibus

2328 3989 2515 4044 Lazari
2545 3991 2765 4045 Martha:
2789 4002 2843 4046 et
2868 3992 3046 4047 Maria:
3074 3993 3320 4049 Salvator
3343 3994 3588 4062 dicebat,
3622 3995 3719 4051 Ubi
3740 3999 3923 4066 posui-

2328 4082 2419 4134 stis
2447 4098 2560 4134 eum
2588 4081 2765 4155 (Joan.
2801 4084 2890 4137 ll.
2928 4084 3055 4153 34)?
3085 4083 3267 4151 Vides,
3308 4085 3498 4155 inquit,
3530 4087 3924 4157 ignorantiam?

2330 4171 2490 4227 Vides
2536 4172 2999 4228 imbecillitatem?
3028 4173 3189 4229 lllene
3214 4175 3304 4245 qui
3339 4176 3502 4231 etiam
3543 4178 3720 4233 locum
3760 4180 3921 4247 igno-

2327 4264 2483 4329 ravit,
2514 4273 2599 4319 est
2628 4265 2805 4321 Deus?
2850 4261 2922 4318 At
2946 4280 3043 4336 ego
3081 4266 3159 4321 sic
3192 4282 3287 4323 eos
3321 4254 3597 4338 alloquar,
3638 4286 3745 4324 non
3772 4272 3921 4341 quod

2328 4358 2399 4412 ita
2452 4360 2709 4424 sentiam,
2766 4359 2861 4415 sed
2920 4366 2978 4415 ut
3039 4373 3227 4415 eorum
3269 4360 3625 4430 objectionem
3682 4364 3921 4434 ignomi-

2329 4451 2481 4506 niose
2508 4452 2768 4520 rejiciam.

2398 4542 2658 4599 Probatur
2682 4544 2937 4601 Christum
2972 4563 3075 4601 non
3100 4547 3359 4618 ignorasse
3385 4548 3469 4601 ubi
3511 4558 3638 4602 esset
3666 4548 3918 4603 Lazarus.

2328 4664 2399 4677 -—
2426 4635 2724 4705 lgnoravit,
2755 4638 2855 4703 ais,
2878 4637 3143 4703 Christus,
3170 4648 3204 4693 0
3239 4638 3457 4706 Judzee,
3487 4638 3608 4709 quia
3635 4639 3787 4708 dixit,
3818 4640 3925 4694 Ubi

2329 4731 2562 4799 posuistis
2589 4731 2741 4785 eum?
2770 4729 2952 4801 Itaque
2981 4732 3243 4802 ignoravit
3276 4733 3434 4785 etiam
3464 4732 3516 4785 in
3543 4732 3790 4801 paradiso
3818 4732 3925 4788 Pa-

2328 4828 2431 4888 ter,
2455 4822 2545 4876 ubi
2572 4821 2917 4876 absconditus
2937 4830 3081 4876 esset
3100 4822 3290 4875 Adam.
3322 4822 3589 4876 Circuibat
3605 4822 3746 4877 enim
3764 4838 3924 4892 quasi

2328 4927 2450 4968 eum
2480 4913 2532 4966 in
2562 4912 2809 4982 paradiso
2835 4929 3119 4983 quaerens,
3145 4928 3208 4969 ac
3244 4902 3426 4969 dicens
3458 4932 3471 4967 :
3510 4915 3673 4967 Adam
3711 4916 3797 4968 ubi
3831 4919 3931 4972 es?

2328 5008 2478 5076 quasi
2501 5007 2719 5071 diceret,
2741 5006 2830 5061 ubi
2852 5007 3195 5061 absconditus
3215 5007 3308 5061 es?
3333 5006 3507 5075 Quare
3529 5024 3633 5060 non
3664 5009 3809 5076 prius
3833 5007 3927 5062 lo-

2326 5111 2450 5152 cum
2468 5098 2620 5159 dixit.
2647 5113 2713 5151 ex
2729 5114 2834 5169 quo
2858 5113 2977 5152 cum
3007 5097 3196 5151 fiducia
3223 5114 3341 5153 cum
3374 5100 3485 5152 Deo
3513 5097 3931 5168 culloquebatur

2333 5197 2533 5256 Adam?
2561 5196 2757 5259 Adam,
2776 5193 2963 5247 ubios?
2980 5192 3070 5245 llle
3093 5204 3222 5245 vero
3244 5185 3412 5258 quid?
3436 5186 3626 5241 Vocem
3648 5194 3795 5237 suam
3812 5197 3927 5235 au—

2335 5291 2438 5345 divi
2458 5293 2512 5345 in
2530 5287 2787 5359 paradiso
2798 5284 3197 5347 ambulantis,et
3214 5280 3388 5344 timui,
3406 5295 3466 5334 eo
3485 5276 3631 5348 quod
3642 5274 3815 5329 nudus
3828 5289 3926 5327 es-

2335 5399 2464 5444 sem,
2482 5391 2531 5435 et
2547 5378 2799 5434 abscondi
2817 5393 2898 5431 me
2914 5375 3064 5445 (Gen.
3085 5374 3138 5428 5.
3159 5374 3212 5429 9.
3244 5370 3354 5443 10).
3376 5370 3432 5426 Si
3452 5370 3613 5434 hanc,
3657 5366 3923 5433 eludae,

2328 5479 2491 5519 vocas
2520 5465 2871 5533 ignorantiam
2893 5506 2906 5529 ,
2936 5464 3081 5519 illam
3111 5478 3324 5535 quoque
3358 5463 3717 5534 ignorantiam
3758 5476 3939 5535 voca.

2328 5556 2549 5613 Dicebat
2570 5556 2712 5611 enim
2735 5555 2982 5611 Christus
3006 5553 3228 5610 Martha:
3252 5563 3306 5609 et
3335 5554 3529 5619 Mariae,
3566 5550 3664 5607 Ubi
3682 5552 3927 5624 posuistis

2329 5651 2486 5704 eum?
2516 5649 2665 5705 Hane
2707 5650 2867 5716 igitur
2896 5648 3251 5719 ignorantiam
3287 5648 3487 5703 vocas?
3513 5646 3655 5714 Quid
3680 5660 3807 5715 ergo
3833 5644 3926 5699 di—

2331 5758 2441 5811 ces,
2473 5757 2595 5799 cum
2614 5741 2852 5798 audieris
2877 5742 3045 5796 Deum
3074 5741 3241 5797 Caino
3260 5740 3549 5807 dicentem,
3578 5737 3621 5794 Η
3628 5739 3675 5793 bi
3699 5747 3778 5792 est
3795 5737 3932 5791 A‘bcl
