4174 6336
232 391 342 448 ’781

237 509 402 578 frater
423 513 539 558 tuus
562 503 711 578 (Gen.
737 503 789 558 4.
811 502 896 571 9)?
917 499 1053 570 Quid
1075 500 1154 555 ais
1173 501 1216 554 ’ἲ
1243 499 1300 556 Si
1323 500 1460 555 hanc
1483 497 1836 570 ignorantiam

247 612 431 665 vocas,
452 596 595 650 illam
619 610 832 665 quoque
854 594 1205 665 ignorantiam
1231 608 1383 648 voca.
1404 593 1599 661 Accipe
1611 591 1839 644 alteram

234 693 404 746 etiam
423 705 486 745 ex
508 689 782 759 Scriptura
805 701 955 741 sacra
977 681 1515 740 demonstrationem.
1539 684 1680 738 Dixit
1698 683 1839 737 Deus

237 781 494 844 Abrahze,
519 780 723 834 Clamor
752 777 1093 833 Sodomorum
1117 785 1164 829 et
1182 774 1480 829 Gomorrhar
1508 775 1638 827 venit
1653 773 1722 827 ad
1737 790 1836 826 me.

236 870 560 925 Descendens
589 869 745 939 igitur
766 866 940 921 uidebo
962 907 977 930 ,
1007 867 1049 918 si
1070 865 1345 918 secundum
1365 865 1635 917 clamorem
1663 879 1838 916 eorum

233 965 330 1031 qui
363 961 493 1018 venit
532 961 601 1014 ad
635 977 747 1024 sne,
781 947 1196 1012 censummantur
1218 971 1238 1010 :
1275 957 1359 1009 sin
1393 966 1564 1009 autem
1610 971 1744 1020 non,
1783 965 1837 1008 ut

250 1050 547 1120 αἰανῆ(ιὼ
571 1051 878 1123 183031).
900 1053 1002 1118 Qui
1022 1057 1368 1110 novitomnia
1388 1044 1681 1124 antequam
1701 1054 1831 1109 ﬁant

243 1142 415 1212 (Dan.
465 1146 554 1199 13.
596 1146 709 1214 42),
741 1146 834 1216 qui
865 1147 1028 1200 corda
1063 1156 1120 1201 et
1162 1164 1322 1203 renes
1365 1157 1645 1202 scrutatur
1688 1148 1830 1203 Deus

250 1234 433 1306 (Psal.
475 1238 525 1289 7.
551 1238 662 1308 10),
685 1240 776 1308 qui
797 1238 950 1293 novit
965 1241 1325 1309 cogitationes
1343 1240 1624 1294 hominum
1651 1238 1830 1308 (Psal.

243 1330 323 1385 95
351 1332 396 1383 .l
414 1332 483 1400 l).
508 1333 658 1386 solus
675 1333 910 1396 dicebat,
938 1331 1268 1386 Descendens
1291 1333 1458 1402 igitur
1474 1331 1675 1399 videbo,
1694 1332 1742 1385 si
1757 1347 1834 1384 se-

239 1421 478 1476 cundum
495 1425 778 1479 clamorem
795 1426 1093 1494 eorum,qui
1112 1426 1246 1478 venit
1267 1427 1335 1478 ad
1355 1438 1832 1490 me,consumman-

239 1522 337 1568 tur
356 1530 374 1567 :
399 1517 483 1568 sin
506 1524 681 1568 autem
705 1533 830 1580 non,
849 1526 907 1570 ut
923 1518 1114 1570 sciam.
1137 1514 1196 1569 Si
1224 1516 1354 1570 illud
1374 1525 1457 1572 est
1485 1512 1830 1586 ignorantia,

237 1604 350 1660 hoc
371 1622 590 1676 quoque
610 1609 715 1680 erit
733 1609 1005 1677 ignorare.
1031 1609 1197 1679 Atqui
1221 1625 1399 1678 neque
1421 1609 1723 1664 secundum
1742 1625 1830 1664 vev

239 1704 335 1751 tus
353 1705 740 1752 testamentum
760 1699 921 1755 Pater
943 1701 1184 1771 ignorat,
1207 1716 1385 1771 neque
1403 1702 1706 1755 secundum
1730 1716 1832 1755 no.

234 1804 369 1843 vum
410 1797 796 1846 testamentum
829 1783 1024 1848 Filius.
1056 1793 1193 1858 Quid
1226 1803 1311 1848 est
1342 1794 1507 1864 igitur
1532 1793 1689 1856 illud,
1729 1793 1830 1846 De-

234 1882 491 1935 scendens
516 1881 719 1948 videbo,
744 1889 791 1937 si
806 1885 1091 1938 secundum
1108 1887 1393 1939 clamorem
1412 1902 1616 1950 eorum,
1636 1886 1727 1954 qui
1747 1902 1830 1938 re»

233 1975 318 2029 nit
345 1977 415 2028 ad
444 1992 544 2037 me,
569 1987 1005 2031 consummantur
1031 1995 1050 2032 :
1073 1979 1155 2032 sin
1187 1988 1362 2032 autem
1388 1993 1511 2041 non,
1530 1989 1587 2029 ut
1615 1979 1828 2034 sciam?

311 2053 432 2108 Non
473 2056 628 2124 facile
665 2055 989 2109 credendum.
1015 2084 1090 2097 --
1117 2057 1351 2123 Rumor,
1397 2058 1600 2126 inquit,
1638 2059 1704 2111 ad
1742 2075 1828 2113 me

228 2147 522 2214 pervenit:
565 2146 659 2201 scd
698 2147 1002 2200 accuratius
1033 2148 1154 2200 volo
1193 2162 1380 2200 rursus
1408 2148 1583 2218 reipsa
1613 2151 1828 2219 experi-

227 2245 474 2292 mentum
519 2253 748 2306 capere:
779 2251 885 2292 non
935 2239 1075 2307 quod
1116 2240 1356 2308 ignorem
1399 2252 1533 2306 ego,
1586 2241 1680 2296 sed
1724 2240 1825 2294 bo-

227 2330 409 2384 mines
437 2344 466 2383 a
497 2345 585 2384 me
610 2330 792 2384 doceri
824 2330 1006 2393 velim,
1039 2339 1097 2383 ut
1127 2345 1193 2384 ne
1225 2341 1427 2386 temere
1456 2330 1614 2385 ﬁdem
1650 2333 1827 2388 verbis

225 2421 541 2485 adhibeant,
572 2434 768 2491 neque,
795 2423 839 2475 si
861 2423 979 2492 quis
1005 2421 1262 2475 adversus
1291 2423 1519 2476 alterum
1551 2423 1822 2492 quidpiam

225 2513 394 2579 dicat,
424 2513 581 2567 facile
620 2512 946 2567 credendum
987 2527 1140 2575 esse,
1186 2527 1370 2566 verum
1403 2513 1489 2566 ubi
1533 2514 1680 2582 prius
1723 2514 1823 2581 ipsi

223 2604 516 2674 diligenter
558 2604 928 2674 palpaverint,
973 2613 1027 2658 et
1083 2617 1195 2657 rem
1237 2604 1405 2672 ipsam
1455 2605 1824 2673 experimento

225 2695 544 2761 didicerint,
581 2705 692 2748 tum
719 2695 933 2748 demum
970 2709 1092 2748 esse
1128 2694 1477 2748 credendum.
1505 2698 1681 2764 Atque
1724 2694 1824 2750 hac

223 2787 300 2841 de
325 2799 487 2840 causa
531 2787 584 2840 in
617 2787 722 2840 alio
751 2786 1044 2854 Scriptura:
1077 2787 1194 2840 loco
1220 2786 1436 2840 dicebat
1467 2805 1480 2841 :
1514 2786 1693 2841 Nolite
1715 2805 1826 2842 cre-

223 2880 346 2934 dere
371 2880 510 2933 omni
551 2880 697 2932 uerbo
725 2879 1008 2949 (Eccii.i9.
1043 2879 1153 2948 l6).
1183 2879 1325 2934 Nihil
1354 2880 1498 2934 enim
1541 2881 1613 2934 ita
1657 2881 1820 2934 vitam

222 2970 506 3024 hominum
531 2971 722 3026 evertit
752 2978 807 3024 et
837 2970 1168 3039 pessumdat,
1195 2985 1259 3024 ac
1286 2971 1333 3024 si
1361 2971 1484 3040 quis
1512 2971 1693 3025 statim
1721 2972 1783 3024 iis
1804 3013 1818 3037 ,

220 3073 346 3129 qua:
376 3060 576 3128 passim
601 3059 884 3126 dicuntur,
918 3060 1075 3114 ﬁdem
1109 3060 1320 3114 habeat.
1360 3061 1472 3114 lloc
1505 3064 1666 3116 etiam
1693 3077 1820 3130 pro-

220 3149 386 3218 pheta
411 3150 578 3204 David
608 3152 934 3220 prophetans
965 3151 1174 3205 dicebat
1205 3171 1217 3205 :
1250 3151 1609 3206 Detralientem
1633 3164 1818 3207 secreto

221 3242 456 3308 proximo
475 3259 584 3305 suo,
617 3242 756 3310 [tunc
785 3244 1113 3313 persequebar
1141 3244 1308 3313 (Psal.
1342 3245 1462 3299 100.
1497 3245 1575 3312 5).

297 3332 349 3385 2.
393 3333 556 3387 Vides
585 3348 692 3402 quo
716 3342 871 3404 pacto
902 3335 1045 3388 nulla
1078 3335 1336 3388 acciderit
1369 3337 1665 3405 ignorantia
1694 3337 1818 3392 Sal-

217 3424 416 3488 vatori,
437 3438 558 3478 cum
591 3424 744 3489 dixit,
780 3424 880 3480 Ubi
904 3427 1142 3495 posuistis
1162 3444 1276 3479 eum
1293 3429 1318 3479 ?
1344 3428 1482 3482 sicut
1510 3443 1684 3497 neque
1711 3429 1814 3482 Pa-

219 3514 292 3567 tri
322 3528 440 3567 cum
465 3514 597 3568 dixit
620 3515 848 3582 Adamo,
885 3515 983 3570 Ubi
1010 3519 1106 3570 es?
1131 3518 1213 3571 vel
1241 3518 1403 3581 Cain,
1450 3518 1548 3573 Ubi
1579 3531 1649 3573 est
1691 3521 1817 3573 Abel

219 3609 384 3674 frater
403 3607 562 3658 tuus?
589 3607 694 3669 vel,
731 3606 1048 3660 Descendens
1078 3608 1272 3675 videbo,
1327 3610 1372 3662 si
1394 3612 1670 3663 secundum
1709 3614 1814 3664 cla-

215 3711 408 3748 morem
435 3713 626 3759 eorum,
661 3697 743 3764 qui
774 3698 903 3749 venit
923 3698 992 3749 ad
1020 3715 1115 3762 me,
1149 3709 1600 3756 consummantur:
1623 3703 1702 3754 sin
1730 3720 1815 3754 au-

215 3796 319 3840 tem
345 3804 466 3852 non,
495 3797 547 3839 ut
570 3789 746 3840 sciam.
775 3787 892 3842 Iam
936 3805 1062 3858 ergo
1099 3798 1311 3859 tempus
1355 3801 1438 3846 est
1481 3802 1537 3846 ut
1580 3808 1701 3846 cum
1744 3794 1812 3847 iis

215 3878 589 3947 conﬂigamus,
617 3880 706 3948 qui
734 3878 1004 3934 Christum
1034 3881 1219 3934 dicunt
1267 3893 1485 3953 prOpter
1530 3885 1814 3940 imbecilli-

214 3979 380 4024 tatem
412 3985 616 4038 orasse,
650 3987 770 4025 cum
799 3971 1059 4028 Lazarum
1088 3975 1390 4047 suscitaret.
1424 3977 1694 4032 Attendite
1714 3978 1813 4031 ita—

211 4061 870 4133 que,di|ectissimi,qnam
904 4064 1353 4134 diligentissime,
1407 4084 1610 4135 quzeso.
1667 4071 1810 4124 Mor-

215 4161 339 4204 tuus
369 4161 452 4204 est
479 4152 635 4220 igitur
660 4153 914 4218 Lazarus,
943 4171 1042 4210 nec
1074 4157 1123 4209 in
1153 4156 1254 4210 illis
1285 4157 1417 4212 locis
1456 4171 1573 4214 erat
1611 4161 1765 4215 Jesus
1789 4204 1806 4228 ,

209 4242 309 4297 sed
332 4243 382 4296 in
403 4243 640 4308 Galiltea,
674 4245 915 4316 dixitque
937 4247 1212 4316 discipulis
1240 4250 1389 4304 suis:
1419 4251 1647 4307 Lazarus
1677 4256 1807 4307 ami-

209 4351 300 4388 cus
327 4345 493 4389 noster
512 4335 695 4389 dormit
713 4336 928 4406 (Joann.
957 4339 1046 4394 ll.
1073 4340 1181 4410 ll).
1212 4339 1291 4395 illi
1312 4353 1489 4398 autem
1532 4355 1801 4415 putantes,

208 4426 355 4494 quod
381 4425 447 4479 de
474 4441 665 4481 somno
689 4429 805 4497 ejus
832 4430 1164 4500 loqueretur,
1197 4432 1381 4488 dicunt
1420 4436 1494 4489 illi
1522 4455 1536 4490 :
1559 4434 1807 4507 Domine,

205 4517 254 4571 si
281 4518 483 4585 dormit,
510 4520 678 4574 salvus
698 4522 791 4574 erit
820 4521 926 4592 (Ib.
957 4524 1136 4596 v.12).
1167 4525 1303 4580 Dicit
1324 4529 1402 4583 eis
1425 4528 1582 4585 Jesus
1625 4548 1802 4587 mant-

206 4609 364 4676 feste,
396 4610 622 4665 Lazarus
668 4624 895 4669 mortuus
921 4626 993 4670 est
1024 4616 1130 4688 (Ib.
1170 4635 1219 4673 υ.
1261 4621 1372 4690 14).
1418 4621 1575 4677 Venit
1608 4624 1802 4682 deinde

206 4703 455 4758 Salvator
477 4705 866 4779 Jerosolymam
897 4712 962 4766 ad
995 4713 1170 4769 loeum
1203 4717 1290 4770 ubi
1314 4717 1548 4773 Lazarus
1562 4721 1796 4787 jacebat,

205 4800 264 4847 et
288 4794 499 4848 obviam
526 4792 703 4865 prodit
732 4800 809 4854 illi
840 4815 994 4857 soror
1020 4804 1230 4872 Lazari,
1259 4815 1314 4862 et
1338 4809 1412 4862 ait
1439 4810 1513 4864 illi
1553 4805 1800 4872 Domine,

203 4886 252 4938 si
276 4887 458 4957 fuisses
486 4889 596 4957 [ιιετ
631 4892 790 4958 frater
809 4909 950 4950 meus
975 4911 1075 4951 non
1111 4902 1285 4964 fuisset
1315 4912 1540 4958 mortuus
1575 4905 1694 4974 (Ib.
1746 4923 1794 4960 υ.

202 4978 268 5032 21
300 4980 340 5048 ).
385 4981 442 5035 Si
489 4979 678 5039 fuisses
705 4985 812 5040 hic.
841 4987 1053 5045 lnllrma
1078 5003 1162 5059 es,
1185 4993 1396 5051 mulier.
1446 4996 1626 5053 Nescit
1656 5014 1797 5055 nunc

202 5071 396 5125 mulier
414 5071 708 5143 Christum,
733 5077 859 5133 licet
879 5095 1104 5151 corpore
1130 5095 1367 5152 prtesens
1389 5102 1493 5143 non
1521 5100 1685 5157 esset,
1715 5092 1798 5146 di-

201 5162 442 5217 vinitatis
464 5169 699 5248 potentia
729 5181 1046 5238 praesentem
1091 5173 1260 5233 fuisse
1285 5198 1298 5234 :
1331 5181 1425 5235 sed
1456 5198 1522 5237 ex
1552 5186 1794 5254 corporis

202 5246 484 5322 prmsentia
516 5258 753 5328 magistri
785 5263 1036 5320 virtutem
1063 5269 1301 5324 metitur.

273 5343 505 5400 Christus
526 5365 618 5402 cur
644 5364 878 5421 precatus
902 5359 1161 5425 fuerit.—
1184 5362 1318 5418 Dicit
1341 5366 1388 5418 ei
1418 5365 1646 5436 Martha,
1681 5369 1792 5426 Do-

197 5436 400 5500 mine,si
421 5439 602 5504 fuisses
626 5443 727 5510 hic,
758 5444 920 5513 frater
940 5465 1080 5505 meus
1105 5469 1206 5506 non
1231 5455 1409 5524 fuisset
1440 5469 1688 5515 mortuus.
1723 5463 1791 5516 Et

198 5543 334 5578 nunc
363 5531 490 5595 scio,
519 5534 715 5602 inquit,
743 5538 860 5605 quia
901 5557 1226 5614 qutucumque
1266 5552 1554 5616 poposceris
1587 5570 1620 5605 α
1657 5553 1787 5621 Deo,

200 5617 342 5672 dabit
363 5620 453 5673 tibi
474 5620 613 5677 Deus
641 5625 746 5697 (Ib.
771 5646 819 5682 υ.
844 5629 962 5703 29.).
995 5634 1241 5692 Salvator
1291 5639 1452 5709 igitur
1497 5617 1787 5701 secundum

258 5755 737 5837 incessu-quiduis,
781 5767 827 5837 in
866 5770 1055 5822 duobtm
1094 5781 1198 5824 Mss.
1240 5785 1352 5837 Quae
1376 5780 1527 5831 verba
1560 5783 1696 5833 Savil.
1743 5786 1788 5835 in

189 5831 347 5882 marg.
370 5829 421 5869 et
445 5821 613 5872 .tlorel.
629 5821 822 5877 habent.

511 6020 538 6030 ο

1075 384 1165 440 DE
1200 382 1473 442 CHRISTI
1513 380 1876 449 PRECIBUS,
1918 382 2194 441 CONTRA
2233 387 2611 450 ΑΝοΜωοε.
2653 392 2746 450 ιι.

3442 403 3545 462 78⁴Ξ

1952 497 2091 555 hanc
2121 502 2432 570 petitionem
2460 522 2653 578 preces
2699 507 2874 564 oﬂert.
2899 510 3086 582 Neque
3123 514 3265 570 enim
3295 518 3544 586 precibus

1949 586 2217 662 indigebat
2248 596 2407 664 Deus,
2433 609 2490 652 ut
2510 608 2782 656 mortuum
2807 604 3113 661 suscitaret.
3156 608 3350 663 Annon
3391 610 3536 666 enim

1945 682 2082 762 alios
2113 685 2274 739 etiam
2303 697 2545 743 mortuos
2573 691 2850 747 suscitavit
2876 693 3148 762 tQuaudo
3186 698 3261 752 illi
3307 706 3543 762 occurrit

1945 759 2160 861 quidam
2191 787 2458 846 mortuus,
2490 781 2582 851 qui
2629 783 2682 836 in
2722 793 2874 853 porta
2920 759 3152 842 civitatis
3194 789 3538 859 eﬂ'erebatur,

1945 872 2318 928 tantummodo
2347 874 2578 929 loculum
2609 878 2817 948 tetigit,
2871 888 2925 934 et
2968 891 3238 937 mortuum
3282 887 3538 941 excitavit

1944 962 2092 1036 (Luc.
2130 967 2183 1018 'I.
2215 966 2326 1036 M).
2350 966 2485 1021 Num
2508 969 2758 1037 precibus
2788 982 2898 1025 tum
2927 973 3171 1043 indiguit,
3202 985 3257 1030 ut
3278 979 3539 1032 excitaret

1941 1052 2296 1110 defunctum?
2348 1056 2417 1110 Et
2461 1058 2588 1112 alibi
2631 1074 2817 1115 rursus
2855 1070 3061 1116 tantum
3099 1065 3262 1119 verbo
3300 1068 3535 1137 puellam

1941 1154 2024 1200 est
2051 1147 2356 1217 alloquutus
2376 1190 2391 1216 ,
2435 1149 2644 1205 Tulit/ia
2669 1151 2816 1207 ϐατηὶ
2845 1151 3036 1226 (Marc.
3069 1156 3128 1210 5.
3153 1157 3212 1211 Η
3240 1156 3286 1229 ),
3316 1168 3370 1213 et
3410 1175 3538 1214 con-

1945 1235 2122 1292 festim
2153 1240 2368 1294 tradidit
2391 1257 2507 1295 eam
2539 1246 2852 1312 parentibus
2875 1247 2986 1300 suis
3011 1263 3215 1302 sanam.
3249 1251 3385 1305 Num
3415 1268 3540 1322 pro-

1940 1329 2092 1383 cihus
2124 1339 2234 1385 tum
2266 1332 2533 1403 indiguit?
2559 1335 2698 1402 Quid
2725 1348 2902 1392 autem
2925 1338 2994 1394 de
3019 1342 3274 1411 magistro
3302 1344 3494 1415 loquor
3513 1347 3539 1400 ἲ

1942 1421 2197 1490 Discipuli
2227 1425 2342 1493 ejus
2373 1427 2488 1480 solo
2519 1428 2684 1483 verbo
2706 1435 3319 1495 mortuossuscitabant.
3346 1437 3535 1493 Petrus

1938 1526 2120 1568 nonne
2162 1513 2441 1570 Tabitbam
2470 1519 2636 1574 verbo
2665 1521 2953 1576 excitavit?
2991 1523 3186 1579 Paulus
3218 1543 3395 1582 nonne
3422 1530 3535 1584 suis

1937 1604 2176 1658 vestibus
2201 1605 2352 1674 signa
2375 1609 2538 1663 multa
2560 1608 2726 1664 fecit?
2756 1612 2913 1667 Disce
2943 1614 3213 1683 quidpiam
3236 1617 3534 1674 mirabilius

1939 1695 2058 1750 istis
2086 1713 2099 1750 :
2125 1700 2493 1766 apostolorum
2522 1704 2714 1772 umbra
2742 1715 2985 1760 mortuos
3017 1709 3329 1764 suscitabat.
3394 1712 3534 1780 Effe-

1937 1789 2113 1840 rebant
2141 1790 2308 1855 enim,
2334 1791 2523 1862 inquit,
2548 1795 2601 1847 in
2627 1797 2849 1866 grabatis
2869 1808 3107 1867 egrotae,
3135 1810 3190 1852 ut
3209 1802 3388 1854 saltem
3414 1818 3532 1855 um-

1937 1876 2027 1929 bra
2053 1877 2197 1932 Petri
2214 1882 2533 1937 obumbraret
2571 1903 2872 1956 quemquam
2910 1890 3117 1942 illorum
3138 1933 3152 1954 ,
3185 1903 3231 1946 et
3269 1896 3531 1964 confestim

1934 1969 2285 2024 excitabantur
2321 1973 2456 2044 (Act.
2515 1977 2567 2030 5.
2595 1979 2707 2040 l5).
2745 1979 2880 2045 Quid
2925 1983 3090 2049 ergo?
3135 1984 3528 2054 Discipulorum

1933 2059 2124 2114 umbra
2149 2073 2388 2118 mortuos
2419 2067 2705 2133 excitabat,
2735 2079 2789 2122 et
2813 2072 3066 2140 magister
3109 2076 3355 2143 precibus
3405 2094 3532 2149 ege-

1935 2149 2044 2216 bat,
2072 2160 2130 2205 nt
2157 2164 2425 2209 mortuum
2457 2159 2758 2213 excitaret?
2795 2159 2901 2215 Sed
2926 2175 3141 2233 propter
3168 2169 3408 2223 mulieris
3439 2172 3533 2225 im-

1933 2240 2279 2298 becillitatem
2306 2246 2524 2302 adhibet
2557 2266 2742 2318 preces
2768 2253 3033 2308 Salvator.
3090 2258 3179 2310 Ait
3201 2261 3342 2314 enim
3393 2263 3526 2332 ipsi,

1932 2329 2170 2399 Domine,
2194 2336 2238 2388 si
2268 2337 2452 2404 fuisses
2479 2339 2581 2405 hic,
2602 2341 2762 2410 frater
2791 2361 2927 2398 meus
2945 2363 3047 2400 non
3063 2349 3242 2416 fuisset
3263 2363 3528 2408 mortuus:

1930 2435 1979 2478 et
1999 2443 2133 2480 nunc
2152 2430 2277 2495 scio,
2299 2433 2419 2497 quia
2443 2444 2768 2504 quiscumque
2798 2441 3088 2506 poposceris
3117 2459 3148 2494 a
3195 2443 3333 2509 Deo,
3387 2448 3528 2500 dabit

1931 2519 2022 2572 tibi
2053 2519 2211 2574 Deus.
2246 2522 2529 2579 Postulnsti
2554 2542 2765 2595 preces,
2793 2530 2862 2583 do
2893 2546 3099 2600 preces.
3132 2534 3421 2605 Expositos
3442 2550 3528 2592 est

1930 2610 2051 2666 l'ons
2081 2629 2096 2677 ;
2129 2614 2505 2686 quodcumque
2538 2619 2750 2673 tandem
2783 2637 2877 2676 vas
2906 2625 2994 2692 qui
3024 2626 3283 2693 attulerit,
3340 2630 3528 2700 implet

1928 2703 2080 2758 illud.
2113 2706 2166 2760 Si
2193 2723 2440 2778 magnum
2471 2710 2648 2774 fuerit,
2674 2729 2923 2782 magnum
2947 2719 3109 2771 sumit
3137 2735 3150 2770 :
3184 2720 3228 2773 si
3251 2722 3524 2790 exiguum,

1927 2798 2092 2851 sumit
2118 2798 2390 2868 exiguum.
2426 2800 2552 2857 Haec
2572 2803 2732 2872 igitur
2762 2820 2950 2875 preces
2979 2810 3285 2877 postulavit,
3319 2823 3370 2866 et
3401 2812 3526 2868 Sal-

1928 2898 2079 2942 vator
2106 2907 2293 2959 preces
2314 2898 2600 2950 concessit.
2632 2899 2780 2952 Alius
2807 2898 2959 2963 dixit,
3000 2901 3117 2955 Non
3158 2921 3272 2957 sum
3313 2907 3519 2975 dignus,

1927 2988 1979 3030 ut
2006 2981 2161 3034 intres
2182 2983 2272 3036 sub
2299 2993 2482 3039 tectum
2507 3003 2694 3054 meum,
2724 2991 2813 3043 sed
2836 2999 3030 3044 tantum
3057 2994 3138 3046 dic
3179 2997 3324 3049 verba
3341 3039 3355 3061 ,
3400 2998 3526 3052 Fiat

1927 3070 2044 3134 tibi,
2095 3082 2143 3124 et
2183 3076 2447 3129 sanabitur
2471 3094 2596 3146 puer
2622 3095 2765 3132 meus
2795 3095 2813 3133 :
2845 3091 2952 3134 tum
2981 3084 3109 3136 dixit
3135 3085 3182 3137 ei
3211 3086 3453 3142 Salvator
3495 3108 3516 3144 :

1925 3160 2226 3218 Secundum
2247 3167 2399 3234 ﬁdem
2420 3177 2558 3222 tuam
2588 3172 2679 3238 fiat
2701 3172 2789 3225 tibi
2817 3173 3031 3243 (Matth.
3060 3177 3113 3231 8.
3133 3179 3184 3231 8.
3231 3179 3344 3249 l5).
3368 3180 3522 3236 Alius

1923 3253 2058 3309 dixit
2086 3275 2098 3310 :
2134 3257 2288 3324 Veni,
2322 3275 2452 3314 sana
2482 3263 2643 3316 ﬁliam
2679 3281 2851 3319 meam
2881 3284 2892 3319 :
2929 3276 3040 3320 tum
3067 3269 3144 3322 ait
3168 3269 3272 3335 iili,
3319 3273 3521 3340 Sequar

1923 3354 1971 3398 te
2016 3346 2122 3419 (Ib.
2154 3349 2206 3404 9.
2259 3351 2344 3406 l8.
2392 3353 2501 3421 l9).
2559 3354 2740 3422 itaque
2791 3367 2946 3425 prout
2992 3374 3051 3413 se
3105 3358 3300 3415 habent
3343 3363 3517 3417 homi-

1923 3453 2052 3492 num
2077 3441 2398 3509 voluntates,
2427 3447 2689 3502 medelam
2717 3448 2935 3502 adhibct
2963 3451 3227 3507 medicus.
3254 3454 3367 3508 Alia
3398 3472 3518 3510 rur-

1921 3544 2013 3585 sus
2044 3533 2180 3586 clam
2206 3536 2507 3591 vestimenti
2540 3539 2656 3606 ejus
2706 3539 2971 3595 fimbriam
3020 3545 3212 3613 tetigit,
3265 3556 3321 3600 et
3377 3548 3516 3602 clam

1921 3623 2183 3678 medelam
2240 3627 2470 3682 obtinuit
2522 3628 2628 3698 (Ib.
2676 3646 2724 3683 υ.
2756 3631 2847 3685 ‘20.
2894 3635 3028 3704 sqq.)
3076 3653 3088 3688 :
3147 3638 3517 3706 unusquisque

1920 3726 2080 3784 prout
2117 3719 2388 3785 credebat,
2437 3722 2597 3775 etiam
2648 3725 2938 3780 sanilatem
2981 3730 3352 3795 recuperabat.
3409 3731 3516 3786 lsta

1922 3809 2053 3862 dicit
2083 3828 2094 3862 :
2129 3813 2262 3876 scio,
2293 3813 2414 3881 quia
2442 3829 2793 3885 quatcumqne
2825 3821 3132 3887 poposceris
3155 3837 3180 3872 a
3212 3822 3391 3888 Patre,
3414 3823 3514 3877 da-

1917 3899 1996 3953 bit
2022 3899 2114 3953 tibi
2134 3895 2311 3966 Pater,
2338 3905 2656 3973 etquoniam
2687 3922 2870 3974 preces
2897 3909 3259 3977 postulaverat
3282 3913 3513 3980 Martha,

1916 4006 2103 4060 preces
2127 3994 2198 4046 illi
2227 3997 2491 4049 concessit
2518 3997 2780 4064 Salvator,
2809 4016 2912 4052 non
2942 4002 3084 4069 quod
3113 4003 3227 4070 ipse
3258 4007 3509 4074 precibus

1916 4083 2200 4152 indigeret,
2233 4086 2325 4140 sed
2358 4087 2498 4155 quod
2530 4090 2769 4143 mulieris
2798 4091 3091 4145 infirmitati
3124 4109 3330 4148 morem
3359 4112 3514 4164 gere-

1913 4183 2018 4236 ret,
2045 4190 2209 4245 seque
2239 4177 2346 4231 Deo
2373 4196 2477 4232 non
2500 4180 2771 4234 adversari
2795 4183 3125 4250 ostenderet,
3151 4201 3332 4239 rerum
3355 4189 3511 4257 quid-

1912 4264 2039 4333 quid
2073 4265 2186 4334 ipse
2214 4266 2420 4333 fecerit,
2453 4269 2554 4325 hoc
2579 4271 2738 4324 etiam
2772 4272 2884 4327 ﬁeri
2925 4289 2954 4327 a
3002 4275 3178 4331 Patre.
3235 4276 3511 4335 Formavit

1913 4355 2056 4409 Deus
2089 4355 2358 4412 hominem
2385 4374 2414 4412 a
2446 4361 2710 4430 principio
2739 4378 2752 4414 :
2788 4363 2889 4418 fuit
2922 4366 3198 4435 utriusque
3219 4384 3512 4426 commune

1912 4449 2241 4518 ﬁgmentum.
2273 4451 2551 4507 Faciamus
2567 4456 2732 4521 enim,
2762 4458 2952 4527 inquit,
2983 4459 3237 4514 hominem
3265 4463 3333 4515 ad
3370 4465 3506 4516 ima-

1909 4546 2074 4614 ginem
2115 4555 2163 4599 et
2207 4546 2588 4600 similitudinem
2609 4559 2833 4603 nostram
2865 4550 3017 4621 (Gen.
3045 4554 3093 4606 l.
3125 4552 3197 4608 26
3298 4555 3512 4611 Rursus

1908 4638 2171 4692 latronem
2205 4638 2371 4692 voluit
2401 4639 2451 4692 in
2487 4639 2791 4707 paradisum
2838 4643 3227 4705 intromittere.
3274 4654 3328 4700 et
3369 4662 3504 4701 con.

1908 4726 2083 4781 festim
2112 4728 2334 4782 verbum
2387 4731 2636 4798 protulit,
2683 4745 2746 4785 ac
2792 4731 3056 4787 latronem
3099 4734 3150 4787 in
3195 4737 3510 4805 paradisum

1908 4820 2233 4888 introduxit,
2285 4837 2458 4892 neque
2517 4823 2765 4892 precibus
2809 4825 3072 4894 lndiguit:
3125 4829 3334 4883 tametsi
3381 4842 3505 4898 post

1908 4912 2173 4966 Adamum
2207 4926 2400 4968 omnes
2429 4914 2684 4969 Dominus
2713 4916 2782 4970 ab
2811 4917 2958 4970 aditu
2991 4917 3129 4971 illius
3155 4928 3382 4973 arceret.
3409 4920 3504 4975 Po-

1905 5006 2014 5059 Suit
2038 5005 2179 5060 enim
2212 5006 2517 5062 flammeum
2544 5009 2778 5079 gladium
2806 5010 2872 5064 ad
2899 5011 3307 5067 custodiendum
3337 5029 3494 5083 para-

1903 5098 2079 5154 disum
2130 5098 2237 5171 (Ib.
2265 5102 2316 5156 5.
2341 5099 2434 5173 2b)
2469 5119 2483 5156 :
2517 5111 2570 5156 at
2600 5102 2848 5157 Christus
2900 5106 3219 5159 auctoritate
3250 5120 3347 5160 sua
3405 5123 3497 5176 po-

1903 5193 2141 5247 radisum
2171 5194 2403 5262 aperuit,
2449 5202 2505 5248 et
2534 5194 2795 5249 latronem
2853 5196 3146 5249 introduxit
3195 5197 3347 5267 (Luc.
3404 5199 3497 5255 25.

1902 5283 2017 5357 45).
2067 5283 2394 5354 Latronem,
2426 5287 2670 5354 Domine,
2719 5286 2772 5341 in
2828 5286 3132 5357 paradisum
3167 5289 3500 5346 introducis?

1905 5375 2065 5433 Pater
2094 5387 2215 5432 tuus
2241 5377 2311 5433 ob
2333 5395 2494 5433 unum
2525 5389 2798 5448 peccatum
2826 5379 3087 5434 Adamum
3118 5382 3275 5450 ejecit
3300 5399 3330 5438 e
3351 5398 3504 5454 pera.

1901 5469 2041 5537 diso,
2070 5478 2124 5526 et
2156 5481 2210 5526 tu
2236 5472 2498 5527 latronem
2531 5473 2873 5528 introducis?
2894 5489 3014 5528 cum
3055 5475 3143 5544 qui
3190 5476 3338 5531 mille
3385 5494 3501 5532 ma-

1902 5562 2098 5627 lorum,
2146 5565 2291 5618 mille
2316 5566 2578 5620 scelerum
2627 5580 2749 5619 reus
2789 5567 2940 5620 erat?
2980 5575 3034 5620 et
3071 5567 3385 5636 simpliciter
3424 5571 3503 5624 ita.

1901 5667 2122 5726 propter
2149 5673 2308 5712 unam
2335 5672 2520 5713 vocem
2553 5659 2605 5712 in
2641 5660 2943 5728 paradisum
2994 5675 3116 5714 eum
3163 5661 3496 5716 introducist

1900 5747 2011 5817 Ego
2041 5763 2170 5803 vero
2198 5749 2478 5804 introduco
2511 5768 2523 5803 :
2556 5765 2680 5804 nam
2726 5765 2826 5805 nec
2866 5750 2993 5805 illud
3041 5752 3242 5821 absque
3283 5767 3368 5808 me
3408 5752 3491 5808 la-

1899 5848 2040 5892 etum
2069 5850 2178 5904 est,
2205 5855 2376 5908 neque
2401 5841 2541 5894 istud
2573 5841 2773 5911 absque
2801 5839 2957 5897 Patre
2982 5857 3106 5898 meo
3134 5861 3144 5894 :
3178 5842 3276 5898 sed
3305 5852 3359 5899 et
3386 5843 3486 5898 hoe
