4174 6336
704 382 810 438 785

706 513 883 553 meum
911 505 1013 563 est,
1037 504 1090 550 et
1119 495 1244 549 illud
1268 503 1350 549 est
1378 493 1550 549 Patris
1582 494 1707 549 mei.
1741 492 1850 564 Ego
1870 492 2000 546 enim
2024 491 2077 544 in
2109 489 2289 556 Patre,

703 600 750 644 et
780 588 934 642 Pater
961 586 1014 640 in
1040 604 1116 640 me
1142 585 1322 658 (Joan.
1358 587 1442 640 14.
1475 585 1543 639 10
1570 584 1613 655 ).

774 681 830 734 3.
850 681 1030 748 'Atque
1060 686 1116 732 ut
1142 677 1324 732 videas
1345 676 1602 730 orationis
1632 689 1791 744 opera
1821 690 1926 727 non
1957 673 2118 726 fuisse
2142 685 2290 725 mor-

705 779 852 822 tuum
900 769 1223 833 excitatum,
1273 766 1397 821 audi
1447 767 1762 821 orationem.
1809 764 1945 830 Quid
1989 763 2129 818 enim
2175 763 2290 816 ait?

711 859 914 913 Gratias
940 876 1036 930 ago
1067 861 1172 922 tibi,
1205 859 1383 924 Pater,
1429 858 1665 926 quoniam
1705 857 1888 909 audisti
1933 872 2010 909 me
2037 853 2146 926 (Id.
2202 855 2286 908 Η.

702 949 815 1024 Η).
843 952 978 1018 Quid
1009 951 1174 1021 ergo?
1205 951 1446 1004 Hreccine
1478 950 1682 1020 species
1723 957 1802 1002 est
1829 944 2128 1001 orationis?
2175 949 2289 999 haec

701 1042 872 1096 forma
900 1042 1300 1110 supplicatiOnis
1316 1038 1345 1094 ι
1371 1038 1574 1094 Gratias
1594 1056 1690 1109 ago
1717 1039 1822 1104 tibi,
1846 1038 2083 1108 quoniam
2104 1037 2291 1090 audisti

701 1149 800 1188 me.
830 1131 940 1204 Ego
967 1143 1154 1197 autem,
1182 1132 1371 1202 inquit,
1405 1130 1641 1196 sciebam,
1671 1131 1787 1200 quia
1815 1145 2013 1198 semper
2041 1144 2119 1180 me
2143 1128 2290 1180 audis

701 1222 809 1284 (ib.
833 1240 880 1277 υ.
909 1223 1024 1291 42).
1053 1223 1106 1278 Si
1134 1220 1264 1292 ergo
1293 1225 1418 1285 scis,
1455 1223 1676 1275 Domine
1695 1221 1717 1287 ,'
1742 1235 1955 1289 semper
1983 1219 2152 1272 audiri
2181 1230 2229 1271 te
2257 1233 2288 1271 a

703 1317 879 1379 Patre,
907 1331 1004 1370 cur
1029 1317 1095 1370 de
1123 1317 1187 1369 iis
1216 1331 1335 1385 (pne
1364 1315 1468 1368 scis
1495 1314 1704 1368 Patrem
1733 1311 2084 1380 interpellas?
2123 1309 2289 1378 Equi-

699 1407 821 1459 dem
863 1409 976 1460 scio
996 1446 1010 1470 ,
1041 1407 1240 1475 inquit,
1268 1406 1390 1475 quia
1429 1419 1642 1472 semper
1667 1403 1816 1457 audit
1844 1418 1927 1455 me
1954 1402 2112 1455 Pater
2141 1417 2154 1452 :
2181 1398 2288 1454 Sed

699 1508 904 1569 propter
934 1498 1204 1569 populum,
1247 1500 1332 1569 qui
1374 1500 1694 1562 circumstat,
1736 1497 1843 1549 dixi
1862 1538 1876 1560 ,
1909 1504 1961 1546 ut
1987 1503 2290 1564 cognoscant

698 1605 900 1653 omnes,
928 1589 1046 1658 quia
1075 1599 1128 1642 tu
1180 1605 1260 1642 me
1313 1589 1491 1642 misisti
1539 1586 1558 1655 (
1580 1586 1719 1640 Ibid.
1745 1585 1787 1656 ).
1814 1585 1949 1640 Num
1978 1571 2135 1654 igitur
2162 1599 2288 1653 pro-

701 1687 820 1746 pter
844 1678 1148 1733 defunctum
1180 1679 1394 1733 oravit?
1431 1693 1556 1732 num
1588 1677 1923 1747 supplicavit,
1957 1684 2014 1730 ut
2041 1689 2286 1742 resurge-

698 1777 780 1821 ret
809 1767 1081 1821 Lazarus?
1110 1783 1237 1822 num
1269 1768 1421 1833 dixit,
1447 1767 1624 1831 Pater,
1653 1768 1853 1836 impera
1885 1766 2041 1819 morti
2073 1773 2130 1818 ut
2160 1764 2289 1818 obe-

697 1861 845 1916 diat?
889 1877 1016 1916 num
1056 1862 1223 1926 dixit,
1259 1863 1451 1929 Pater,
1496 1863 1696 1932 impera
1737 1862 1978 1926 inferno,
2011 1870 2069 1914 ut
2106 1868 2287 1928 portas

699 1969 805 2008 non
824 1954 1087 2030 occludat,
1112 1954 1204 2010 sed
1229 1963 1472 2024 prompte
1495 1961 1760 2008 mortuum
1789 1953 2011 2009 reddat?
2037 1952 2144 2008 Sed
2169 1969 2288 2021 pro-

699 2055 808 2113 pter
837 2046 1079 2115 populum
1105 2046 1237 2099 hunc
1262 2047 1667 2099 circumstantem
1698 2045 1806 2099 dixi
1824 2087 1837 2109 ,
1871 2046 2074 2115 inquit,
2116 2054 2169 2097 ut
2196 2061 2286 2097 co-

695 2140 936 2205 gnoscant
975 2153 1145 2189 omnes
1163 2179 1178 2201 ,
1218 2137 1335 2204 quia
1367 2147 1419 2189 tu
1449 2153 1529 2190 me
1554 2137 1753 2190 misisti.
1782 2135 1897 2190 Non
1923 2151 2049 2205 ergo
2075 2136 2282 2205 signum

695 2233 779 2279 est
819 2224 868 2278 id
908 2225 1048 2294 quod
1075 2226 1274 2295 geritur
1293 2268 1307 2292 ,
1332 2227 1424 2281 sed
1449 2227 1726 2280 instructio
1747 2240 1930 2280 eorum
1951 2227 2037 2294 qui
2067 2226 2281 2279 adsunt.

772 2315 846 2368 0b
872 2316 1102 2384 inﬁdeles
1130 2317 1386 2370 adstantes
1417 2317 1576 2369 oravit
1605 2313 1856 2370 Christus.
1877 2343 1950 2355 —-
1969 2314 2148 2380 Vides,
2178 2330 2283 2385 quo

697 2417 852 2475 pacto
879 2424 982 2461 non
1008 2417 1224 2477 propter
1252 2417 1518 2462 mortuum
1549 2408 1737 2462 ﬁerent
1777 2423 1960 2478 preces
1982 2450 1994 2472 ,
2027 2409 2120 2464 sed
2157 2425 2283 2478 pro-

698 2508 818 2567 pter
843 2498 1084 2553 inﬁdelcs
1113 2500 1200 2567 qui
1229 2499 1472 2564 aderant,
1507 2498 1574 2554 Ut
1601 2510 1921 2569 cognoscant,
1956 2499 2142 2568 inquit,
2167 2502 2285 2569 quia

696 2601 749 2642 tu
778 2606 858 2644 me
881 2591 1080 2644 misisti.
1109 2591 1176 2644 Et
1202 2607 1307 2660 quo
1333 2601 1489 2661 pacto
1518 2591 1629 2645 ﬁeri
1657 2591 1870 2661 poterit,
1902 2591 2042 2645 dicet
2069 2577 2281 2660 aliquis,

697 2691 754 2734 ut
797 2697 1180 2751 cognoscamus
1230 2691 1280 2737 te
1326 2684 1392 2737 ab
1442 2684 1532 2736 illo
1579 2685 1798 2737 missum
1849 2684 2010 2738 esse?
2056 2684 2284 2740 Attende

696 2785 880 2840 quaeso
908 2773 1204 2839 diligenter.
1239 2773 1396 2839 Ecce,
1431 2773 1627 2843 inquit,
1647 2775 1871 2842 propria
1901 2790 2016 2827 mea
2046 2775 2283 2828 auctori-

699 2870 807 2916 tate
850 2871 1115 2916 mortuum
1156 2878 1322 2917 evoco
1360 2881 1373 2917 :
1405 2878 1531 2918 ecce
1575 2864 1786 2932 propria
1830 2871 2095 2932 potestate
2124 2865 2282 2918 morti

701 2957 908 3023 impero
943 2973 956 3009 :
987 2954 1195 3008 Patrem
1237 2970 1369 3009 voco
1412 2964 1615 3024 patrem
1649 2972 1662 3008 :
1695 2964 1749 3010 et
1775 2955 2032 3010 Lazarum
2062 2970 2226 3010 evoco
2255 2970 2286 3008 e

696 3044 962 3113 sepulcro.
1009 3044 1065 3099 Si
1114 3046 1343 3117 primum
1375 3045 1502 3100 illud
1546 3061 1729 3100 verum
1774 3061 1878 3098 non
1923 3055 2039 3109 est,
2086 3061 2153 3099 ne
2185 3046 2285 3100 hoc

699 3133 789 3186 flat
815 3133 1105 3188 secundum
1142 3154 1153 3188 :
1188 3134 1267 3188 sin
1296 3145 1472 3189 autem
1504 3151 1631 3190 vere
1656 3135 1815 3189 Pater
1841 3145 1921 3189 est
1951 3143 2118 3204 pater,
2153 3136 2284 3189 obe-

695 3224 804 3278 diat
847 3212 1089 3280 mortuus
1137 3227 1202 3280 ad
1251 3242 1436 3280 eorum
1483 3227 1575 3297 qui
1622 3227 1816 3282 adsunt
1858 3227 2280 3282 instructionem.

695 3316 830 3382 Quid
879 3318 1017 3371 enim
1082 3317 1324 3372 Christus
1390 3318 1642 3372 dicebat?
1687 3317 1922 3383 Lazare,
1975 3319 2086 3372 veni
2147 3319 2285 3388 {oras

696 3405 938 3479 (“.45).
979 3407 1200 3475 Quando
1228 3409 1386 3463 ﬁebat
1427 3411 1620 3474 oratio,
1665 3426 1770 3464 non
1802 3410 2096 3462 resurrexit
2137 3424 2281 3462 mor-

697 3508 820 3552 tuus
849 3517 862 3552 :
895 3499 983 3552 sed
1012 3501 1224 3568 quando
1249 3501 1399 3565 dixit,
1432 3500 1644 3566 Lazare,
1675 3503 1783 3554 veni
1808 3506 1966 3570 foras,
1994 3508 2118 3554 tunc
2142 3516 2282 3552 mor-

697 3599 817 3642 tuus
862 3591 1168 3643 resurrexit.
1215 3592 1256 3644 Ο
1302 3607 1546 3660 magnam
1592 3593 1780 3644 mortis
1827 3590 2197 3661 tyrannidem!
2240 3588 2284 3643 Ο

698 3695 940 3749 magnam
965 3682 1298 3750 tyrannidem
1323 3683 1535 3735 virtutis
1564 3683 1725 3745 illius,
1751 3698 1866 3750 qua:
1890 3682 2117 3734 animam
2143 3680 2282 3733 illam

696 3771 1002 3824 detinebat!
1053 3770 1095 3825 Ο
1138 3771 1371 3838 inferne,
1418 3773 1664 3836 iactares;
1695 3774 1900 3836 oratio,
1935 3780 1987 3825 ct
2013 3783 2281 3824 mortuum

698 3878 802 3918 non
842 3862 1106 3916 dimittis?
1153 3863 1533 3933 Nequaquam,
1580 3864 1765 3932 inquit.
1815 3865 1926 3928 Qua
1972 3863 2037 3916 de
2083 3861 2282 3915 causa?

1418 378 1474 433 S.
1516 375 1796 433 JOANNIS
1835 372 2303 431 CHRYSOSTOMI
2343 372 2663 429 ARCIIIEP.
2709 371 3242 429 CONS'IANTINOP.

3887 367 3995 423 78$

2401 490 2530 558 Quia
2564 505 2668 543 non
2692 489 2874 558 jussus
2903 506 3018 545 sum
3050 491 3336 545 dimittere.
3369 491 3558 547 Custos
3585 508 3702 547 sum
3740 499 4006 560 carceris.

2399 588 2486 657 qui
2516 603 2664 642 reum
2695 587 2781 642 hic
2809 588 3019 642 detineo
3046 605 3057 640 :
3090 588 3187 641 nisi
3209 588 3389 655 jussus
3419 588 3626 652 fuerim,
3662 590 3853 658 inquit.
3880 605 3997 644 non

2397 677 2660 732 dimittam
2691 697 2703 730 :
2735 679 2994 748 siquidem
3024 680 3193 732 oratio
3221 695 3324 731 non
3357 688 3573 748 propter
3601 696 3705 744 me,
3737 681 3828 734 sed
3863 697 4003 750 pro-

2395 780 2512 838 pter
2533 785 2625 823 cos
2651 770 2739 838 qui
2767 769 2987 823 aderant
3017 770 3276 834 inﬁdeles,
3304 777 3384 823 est
3410 768 3569 823 facta.
3600 771 3729 824 Nam
3758 775 3998 843 ego‘nisi

2395 861 2522 915 mihi
2556 861 2712 914 fuerit
2756 862 3070 929 imperatum
3092 902 3106 927 ,
3150 877 3300 916 reum
3332 878 3436 915 non
3468 861 3752 915 dimittam.
3789 862 3995 917 Vocem

2393 960 2676 1018 exsliecto,
2723 962 2780 1005 ut
2814 953 3044 1005 animam
3077 951 3360 1005 dimittam.
3411 951 3640 1020 Lazare,
3686 955 3795 1007 veni
3821 958 3981 1025 foras,

2395 1041 2613 1094 Audivit
2642 1050 2965 1110 praeceptum
2987 1040 3314 1095 dominicum
3339 1052 3598 1109 mortuus,
3626 1046 3988 1114 etconfestint

2396 1132 2548 1201 leges
2573 1132 2760 1185 mortis
2785 1132 3022 1185 violavit.
3049 1131 3378 1187 Erubescant
3402 1135 3657 1199 hmretici,
3685 1145 3735 1190 et
3763 1146 3990 1205 pereant

2393 1239 2421 1277 a
2449 1224 2580 1278 facie
2607 1233 2783 1278 terrm.
2809 1223 2949 1278 Satis
2971 1224 3110 1277 enim
3139 1239 3204 1277 ex
3233 1223 3348 1292 ipso
3371 1223 3659 1293 Scriptura:
3687 1233 3825 1280 textu
3857 1241 4004 1290 con-_.

2393 1324 2498 1370 Slﬂl
2529 1330 2632 1368 ΠΟΙΙ
2675 1313 2740 1367 ad
2791 1323 3059 1368 mortuum
3107 1314 3470 1367 suscitandum
3519 1318 3812 1368 orationem
3865 1331 3990 1369 εδει)

2393 1405 2580 1458 factam
2601 1445 2615 1470 ,
2648 1404 2742 1458 sed
2777 1413 2833 1457 ut
2859 1419 3065 1469 eorum,
3093 1404 3183 1472 qui
3213 1403 3467 1466 aderant,
3498 1403 3788 1459 inﬁdelium
3828 1405 3988 1458 inﬁr-

2392 1497 2559 1551 mitati
2599 1497 2992 1551 consuleretur.
3036 1495 3260 1560 Lazare,
3305 1498 3414 1548 veni
3456 1500 3613 1565 foras.
3657 1497 3827 1560 Quare
3856 1513 3989 1550 vero

2393 1597 2659 1643 mortuum
2691 1588 2999 1642 nominatim
3027 1589 3275 1641 vocavit?
3316 1588 3521 1655 Quaeris
3552 1598 3602 1640 tu
3634 1589 3839 1658 quare?
3882 1588 3987 1650 Ne.

2391 1680 2436 1734 si
2477 1680 2773 1733 absolutam
2809 1694 2993 1732 vocem
3025 1679 3090 1732 ad
3135 1687 3375 1732 mortuos
3415 1679 3703 1734 direxisset
3727 1723 3740 1743 ,
3772 1694 3988 1744 omnes,

2391 1771 2479 1840 qui
2504 1771 2554 1822 in
2580 1769 2840 1838 sepulcris
2862 1779 3034 1836 erant,
3062 1770 3340 1836 excitaret,
3371 1769 3569 1824 idcirco
3592 1770 3738 1834 dicit,
3764 1770 3990 1834 Lazare,

2391 1864 2500 1917 veni
2529 1866 2686 1935 foras.
2721 1862 2797 1916 Te
2824 1878 2985 1916 unum
3015 1877 3198 1915 coram
3232 1861 3334 1915 hoc
3368 1862 3562 1930 populo
3589 1862 3798 1915 interim
3823 1878 3990 1917 revo-

2391 1968 2485 2020 co,
2533 1962 2589 2007 ut
2623 1953 2724 2007 hac
2752 1953 2802 2006 in
2835 1962 2985 2021 parte
3016 1952 3286 2021 specimen
3325 1953 3532 2006 virtutis
3562 1953 3859 2008 futurorum
3889 1969 3990 2008 ex-

2390 2047 2624 2101 hibeam.
2671 2047 2782 2115 Ε’θο
2819 2046 2960 2100 enim
2991 2047 3079 2115 qui
3123 2061 3286 2100 unum
3317 2045 3573 2112 excitavi,
3602 2055 3768 2100 totum
3798 2048 3987 2102 orbem

2391 2149 2650 2192 terrarum
2690 2136 2954 2191 excitabo.
2983 2136 3096 2205 Ego
3125 2137 3318 2206 quippe
3346 2153 3458 2189 sum
3482 2138 3779 2189 resurrectio
3811 2146 3854 2189 et
3879 2138 3988 2188 vita

2393 2226 2569 2296 (Joan.
2601 2228 2686 2279 il.
2710 2225 2824 2293 25).
2848 2225 3061 2292 Lazare,
3079 2226 3189 2278 veni
3209 2229 3348 2296 [oras
3366 2223 3468 2296 (Ib.
3495 2243 3542 2278 v.
3564 2226 3677 2293 45).
3699 2226 3762 2279 Ει
3789 2226 3991 2294 prodiit

2389 2326 2633 2372 mortuus
2665 2318 2856 2386 ligatus
2886 2317 3048 2386 pedes
3076 2325 3129 2371 et
3169 2331 3359 2370 manus
3389 2317 3602 2371 institis.
3631 2317 3674 2370 0
3702 2333 3813 2372 rem
3840 2319 3992 2371 inso-

2389 2411 2534 2465 litam
2562 2419 2614 2464 et
2643 2410 2980 2464 mirabilem!
3029 2409 3128 2475 Qui
3171 2425 3201 2462 a
3244 2409 3432 2462 mortis
3477 2409 3705 2464 vinculis
3747 2410 3990 2464 animam

2390 2501 2580 2567 solvit,
2613 2502 2700 2569 qui
2744 2499 2888 2554 fores
2933 2499 3122 2553 inferni
3157 2497 3443 2568 perfregit,
3477 2500 3565 2568 qui
3601 2508 3781 2569 portas
3813 2516 3989 2554 a-reas

2391 2602 2455 2646 et’
2472 2600 2647 2646 vectes
2692 2593 2896 2645 ferreos
2921 2591 3215 2653 contrivit,
3240 2599 3297 2644 et
3325 2591 3554 2644 animam
3587 2606 3615 2642 a
3648 2590 3836 2644 mortis
3867 2592 3992 2643 vin-

2391 2685 2526 2738 culis
2552 2683 2827 2748 liberavit,
2870 2698 2975 2737 non
3004 2683 3175 2752 potuit
3203 2683 3364 2736 etiam
3409 2683 3617 2736 institas
3648 2683 3842 2735 mortui
3870 2684 3990 2736 sol-

2393 2773 2557 2827 vere?
2585 2772 2724 2827 Sane
2753 2773 2926 2842 potuit
2953 2790 2964 2824 :
2992 2772 3086 2826 sed
3115 2771 3315 2826 Iudaeis
3338 2772 3563 2840 imperat
3592 2772 3800 2826 solvant
3834 2773 3996 2826 insti-

2395 2873 2476 2917 tas
2501 2905 2514 2928 ,
2543 2879 2674 2933 quas
2717 2864 2814 2933 ipsi
2847 2864 2994 2932 prius
3014 2903 3027 2927 ,
3067 2863 3192 2916 dum
3224 2863 3366 2916 illum
3399 2863 3644 2932 sepulcro
3667 2862 3991 2928 conderent,

2391 2957 2750 3022 strinxerant,
2791 2964 2846 3008 ut
2878 2970 3093 3008 suorum
3123 2954 3451 3008 vinculorum
3493 2954 3683 3008 indicia
3723 2971 3994 3024 recogno-

2391 3055 2563 3112 scant,
2593 3056 2649 3098 ut
2675 3046 3042 3115 experimento
3063 3045 3289 3110 discant,
3323 3060 3386 3101 ex
3418 3045 3482 3099 iis
3506 3061 3625 3114 qua:
3653 3046 3750 3114 ipsi
3777 3049 3996 3115 praesti-

2393 3141 2571 3205 terint,
2607 3139 2866 3192 Lazarum
2892 3155 3012 3192 eum
3044 3153 3165 3193 esse
3190 3153 3349 3207 quem
3393 3138 3490 3206 ipsi
3517 3139 3765 3205 sepulcro
3795 3139 3994 3192 condi-

2390 3232 2564 3286 derint
2614 3231 2655 3295 ¹,
2696 3238 2750 3284 et
2794 3229 3061 3283 Christum
3105 3244 3263 3293 esse,
3322 3229 3411 3298 qui
3471 3229 3763 3282 secundum
3818 3230 3996 3283 Patris

2361 3344 2365 3348 ·
2392 3321 2782 3392 beneplacitum
2815 3323 2864 3374 in
2907 3320 3162 3374 mundum
3188 3321 3432 3383 advenit,
3478 3321 3566 3389 qui
3597 3321 3715 3373 vitm
3739 3336 3811 3375 ac~
3842 3324 3996 3376 necis

2393 3413 2552 3467 habet
2596 3419 2932 3481 potestatem.
2970 3410 3072 3479 Ipsi
3114 3411 3280 3481 gloria
3309 3417 3363 3462 et
3394 3410 3675 3478 imperium
3722 3426 3824 3463 una
3869 3427 4000 3464 cum

2392 3505 2546 3558 Patre
2586 3512 2676 3556 tuo
2703 3503 2835 3556 initii
2873 3512 3089 3570 experte
3111 3543 3125 3566 ,
3170 3501 3432 3570 simulque
3463 3512 3647 3554 sancto
3676 3517 3740 3556 ac
3767 3502 3995 3557 viviﬁco

2391 3596 2590 3664 Spiritu
2617 3604 2730 3661 tuo,
2757 3608 2898 3647 nunc
2926 3605 2979 3648 et
3004 3608 3235 3662 semper,
3263 3601 3317 3647 et
3344 3593 3394 3646 in
3424 3592 3617 3647 saecula
3639 3593 3991 3649 surculorum.

2391 3693 2585 3744 Amen.

2456 3805 2472 3836 ί
2508 3803 2648 3854 Savil.
2677 3805 2723 3851 in
2743 3815 2896 3864 marg.
2922 3801 3066 3862 addit,
3095 3812 3243 3863 neque
3267 3797 3535 3849 realitatem
3557 3802 3785 3861 tanquam
3832 3798 3994 3862 phan-

2391 3875 2547 3917 tasma
2571 3865 2832 3927 divulgent.

700 4001 3982 4026 _______________________________.________.___.___—_———————.

701 4111 866 4164 QUOD
909 4110 1033 4153 NON
1077 4111 1308 4153 DICERE
1354 4110 1433 4152 ΕΤ
1462 4111 1545 4153 ΔΙ)
1589 4108 1765 4152 ALIOS
1810 4108 2125 4162 BFFERRE,
2169 4107 2311 4158 QUE
2356 4104 2602 4158 SCIMUS,
2650 4100 3084 4144 PAUPERIORES
3130 4096 3245 4141 NOS
3277 4097 3538 4150 BEDDIT,
3573 4097 3653 4138 ΕΤ
3695 4094 3992 4138 ΘΒΔΤΙΔΜ

778 4213 1161 4256 EXSTINGUIT
1233 4215 1247 4252 Ξ

776 4315 1119 4369 FACIEBAT;
1179 4315 1258 4356 ET
1325 4314 1386 4355 IN
1445 4312 1714 4354 νΕΤΕιιιε
1783 4312 1958 4353 LEGIS
2029 4309 2539 4352 ΕΜΕΝΟΔΤΙΟΝΕΜ
2607 4309 2624 4348 ἒ

1310 4213 1390 4254 ΕΤ
1433 4211 1497 4253 IN
1552 4211 1812 4265 PRECES,
1861 4209 2087 4261 QUIBUS
2139 4209 2284 4251 ΕΗΒ]

2392 4208 2443 4250 IS
2489 4208 2604 4249 EST
2658 4205 2832 4259 USUS,
2892 4205 2972 4246 ET
3022 4201 3542 4265 AUCTORITATEM,
3591 4199 3715 4252 QUA
3775 4198 3986 4240 ΟΜΝΙΑ

2691 4307 2773 4350 ΕΤ
2839 4305 3011 4358 QUOD
3067 4301 3454 4347 INCABNATIO
3509 4297 3992 4352 EQUALITATBK

776 4417 973 4460 IPSIUS
1017 4417 1149 4460 CUM
1195 4415 1397 4457 PATRE
1441 4413 1566 4455 NON
1613 4413 1865 4465 MINUIT,
1915 4413 2032 4455 εει)
2077 4411 2448 4453 CONFIRMAT
2489 4409 2737 4452 POTIUS.

1813 4537 2832 4612 WWMW

1274 4699 1490 4739 HOIILIA
1529 4698 1742 4738 DECIMA.

775 4779 824 4832 ί.
866 4775 1242 4848 Superioribus
1295 4775 1482 4829 diebus
1530 4773 1738 4828 abunde
1788 4773 1838 4826 in
1890 4773 2087 4827 celebri
2141 4780 2282 4826 creta

701 4870 988 4924 conciones
1027 4866 1338 4931 habuimus,
1373 4867 1497 4920 dum
1527 4863 1815 4935 apostolica
1845 4865 2132 4919 certamina
2169 4872 2280 4916 tra-

699 4970 965 5015 ctaremus
987 5001 1000 5024 ,
1033 4968 1086 5012 ct
1116 4959 1466 5028 spiritualium
1507 4969 1650 5013 recte
1689 4960 1947 5015 factorum
1979 4956 2282 5011 narratione

700 5067 798 5107 nos
829 5048 1258 5113 oblcctarem'ns:
1296 5050 1405 5119 jam
1449 5066 1574 5104 vero
1619 5059 1829 5121 tempus
1871 5060 1986 5114 est,
2033 5058 2089 5103 ut
2130 5048 2282 5104 vobis

701 5143 937 5196 debitum
969 5126 1353 5210 persolvainus.
1389 5141 1598 5195 Etenim
1631 5141 1760 5194 nihil
1791 5149 1898 5205 est,
1942 5140 2082 5210 quod
2113 5140 2278 5209 impe-

706 5233 816 5287 diat
844 5249 856 5285 :
885 5242 1045 5302 atque
1079 5232 1320 5302 equidem
1362 5232 1554 5287 oblitos
1582 5247 1701 5286 esse
1725 5247 1820 5286 vos
1845 5232 1955 5286 scio
1983 5231 2282 5285 debitorum

699 5339 978 5390 meorum,
1019 5323 1161 5393 quod
1200 5333 1305 5377 tam
1350 5323 1501 5376 multi
1543 5323 1658 5378 dies
1703 5322 2140 5386 intercesserint:
2175 5337 2282 5376 non

701 5425 875 5468 tamen
903 5429 965 5468 ea
998 5413 1196 5468 idcirco
1233 5415 1448 5479 celabo,
1489 5413 1583 5468 sed
1611 5429 1671 5470 ea
1701 5413 1851 5468 vobis
1891 5429 2079 5484 magna
2119 5413 2281 5467 animi

705 5507 978 5558 alacritate
1009 5495 1324 5574 persoliam.
1353 5505 1406 5559 ld
1435 5521 1562 5559 vero
1599 5503 1755 5570 facio,
1789 5521 1891 5558 non
1919 5505 2116 5571 solum,
2143 5502 2282 5573 quod

703 5597 856 5651 bonae
888 5597 1009 5651 fidei
1040 5598 1140 5650 sim
1166 5597 1404 5664 debitor,
1434 5597 1526 5652 sed
1557 5598 1714 5651 etiam
1741 5595 1882 5667 quod
1913 5595 2123 5649 utilitati
2151 5610 2284 5651 mese

700 5691 994 5745 consutam.
1035 5688 1167 5743 Nam
1208 5691 1258 5743 in
1297 5689 1659 5759 corporalibus
1686 5689 1898 5758 quidem
1924 5687 2284 5742 contractibus

688 5777 759 5848 ei,
792 5779 884 5850 qui
916 5793 1154 5838 mutuum
1185 5784 1443 5854 sumpsit,
1473 5783 1600 5839 utile
1626 5790 1728 5850 est,
1753 5783 1798 5836 si
1830 5781 1875 5837 is
1897 5780 1985 5851 qui
2019 5788 2284 5834 mutuatus

2394 4687 2474 4731 est
2498 4717 2510 4738 ,
2543 4673 2887 4728 obliviscatur
2915 4666 2928 4724 ὲ
2963 4668 3055 4723 sed
3083 4669 3137 4722 in
3179 4665 3540 4736 spiritualibus
3571 4664 3739 4752 pactis
3779 4664 3825 4718 ci
3848 4705 3861 4727 ,
3897 4665 3989 4733 qui

2393 4767 2634 4822 debitum
2658 4765 2995 4818 exsoluturus
3021 4769 3102 4816 est
3122 4801 3136 4826 ,
3183 4759 3462 4814 utilitatem
3507 4758 3641 4825 parit
3670 4757 3989 4822 maximam,

2392 4861 2436 4913 si
2465 4860 2552 4929 qui
2593 4857 2858 4924 accepturi
2887 4863 3043 4919 sunt,
3083 4851 3384 4907 debitorum
3410 4857 3668 4919 perpetuo
3692 4847 3991 4902 recorden-

2393 4959 2498 5004 tur.
2545 4947 2819 5018 Siquidem
2847 4956 3029 5000 mutua
3061 4945 3286 5014 pecunia
3329 4943 3570 4996 restituta
3616 4938 3818 4993 deserit
3859 4954 3988 4992 eum

2392 5041 2482 5110 qui
2525 5039 2816 5110 persolvit,
2854 5046 2908 5092 et
2945 5035 3012 5088 ad
3040 5049 3161 5088 eum
3194 5033 3418 5098 transit,
3449 5031 3537 5099 qui
3569 5030 3791 5098 recipit,
3822 5037 3993 5096 atque

2393 5133 2548 5187 unius
2594 5130 2891 5193 imminuit,
2925 5127 3144 5181 alterius
3173 5134 3330 5193 auget
3373 5122 3645 5176 facultates
3678 5139 3690 5173 :
3724 5121 3776 5173 in
3820 5121 3989 5189 spiri-

2395 5225 2623 5279 tualibus
2657 5237 2789 5278 vero
2814 5238 2920 5276 non
2947 5221 3073 5274 item
3101 5236 3115 5272 :
3146 5217 3238 5272 sed
3271 5217 3384 5271 ﬁeri
3409 5224 3584 5285 potest
3611 5223 3668 5268 ut
3690 5228 3805 5268 rem
3834 5212 3995 5266 debi-

2393 5327 2500 5372 tam
2529 5327 2583 5371 ct
2610 5326 2976 5386 persowamus
3005 5320 3058 5366 et
3093 5309 3418 5364 retineamus
3450 5324 3463 5360 :
3496 5305 3743 5376 quodque
3779 5305 3986 5375 permi-

2393 5426 2509 5465 rum
2537 5419 2638 5472 est,
2673 5418 2789 5462 tum
2813 5407 3040 5460 maxime
3068 5405 3209 5458 illam
3239 5401 3515 5465 habemus,
3557 5415 3675 5454 cum
3708 5399 3825 5451 aliis
3858 5413 3975 5466 pcr-

2393 5502 2727 5555 solverimus.

2465 5590 2725 5644 Dissimile
2748 5590 2966 5643 debitum
2997 5588 3242 5657 pecuniis,
3267 5595 3314 5640 et
3343 5583 3684 5654 spiritualium
3709 5599 3779 5634 rei
3795 5597 3893 5634 um.
3915 5610 3984 5621 —-

2392 5683 2446 5738 Si
2473 5683 2613 5737 enim
2645 5680 2910 5735 defossam
2940 5680 2990 5732 in
3032 5687 3209 5732 mente
3236 5686 3492 5748 perpetuo
3519 5673 3812 5728 custodiam
3833 5713 3847 5738 ,
3881 5686 3982 5726 nec

2399 5775 2490 5830 nlli
2512 5773 2921 5838 communicem,
2955 5772 3210 5826 minuitur
3237 5770 3363 5824 mihi
3394 5770 3620 5834 lucrum,
3648 5764 3858 5820 decedit
3880 5759 3984 5811 ali—
