4174 6336
212 437 340 487 783

210 549 391 616 ἐμὸν,
442 548 664 601 κάκεῖνο
702 547 796 601 τοῦ
843 548 1059 620 Πατρός
1094 565 1218 620 μου.
1283 548 1433 619 Ἐγὼ
1477 550 1587 620 γὰρ
1633 549 1706 603 ἐν
1755 553 1837 619 τῷ

209 631 439 698 Πατρὶ,
472 629 573 684 καὶ
605 634 638 684 ὀ
661 631 865 699 Πατὴρ
901 631 971 684 ἐν
996 630 1150 700 ἐμοι.

298 721 373 784 γ’,
405 714 556 786 [528]
593 715 703 768 Καὶ
738 713 822 767 ἴνα
857 712 997 784 ἴδῃς,
1026 714 1108 767 ὅτι
1134 714 1236 767 οὐκ
1262 713 1484 783 ἐγένετο
1523 718 1838 791 προσευχῆς

207 799 394 870 ἔργον
423 801 483 852 τὸ
531 799 829 868 ἀναστηναι
871 797 966 850 τὸν
996 797 1195 868 νεκρὸν
1214 839 1228 863 ,
1271 799 1502 854 ἄκουσον
1532 802 1632 872 τῆς
1663 821 1835 875 προσ-

207 882 421 952 ευχῆς.
456 881 520 934 Τί
564 880 674 953 γάρ
721 897 920 950 φησιν;
953 879 1314 949 Εὐχαριστῶ
1348 900 1470 946 σοι,
1500 883 1716 953 Πάτερ,
1747 885 1837 938 ὅτι

206 963 508 1030 ἤκουσάς
538 983 678 1033 μου.
721 962 784 1018 Τί
814 959 944 1029 οῦν;
980 964 1139 1016 τοῦτο
1180 967 1495 1037 προσευχῆς
1523 963 1666 1032 εἶδός
1693 970 1830 1034 ἐστι,

205 1048 388 1102 τοῦτο
420 1048 592 1111 τύπος
621 1049 866 1114 ἰκεσίας;
902 1047 1261 1116 Εὐχαριστῶ
1283 1065 1404 1114 σοι,
1438 1049 1528 1102 ὅτι
1559 1050 1835 1119 ἤκουσάς

199 1150 365 1203 μου.
435 1132 583 1201 Ἐγὼ
635 1126 738 1196 δὲ’,
779 1134 982 1202 φησὶν,
1032 1131 1205 1202 ᾔδειν
1257 1133 1347 1186 ὅτι
1409 1133 1670 1188 πάντοτέ
1712 1154 1834 1206 μου

204 1216 488 1282 ἀκούεις.
520 1217 584 1270 Εἰ
633 1213 726 1270 οὖν
762 1211 947 1281 οἶδας,
977 1208 1022 1268 ὧ
1079 1215 1285 1286 Κύριε,
1320 1217 1404 1269 ὅτι
1455 1218 1688 1271 πάντοτέ
1738 1237 1831 1272 σου

203 1299 416 1352 ἀκούει
438 1303 466 1353 6
490 1300 702 1370 Πατὴρ,
724 1300 776 1352 τί
799 1299 987 1353 λοιπὸν
1015 1298 1147 1368 περὶ
1168 1293 1242 1351 ὧν
1267 1295 1414 1364 οἶδας
1443 1302 1828 1371 παρενοχλείς;

218 1381 384 1451 Ἐγὼ
412 1383 532 1453 μὲν,
565 1384 752 1452 φησὶν,
785 1379 902 1436 οἶδα
931 1383 1013 1434 ὅτι
1050 1382 1281 1436 πάντοτέ
1311 1401 1416 1452 μου
1449 1385 1637 1438 ἀκούει
1671 1388 1698 1438 6
1727 1387 1835 1439 Πα-

202 1466 346 1538 τὴρ,
397 1467 570 1520 Ἀλλὰ
599 1467 697 1520 διὰ
723 1466 831 1519 τὸν
871 1465 1242 1533 περιεστῶτα
1282 1465 1473 1545 ὅχλρν
1512 1465 1706 1533 εἷπον,
1733 1470 1834 1522 ἵνα

202 1547 414 1619 γνῶσι
447 1549 703 1615 πάντες,
743 1548 832 1603 ὅτι
869 1550 950 1603 σύ
997 1565 1074 1618 με
1117 1548 1507 1610 ἀπέστειλας.
1535 1552 1626 1621 Μή
1661 1569 1712 1603 τι
1743 1551 1853 1605 διά’

201 1633 308 1684 τὸν
339 1631 534 1703 νεκρὸν
578 1631 956 1704 προσηύξατο;
1000 1631 1074 1702 μὴ
1113 1631 1394 1686 ἱκέτευσεν
1428 1633 1517 1686 ἵνα
1555 1635 1764 1706 ἀναστῇ
1805 1637 1832 1689 6

202 1717 512 1786 Λάζαρος;
574 1716 648 1786 μὴ
683 1710 839 1767 εἰπε·
890 1715 1109 1786 Πάτερ,
1168 1714 1427 1768 κέλευσον
1469 1715 1562 1768 τὸν
1603 1715 1830 1772 θάνατον

205 1799 570 1863 ὐπακοῦσαι;
612 1798 686 1868 μὴ
722 1793 845 1850 εἷπε
872 1838 886 1862 ,
921 1798 1143 1873 Πάτερ,
1183 1798 1442 1851 κέλευσον
1483 1797 1562 1868 τῷ
1596 1799 1719 1870 ᾄδῃ,
1756 1800 1831 1872 μὴ

203 1882 318 1945 τὰς
371 1882 548 1945 πύλας
597 1878 936 1954 ἀποκλείσῃ,
979 1881 1116 1934 ἀλλά
1168 1881 1469 1953 προθύμως
1500 1882 1596 1935 τὸν
1637 1884 1832 1954 νεκρὸν

204 1964 543 2031 ἀποδοῦναι;
572 1966 755 2020 Ἀλλὰ
774 1965 997 2019 διὰτὸν
1018 1964 1384 2032 περιεστῶτα
1399 1965 1618 2018 τοῦτον
1643 1966 1832 2034 ὄχλον

206 2043 418 2110 εἷπον,
465 2051 650 2119 φησιν,
703 2050 804 2103 ἵνα
852 2048 1043 2118 γνῶσι
1091 2048 1337 2113 πάντες,
1375 2048 1464 2100 ὅτι
1497 2049 1578 2101 σύ
1599 2065 1677 2117 με
1713 2050 1830 2103 άπ-

205 2130 521 2195 ἐστειλας.
563 2131 774 2184 Οὐκοῦν
835 2131 936 2185 οὐκ
992 2131 1110 2184 ἔστι
1155 2131 1214 2184 τὸ
1253 2130 1539 2202 γινόμενον
1571 2136 1826 2204 σημεῖον,

204 2215 354 2269 ἀλλά
385 2217 694 2286 κατήχησις
723 2216 833 2269 τῶν
869 2214 1178 2286 παρόντων.

287 2295 447 2362 Εἶδες
477 2299 593 2362 πῶς
621 2299 722 2351 οὐκ
755 2298 975 2366 ἐγένετο
1003 2297 1343 2370 ηπροσευχὴ
1371 2297 1457 2350 διὰ
1483 2297 1575 2350 τὸν
1609 2298 1825 2369 νεκρὸν,

183 2439 186 2441 λ
209 2382 358 2435 ἀλλὰ
379 2381 466 2435 διὰ
493 2383 618 2445 τούς
647 2382 922 2452 παρόντας
951 2381 1238 2444 ἀπίστους,
1265 2381 1368 2435 ἵνα
1396 2380 1605 2449 γνῶσι,
1636 2383 1825 2452 φησιν,

208 2465 308 2519 ὅτι
348 2466 429 2518 σύ
464 2481 540 2534 με
588 2465 979 2530 ἀπέστειλας.
1019 2463 1131 2515 Καὶ
1181 2463 1300 2527 πῶς
1353 2463 1554 2534 ἔχομεν
1583 2463 1824 2532 γνῶναι,

209 2549 407 2618 φησὶν,
434 2548 517 2600 ὅτι
545 2546 707 2610 αὐτός
742 2565 798 2600 σε
827 2546 1150 2611 ἀπέστειλε;
1193 2547 1462 2618 Πρόσεχε,
1493 2545 1824 2616 παρακαλῶ,

213 2631 360 2704 μετά
398 2630 582 2702 πάσης
617 2629 930 2700 ἀκριϐείας.
979 2631 1132 2694 Ἰδοὺ,
1165 2630 1320 2701 φησὶ,
1361 2629 1499 2699 μετὰ
1541 2629 1641 2698 τῆς
1685 2629 1826 2700 ὲμῆίὶ

209 2714 512 2778 αὐθεντίας
553 2715 704 2767 καλῶ
733 2714 824 2767 τδν
856 2713 1084 2785 νεκρόν·
1131 2714 1239 2766 ἰδοὺ
1285 2716 1350 2782 τῇ
1381 2713 1560 2784 οἰκείᾳ
1605 2710 1828 2785 ἐξουσίᾳ

209 2800 495 2852 ἐπιτάττω
519 2797 599 2868 τῷ
648 2799 902 2867 θανάτῳ·
949 2796 1104 2850 καλῶ
1148 2796 1239 2848 τὸν
1293 2797 1519 2866 Πατέρα
1572 2797 1821 2867 πατέρα·

210 2883 369 2937 καλῶ
399 2883 493 2935 καὶ
527 2883 616 2936 τὸν
649 2881 902 2951 Λάζαρον
937 2883 1000 2932 ἐκ
1029 2880 1124 2932 τοῦ
1155 2881 1352 2948 τάφου.
1394 2881 1458 2932 Εἰ
1492 2881 1592 2932 οὐκ
1619 2880 1734 2932 ἐστι
1763 2881 1825 2934 τὸ

209 2967 438 3038 πρῶτον
467 2962 688 3035 ἀληθὲς,
739 2964 872 3036 μηδέ
911 2964 1073 3016 τοῦτο
1112 2963 1392 3031 γενέσθω·
1430 2966 1479 3016 εἰ
1516 2964 1573 3016 δὲ
1605 2962 1825 3033 άληθῶς

211 3053 244 3104 6
278 3049 470 3120 Πατὴρ
497 3051 701 3120 πατὴρ,
737 3047 1066 3102 ὑπακουέτω
1097 3047 1192 3100 καὶ
1231 3050 1258 3100 6
1298 3047 1489 3119 νεκρὸς
1519 3047 1656 3118 πρὸς
1682 3046 1824 3098 διδα-

215 3132 448 3188 σκαλίαν
493 3132 602 3187 τῶν
645 3133 952 3203 παρόντων.
986 3131 1051 3182 Τί
1098 3131 1208 3202 γὰρ
1256 3133 1285 3184 6
1335 3130 1571 3202 Χριστὸς
1629 3130 1822 3199 έλεγε;

213 3216 466 3286 Λάζαρε,
499 3217 677 3286 δεῦρο
708 3217 844 3280 ἐξω.
882 3217 1013 3267 Ὅτε
1049 3214 1274 3283 γέγονεν
1308 3215 1340 3284 ἡ
1377 3215 1687 3285 προσευχὴ,
1725 3214 1825 3267 οὐκ

214 3301 422 3371 ἀνέστη
451 3303 479 3353 6
505 3303 699 3372 νεκρός
721 3316 734 3330 ·
765 3299 881 3354 ἀλλ’
914 3300 1003 3352 ὅτε
1034 3294 1176 3364 εἷπε,
1209 3296 1453 3365 Λάζαρε,
1483 3296 1661 3364 δεῦρο
1685 3297 1822 3361 ἔξω,

215 3387 340 3439 τότε
373 3386 575 3454 ἀνέστη
607 3389 634 3439 ό
689 3385 901 3456 νεκρός.
941 3383 1006 3436 Ὢ
1040 3383 1299 3454 τυραννὶς
1345 3381 1436 3434 τοῦ
1479 3381 1710 3434 θανάτου
1736 3398 1749 3412 ·
1780 3379 1825 3433 ὢ

213 3471 473 3540 τυραννὶς
496 3469 599 3537 τῆς
627 3469 911 3538 δυνάμεως
956 3465 1174 3536 ἐκείνης
1205 3466 1305 3536 τῆς
1343 3464 1684 3534 κατεχούσης
1725 3463 1824 3533 τὴν

213 3554 429 3624 ψυχήν·
466 3553 512 3605 ὢ
556 3553 681 3623 ᾇδη,
718 3549 999 3622 προσευχὴ
1037 3548 1244 3617 γέγονε,
1293 3549 1388 3602 καὶ
1420 3549 1519 3600 οὐκ
1565 3546 1822 3612 ἀπολύεις

1017 433 1104 488 DE
1140 433 1418 489 CHRISTI
1459 433 1826 502 PRECIBUS,
1868 439 2150 495 CONTRA
2189 440 2574 497 ANOMCEOS.
2620 442 2687 496 Χ.

3313 470 3316 472 ~
3430 441 3532 496 784

1939 552 2036 609 ἐὰν
2069 556 2144 627 μὴ
2175 557 2522 630 προσταχθῶ,
2550 559 2739 627 φησὶν,
2761 558 2860 613 οὐκ
2889 560 3144 615 ἀπολύω·
3173 565 3204 636 ἠ
3233 565 3343 637 γὰρ
3367 583 3534 638 προσ-

1939 640 2094 710 εὐχὴ,
2126 642 2313 712 φησὶν,
2348 643 2410 695 οὐ
2444 641 2512 694 δι’
2543 642 2644 712 ἐμὲ
2674 641 2921 710 γέγονεν,
2955 644 3093 698 ἀλλά
3122 646 3211 699 διὰ
3238 649 3364 712 τούς
3393 666 3534 720 παρ-

1938 721 2099 786 όντας
2137 724 2421 789 ἀπίστους.
2456 725 2597 794 Ἐγὼ
2626 725 2758 798 γὰρ,
2798 727 2893 781 ἐὰν
2940 729 3014 800 μὴ
3050 733 3400 802 προσταχθῶ,
3434 735 3536 788 οὐκ

1937 806 2162 859 ἀπολύω
2191 807 2282 860 τὸν
2327 807 2668 862 ὑπεύθυνον⁶
2729 811 2983 882 ἀναμένω
3027 812 3126 883 τὴν
3178 816 3403 885 φωνὴν,
3447 818 3535 871 ἵνα

1937 888 2197 943 ἀπολύσω
2235 890 2334 961 τὴν
2363 890 2561 963 ψυχήν.
2597 892 2848 962 Λάζαρε,
2889 894 3068 963 δεῦρο
3115 897 3251 961 ἔξω.
3295 899 3538 953 Ἤκουσε

1935 972 2030 1027 τοῦ
2059 973 2383 1026 δεσποτικοῦ
2420 976 2854 1046 προστάγματος
2897 980 2926 1031 6
2957 979 3172 1050 νεκρὸς,
3204 981 3298 1033 καὶ
3330 982 3534 1046 εὐθέως

1936 1054 2031 1108 τοῦ
2064 1055 2294 1108 Θανάτου
2323 1057 2450 1120 τοὺς
2479 1056 2676 1128 νόμους
2708 1058 3036 1130 παρέλυσεν.
3076 1061 3532 1131 Αἰσχυνέσθωσαν

1937 1141 1985 1190 οί
2026 1139 2333 1210 αἰρετικοὶ,
2389 1141 2486 1193 καὶ
2535 1140 2926 1196 ἀπολέσθωσαν
2953 1143 3062 1196 ἀπὸ
3107 1144 3403 1216 προσώπου
3436 1146 3539 1216 τῆς

1936 1223 2058 1292 γῆς.
2091 1223 2205 1291 καὶ
2235 1222 2346 1293 γάρ
2376 1223 2659 1289 ἀπέδειξεν
2684 1227 2712 1277 6
2740 1224 2920 1294 λόγος,
2963 1227 3046 1279 ὅτι
3091 1227 3152 1279 οὐ
3197 1228 3284 1282 διὰ
3314 1229 3413 1300 τὴν
3439 1229 3538 1283 τοῦ

1937 1304 2134 1376 νεκροῦ
2165 1306 2466 1360 ἀνάστασιν
2494 1307 2720 1376 γέγονεν
2750 1312 2783 1382 η
2814 1310 3117 1382 προσευχὴ,
3150 1312 3288 1366 ἀλλά
3317 1313 3406 1366 διὰ
3437 1315 3538 1384 τὴν

1935 1389 2045 1444 τῶν
2088 1391 2210 1444 τότε
2271 1390 2560 1463 παρόντων
2613 1394 2861 1446 ἀπίστων
2911 1395 3219 1452 ἀσθένειαν.
3275 1397 3533 1466 Λάζαρε,

1935 1471 2114 1542 δεῦρο
2144 1473 2282 1538 ἔξω.
2310 1475 2423 1527 Καὶ
2445 1474 2533 1528 διὰ
2557 1474 2610 1527 τί
2637 1477 2902 1547 ὀνομαστὶ
2929 1479 3022 1530 τὸν
3049 1480 3246 1550 νεκρδν
3273 1480 3534 1546 ἐκάλεσε;

1936 1558 2034 1611 Διά
2061 1557 2152 1622 τί;
2188 1558 2307 1611 Ἵνα
2341 1558 2417 1630 μὴ
2461 1560 2563 1629 τὴν
2596 1559 2781 1630 φωνὴν
2825 1561 3240 1634 ἀπολελυμένην
3281 1566 3362 1627 εἰς
3406 1566 3539 1630 τούς

1936 1641 2166 1712 νεκροὺς
2200 1641 2514 1707 ἀποτείνας,
2544 1643 2756 1708 πάντας
2783 1647 2909 1707 τοὺς
2938 1647 2996 1699 ἐν
3038 1649 3153 1709 τοῖς
3175 1647 3368 1715 τάφοις
3394 1649 3535 1715 ἐγεί-

1939 1741 2038 1797 ρῃ,
2075 1723 2164 1777 διὰ
2206 1724 2364 1778 τοῦτό
2408 1744 2570 1797 φησι,
2614 1726 2859 1796 Λάζαρε,
2893 1730 3070 1801 δεῦρο
3093 1731 3232 1794 ἔξω.
3265 1731 3332 1783 Σὲ
3371 1733 3537 1802 μόνον

1935 1808 2028 1860 ἐπὶ
2066 1808 2159 1860 τοῦ
2195 1809 2463 1879 παρόντος
2501 1810 2640 1872 τέως
2687 1811 3070 1882 ἀνακαλοῦμαι
3099 1813 3281 1884 ὄχλου,
3313 1815 3400 1868 ἵνα
3446 1815 3534 1870 διὰ

1931 1892 2028 1946 τοῦ
2056 1894 2258 1964 μέρους
2285 1895 2377 1947 καὶ
2403 1894 2501 1965 τὴν
2531 1893 2641 1947 τῶν
2668 1894 2973 1964 μελλόντων
2997 1897 3250 1962 ἐπιδείξω
3273 1898 3532 1970 δύναμινε

1930 1977 1961 2029 6
2017 1978 2127 2047 γὰρ
2181 1977 2276 2029 ἕνα
2325 1978 2548 2048 ἐγείρας
2602 1976 2753 2045 ἐγὼ,
2787 1978 2884 2050 τὴν
2916 1981 3243 2052 οἰκουμένην
3293 1982 3533 2035 ἀνιστῶο

1945 2061 2095 2128 Ἐγὼ
2133 2061 2242 2131 γάρ
2270 2062 2386 2128 εἰμι
2418 2061 2455 2128 ἡ
2501 2059 2844 2126 ἀνάστασις
2878 2063 2976 2115 καί
3010 2064 3047 2130 ἠ
3100 2062 3234 2129 ζωή.
3286 2064 3534 2133 Λάζαρε,

1931 2141 2110 2210 δεῦρο
2137 2143 2274 2206 ἔξω.
2303 2143 2414 2195 Καὶ
2443 2142 2666 2214 ἐξῆλθεν
2686 2145 2714 2196 ὁ
2745 2145 2938 2215 νεκρὸς
2965 2146 3250 2215 δεδεμένος
3275 2150 3532 2218 κειρίαις.

1935 2227 2000 2278 Ὢ
2033 2227 2141 2279 τῶν
2181 2226 2502 2297 παραδόξων
2545 2228 2919 2297 πραγμάτων·
2957 2227 3109 2301 [529]
3159 2231 3186 2280 6
3224 2230 3321 2301 τὴν
3355 2233 3538 2302 ψυχὴν

1932 2313 1995 2363 ἐκ
2026 2311 2134 2363 τῶν
2165 2310 2384 2378 δεσμῶν
2425 2309 2520 2363 τοῦ
2551 2309 2782 2364 Θανάτου
2814 2310 3003 2377 λύσας,
3039 2315 3067 2365 6
3103 2312 3201 2376 τὰς
3233 2313 3407 2377 πύλας
3437 2315 3532 2368 τοῦ

1930 2393 2058 2464 ᾅδου
2090 2393 2412 2464 διαρρήξας,
2441 2395 2470 2445 6
2503 2394 2678 2456 πύλας
2713 2394 2924 2464 χαλκᾶς
2971 2395 3066 2447 καὶ
3118 2397 3351 2466 μοχλοὺς
3386 2399 3536 2470 σιδη-

1933 2477 2061 2549 ροῦς
2095 2477 2425 2548 συντρίψας,
2467 2478 2563 2531 καὶ
2592 2478 2692 2549 τὴν
2718 2479 2896 2548 ψυχὴν
2938 2481 3003 2532 ἐκ
3035 2479 3148 2532 τῶν
3180 2480 3396 2551 δεσμῶν
3437 2482 3533 2534 τοῦ

1930 2564 2163 2616 θανάτου
2198 2563 2593 2632 ἐλευθερώσας,
2631 2564 2732 2616 οὐκ
2776 2563 3010 2632 ἠδύνατο
3042 2566 3138 2617 καὶ
3183 2565 3283 2628 τάς
3323 2567 3534 2636 κειρίας

1928 2647 2089 2699 λῦσαι
2115 2645 2210 2700 τοῦ
2260 2646 2487 2717 νεκροῦ;
2521 2647 2648 2712 Ναὶ,
2682 2645 2944 2716 ἠδύνατο·
2979 2648 3118 2701 ἀλλὰ
3157 2649 3375 2703 κελεύει
3419 2653 3535 2715 τοῖς

1941 2731 2217 2794 Ἰουδαίοις
2252 2731 2414 2784 λῦσαι
2447 2730 2550 2793 τὰς
2579 2731 2813 2804 κειρίας,
2844 2731 2912 2795 ἀς
2952 2733 3108 2785 αὐτοὶ
3151 2735 3414 2805 πρότερον
3443 2738 3532 2791 ἐν·

1926 2815 2284 2884 ταφιάζοντες
2321 2814 2608 2884 ἕσφιγξαν,
2641 2815 2729 2868 ἵνα
2765 2815 2875 2869 τῶν
2915 2818 3132 2870 οἰκείων
3167 2818 3385 2888 δεσμῶν
3414 2823 3536 2874 ἐπι-

1926 2898 2180 2965 γνώσωσι
2211 2899 2278 2951 τὰ
2309 2899 2693 2969 γνωρίσματα,
2723 2899 2811 2952 ἵνα
2860 2903 2923 2970 τῇ
2975 2900 3140 2971 πείρᾳ
3173 2901 3438 2970 μάθωσιν,
3473 2903 3537 2972 ἐξ

1926 2977 2002 3037 ὧν
2030 2983 2295 3052 ἔπραξαν,
2326 2985 2407 3035 ὅτι
2463 2983 2715 3053 Λάζαρός
2744 2986 2892 3036 ἐστιν
2923 2984 2950 3035 ὁ
2995 2986 3128 3056 παρ’
3161 2986 3342 3040 αὐτῶν
3381 2991 3536 3043 ἐντα-

1928 3068 2258 3136 φιασθεὶςα,
2301 3069 2396 3121 καὶ
2440 3066 2680 3139 Χριστός
2715 3069 2864 3120 ἐστιν
2895 3071 2924 3121 6
2968 3072 3090 3122 κατ’
3141 3071 3392 3124 εὐδοκίαν
3436 3072 3536 3126 τοῦ

1927 3153 2141 3222 Πατρός
2171 3151 2620 3221 παραγενόμενος
2670 3153 2752 3212 εἰς
2800 3151 2889 3204 τὸν
2931 3151 3158 3223 κόσμον,
3191 3156 3219 3206 6
3266 3154 3410 3225 ζωῆς
3441 3159 3534 3209 καὶ

1929 3234 2162 3287 θανάτου
2207 3236 2308 3306 τὴν
2357 3234 2607 3298 ἐξουσίαν
2661 3234 2821 3304 ἔχων.
2878 3233 3109 3305 Λύτῷή
3160 3236 3290 3301 δόξα
3344 3238 3535 3292 καὶτὸ

1928 3320 2129 3389 κράτος
2179 3320 2275 3372 σὺν
2309 3318 2384 3386 τῷ
2415 3319 2638 3389 ἀνάρχῳ
2670 3334 2763 3371 σου
2816 3317 2992 3389 Πατρὶ
3025 3319 3124 3374 καὶ
3173 3319 3249 3389 τῷ
3279 3321 3536 3392 παναγίῳ

1927 3405 2023 3456 καὶ
2060 3402 2311 3472 ζωοποιῴ
2335 3419 2428 3454 σου
2459 3401 2763 3468 Πνεύματι,
2791 3401 2886 3455 νῦν
2912 3407 3006 3455 καὶ
3037 3403 3147 3468 ἀεὶ,
3169 3405 3265 3457 καὶ⁵
3293 3408 3374 3470 εἰς
3402 3408 3534 3476 τοὺς

1927 3486 2128 3549 αἰῶνας
2155 3486 2264 3538 τῶν
2295 3484 2530 3538 αἰώνων.
2577 3484 2773 3554 Ἀμήν.

215 3636 312 3688 τὸν
345 3635 572 3705 νεκρόν;
606 3635 770 3707 Οὐχὶ,
816 3633 971 3704 φησί.
1009 3633 1110 3684 Διά
1147 3632 1231 3696 τί;
1268 3633 1391 3684 Ὅτι
1441 3631 1502 3683 οὐ
1554 3633 1824 3702 προσετά-

1992 3659 2018 3687 ⁸
2050 3658 2171 3724 1)οεί
2189 3656 2766 3724 ἐνταφιασθείςΑΞεῩὶΔΙ-ηἱη
2806 3671 2958 3722 marg.
2990 3658 3123 3710 addi!
3169 3663 3252 3710 καὶ
3272 3662 3350 3711 ἵνα
3371 3661 3434 3724 μὴ
3474 3662 3531 3710 τὸ

219 3720 377 3792 χθην.
406 3718 638 3788 Δέσμιός
683 3721 800 3789 είμι
835 3715 1023 3771 αὐτόθι
1056 3715 1305 3785 κατέχων
1349 3714 1442 3769 τὸν
1479 3714 1783 3769 ὑπεύθυνον
1808 3727 1824 3744 ⁶

1930 3726 2126 3784 πρᾶγμα
2147 3722 2212 3775 ὡς
2235 3719 2490 3783 φάντασμα
2521 3719 2836 3766 διαϐάλλωσι.

235 3925 3510 3957 _________________________________________________.

221 4205 352 4260 Ὅτι
418 4205 483 4259 τὸ
511 4202 598 4274 μὴ
661 4203 884 4272 λέγειν,
944 4201 1093 4269 ἅπερ
1143 4202 1342 4271 ἴσμεν,
1415 4200 1514 4254 καὶ
1551 4203 1639 4267 εἰς
1690 4198 1934 4266 ἐτέρους
1996 4193 2293 4263 ἐκφέρειν,
2351 4191 2720 4259 πενέστερον
2781 4188 2957 4252 ποιεῖ,
3025 4190 3124 4242 καὶ
3180 4190 3295 4256 τὴν
3344 4188 3526 4256 χάριν

296 4299 619 4354 σϐέννυσι·
653 4297 750 4351 καί
774 4299 860 4362 εἰς
891 4295 999 4362 τὰς
1023 4295 1233 4364 εὐχὰς,
1263 4293 1336 4361 ἃς
1386 4297 1420 4349 ό
1475 4295 1731 4363 Χριστὸς
1787 4291 2037 4360 ηὔξατο,
2072 4288 2168 4342 καὶ
2196 4287 2312 4354 τὴν
2347 4285 2664 4364 ἐξουσίαν,
2720 4282 2848 4354 μεθ’
2873 4277 2950 4353 ἧς
3013 4279 3251 4334 ἅπαντα
3311 4279 3523 4333 ἐποίει·

295 4393 389 4448 καί
416 4394 503 4457 εἰς
531 4389 648 4458 τὴν
679 4388 788 4442 τοῦ
819 4385 1083 4441 παλαιοῦ
1121 4387 1313 4456 γόμου
1344 4386 1664 4453 διόρθωσιν
1684 4401 1696 4413 ·
1737 4383 1839 4437 καί
1877 4380 1966 4434 ὅτι
2013 4379 2080 4434 τὸ
2106 4376 2486 4449 σαρκωθῆναι
2515 4377 2632 4446 τὴν
2695 4377 2948 4444 ἰσότητα
2971 4375 3161 4430 αὐτοῦ
3218 4372 3331 4443 τὴν
3374 4372 3529 4442 πρὸς

296 4486 397 4541 τὸν
419 4481 654 4552 Πατέρα
677 4483 787 4536 οὐκ
821 4477 1081 4546 ἐλαττοῖ,
1115 4477 1279 4534 ἀλλὰ
1313 4477 1411 4530 καί
1451 4478 1786 4544 συνίστησι
1809 4473 2074 4544 μᾶλλον.
2147 4550 2150 4554 γ

1811 4662 1882 4674 .-

767 4854 960 4922 Λόγος
985 4850 1254 4916 δέκατος.
1914 4846 2027 4900 κῶν
2075 4841 2419 4914 συμϐολαίων
2458 4839 2647 4911 κέρδος
2675 4838 2755 4910 τῷ
2784 4839 3031 4910 μέλλοντι
3065 4839 3430 4896 καταϐάλλειν
3458 4840 3524 4894 τδ

297 4941 361 4996 α’.
387 4937 610 5002 Ἰκανῶς
626 4937 684 4990 ἐν
699 4940 820 5000 ταῖς
836 4935 1148 5006 ἔμπροσθεν
1173 4929 1654 5002 ἐπανηγυρίσαμεν
1672 4929 1808 5002 ἡμέ-
1916 4929 2076 5001 χρέος
2109 4929 2389 4998 μέγιστον,
2420 4924 2482 4978 τὸ
2522 4923 3045 4994 τούςύποδέχεσθαι
3096 4923 3388 4994 μέλλοντας
3440 4926 3525 4979 δι-

231 5043 361 5098 ραις,
387 5023 492 5077 τῶν
520 5022 697 5077 ἄθλων
720 5020 1104 5090 ἐπιλαϐόμενοι
1128 5017 1238 5071 τῶν
1277 5014 1678 5082 ἀποστολικῶν,
1714 5014 1810 5068 καὶ
1915 5011 2130 5083 ηνεκῶς
2164 5009 2478 5098 μεμνῆσθαι
2505 5007 2614 5098 τῶν
2647 5007 3007 5098 όφλημάτωνῖ
3039 5007 3310 5098 Ἐκείξμέν
3337 5009 3526 5098 γὰρτὸ

225 5091 290 5182 τῇ
317 5109 561 5180 διηγήσει
619 5105 729 5158 τῶν
770 5103 1161 5174 πνευματικῶν
1205 5099 1582 5173 ἐντρυφῶντες
1613 5115 1811 5168 κατορ-
1917 5097 2186 5182 δάνεισμα
2206 5093 2478 5182 Δθιποδοθέεν
2496 5093 2587 5182 τδν
2607 5093 2703 5182 μέν
2730 5091 3111 5182 καταϐαλόντα
3139 5094 3373 5182 ἀφίησιὶ
3394 5094 3526 5182 μεθ-

228 5193 485 5265 θωμάτων
511 5209 525 5222 '
567 5190 684 5264 ὥρα
712 5188 775 5258 δὴ
803 5187 990 5241 λοιπὸν
1019 5185 1314 5265 ἀποδοῦναι
1361 5184 1424 5236 τὸ
1455 5183 1614 5254 χρέος
1651 5183 1780 5252 ὑμῖν
1802 5200 1813 5212 ·

228 5263 319 5332 και
342 5275 447 5347 γὰρ
469 5275 533 5327 τὸ
560 5263 768 5333 κωλύον
797 5272 973 5325 οὐδέν.
1010 5269 1114 5323 Καὶ
1161 5263 1279 5323 οῖδα
1321 5269 1420 5340 μὲν
1455 5268 1538 5320 ὅτι
1567 5265 1821 5336 ἐπιλέλη-

230 5360 318 5414 σθε
337 5358 440 5412 τῶν
473 5356 802 5428 ὀφλημάτων
837 5357 995 5426 ὑμεῖς
1021 5352 1130 5407 τῶν
1152 5352 1302 5422 ἐμῶν
1333 5351 1421 5404 διά
1452 5349 1514 5402 τὸ
1544 5349 1652 5402 τῶν
1677 5350 1818 5420 ἡμε-

233 5443 333 5515 ρῶν
358 5440 563 5509 πλῆθος
583 5457 597 5470 ·
629 5440 688 5492 οὐ
725 5439 829 5510 μὴν
858 5438 945 5490 διὰ
971 5437 1132 5490 τοῦτο
1159 5435 1313 5504 ⁴αὐτὰ
1344 5433 1454 5503 ἐγὼ
1495 5431 1818 5504 ἀποκρύψο-

233 5542 342 5597 μαι,
367 5523 500 5577 ἀλλά
533 5523 670 5593 μετὰ
694 5523 874 5590 πάσης
899 5522 1027 5590 ὑμῖν
1054 5519 1230 5572 ταῦτα
1260 5517 1529 5572 ἀποδώσω
1558 5516 1660 5586 τῆς
1684 5532 1819 5586 προ-

229 5609 436 5678 θυμίας.
469 5606 616 5660 Ποιῶ
646 5607 701 5659 δὲ
748 5605 929 5667 τοῦτο,
956 5605 1016 5657 οὐ
1048 5605 1113 5657 δι’
1159 5600 1586 5672 εὐγνωμοσύνην
1630 5600 1810 5670 μόνον,

231 5691 355 5746 ἀλλά
387 5691 481 5744 καὶ
509 5690 576 5742 δι’
600 5689 867 5758 ὠφέλειαν
896 5689 1060 5759 ἐμήν.
1124 5686 1250 5740 Ἐπὶ
1289 5687 1386 5755 μὲν
1417 5685 1528 5756 γὰρ
1562 5682 1671 5736 τῶν
1704 5699 1812 5734 σω·-

237 5774 463 5847 ματικῶν
493 5772 954 5843 συναλλαγμάτων
990 5771 1181 5842 κέρδος
1225 5768 1303 5838 τῷ
1333 5766 1729 5836 δεδανεισμένῳ
1752 5765 1813 5817 τὸ

232 5859 316 5915 τὸν
345 5857 680 5913 δεδανεικότα
725 5857 1113 5911 ἐπιλαθέσθαι·
1148 5855 1240 5908 ἐπὶ
1263 5854 1331 5929 δὲ¹
1362 5852 1468 5906 τῶν
1509 5866 1812 5921 πνευματι-

1927 5179 2140 5232 ίσταται
2200 5177 2257 5230 δὲ
2313 5177 2452 5248 πρὸς
2509 5176 2602 5229 τὸν
2643 5175 3060 5246 ύποδεξόμενον,
3134 5177 3230 5229 καὶ
3282 5175 3376 5228 τοῦ
3423 5177 3525 5245 μὲν

1923 5263 2226 5332 ἠλάττωσε,
2269 5260 2364 5313 τοῦ
2405 5259 2461 5312 δέ
2501 5258 2791 5312 ἐπλεόνασε
2823 5260 2922 5329 τὴν
2957 5259 3173 5311 οὐσίαν·
3213 5259 3307 5311 ἐπὶ
3339 5259 3395 5312 δὲ
3415 5260 3525 5313 τῶν

1923 5345 2312 5416 πνευματικῶν
2367 5346 2467 5414 οὐχ
2516 5343 2713 5406 οὕτως,
2773 5343 2910 5396 ἀλλά
2958 5342 3185 5396 δυνατὸν
3237 5341 3370 5396 αὐτὸ
3432 5347 3524 5397 καὶ

1922 5431 2272 5494 καταὸαλεῖν,
2294 5430 2388 5482 καὶ
2422 5427 2567 5499 ἔχειν
2586 5445 2598 5458 ·
2635 5428 2732 5480 καὶ
2755 5427 2818 5480 τὸ
2845 5427 2909 5498 δὴ
2928 5427 3260 5498 θαυμαστὸν,
3285 5428 3366 5479 ὃτι
3399 5428 3523 5480 τότε

1925 5516 2162 5586 μάλιστα
2196 5513 2329 5567 αὐτὸ
2362 5512 2584 5583 ἔχομεν,
2616 5511 2743 5564 ὅταν
2777 5511 3180 5582 καταϐάλωμεν
3217 5512 3448 5582 ἑτέροις.

2000 5682 2098 5735 Ἂν
2142 5682 2242 5752 μὲν
2267 5681 2376 5751 γὰρ
2409 5681 2468 5733 ἐν
2493 5681 2560 5750 τῇ
2589 5677 2801 5749 διανοίᾳ
2827 5679 3138 5750 κατορύξας
3165 5678 3389 5748 φυλάξω
3444 5678 3526 5732 διι-

1921 5764 2135 5836 ηνεκῶς
2172 5765 2361 5835 μηδενὶ
2396 5762 2733 5835 μεταδιδοὺς,
2762 5760 3079 5816 ἐλαττοῦταί
3109 5781 3196 5832 μοι
3227 5762 3286 5816 τὸ
3309 5763 3522 5834 κέρδος,

1928 5847 2176 5919 μειοῦται
2214 5851 2281 5904 τὰ
2308 5847 2408 5919 τῆς
2435 5845 2754 5920 περιουσίας
2779 5861 2792 5875 ο
2820 5843 2888 5899 ἂν
2945 5846 3001 5900 δὲ
3033 5849 3109 5910 εἰς
3149 5845 3399 5912 ἅπαντας
3431 5844 3523 5912 ἐξ·-
