4186 6326
692 411 791 470 785

680 529 908 598 ινέγκω,
942 529 1034 581 καὶ
1064 529 1273 597 ποιήσω
1301 529 1560 600 μεριστάς
1587 528 1811 591 πολλοὺς
1831 529 1924 578 καὶ
1953 524 2260 587 κοινωνοὺς,

679 607 754 665 ὧν
808 613 970 674 αὐτὸς
1015 611 1316 681 ἐπίσταμαι
1371 615 1610 676 πάντων,
1659 612 1880 676 αῦξεταί
1937 628 2024 680 μοι
2067 610 2134 662 τὰ
2167 609 2262 660 τοῦ

679 694 1055 764 πνευματικοῦ
1081 695 1334 749 πλούτου.
1361 698 1470 749 Καὶ
1498 697 1579 753 ὅτι
1598 696 1769 748 ταῦτα
1805 693 1977 762 οὕτως
2010 691 2142 761 ἔχει,
2170 693 2264 742 καὶ

677 782 706 832 6
731 776 832 845 μὲν
871 779 1080 848 ἑτέροις
1116 779 1434 848 μεταδιδοὺς
1461 779 1613 843 αὔξει
1642 780 1741 849 τήν
1771 776 2261 847 παρακαταθήκην,

675 861 702 911 6
736 861 793 914 δέ
819 862 1190 931 ἀποκρύπτων
1230 862 1553 930 ἐλαττοῖτὴν
1572 861 1833 931 ἐργασίαν
1867 860 2103 924 ἅπασαν,
2132 859 2266 928 μάρ-

677 961 840 1014 τυρες
896 945 945 996 οί
978 944 1045 996 τά
1081 943 1321 997 τάλαντα
1359 944 1791 1014 ἐγχειρισθέντες
1840 945 2076 1001 ἐκεῖνοι,
2124 944 2153 995 6
2194 943 2262 995 τά

678 1028 861 1089 πέντε,
890 1029 984 1079 καὶ
1020 1030 1048 1080 6
1084 1029 1151 1080 τὰ
1183 1027 1297 1089 δύο,
1333 1031 1429 1081 καὶ
1461 1029 1490 1079 6
1517 1027 1577 1080 τὸ
1615 1027 1695 1087 ἓν.
1729 1029 1792 1079 Οἱ
1829 1025 1980 1099 [550]
2015 1026 2112 1096 μὲν
2153 1026 2262 1096 γάρ

676 1109 994 1164 διπλασίονα
1022 1110 1093 1162 τά
1115 1110 1550 1179 ἐμπιστευθέντα
1583 1110 1933 1180 προσήγαγον
1956 1149 1971 1170 ,
2021 1111 2116 1163 καὶ
2149 1112 2260 1161 ἐτι-

678 1191 858 1260 μῶντο
897 1191 985 1248 διά
1025 1192 1212 1245 τοῦτο·
1241 1193 1269 1243 6
1302 1192 1358 1247 δὲ
1401 1193 1587 1263 ἐπειδὴ
1622 1191 1856 1261 ἐφύλαξε
1887 1192 2020 1262 παρ’
2060 1191 2258 1260 ἐαυτῷ,

674 1274 770 1326 καὶ
815 1274 992 1328 οὐδενὶ
1026 1275 1297 1342 μετέδωκε
1320 1315 1334 1337 ,
1375 1275 1598 1334 διπλοῦν
1636 1292 1696 1327 τε
1723 1275 1857 1327 αὐτὸ
1889 1276 2113 1344 ποιῆσαι
2161 1276 2260 1327 οὐκ

677 1358 886 1427 ἴσχυσε,
921 1359 1008 1412 διὰ
1050 1358 1209 1411 τοῦτο
1230 1358 1541 1422 ἐκολάζετο.
1603 1358 1786 1411 Ταῦτα
1827 1356 1920 1412 οὖν
1971 1358 2262 1420 ἀκούοντες

673 1441 931 1503 ἅπαντες,
987 1443 1081 1494 καὶ
1137 1442 1235 1512 τὴν
1269 1442 1491 1495 κόλασιν
1534 1441 1634 1512 τὴν
1672 1441 1882 1495 ἐκεῖθεν
1936 1441 2258 1504 δεδοικότες,

670 1525 807 1594 ὅπερ
837 1525 902 1578 ἂν
926 1525 1140 1594 ἔχωμεν
1182 1525 1386 1593 ἀγαθὸν
1431 1528 1512 1587 είς
1553 1526 1680 1588 τοὺς
1715 1526 1980 1592 ἀδελφοὺς
2005 1526 2255 1596 ἐκφέρω-

674 1623 796 1678 μεν,
833 1609 928 1661 καὶ
960 1611 1040 1670 είς
1073 1609 1135 1660 τὸ
1184 1609 1348 1679 μέσον
1401 1610 1573 1662 ἅπασι
1627 1608 2090 1678 καταϐάλλωμεν,
2123 1609 2261 1664 ἀλλὰ

672 1691 746 1761 μὴ
777 1690 1246 1761 ἀποκρύπτωμεν.
1296 1693 1466 1746 Ὅταν
1514 1691 1623 1760 γάρ
1654 1691 1862 1762 ἑτέροις
1912 1692 2256 1762 μεταδῶμεν,

669 1776 790 1828 τότε
849 1774 1190 1844 πλουτοῦμεν
1250 1777 1402 1828 αὐτοὶ
1449 1775 1745 1844 μειζόνως·
1792 1776 1920 1826 ὅταν
1967 1777 2258 1842 κοινωνοὺς

671 1856 1028 1927 ποιησώμεθα
1060 1858 1160 1926 τῆς
1192 1859 1464 1927 ἐμπορίας
1501 1857 1751 1922 πολλοὺς,
1779 1857 1902 1909 τότε
1928 1858 2028 1926 τὴν
2057 1859 2258 1928 ἡμετέ-

670 1957 769 2009 ραν
798 1939 1033 2009 αὔξομεν
1051 1941 1391 2010 περιουσίάν.
1430 1941 1571 1994 um‘
1593 1940 1950 1993 ἐλαττοῦσθαί
1971 1958 2053 1994 σοι
2073 1942 2141 1994 τὰ
2161 1945 2259 2012 τῆς

665 2024 826 2092 δόξης
868 2022 1132 2093 νομίζεις,
1159 2026 1286 2078 ὅταν
1317 2024 1454 2093 μετά
1481 2023 1692 2076 πολλῶν
1723 2019 1790 2097 ᾖς
1825 2024 2003 2087 εἰδὼς,
2030 2025 2065 2082 ἀ
2100 2026 2261 2094 μόνος

666 2103 815 2168 οἶδας
852 2106 1033 2168 αὑτός.
1065 2107 1174 2158 Kal
1198 2106 1304 2174 μὴν
1333 2106 1453 2156 τότε
1484 2105 1706 2168 αὔξεται
1741 2107 1833 2158 καὶ
1858 2107 1926 2158 τὰ
1951 2107 2050 2175 τῆς
2077 2106 2257 2177 δόξης,

667 2191 762 2242 καὶ
785 2190 852 2242 τὰ
877 2191 975 2258 τῆς
1007 2189 1293 2255 ὠφελείας.
1325 2190 1453 2240 ὅταν
1485 2190 1577 2240 τὸν
1617 2189 1808 2256 φθόνον
1842 2192 2257 2262 καταπατήσης,

666 2276 795 2326 δταν
812 2273 909 2343 τὴν
937 2273 1237 2342 βασκανίαν
1258 2272 1478 2342 σϐέσῃς,
1494 2273 1621 2324 ὅταν
1640 2272 1995 2341 φιλαδελφίαν
2019 2273 2259 2344 ἐπιδείξῃ

666 2357 899 2426 πολλήν·
931 2356 996 2409 ἂν
1028 2356 1086 2406 δέ
1116 2355 1277 2424 μόνος
1307 2355 1463 2416 εἰδὼς
1489 2353 1727 2424 περιίῃς,
1751 2354 2030 2422 ἄνθρωποι
2069 2356 2166 2424 μὲν
2186 2357 2261 2419 ὡς

671 2441 939 2510 βάσκανον
968 2440 1062 2492 καὶ
1091 2438 1418 2509 μισάδελφον
1441 2438 1960 2509 ἀποστραφήσονται
1990 2439 2084 2490 καὶ
2109 2444 2264 2509 μισή-

671 2541 879 2586 σουσιν,
910 2525 936 2574 ὁ
964 2523 1018 2574 δὲ
1041 2522 1172 2584 Θεὸς
1204 2522 1280 2584 ῶς
1309 2521 1547 2591 πονηρὸν
1573 2521 1674 2591 τὴν
1700 2521 1937 2591 ἐσχάτην
1967 2523 2260 2592 ἀπαιτήσει

673 2623 733 2658 σε
763 2606 952 2673 δίκην·
1001 2607 1174 2674 χωρὶς
1212 2605 1268 2656 δὲ
1318 2604 1544 2667 τούτων,
1597 2605 1692 2657 καὶ
1732 2605 1870 2675 αὐτή
1897 2622 1956 2657 σε
1985 2609 2193 2676 ταχέως
2230 2610 2262 2678 ή

670 2689 832 2758 χάρις
865 2687 1070 2758 ἔρημον
1098 2686 1547 2754 ἐγκαταλιποῦσα
1577 2689 1883 2757 οἰχήσεται.
1923 2688 2081 2740 Ἑπεὶ
2107 2691 2203 2742 καὶ
2234 2692 2264 2742 6

673 2775 838 2834 σῖτος.
881 2771 946 2824 ἂν
985 2773 1081 2840 μὲν
1110 2772 1167 2823 ἐν
1196 2775 1314 2833 ταῖς
1345 2771 1656 2840 ἀποθήκαις
1774 2770 2040 2840 διηνεκῶς
2075 2772 2266 2842 κείμε-

674 2875 784 2921 νος,
814 2857 1146 2918 δαπανᾶται,
1171 2855 1332 2924 σητδς
1355 2855 1517 2906 αὑτὸν
1546 2852 1926 2917 κατεσθίοντος
1953 2870 1966 2884 ·
1993 2855 2060 2907 ἂν
2102 2856 2159 2907 δὲ
2188 2855 2266 2920 ἐξ·

672 2940 910 3009 ενεχθελς
944 2941 1023 3000 είς
1052 2939 1152 3000 τὰς
1181 2937 1421 3007 ἀρούρας
1437 2935 1866 3004 καταϐάλληται,
1895 2936 2268 2992 πολυπλασιά-

675 3023 824 3088 ζεται
855 3022 950 3092 καὶ
981 3020 1301 3073 ἀνανεοῦται
1331 3021 1511 3073 πάλιν.
1532 3018 1688 3071 Οὕτω
1713 3021 1807 3072 καὶ
1837 3019 1993 3088 λόγος
2021 3039 2269 3092 πνευμα-

674 3107 846 3170 τικὸς,
883 3088 991 3157 1ἐὰν
1032 3105 1178 3158 ἐνδον
1214 3105 1504 3167 διαπαντὸς
1539 3104 1917 3174 ἀποκλείηται,
1957 3104 2139 3176 φθόνῳ
2167 3088 2269 3161 καὶ

677 3191 822 3257 ὄκνῳ
855 3189 949 3242 καὶ
998 3189 1250 3259 τηκεδόνι
1284 3187 1652 3258 φθειρομένης
1677 3181 1774 3257 τῆς
1795 3189 1972 3259 ψυχῆς
2003 3193 2097 3243 καὶ
2137 3209 2271 3244 κατ-

679 3273 1020 3343 εσθιομένης,
1078 3270 1510 3325 κατασϐέννυται
1545 3272 1793 3340 ταχέωςο
1830 3271 1896 3324 ἂν
1947 3272 2022 3336 δὲ,
2079 3273 2271 3348 ῶσπερ

682 3357 760 3417 είς
786 3355 1024 3426 ἄρουραν
1075 3353 1328 3424 εὔφορον,
1392 3356 1473 3416 είς
1510 3354 1607 3416 τὰς
1653 3353 1762 3405 τῶν
1810 3355 2056 3422 ἀδελφῶν
2093 3357 2272 3428 ψυχὰς

679 3440 1091 3509 διασπείρηται,
1115 3438 1494 3491 πολυπλασίων
1517 3440 1544 3490 6
1576 3438 1851 3508 θησαυρὸς
1879 3440 1974 3491 καί
2005 3444 2120 3504 τοῖς
2147 3443 2274 3496 ὑποο

682 3523 1022 3593 δεχομένοις,
1054 3523 1149 3575 xal
1193 3522 1272 3592 τῷ
1302 3521 1648 3590 κεκτημένῳ.
1682 3522 1794 3574 Kal
1835 3523 2087 3594 καθάπερ
2119 3527 2270 3597 πηγὴ

690 3607 926 3675 συνεχῶς
957 3607 1054 3676 μὲν
1090 3604 1486 3674 ἐξαντλουμένη
1533 3602 1859 3673 καθαίρεται
1916 3607 2118 3674 μᾶλλον
2177 3612 2273 3662 καὶ

686 3691 975 3753 ἀναϐλύζει
1034 3690 1214 3752 πλέον,
1272 3687 1738 3758 καταχωννυμένη
1769 3689 1826 3740 δέ
1866 3690 2229 3759 ἀποπνίγεται
2253 3709 2270 3725 ·

688 3773 830 3825 οὕτω
863 3775 956 3827 καὶ
990 3774 1234 3845 χάρισμα
1269 3772 1639 3842 πνευματικὸν
1665 3774 1756 3824 καὶ
1780 3773 1938 3840 λόγος
1964 3774 2271 3829 διδασκαλι-

687 3857 784 3920 κὸς
814 3858 1049 3928 συνεχῶς
1101 3858 1200 3927 μὲν
1247 3856 1610 3924 ἀντλούμενος
1671 3857 1764 3908 καὶ
1801 3856 1976 3919 διδοὺς
2009 3858 2272 3928 ἀρύεσθαι

684 3944 799 4003 τοῖς
831 3941 1194 4012 βουλομένοις,
1222 3939 1514 4004 ἀναϐλύζει
1547 3929 1707 3991 πλέον
1730 3956 1741 3968 ·
1796 3941 2068 4012 βασκανίᾳ
2092 3945 2149 3997 δὲ
2181 3948 2274 3999 καὶ

685 4025 866 4095 φθόνῳ
888 4026 1281 4094 καταχωσθεὶς,
1307 4023 1628 4077 ἐλαττοῦται
1647 4023 1740 4076 καὶ
1758 4024 2045 4083 σϐέννυται
2067 4028 2269 4084 τέλεον.

696 4109 850 4161 Ἐπεὶ
881 4105 974 4162 οὖν
1006 4107 1258 4160 τοσοῦτον
1289 4108 1350 4159 τὸ
1384 4106 1571 4176 κέρδος
1593 4109 1746 4176 ήμῖν,
1784 4110 1921 4178 ἕπερ
1946 4108 2011 4161 ἂν
2037 4109 2272 4182 ἔχωμεν,

684 4193 820 4262 φέρε
848 4195 926 4255 εἰς
977 4191 1140 4262 μέσον
1190 4190 1550 4253 καταθέντες,
1599 4191 1778 4250 πᾶσαν
1819 4194 1949 4260 ὑμῖν
1981 4193 2274 4266 ἀποδῶμεν

681 4277 783 4347 τὴν
811 4277 1051 4344 ὀφειλὴν,
1095 4274 1360 4345 πρότερον
1392 4273 1804 4343 ἀναμνήσαντες
1825 4275 1922 4345 τῆς
1951 4275 2274 4343 ἀκολουθίας

680 4359 791 4412 τῶν
821 4359 1150 4429 ὀφλημάτων
1178 4356 1383 4409 τούτων
1417 4356 1660 4426 ἀπάσης.

757 4493 821 4562 β’.
844 4491 984 4545 Ἱστε
1013 4492 1187 4544 τοίνυν
1218 4491 1310 4544 καὶ
1343 4489 1620 4561 μέμνησθε
1655 4489 1866 4562 πρώην,
1894 4493 1976 4545 ὅτι
2008 4496 2137 4565 περὶ
2174 4497 2272 4567 τῆς

682 4586 778 4638 τοῦ
803 4584 1142 4652 Μονογενοῦς
1169 4583 1324 4654 δόξης
1357 4582 1750 4652 διαλεγόμενοι,
1787 4584 1986 4648 πολλὰς
2010 4585 2271 4657 ἡριθμοῦ-

686 4695 787 4749 μεν
804 4678 980 4740 αἰτίας
1011 4678 1110 4746 τῆς
1142 4679 1200 4730 ἐν
1233 4679 1348 4740 τοῖς
1391 4678 1599 4746 ῥήμασι
1639 4676 2130 4742 συγκαταϐάσεως·
2178 4681 2270 4733 καὶ

682 4775 965 4843 ἐλέγομεν,
989 4775 1069 4826 ὅτι
1095 4773 1156 4827 οὐ
1181 4772 1343 4842 μόνον
1365 4771 1454 4828 διὰ
1480 4772 1578 4844 τὴν
1595 4773 1694 4842 τῆς
1723 4774 1926 4845 σαρκὸς
1952 4774 2275 4849 περιϐολήν,

679 4871 802 4924 οὐδὲ
830 4869 920 4924 διὰ
949 4869 1048 4940 τὴν
1079 4868 1365 4925 ἀσθένειαν
1390 4868 1550 4938 μόνον
1567 4868 1677 4923 τῶν
1705 4869 2012 4925 ἀκουόντων
2040 4873 2274 4927 ταπεινά

680 4958 980 5038 φθέγγεται
1020 4965 1280 5029 πολλάκις
1321 4969 1349 5020 6
1393 4967 1665 5037 Χριστὸς,
1705 4965 1841 5018 ἀλλὰ
1875 4965 2146 5036 πολλαχοῦ
2179 4971 2273 5022 καὶ

681 5066 1122 5135 ταπεινοφρονεῖν
1143 5063 1431 5116 διδάσκων.
1466 5063 1768 5125 Κάκείναις
1793 5063 1892 5132 μὲν
1923 5063 2122 5128 ἱκανῶς
2149 5065 2274 5118 τότε

682 5159 1052 5230 ἐπεξήλθομεν
1104 5162 1228 5230 ταῖς
1271 5160 1494 5223 αἰτίαις,
1519 5160 1612 5212 καὶ
1650 5159 1749 5228 τῆς
1785 5159 1876 5211 ἐπὶ
1903 5159 1980 5230 τῷ
2015 5161 2272 5232 Λαζάρῳ,

681 5257 897 5327 καὶτῆς
933 5257 1070 5328 πρὸς
1095 5256 1246 5327 αὖτῷ
1272 5255 1351 5326 τῷ
1379 5254 1598 5327 σταυρῴ
1619 5256 1922 5328 γενομένης
1950 5257 2118 5327 εὐχῆς
2148 5276 2277 5330 μνη-

686 5354 1064 5425 μονεύσαντες,
1100 5354 1196 5409 καὶ
1223 5353 1497 5420 δείξαντες
1525 5346 1712 5422 σαφῶς
1737 5397 1752 5421 ,
1789 5353 1873 5407 ὅτι
1903 5355 2002 5422 τὴν
2031 5354 2151 5428 μὲν,
2188 5354 2275 5408 ἵνα

681 5453 781 5523 τὴν
828 5451 1142 5519 οἰκονομίαν
1177 5449 1554 5521 πιστώσηται,
1615 5450 1714 5521 τὴν
1753 5450 1846 5515 δὲ,
1878 5451 1964 5506 ἵνα
2016 5449 2115 5522 τήν
2165 5450 2275 5506 τῶν

683 5548 989 5602 ἀκουόντων
1024 5547 1306 5600 ἀσθένειαν
1345 5547 1726 5619 διορθώσηται,
1774 5548 2098 5617 πεποίηκεν,
2125 5547 2279 5600 οὐδε-

688 5648 816 5715 μιᾶς
844 5646 1004 5709 αὐτὸς
1031 5645 1284 5716 δεόμενος
1315 5644 1590 5717 βοηθείας.
1630 5645 1752 5698 Ὀτι
1773 5643 1831 5698 δὲ
1863 5643 2038 5697 πολλὰ
2058 5644 2151 5698 καὶ
2174 5661 2276 5698 τα⁹

685 5746 1056 5815 πεινοφρονεῖν
1089 5743 1287 5806 αὐτοὺς
1311 5743 1578 5798 διδάσκων
1603 5742 1798 5808 ἐποίει,
1827 5742 1923 5796 καὶ
1939 5740 2098 5795 τοῦτο
2116 5741 2274 5795 ἀκου-

688 5860 798 5897 σον.
836 5840 1068 5893 Ἐϐαλεν
1105 5838 1249 5912 ὕδωρ
1276 5843 1354 5904 είς
1386 5845 1476 5895 τὸν
1507 5842 1774 5912 νιπτῆρα·
1819 5837 1910 5893 καὶ
1941 5837 2014 5902 ώς
2038 5835 2140 5891 οὐκ
2168 5839 2272 5911 ἀρ-

1320 410 1378 465 S.
1419 409 1707 467 JOANNIS
1743 406 2243 464 CHRYSOSTOMI
2282 406 2606 465 ARCHIEP.
2646 410 3202 470 CONSTANTINOP.

3866 402 3974 456 786

2375 527 2505 582 κοῦν
2535 531 2714 594 τοῦτο,
2738 532 2817 586 ἔτι
2848 533 2941 585 καὶ
2957 534 3149 604 λεντίῳ
3175 531 3494 597 διεζώσατο,
3525 534 3662 608 πρὸς
3682 533 3980 605 τὴνέσχάο

2370 639 2471 694 την
2508 625 2788 678 εὐτέλειαν
2810 627 3066 694 κατάγων
3093 627 3306 690 ἐαυτὸν,
3360 627 3456 680 καὶ
3505 626 3710 698 ήρξατο
3751 626 3974 679 νίπτειν

2368 717 2497 778 τοὺς
2522 717 2690 781 πόδας
2720 717 2827 771 τῶν
2853 718 3132 789 μαθητῶν,
3156 719 3297 789 μετά
3318 719 3373 771 δὲ
3405 717 3559 790 [551]
3576 718 3685 771 τῶν
3705 717 3980 788 μαθητῶν

2373 811 2464 862 καὶ
2485 808 2579 861 τοῦ
2611 811 2869 882 προδότου
2900 813 3027 876 τοὺς
3055 812 3217 875 πόδας
3246 811 3422 881 ἐνιψε.
3441 812 3538 876 Τίς
3561 813 3661 865 οὐκ
3680 810 3746 866 ἂν
3763 809 3980 863 ἐκπλα-

2369 901 2492 973 γείη
2520 904 2614 957 καὶ
2652 904 2986 974 θαυμάσειε;
3012 905 3120 958 Τοῦ
3140 905 3428 978 μέλλοντος
3454 904 3620 965 αὐτὸν
3651 903 3977 975 προδιδόναι

2368 993 2546 1050 νίπτει
2569 996 2698 1060 τοὺς
2717 997 2883 1061 πόδας
2902 1014 2915 1026 ο
2947 999 3153 1052 καὶτὸν
3181 999 3389 1069 Πέτρον
3416 997 3841 1068 διακρουόμενον
3873 995 3977 1048 καὶ

2367 1086 2617 1155 λέγοντα.
2653 1090 2850 1157 Κύριε,
2891 1092 2964 1145 οὐ
2993 1089 3079 1159 μή
3106 1109 3227 1159 μου
3253 1093 3457 1160 νίψεις
3482 1091 3627 1156 τοὺς
3658 1091 3876 1155 πόδας,
3904 1089 3972 1142 οὗ

2370 1179 2728 1249 παρατρέχει,
2757 1180 2894 1233 ἀλλά
2919 1198 3052 1250 φησι
3095 1183 3233 1253 πρὸς
3271 1184 3470 1237 αὐτόν·
3511 1183 3659 1242 ΪΕὰν
3678 1183 3764 1249 μὴ
3806 1181 3975 1248 νίψω

2368 1285 2484 1325 σου
2512 1271 2652 1335 τοὺς
2681 1271 2894 1338 πόδας,
2937 1274 3051 1325 οὐκ
3075 1272 3238 1341 ἔχεις
3258 1273 3443 1343 μέρος
3461 1273 3591 1342 μετ’
3611 1271 3789 1338 ἐμοῦ·
3826 1271 3856 1322 6
3888 1270 3971 1336 δὲ,

2362 1362 2568 1426 Κύριε,
2597 1361 2684 1431 μὴ
2720 1364 2864 1430 τοὺς
2887 1365 3079 1430 πόδας
3111 1368 3329 1432 μόνον,
3358 1366 3522 1420 ἀλλὰ
3569 1367 3669 1420 καὶ
3701 1365 3810 1429 τὰς
3839 1364 3976 1433 χεῖ-

2361 1469 2476 1522 ρας
2501 1453 2599 1507 καὶ
2636 1454 2750 1523 τὴν
2781 1457 3077 1525 κεφαλήν.
3105 1454 3259 1521 Εἶδες
3291 1458 3580 1511 εὐλάϐειαν
3628 1456 3874 1529 μαθητοῦ
3901 1457 3976 1512 δι’

2367 1546 2715 1618 ἀμφοτέρων,
2754 1552 2848 1604 καὶ
2903 1552 2990 1604 διὰ
3029 1552 3129 1622 τῆς
3171 1554 3586 1623 παραιτήσεως,
3625 1559 3720 1605 καὶ
3748 1552 3835 1605 διὰ
3867 1553 3976 1622 τῆς

2368 1642 2857 1708 συγκαταθέσεως;
2891 1646 2954 1698 EE
2977 1646 3087 1715 γάρ
3114 1647 3210 1698 καὶ
3237 1645 3460 1699 ἐναντία
3479 1646 3548 1699 τά
3584 1645 3974 1718 ῥήματα,ἀλλ⁹

2367 1732 2474 1790 ὑπὸ
2505 1733 2738 1806 ζεούσης
2760 1738 3046 1810 ἀμφότερα
3070 1738 3298 1811 γνώμης
3338 1741 3577 1808 ἐλέγετο.
3635 1742 3800 1810 Ὁρᾷς
3843 1739 3977 1802 πῶς

2367 1826 2646 1897 πανταχοῦ
2683 1829 2886 1900 θερμὸς
2915 1826 2986 1902 ἦν
3026 1833 3121 1886 καὶ
3150 1833 3615 1903 διεγηγερμένος;
3657 1833 3796 1886 Ἀλλ’
3825 1834 3977 1904 ὅπερ

2367 1922 2574 1989 ελεγον,
2612 1923 2699 1979 ἴνα
2733 1925 2808 1995 μὴ
2827 1925 2916 1978 διὰ
2941 1926 3042 1996 τὴν
3075 1926 3171 1979 τοῦ
3203 1927 3534 1998 πράγματος
3558 1927 3835 1981 εὐτέλειαν
3864 1928 3979 1998 τῆς

2367 2013 2584 2083 φύσεως
2612 2017 2903 2088 καταγνῷς
2953 2019 3254 2084 εὐτέλειαν,
3290 2020 3428 2089 μετὰ
3460 2020 3520 2073 τὸ
3553 2020 3706 2088 νίψαι
3740 2023 3794 2072 τί
3829 2037 3978 2090 φησι

2366 2109 2506 2179 πρὸς
2531 2110 2750 2172 αὐτοὺς.
2770 2110 3022 2163 ἄκουσον·
3041 2110 3381 2165 Γινώσκετε
3404 2115 3461 2166 τί
3476 2115 3776 2179 πεποίηκα
3792 2112 3980 2182 ὑμῖν;

2377 2201 2577 2268 ’Υμεῖς
2611 2201 2851 2255 καλεῖτέ
2889 2219 2990 2270 με,
3017 2206 3050 2256 ὀ
3092 2206 3331 2271 Κύριος,
3370 2206 3469 2259 καί
3501 2209 3534 2258 ό
3568 2205 3976 2272 διδάσκαλος,

2367 2294 2468 2348 καὶ
2493 2294 2691 2361 καλῶς
2723 2297 2928 2366 λέγετε
2949 2314 2962 2327 ·
2999 2296 3118 2366 εἰμί
3142 2296 3273 2367 γάρ.
3305 2301 3373 2351 Εἰ
3404 2294 3520 2353 οὖν
3545 2299 3661 2369 ἐγὼ
3694 2303 3728 2354 ό
3748 2300 3982 2368 Κύριος

2368 2388 2465 2443 καί
2487 2391 2520 2441 ὁ
2546 2387 2919 2456 διδάσκαλος
2941 2391 3124 2459 ἔνιψα
3168 2390 3336 2460 ὑμῶν
3367 2391 3513 2458 τοὺς
3541 2394 3731 2459 πόδας
3750 2436 3764 2458 ,
3812 2395 3982 2447 οὕτω

2368 2481 2469 2535 καὶ
2492 2480 2662 2551 ὑμεῖς
2689 2484 2964 2550 ὀφείλετε
2987 2484 3289 2550 ἀλλήλοις
3330 2487 3546 2540 ποιεῖν.
3610 2487 3984 2555 ’Υπόδειγμα

2368 2574 2478 2646 γὰρ
2509 2576 2707 2631 ἔδωκα
2758 2577 2922 2646 ὑμῖν,
2956 2579 3053 2631 ἵνα
3101 2579 3182 2645 ὠς
3221 2579 3336 2649 ἐγὼ
3375 2580 3640 2647 ἐποίησα
3676 2581 3837 2649 ὑμῖν,
3871 2580 3984 2636 καὶ

2367 2668 2540 2737 ὑμεῖς
2567 2669 2866 2736 ἀλλήλοις
2899 2670 3132 2739 ποιῆτε.

2451 2770 2616 2840 Ὁρᾷς
2636 2772 2719 2823 ὅτι
2744 2771 2912 2824 πολλά
2937 2773 3333 2843 ὑποδείγματος
3358 2773 3548 2827 ’ἐνεκεν
3569 2773 3762 2838 ἐποίει;
3785 2774 3986 2830 Καθά-

2368 2880 2478 2934 περ
2513 2865 2622 2932 γάρ
2647 2882 2732 2927 τις
2764 2865 3088 2928 διδάσκαλος
3126 2866 3320 2934 σοφίας
3370 2865 3812 2938 πεπληρωμένος
3845 2886 3986 2922 παι-

2369 2954 2504 3018 δίοις
2532 2954 2841 3024 ψελλίζουσι
2866 2957 3241 3027 συμψελλίζει,
3271 2959 3364 3012 καὶ
3399 2960 3426 3010 6
3447 2958 3748 3030 ψελλισμὸς
3783 2961 3849 3012 οὐ
3875 2960 3986 3031 τῆς

2374 3049 2617 3120 ἀμαθίας
2655 3048 2752 3103 τοῦ
2803 3052 3151 3118 διδασκάλου,
3181 3051 3316 3106 ἀλλὰ
3349 3054 3452 3124 τῆς
3506 3055 3837 3126 κηδεμονίας
3875 3053 3986 3126 τῆς

2374 3144 2512 3216 πρὸς
2540 3144 2668 3206 τοὺς
2699 3144 2895 3207 παῖδάς
2917 3146 3034 3198 ἐστι
3055 3148 3360 3218 τεκμήριον
3386 3162 3400 3174 ·
3424 3146 3570 3200 οὕτω
3592 3147 3656 3218 δὴ
3674 3149 3766 3201 καὶ
3782 3151 3813 3201 6
3836 3150 3980 3217 Χρι-

2377 3239 2501 3300 στὸς
2526 3238 2585 3291 ού
2611 3237 2678 3290 δι’
2716 3237 2993 3291 εὐτέλειαν
3021 3239 3122 3308 τῆς
3144 3241 3336 3304 οὐσίας
3371 3240 3548 3294 ταῦτα
3586 3245 3782 3304 ἐποίει,
3841 3244 3988 3298 ἀλλά

2375 3331 2465 3384 διὰ
2488 3329 2917 3398 συγκατάϐασιν.
2947 3331 3058 3383 Kal
3074 3332 3158 3386 δεῖ
3179 3334 3350 3390 ταῦτα
3366 3336 3468 3406 οὐχ
3485 3334 3671 3399 ἁπλῶς
3698 3338 3989 3408 παρατρέ-

2375 3441 2494 3494 χειν
2513 3441 2526 3453 ·
2564 3423 2659 3476 καὶ
2687 3423 2793 3493 γὰρ
2817 3424 2948 3477 αὐτὸ
2973 3423 3131 3478 τοῦτο
3151 3425 3200 3479 εί
3239 3427 3362 3480 καθ’
3392 3429 3553 3482 ἐαυτὺ
3581 3428 3677 3482 νῦν
3706 3429 3988 3494 ἐξετάσω·

2381 3535 2501 3588 μεν.
2539 3517 2640 3585 ὅρα
2681 3515 2804 3567 ὅσον
2844 3515 3047 3569 ἄτοπον
3101 3518 3314 3586 ἕψεται.
3357 3520 3421 3574 El
3449 3520 3558 3592 γάρ
3587 3524 3615 3576 ὁ
3643 3523 3853 3576 νίπτων
3882 3525 3986 3579 τοῦ

2376 3609 2702 3679 νιπτομένου
2755 3608 3137 3678 εὐτελέστερος
3180 3605 3321 3665 εἶναι
3365 3613 3517 3667 δοκεῖ
3543 3615 3774 3679 (ἔστιδὲ
3804 3617 3834 3668 6
3878 3618 3987 3688 μέν

2313 3746 2316 3748 .
2378 3704 2584 3756 νίπτων
2615 3703 2644 3754 6
2671 3699 2931 3771 Χριστὸς,
2973 3702 3024 3753 οί
3055 3701 3298 3773 μαθηταὶ
3317 3703 3371 3758 δέ
3396 3705 3446 3758 οἱ
3483 3707 3842 3779 νιπτόμενοι),
3870 3711 3987 3781 ἄρα

2379 3794 2760 3864 εὐτελέστερος
2812 3793 2967 3846 ἔσται
3017 3793 3045 3844 6
3074 3795 3312 3864 Χριστὸς
3345 3797 3454 3850 τῶν
3506 3799 3786 3870 μαθητῶν.
3835 3804 3984 3856 Ἀλλ’

2378 3889 2553 3950 οὐδεὶς
2587 3887 2653 3940 ἂν
2686 3887 2847 3940 τοῦτο
2892 3886 3014 3939 οὐδὲ
3047 3888 3372 3957 μαινόμενος
3411 3892 3574 3946 εἴποι,
3637 3893 3800 3964 Ὁρᾷς
3853 3897 3985 3948 ὅσον

2336 3984 2497 4034 ’ἐστὶ
2556 3981 2726 4034 κακδν
2779 3978 2878 4042 τὰς
2931 3979 3113 4042 αἰτίας
3169 3980 3405 4048 ἀγνοεῖν,
3459 3983 3528 4036 δι’
3561 3984 3629 4047 ἃς
3681 3986 3984 4055 όΧριστδς

2380 4075 2554 4126 ἐποίει
2591 4074 2770 4126 πάντα
2810 4071 2955 4142 ἅπερ
2998 4073 3204 4138 ἐποίει;
3242 4075 3458 4128 Μᾶλλον
3477 4075 3532 4128 δὲ
3559 4076 3812 4146 βλέπεις,
3851 4081 3984 4135 ὅσον

2379 4167 2530 4220 ἐστὶν
2565 4165 2768 4233 ἀγαθὸν
2799 4164 2977 4217 πάντα
3014 4166 3152 4235 μετά
3194 4168 3486 4238 ἀκριϐείας
3528 4169 3828 4235 ἐξετάζειν,
3883 4176 3984 4228 καὶ

2383 4262 2457 4330 μὴ
2486 4260 2697 4322 ἁπλῶς,
2733 4259 2815 4311 ὃτι
2838 4253 2960 4310 εἶπέ
2987 4276 3039 4311 τι
3066 4260 3372 4332 ταπεινδνῆ
3402 4262 3680 4334 ἐποίησεν,
3716 4265 3854 4321 ἀλλά
3881 4267 3984 4320 καὶ

2378 4355 2523 4417 τίνος
2545 4352 2732 4406 ἐνεκεν
2763 4351 2859 4404 καὶ
2895 4350 2986 4404 διά
3005 4352 3059 4403 τί
3098 4353 3481 4422 προστιθέναι;
3516 4356 3630 4409 Οὐκ
3659 4357 3899 4413 ἐνταῦθα
3923 4360 3981 4414 δὲ

2384 4450 2543 4520 μόνον
2594 4444 2755 4498 τοῦτο
2806 4444 3084 4514 ἐποίησεν,
3138 4445 3278 4499 ἀλλά
3311 4449 3406 4501 καὶ
3453 4448 3689 4520 ἀλλαχοῦ
3737 4451 3799 4504 τὸ
3845 4453 3982 4506 αὐτὸ

2379 4541 2539 4599 τοῦτο
2562 4538 2802 4610 ᾐνίξατο.
2830 4537 3017 4591 Εἰπὼν
3055 4539 3185 4610 γὰρ,
3230 4540 3323 4607 ,Ις
3464 4561 3478 4590 ι
3500 4542 3737 4611 μείζων,
3767 4549 3801 4598 δ
3833 4546 3983 4600 ἀνα-

2387 4636 2679 4703 κείμενος,
2716 4632 2756 4697 ἢ
2791 4633 2824 4683 ό
2856 4629 3192 4696 διακονῶν;
3221 4633 3356 4704 ἐπήγ
3421 4653 3527 4703 ην,
3559 4637 3707 4707 Οὐχὶ
3754 4641 3789 4692 ό
3829 4640 3984 4693 ἀνα-

2381 4725 2657 4792 κείμενος
2682 4738 2698 4783 ;
2745 4721 2888 4789 Ἐγὼ
2916 4721 2987 4775 δέ
3017 4724 3134 4792 εἶμι
3165 4723 3232 4776 ἐν
3257 4726 3433 4792 μέσῳ
3455 4727 3643 4795 ὑμῶν,
3685 4729 3768 4795 ὡς
3790 4732 3823 4783 ό
3851 4730 3980 4784 δια-

2382 4814 2600 4871 κονῶν.
2624 4813 2737 4866 Καὶ
2768 4807 2926 4865 τοῦτό
2949 4811 3007 4864 δὲ
3038 4808 3182 4878 εἷπε,
3215 4815 3440 4869 κάκεῖνο
3472 4819 3721 4889 ἐποίησε,
3763 4821 3982 4886 δεικνὺς

2381 4911 2463 4963 ὃτι
2492 4906 2763 4977 πολλαχοῦ
2817 4905 2889 4960 τὰ
2918 4906 3176 4961 ἐλάττονα
3223 4908 3462 4979 ἁρπάζει
3511 4912 3594 4974 είς
3631 4910 3983 4967 διδασκαλίαν

2380 5002 2491 5056 τῶν
2520 4999 2799 5072 μαθητῶν,
2829 4985 3144 5072 μετριάζειν
3167 5019 3226 5054 τε
3252 5001 3388 5073 ὁμοῦ
3413 5002 3616 5056 πείθων
3636 5005 3986 5070 αὐτούς.Καὶ

2380 5093 2540 5164 δῆλον
2567 5093 2649 5146 δτι
2671 5092 2733 5144 o6
2761 5092 2851 5146 διά
2881 5092 2942 5145 τὸ
2969 5092 3070 5161 τῆς
3095 5091 3312 5161 φύσεως
3363 5094 3808 5166 καταδεέστερον,
3838 5097 3984 5150 ἀλλά

2381 5186 2471 5240 διὰ
2499 5186 2601 5258 τὴν
2631 5185 2858 5240 ἐκείνων
2876 5183 3233 5240 διδασκαλίαν
3267 5185 3442 5240 ταῦτα
3481 5187 3662 5242 πάντα
3700 5188 3981 5260 ἀνέχεται.

2380 5279 2497 5336 Kal
2543 5277 2918 5355 γὰρ’ἀλλαχοῦ
2964 5295 3160 5348 φησιν’
3193 5282 3258 5333 Ol
3301 5279 3591 5350 ἄρχοντες
3637 5281 3758 5336 τῶν
3787 5281 3982 5337 ἐθνῶν

2380 5372 2929 5442 κατακυριεύουσιν
2976 5369 3194 5432 αὐτῶν,
3233 5373 3395 5440 παρὰ
3426 5371 3495 5425 δὲ
3523 5372 3667 5443 ὑμῖν
3714 5376 3830 5444 οὐχ
3881 5376 3983 5428 οὗ-

2381 5480 2530 5530 τως·
2568 5465 2710 5520 ἀλλ’
2738 5465 2771 5516 ό
2817 5462 3012 5518 θέλων
3045 5462 3117 5514 ἐν
3148 5462 3292 5532 ὑμῖν
3322 5459 3476 5517 εἶναι
3511 5465 3763 5531 πρῶτος,
3824 5465 3985 5520 ἔστω

2382 5552 2628 5608 πάντων
2656 5552 2958 5619 διάκονος,
2984 5554 3097 5606 Kal
3123 5553 3230 5627 γὰρ
3266 5553 3329 5608 '0
3367 5553 3499 5621 Υἱὸς
3527 5557 3634 5613 τοῦ
3660 5557 3980 5626 ἀνθρώπου

2377 5649 2498 5702 οὐκ
2527 5643 2679 5717 ἦλθε
2697 5646 3154 5716 διακονηθῆναι,
3190 5648 3354 5702 ἀλλὰ
3381 5647 3760 5716 διακονῆσαι.
3792 5651 3984 5705 E110!-

2384 5757 2480 5794 νυν
2515 5740 2844 5810 διακονῆσαι
2877 5735 3011 5810 ἦλθε
3047 5740 3142 5793 καὶ
3183 5741 3691 5813 ταπεινοφροσύνην
3743 5742 3978 5808 διδάξαι,

2384 5836 2462 5907 μή
2509 5835 2764 5910 θορυϐοῦ,
2822 5837 2958 5909 μηδὲ
2988 5838 3322 5904 κατάπιπτε,
3361 5840 3409 5891 εί
3457 5837 3526 5892 τὰ
3572 5837 3682 5892 τῶν
3712 5837 3976 5893 διακόνων
