4174 6336
238 400 354 457 785

238 514 377 584 quid
417 514 486 571 de
516 515 855 571 facultatibus
888 534 901 570 :
934 518 1016 572 sin
1055 528 1230 575 autem
1272 521 1337 575 ad
1382 538 1571 577 omnes
1601 524 1839 591 efferam,

239 607 555 676 multosque
591 616 872 663 consortes
902 623 965 664 ac
1002 612 1285 680 participes
1318 613 1525 679 iaciam,
1560 615 1688 668 mihi
1712 616 1845 671 divi-

245 699 339 753 tiae
368 700 674 769 spirituales
716 709 999 770 angenthr.
1046 706 1220 772 Atque
1264 704 1377 758 lucc
1417 706 1484 758 ita
1528 722 1585 760 se
1622 706 1839 769 habere.

237 803 481 859 eumque
505 790 593 859 qui
620 793 830 844 cceteris
857 788 1245 860 communicat,
1285 794 1584 862 depositum
1608 813 1839 866 augere;

234 881 335 950 qui
357 895 485 934 vero
512 880 811 946 abscondit,
839 892 1104 953 quaestum
1131 900 1347 939 omnem
1372 888 1715 955 imminuere,
1759 898 1841 943 ιιι-

234 980 358 1025 .ttes
383 980 505 1026 sunt
533 972 631 1037 illi,
656 972 849 1042 quibus
880 972 1093 1029 fuerant
1121 977 1317 1031 talenta
1343 980 1652 1045 commissa,
1686 982 1728 1034 is
1755 983 1839 1034 cui

231 1061 502 1131 quinque,
536 1062 581 1116 is
607 1064 691 1117 cui
717 1063 845 1130 duo,
879 1076 932 1121 et
961 1065 1005 1120 is
1030 1068 1116 1122 cui
1147 1082 1335 1125 unum.
1366 1069 1472 1123 Alii
1498 1071 1639 1125 enim
1668 1071 1841 1139 dupli-

230 1161 364 1208 cata
393 1155 755 1224 proferebant,
784 1173 904 1227 quae
931 1160 1033 1213 sibi
1064 1162 1266 1216 credita
1300 1162 1528 1230 fuerant,
1560 1176 1613 1220 et
1642 1166 1841 1222 idcirco

232 1245 541 1302 honoribus
567 1247 945 1306 afﬁciebantur
975 1251 1188 1323 (Matth.
1214 1254 1305 1310 25.
1332 1256 1421 1327 l5)
1454 1274 1469 1311 :
1500 1259 1636 1311 alius
1662 1268 1838 1313 autem

230 1336 383 1405 apud
419 1353 479 1396 se
516 1341 783 1405 servavit,’
813 1357 914 1397 nec
942 1345 1034 1398 ulli
1063 1338 1503 1413 communicavit,
1534 1366 1708 1420 neque
1737 1352 1836 1405 du-

230 1427 389 1495 plum
417 1428 644 1484 reddere
671 1418 865 1498 vahit,
893 1444 1055 1504 atque
1082 1435 1283 1491 idcirco
1323 1439 1539 1506 punitus
1575 1453 1673 1494 est.
1713 1442 1839 1497 llaec

231 1518 404 1588 igitur
431 1521 710 1577 audientes
741 1538 951 1593 omnes,
980 1536 1034 1582 et
1065 1529 1206 1597 quod
1236 1529 1361 1585 inde
1390 1533 1707 1602 supplicium
1739 1535 1839 1589 im-

230 1610 411 1668 minet
456 1612 888 1682 reformidantes,
941 1619 1081 1688 quod
1112 1635 1278 1688 penes
1308 1637 1407 1677 nos
1438 1623 1598 1680 fuerit
1638 1625 1835 1681 bonum

231 1704 293 1755 in
327 1703 521 1774 fratres
548 1705 920 1773 conferamus,
966 1719 1021 1763 et
1057 1710 1109 1768 in
1153 1712 1389 1768 medium
1431 1716 1680 1771 omnibus
1710 1734 1836 1786 per-

229 1794 530 1863 solvamus,
554 1812 729 1867 neque
754 1799 1130 1860 recondamus.
1155 1801 1286 1859 Cum
1314 1808 1459 1860 enim
1485 1822 1605 1861 cum
1627 1809 1837 1864 creteris

228 1888 729 1955 communicamus,
774 1901 890 1946 tum
929 1894 1160 1963 amplius
1191 1897 1289 1965 ipsi
1325 1898 1634 1956 ditescimus
1667 1919 1680 1954 ε
1712 1916 1835 1958 cum

233 1980 530 2051 participes
552 1982 686 2037 lucri
711 1984 905 2039 multos
930 1984 1173 2053 facimus,
1195 1997 1303 2043 tum
1329 1989 1605 2048 facultates
1627 2004 1835 2050 nostras

230 2085 512 2141 augemus.
544 2074 705 2143 Atqui
750 2076 915 2130 minui
945 2078 1168 2147 gloriam
1211 2082 1680 2150 tuam‘arbitraris,
1710 2100 1831 2139 cum

234 2168 298 2213 tu
342 2176 405 2216 ea
455 2163 595 2216 nosti
639 2176 759 2218 cum
806 2166 1011 2231 multis,
1053 2183 1173 2238 qua:
1219 2171 1365 2225 solus
1395 2188 1621 2227 noveras
1662 2192 1674 2227 :
1724 2174 1832 2230 imo

229 2265 370 2306 vero
411 2260 521 2308 tum
561 2266 787 2324 augetur
813 2256 982 2323 gloria
1006 2300 1020 2323 ,
1050 2269 1105 2313 et
1142 2259 1341 2317 utilitas
1370 2274 1453 2315 tua
1476 2304 1492 2329 ,
1531 2280 1653 2319 cum
1693 2265 1831 2319 invi-

229 2342 379 2396 diam
403 2345 697 2413 proculcas,
735 2362 857 2403 cum
885 2349 1110 2406 livorem
1134 2356 1447 2425 exstinguis,
1480 2371 1603 2412 cum
1630 2361 1831 2415 amoris

231 2433 290 2487 in
320 2432 510 2490 fratres
538 2438 811 2507 egregium
839 2442 1109 2509 specimen
1155 2443 1291 2498 edis.
1321 2445 1474 2513 Quod
1504 2447 1550 2502 si
1593 2450 1738 2504 solus
1776 2452 1827 2505 id

226 2522 412 2578 sciens
437 2524 771 2594 obambules,
800 2528 1044 2586 homines
1065 2533 1280 2603 quidem
1310 2542 1363 2589 te
1392 2545 1661 2608 tamquam
1696 2541 1832 2595 iuvi-

225 2612 359 2667 dum
385 2623 438 2669 et
463 2614 689 2672 fratrum
718 2634 931 2676 osorem
965 2625 1387 2693 aversabnntur,
1416 2638 1473 2689 et
1503 2631 1627 2684 odio
1658 2632 1827 2687 babe-

224 2702 364 2757 hunt
396 2722 410 2758 :
444 2704 584 2760 Deus
619 2716 798 2764 autem
838 2720 1089 2783 tanquam
1138 2714 1205 2770 ab
1244 2716 1488 2787 improbo
1526 2731 1823 2778 extremum

221 2797 547 2867 supplicium
575 2802 774 2872 exiget.
800 2803 1002 2859 Practer
1028 2805 1144 2861 lucc
1169 2816 1347 2863 autem
1381 2811 1492 2879 ipsa
1523 2814 1684 2868 etiam
1703 2831 1825 2885 gra-

225 2888 302 2943 tia
328 2889 609 2947 confestim
641 2893 844 2950 nudum
874 2906 924 2951 te
944 2897 1320 2969 derelinquens
1346 2903 1581 2974 aufugiet
1613 2923 1627 2959 :
1655 2922 1826 2977 quan-

220 2979 509 3050 doquidem
557 2983 887 3041 frumentum
935 3004 1148 3060 quoque
1176 2993 1222 3046 si
1252 3008 1468 3064 semper
1510 2996 1563 3049 in
1613 2997 1824 3054 horreis

219 3072 298 3126 sit
341 3074 672 3129 reconditum
694 3119 710 3142 ,
743 3080 1108 3145 consumitur,
1139 3098 1260 3139 cum
1291 3100 1319 3138 a
1353 3087 1491 3140 tinea
1520 3090 1777 3145 esedatur
1805 3109 1819 3146 :

219 3164 269 3216 si
302 3178 433 3233 vero
459 3166 719 3234 prolatum
750 3168 897 3224 foras
924 3170 975 3224 in
1004 3187 1130 3226 arva
1155 3184 1463 3245 spargatur,
1497 3181 1818 3252 multiplica-

220 3264 311 3309 tur
356 3240 674 3328 rursumque
716 3271 1010 3316 renovatur
1042 3281 1056 3317 :
1094 3265 1164 3317 ita
1206 3281 1384 3320 sermo
1414 3285 1624 3339 quoque
1660 3273 1821 3341 spiri—

219 3347 412 3415 tualis,
455 3349 501 3403 si
548 3364 766 3421 semper
809 3354 951 3407 intus
998 3357 1380 3425 concludatur,
1424 3360 1551 3414 dum
1596 3362 1817 3431 invidia,

219 3444 468 3505 torpore,
502 3453 565 3494 ac
600 3428 721 3496 tabe
747 3445 1142 3513 corrumpitur,
1172 3455 1224 3500 et
1254 3452 1588 3505 consumitur
1615 3454 1815 3522 anima,

216 3526 329 3579 cito
348 3529 706 3598 exstinguitur
730 3549 745 3586 :
769 3532 850 3587 sin
873 3544 1049 3589 autem
1075 3544 1341 3606 tamquam
1366 3540 1417 3592 in
1442 3557 1626 3597 arvum
1648 3543 1821 3602 fertile

215 3616 274 3671 in
299 3618 505 3675 animas
534 3619 757 3677 fratrum
788 3625 1148 3697 dispergatur,
1190 3630 1259 3683 ita
1291 3631 1347 3685 fit
1377 3642 1435 3687 ut
1462 3644 1516 3689 et
1541 3635 1606 3691 iis
1633 3653 1663 3691 a
1692 3639 1815 3708 qui-

213 3704 317 3761 bus
345 3710 633 3780 suscipitur
658 3723 713 3768 et
738 3714 802 3769 iis
830 3731 860 3768 a
889 3718 1083 3788 quibus
1112 3721 1418 3788 possidetur
1438 3704 1817 3797 multiplicetur

217 3796 525 3854 thesaurus.
564 3801 634 3858 Et
661 3807 1110 3874 quemadmodum
1141 3810 1262 3865 fons
1283 3855 1297 3880 ,
1330 3829 1396 3869 ex
1426 3832 1533 3886 quo
1560 3796 1817 3891 frequen-

218 3898 301 3943 ter
330 3888 591 3960 hauritur,
626 3897 808 3964 purior
839 3898 916 3963 fit,
948 3910 1000 3955 et
1027 3903 1296 3971 copiosius
1321 3909 1561 3975 scaturit,
1593 3912 1812 3969 obtura-

214 3989 301 4034 tus
323 3997 451 4036 vero
474 3983 790 4055 destruitur,
817 3990 895 4045 sic
923 4003 975 4046 et
1000 3992 1198 4048 donum
1231 3997 1525 4066 spirituale,
1552 4016 1617 4057 ac
1634 4018 1814 4060 sermo

214 4070 494 4141 doctrinae,
527 4076 572 4130 si
602 4076 913 4149 frequenter
942 4082 1237 4153 hanriatur,
1262 4097 1315 4142 et
1344 4088 1667 4149 hauriendus
1696 4098 1815 4167 qui-

215 4163 397 4222 busvis
438 4178 771 4239 exponetur,
816 4173 1033 4230 uberius
1076 4188 1260 4233 manat
1305 4199 1319 4235 :
1360 4182 1561 4239 invidia
1590 4163 1729 4242 vero
1758 4197 1814 4245 et

213 4254 381 4310 livore
408 4270 727 4328 suppressus
764 4264 1060 4333 minuitur,
1093 4282 1156 4321 ac
1188 4270 1403 4325 tandem
1431 4276 1807 4347 exstinguitur.

212 4345 438 4413 Quando
475 4349 636 4420 igitur
676 4360 821 4408 tanta
867 4357 1021 4412 nobis
1064 4359 1186 4413 inde
1227 4363 1425 4419 utilitas
1464 4345 1669 4435 oritur,
1712 4386 1810 4442 age

210 4436 352 4504 quod
377 4438 429 4492 in
457 4450 640 4496 nostra
663 4452 928 4514 potestate
951 4452 1112 4504 situm
1138 4450 1322 4520 fuerit,
1342 4457 1398 4510 in
1417 4459 1653 4515 medium
1675 4436 1805 4519 affe-

214 4542 413 4596 tamus,
443 4540 718 4605 totumque
740 4538 894 4594 vobis
920 4540 1157 4598 debitum
1185 4548 1546 4615 exsolvamus,
1578 4554 1623 4608 si
1659 4557 1808 4626 prius

214 4630 381 4675 totum
422 4623 722 4696 debitorum
767 4630 990 4688 istorum
1037 4636 1284 4692 ordinem
1317 4642 1464 4697 vobis
1505 4644 1561 4699 in
1606 4663 1809 4703 memo-

214 4711 345 4765 riam
372 4718 824 4777 revocaverimus.

284 4801 338 4855 2.
380 4804 541 4862 Scitis
567 4824 696 4881 ergo
731 4827 794 4866 ac
823 4815 1165 4885 meministis,
1199 4836 1369 4894 nuper
1399 4839 1495 4879 nos
1522 4826 1595 4883 de
1620 4830 1802 4901 unige-

214 4893 309 4947 niti
335 4894 501 4965 gloria
535 4898 861 4960 disserentes
899 4906 1083 4976 plures
1107 4893 1580 4971 condescensionis
1611 4920 1661 4973 in
1691 4936 1782 4976 ver

216 4984 297 5039 bis
322 5002 512 5045 causas
542 5007 886 5053 enumerasse
923 5015 1029 5055 :ac
1074 5003 1274 5060 dixisse
1314 5023 1413 5064 nos
1451 5026 1557 5065 non
1602 5023 1803 5071 tantum

213 5076 283 5131 ob
307 5081 484 5138 carnis
511 5085 790 5162 amictum,
819 5106 991 5162 neque
1022 5105 1239 5164 propter
1268 5098 1624 5159 infirmitatem
1655 5107 1805 5179 audi-

217 5177 390 5226 torum
416 5180 619 5229 tantum
639 5192 785 5245 saepe
804 5179 1072 5237 Christum
1106 5188 1378 5245 humiliter
1403 5193 1564 5263 loqui,
1595 5178 1805 5254 verum-

217 5257 374 5313 etiam
405 5262 587 5320 multis
624 5265 678 5320 in
725 5266 893 5338 locis,
922 5273 1067 5343 quod
1108 5286 1162 5331 et
1204 5257 1561 5340 humilitatem
1594 5288 1801 5345 doceat.

215 5351 388 5420 Atque
412 5352 529 5409 illas
557 5356 771 5427 quidem
800 5375 990 5419 causas
1035 5368 1164 5423 satis
1211 5378 1320 5425 tum
1367 5378 1671 5446 persequuti
1710 5398 1803 5435 su-

216 5456 351 5507 tnus,
381 5452 437 5499 et
464 5444 626 5511 illius,
653 5465 813 5518 quam
841 5470 936 5522 pro
968 5454 1169 5513 Lazaro
1189 5501 1204 5526 ,
1233 5470 1287 5515 et
1310 5463 1531 5520 alterius
1560 5486 1719 5538 quam
1751 5473 1801 5526 in

216 5531 323 5601 ipsa
361 5549 521 5592 cruce
550 5540 776 5609 obtulit,
807 5546 1065 5604 orationis
1103 5556 1415 5609 memoriam
1447 5558 1799 5630 rcfricuitnns,

215 5632 269 5675 et
289 5626 637 5698 ostendimus,
672 5631 809 5691 hanc
835 5639 1052 5707 quidem
1082 5640 1199 5695 ideo
1230 5643 1397 5701 fusnm
1428 5664 1567 5719 esse,
1609 5663 1665 5709 nt
1688 5655 1799 5710 dis~

216 5714 538 5781 pensationis
578 5721 631 5776 in
674 5740 835 5782 carne
864 5728 996 5787 ﬁdes
1026 5732 1427 5804 adstrueretur,
1468 5740 1611 5798 illam
1638 5762 1799 5816 vero,

216 5814 274 5861 ut
293 5807 589 5867 auditorum
612 5815 961 5877 imbecillitati
975 5824 1300 5894 consuleret,
1319 5844 1439 5887 cum
1462 5833 1574 5903 ipse
1596 5807 1800 5911 nequa;

1070 408 1158 461 DE
1196 408 1464 465 CHRISTI
1504 410 1860 477 l’i’tEClBUS,
1902 415 2173 474 CONTRA
2216 424 2590 485 ANOMOEOS.
2635 432 2698 486 Χ.

3439 439 3546 494 786

1954 546 2112 599 quam
2142 537 2341 592 auxilio
2382 541 2662 612 indigeret.
2708 548 2875 606 Porro
2918 556 3081 610 multa
3124 559 3257 615 facta
3288 566 3449 621 etiam
3476 572 3550 625 ab

1955 636 2021 676 eo
2051 625 2235 685 fuisse.
2262 640 2319 683 ut
2346 632 2695 692 humilitatem
2728 642 2848 695 illos
2870 645 3110 714 doceret,
3131 652 3252 707 audi
3282 671 3401 725 quae
3422 674 3551 728 pro-

1952 713 2097 768 bent.
2127 718 2331 786 Aquam
2364 726 2507 779 misit
2538 728 2587 780 in
2620 731 2836 798 pelvim,
2868 744 2920 789 et
2948 741 3096 805 quasi
3125 741 3225 798 hoc
3254 713 3361 803 non
3388 713 3547 805 sitm-

1950 814 2129 871 ceret,
2174 809 2348 865 adhuc
2373 822 2426 867 et
2456 816 2622 872 linteo
2650 836 2709 874 se
2738 812 3033 896 praecinitit,
3066 831 3132 886 ad
3162 846 3456 896 extremam
3483 855 3551 897 se

1950 893 2208 963 dejiciens
2238 902 2516 972 vilitatem,
2539 923 2603 962 ac
2625 908 3004 983 discipulorum
3038 923 3199 991 pedes
3228 927 3408 984 lavare
3432 946 3547 988 οω-

1950 985 2061 1052 pit,
2106 1001 2158 1041 et
2200 1007 2322 1047 cum
2368 994 2641 1067 discipulis
2683 1005 2843 1059 etiam
2886 985 3172 1076 proditoris
3210 1019 3376 1087 pedes
3414 1022 3545 1079 lavit

1949 1076 2255 1143 (Joan.13.
2284 1086 2333 1138 ι.
2359 1086 2447 1158 5).
2480 1090 2609 1157 Quis
2650 1113 2757 1151 non
2801 1100 3140 1172 Obstupescat
3176 1076 3230 1164 ei
3271 1076 3547 1172 miretur‘i

1948 1168 2099 1238 Ejus,
2129 1177 2215 1244 qui
2243 1181 2550 1246 proditurus
2579 1186 2725 1243 illum
2757 1205 2871 1247 erat
2890 1237 2903 1258 ,
2948 1168 3109 1266 pedes
3138 1168 3317 1271 lavat,

1948 1268 2125 1328 trum,
2168 1270 2256 1333 qui
2301 1277 2579 1331 recusabat
2608 1295 2671 1334 ac
2714 1284 2957 1351 dicebat,
2990 1289 3239 1359 Domine,
3272 1316 3375 1354 non
3414 1304 3541 1357 mihi

1946 1352 2135 1409 lavabis
2172 1362 2323 1427 pedes
2377 1364 2489 1432 (Ib.
2534 1386 2579 1421 v.
2609 1371 2661 1425 6.
2687 1374 2740 1428 8.
2766 1375 2841 1447 9),
2897 1395 3002 1434 non
3056 1352 3289 1453 omittit,

1945 1445 2017 1499 illi
2052 1464 2064 1499 :
2095 1449 2157 1503 Si
2195 1469 2293 1508 non
2323 1458 2490 1513 lavero
2519 1465 2672 1532 pedes
2702 1478 2850 1537 tuos,
2880 1490 2979 1528 non
3010 1478 3161 1533 habes
3199 1496 3396 1551 portent
3424 1505 3534 1542 me-

1941 1554 2055 1591 cum
2082 1557 2102 1594 :
2136 1550 2245 1599 tum
2274 1548 2391 1612 ille,
2422 1550 2651 1621 Domine,
2664 1576 2765 1614 non
2805 1574 3001 1619 tantum
3032 1548 3207 1639 pedes,
3235 1576 3326 1630 sed
3349 1588 3397 1631 et
3420 1597 3536 1633 nta-

1941 1645 2036 1683 mts
2061 1642 2109 1685 et
2135 1646 2306 1703 caput.
2350 1639 2512 1698 Vides
2553 1646 2603 1701 in
2644 1649 2729 1706 bis
2766 1654 2975 1711 duobus
3003 1661 3249 1732 discipuli
3281 1684 3535 1729 reveren-

1943 1720 2091 1785 tiam,
2138 1733 2193 1780 et
2235 1728 2287 1783 in
2327 1738 2659 1795 recusatione
2700 1753 2754 1797 et
2797 1746 2848 1800 in
2879 1755 3154 1809 assensu?
3195 1756 3347 1816 Licet
3386 1765 3531 1821 enim

1940 1817 2205 1869 contraria
2228 1819 2331 1873 sint
2353 1824 2532 1889 verba,
2558 1838 2792 1888 attamen
2815 1852 2923 1905 pra:
2949 1843 3113 1900 nimio
3135 1845 3347 1906 fervore
3366 1855 3535 1913 animi

1940 1911 2222 1974 utrumque
2266 1913 2528 1979 prolatum
2561 1930 2659 1973 est.
2697 1922 2857 1981 Vides
2898 1942 2955 1983 ut
3000 1934 3196 2005 ubique
3238 1940 3448 1999 fervens
3477 1935 3534 2000 et

1938 1993 2166 2067 diligens
2191 2013 2334 2059 esset
2353 2006 2379 2060 ?
2407 2007 2621 2078 Verum,
2648 2026 2703 2068 ut
2728 2017 2909 2075 dicere
2955 2040 3293 2099 occeperam,
3322 2050 3389 2090 ne
3411 2052 3535 2105 pro-

1939 2096 2057 2153 pter
2100 2092 2173 2144 rei
2205 2094 2495 2166 vilitatcm,
2539 2104 2630 2157 tibi
2674 2106 2725 2161 in
2766 2114 3127 2180 suspicionem
3156 2123 3372 2180 vilitatis
3414 2129 3536 2199 ejus

1941 2190 2127 2235 natura
2168 2187 2402 2255 veniret,
2452 2206 2731 2264 postquam
2776 2217 2961 2260 eorum
3005 2208 3133 2265 lavit
3174 2214 3376 2283 pt'dCS.
3406 2223 3535 2277 andi

1936 2270 2060 2336 quid
2090 2274 2167 2325 eis
2196 2275 2416 2335 dixerit.
2449 2282 2603 2340 Scitis
2631 2292 2754 2359 quid
2780 2297 2983 2361 fecerint
3011 2270 3190 2356 vobis?-
3224 2304 3321 2360 Vos
3340 2315 3531 2367 vocatis

1936 2377 2043 2424 me,
2076 2362 2292 2423 Domine
2315 2386 2376 2422 ac
2402 2372 2649 2445 Magister
2666 2421 2681 2445 ,
2711 2392 2757 2434 et
2788 2384 2909 2438 bene
2936 2390 3101 2444 dicitis
3128 2410 3150 2447 :
3178 2411 3291 2448 sum
3320 2408 3526 2457 etenim.

1936 2452 1997 2505 Si
2036 2470 2153 2524 ergo
2194 2476 2285 2529 ego
2328 2462 2429 2515 lavi
2468 2468 2619 2533 pedes
2652 2483 2839 2527 vestros
2878 2474 3132 2536 Dominus
3169 2502 3230 2539 ac
3260 2487 3527 2559 Hagisler,

1936 2541 2007 2595 ita
2034 2555 2080 2596 et
2109 2562 2192 2601 vos
2220 2550 2400 2607 debitis
2427 2557 2562 2611 vobis
2588 2563 2797 2617 invicem
2836 2571 3023 2638 facere.
3058 2574 3367 2648 Exemplum
3394 2588 3530 2640 enim

1931 2635 2050 2689 dedi
2074 2640 2237 2705 vobis,
2270 2652 2325 2695 ut
2363 2652 2788 2713 quemadmodum
2815 2635 2908 2729 ego
2937 2663 3039 2731 feci
3062 2635 3238 2737 vobis;
3264 2672 3337 2728 ita
3365 2635 3531 2732 cibos

1930 2726 2137 2782 invicem
2167 2732 2365 2799 faciatis
2394 2734 2501 2805 (Ib.
2530 2758 2578 2796 υ.
2605 2743 2819 2817 1245).

2005 2818 2073 2872 Ut
2120 2821 2277 2877 bonus
2320 2829 2560 2899 magister
2605 2832 2815 2892 balbutit
2860 2842 3117 2901 nobiscum
3161 2848 3413 2909 Christus.
3454 2888 3528 2901 —-

1934 2907 2090 2963 Vides
2121 2912 2187 2967 ab
2216 2928 2280 2967 eo
2318 2920 2641 2979 multa—esse
2686 2927 2854 2994 facta,
2902 2944 2961 2988 ut
2999 2924 3302 3008 exemplum
3349 2950 3525 3008 daret.

1927 2998 2057 3054 Nam
2090 3008 2538 3073 quemadmodum
2571 3019 2828 3087 sapientia
2861 3028 3023 3082 multa
3055 2998 3306 3113 praeditus

1925 3098 2037 3146 ster
2063 3110 2180 3149 cum
2213 3097 2628 3163 balbutientihus
2659 3115 2903 3179 puerulis
2929 3118 3179 3189 balbutit,
3207 3108 3380 3199 neque
3409 3097 3524 3188 biil-

1924 3183 2100 3241 bnties
2132 3192 2368 3259 magistri
2419 3187 2677 3255 inscitiam
2725 3204 2964 3277 indicnt,
3009 3216 3103 3269 sed
3152 3183 3409 3287 quanimn
3453 3226 3527 3282 de

1925 3279 2161 3343 puerulis
2187 3282 2253 3334 sit
2290 3286 2583 3355 sollicitus;
2628 3295 2705 3348 sic
2737 3297 2985 3355 nimirum
3014 3315 3067 3359 et
3105 3307 3385 3379 Christus,
3413 3331 3523 3371 non

1924 3367 1992 3421 ob
2018 3383 2127 3423 sure
2159 3381 2361 3427 natura:
2393 3378 2645 3435 vilitatem
2676 3383 2794 3442 ha-c
2821 3391 3030 3458 agebat,
3076 3400 3170 3453 sed
3211 3404 3280 3456 ob
3315 3407 3521 3460 conde-

1922 3460 2279 3519 scensionem.
2299 3467 2471 3537 Atque
2495 3470 2607 3527 hinc
2629 3492 2731 3529 non
2753 3489 2956 3537 temere
2974 3496 3099 3540 sunt
3122 3498 3518 3557 pranereunda.

1920 3546 2051 3602 Nam
2081 3562 2134 3605 et
2162 3552 2263 3608 hoc
2290 3557 2496 3626 ipsum,
2527 3564 2570 3615 si
2599 3580 2842 3623 seorsum
2869 3573 2938 3628 ab
2967 3576 3085 3632 aliis
3111 3595 3141 3633 a
3166 3584 3320 3639 nobis
3347 3601 3515 3642 escu-

1923 3640 2104 3709 tiatur,
2133 3646 2252 3700 vide
2277 3661 2472 3718 quanta
2501 3654 2804 3713 absurtlitas
2834 3662 2958 3719 hinc
2981 3681 3252 3739 sequatur.
3284 3675 3339 3729 Si
3368 3680 3519 3734 enim

1921 3730 1966 3784 is
1994 3734 2083 3800 qui
2116 3734 2272 3801 lavat,
2305 3754 2370 3794 eo
2398 3744 2485 3810 qui
2530 3745 2733 3802 lavatur
2763 3753 2920 3808 vilior
2960 3762 3015 3811 et
3058 3760 3277 3818 inferior
3302 3768 3518 3825 videtur

1917 3835 2036 3877 esse
2066 3822 2338 3895 (cartorum
2367 3835 2455 3902 qui
2488 3835 2627 3890 lavat
2652 3839 2895 3899 Christus
2916 3858 3019 3915 est,
3047 3860 3104 3906 et
3130 3854 3399 3927 discipuli,
3421 3864 3514 3932 qui

1921 3910 1935 3932 I
1953 3928 1961 3932 .
1975 3928 2027 3932 --Α
2043 3930 2061 3932 η
2081 3924 2092 3932 ι
2175 3916 2188 3932 \
2428 3925 2439 3932 ⁵
2490 3928 2508 3932 ’⁸
2567 3929 2576 3932 ‘
2708 3931 2713 3932 ⁷
3124 3928 3133 3932 ⁵

1918 3910 2230 3987 lavantur),
2260 3934 2390 3991 ergo
2426 3925 2647 3983 inferior
2685 3931 2962 4003 discipulis
2999 3910 3100 3995 erit
3124 3910 3514 4008 'Chri-stns':as

1918 4002 2019 4058 hoc
2060 4008 2263 4077 nullus,
2308 4028 2375 4067 ne
2413 4017 2456 4071 si
2504 4018 2729 4077 insaniat
2773 4026 3019 4096 quidem,
3060 4032 3277 4091 dixerit.
3326 4039 3513 4112 Vides,

1915 4106 2169 4164 quantum
2197 4100 2270 4156 sit
2298 4106 2495 4163 malum
2523 4124 2710 4166 causas
2730 4156 2747 4179 ,
2788 4116 2861 4171 ob
2883 4134 3015 4186 quas
3051 4127 3230 4180 omnia
3265 4100 3515 4188 Christus

1914 4188 2123 4256 agebat,
2157 4191 2402 4260 ignorare
2423 4197 2450 4249 ἲ
2476 4198 2567 4253 Vel
2597 4205 2771 4271 potius
2790 4249 2805 4271 ,
2835 4210 3004 4278 vides,
3036 4227 3291 4283 quantum
3320 4224 3389 4275 sit
3414 4224 3509 4278 bo-

1913 4292 2041 4332 num
2072 4283 2248 4336 omnia
2295 4286 2576 4357 diligenter
2613 4309 2904 4368 excutere,
2933 4319 3106 4373 neque
3130 4313 3319 4378 quovis
3347 4320 3512 4373 modo

1911 4370 2107 4442 aliquid
2137 4374 2205 4429 ab
2228 4393 2294 4432 eo
2320 4380 2517 4437 dictum
2549 4400 2670 4443 esse
2692 4392 2773 4444 vel
2802 4392 3023 4464 factum,
3050 4404 3145 4456 sed
3167 4407 3328 4461 etiam
3354 4412 3513 4482 cujus

1913 4462 1996 4516 rei
2028 4467 2229 4535 gratia,
2276 4480 2328 4525 ct
2359 4484 2576 4543 propter
2603 4482 2764 4549 quid,
2796 4462 3135 4560 adjnngere?
3168 4462 3514 4568 Nartevero

1913 4561 2116 4610 tantum
2146 4558 2249 4617 hoc
2274 4563 2393 4619 loco
2423 4566 2472 4620 id
2499 4567 2647 4639 fecit,
2675 4574 2846 4633 sedet
2882 4558 3005 4635 alibi
3041 4584 3143 4640 huc
3175 4558 3345 4658 ipsum
3371 4558 3505 4651 sub;

1911 4649 2184 4708 indicavit.
2222 4653 2354 4711 Cum
2383 4661 2525 4716 enim
2552 4664 2793 4732 dixiSSct,
2826 4670 2953 4739 Quis
2980 4679 3146 4746 major
3169 4649 3243 4734 est
3262 4725 3277 4747 ,
3304 4687 3391 4756 qui
3420 4706 3507 4743 re-

1910 4742 2117 4808 cumbit,
2143 4763 2209 4800 an
2231 4750 2317 4819 qui
2342 4751 2636 4811 ministrat?
2660 4758 2876 4829 adjecit,
2907 4742 3093 4823 Nonae
3111 4774 3198 4843 qui
3225 4742 3509 4836 recumbit?

1911 4828 2024 4902 Ego
2059 4846 2229 4890 autem
2257 4840 2313 4893 in
2340 4844 2504 4898 medio
2539 4858 2753 4904 uestrum
2778 4870 2891 4907 sunt
2911 4898 2927 4920 ,
2967 4860 3097 4913 sicut
3135 4866 3224 4933 qui
3251 4869 3507 4927 ministrat

1914 4922 2324 5003 (Luc.22.27).
2370 4934 2482 4991 Hoc
2509 4955 2635 4993 vero
2676 4946 2837 4999 etiam
2882 4948 3051 5018 dixit,
3091 4922 3158 5008 et.
3183 4959 3308 5013 illud

1909 5019 2198 5076 ostendens
2251 5025 2434 5081 multis
2484 5029 2536 5083 in
2592 5032 2722 5088 locis
2771 5051 2830 5091 se
2880 5040 3087 5096 minora
3140 5049 3381 5119 arripere
3434 5058 3507 5111 ad

1909 5106 2179 5165 docendos
2210 5112 2532 5185 discipulos,
2577 5132 2631 5176 et
2669 5126 2828 5181 simul
2873 5141 2929 5184 ut
2967 5149 3061 5188 eos
3087 5138 3155 5191 ad
3181 5106 3499 5201 mtidestiatn

1908 5202 2214 5257 sectandam
2248 5205 2484 5263 indueah
2516 5214 2691 5285 Atque
2728 5217 2841 5273 lucc
2878 5222 3026 5279 illum
3056 5231 3233 5285 omnia
3270 5235 3503 5294 tolerare

1910 5289 2250 5347 manifestum
2279 5306 2381 5361 est,
2410 5316 2515 5354 non
2545 5306 2686 5373 quod
2720 5307 2987 5367 inferioris
3012 5316 3079 5370 sit
3120 5330 3325 5378 natura:
3344 5366 3359 5390 ,
3403 5329 3502 5383 sed

1910 5389 1966 5434 ut
1987 5397 2080 5436 eos
2100 5384 2344 5442 erudiat:
2368 5389 2627 5461 siquidem
2649 5398 2777 5453 alibi
2800 5418 3015 5475 quoque
3038 5408 3164 5465 dicit
3189 5433 3203 5468 :
3229 5384 3501 5489 Principes

1905 5476 2127 5543 gentium
2154 5476 2481 5537 dominantur
2517 5503 2692 5543 earum
2710 5531 2725 5555 ,
2767 5496 2909 5562 apud
2934 5512 3020 5552 vos
3046 5511 3354 5563 autemnon
3382 5510 3455 5565 ita
3481 5529 3502 5568 :

1907 5566 1996 5618 sed
2018 5567 2107 5634 qui
2135 5570 2235 5623 vult
2264 5571 2395 5626 inter
2422 5592 2507 5629 cas
2535 5595 2638 5633 esse
2662 5586 2891 5651 primus,
2922 5590 2988 5642 sit
3017 5597 3243 5649 omnium
3276 5601 3503 5659 minister

1910 5657 2123 5730 (Matth.
2152 5663 2241 5719 ρο.
2266 5665 2354 5720 25.
2378 5667 2470 5722 9.6.
2495 5669 2563 5726 9.3
2576 5672 2617 5742 ).
2646 5672 2775 5729 Nam
2800 5677 2971 5734 Filius
2995 5683 3212 5743 hominis
3242 5708 3343 5746 non
3370 5657 3503 5751 vetiin

1909 5752 2206 5829 ministrari,
2232 5758 2322 5811 sed
2341 5761 2646 5819 ministrare.
2676 5765 2729 5821 Si
2752 5784 2883 5841 ergo
2909 5777 3053 5830 venit
3074 5787 3130 5832 ut
3151 5782 3499 5855 ministraret,

1917 5849 1971 5897 et
2004 5840 2362 5905 humilitatem
2404 5850 2662 5921 doceret,
2698 5859 2808 5914 noli
2841 5862 3078 5933 turbari,
3119 5886 3219 5927 nec
3265 5840 3501 5935 animum
