4174 6336
670 375 772 430 787

672 510 985 584 desponde,
1034 506 1205 562 sicubi
1252 520 1371 558 emn
1417 518 1534 572 quae
1580 498 1945 552 ministrorum
1997 499 2122 547 sunt
2166 497 2258 541 aut

673 581 937 674 perlicere
962 600 1157 654 videris
1183 607 1271 650 aut
1301 595 1470 649 eﬁ'ari.
1502 593 1575 645 lta
1605 603 1817 659 quoque
1846 585 2037 639 multas
2058 581 2257 634 oratio-

675 714 769 752 nes
810 697 877 750 ab
916 695 1101 748 eadem
1148 701 1324 744 mente
1368 671 1539 741 fundit
1573 700 1586 737 :
1628 679 1889 752 siquidem
1918 681 2259 730 accesserunt

674 792 738 844 ad
767 799 888 843 eum
913 789 1152 840 dicentes
1177 800 1190 834 :
1220 781 1451 843 Domine,
1484 777 1604 828 doce
1639 790 1727 826 nos
1753 785 1916 832 orare,
1946 768 2072 822 sicut
2095 763 2261 817 Joan-

676 1247 908 1302 Proinde
932 1259 1084 1298 orare
1120 1242 1373 1310 oportuit.

750 1339 871 1392 Non
899 1335 1043 1390 verbo
1071 1345 1281 1396 tantum,
1315 1332 1403 1384 sed
1429 1331 1577 1382 etiam
1607 1326 1835 1392 exemplo
1865 1323 2160 1376 docendum.
2190 1347 2261 1358 --

673 1434 1054 1486 \'erututamen
1091 1429 1192 1480 hoc
1216 1427 1376 1478 verbo
1413 1423 1585 1475 solum
1621 1418 1884 1489 agendum
1925 1415 2039 1479 fuit,
2070 1412 2257 1481 inquit.

671 1525 834 1593 Atqui
865 1538 966 1574 non
1001 1521 1068 1572 ita
1101 1534 1162 1571 ea
1190 1533 1306 1586 qua:
1336 1514 1531 1577 verbis,
1558 1495 1798 1581 atque-ea
1826 1523 1942 1576 qua:
1973 1505 2122 1558 factis
2159 1503 2258 1556 d0-

673 1617 842 1670 c1rina
884 1611 1228 1682 preponitur,
1269 1605 1561 1673 discipulos
1603 1613 1909 1670 permovere
1945 1594 2258 1651 consuevit:

677 1714 957 1776 propterea
987 1718 1088 1754 non
1117 1700 1290 1753 verbis
1321 1696 1489 1750 solum
1519 1707 1612 1747 eos
1638 1705 1792 1743 orare
1819 1689 1995 1752 docet,
2028 1686 2121 1740 sed
2150 1687 2262 1754 ipse

675 1799 726 1849 in
768 1794 1008 1848 oratione
1049 1796 1384 1859 perseverat,
1431 1793 1485 1838 et
1532 1785 1580 1834 in
1627 1781 1850 1834 desertis
1897 1788 2032 1831 totas
2077 1785 2260 1830 noctes

673 1886 874 1940 orando
903 1882 1165 1950 transigit,
1195 1888 1249 1931 ut
1276 1894 1371 1931 nos
1399 1875 1605 1929 erudiat
1633 1882 1685 1925 et
1712 1870 2018 1932 admoneat,
2050 1883 2171 1920 cum
2207 1866 2259 1918 in

673 1980 996 2048 colloquium
1027 1977 1176 2029 nobis
1205 1990 1323 2027 cum
1362 1973 1467 2024 Deo
1497 1967 1815 2022 veniendum
1840 1972 1952 2027 est,
1982 1961 2261 2031 fugiendos

674 2073 932 2124 tumultus
962 2085 1022 2121 ac
1053 2067 1196 2136 vulgi
1229 2065 1428 2128 turbas,
1465 2071 1519 2115 et
1549 2063 1597 2112 in
1628 2057 1970 2111 solitudinem
2003 2052 2260 2108 seceden-

675 2164 799 2216 dmn
829 2178 930 2213 non
966 2160 1200 2212 locorum
1227 2163 1450 2218 tantum,
1476 2151 1567 2204 sed
1591 2150 1749 2204 etiam
1776 2159 2098 2215 temporum.
2125 2141 2262 2196 Soli-

677 2255 802 2307 tndo
829 2261 1004 2305 autem
1032 2265 1132 2302 non
1164 2263 1316 2300 mons
1340 2254 1541 2298 tantum
1578 2253 1687 2306 est,
1725 2240 1816 2294 sed
1849 2240 2005 2292 etiam
2043 2235 2262 2289 cubicu-

675 2348 780 2400 lum
820 2361 847 2396 a
879 2345 1110 2396 clamore
1142 2342 1396 2392 immune.

746 2439 798 2489 5.
839 2434 940 2489 Cur
979 2434 1205 2487 Christus
1245 2441 1346 2481 oret
1391 2429 1510 2478 dum
1552 2423 1794 2477 miracula
1827 2422 1966 2492 facit.
1999 2420 2261 2485 ——Atque

677 2543 733 2584 ut
769 2528 1070 2596 intelligatis
1106 2520 1576 2577 cumlesccnsionis
1601 2533 1719 2571 esse
1753 2516 2046 2569 orationem
2075 2531 2086 2564 :
2113 2510 2260 2580 priu-

675 2623 813 2689 cipio
836 2621 1045 2689 quidem
1066 2620 1172 2686 jam
1197 2633 1259 2668 ex
1286 2617 1349 2667 iis
1371 2628 1487 2682 quae
1516 2613 1653 2666 circa
1679 2611 1931 2662 Lazarum
1955 2605 2264 2658 acciderunt

679 2712 1161 2770 demonstravimus
1193 2727 1204 2762 :
1230 2717 1592 2760 verumtamen
1623 2701 1832 2754 aliunde
1860 2700 2018 2752 etiam
2053 2696 2102 2748 id
2137 2711 2262 2748 con-

675 2814 798 2858 stat.
841 2805 1006 2869 Quam
1047 2801 1186 2854 enim
1219 2800 1286 2852 ob
1318 2811 1532 2850 causam
1575 2795 1624 2847 in
1665 2792 1955 2860 majoribus
1995 2787 2263 2842 miraculis

676 2912 780 2949 non
823 2904 974 2959 orat,
1018 2893 1110 2946 sed
1159 2894 1209 2944 in
1256 2887 1591 2943 minoribus?
1622 2883 1750 2938 Nam
1783 2884 1861 2947 si,
1893 2880 2031 2949 quod
2067 2878 2262 2931 auxilio

677 2987 956 3055 indigeret,
990 2984 1208 3047 orabat,
1239 2992 1290 3036 et
1321 2978 1460 3049 quod
1500 2977 1599 3032 sibi
1633 2975 1983 3030 sufﬁcientem
2015 2971 2262 3023 virtutem

676 3094 781 3131 non
817 3079 1065 3140 haberet,
1115 3076 1164 3126 in
1196 3073 1442 3126 omnibus
1484 3085 1638 3124 orare
1679 3067 1919 3130 deberet,
1961 3072 2014 3117 et
2052 3062 2263 3116 Patrem

676 3189 867 3226 vocare
896 3190 906 3222 :
938 3169 1074 3239 quod
1113 3169 1155 3222 si
1187 3167 1358 3219 minus
1383 3167 1433 3218 in
1461 3163 1726 3225 omnibus,
1752 3159 1940 3214 saltem
1965 3159 2015 3211 in
2046 3155 2263 3224 majori-

676 3268 774 3320 lius
816 3282 827 3317 :
874 3277 1012 3316 nunc
1051 3268 1229 3312 autem
1273 3255 1597 3310 contrarium
1640 3254 1748 3322 agit
1787 3270 1800 3304 :
1839 3265 1958 3304 cum
2001 3249 2065 3302 de
2107 3247 2266 3301 rebus

677 3353 967 3423 majoribus
997 3351 1186 3420 agitur,
1233 3364 1336 3401 non
1377 3355 1526 3410 orat,
1559 3352 1614 3397 ut
1650 3358 1707 3396 se
1729 3336 1804 3395 ‘ad
1836 3341 1967 3394 alios
1994 3337 2265 3392 docendos

677 3449 728 3501 id
771 3444 1018 3499 ostendat
1056 3443 1245 3512 egisse,
1285 3455 1390 3493 non
1433 3436 1572 3506 quod
1612 3444 1820 3488 careret
1853 3434 2064 3485 virtute.
2108 3431 2266 3485 Certe

678 3538 889 3608 quando
919 3551 1081 3604 panes
1109 3533 1398 3594 benedixit,
1445 3529 1741 3597 susliiciens
1777 3526 1830 3579 in
1866 3526 2056 3578 callum
2098 3522 2268 3576 oravit

680 3634 868 3702 (Marc.
896 3634 948 3685 6.
975 3629 1089 3698 4|),
1120 3637 1176 3682 ut
1217 3643 1312 3681 nos
1348 3625 1568 3678 doceret
1597 3638 1699 3675 non
1731 3621 1875 3690 prius
1904 3616 2265 3686 attingendam

680 3740 798 3778 esse
826 3737 1082 3784 mensam,
1127 3735 1285 3788 quam
1319 3718 1515 3787 gratias
1553 3715 1820 3785 egerimus
1857 3710 2117 3766 conditori
2159 3707 2266 3761 fru-

679 3833 801 3886 gum
846 3817 951 3868 Deo
985 3832 996 3866 :
1031 3823 1083 3866 et
1118 3827 1236 3864 cum
1282 3811 1473 3862 multos
1514 3817 1751 3860 mortuos
1788 3805 2116 3866 suscitassct,
2158 3815 2265 3853 non

680 3906 871 3969 oravit,
897 3903 987 3958 sed
1016 3919 1132 3955 cum
1160 3901 1415 3954 Lazarum
1441 3899 1631 3950 solum.
1657 3883 1738 3949 'Et
1759 3909 1970 3947 causam
1998 3902 2103 3945 tum
2128 3890 2265 3943 dixi.

683 4014 821 4059 mus,
864 3995 1003 4064 quod
1043 3991 1389 4047 imbecillitati
1422 3989 1742 4042 adstantium
1767 3985 1925 4040 vellet
1945 3983 2264 4040 consulere:

680 4104 837 4158 quam
861 4086 1256 4141 causametiam
1286 4083 1418 4135 dixit
1457 4082 1591 4150 ipse,
1619 4094 1738 4132 eum
1781 4087 1965 4146 aperte
2005 4075 2132 4130 illud
2171 4074 2268 4128 ad-

683 4180 812 4234 didit
847 4196 859 4233 :
892 4178 1108 4247 Propter
1138 4174 1335 4229 turbam
1355 4215 1368 4237 ,
1414 4188 1526 4245 qua:
1551 4172 1870 4232 circumstat,
1899 4169 2025 4222 dixi.
2071 4168 2133 4220 Et
2164 4182 2267 4220 non

681 4274 789 4342 jam
819 4272 1148 4334 orationem,
1187 4267 1279 4320 sed
1307 4280 1491 4319 vocem
1533 4272 1797 4316 mortuum
1842 4261 2108 4315 excitasse
2143 4259 2270 4312 Satis

689 4374 797 4416 tum
827 4359 1326 4415 demonstravimus.
1354 4356 1526 4426 Atque
1553 4362 1609 4408 ut
1631 4353 1733 4406 hoc
1759 4351 2088 4406 manifestius
2115 4349 2269 4403 intel-

688 4454 838 4522 ligas,
867 4451 1004 4504 vide.
2270 4502 2273 4507 ,

761 4542 1010 4596 Probatur
1031 4541 1282 4595 Christum
1298 4536 1520 4591 eamdem
1543 4535 1724 4589 habere
1743 4543 2035 4604 potestatem
2057 4549 2208 4604 quam
2229 4542 2273 4585 et

689 4635 843 4688 Pater
860 4631 1320 4698 habet.—-—Quando
1338 4631 1479 4683 enim
1499 4627 1820 4698 puniendum
1847 4625 2021 4690 fuerit,
2041 4635 2092 4679 et
2107 4638 2276 4695 quan-

687 4727 755 4780 do
770 4726 971 4778 honore
989 4724 1348 4789 afﬁciendum,
1365 4720 1637 4791 etquando
1656 4729 1866 4789 peccata
1883 4717 2275 4782 dimittenda,et
2310 4715 2312 4717 ’

685 4818 898 4887 quando
921 4817 1061 4884 leges
1079 4814 1331 4880 ferendae,
1347 4823 1398 4869 et
1415 4812 1625 4883 quando
1647 4811 1913 4880 quidpiam
1933 4825 2136 4874 eorum,
2157 4811 2276 4878 quae

689 4911 902 4979 majoris
920 4903 1170 4961 moineuti
1191 4917 1332 4973 sunt,
1352 4906 1610 4976 agendum
1636 4905 1812 4970 luerit,
1839 4919 2096 4973 nusquam
2129 4903 2273 4955 illum

687 5017 880 5054 vocare
900 5001 1104 5053 Patrem
1126 5001 1384 5063 invenies,
1407 5014 1504 5052 nec
1525 5012 1699 5061 orare,
1717 4997 1806 5050 sed
1825 5011 1942 5060 eum
1963 4996 2276 5048 auctoritate

688 5101 874 5144 cuncta
910 5089 1205 5156 perﬁcere-
1241 5089 1412 5156 Atque
1462 5087 1649 5140 horum
1691 5086 1900 5154 quidem
1943 5085 2146 5154 singula
2177 5100 2277 5153 ego

689 5183 979 5234 numerabo
1012 5199 1022 5232 :
1070 5189 1120 5232 tu
1153 5192 1280 5242 vero
1313 5179 1593 5248 diligenter
1626 5176 1900 5230 Considera
1926 5218 1940 5242 ,
1989 5192 2092 5245 quo
2124 5185 2277 5244 pacto

689 5289 948 5341 nusquam
983 5272 1211 5340 indigeat
1245 5272 1501 5324 oratione.
1559 5268 1749 5332 Venite,
1797 5271 1985 5339 inquit,
2036 5269 2276 5321 benedicti

693 5365 865 5418 Patris
905 5365 1020 5426 mei,
1071 5363 1314 5431 possidete
1355 5371 1589 5432 paratum
1630 5362 1765 5414 vobis
1807 5378 2034 5429 regnum,
2073 5371 2124 5413 ct
2163 5376 2278 5412 rur-

698 5468 821 5506 sus:
858 5456 1106 5508 Discedite
1155 5473 1185 5506 a
1227 5471 1324 5517 me,
1355 5454 1627 5516 maledicti,
1671 5456 1722 5506 in
1750 5461 1913 5523 ignem
1943 5455 2025 5523 qui
2072 5464 2276 5522 paratus

687 5566 763 5607 est
786 5548 982 5601 diabolo
1006 5559 1049 5602 et
1067 5548 1257 5617 angelis
1279 5549 1389 5616 ejus
1409 5547 1616 5612 (Matth.
1638 5547 1725 5601 :25.
1755 5548 1841 5601 54.
1860 5548 1951 5614 41)
1992 5547 2130 5601 Ecce
2155 5562 2274 5600 cum

689 5642 833 5696 omni
861 5642 1173 5694 auctoritate
1201 5629 1460 5707 supplicio
1486 5637 1667 5702 afﬁcit,
1698 5647 1751 5691 et
1780 5639 2001 5701 honore,
2029 5655 2125 5694 nec
2151 5656 2274 5692 ora-

690 5736 836 5791 tiom-
878 5733 978 5784 ulla
1020 5731 1235 5800 indiget.
1289 5731 1491 5784 Rursus
1522 5729 1732 5798 quando
1759 5730 2032 5800 paralytici
2067 5733 2277 5800 corpori

693 5825 891 5880 mederi
933 5826 1111 5894 voluit,
1165 5824 1389 5894 Snrgens
1427 5824 1545 5881 tolle
1580 5822 1762 5879 lectum
1796 5833 1958 5895 tuum,
2001 5838 2047 5880 et
2077 5827 2278 5881 ambula

1380 366 1438 421 S.
1479 359 1757 420 JOANNIS
1796 350 2272 412 CHRYSOSTOMl
2308 350 2628 436 ARCHIEP.
2668 352 3198 411 CONSTANTiNOP.

3854 356 3962 412 788

2368 488 2557 558 (Marc.
2581 490 2637 544 2.
2693 489 2748 559 9)
2772 509 2786 544 :
2807 491 3018 559 quando
3044 505 3073 544 a
3098 499 3269 546 morte
3296 491 3546 559 liberare,
3572 491 3776 547 Tatitha
3800 491 3966 557 carni,

2366 597 2515 650 surge
2566 580 2765 653 (.lfarc.
2805 583 2857 637 5.
2898 582 2986 644 M)
3017 599 3030 635 :
3063 582 3275 652 quando
3318 597 3349 636 a
3389 584 3620 652 peccatis
3664 584 3965 638 immunem

2366 671 2613 737 reddere,
2637 671 2956 741 Conﬁde,ﬁli,
2977 673 3393 727 dimittunturtibi
3414 684 3619 744 peccata
3640 685 3725 727 tua
3742 673 3964 746 (Matth.

2368 765 2419 819 9.
2449 764 2506 834 2)
2554 781 2567 817 :
2619 765 2831 833 quando
2859 765 3129 819 dzemones
3173 768 3468 834 increpare,
3500 764 3614 819 Tibi
3657 766 3792 831 dico,
3841 782 3966 818 ma-

2370 854 2564 923 lignum
2617 855 2945 916 dcemonium,
2985 856 3066 908 exi
3101 854 3162 907 ab
3201 873 3257 908 eo
3297 854 3492 926 (Marc.
3529 856 3582 910 5.
3615 854 3669 925 8)
3703 855 3964 925 :quando

2369 946 2763 1015 reprimendum
2826 945 2924 998 fuit
2969 961 3134 1009 mare,
3200 945 3353 1012 Tace,
3401 947 3682 1000 obmutesce
3740 945 3849 1018 (Id.
3901 947 3956 1002 4.

2369 1036 2459 1106 59)
2507 1055 2516 1088 :
2569 1038 2781 1106 quando
2828 1037 3055 1105 aliquem
3106 1038 3252 1108 lepra
3305 1048 3609 1108 correptum
3661 1037 3959 1105 mundare,

2380 1128 2525 1192 Volo,
2571 1129 2814 1182 mundare
2867 1128 3076 1199 (Matth.
3110 1130 3161 1184 8.
3188 1130 3241 1198 5)
3276 1147 3288 1181 :
3332 1129 3543 1199 quando
3585 1130 3755 1199 legem
3794 1130 3957 1195 ferre,

2368 1221 2612 1281 Audistis,
2653 1221 2769 1288 quia
2807 1220 2996 1272 dictum
3047 1230 3119 1273 est
3148 1221 3399 1288 antiquis,
3424 1221 3548 1274 Non
3587 1221 3780 1273 occides
3809 1238 3828 1274 :
3871 1237 3962 1290 ego

2369 1314 2534 1364 autem
2562 1313 2674 1364 dico
2701 1305 2979 1377 vobis,Qui
2995 1312 3177 1365 dixerit
3205 1313 3354 1380 fratri
3387 1328 3499 1376 suo,
3528 1313 3687 1380 fatue,
3724 1327 3840 1365 reus
3867 1313 3960 1365 erit

2368 1403 2608 1472 gehemue
2655 1401 2924 1471 ignis(ld.
2957 1403 3010 1455 Ξῖ.
3041 1403 3130 1456 2|.
3169 1401 3282 1472 ἓξ).
3316 1402 3470 1456 Vides
3499 1411 3554 1454 ut
3610 1403 3789 1455 omnia
3839 1416 3957 1455 cum

2371 1494 2523 1548 herili
2555 1495 2868 1547 auctoritate
2898 1494 3154 1562 perﬁciat,
3185 1505 3236 1546 et
3273 1495 3324 1545 in
3349 1494 3642 1562 gehennam
3669 1493 3869 1561 ejiciat.
3906 1499 3961 1546 et

2369 1587 2420 1641 in
2446 1602 2664 1656 regnum
2696 1585 3016 1650 introducat,
3059 1594 3113 1640 et
3148 1585 3431 1656 paralysim
3459 1592 3630 1649 sanet,
3659 1591 3713 1636 et.
3733 1593 3961 1637 mortem

2368 1679 2564 1748 abigat,
2603 1688 2656 1732 et
2686 1687 2898 1746 peccata
2939 1678 3190 1743 dimittat,
3231 1686 3285 1730 et
3309 1677 3568 1730 d:emonia
3597 1676 3856 1744 increpet,
3907 1681 3964 1728 et

2368 1786 2515 1824 mare
2564 1769 2909 1838 compescat?
2962 1769 3195 1823 Tametsi
3245 1768 3367 1838 quid
3423 1767 3612 1836 majus,
3654 1779 3858 1835 quaeso,
3901 1764 3955 1817 in

2370 1877 2591 1932 regnum
2623 1863 2978 1927 introducere,
3011 1863 3131 1916 etin
3153 1860 3448 1930 gehennam
3471 1859 3708 1927 injicere,
3745 1866 3961 1927 peccata

2369 1953 2657 2018 dimittere,
2682 1969 2800 2006 cum
2829 1953 3139 2008 auctoritate
3168 1953 3307 2019 leges
3333 1951 3490 2014 ferre,
3523 1966 3588 2002 an
3619 1964 3782 2019 panes
3812 1963 3964 2002 creas

2369 2046 2467 2099 re?
2495 2045 2683 2098 Nonne
2710 2045 3048 2098 manifestum
3071 2053 3172 2108 est,
3202 2052 3254 2097 et
3274 2043 3574 2097 confessum
3593 2043 3729 2110 apud
3749 2057 3962 2106 omnes,

2368 2137 2484 2191 hcce
2516 2137 2618 2190 illis
2650 2152 2769 2191 esse
2809 2136 3053 2204 majora?
3081 2135 3433 2188 Nihilominus
3461 2143 3634 2187 tamen
3659 2134 3709 2185 in
3743 2132 3962 2200 majori~

2369 2231 2466 2285 bus
2494 2245 2826 2299 nequaquam
2859 2237 2992 2292 orat,
3037 2236 3091 2281 ut
3117 2227 3361 2280 ostendat
3391 2226 3442 2279 in
3473 2226 3768 2279 minoribus
3798 2227 3963 2279 etiam

2370 2337 2427 2376 se
2457 2338 2558 2376 non
2596 2321 2664 2374 ob
2708 2320 3068 2373 inﬁrmitatem
3113 2318 3320 2371 virtutis
3350 2317 3400 2370 id
3429 2317 3622 2385 egisse,
3655 2315 3747 2369 sed
3773 2315 3844 2369 ob
3870 2330 3965 2368 eo-

2369 2429 2482 2467 rum
2521 2413 2609 2480 qui
2653 2420 2762 2463 tum
2808 2411 3028 2463 aderant
3072 2409 3444 2461 eruditionem.
3490 2409 3662 2475 Atque
3704 2416 3762 2460 ut
3789 2406 3966 2459 discas

2367 2514 2623 2576 quantum
2659 2505 2725 2557 sit
2754 2513 2965 2571 peccata
2995 2503 3277 2565 dimittere,
3312 2509 3498 2554 testem
3522 2500 3612 2552 tibi
3643 2499 3964 2567 prophetam

2369 2598 2563 2650 citabo.
2599 2595 2805 2649 Nullius
2837 2595 3030 2662 quippe
3057 2593 3276 2646 alterius
3306 2592 3406 2644 hoc
3425 2606 3546 2670 esse
3567 2590 3803 2643 ostendit
3835 2603 3966 2658 pro-

2370 2690 2526 2758 pheta
2548 2731 2561 2753 ,
2593 2689 2693 2742 nisi
2729 2688 2822 2741 Dei
2851 2687 3039 2740 solius.
3075 2686 3202 2751 Quis
3229 2686 3356 2737 enim
3395 2682 3566 2750 Deus,
3605 2683 3811 2751 inquit,
3839 2683 3974 2735 sicut

2368 2793 2440 2847 tu,
2473 2785 2707 2851 auferens
2737 2781 3046 2850 iniquitates,
3077 2777 3433 2832 transcenderis
3461 2778 3744 2844 impietates
3775 2773 3968 2845 (Μετὰ.

2370 2878 2421 2929 7.
2454 2875 2585 2945 l8)?
2635 2875 2770 2942 Quin
2815 2875 2975 2928 etiam
3019 2859 3072 2926 in
3107 2888 3328 2941 regnum
3380 2871 3739 2936 introducere,
3799 2869 3971 2925 multo

2371 2967 2541 3035 majus
2569 2975 2669 3033 est,
2701 2980 2856 3034 quam
2887 2974 3112 3018 mortem
3136 2964 3344 3018 solvere
3374 2981 3387 3016 :
3430 2964 3523 3017 sed
3558 2971 3612 3016 et
3633 2962 3760 3016 illud
3787 2970 3970 3015 tamen

2370 3074 2490 3113 cum
2533 3069 2794 3129 potestate
2822 3066 3055 3128 praestat.
3115 3058 3319 3110 Rursus
3363 3057 3506 3125 leges
3550 3055 3690 3109 ferre
3739 3070 3843 3109 non
3883 3063 3971 3107 est

2370 3153 2752 3221 Subjeetorum,
2781 3150 2873 3203 sed
2906 3164 3089 3203 eorum
3117 3149 3206 3217 qui
3238 3157 3458 3216 regnant
3488 3164 3501 3200 :
3530 3157 3583 3199 et
3613 3146 3715 3200 hoc
3748 3145 3972 3215 quidem

2370 3247 2564 3299 clamat
2589 3245 2700 3312 ipsa
2727 3258 2902 3296 rerum
2936 3252 3121 3296 natura
3154 3257 3166 3293 :
3198 3256 3316 3294 eum
3346 3254 3526 3308 regum
3562 3249 3764 3291 tantum
3787 3239 3856 3292 sit
3885 3237 3972 3292 le-

2371 3353 2464 3407 ges
2502 3337 2728 3389 sciscere
2763 3353 2774 3385 :
2825 3333 2962 3402 quod
2996 3334 3166 3402 ipsum
3197 3346 3406 3401 quoque
3443 3332 3736 3402 Apostolus
3769 3327 3976 3381 indicat

2373 3428 2454 3480 his
2482 3425 2699 3480 verbis:
2750 3424 2826 3476 De
2869 3423 3148 3492 virginibus
3195 3432 3370 3479 autem
3422 3428 3730 3493 praceptum
3756 3414 3972 3470 Domini

2372 3535 2470 3571 non
2503 3517 2677 3579 habeo,
2707 3514 2970 3567 consilium
2990 3522 3154 3566 autem
3170 3513 3253 3575 do,
3285 3522 3540 3579 tamquam
3563 3507 3975 3562 misericordiam

2371 3617 2704 3679 consequutus
2741 3623 2774 3658 a
2814 3604 3055 3669 Domino,
3095 3615 3149 3656 ut
3174 3601 3269 3656 sim
3298 3601 3463 3669 ﬁdelis
3505 3599 3584 3672 (l.
3614 3597 3733 3654 Cor.
3768 3600 3820 3652 7.
3847 3597 3972 3668 25).

2372 3700 2502 3754 Nam
2535 3700 2654 3769 quia
2691 3713 2876 3752 servus
2902 3705 3015 3750 erat
3045 3704 3099 3750 et
3127 3694 3387 3763 minister,
3432 3707 3537 3744 non
3572 3699 3656 3746 est
3685 3704 3850 3746 ausus
3879 3689 3974 3753 iis,

2372 3808 2489 3860 qua:
2537 3790 2604 3843 ab
2641 3790 2789 3843 initio
2835 3797 3098 3857 prmcepta
3138 3786 3367 3849 fuerant,
3414 3782 3700 3852 quidquam
3745 3780 3971 3834 addere.

2373 3883 2618 3962 Christus
2653 3892 2830 3934 autem
2862 3896 2967 3933 non
2995 3879 3065 3933 ita
3091 3894 3104 3930 :
3142 3875 3237 3932 sed
3261 3891 3468 3930 summa
3495 3889 3618 3928 cum
3647 3871 3976 3927 auctoritate

2374 3974 2561 4028 reeitat
2590 3959 2733 4041 leges
2753 3973 3017 4040 antiquas,
3049 3959 3105 4024 et
3129 3981 3252 4022 suas
3271 3963 3780 4020 rursusintroducit.
3812 3961 3974 4030 Quod

2374 4067 2418 4122 si
2446 4065 2757 4135 simpliciter
2790 4063 2935 4133 leges
2970 4060 3112 4117 ferre
3139 4060 3304 4114 solius
3348 4067 3430 4114 est
3473 4056 3635 4127 regia:
3688 4055 3976 4124 potestatis

2373 4173 2494 4212 cum
2517 4173 2621 4211 non
2648 4155 2806 4210 modo
2831 4155 2975 4224 leges
2993 4168 3116 4208 eum
3139 4150 3278 4206 ferre
3304 4157 3636 4218 compertum
3662 4145 3844 4210 fuerit,
3872 4145 3974 4199 sed

2375 4249 2533 4304 etiam
2563 4257 2772 4301 veteres
2801 4244 3106 4309 emendare,
3146 4257 3264 4312 quae
3309 4237 3521 4294 tandem
3564 4237 3778 4292 occasio
3808 4234 3976 4290 relin-

2375 4350 2568 4412 qnetur
2593 4339 2678 4405 iis,
2709 4339 2797 4409 qui
2824 4337 3090 4393 voluerint
3119 4334 3452 4404 impudenter
3477 4329 3796 4386 adversari?
3827 4328 3977 4384 Satis

2376 4435 2516 4488 enim
2544 4447 2608 4487 ex
2641 4431 2740 4485 hoc
2775 4430 2941 4500 liquet
2967 4443 3089 4483 eum
3116 4425 3354 4496 ejusdem
3376 4439 3495 4479 esse
3514 4437 3635 4476 cum
3657 4420 3816 4476 Patre
3844 4418 3976 4473 sub-

2377 4525 2605 4579 stantiae.

2449 4638 2502 4690 4.
2537 4635 2755 4698 Verum,
2789 4643 2845 4687 ut
2876 4633 2924 4687 id
2968 4631 3109 4702 quod
3138 4631 3257 4685 dico
3287 4628 3623 4684 manifestius
3649 4627 3862 4694 evadat,
3900 4625 3975 4681 ad

2380 4731 2549 4800 ipsum
2580 4729 2868 4798 Scripturae
2901 4723 3072 4780 locum
3101 4725 3374 4778 veniamus
3405 4721 3615 4793 (Matth.
3645 4721 3700 4776 5.
3729 4720 3804 4788 1).
3835 4718 3972 4773 Cum

2379 4820 2707 4874 ascendisset
2737 4818 2790 4871 in
2833 4826 3089 4882 montem,
3125 4815 3315 4886 inquit,
3359 4813 3598 4878 sedebat,
3642 4822 3695 4867 et
3732 4812 3972 4867 circum-

2380 4912 2643 4965 stantibus
2671 4909 2917 4963 omnibus
2945 4907 3108 4976 coepit
3149 4906 3328 4961 dicere
3354 4922 3366 4957 :
3394 4905 3549 4961 Beati
3580 4911 3833 4970 pauperes
3867 4894 3982 4964 spi-

2381 5000 2508 5064 ritu,
2540 4997 2709 5064 mites,
2751 4992 3326 5058 misericordes,mundi
3365 4990 3520 5046 corde
3558 5003 3576 5040 :
3631 4987 3825 5042 deinde
3851 5001 3972 5058 post

2381 5091 2499 5146 illas
2526 5090 2875 5145 beatitudines
2906 5087 2978 5140 ait
3006 5105 3018 5140 :
3046 5083 3218 5138 Nolite
3244 5093 3442 5153 putare,
3468 5078 3704 5148 quoniam
3733 5078 3844 5131 veni
3869 5080 3985 5134 sol—

2381 5203 2492 5239 vere
2521 5186 2699 5254 legem,
2729 5191 2815 5234 aut
2843 5181 3114 5250 prophetas
3145 5193 3166 5231 :
3195 5194 3295 5231 non
3315 5175 3426 5228 ueni
3453 5178 3664 5238 solvere,
3696 5170 3786 5225 sed
3808 5171 3978 5224 adim-

2382 5281 2519 5348 plere
2575 5277 2694 5349 (Ib.
2742 5292 2790 5329 υ.
2847 5275 2970 5343 l7).
3015 5274 3144 5339 Quis
3187 5271 3330 5325 enim
3367 5267 3470 5323 hoc
3513 5265 3966 5344 suspiCatusest,

2383 5383 2473 5426 aut
2526 5370 2649 5440 quid
2695 5385 2762 5424 ex
2809 5369 2875 5423 iis
2914 5383 3031 5437 quae
3072 5366 3212 5420 dicta
3244 5366 3468 5426 fuerant,
3517 5360 3841 5416 contrarium
3878 5357 3976 5413 fuit

2385 5463 2670 5532 prioribus,
2699 5460 2880 5514 uthoc
2902 5459 3146 5513 diceret?
3178 5455 3344 5519 Beati,
3374 5454 3564 5526 inquit,
3595 5469 3840 5522 pauperes
3861 5452 3974 5520 spi-

2383 5558 2482 5609 ritu
2539 5554 2656 5625 (lb.
2715 5570 2762 5606 v.
2803 5555 2894 5618 5),
2936 5553 3037 5607 hoc
3087 5561 3191 5618 est,
3246 5549 3474 5604 humiles
3515 5563 3530 5601 :
3583 5545 3727 5614 atqui
3767 5544 3978 5598 dixerat

2386 5648 2486 5702 hoc
2516 5663 2726 5717 quoque
2750 5657 2897 5700 vetus
2929 5654 3329 5699 testamentum.
3361 5640 3684 5707 Sacriﬁcium
3709 5639 3842 5690 enim
3870 5636 3979 5689 Deo

2385 5741 2590 5811 spiritus
2617 5738 3004 5802 contribulatus,
3035 5753 3124 5790 cor
3143 5744 3410 5790 contritum
3428 5743 3473 5786 et
3501 5731 3820 5784 humiliatuw
3847 5723 3986 5781 Deus

2389 5849 2488 5886 non
2527 5831 2766 5898 despiciet
2796 5829 2962 5902 (Psal.
2997 5829 3084 5884 50.
3116 5827 3226 5900 19).
3272 5826 3333 5881 Et
3375 5837 3580 5895 rursus,
3622 5821 3762 5876 Beati
3796 5815 3979 5872 mites:
