4186 6326
400 477 508 541 789
1222 487 1313 543 DE
1349 486 1618 544 CHRISTI
1659 483 1991 545 PRECIBUS

384 602 594 658 ωαω..
623 601 676 658 li.
709 600 802 673 4):
830 613 886 658 et
912 602 1014 659 hoc
1040 604 1260 660 Hesaias
1279 619 1466 662 rursus
1485 603 1829 672 vociferatur,
1846 602 1975 658 dum

391 700 457 738 ex
476 699 715 756 persona
733 687 828 744 Dei
841 690 976 746 dicit
995 709 1009 746 :
1028 691 1199 762 Super
1210 712 1363 766 quem
1377 699 1681 768 respiciam,
1708 702 1813 755 nisi
1829 718 1988 769 super

391 778 571 832 mitem
591 786 643 833 et
668 780 919 850 quietum,
937 793 987 837 et
1007 795 1307 840 trementem
1319 805 1584 845 sermones
1602 807 1740 847 meo:
1771 790 1984 864 (Hemi.

387 865 549 937 66.2)
565 869 592 921 ?
615 868 771 925 Beati
786 874 1150 930 misericordes
1169 876 1389 944 (Matth.
1408 880 1470 935 5.-
1484 881 1540 952 7)
1559 900 1574 937 :
1593 891 1648 937 et
1667 883 1772 939 hoc
1790 899 1986 942 rursus

390 959 597 1030 ubique
607 960 918 1032 dispersum
930 975 1036 1021 est.
1059 966 1143 1022 Ne
1154 968 1440 1038 defraudes
1453 974 1984 1046 euim,inquit,vitam

383 1053 661 1119 pauperis,
681 1057 972 1125 supplicem
998 1059 1054 1112 in
1074 1059 1424 1118 tribulatione
1438 1066 1671 1132 positum
1689 1084 1751 1122 ne
1766 1069 1982 1136 rejieias

378 1143 572 1214 (Eedi.
599 1144 657 1203 ι.
683 1145 741 1218 4)
769 1161 785 1200 :
823 1155 877 1200 et
901 1161 1091 1217 magna
1127 1148 1322 1219 ubique
1353 1149 1578 1208 habetur
1605 1157 1808 1237 mentio
1836 1156 1987 1212 beni-

376 1236 619 1306 gnitatis.
648 1236 794 1292 Beati
820 1239 999 1292 mundi
1037 1241 1190 1294 corde
1215 1240 1430 1312 (Matth.
1460 1244 1516 1301 5.
1544 1236 1642 1317 8).
1671 1248 1785 1305 lloc
1822 1251 1984 1306 etiam

379 1325 517 1379 dixit
539 1325 704 1381 David
737 1344 754 1382 :
785 1327 885 1381 Cor
906 1328 1150 1382 mundum
1169 1346 1285 1384 creo
1303 1325 1358 1386 in
1383 1350 1463 1388 me
1492 1333 1654 1404 Deus,
1682 1347 1730 1391 et
1748 1339 1985 1410 spiritum

378 1427 572 1471 rectum
598 1418 784 1472 iuncea
806 1419 861 1472 iu
888 1420 1159 1474 uisceribus
1183 1423 1304 1476 meis
1334 1420 1507 1496 (Psal.
1536 1426 1626 1483 50.
1661 1427 1750 1502 12)
1779 1448 1810 1499 ,ε
1853 1431 1983 1486 reli-

377 1516 516 1576 quas
558 1508 720 1562 etiam
767 1508 1124 1566 beatitudines
1176 1511 1223 1566 si
1264 1515 1384 1583 quis
1423 1527 1721 1585 percurrat,
1763 1520 1986 1585 multaut

377 1598 725 1652 concordiam
771 1614 894 1655 esse
939 1604 1256 1671 comperiet.
1301 1603 1412 1659 Cur
1455 1605 1635 1677 igitur,
1687 1624 1809 1665 cum
1854 1612 1985 1666 nihil

377 1685 708 1740 contrarium
737 1688 1003 1756 prioribus
1029 1689 1278 1759 dixisset,
1308 1693 1506 1763 adjecit
1534 1713 1548 1747 :
1579 1695 1758 1754 Nolite
1781 1709 1982 1769 putare,

377 1776 621 1846 quoniam
647 1778 761 1831 veni
800 1778 991 1837 soluere
1032 1779 1215 1850 legem,
1255 1793 1342 1836 aut
1375 1785 1651 1856 prophetas
1679 1787 1896 1860 (Matth.
1925 1791 1981 1846 5.

380 1866 523 1937 i7)?
545 1866 667 1922 Non
689 1869 761 1924 ob
785 1884 847 1925 ea
869 1884 991 1940 qua:
1017 1871 1157 1927 dicta
1180 1871 1394 1929 fuerant
1430 1875 1569 1933 hanc
1593 1881 1982 1937 correctionem

379 1956 645 2026 adjunxit.
693 1957 830 2015 Nam
877 1963 1002 2030 quia
1052 1961 1122 2016 ad
1172 1964 1643 2034 amplificationem
1695 1971 1982 2041 quamdam

379 2048 759 2105 mandatorum
797 2051 1020 2121 gradum
1051 2051 1290 2109 facturus
1314 2066 1448 2122 erat,
1490 2073 1560 2114 ne
1592 2059 1990 2140 incrementum,

380 2149 635 2209 putarent
657 2145 1064 2213 repugnantiam
1095 2159 1214 2203 esse
1244 2149 1549 2218 quamdam,
1585 2162 1682 2208 aut.
1714 2158 1984 2211 accessio-

379 2248 504 2287 nem
523 2248 648 2289 esse
675 2249 940 2305 pugnam,
972 2236 1174 2292 idcirco
1212 2239 1366 2306 dixit,
1399 2240 1578 2298 Nolite
1613 2254 1812 2315 putare,
1853 2264 1983 2318 quo-

379 2322 520 2376 niam
550 2324 666 2378 veni
689 2325 881 2381 solvere
919 2327 1098 2398 legem,
1126 2339 1212 2383 aut
1238 2331 1514 2401 prop/tetas
1543 2350 1564 2388 :
1593 2335 1695 2391 hoc
1719 2345 1822 2404 est,
1861 2335 2005 2409 per?

378 2415 608 2469 tectiora,
629 2414 871 2472 dicturus
893 2433 1011 2473 sum
1039 2420 1124 2486 iis,
1141 2437 1275 2492 qua:
1302 2432 1429 2479 ante
1451 2433 1578 2480 sunt
1595 2425 1757 2482 dicta.
1781 2430 1980 2486 Exem-

380 2507 452 2576 pli
476 2523 661 2573 causa,
700 2509 947 2574 Audietis,
975 2507 1097 2566 Non
1125 2515 1320 2569 occides
1346 2531 1366 2570 :
1394 2533 1484 2587 ego
1513 2528 1681 2574 autem
1696 2520 1837 2587 dico,
1854 2518 1982 2578 Non

379 2598 634 2652 irasceris.
675 2599 922 2665 Audistis,
952 2599 1078 2658 Non
1118 2605 1468 2674 moechaberis,
1514 2625 1607 2679 ego
1643 2620 1815 2665 aettem
1841 2612 1976 2679 dico,

375 2683 708 2752 Quicumque
720 2687 996 2746 mulierem
1030 2691 1241 2763 respicit
1256 2696 1325 2749 ad
1349 2699 1809 2768 concupiscendum
1843 2720 1976 2771 eam,

378 2776 487 2844 jam
517 2779 796 2835 machum;
840 2783 912 2830 est
965 2779 1185 2854 (Matth.
1214 2784 1361 2840 5.2L
1392 2787 1482 2843 22.
1509 2790 1600 2844 27.
1624 2789 1742 2864 ΞΒ),
1775 2805 1829 2849 ct
1855 2795 1979 2850 talia

377 2885 748 2942 quaecumque.
773 2873 852 2930 Ne
880 2876 1039 2945 igitur
1061 2878 1459 2948 ahrogationem
1482 2898 1603 2939 esse
1631 2886 1827 2954 putetis
1845 2902 1979 2942 con-

379 2965 794 3020 summationem
819 2983 834 3019 :
868 2983 972 3022 non
1001 2970 1142 3024 enim
1166 2983 1252 3028 est
1277 2973 1578 3053 abrogatio,
1605 2977 1701 3031 sed
1728 2978 1979 3049 adimple-

381 3052 456 3107 tio
484 3069 498 3105 :
537 3064 592 3108 et
617 3055 758 3124 quod
790 3057 843 3111 in
871 3061 1188 3128 corporibus
1216 3062 1359 3130 fecit,
1391 3064 1494 3121 hoc
1523 3078 1577 3122 et
1608 3069 1659 3122 in
1687 3069 1806 3140 lege
1831 3071 1974 3126 facit.

372 3143 518 3212 Quid
563 3155 742 3202 autem
793 3148 848 3204 in
884 3153 1201 3221 corporibus
1244 3159 1536 3225 ιιι-αξεείιὶιῖ
1564 3159 1697 3215 Cum
1734 3165 1976 3220 mutilata

378 3234 546 3289 multa
571 3241 809 3295 membra
837 3245 1144 3312 reperisset,
1173 3257 1226 3301 et
1253 3250 1436 3306 omnia
1463 3250 1678 3308 defectu
1708 3255 1974 3326 laborare,

374 3325 626 3395 perfecit,
665 3337 721 3385 et
746 3330 803 3387 in
821 3337 1236 3396 convenientem
1262 3344 1504 3399 restituit
1526 3325 1976 3412 pulchritudinem

371 3426 434 3470 ct
455 3416 814 3489 integritatem
843 3439 858 3476 :
889 3438 953 3478 ac
983 3426 1144 3481 rebus
1168 3428 1299 3497 ipsis
1326 3431 1574 3487 omnibus
1601 3436 1871 3504 patefecit,
1917 3456 1977 3496 se

376 3516 617 3563 veterum
655 3510 834 3582 legum
880 3525 1156 3572 auctorem
1207 3520 1390 3588 fuisse,
1440 3539 1504 3577 ac
1541 3539 1746 3583 naturae
1777 3540 1976 3587 nostra:

371 3598 731 3655 cotiditorem.

447 3688 728 3759 Conﬁrmat
745 3695 976 3751 Christus
993 3715 1057 3753 ea:
1076 3703 1342 3757 sanatione
1366 3706 1508 3774 claci,
1536 3724 1591 3761 se
1609 3711 1775 3781 legum
1795 3723 1975 3767 aucto-

368 3794 481 3832 rem
498 3784 874 3854 esse—Atque
894 3786 995 3843 hoc
1013 3789 1163 3845 illum
1182 3794 1468 3852 ostendere
1483 3799 1770 3867 studuisse,
1799 3819 1864 3858 ex
1883 3821 1972 3859 sa—

367 3873 594 3929 natione
617 3876 747 3932 czeci
785 3881 1052 3951 prmeipue
1091 3896 1321 3941 constat.
1371 3878 1697 3948 Prmteriens
1735 3900 1876 3951 enim
1922 3909 1976 3955 et

366 3980 577 4020 aecum
598 3971 883 4038 quemdam
913 3974 1120 4043 videns,
1151 3978 1319 4035 lutum
1349 3980 1494 4048 fecit,
1521 3995 1579 4040 et
1601 3987 1863 4057 ejusmodi
1889 3992 1973 4045 lu-

370 4067 488 4112 tum
515 4061 684 4116 oculis
713 4061 882 4118 illevit
917 4070 1223 4136 excaecatis,
1260 4073 1418 4144 eique
1445 4076 1578 4132 dixit
1610 4097 1625 4133 :
1677 4080 1831 4148 Vade,
1858 4086 1974 4140 lava

365 4148 645 4205 iuSiloam
683 4153 862 4223 (Joan.
901 4155 955 4213 9.
987 4157 1150 4232 6(7).
1190 4163 1355 4234 Cujus
1384 4167 1463 4223 rei
1500 4173 1671 4240 gratia
1708 4188 1830 4230 cum
1857 4182 1973 4232 ευῖο

361 4237 520 4307 jussu
543 4253 782 4300 mortuos
806 4246 1378 4320 frequenter‘suscitet,
1407 4268 1462 4313 et
1497 4237 1600 4316 alia
1628 4266 1793 4320 multa
1822 4269 1972 4324 simi-

365 4329 594 4386 lia‘edat
615 4335 892 4405 miracula,
919 4340 1009 4407 hic
1031 4358 1166 4412 Opus
1191 4349 1457 4416 quoddam
1485 4353 1690 4423 adjicit,
1733 4358 1862 4414 dum
1883 4361 1968 4415 lu-

365 4429 485 4474 tum
518 4424 756 4493 coniicit,
799 4439 858 4484 et
893 4431 969 4487 illi
1005 4435 1192 4491 oculos
1223 4438 1411 4509 ﬁngit?
1448 4442 1586 4498 Num
1623 4449 1755 4502 satis
1801 4451 1969 4522 liquet

362 4513 573 4570 idcirco
592 4517 644 4572 id
667 4519 816 4587 lteri,
850 4533 908 4577 ut
940 4540 1064 4580 cum
1086 4529 1359 4588 audiveris
1390 4535 1556 4592 Deum
1584 4513 1968 4608 pulverem-ac-

359 4607 575 4676 cepisse
596 4609 666 4665 de
695 4620 834 4666 terra
864 4614 1245 4691 hominemque
1270 4622 1554 4696 formasse,
1582 4607 1760 4687 discas
1787 4637 1961 4704 exiis,

358 4711 489 4768 qua:
515 4715 657 4756 nunc
677 4713 952 4772 geruntur,
992 4708 1136 4766 hunc
1159 4713 1307 4770 illum
1333 4720 1474 4787 esse,
1505 4724 1594 4792 qui
1636 4725 1907 4786 hominem
1929 4748 1964 4787 a

359 4792 628 4863 principio
672 4797 957 4856 formavit?
993 4803 1204 4876 Alioqui
1233 4809 1337 4864 nisi
1365 4813 1468 4868 hoc
1504 4815 1742 4877 indicare
1777 4824 1959 4892 vellet,

357 4884 693 4953 superﬂuum
716 4888 904 4948 fuisset
927 4893 978 4948 id
999 4897 1143 4965 quod
1158 4901 1367 4970 agebat.
1390 4904 1592 4965 Deinde
1611 4921 1668 4965 ut
1694 4884 1962 4987 intelligas

357 4986 516 5028 usum
542 4974 640 5032 luti
666 4979 796 5035 nihil
827 4982 894 5038 ad
927 4984 1100 5042 visum
1128 5004 1272 5046 caaco
1301 4997 1691 5058 restituendum
1726 4974 1953 5076 opitula-

358 5073 478 5118 tum
517 5065 592 5120 illi
632 5083 774 5137 esse,
821 5075 915 5128 sed
939 5075 1142 5149 absque
1169 5081 1258 5136 illa
1285 5089 1507 5143 materia
1537 5092 1654 5148 solo
1673 5065 1827 5164 jussu
1851 5099 1958 5154 ﬁn-

353 5169 492 5224 gere
532 5159 716 5243 oculos
744 5165 1000 5232 potuisse,
1045 5171 1286 5245 adjungit
1324 5187 1380 5233 et
1418 5181 1529 5235 ait:
1572 5159 1730 5254 Vade,
1758 5189 1872 5244 lava
1903 5193 1960 5248 in

356 5244 598 5303 Siloam-
630 5249 918 5323 Postquam
957 5244 1243 5333 enim
1269 5268 1353 5324 sui
1375 5270 1573 5341 Opiﬁcii
1604 5244 1764 5334 modo
1802 5244 1958 5340 nobis

355 5340 620 5408 ostendit,
650 5343 773 5413 quis
792 5359 939 5404 esset
955 5353 1047 5422 qui
1070 5353 1346 5414 hominem
1363 5377 1394 5415 a
1410 5364 1676 5438 principio
1695 5377 1953 5441 creasset,

353 5437 489 5486 time
521 5434 600 5489 ait
626 5434 724 5504 illi,
761 5436 920 5507 Vade,
968 5442 1086 5500 ιαω
1109 5446 1164 5502 in
1193 5448 1410 5507 Siloam.
1443 5453 1513 5511 Ut
1537 5434 1701 5528 igitur
1722 5434 1958 5533 optimus

349 5526 650 5582 statumina
675 5532 863 5586 volens
890 5550 986 5604 per
1012 5555 1173 5608 opera
1200 5556 1351 5599 suam
1389 5526 1634 5617 peritiam
1661 5526 1953 5627 ostentare,

354 5624 884 5720 pauet-quamdam
911 5632 1129 5701 omittit,
1175 5634 1302 5693 dum
1343 5647 1573 5698 statuam
1611 5647 1783 5720 lingit,
1815 5663 1874 5708 ut
1901 5624 1953 5710 in

347 5721 428 5801 eo
453 5710 595 5778 quod
617 5713 794 5782 deest,
839 5721 1003 5776 totius
1025 5727 1206 5794 operis
1229 5732 1501 5798 specimen
1526 5739 1657 5793 artis
1684 5710 1808 5796 edat
1836 5762 1850 5798 :
1885 5745 1958 5801 ita

348 5797 604 5860 metu.
626 5807 790 5863 etiam
817 5817 938 5866 cum
978 5815 1214 5874 indicare
1242 5797 1401 5879 vene:
1427 5834 1597 5884 totum
1625 5831 1897 5891 hominem
1925 5854 1958 5893 a

353 5905 424 5948 ac
450 5891 614 5952 fliam
655 5896 930 5957 conditum
955 5945 973 5976 ,
1018 5905 1162 5966 hunc
1194 5912 1566 5984 imperfectum
1619 5924 1862 5998 reliquit,
1903 5891 1960 5987 ut

1995 527 2011 553 ,
2051 484 2323 543 CONTRA
2365 479 2744 550 suosunus.
2787 493 2853 548 x.

3588 503 3696 568 790

2093 615 2214 657 eum
2241 605 2498 674 venisset,
2521 618 2682 680 atque
2707 613 2892 668 oculos
2920 613 2990 670 illi
3032 619 3371 690 restituisset,
3394 623 3568 692 partis
3598 629 3695 682 be-

2091 694 2282 749 nelicio
2310 696 2379 751 de
2405 706 2516 753 toto
2544 700 2702 755 ﬁdem
2731 702 3012 761 insereret.

2161 782 2265 838 Cur
2279 787 2332 840 iu
2351 789 2511 842 oculis
2532 791 2834 846 miraculum
2851 796 3218 856 editum—Ac
3238 799 3356 858 vide
3373 818 3477 874 qua
3500 806 3552 861 in
3570 821 3695 877 par-

2091 883 2143 931 te
2158 877 2209 931 id
2229 878 2572 948 prtestiierit:
2598 900 2703 938 non
2723 885 2773 938 in
2794 901 2974 953 manu,
3004 903 3067 944 ac
3092 890 3245 960 pede,
3275 895 3368 948 sed
3398 896 3452 950 in
3492 900 3692 966 oculis,

2090 970 2232 1045 quod
2273 973 2636 1030 membrorum
2685 987 2990 1034 nostrorum
3033 982 3450 1051 pulcherrimum
3492 1000 3595 1056 est,
3636 1001 3695 1047 et

2091 1041 2328 1119 maxime
2345 1069 2725 1133 necessarium,
2740 1080 2909 1141 etquo
2922 1074 3122 1130 mdium
3136 1077 3290 1134 nobis
3306 1081 3589 1150 pretiosius
3606 1091 3695 1140 est

2091 1154 2409 1218 membrum.
2426 1156 2692 1216 Caeterum
2708 1163 2796 1231 qui
2813 1165 3231 1234 pulcherrimum
3249 1163 3691 1258 maximaquanta

2090 1247 2381 1302 cessarium
2395 1249 2594 1321 ﬁngere
2609 1256 2801 1324 potuit,
2818 1257 3068 1315 nimirum
3086 1261 3289 1329 oculos,
3315 1263 3454 1319 haud
3467 1247 3692 1324 dubium

2091 1339 2218 1406 quin
2235 1355 2448 1394 manum
2465 1359 2677 1414 quoque
2692 1347 2965 1416 etpedem,
2985 1365 3050 1407 ac
3063 1363 3252 1408 czetcra
3267 1357 3435 1425 possit
3449 1359 3694 1416 membra

2091 1426 2345 1485 formare.
2378 1431 2423 1487 Ο
2449 1433 2634 1492 beatos
2660 1436 2780 1492 illos
2806 1440 2988 1495 oculos
3007 1483 3022 1508 ,
3066 1442 3159 1514 qui
3189 1446 3550 1514 spectaculum
3571 1463 3692 1503 om-

2090 1519 2248 1575 nibus
2271 1520 2503 1590 iucrunt,
2535 1526 2626 1595 qui
2646 1527 2889 1594 aderant,
2913 1540 2966 1583 et
2991 1545 3181 1588 omnes
3200 1533 3267 1589 ad
3295 1549 3356 1590 se
3383 1537 3688 1607 rapiebant,

2091 1625 2382 1682 vocemque
2392 1626 2488 1681 per
2497 1630 2653 1671 suam
2665 1617 3115 1688 pulchritudinem
3138 1625 3439 1696 mittebant,
3463 1627 3518 1685 ei
3535 1630 3692 1688 Chri-

2089 1702 2158 1757 sti
2176 1703 2423 1759 virtutem
2445 1720 2634 1763 omnes
2652 1708 2927 1766 adstantes
2942 1711 3232 1772 docebant.
3255 1717 3542 1777 Enimveno
3563 1729 3690 1793 per-

2089 1791 2285 1848 mirum
2315 1793 2434 1861 fuit,
2463 1796 2606 1866 quod
2635 1797 2815 1867 fiebat,
2844 1816 2965 1856 cum
2996 1819 3173 1861 cacus
3198 1807 3441 1866 videntes
3465 1791 3693 1876 cernere

2089 1880 2309 1946 doceret
2339 1902 2354 1939 :
2379 1887 2524 1955 quod
2566 1889 2748 1959 utique
2787 1890 3034 1948 Christus
3077 1896 3320 1956 indicans
3357 1901 3535 1957 aiebat
3566 1920 3580 1957 :
3624 1902 3691 1959 In

2079 1973 2333 2042 judicium
2357 1978 2471 2032 mi
2508 1979 2564 2035 in
2592 1981 2727 2036 hunc
2749 1986 3017 2050 mundum,
3055 1998 3110 2042 ut
3138 1992 3227 2059 qui
3254 1973 3357 2048 tt/on
3383 1994 3580 2062 vident,
3607 1997 3688 2050 ui-

2089 2062 2261 2130 deant,
2283 2076 2336 2120 et
2359 2067 2448 2136 qui
2472 2068 2660 2137 vident,
2681 2075 2803 2126 arei
2826 2076 2954 2143 ﬁant
2978 2075 3159 2148 (Joau.
3186 2080 3240 2136 9.
3261 2082 3379 2153 59).
3405 2081 3449 2139 Ο
3476 2084 3686 2142 beatam

2087 2156 2413 2213 cmeitateml
2437 2160 2584 2226 Quos
2612 2165 2755 2219 enim
2782 2180 2812 2219 a
2843 2176 3032 2223 natura
3064 2186 3169 2241 non
3190 2174 3418 2245 accepit,
3455 2191 3488 2230 a
3515 2179 3691 2247 gratia

2088 2249 2314 2319 accepit,
2364 2266 2465 2307 uec
2511 2260 2719 2309 tantum
2755 2258 2934 2312 damni
2966 2267 3157 2329 passus
3181 2273 3265 2320 est
3297 2281 3363 2321 ex
3405 2267 3688 2336 dilatione,

2087 2352 2344 2410 quantum
2397 2360 2464 2401 ex
2500 2346 2698 2416 opiﬁeii
2743 2351 2907 2404 modo
2943 2353 3176 2412 lucratus
3218 2367 3324 2412 est.
3368 2358 3510 2428 Quid
3544 2363 3689 2418 enim

2086 2425 2258 2489 oculis
2294 2434 2403 2491 illis
2444 2437 2561 2492 ﬁeri
2599 2447 2778 2508 potest
2807 2442 3125 2510 mirabilius,
3169 2463 3307 2516 quos
3331 2425 3692 2509 immaculata:

2087 2535 2393 2595 sanctqu
2412 2540 2604 2584 manus
2629 2530 2732 2585 illa:
2758 2531 2957 2602 lingere
2977 2534 3206 2607 dignata:
3232 2543 3395 2596 sunt?
3424 2541 3688 2616 Quodque

2086 2615 2140 2670 in
2164 2618 2333 2674 sterili
2355 2621 2570 2688 accidit,
2600 2622 2705 2679 hoc
2733 2626 2929 2682 factum
2952 2638 3037 2684 est
3062 2630 3162 2687 hoe
3188 2632 3328 2688 loco.
3356 2634 3489 2690 Nam
3519 2645 3578 2692 ut
3600 2615 3690 2694 uta

2085 2707 2290 2765 nullum
2327 2727 2394 2768 ex
2421 2712 2676 2771 dilatione
2701 2719 2847 2788 cepit
2867 2720 3269 2791 detrimentum,
3299 2727 3396 2782 sed
3423 2730 3592 2785 multo
3621 2732 3686 2786 ilo

2085 2799 2303 2856 lustrior
2321 2804 2512 2871 evasit,
2539 2820 2660 2876 quae
2683 2823 2790 2863 non
2821 2810 2940 2881 lege
2969 2822 3193 2878 naturae,
3232 2816 3330 2872 sed
3359 2817 3478 2891 lege
3501 2823 3690 2892 gratia:

2085 2891 2250 2947 lilium
2277 2897 2521 2966 accepit:
2550 2899 2631 2953 sic
2655 2901 2906 2958 nimirum
2937 2914 2993 2958 ct
3015 2919 3190 2963 mus
3234 2907 3368 2966 nihil
3402 2927 3468 2966 ex
3493 2891 3689 2984 priete-

2083 2984 2185 3039 rita
2210 2986 2372 3042 ltesus
2411 2998 2498 3044 est
2533 2994 2792 3062 excitate,
2842 2999 2935 3053 sed
2963 3000 3149 3071 ingens
3177 3003 3387 3061 lucrum
3414 2996 3537 3064 inde
3565 3026 3690 3081 per-

2081 3077 2244 3146 cepit,
2270 3080 2357 3134 cui
2384 3081 2567 3138 datum
2593 3095 2694 3151 est,
2727 3097 2784 3142 ut
2812 3091 2957 3159 prius
2982 3094 3150 3148 solem
3177 3097 3399 3167 justitize
3414 3077 3686 3172 cerneret,

2081 3183 2145 3223 ac
2166 3168 2363 3228 deinde
2391 3171 2532 3231 hunc
2559 3177 2858 3248 subjectum
2891 3186 3160 3242 sensibus.

2150 3261 2206 3317 5.
2235 3261 2347 3319 Lex
2386 3266 2681 3340 imperfecta
2707 3274 2978 3338 quomodo.
3001 3307 3073 3319 —
3099 3278 3225 3338 Hau:
3248 3296 3279 3338 a
3307 3298 3396 3340 me
3410 3281 3687 3355 dicuntur,

2083 3367 2152 3406 ne
2186 3369 2329 3424 aegre
2376 3356 2634 3429 feramus,
2674 3364 2720 3418 si
2749 3362 2962 3435 quando
2987 3370 3068 3425 vel
3097 3385 3197 3428 nos
3225 3375 3389 3445 ipsos,
3439 3380 3523 3433 vel
3548 3381 3688 3436 alios

2080 3445 2340 3512 quosdam
2374 3451 2556 3518 premi-
2569 3454 2960 3513 calamitatibus
2981 3462 3258 3519 videamus
3285 3484 3301 3521 :
3324 3469 3369 3524 si
3395 3471 3539 3525 enim
3561 3487 3684 3528 cum

2079 3535 2368 3604 gratiarum
2397 3542 2608 3598 actione
2653 3559 2718 3601 ac
2762 3548 3029 3616 patienter
3065 3551 3299 3612 feramus
3333 3566 3523 3616 ctmcta
3566 3578 3687 3634 qua:

2080 3627 2351 3696 accidunt,
2389 3636 2611 3690 omnino
2638 3638 2839 3693 bonum
2882 3641 3039 3697 ﬁnem
3086 3646 3378 3719 multisque
3401 3650 3562 3710 bonis
3590 3670 3687 3711 cu-

2081 3719 2340 3776 nudatum
2369 3727 2546 3780 omnis
2573 3738 2753 3784 nostra
2781 3732 3060 3792 calamitas
3082 3741 3359 3796 sortietur.
3403 3744 3512 3800 Sed
3542 3749 3685 3815 quod

2080 3808 2262 3867 dicere
2289 3815 2536 3872 volebam
2563 3822 3013 3890 quemadmodum
3043 3841 3288 3899 corpora,
3319 3850 3442 3904 qua:
3469 3808 3682 3895 defectu

2081 3899 2414 3974 laborabant,
2446 3909 2679 3976 perfecta
2710 3923 2764 3968 et
2786 3915 2985 3987 integra
3029 3921 3297 3978 reddidit:
3326 3899 3404 3982 sic
3430 3938 3486 3983 et
3506 3931 3681 4000 legem

2079 3992 2444 4063 imperfectam
2469 4016 2601 4072 cum.
2619 4006 2935 4076 accepisset,
2963 4014 3288 4083 emendavit,
3317 4024 3681 4095 concinnavit,

2077 4097 2130 4140 ct
2157 4090 2434 4147 meliorem
2455 4093 2522 4149 ad
2547 4104 2743 4152 statum
2772 4103 2970 4157 evexit.
3003 4103 3173 4162 Nemo
3199 4119 3404 4178 autem,
3430 4129 3554 4172 cum
3582 4137 3681 4175 au-

2075 4178 2154 4234 dit
2183 4181 2546 4252 imperfectam
2574 4187 2739 4265 fuisse
2765 4192 2957 4263 legem,
2999 4213 3099 4254 nos
3125 4216 3246 4255 eum
3278 4206 3367 4274 qui
3403 4207 3543 4262 lator
3565 4211 3682 4279 ejus

2077 4269 2250 4327 fuerat
2276 4289 2532 4333 accusare
2557 4280 2695 4337 velle
2718 4285 3040 4354 arbitretur;
3072 4269 3335 4362 siquidem
3368 4269 3680 4368 imperfecta

2073 4371 2191 4416 erat
2214 4363 2300 4418 illa
2330 4381 2437 4422 non
2476 4383 2543 4424 ex
2571 4384 2668 4426 sua
2708 4385 2919 4444 natura,
2966 4380 3061 4436 sed
3089 4398 3376 4454 progressu
3422 4396 3683 4462 temporis

2073 4453 2269 4510 deinde
2296 4458 2419 4512 talis
2446 4474 2718 4519 evaserat.
2759 4453 3213 4542 Quandoquidem
3251 4486 3362 4532 tum
3388 4453 3674 4553 temporis,

2071 4560 2194 4602 cum
2247 4549 2551 4608 introducta
2601 4567 2705 4624 est,
2759 4560 3054 4618 admodum
3080 4566 3319 4634 perfecta
3357 4549 3581 4639 eratpet
3610 4549 3679 4633 iis

2069 4641 2157 4706 qui
2188 4643 2516 4712 recipiebant
2537 4662 2658 4702 eam
2681 4655 3010 4711 conveniens
3039 4674 3054 4712 :
3088 4669 3370 4731 postquam
3394 4677 3575 4723 autent
3603 4671 3676 4727 ab

2067 4729 2162 4785 illo
2182 4732 2370 4788 edocta
2394 4739 2582 4794 natura
2612 4740 2866 4813 deinceps
2890 4751 3062 4805 crevit
3098 4751 3152 4805 in
3178 4729 3389 4824 melius,
3423 4760 3539 4816 haec
3564 4763 3672 4818 im-

2068 4825 2354 4891 perfectior
2390 4833 2577 4900 evasit,
2631 4851 2738 4889 non
2768 4852 2833 4892 ex
2879 4854 2976 4894 sua
3006 4851 3216 4914 natura,
3245 4850 3343 4905 sed
3385 4841 3456 4908 ob
3489 4855 3668 4913 incre-

2066 4926 2309 4973 mentum
2331 4920 2544 4980 virtutis
2569 4937 2778 4995 eorum,
2809 4946 2945 5001 quos
2969 4933 3061 4990 illa
3085 4937 3364 4996 docuerat.
3388 4944 3457 4999 Et
3479 4961 3671 5017 quem-

2064 5008 2351 5066 admodum
2395 5030 2555 5072 arcus
2605 5027 2660 5074 et
2702 5022 2928 5090 sagitta,
2971 5041 3094 5097 qua
3135 5032 3288 5102 regio
3333 5008 3559 5104 puerulo
3599 5042 3672 5096 ad

2064 5103 2504 5162 exercitationem
2538 5111 2713 5178 potius
2738 5113 2994 5173 fabricata
3017 5120 3146 5187 sint,
3165 5103 3414 5193 quamad
3434 5143 3668 5201 pugnam

2063 5202 2120 5248 et
2142 5195 2363 5262 bellum,
2392 5198 2480 5254 ubi
2509 5214 2644 5271 puer
2664 5205 2900 5263 adolevit
2927 5218 2984 5265 et
3012 5212 3067 5266 in
3093 5212 3246 5271 bellis
3269 5195 3485 5277 fortiter
3504 5195 3669 5294 agere

2062 5285 2268 5357 didicit,
2297 5291 2504 5350 inutilia
2523 5295 2856 5356 redduntur:
2885 5304 2957 5357 ita
2987 5320 3202 5377 quoque
3228 5319 3435 5368 natura:
3464 5285 3668 5374 nostum

2062 5381 2258 5438 accidit
2283 5403 2299 5439 :
2325 5387 2580 5455 quamdiu
2604 5391 3032 5462 imperfectiores
3055 5413 3293 5468 eramus,
3323 5419 3388 5461 ac
3408 5407 3672 5466 discendo

2065 5491 2164 5530 nos
2202 5479 2609 5550 exercebamus,
2639 5490 3011 5546 convenientia
3037 5493 3193 5552 nobis
3218 5511 3369 5553 arma
3411 5504 3667 5572 suppedi-

2065 5569 2215 5636 tavit,
2259 5585 2380 5640 quae
2406 5572 2564 5631 facile
2587 5589 2800 5648 gestare
2823 5592 3135 5652 poteramus
3172 5607 3188 5643 :
3233 5605 3358 5646 cum
3399 5569 3531 5649 vero
3551 5595 3663 5666 jam

2055 5660 2219 5716 factis
2245 5663 2298 5717 in
2320 5663 2516 5722 virtute
2540 5673 2918 5740 progressibus
2940 5676 3293 5747 adolevimus,
3325 5684 3395 5740 ob
3424 5660 3666 5742 nostram

2066 5753 2447 5822 perfectionem
2495 5759 2586 5815 illa
2630 5762 2888 5837 deinCeps
2922 5769 3232 5840 imperfecta
3268 5787 3394 5832 sunt
3436 5779 3668 5837 reddita.

2066 5844 2358 5917 Propterea
2383 5853 2530 5907 venit
2553 5852 2815 5924 Christus,
2846 5869 2906 5915 ut
2929 5863 3030 5917 alia
3071 5865 3276 5935 majora
3303 5870 3461 5925 nobis
3485 5873 3668 5929 trade-

2067 5946 2169 5993 ret.
2203 5940 2284 5997 Ac
2309 5941 2433 5999 vide
2458 5960 2618 6016 quam
2646 5949 2941 6021 prudenter
2959 5962 3016 6011 et
3037 5965 3251 6016 veteres
3279 5961 3428 6034 leges
3455 5965 3665 6035 recitet,
