4186 6326
600 422 698 479 791

1316 432 1372 487 S.
1414 430 1694 501 JUANNIS
1733 428 2210 483 ειιιιιδυδτυιιι
2253 429 2569 485 AllCHlEP.
2602 429 3135 485 CONSTANTINOP.

3796 408 3909 463 799.

603 566 667 610 ct
699 566 862 605 novas
909 556 1184 619 proponat.
1235 546 1481 609 Audistis,
1533 544 1723 612 inquit,
1763 544 1885 613 quia
1918 544 2106 595 dictum
2129 552 2203 595 est
2312 548 3521 617 stare;alioquiuisiitaesset,superﬂuailla
3540 554 3903 607 cssetoratio.

602 640 849 709 antiquis,
870 636 989 692 Non
1003 638 1202 690 occides
1232 634 1447 701 (Matth.
1477 635 1531 688 5.
1558 635 1677 701 2t).
1710 634 1804 687 Dic
1829 634 1990 687 etiam
2031 648 2059 685 a
2090 648 2196 701 quo

605 732 673 784 sit
694 731 919 785 dictum.
947 716 1157 783 Tu-hoc
1170 726 1372 793 dixisti,
1400 742 1468 779 an
1495 726 1653 779 Pater
1674 726 1830 780 tuus?
1854 725 2195 795 Nequaquam

605 821 709 876 hoc
738 822 887 875 dicit.

672 912 775 965 Cur
814 912 1121 982 legislatoris
1153 928 1337 965 nomen
1361 919 1522 963 taceat
1546 909 1798 965 Christus.
1821 940 1893 951 —-
1911 910 2019 966 Cur
2039 910 2198 977 igitur

602 1004 703 1057 hoc
730 1004 1138 1073 tacuit,neqoe,
1180 1005 1301 1072 quis
1328 1003 1545 1067 dixerit,
1577 1001 1894 1069 declaravit,
1940 1002 2036 1055 sed
2065 1017 2197 1069 sup-

600 1108 785 1163 pressn
820 1094 1139 1163 legislatoris
1176 1108 1407 1161 persona
1436 1094 1610 1163 legem
1646 1088 1900 1163 protulit?
1926 1091 2195 1158 Quoniam

599 1186 647 1240 si
679 1187 925 1251 dixisset,
968 1182 1093 1237 Non
1123 1183 1483 1257 orcides,ego
1514 1195 1694 1241 autem
1716 1186 1837 1241 dico
1871 1187 2046 1249 vobis,
2074 1184 2195 1241 Non

602 1277 867 1343 irasceris,
900 1293 1062 1354 grave
1106 1278 1292 1343 fuisset
1313 1280 1510 1343 visum,
1541 1279 1684 1347 quod
1721 1278 1953 1343 dicebat,
1981 1287 2199 1347 propter

599 1384 786 1423 eorum
812 1371 905 1440 qui
949 1371 1242 1424 audiebant
1274 1372 1602 1435 vecordiam,
1650 1372 1742 1441 qui
1786 1371 2011 1426 necdum
2040 1371 2196 1424 intel-

601 1462 765 1530 ligere
818 1472 1078 1531 poterant,
1126 1479 1253 1517 eum
1284 1464 1521 1517 nondum
1557 1463 1625 1517 ad
1672 1464 1959 1518 evertenda
1995 1463 2192 1529 priora,

599 1551 697 1605 scd
714 1552 780 1606 ad
802 1567 863 1607 ca
881 1553 1120 1621 augenda
1144 1553 1258 1607 lucc
1280 1555 1491 1609 sancire
1516 1573 1528 1607 :
1553 1570 1616 1609 ac
1634 1556 1713 1609 sic
1732 1570 1860 1609 cum
1880 1553 2199 1621 compellas—

602 1653 722 1697 sent
749 1662 763 1695 :
789 1645 928 1712 Quid
950 1646 1073 1699 ais?
1099 1646 1256 1699 Pater
1279 1658 1402 1701 tuus
1424 1646 1581 1712 dixit,
1602 1643 1723 1697 Non
1751 1642 2046 1711 ocrides,tu
2066 1661 2196 1699 vero

597 1736 753 1801 dicis,
772 1732 889 1789 Non
930 1738 1222 1791 irasceris?
1263 1738 1339 1792 Ne
1364 1739 1483 1805 quis
1520 1717 1679 1807 igitur
1699 1738 1838 1791 Patri
1868 1738 2194 1791 contrarium

598 1826 783 1895 ipsqu
814 1837 1044 1895 putaret,
1088 1829 1171 1880 vel
1219 1838 1485 1897 tamquam
1524 1829 1722 1897 aliquid
1766 1829 2062 1896 sapientius
2103 1828 2197 1881 illo

598 1918 857 1983 proferre,
910 1934 1016 1971 non
1066 1917 1253 1971 dixit:
1295 1920 1530 1974 Audistis
1568 1935 1598 1971 a
1647 1920 1822 1973 Patre:
1873 1920 2099 1983 limus,
2148 1920 2193 1973 si

594 2006 837 2071 dixisset,
854 2006 1101 2064 Audistis
1116 2008 1235 2077 quia
1258 2008 1368 2061 dixi
1382 2006 1632 2077 antiquis,
1670 2008 2063 2062 intolerandum
2093 2011 2194 2061 hoc

594 2114 826 2168 quoque,
854 2114 1031 2168 neque
1065 2102 1239 2153 minus
1279 2114 1440 2168 quam
1480 2098 1610 2152 illud
1643 2100 1792 2167 prius
1815 2099 1988 2153 visum
2026 2108 2191 2152 esset.

593 2190 727 2245 Nam
758 2193 802 2245 si
846 2208 968 2245 cum
994 2190 1246 2255 dixisset,
1272 2192 1552 2261 Antequam
1591 2191 1845 2244 Abraham
1885 2193 2048 2259 ﬁeret,
2100 2209 2194 2261 ego

592 2301 706 2336 sunt
754 2282 929 2354 (han.
959 2284 1013 2337 8.
1046 2283 1162 2353 58),
1214 2284 1481 2353 lapidibus
1518 2299 1645 2337 eum
1692 2283 1921 2337 obruere
1957 2285 2191 2352 egressi

593 2385 736 2439 sunt,
780 2376 824 2429 si
850 2375 1157 2443 adjecisscl.
1206 2389 1268 2429 se
1309 2390 1522 2443 quoque
1558 2374 1726 2444 onsi
1755 2375 1927 2443 legem
1956 2374 2190 2440 dedisse,

591 2464 716 2532 quid
744 2480 848 2518 non
878 2464 1169 2519 iecissent?
1205 2464 1564 2532 Quamobrem
1607 2480 1782 2535 neque
1805 2465 1874 2519 de
1896 2477 1979 2531 se,
2020 2480 2193 2534 neque

590 2556 658 2608 de
686 2557 840 2610 Patre
878 2556 1167 2625 quidquam
1196 2556 1401 2621 dicens,
1444 2556 1539 2610 sed
1575 2556 1629 2610 in
1653 2555 1835 2610 medio
1859 2556 2190 2625 relinquens,

590 2660 712 2699 cum
756 2647 1000 2712 dixisset,
1042 2648 1292 2711 Audistis,
1332 2650 1452 2715 quia
1480 2647 1671 2699 dictum
1699 2654 1776 2700 est
1802 2648 2044 2712 antiquis,
2074 2643 2193 2701 Non

599 2738 792 2789 occides
821 2736 1023 2812 :oquod
1072 2738 1124 2790 in
1174 2737 1491 2805 corporibus
1529 2737 1660 2805 egit,
1701 2750 1824 2789 eum
1863 2751 1930 2789 ex
1953 2734 2193 2790 delectus

589 2829 959 2896 supplemento
983 2828 1253 2884 docuisset
1272 2843 1389 2895 eos,
1418 2830 1539 2899 quis
1565 2829 1843 2883 hominem
1869 2843 1898 2881 a
1925 2829 2193 2898 principio

588 2919 937 2982 condidisset,
968 2920 1019 2972 id
1056 2920 1217 2977 etiam
1240 2914 1351 2973 hoc
1375 2919 1497 2974 loco
1524 2920 1792 2990 praestitit,
1823 2918 1955 2973 dum
1990 2934 2087 2987 per
2109 2920 2189 2973 le-

587 3011 669 3078 gis
710 3008 1140 3075 emendationem
1183 3019 1237 3065 et
1264 3010 1589 3065 additionem
1643 3010 1760 3079 ejus
1805 3010 1947 3079 quod
1985 3010 2190 3076 deerat,

589 3102 710 3171 quis
734 3103 823 3155 ille
853 3102 1009 3157 fuerit
1047 3103 1225 3169 docet,
1255 3102 1343 3171 qui
1373 3101 1444 3155 ab
1469 3102 1618 3156 initio
1659 3103 1831 3172 legem
1865 3101 2007 3155 tulit.
2051 3101 2189 3155 Pro-

588 3204 773 3263 pterea
802 3210 1014 3265 quoque
1044 3195 1168 3249 dum
1196 3205 1378 3265 ageret
1408 3194 1477 3249 de
1501 3194 2055 3277 creatiopchominis,
2093 3210 2193 3250 ne-

589 3303 694 3355 que
715 3288 795 3339 sui
823 3287 1088 3353 meminit,
1132 3302 1307 3355 neque
1336 3287 1531 3352 Patris,
1564 3286 1659 3341 sed
1691 3287 1777 3341 hic
1806 3302 2019 3357 quoque
2048 3287 2189 3340 nulla

589 3396 843 3451 expressa
872 3361 1095 3450 persona
1116 3381 1442 3435 iudetinitam
1464 3380 1617 3435 all'ert
1644 3369 1938 3442 orationem
1968 3381 2187 3434 dicens:

593 3475 692 3539 Qui
740 3475 856 3544 fecit
894 3474 966 3541 ab
1016 3474 1181 3538 initio,
1232 3475 1514 3527 masculum
1554 3484 1600 3526 et
1644 3473 1886 3542 festinant
1926 3474 2042 3543 fecit
2106 3488 2192 3525 ros

591 3563 807 3634 (Hattlt.
844 3564 933 3617 l9.
963 3563 1041 3631 ι),
1091 3574 1146 3617 ct
1196 3564 1356 3617 verbo
1402 3563 1616 3632 quidem
1665 3572 1963 3617 creatorem
2006 3562 2188 3625 tacuit,

586 3670 754 3724 opere
782 3664 958 3709 autem
988 3656 1189 3721 do‘cuit,
1215 3654 1340 3708 dum
1366 3670 1654 3723 corporum
1680 3655 1944 3709 defectum
1972 3654 2188 3723 supple-

592 3748 687 3800 vit.
718 3747 792 3799 lta
823 3747 909 3799 hic
933 3748 1094 3801 etiam
1124 3761 1245 3799 cum
1277 3746 1521 3811 dixisset,
1565 3746 1825 3812 Audistis,
1856 3748 1974 3816 quia
2000 3746 2191 3799 dictum

582 3850 660 3891 est
686 3840 927 3905 antiquis,
961 3841 1120 3893 tacuit
1144 3839 1359 3907 quidem
1390 3854 1419 3891 a
1457 3853 1563 3908 quo
1586 3838 1787 3892 dictum
1810 3848 1974 3905 esset,
2004 3854 2189 3893 verum

591 3933 825 4001 seipsmn
865 3932 1117 4001 operibus
1148 3932 1274 4001 ipsis
1314 3932 1564 3985 ostendit.
1608 3920 1705 3999 Qui
1742 3932 1888 3986 enim
1924 3932 2190 3989 ddectum

593 4025 878 4095 supplevit,
907 4024 1022 4093 ipse
1048 4035 1131 4078 est
1151 4024 1243 4093 qui
1270 4024 1337 4077 ab
1362 4025 1513 4077 initio
1529 4025 1580 4077 in
1606 4024 1780 4099 lucem
1803 4025 2185 4094 ipsnmpdidit.

584 4116 738 4183 lpsas
771 4127 1026 4184 pra-terea
1050 4126 1259 4170 veteres
1286 4116 1431 4183 leges
1450 4116 1595 4179 citat,
1620 4124 1681 4169 ut
1700 4131 1765 4169 ex
1790 4118 2192 4185 comparatione

592 4207 799 4259 discant
824 4207 1115 4268 auditores,
1160 4221 1264 4258 non
1313 4208 1433 4274 ejus
1466 4208 1557 4275 qui
1594 4206 1934 4262 adversarius
1975 4209 2047 4261 sit
2076 4210 2191 4263 tunc

593 4314 713 4352 esse
744 4299 902 4351 verba
923 4338 939 4361 ,
982 4308 1037 4351 et
1063 4312 1123 4351 se
1158 4297 1345 4351 eadem
1385 4314 1507 4351 cum
1535 4298 1691 4352 Patre
1728 4298 2009 4367 pneditum
2039 4312 2192 4368 pote-

594 4398 750 4443 state.
782 4388 905 4443 lluzc
928 4387 1284 4442 etiztvaudaei
1313 4388 1721 4453 intellexerunt,
1742 4396 1813 4443 Let
1842 4390 2019 4443 mirati
2045 4400 2189 4444 sunt.

596 4484 769 4549 Atque
796 4489 866 4556 ut_
888 4479 1111 4531 miratos
1141 4478 1261 4533 illos
1288 4494 1406 4533 esse
1434 4494 1746 4547 cognoscas,
1777 4479 1897 4533 audi
1920 4481 2190 4549 evangeli-

595 4584 731 4627 stam
774 4574 876 4625 boc
918 4571 1275 4626 declarantem
1326 4586 1389 4625 ac
1440 4571 1753 4626 dicentem:
1797 4572 2193 4625 Admirabaxtur

596 4665 757 4729 turbt:
780 4680 931 4731 super
957 4663 1190 4716 doctrina
1226 4667 1358 4731 ejus,
1389 4664 1506 4730 quia
1530 4664 1740 4718 docebat
1768 4680 1853 4717 eos
1897 4664 2025 4717 sicut
2052 4674 2191 4731 pote—

598 4766 779 4809 atatem
807 4754 1027 4814 habens.
1082 4765 1128 4808 et
1167 4771 1267 4807 non
1321 4756 1450 4807 sicut
1500 4754 1676 4809 scribae
1711 4766 1755 4807 et
1781 4753 2036 4807 Pharisci
2078 4754 2190 4825 (Id.

598 4848 649 4899 7.
697 4843 787 4900 28’.
828 4847 942 4913 29).
993 4846 1127 4913 Quid
1180 4847 1360 4915 igitur,
1418 4847 1462 4900 si
1520 4862 1795 4915 perperam
1855 4846 1959 4899 hoc
2015 4847 2190 4915 suspi-

596 4936 899 4989 cabantur?
926 4936 1065 4991 (licet
1090 4936 1283 5005 aliquis
1320 4954 1334 4989 :
1368 4945 1602 4989 attamen
1638 4951 1734 4990 eos
1768 4952 1872 4989 non
1904 4936 2196 5005 reprehen-

600 5028 697 5083 dit.
726 5043 824 5081 nec
851 5026 1161 5095 increpavit.
1203 5025 1298 5080 sed
1324 5035 1381 5079 ct
1409 5027 1618 5079 illorum
1644 5027 1967 5081 sententiam
1994 5027 2195 5080 conﬁr-

602 5119 782 5173 mavit.
816 5118 949 5172 Cum
970 5119 1112 5183 enim
1133 5120 1311 5175 statim
1343 5118 1655 5171 amassisset
1677 5106 1921 5185 leprosos
1940 5132 2002 5170 ac
2028 5117 2195 5173 dixis-

609 5213 713 5267 set,
770 5203 1009 5264 Doutine,
1046 5205 1093 5255 si
1127 5204 1406 5271 risﬁpotes
1453 5221 1533 5257 me
1579 5205 1834 5259 mundare
1893 5204 2004 5276 (Id.
2035 5207 2088 5260 8.
2112 5206 2190 5267 2).

607 5294 749 5360 Quid
782 5294 899 5347 ait?
930 5293 1082 5356 Volo,
1118 5278 1398 5369 mutitare.
1432 5295 1751 5361 Curantem
1786 5312 1896 5350 non
1922 5298 2183 5367 simplici-

607 5396 692 5441 ter
720 5386 881 5449 dixit,
919 5378 1229 5441 Mundam?
1248 5386 1469 5441 tametsi
1497 5386 1833 5442 testiﬁcatus
1856 5388 1934 5441 illi
1972 5398 2089 5442 erat
2120 5391 2195 5444 le-

606 5496 805 5551 prosus
856 5488 1181 5548 potestatem
1217 5480 1395 5549 ipsum
1439 5479 1660 5545 habere,
1708 5476 1832 5532 cum
1869 5479 2098 5541 diceret,
2133 5481 2192 5535 Si

608 5570 707 5621 ris.
743 5566 850 5621 Sed
886 5584 955 5621 ne
996 5552 1353 5623 existimares
1396 5568 1683 5623 sententia:
1727 5578 1941 5622 tantum
1992 5562 2191 5639 leprosi

602 5658 1047 5723 adscribendum,
1092 5658 1151 5713 Si
1184 5661 1282 5723 vis,
1334 5658 1536 5727 adjecit
1569 5660 1685 5730 ipse
1715 5675 1935 5729 quoque
1966 5660 2188 5725 dicens,

618 5751 770 5815 l'olo,
805 5742 1084 5807 mundare.
1109 5752 1201 5807 Sic
1217 5754 1343 5808 data
1357 5768 1523 5823 opera
1545 5768 1699 5807 suam
1722 5755 1923 5824 ubique
1948 5765 2192 5825 potesta-

601 5851 712 5897 tem
744 5843 1156 5911 manifestabat,
1194 5860 1364 5915 seque
1399 5846 1582 5899 omnia
1611 5862 1678 5899 ex
1700 5846 2028 5902 auctoritate
2050 5862 2188 5917 pra:-

2383 638 2438 691 6.
2463 639 2603 692 Cum
2637 640 2805 708 igitur
2835 640 2889 692 in
2923 640 3184 694 omnibus
3204 642 3327 708 eius
3357 652 3682 711 potestatem
3710 646 3904 701 disca-

2307 740 2447 790 mus,
2494 726 2538 777 si
2583 725 2713 794 quid
2740 726 2866 778 alibi
2897 726 3097 779 humile
3122 725 3297 780 facere
3328 728 3476 780 illum
3506 729 3588 782 vel
3615 729 3796 783 dicere
3825 732 3912 782 vi-

2304 816 2564 881 derimus,
2584 831 2705 870 cum
2730 824 2946 884 propter
2960 832 3077 881 eas,
3103 833 3235 886 quas
3255 834 3427 887 nuper
3443 820 3909 885 enumeravimus,

2303 920 2513 972 causa,
2559 916 2670 971 tum
2712 908 2854 974 quod
2880 908 3153 963 auditores
3174 910 3240 961 ad
3274 910 3630 966 humilitati-tn
3668 913 3800 967 velit
3830 915 3901 966 in-

2303 998 2497 1061 citare,
2527 1014 2594 1051 ne
2616 998 2816 1052 idcirco
2839 1000 3093 1053 vilitatem
3118 1000 3194 1053 illi
3216 1001 3527 1055 substantia:
3550 1003 3915 1071 imputetnus;

2303 1089 2565 1156 siquidem
2577 1088 2685 1143 hoc
2698 1090 2877 1157 ipsum
2895 1090 3035 1158 quod
3053 1105 3272 1144 carnem
3292 1094 3602 1161 assumpsit,
3621 1093 3689 1147 ab
3704 1109 3771 1147 eo
3794 1110 3909 1162 pra

2303 1179 2465 1231 nimia
2495 1180 2795 1233 humilitate
2815 1192 3123 1248 susceptum
3146 1190 3253 1243 est,
3284 1197 3389 1235 non
3415 1183 3556 1251 quod
3581 1184 3738 1237 Patre
3760 1193 3909 1238 esset

2303 1272 2542 1324 inferior.
2578 1270 2729 1325 Unde
2757 1286 2884 1324 vero
2915 1272 2965 1324 id
2994 1272 3248 1326 constat?
3275 1272 3408 1326 Nam
3440 1274 3544 1328 hoc
3572 1289 3787 1343 quoque
3816 1288 3913 1327 ve—

2302 1362 2473 1415 ritatis
2507 1361 2687 1415 hostia
2713 1362 3095 1416 circumierunt
3127 1364 3365 1418 dicentes
3392 1380 3408 1416 :
3440 1366 3485 1418 si
3526 1366 3747 1433 :equalis
3786 1372 3906 1419 erat

2302 1452 2468 1518 Patri,
2503 1469 2665 1522 quam
2692 1455 2762 1508 ob
2789 1470 3003 1508 causam
3032 1455 3190 1508 Pater
3215 1470 3429 1509 carnem
3457 1473 3563 1509 non
3589 1456 3907 1523 assumpsit,

2299 1546 2394 1601 sed
2424 1546 2591 1600 Filius
2619 1548 2757 1600 servi
2782 1547 3021 1601 .l'ormam
3067 1548 3279 1601 induit?
3321 1542 3515 1599 Annon
3562 1559 3645 1602 est
3673 1548 3904 1602 manife-

2297 1637 2750 1709 stntn,nquoniam
2783 1638 3005 1692 inferior
3024 1639 3179 1691 erat?
3228 1640 3388 1708 Atqui
3418 1640 3463 1693 si
3494 1647 3773 1707 propterea
3806 1653 3906 1691 no-

2299 1741 2466 1783 stram
2502 1731 2741 1799 suscepit
2784 1741 3049 1796 naturam,
3088 1732 3368 1800 Spiritum,
3416 1748 3575 1801 quem
3617 1733 3715 1801 ipsi
3763 1732 3908 1784 Filio

2302 1823 2562 1875 minorem
2583 1837 2705 1876 esse
2724 1832 3008 1876 autumant
3037 1832 3166 1893 (non
3194 1824 3341 1877 enim
3370 1823 3472 1877 hoc
3498 1839 3595 1878 nos
3620 1824 3904 1894 dicimus),

2299 1926 2518 1966 carnem
2544 1914 2827 1980 oportebat
2864 1920 3163 1967 assumere.
3203 1913 3262 1967 Si
3308 1915 3451 1969 enim
3495 1915 3694 1970 idcirco
3727 1916 3907 1985 uujor

2298 2013 2381 2055 est
2415 2002 2552 2056 Filio
2577 2003 2756 2067 Pater,
2786 2004 3040 2072 quoniam
3065 2004 3154 2058 ille
3193 2004 3501 2059 incarnatus
3530 2015 3634 2069 est,
3663 2005 3750 2059 hic
3787 2022 3909 2060 non

2300 2101 2386 2146 est
2412 2092 2738 2157 inamatus,
2782 2095 2887 2149 erit
2930 2096 3092 2148 etiam
3122 2094 3351 2164 Spiritus
3379 2096 3495 2165 ejus
3541 2095 3613 2150 ob
3655 2098 3911 2151 canalem

2298 2200 2514 2239 causam
2563 2187 2682 2255 ipso
2717 2186 2940 2255 major:
2977 2202 3151 2257 neque
3197 2190 3339 2242 enim
3388 2190 3503 2258 ipse
3552 2204 3766 2244 carnem
3809 2203 3912 2243 as.

2298 2278 2548 2345 sumpsit.

2371 2367 2456 2424 Ea:
2475 2369 2758 2441 Sa'ipturis
2773 2371 3018 2441 probatur
3038 2373 3229 2426 Filium
3249 2390 3357 2428 esse
3381 2374 3524 2428 Patri
3547 2376 3811 2445 qualem.
3834 2408 3915 2417 ——

2296 2461 2402 2515 Sed
2430 2477 2499 2516 ne
2525 2464 2862 2531 argumentis
2906 2464 3047 2517 istud
3072 2465 3523 2529 demonstremus,
3553 2482 3652 2535 age
3675 2482 3739 2520 cx
3770 2468 3915 2536 ipsis

2299 2554 2591 2622 Scripturis
2621 2556 2795 2623 ipsum
2826 2557 3117 2625 probemus
3142 2598 3159 2622 ,
3186 2569 3241 2611 et
3264 2558 3575 2612 humilitatis
3600 2574 3758 2614 musa
3782 2575 3913 2614 car-

2299 2661 2420 2698 nem
2449 2646 2594 2699 itlum
2632 2648 2989 2715 assumpsisse
3033 2647 3399 2701 ostendamus.
3446 2649 3643 2703 Paulus
3686 2650 3909 2717 quidem

2296 2744 2466 2800 certe,
2498 2736 2588 2806 qui
2615 2736 2730 2790 hare
2755 2746 2996 2801 noverat,
3027 2754 3149 2792 cum
3189 2739 3255 2791 ad
3280 2740 3549 2810 quidpiam
3592 2743 3743 2796 nobis
3771 2742 3913 2797 utile

2298 2842 2397 2880 nos
2426 2828 2809 2882 cobortaturus
2839 2840 2942 2894 est,
2966 2830 3210 2899 exempla
3246 2830 3403 2884 nobis
3428 2830 3637 2884 virtutis
3665 2832 3733 2885 de
3760 2834 3908 2885 ωηο

2295 2919 2529 2973 demittit
2556 2935 2572 2971 :
2604 2929 2663 2973 ut
2687 2934 2810 2973 cum
2840 2934 3229 2987 scpenumero,
3242 2921 3479 2975 caritatis
3504 2922 3744 2976 colenda:
3767 2936 3907 2975 con-

2306 3010 2486 3062 silium
2514 3011 2633 3075 dat,
2679 3019 2733 3064 et
2762 3020 2819 3063 ut
2842 3026 2905 3063 se
2945 3022 3133 3064 mutuo
3169 3011 3411 3081 diligant,
3442 3013 3591 3081 cupit
3614 3013 3913 3082 discipulos

2297 3101 2541 3165 incitare,
2563 3101 2831 3156 Christum
2860 3104 3079 3159 adducit
3111 3104 3165 3156 in
3192 3102 3426 3158 medium
3446 3104 3659 3158 dicens:
3688 3101 3909 3161 Viridi-

2296 3193 2438 3261 ligite
2455 3208 2661 3257 uxores,
2690 3194 2828 3246 sicut
2854 3204 2900 3247 et
2923 3194 3153 3248 Christus
3176 3194 3355 3247 dilexit
3378 3194 3654 3247 Ecclesium
3678 3195 3904 3265 (Ephes.

2296 3282 2349 3335 5.
2384 3283 2500 3353 25).
2530 3285 2757 3352 Rursus,
2799 3287 2889 3339 ubi
2924 3288 2990 3340 de
3024 3286 3364 3357 elemosyna
3400 3288 3643 3353 disserit,
3672 3288 3914 3356 idipsnsu

2296 3375 2465 3431 facit:
2518 3379 2768 3447 quocirca
2817 3380 2979 3433 etiam
3006 3380 3133 3434 dicit
3176 3399 3191 3434 :
3240 3380 3396 3435 Scitis
3438 3382 3657 3451 gratiam
3685 3382 3905 3436 Domini

2294 3471 2453 3523 nostri
2485 3470 2611 3523 Iesu
2636 3470 2843 3535 Christi,
2884 3473 3123 3542 quoniam
3163 3483 3371 3541 propter
3396 3490 3483 3526 vos
3509 3490 3696 3543 egenus
3733 3476 3914 3544 [artus

2294 3571 2387 3624 est,
2419 3578 2534 3615 cuiu
2568 3571 2696 3616 esset
2728 3563 2885 3625 dives,
2920 3574 2978 3615 ut
3008 3564 3150 3616 illius
3182 3564 3358 3632 inopia
3402 3581 3487 3617 eos
3516 3566 3693 3619 diuites
3724 3568 3905 3618 essetis

2296 3651 2372 3722 (2.
2414 3652 2535 3705 Cor.
2567 3653 2624 3707 8.
2653 3652 2732 3725 9).
2789 3653 2995 3707 [lorum
3039 3665 3214 3708 autem
3261 3655 3545 3709 verborum
3586 3657 3673 3709 hic
3711 3672 3910 3711 season

2292 3751 2376 3797 est
2404 3762 2418 3795 :
2447 3743 2899 3812 quemadmodum
2940 3744 3112 3799 laetus
3144 3755 3229 3799 est
3250 3757 3453 3815 egenus
3494 3747 3749 3800 Dominus
3776 3757 3909 3801 tuus

2294 3848 2509 3887 (struem
2537 3848 2840 3895 assumens.
2871 3835 2941 3887 ita
2970 3844 3024 3888 tu
3050 3836 3105 3888 in
3130 3837 3368 3903 pecuniis
3395 3851 3599 3905 egenus
3627 3836 3745 3891 ﬁas.
3768 3836 3906 3891 Nam

2295 3932 2353 3976 ιιι
2378 3923 2527 3976 illum
2556 3933 2770 3993 egestas
2794 3925 2980 3993 gloria:
3003 3925 3136 3978 nihil
3166 3926 3321 3989 hesit,
3354 3927 3433 3979 sic
3460 3942 3635 3995 neque
3660 3937 3712 3981 te
3741 3943 3908 3995 pecu-

2296 4015 2507 4068 niarum
2537 4014 2716 4083 inopia
2751 4015 2950 4069 la-dere
2980 4018 3197 4085 poterit,
3226 4016 3320 4071 sed
3350 4018 3544 4071 multas
3572 4018 3666 4071 tibi
3685 4019 3905 4072 divitias

2295 4107 2647 4174 comparabit.
2694 4107 2784 4161 Sic
2825 4118 2877 4160 et
2918 4108 2987 4163 de
3028 4108 3331 4162 humilitate
3358 4108 3499 4177 apud
3530 4109 3907 4177 Philippeuses

2295 4198 2567 4264 disserens
2586 4198 2856 4252 Christum
2887 4200 2938 4250 in
2966 4198 3200 4251 medium
3228 4199 3462 4263 adducit,
3488 4215 3719 4269 cumque
3739 4202 3906 4255 dixis-

2296 4297 2377 4340 set
2400 4329 2414 4350 ,
2490 4286 2793 4340 Humilitatc
2842 4289 2938 4340 sibi
3002 4289 3215 4341 inuicem
3266 4290 3549 4357 superiora
3598 4291 3906 4343 arbitrantes

2297 4379 2557 4451 (Philipp.
2588 4380 2641 4432 2.
2674 4380 2753 4451 3),
2800 4381 3064 4450 adjunxit,
3107 4380 3223 4433 Hoc
3262 4382 3396 4434 enim
3433 4384 3613 4436 sentite
3646 4384 3699 4434 in
3740 4384 3903 4448 vobis,

2296 4471 2430 4539 quod
2475 4472 2603 4523 etin
2630 4469 2829 4525 Christo
2865 4470 3013 4534 Iesu,
3042 4472 3137 4539 qui
3165 4487 3281 4523 cum
3314 4472 3365 4523 in
3408 4472 3575 4540 [arma
3614 4471 3712 4524 Dei
3751 4486 3905 4536 esset.

2299 4578 2399 4614 non
2434 4563 2672 4631 rapinam
2713 4563 2989 4615 arbitratus
3028 4568 3101 4616 est
3127 4579 3232 4616 esse
3264 4580 3317 4615 se
3351 4565 3598 4630 aqualem
3644 4563 3769 4627 Deo,
3812 4566 3905 4617 sed

2298 4648 2619 4723 semetipsum
2647 4655 2926 4708 eaziuattiuit
2955 4657 3177 4725 [armant
3204 4657 3333 4708 servi
3360 4656 3613 4725 accipiens
3634 4655 3740 4725 (Ιὸ.
3768 4673 3815 4709 ν.
3841 4658 3899 4711 5.

2300 4746 2377 4813 7).
2410 4748 2583 4815 Atque
2620 4746 2666 4800 si
2695 4747 2837 4816 quod
2866 4754 3010 4815 esset
3037 4755 3224 4801 natura
3262 4746 3504 4813 inferior,
3544 4763 3760 4802 carnem
3804 4764 3903 4815 ge-

2300 4848 2444 4891 stare
2470 4838 2718 4907 dignatus
2744 4848 2849 4903 est,
2888 4854 2994 4892 non
3014 4838 3125 4907 jam
3157 4839 3286 4892 illud
3311 4838 3512 4899 factum
3537 4841 3642 4894 erit
3678 4841 3904 4893 humili-

2304 4931 2445 4994 tatis,
2489 4930 2585 4985 sed
2628 4930 2823 4985 frustra
2857 4933 3076 5001 protulit
3122 4932 3249 4986 illud
3281 4933 3500 4999 Paulus,
3531 4934 3659 4987 dum
3688 4937 3752 4988 ad
3797 4936 3902 4988 liu-

2303 5021 2581 5075 tnilitatem
2608 5022 2941 5076 adhortatur.
2984 5023 3121 5077 Tum
3146 5025 3290 5078 enim
3332 5024 3603 5078 humilitas
3629 5036 3734 5089 est,
3774 5042 3900 5079 cum

2302 5114 2524 5181 asilualis
2545 5114 2728 5168 obedit
2742 5116 2953 5183 :rquali.
2976 5116 3086 5169 lloc
3102 5115 3262 5184 igitur
3275 5116 3516 5170 indicans
3534 5127 3589 5171 et
3610 5119 3727 5184 ipse
3741 5119 3902 5172 dicit:

2307 5204 2406 5268 Qui
2434 5223 2546 5258 cum
2590 5208 2644 5258 in
2684 5210 2853 5277 [arma
2882 5209 2978 5260 Dei
3020 5216 3316 5268 εκεῖ,ηήοη
3350 5211 3586 5279 rapinam
3628 5212 3910 5267 arbitratus

2304 5310 2375 5353 est
2404 5317 2509 5353 asc
2533 5318 2587 5353 se
2604 5300 2851 5370 cqualem
2880 5302 3004 5364 Deo,
3036 5304 3123 5355 sed
3146 5304 3468 5372 semetipsum
3494 5304 3770 5356 eainaniuit
3792 5310 3908 5373 [or—

2306 5406 2439 5440 mam
2466 5391 2594 5443 servi
2922 5390 3057 5457 Quid
3085 5400 3191 5455 est,
3224 5390 3343 5444 Non
3366 5392 3604 5460 rapiunt
3628 5393 3911 5445 arbitratus

2306 5492 2377 5533 est
2420 5499 2529 5534 esse
2569 5500 2622 5535 se
2662 5484 2910 5551 tequalem
2956 5481 3063 5535 Deo
3084 5525 3100 5547 ,
3145 5484 3235 5537 sed
3270 5486 3590 5553 semetipsum
3630 5486 3912 5537 munivit

2306 5576 2545 5640 formam!
2558 5576 2686 5627 servi
2712 5576 2962 5643 accipiens
2978 5576 3004 5627 2’
3027 5578 3129 5643 Qui
3155 5578 3330 5645 rapuit
3353 5578 3551 5647 aliquid
3573 5574 3639 5633 ex
3670 5580 3753 5644 iis,
3786 5596 3915 5650 qua:

2309 5664 2439 5716 nihil
2490 5667 2556 5716 ad
2598 5679 2658 5719 se
2699 5667 2945 5729 attinent,
3002 5668 3129 5720 illud
3174 5677 3429 5737 perpetuo
3470 5670 3682 5731 retinet,
3734 5687 3913 5741 neque

2311 5765 2484 5826 potest
2527 5759 2719 5811 adduci
2752 5768 2809 5811 ut
2841 5760 2970 5812 illud
2998 5762 3263 5829 deponat,
3296 5763 3439 5830 quod
3472 5773 3703 5827 metuat,
3736 5780 3915 5834 neque

2313 5845 2643 5903 conﬁdenter
2668 5848 2793 5903 illud
2827 5850 3135 5918 possideat:
3178 5852 3265 5921 qui
3299 5868 3425 5906 vero
3463 5854 3660 5909 bonum
3693 5857 3913 5923 aliquod
