4174 6336
598 341 703 397 793

594 460 650 514 δέ
683 460 1041 595 ἓαφαίρετον
1084 461 1221 532 ἔχων
1269 462 1491 531 ἀγαθὸν,
1532 462 1631 516 κᾶν
1661 461 1989 535 ἀποκρύπτῃ
2018 462 2176 517 τοῦτο

596 543 657 594 οὐ
744 543 941 595 δοικεν.

596 543 657 594 οὐ
683 543 941 597 δέδοικεν.

665 690 811 759 Οἶον,
857 694 942 749 ἵνα
983 696 1078 749 καὶ
1106 696 1198 748 ἐπὶ
1232 694 1623 765 ὐποδείγματος
1667 695 1877 765 ποιήσω
1902 694 1999 747 τὸν
2024 692 2179 761 λόγον

592 780 849 851 φανερὸν,
900 778 1042 832 ἐστω
1086 795 1170 841 τις
1204 777 1297 832 τοῦ
1328 776 1513 838 αὐτοῦ.
1560 780 1588 831 ὁ
1629 777 1728 849 μὲν
1758 777 1994 847 οἰκέτης,
2043 779 2071 829 ὁ
2121 776 2178 830 δὲ

594 863 709 926 υίός
732 879 747 893 ο
790 862 885 916 ἐὰν
909 857 1004 916 οὗν
1031 862 1060 915 ὁ
1088 862 1307 932 οἰκέτης
1335 861 1645 933 ἐλευθερίαν
1692 859 1969 931 ἀναϐοήσῃ
2001 860 2177 931 μηδα-

596 947 760 1017 μόθεν
792 945 944 1016 αὐτῷ
972 947 1377 1018 προσήκουσαν,
1406 944 1557 1016 [558]
1586 945 1681 999 καὶ
1706 944 2072 1013 ἀντικαταστῇ
2099 942 2178 1013 τῷ

590 1032 846 1102 δεσπότῃ,
885 1032 984 1101 οὐχ
1046 1028 1305 1099 ὑπομένει
1362 1046 1416 1083 τι
1470 1030 1693 1100 ποιῆσαι
1740 1028 2004 1091 δουλικὸν,
2057 1028 2177 1081 οὐδὲ

591 1115 1012 1185 ἐπιταττόμενος
1038 1113 1325 1175 ὑπακούει,
1353 1112 1608 1175 δεδοικὼς
1637 1112 1713 1184 μὴ
1747 1111 1905 1165 τοῦτο
1947 1111 2080 1165 αὐτὸ
2108 1113 2174 1181 τῇ

590 1196 871 1269 ἐλευθερίᾳ
896 1197 1226 1267 λυμήνηται,
1258 1196 1351 1252 καὶ
1374 1194 1708 1267 πρόσκομμα
1750 1194 1902 1265 αὐτῷ
1946 1194 2008 1248 τὸ
2059 1193 2178 1246 ἐπί-

587 1297 776 1351 ταγμα
804 1279 1130 1351 ἐργάσηται·
1180 1278 1397 1350 ἥρπασε
1417 1278 1524 1349 γὰρ
1553 1280 1651 1349 τὴν
1684 1279 1873 1351 τιμὴν,
1907 1278 2002 1332 καὶ
2028 1277 2177 1351 παρὰ

588 1362 746 1427 ἀξίαν
788 1362 920 1432 εχει.
989 1362 1047 1415 Ὀ
1099 1361 1159 1416 δὲ
1194 1361 1309 1425 υίὸς
1336 1362 1401 1421 οὐ
1439 1363 1838 1432 παραιτήσεται
1866 1360 2173 1415 ἐπιτελέσαι

589 1448 700 1499 πᾶν
733 1446 895 1517 ἔργον
921 1446 1188 1511 δουλικὸν,
1222 1444 1378 1510 εἰδὼς
1418 1445 1501 1500 ὅτι
1543 1444 1650 1499 κᾶν
1688 1445 1904 1499 ἅπαντα
1928 1444 2178 1515 διακονή-

588 1547 753 1601 σηται
784 1530 856 1583 τά
886 1530 995 1584 τῶν
1023 1530 1243 1590 δούλων,
1275 1529 1427 1582 οὐδὲν
1458 1529 1605 1599 αὐτῷ
1633 1528 1703 1588 τὰ
1730 1530 1831 1598 τῆς
1862 1526 2177 1599 ἐλευθερίας

587 1610 1073 1685 παραϐέϐλαπται,
1125 1614 1241 1667 ἀλλ’
1292 1613 1525 1683 ἀκίνητα
1586 1612 1758 1681 μένει,
1801 1611 1903 1681 τῆς
1942 1613 2177 1682 φυσικῆς

587 1699 866 1767 εὐγενείας
895 1697 1248 1768 ἀναιρεθῆναι
1289 1697 1363 1766 μὴ
1396 1696 1703 1766 δυναμένης
1734 1695 1843 1749 ἀπὸ
1870 1696 1977 1749 τῶν
2003 1695 2177 1750 δουλι-

585 1780 701 1833 κῶν
734 1780 945 1851 ἕργων·
986 1780 1286 1850 ἐπειδήπερ
1334 1779 1434 1833 οὐκ
1468 1777 1528 1843 ἐξ
1560 1778 1813 1850 ἁρπαγῆς
1848 1778 2016 1850 αὐτὴν
2040 1779 2176 1850 ἔχει,

587 1864 838 1933 καθάπερ
890 1865 919 1916 ὁ
964 1862 1203 1931 οἰκέτης,
1266 1861 1380 1914 ἀλλ’
1435 1861 1639 1921 ἀνωθεν
1687 1861 1782 1915 καὶ
1836 1863 1901 1916 ἐκ
1952 1860 2178 1933 πρώτης

584 1949 734 2016 αὐτῷ
786 1946 1273 2018 συγκληρωθεῖσαν
1328 1946 1564 2017 ἡμέρας.
1632 1944 1805 1999 Τοῦτο
1854 1940 1947 1999 οὖν
2008 1946 2105 1999 καὶ
2148 1948 2178 2000 ό

583 2033 797 2097 Παῦλος
840 2032 1017 2102 δηλῶν
1060 2032 1188 2101 περὶ
1220 2030 1314 2084 τοῦ
1340 2029 1579 2100 Χριστοῦ
1625 2046 1811 2103 φησιν,
1862 2030 1943 2082 ὅτι
1986 2030 2173 2102 ἐπειδὴ

584 2114 745 2184 φύσει
781 2114 1065 2184 ἐλεύθερος
1106 2108 1173 2182 ἦν
1206 2113 1301 2169 καὶ
1339 2112 1563 2183 γνήσιος
1598 2111 1734 2176 υἱὸς,
1767 2112 1866 2183 οὐχ
1899 2112 1974 2176 ὼς
1996 2114 2176 2185 ἁρπα-

582 2199 689 2271 γὴν
716 2197 895 2252 λαϐὼν
938 2198 1041 2267 τὴν
1082 2196 1325 2267 ἰσότητα,
1366 2195 1590 2266 ἐδέησεν
1628 2194 1799 2266 αὐτὴν
1836 2195 2172 2267 ἀποκρύψαι,

582 2281 721 2335 ἀλλά
748 2280 969 2352 θαρρῶν
1002 2277 1231 2333 ἀνέλαϐε
1254 2279 1353 2349 τὴν
1374 2278 1563 2331 δούλου
1591 2279 1829 2348 μορφήν.
1859 2279 2013 2349 ᾜδει
2042 2280 2171 2349 γὰρ,

582 2365 699 2437 ⁴ᾔδει
744 2364 956 2433 σαφῶς,
1012 2364 1095 2417 ὅτι
1128 2365 1162 2433 ή
1213 2362 1621 2430 συγκατάϐασις
1668 2362 1823 2415 οὐδὲν
1857 2362 2023 2416 αὐτοῦ
2075 2362 2174 2432 τὴν

581 2450 739 2515 δόξαν
784 2447 1087 2502 ἐλαττῶσαι
1114 2446 1430 2517 δυνήσεταιο
1485 2446 1545 2499 οὐ
1591 2447 1700 2515 γὰρ
1734 2445 2056 2509 ἐπείσακτος
2083 2442 2172 2517 ἦν,

582 2535 704 2590 οὐδὲ
735 2533 877 2593 κατά
902 2532 1159 2601 ἁρπαγὴν
1198 2530 1432 2595 δοθεῖσα,
1494 2529 1616 2582 οὐδὲ
1657 2529 1913 2597 ἀλλοτρία
1965 2532 2062 2585 καὶ
2093 2530 2170 2601 μὴ

581 2620 958 2695 προσήκουσα,
986 2615 1122 2669 ἀλλά
1144 2614 1345 2685 φυσικὴ
1375 2614 1467 2667 καὶ
1495 2613 1717 2684 γνησία.
1748 2613 1849 2667 Διά
1877 2614 2037 2667 τοῦτο
2059 2616 2172 2669 δού-

581 2701 672 2759 λου
723 2699 938 2775 μορφὴν
986 2698 1197 2761 ἐλαϐεν,
1242 2698 1401 2759 εἰδὼς
1426 2698 1613 2766 σαφῶς
1658 2698 1753 2751 καὶ
1786 2700 2171 2769 πεπεισμένος,

579 2789 666 2849 δτι
688 2788 845 2847 οὐδὲν
871 2786 1035 2843 αὐτὸν
1061 2784 1221 2838 τοῦτο
1252 2782 1612 2854 παραϐλάψαι
1656 2784 1972 2854 δυνήσεται.
2022 2785 2170 2838 Οὐκ-⁵

581 2874 677 2931 οῦν
712 2871 832 2928 οὐδὲ
899 2869 1271 2940 παρέϐλαψεν,
1319 2867 1455 2925 ἀλλὰ
1492 2868 1585 2921 καὶ
1634 2868 1692 2920 ἐν
1747 2870 1812 2939 τῇ
1858 2866 1954 2921 τοῦ
1984 2868 2173 2923 δούλου

586 2958 770 3029 μορφῇ
796 2955 897 3026 τὴν
930 2954 1098 3029 αὐτὴν
1136 2952 1317 3023 ἔμεινε
1360 2950 1525 3016 δόξαν
1563 2950 1722 3022 ἔχων.
1777 2951 1942 3023 Ὁρᾷς
1971 2953 2054 3007 ὅτι
2082 2956 2175 3008 καὶ

582 3038 717 3099 αὐτὸ
742 3038 802 3091 τὸ
849 3028 1029 3109 σάρκα
1059 3028 1349 3091 ἀναλαϐεῖν
1393 3034 1619 3105 σημεῖόν
1644 3035 1762 3088 ἐστι
1797 3034 1902 3088 τοῦ·
1926 3035 2017 3090 τὸν
2045 3037 2175 3092 Υίὸν

584 3125 701 3189 (70v
725 3116 864 3179 εἶναι
893 3120 973 3190 τῷ
999 3118 1370 3190 γεγεννηκότι,
1406 3119 1503 3170 καὶ
1537 3116 1630 3171 τοῦ
1660 3117 1758 3190 τὴν
1792 3118 2014 3192 ἰσότητα
2043 3120 2176 3174 ταύ-

579 3222 683 3277 την
702 3205 804 3259 οὐκ
829 3204 1151 3263 ἐπείσακτον
1174 3199 1334 3267 εἶναι,
1361 3202 1482 3255 οὐδὲ
1510 3202 1896 3274 ἐπιγινομένην
1916 3204 2012 3259 καὶ
2039 3206 2175 3273 ἀπο-

581 3281 895 3359 γινόμένην,
926 3286 1040 3348 ἀλλ’
1064 3286 1320 3357 ἀκίνητον
1355 3284 1453 3339 καὶ
1482 3284 1730 3354 βεϐαίαν,
1766 3286 1862 3342 καὶ
1884 3288 2001 3342 οἵαν
2026 3288 2175 3352 εἰκὸς

582 3373 731 3448 [Iuv
760 3370 874 3431 υἱὸν
909 3370 1047 3441 πρὸς
1081 3370 1331 3439 πατέρας

652 3527 719 3599 ζ’.
749 3526 916 3583 Ταῦτ’
953 3520 1047 3581 οῦν
1080 3528 1294 3581 ἅπαντα
1329 3526 1466 3599 πρὸς
1492 3527 1737 3591 ἐκείνους
1766 3526 2047 3597 λέγωμεν,
2079 3530 2175 3584 καὶ

586 3611 1001 3681 σπουδάζωμεν,
1040 3610 1102 3664 τό
1133 3627 1197 3681 γε
1228 3611 1309 3674 εἰς
1334 3611 1481 3682 ἡμᾶς
1513 3605 1668 3683 ἧκον,
1704 3610 1940 3679 ἀπάγειν
1972 3612 2173 3677 αὐτοὺς

583 3694 689 3768 τῆς
730 3695 973 3766 πονηρᾶς
1006 3694 1222 3763 ἐκείνης
1274 3693 1559 3764 αἱρέσεως.
1616 3694 1712 3747 καὶ
1740 3692 1877 3764 πρὸς
1912 3693 2013 3767 τὴν
2036 3694 2173 3767 ἀλή-

582 3778 737 3857 θειαν
768 3776 1085 3845 ἐπανάγειν.
1120 3775 1227 3830 Καὶ
1264 3778 1435 3857 ἡμεῖς⁸
1466 3776 1523 3829 δέ
1562 3777 1718 3829 αὐτοὶ
1748 3778 1823 3847 μὴ
1848 3776 1947 3848 τὴν
1990 3778 2173 3831 πίστιν

586 3854 756 3934 μόνην
786 3860 977 3931 ἀρκεῖν
1020 3862 1153 3930 ήμῖν
1196 3858 1335 3925 πρὸς
1369 3854 1643 3930 σωτηρίαν
1673 3860 2005 3931 νομίζωμεν,
2036 3860 2173 3915 ἀλλά

582 3947 680 4006 καὶ
707 3945 982 4009 πολιτείας
1011 3943 1419 4016 ἐπιμελώμεθα.
1455 3945 1551 4000 καὶ
1578 3944 1691 4013 βίον
1714 3946 1935 4013 ἄριστον
1964 3946 2167 4000 ἐπιδει-

584 4028 825 4101 εὼμεθα,
866 4028 932 4085 ἶν’
957 4028 1299 4099 ἑκατέρωθεν
1341 4029 1473 4099 ¹ἡμῖν
1498 4028 1884 4100 ἀπηρτισμένα
1972 4030 2040 4084 τά
2070 4030 2172 4101 τῆς

580 4112 870 4188 ὠφελείας.
910 4112 1020 4185 Καὶ
1042 4110 1070 4164 ὃ
1110 4110 1461 4182 παρεκάλεσα
1492 4110 1704 4183 πρῴην,
1741 4110 1899 4165 τοῦτο
1931 4112 2025 4167 καὶ
2053 4112 2168 4182 νῦν,

581 4194 725 4256 ὥστε
761 4194 1128 4271 κατορθῶσαι,
1175 4192 1515 4266 παρακαλῶ⁸
1562 4196 1659 4248 καὶ
1701 4194 1801 4258 τὰς
1841 4196 1977 4267 πρὸς
2008 4196 2172 4268 ἀλλή-

580 4278 708 4345 λους
733 4278 936 4350 εχθρας
964 4276 1383 4350 καταλύσωμεν,
1434 4277 1529 4333 καὶ
1567 4279 1694 4348 μιᾶς
1735 4278 1946 4350 ήμέρας
1977 4281 2171 4351 μηδεὶς

578 4363 745 4418 πλέον
770 4358 912 4421 ἔστω
940 4361 1035 4417 τοῦ
1062 4361 1290 4432 πλησίον
1322 4362 1535 4434 ἐχθρὸς,
1557 4362 1692 4415 ἀλλά
1722 4364 1829 4433 πρὸ
1857 4364 1952 4434 τῆς
1976 4367 2170 4431 νυκτὸς

578 4444 899 4505 καταλυέτω
929 4446 1031 4519 τὴν
1075 4445 1267 4517 ὀργὴν,
1310 4446 1402 4499 ἵνα
1437 4445 1512 4517 μὴ
1559 4445 1681 4499 καθ’
1712 4446 1905 4500 ἐαυτὸν
1938 4447 2167 4519 γενόμε-

567 4547 691 4607 νος,
737 4530 832 4583 καί⁵
860 4530 931 4584 τά
961 4531 1307 4601 γεγενημένα
1349 4530 1444 4584 καὶ
1469 4530 1539 4583 τά
1581 4530 1849 4603 εἰρημένα
1879 4532 2030 4604 παρά
2066 4533 2168 4603 τῆς

578 4612 780 4683 ἔχθρας
820 4612 1098 4683 συλλέγων
1136 4612 1276 4684 μετά
1332 4611 1639 4685 ἀκριϐείας,
1680 4613 2059 4687 χαλεπώτερον
2106 4616 2168 4669 τὸ

576 4695 733 4761 τέλος
756 4696 1083 4767 ἐργάσηται,
1110 4697 1205 4751 καὶ
1236 4695 1645 4767 δυσκολωτέραν
1675 4698 1874 4769 ποιήσῃ
1902 4698 2002 4769 τὴν
2030 4716 2165 4754 κατ-

578 4779 841 4852 αλλαγήν.
894 4780 1162 4853 Καθάπερ
1186 4780 1295 4850 γάρ
1327 4781 1396 4833 τὰ
1434 4779 1529 4835 τοῦ
1561 4780 1812 4851 σώματος
1852 4782 2009 4854 ήμῶν
2033 4784 2169 4838 ὀστᾶ

578 4863 1005 4934 ἐξολισθήσαντα
1028 4864 1130 4934 τῆς
1155 4864 1362 4926 οἰκείας
1396 4863 1577 4935 ἔδρας,
1609 4862 1674 4917 ἂν
1707 4864 1807 4934 μὲν
1838 4864 2043 4929 εὐθέως
2068 4867 2167 4920 ἐπ-

579 4948 874 5018 ανάγηται,
898 4947 960 5000 οὐ
996 4947 1134 5017 μετά
1157 4946 1351 5000 πολλοῦ
1375 4947 1537 4999 πόνου
1566 4947 1665 5018 τὴν
1688 4948 1891 5000 οἰκείαν
1916 4948 2166 5017 ἀπολαμ-

579 5029 733 5083 ϐάνει
762 5029 945 5104 χώραν
965 5047 979 5061 ⁸
1009 5030 1075 5084 ἂν
1100 5031 1156 5105 δὲ
1184 5031 1349 5083 πολὺν
1373 5029 1477 5094 ἔξω
1503 5030 1603 5101 τῆς
1632 5030 1836 5092 οἰκείας
1863 5031 2023 5105 ἕδρας
2052 5033 2166 5101 μεί-

577 5130 644 5183 νῃ
674 5103 885 5185 χρόνον,
932 5103 1206 5192 δυσκόλως
1229 5114 1587 5187 ἐπανέρχεται
1605 5113 1764 5166 πάλιν
1789 5114 1881 5168 καί¹
1908 5103 2043 5187 πρὸς
2064 5116 2163 5187 τὴν

577 5197 786 5253 οἰκείαν
816 5198 1065 5252 ἐπάνεισι
1100 5196 1303 5268 χώραν,
1336 5200 1429 5252 καὶ
1461 5198 1833 5269 ἐπαναχθέντα
1861 5199 1920 5251 δὲ
1954 5198 2162 5253 πολλῶν

576 5278 749 5333 δεῖται
769 5280 878 5334 τῶν
900 5282 1143 5351 ήμερῶν,
1173 5282 1314 5335 ὥστε
1337 5282 1682 5353 ἁρμοσθῆναι
1714 5283 1850 5353 μετὰ
1876 5283 2163 5353 ἀκριϐείας

578 5364 676 5415 καὶ
706 5363 1033 5435 ἑδρασθῆναι
1069 5368 1164 5419 καὶ
1199 5367 1420 5436 μεῖναι·
1463 5365 1606 5421 οὕτω
1648 5366 1713 5438 δὴ
1742 5366 1838 5421 καὶ
1874 5368 2055 5439 ἡμεῖς,
2093 5368 2160 5422 ἂν

579 5446 682 5511 μὲν
710 5446 910 5511 εὐθέως
950 5450 1061 5508 τοῖς
1094 5450 1307 5521 ἐχθροῖς
1355 5450 1803 5519 καταλλαγῶμεν,
1834 5451 2067 5516 εὐθέτως
2099 5470 2159 5506 τε

574 5530 735 5584 τοῦτο
779 5531 1061 5603 ποιοῦμεν,
1115 5535 1211 5588 καὶ
1257 5534 1318 5586 οὐ
1376 5534 1576 5605 πολλῆς
1620 5534 1853 5604 δεόμεθα
1898 5536 2156 5607 σπουδῆς,

575 5612 719 5668 ὥστε
752 5616 832 5679 εἰς
860 5616 957 5687 τὴν
988 5618 1219 5688 ἀρχαίαν
1247 5616 1430 5687 φιλίαν
1463 5617 1809 5672 ἐπανελθεῖνο
1851 5618 1947 5671 ὲάν
1979 5619 2035 5672 δὲ
2062 5638 2161 5673 πο-

575 5699 673 5761 λὺς
700 5700 904 5768 μεταξὺ
930 5702 1154 5774 γένηται
1193 5704 1404 5773 χρόνος,
1433 5702 1622 5775 ῶσπερ
1642 5702 2014 5773 τυφλωθέντες
2048 5704 2157 5758 ἀπὸ

576 5778 665 5852 τῆς
694 5781 1293 5860 ἐχθρας,ἐρυθριῶμεν,
1320 5788 1702 5860 αἰσχυνόμεθα,
1737 5788 1935 5860 ἐτέρων
1965 5789 2153 5858 δεόμε-

1248 344 1306 399 S.
1344 344 1630 403 JOANNIS
1661 346 2158 403 CHRYSOSTOHI
2196 346 2514 410 ARCHIEP.
2560 354 3110 417 CONSTANTINOP.

3747 362 3859 419 794

2287 466 2375 529 θα,
2424 470 2640 551 οὐτῶν
2690 476 3033 544 συναγόντων
3083 475 3137 529 δὲ
3194 476 3377 547 μόνον,
3419 476 3572 552 [5'59]
3602 479 3743 535 ἀλλά
3774 482 3873 534 καὶ

2280 560 2389 615 τῶν
2420 564 2559 634 μετά
2582 566 2683 639 τὴν
2713 563 2973 622 ἐπάνοδον
2996 568 3334 638 κατεχόντων
3362 570 3511 640 ἡμᾶς
3535 569 3677 641 μετά
3703 573 3872 643 ἀκρι-

2281 653 2452 719 ϐείας,
2484 655 2590 722 ἕως
2613 658 2679 713 ἂν
2706 659 2804 732 τὴν
2830 660 3105 732 προτέραν
3137 661 3497 733 ἀναλάϐωμεν
3531 664 3872 735 παρρησίαν.

2279 746 2388 799 Καὶ
2414 746 2566 802 οὐπω
2595 749 2741 819 λέγω
2776 752 2870 805 τὸν
2908 752 3121 821 γέλωτα
3162 755 3257 808 καὶ
3283 754 3383 825 τὴν
3412 755 3698 826 αἰσχύνην.
3758 755 3876 810 Πό-

2281 856 2380 911 σης
2407 840 2515 914 7&9
2559 844 2957 913 καταγνώσεως
2996 846 3145 909 ἄξιον
3174 846 3273 899 οὐκ
3296 847 3363 900 ἂν
3392 846 3501 916 εἴη,
3531 848 3733 921 ἐτέρων
3760 850 3874 903 δετ-

2280 932 2404 986 σθαι
2428 934 2533 988 τῶν
2565 935 2909 1005 συναγόντων
2948 936 3097 1007 ἡμᾶς
3131 938 3268 1007 πρὸς
3294 938 3361 991 τὰ
3393 939 3640 1011 ἡμέτερα
3688 941 3824 1012 μέλη
3851 957 3869 1005 ς

2279 1026 2351 1079 Οὐ
2379 1027 2537 1080 τοῦτο
2569 1026 2626 1080 δὲ
2663 1028 2821 1098 μόνον
2844 1029 3055 1097 γίνεται
3094 1030 3155 1083 τὸ
3186 1032 3359 1084 δεινὸν
3395 1034 3461 1101 τῇ
3488 1031 3745 1103 μελλήσει
3771 1034 3873 1087 καὶ

2278 1112 2342 1180 τῇ
2370 1110 2627 1183 ἀναϐολῇ,
2681 1110 2797 1165 ἀλλ’
2842 1114 2924 1165 ὅτι
2956 1112 3051 1165 καὶ
3080 1113 3148 1167 τά
3186 1114 3287 1166 οὐκ
3314 1113 3440 1167 ὅντα
3466 1115 3870 1187 ἁμαρτήματα,

2279 1203 2651 1275 ἁμαρτήματα
2674 1200 2811 1259 εἶναι
2839 1206 2987 1259 δοκεῖ
3014 1206 3200 1259 λοιπόν
3221 1225 3235 1240 ο
3286 1207 3391 1260 κᾶν
3416 1207 3598 1262 ὁτιοῦν
3622 1211 3651 1262 ό
3674 1209 3872 1280 ἐχθρὸς

2278 1295 2598 1367 φθέγξηται,
2623 1299 2803 1352 πάντα
2836 1298 2955 1368 μεθ’
3004 1298 3239 1368 ὑποψίας
3268 1299 3559 1370 δεχόμεθα,
3610 1302 3706 1354 καὶ
3736 1303 3871 1372 σχή-

2280 1408 2447 1461 ματα,
2462 1391 2557 1444 καὶ
2579 1390 2891 1462 βλέμματα,
2916 1391 3011 1445 καὶ
3033 1392 3239 1464 φωνὴν,
3256 1393 3350 1446 καὶ
3372 1391 3584 1462 βάδισιν
3605 1409 3621 1423 ·
3645 1391 3872 1466 καὶγὰρ

2275 1484 2552 1553 ὁρώμενος
2587 1483 2884 1552 ἀναφλέγει
2921 1485 3021 1554 τὴν
3065 1484 3486 1557 πεπωρωμένην
3530 1484 3731 1556 ψυχὴν,
3767 1486 3869 1540 καὶ

2275 1575 2373 1645 οὐχ
2402 1574 2679 1647 ὁρώμενος
2706 1576 2910 1646 ὁμοίως
2937 1576 3102 1629 πάλιν
3132 1576 3313 1629 λυπεῖ.
3361 1577 3436 1630 Οὐ
3477 1577 3585 1647 7&9
3611 1577 3675 1649 δὴ
3705 1577 3869 1648 μόνον

2274 1669 2309 1738 ή
2341 1667 2465 1738 δψις
2512 1667 2620 1721 τῶν
2670 1668 3035 1739 ἠδικηκότων,
3066 1667 3204 1723 ἀλλά
3254 1669 3349 1723 καὶ¹
3403 1670 3437 1741 ἡ
3471 1670 3657 1741 μνήμη
3685 1669 3869 1740 διηνε-

2276 1762 2390 1826 κῶς
2420 1762 2570 1832 ήμᾶς
2612 1761 2805 1835 ὀδυνᾷν
2850 1761 3031 1827 εῖωθε,
3082 1762 3184 1816 κᾶν
3222 1764 3412 1832 ἐτέρου
3443 1781 3497 1816 τι
3526 1764 3657 1834 περὶ
3698 1761 3871 1817 αὐτοῦ

2276 1854 2528 1922 λέγοντος
2555 1853 2899 1925 ἀκούσωμεν,
2931 1854 3135 1925 ὁμοίως
3180 1855 3529 1927 φθεγγόμεθα
3562 1854 3745 1921 πάλιν,
3769 1853 3872 1908 καὶ

2278 1946 2455 2000 πάντα
2512 1945 2701 2008 ἀπλῶς
2744 1945 2838 1999 τὸν
2891 1945 3006 2017 βίον
3049 1949 3107 2001 ἐν
3152 1947 3363 2020 ἀθυμίᾳ
3416 1948 3511 2003 καὶ
3566 1947 3727 2020 ὀδύνῃ
3786 1946 3872 2000 δι-

2276 2040 2504 2109 άγομεν,
2544 2038 2767 2109 μείζονα
2805 2040 3020 2103 ἑαυτοῖς
3059 2040 3093 2111 ἢ
3128 2041 3360 2105 ἐκείνοις
3403 2039 3763 2111 ἐργαζόμενοι
3798 2040 3872 2092 τά

2277 2133 2458 2197 κακά,
2521 2133 2614 2186 καὶ
2650 2131 2876 2202 διηνεκῆ
2926 2132 3167 2204 πόλεμον
3222 2133 3587 2203 φυλάττοντες
3634 2131 3729 2186 ἐπὶ
3766 2129 3871 2201 τῆς

2278 2223 2481 2296 ψυχῆς·

2347 2358 2514 2412 Ταῦτ’
2541 2353 2636 2413 οὖν
2670 2358 2886 2413 ἅπαντα
2908 2357 3133 2422 εἰδότες,
3176 2358 3473 2431 ἀγαπητοὶ,
3511 2359 3745 2428 μάλιστα
3769 2358 3871 2429 μὲν

2280 2449 2670 2522 σπουδάζωμεν
2702 2451 2840 2523 πρὸς
2876 2451 3080 2524 μηδένα
3115 2450 3374 2522 ἀπεχθῶς
3402 2449 3547 2521 ἔχειν
3567 2466 3582 2481 ⁸
3604 2451 3653 2503 εἰ
3682 2451 3741 2504 δὲ
3773 2452 3873 2505 καὶ

2278 2545 2505 2615 γένηταί
2550 2562 2634 2609 τις
2662 2544 2953 2616 ἀπέχθεια,
3004 2546 3065 2598 ἐν
3096 2544 3237 2618 αὐτῇ
3267 2543 3769 2616 καταλλαττώμεθα
3798 2546 3871 2615 τῇ

2276 2638 2481 2709 ἡμέρᾳ.
2517 2638 2615 2692 Ἂν
2657 2637 2767 2709 γὰρ
2816 2637 3146 2708 ἐπιλάϐηται
3178 2636 3440 2706 δευτέρας
3493 2637 3589 2690 καὶ
3635 2636 3871 2707 τρίτης,

2275 2732 2487 2801 γίνεται
2517 2730 2729 2801 ταχέως
2754 2732 2788 2800 ή
2819 2730 2981 2799 τρίτη
3008 2730 3273 2802 τετάρτη,
3326 2728 3555 2800 κάκείνη
3605 2728 3870 2800 πέμπτη,

2277 2824 2375 2879 καὶ
2405 2824 2543 2897 αὐτὴ
2570 2822 2754 2894 πολλῷ
2780 2822 3005 2886 πλείους
3047 2822 3268 2888 τέξεται
3297 2823 3463 2878 πάλιν
3494 2824 3711 2894 ἡμέρας
3759 2823 3866 2876 ἀπ’

2276 2917 2492 2988 εχθείας
2510 2919 2663 2988 ἡμῖν’
2690 2916 2801 2985 ὅσῳ
2824 2914 2935 2988 γὰρ
2952 2915 3384 2986 ἀναϐαλλόμεθα,
3397 2914 3636 2986 τοσούτῳ
3668 2916 3872 2985 μᾶλλον

2276 3009 2641 3082 ἐρυθριῶμεν.
2681 3006 2822 3061 Ἀλλ’
2855 2992 3088 3079 αἰσχύνη
3113 3007 3435 3079 προσελθεῖν
3454 3047 3469 3072 ,
3507 3009 3605 3073 καὶ
3633 3025 3872 3078 καταφι-

2275 3100 2438 3173 λῆσαι
2465 3100 2558 3155 τὸν
2585 3098 2886 3173 ἠδικηκότα
2910 3114 2925 3164 ;

2347 3285 2521 3341 Τοῦτο
2563 3284 2664 3355 μὲν
2718 3277 2815 3337 οὖν
2866 3282 3109 3346 ἔπαινος,
3164 3282 3325 3337 τοῦτο
3374 3282 3659 3353 στέφανος,
3707 3284 3868 3339 τοῦτο

2275 3377 2575 3448 ἐγκώμιον,
2604 3375 2763 3429 τοῦτο
2816 3375 3012 3447 κέρδος
3060 3376 3157 3429 καὶ
3206 3374 3485 3447 θησαυρὸς
3526 3377 3697 3448 μυρία
3725 3378 3867 3449 ἔχων

2274 3473 2457 3544 ἀγαθά
2474 3490 2487 3503 ⁸
2518 3472 2615 3528 καὶ
2634 3470 2797 3534 αὐτός
2820 3488 2880 3524 σε
2908 3470 2938 3523 ό
2962 3468 3157 3541 ἐχθρὸς
3175 3468 3518 3536 ἀποδέξεται,
3536 3470 3630 3522 καὶ
3650 3471 3701 3523 οἰ
3724 3488 3865 3542 παρ-

2274 3570 2427 3631 όντες
2453 3566 2693 3628 ἀπαντες
2716 3562 3119 3628 ἐπαινέσονται,
3156 3562 3257 3615 κᾶν
3298 3560 3661 3631 ἄνθρωποι,δέ
3695 3564 3865 3630 em-

2273 3661 2523 3720 λέσωσιν,
2552 3656 2582 3709 ό
2609 3655 2744 3719 Θεὸς
2770 3651 3109 3724 στεφανώσει
3135 3653 3375 3716 πάντως.
3416 3655 3515 3707 “Av
3552 3654 3611 3707 δέ
3654 3654 3864 3708 ἐκεῖνον

2276 3754 2543 3827 πρότερον
2587 3748 2889 3820 ἀναμείνῃς
2912 3745 3087 3799 ἐλθεῖν
3112 3745 3207 3799 καὶ
3236 3744 3569 3817 συγγνώμην
3603 3746 3859 3817 αἰτῆσαι,

2272 3849 2334 3901 οὐ
2364 3844 2617 3900 τοσοῦτον
2660 3842 2803 3906 ἐξεις
2836 3839 2898 3893 τὸ
2927 3837 3120 3910 κέρδος
3143 3853 3159 3868 ⁸
3194 3839 3402 3901 ἐκεῖνος
3434 3837 3542 3909 γάρ
3574 3838 3861 3911 προλαϐὼν

2274 3941 2337 3995 τὸ
2368 3937 2621 4011 βραϐεῖον
2662 3934 2906 4006 ήρπασε,
2956 3928 3051 3983 καὶ
3104 3928 3204 4001 τὴν
3252 3928 3509 3999 εὐλογίαν
3545 3932 3627 3994 είς
3667 3933 3859 3986 ἐαυτὸν

2277 4033 2612 4107 μετέστησεν
2653 4028 2904 4082 ἀπασανυ
2958 4024 3026 4079 ἂν
3056 4022 3114 4076 δὲ
3146 4022 3310 4086 αὐτὸς
3364 4022 3711 4097 προδράμῃς,
3760 4026 3860 4078 οὐκ

2270 4124 2608 4199 ὴλαττώθης,
2636 4120 2752 4175 ἀλλ’
2780 4118 3039 4187 ἐνίκησας
3072 4116 3162 4169 τὸν
3192 4114 3383 4186 θυμὸν,
3412 4115 3734 4187 περιεγένου
3762 4116 3858 4171 τοῦ

2271 4219 2501 4283 πάθους,
2537 4213 2857 4286 φιλοσοφίαν
2905 4207 3159 4273 ἐπιδείξω
3193 4208 3396 4279 πολλὴν
3428 4208 3749 4274 ὑπακούσας
3779 4210 3858 4283 τῷ

2270 4311 2410 4383 Θεῷ,
2435 4292 2808 4377 ποθεινότερον
2838 4304 2931 4358 τὸν
2970 4303 3107 4374 μετά
3135 4302 3307 4357 ταῦτα
3337 4302 3681 4374 κατέστησας
3721 4304 3857 4374 βίον,

2274 4402 2614 4477 πραγμάτων
2648 4398 2971 4471 ἀπηλλάγης
3023 4397 3118 4450 καὶ⁸
3142 4396 3412 4467 ταραχῆς.
3449 4397 3525 4450 Οὐ
3553 4398 3709 4468 παρά
3736 4398 3859 4471 Θεῷ

2269 4496 2327 4550 δὲ
2378 4496 2561 4568 μόνον,
2592 4493 2729 4548 ἀλλὰ
2778 4492 2875 4547 καὶ
2924 4490 3068 4544 κατά
3109 4490 3399 4559 ἄνθρωπον
3446 4489 3715 4563 σφαλερὸν
3760 4496 3858 4549 καὶ

2270 4588 2608 4643 ἐπικίνδυνον
2652 4584 2881 4657 ἐχθροὺς
2928 4583 3074 4654 ἔχειν
3120 4581 3373 4643 πολλούς.
3428 4583 3540 4636 Καὶ
3600 4585 3656 4637 τί
3710 4587 3858 4657 λέγω

2270 4680 2537 4751 πολλούςς
2580 4680 2677 4733 ἐνα
2719 4679 2813 4732 καὶ
2846 4677 3008 4748 μόνον
3052 4674 3198 4745 ἐχειν
3249 4675 3443 4746 ἐχθρὸν
3474 4677 3855 4746 ἐπικίνδυνον,

2269 4772 2459 4844 ῶσπερ
2489 4770 2583 4828 οὖν
2605 4770 2849 4841 ἀσφαλὲς
2875 4752 2971 4824 καὶ
2998 4769 3269 4839 σωτήριον
3305 4767 3366 4821 τὸ
3399 4768 3611 4833 πάντας
3650 4774 3857 4844 κεκτῆ-

2270 4869 2397 4922 σθαι
2442 4867 2656 4938 φίλους.
2703 4865 2816 4935 Οὐχ
2871 4862 3017 4917 οὕτω
3063 4861 3365 4934 χρημάτων
3412 4862 3707 4934 πρόσοδος,
3755 4867 3857 4937 οὐχ

2265 4961 2442 5026 οὕτως
2471 4960 2613 5033 ὅπλα
2638 4958 2731 5013 καὶ
2760 4956 2916 5027 τείχη
2946 4954 3043 5010 καὶ
3092 4955 3287 5025 τάφροι
3343 4956 3439 5008 καὶ
3484 4956 3655 5025 μυρία
3690 4958 3856 5029 ἔτερα

2270 5054 2639 5127 μηχανήματα
2662 5052 2809 5123 ήμᾶς
2853 5046 3249 5117 ἀσφαλίζεσθαι
3293 5047 3556 5116 πέφυκεν,
3593 5048 3670 5115 ὡς
3700 5050 3859 5119 φιλία

2269 5146 2489 5217 γνησία.
2518 5144 2690 5198 Τοῦτο
2711 5146 2909 5214 τεῖχος,
2936 5140 3094 5195 τοῦτο
3118 5141 3409 5211 ἀσφάλεια,
3432 5140 3593 5195 τοῦτο
3631 5160 3858 5217 περιου-

2266 5238 2376 5302 σία,
2406 5236 2565 5290 τοῦτο
2593 5236 2793 5309 τρυφὴ,
2836 5235 2996 5291 τοῦτο
3027 5233 3124 5288 καὶ
3154 5235 3247 5288 τὸν
3278 5236 3520 5306 παρόντα
3546 5234 3663 5305 βίον
3703 5239 3857 5309 ἡμᾶς

2268 5331 2384 5401 μετ’
2431 5329 2700 5399 εὐθυμίας
2754 5326 3168 5401 παρασκευάσει
3220 5326 3538 5396 διαγαγεῖν,
3595 5330 3687 5383 καὶ
3749 5332 3856 5404 τὴν

2268 5422 2567 5492 μέλλουσαν
2592 5426 2862 5494 χαριεῖται
2895 5421 3061 5493 ζωήν.
3106 5421 3294 5491 Ἀπερ
3322 5416 3415 5474 οὖν
3446 5420 3664 5476 ἅπαντα
3703 5424 3856 5480 ἐννο-

2263 5513 2470 5579 οῦντες,
2503 5516 2597 5568 καὶ
2621 5516 2680 5568 τὸ
2707 5516 2897 5587 κέρδος
2929 5517 3053 5569 ὅσον
3086 5515 3195 5569 ἀπὸ
3218 5513 3313 5567 τοῦ
3337 5516 3662 5587 πράγματος
3700 5521 3853 5591 λογι-

2264 5606 2521 5677 ζὸμενοιτ
2537 5609 2712 5663 πάντα
2750 5609 2996 5681 ποιῶμεν
3024 5610 3120 5664 καὶ
3149 5612 3672 5685 κατασκευάζωμεν,
3706 5616 3853 5673 ὥστε

2266 5700 2359 5753 καὶ
2383 5701 2509 5763 τοὺς
2537 5701 2697 5764 ὄντας
2724 5702 2954 5773 ἐχθροὺς
2976 5704 3110 5773 ἡμῖν
3136 5702 3511 5759 καταλλάττειν
3533 5748 3547 5770 ,
3594 5704 3685 5757 καὶ
3730 5705 3859 5768 τοὺς

2274 5793 2570 5864 μέλλοντας
2618 5794 2863 5863 γίνεσθαι
2914 5801 3175 5870 κωλύειν,
3234 5804 3467 5859 καὶτῶν
3520 5806 3691 5879 φίλων
3730 5809 3859 5874 τοὺς
