4174 6336
234 375 348 430 793

239 487 498 556 possidet,
526 484 667 557 quod
691 483 889 541 auferri
921 499 1024 539 non
1049 489 1246 554 potest,
1277 481 1405 536 licet
1431 472 1561 534 illud
1577 474 1829 541 occultel,

237 579 463 640 uriuime
490 578 663 634 timet.

319 670 610 725 Simililudo
638 684 670 723 α
695 683 836 723 mo
862 675 908 721 et
932 667 1039 736 filio
1072 665 1244 719 ducta.
1265 691 1339 704 —
1367 649 1526 716 Verbi
1554 660 1743 732 gratia,
1773 667 1834 714 ut

236 761 503 833 exemplis
537 760 680 832 quod
703 760 823 815 dico
851 757 1192 814 manifestum
1215 754 1426 818 evadat,
1454 753 1523 807 sit
1545 751 1827 822 quiSpiam,

234 853 482 923 ejusdem
511 865 651 908 unus
685 863 894 913 servos,
925 848 1064 903 alter
1091 845 1252 901 ﬁlius.
1278 844 1334 902 Si
1361 860 1490 915 ergo
1516 857 1702 898 servus
1730 841 1830 895 mi-

235 945 390 999 nime
434 942 839 1000 convenientem
886 940 986 1011 ipsi
1035 938 1334 994 libertatem
1381 938 1519 1006 elata
1563 951 1694 991 voce
1729 936 1832 990 sibi

239 1035 498 1100 vindicet,
539 1049 606 1088 ac
631 1033 850 1088 domino
896 1047 958 1087 se
998 1039 1252 1101 apponat,
1284 1028 1474 1084 adduci
1506 1043 1610 1083 non
1657 1034 1834 1097 potest

236 1136 301 1182 ut
327 1125 518 1182 servile
545 1123 832 1196 quidquam
866 1130 1009 1193 agat,
1039 1135 1214 1196 neque
1243 1119 1525 1190 praeceptis
1552 1118 1830 1186 obtempe-

235 1228 347 1288 rat,
377 1219 575 1276 veritus
603 1233 672 1274 ne
711 1217 818 1273 hoc
863 1216 1037 1286 ipsum
1083 1211 1286 1274 ofﬁciat
1312 1211 1567 1277 libertati,
1599 1220 1655 1266 et
1696 1210 1846 1265 obe-'

231 1311 400 1367 diens
426 1319 696 1381 praecepto
716 1307 819 1365 sibi
861 1306 1193 1362 obstaculum
1223 1303 1440 1374 objiciat
1473 1321 1487 1358 :
1513 1302 1711 1373 quippe
1739 1301 1830 1370 qui

237 1402 502 1457 honorem
527 1400 832 1470 arripuerit,
856 1413 921 1454 ac
946 1407 1142 1468 praeter
1167 1395 1476 1466 dignitatem
1523 1391 1790 1462 possideat
1815 1410 1828 1446 :

237 1493 387 1548 ﬁlius
412 1502 589 1548 autem
631 1491 827 1547 servile
871 1489 1098 1561 quodvis
1143 1503 1279 1558 Opus
1307 1486 1567 1557 perﬁcere
1610 1484 1831 1539 minime

233 1581 528 1650 recusabit,
557 1595 680 1637 cum
708 1581 863 1645 sciat,
904 1579 1113 1633 tametsi
1142 1585 1332 1632 cuncta
1361 1590 1642 1632 servorum
1673 1575 1832 1629 obeat

233 1672 556 1740 ministeria,
608 1670 740 1726 nihil
787 1671 874 1725 illa
919 1684 1072 1724 suam
1117 1668 1415 1722 libertatem
1469 1665 1683 1730 laesura,
1731 1663 1827 1718 sed

231 1764 514 1820 immotam
564 1762 710 1816 illam
758 1773 1185 1832 permansuram,
1235 1772 1358 1812 cum
1405 1770 1569 1825 opera
1615 1754 1827 1810 servilia

231 1854 469 1910 nativam
487 1853 562 1908 illi
577 1866 684 1908 non
705 1851 909 1923 possint
927 1849 1257 1905 nobilitatem
1277 1844 1524 1903 auferre:
1546 1845 1688 1916 quod
1709 1860 1827 1901 eam

232 1961 345 2001 non
391 1946 574 2016 rapina
624 1953 827 2016 partam
870 1951 928 1998 ut
955 1953 1143 1998 servus
1187 1939 1398 2006 habeat,
1445 1937 1543 1995 sed
1586 1953 1618 1994 a
1661 1937 1829 1994 multo

235 2047 483 2109 tempore
509 2047 670 2108 atque
707 2036 774 2091 ab
798 2036 914 2105 ipso
957 2034 1131 2104 minio
1155 2033 1242 2088 die
1285 2028 1573 2086 nativitatis
1599 2030 1829 2100 acquisi-

231 2141 367 2187 tam.
398 2128 511 2185 iloc
539 2121 779 2199 igitur'et
805 2126 998 2182 Paulus
1027 2125 1266 2181 indicans
1292 2123 1359 2177 dc
1388 2121 1602 2179 Christo
1627 2121 1823 2192 inquit:

228 2219 664 2291 quandoquidem
707 2228 896 2273 natura
939 2217 1094 2283 liber,
1123 2224 1178 2272 et
1203 2217 1467 2287 genuinus
1511 2214 1651 2270 ﬁlius
1676 2222 1824 2280 erat,

228 2325 342 2365 non
367 2310 517 2380 quasi
545 2309 785 2379 rapinam
806 2309 1163 2379 aequalitatem
1185 2306 1285 2362 sibi
1306 2313 1631 2378 arrogasset,
1655 2305 1823 2374 ipsam

225 2401 417 2458 debuit
460 2401 749 2467 occultare,
775 2399 872 2454 sed
913 2399 1141 2454 formam
1187 2397 1328 2454 servi
1358 2396 1689 2452 conﬁdenter
1733 2410 1824 2451 as-

226 2495 479 2565 sumpsit.
500 2493 738 2550 Noverat
759 2491 926 2559 enim,
957 2491 1121 2562 probe
1149 2500 1390 2557 noverat,
1407 2489 1823 2546 condescensioc

226 2599 354 2641 mm
382 2583 609 2654 gloriam
658 2584 936 2653 ipsi'suam
979 2582 1297 2636 imminuere
1341 2596 1446 2635 non
1476 2594 1671 2649 posse:
1701 2595 1822 2634 cum

225 2675 456 2731 ascititia
485 2689 593 2730 non
619 2682 790 2738 esset,
823 2687 996 2744 neque
1024 2686 1122 2743 per
1163 2673 1405 2741 rapinam
1448 2670 1691 2742 quiesita,
1723 2685 1824 2726 nec

224 2766 406 2822 aliena
428 2775 484 2822 et
510 2781 620 2820 non
647 2765 880 2836 propria,
911 2763 1006 2820 sed
1035 2763 1294 2819 naturalis
1317 2777 1382 2818 ac
1405 2761 1663 2832 legitima.
1691 2762 1824 2818 Pro-

225 2868 414 2928 pterea
453 2858 594 2914 servi
639 2855 868 2912 fortnam
911 2855 1218 2924 assumpsit,
1253 2869 1375 2909 cum
1404 2853 1569 2924 probe
1615 2854 1818 2920 sciret,

223 2946 440 3018 sibique
485 2947 832 3018 persuaderet
876 2945 1028 3012 fore,
1079 2953 1138 2999 ut
1184 2944 1318 2999 nihil
1360 2944 1464 3000 hoc
1512 2945 1612 3016 ipsi
1643 2955 1825 3014 posset

225 3051 446 3094 nocere.
475 3036 765 3093 Enimvero
788 3035 1094 3092 nullatenus
1119 3036 1322 3103 nocuit,
1352 3035 1448 3091 sed
1475 3044 1530 3091 et
1553 3038 1607 3093 in
1651 3035 1820 3092 forma

222 3128 370 3185 servi
395 3129 640 3185 eamdem
678 3129 903 3200 gloriam
932 3128 1169 3183 retinuit.
1209 3127 1370 3183 Vides
1398 3136 1459 3182 ut
1498 3127 1614 3197 ipsa
1641 3127 1820 3182 carnis

221 3221 520 3293 assumptio
546 3222 621 3278 sit
659 3221 914 3277 indicium
945 3221 1137 3277 Filium
1181 3221 1440 3291 aequalem
1467 3235 1592 3277 esse
1632 3221 1816 3289 Patri,

219 3311 898 3384 auluehanczequalitatem
917 3327 1024 3369 non
1039 3312 1382 3370 adventitiam
1398 3327 1722 3384 esse,neque
1731 3328 1822 3368 ac-

223 3403 420 3460 cedere
442 3403 624 3460 solere
651 3418 716 3459 ac
741 3403 1014 3470 recedere,
1039 3403 1137 3460 sed
1177 3405 1452 3459 immotam
1491 3413 1548 3459 et
1571 3405 1818 3459 stabilem

221 3508 368 3563 esse,
396 3495 716 3568 qualemque
757 3495 1008 3552 convenit
1052 3493 1220 3551 ﬁlium
1267 3509 1393 3566 erga
1423 3504 1628 3566 patrem
1673 3495 1815 3550 obti-

222 3585 399 3642 nere?

294 3678 351 3733 7.
380 3676 462 3734 De
827 3677 1160 3749 deportaritis.
1187 3707 1260 3718 —
1281 3677 1410 3734 Haac
1449 3677 1609 3749 igitur
1634 3679 1816 3734 omnia

221 3768 463 3826 dicamus
481 3770 609 3839 illis,
633 3779 710 3838 et,
731 3781 987 3842 quantum
1008 3771 1223 3842 quidem
1245 3771 1297 3826 in
1321 3772 1476 3826 nobis
1503 3773 1663 3826 situm
1691 3772 1814 3840 erit,

221 3863 294 3919 ab
317 3863 406 3919 illa
427 3879 590 3935 prava
619 3863 814 3921 haeresi
841 3865 988 3935 ipsos
1006 3864 1274 3920 abducere
1300 3864 1630 3932 studeamus,
1656 3874 1817 3935 atque

219 3953 290 4009 ad
330 3955 612 4011 veritatem
655 3954 935 4011 reducere.
982 3953 1051 4010 Et
1083 3969 1214 4010 vero
1253 3969 1354 4010 nos
1400 3956 1503 4026 ipsi
1532 3954 1609 4011 ne
1645 3956 1815 4011 solam

222 4045 384 4103 ﬁdem
429 4046 585 4103 nobis
607 4047 679 4103 ad
719 4046 950 4104 salutem
998 4047 1247 4103 sufﬁcere
1273 4062 1610 4113 censeamus,
1641 4047 1736 4104 sed
1761 4057 1817 4102 et

219 4139 642 4196 conversationis
659 4155 842 4196 curam
867 4125 1136 4212 geramus,
1154 4141 1477 4212 optimarque
1491 4143 1612 4196 vitze
1636 4143 1815 4212 speci-

221 4229 585 4291 meledamus
609 4249 623 4285 :
645 4240 705 4289 ut
722 4248 787 4288 ex
810 4241 1034 4304 utraque
1055 4242 1204 4302 parte
1227 4232 1512 4303 perfectam
1535 4235 1816 4290 utilitatem

221 4323 578 4395 pereipiamus
603 4341 618 4379 :
648 4333 705 4380 et
742 4324 812 4380 ad
840 4326 982 4394 quod
1030 4341 1201 4396 nuper
1233 4326 1474 4382 hortatus
1499 4341 1639 4392 sum,
1673 4342 1817 4382 nunc

222 4432 457 4489 quoque,
486 4428 546 4474 ut
589 4419 764 4489 reipsa
792 4428 1131 4490 pmstemus,
1162 4434 1258 4473 vos
1285 4419 1488 4484 hortor,
1521 4430 1574 4475 et
1603 4428 1817 4475 mutuas

222 4509 528 4566 inimicitias
569 4508 921 4580 deponamus,
955 4526 1055 4565 nec
1102 4511 1331 4581 amplius
1374 4527 1533 4581 quam
1582 4527 1688 4566 uno
1728 4511 1817 4567 die

213 4600 498 4671 quicquam
543 4600 773 4670 proximi
830 4603 904 4656 sit
946 4600 1235 4670 inimicus,
1281 4602 1376 4658 sed
1423 4612 1550 4658 ante
1601 4611 1814 4658 noctem

221 4691 360 4749 iram
383 4690 618 4762 abjiciat,
662 4707 733 4748 ne
776 4706 901 4748 cum
950 4694 1098 4748 solus
1137 4694 1278 4763 apud
1306 4709 1366 4748 se
1407 4694 1586 4760 fuerit,
1618 4704 1674 4750 et
1696 4711 1816 4765 qum

220 4791 371 4850 gesta
409 4783 662 4854 dictaque
697 4784 939 4852 fuerint,
992 4785 1118 4841 odio
1160 4786 1491 4857 impellente,
1534 4788 1816 4859 diligenter

221 4872 523 4945 collegerit,
551 4875 914 4932 molestiorem
944 4877 1107 4938 ﬁnem
1139 4878 1356 4945 efﬁciat,
1379 4888 1433 4935 et
1459 4879 1814 4936 difﬁciliorem

222 4963 410 5020 reddat
431 4967 940 5026 reconciliationem.
965 4970 1100 5026 Nam
1139 4971 1591 5041 quemadmodum
1625 4987 1817 5044 corpo-

224 5057 298 5112 ris
324 5057 496 5113 nostri
534 5073 658 5114 ossa
701 5074 822 5116 cum
851 5077 884 5118 e
911 5077 1005 5118 sua
1050 5057 1247 5118 fuerint
1288 5063 1420 5119 sede
1457 5065 1734 5132 convulsa,
1765 5067 1815 5122 si

221 5144 504 5202 confestim
533 5151 902 5218 restituantur,
927 5167 1035 5207 non
1079 5168 1276 5224 magno
1302 5169 1424 5209 eum
1463 5155 1648 5212 labore
1690 5171 1816 5226 pro-

222 5237 395 5307 pri
435 5239 614 5295 locum
642 5251 962 5313 recuperant
989 5261 1004 5298 :
1031 5245 1116 5300 sin
1157 5255 1337 5301 autem
1367 5245 1527 5318 longo
1575 5257 1816 5319 tempore

219 5330 583 5388 extra'sedem
607 5347 762 5391 suam
803 5337 1121 5406 manserint,
1166 5337 1454 5395 difﬁculter
1496 5351 1678 5410 postea
1722 5358 1812 5398 re-

221 5427 521 5490 vertuntur,
551 5431 608 5478 et
647 5425 705 5480 in
752 5441 908 5482 suum
951 5428 1128 5485 locum
1174 5429 1421 5499 redeunt,
1463 5448 1528 5488 ac
1565 5435 1812 5491 restituta

223 5512 510 5570 multorum
525 5516 733 5573 dierum
750 5521 923 5590 spatio
938 5520 1199 5595 indigent,
1216 5532 1276 5579 ut
1293 5524 1532 5595 adaptari
1548 5538 1735 5584 exacte
1747 5543 1812 5584 ac

223 5605 447 5663 stabiliri
484 5611 692 5679 possint
717 5621 773 5671 et
797 5628 1114 5685 permanere
1145 5634 1157 5670 :
1191 5619 1270 5672 sic
1295 5617 1548 5674 nimirum
1577 5628 1634 5675 et
1675 5635 1808 5689 nos,

221 5696 490 5768 siquidem
516 5703 698 5760 statim
722 5720 846 5761 cum
890 5707 1122 5764 inimicis
1146 5711 1579 5781 reconciliemur,
1609 5713 1809 5770 decen-

224 5791 304 5839 ter
329 5786 385 5844 id
402 5792 634 5865 agimus,
666 5809 841 5870 neque
875 5813 1067 5871 magno
1098 5802 1274 5861 Studio
1311 5803 1632 5878 indigemus,
1661 5816 1719 5864 ut
1754 5808 1813 5866 in

1022 372 1111 436 ne
1145 367 1419 437 cumsn
1458 363 1818 434 ascensus,
1855 361 2130 420 comm
2169 364 2539 423 ANOMEOS.
2583 364 2650 420 x.

3426 369 3535 425 7M

1940 482 2174 532 veterem
2202 476 2488 532 amicitiam
2516 480 2846 549 gratiamque
2882 480 3163 538 redeamus
3193 502 3208 540 :
3238 485 3322 540 sin
3350 495 3531 543 autem

1938 564 2249 623 diuturnum
2291 577 2502 639 tempus
2529 570 2927 639 intercesserit,
2960 581 3230 643 tamquam
3275 577 3404 634 odio
3431 595 3524 634 es-

1937 659 2124 715 cmcati
2166 659 2553 728 erubescimus,
2601 661 3145 738 confundimurlaliis
3188 668 3488 741 indigemus
3512 713 3530 739 ,

1939 753 2028 821 qui
2056 767 2163 807 non
2207 753 2367 809 modo
2394 753 2760 823 reconcilient,
2785 756 2881 813 sed
2914 767 2971 813 et
3011 769 3290 832 postquam
3321 763 3373 818 in
3403 779 3531 835 gra-

1941 846 2067 900 tiam
2117 838 2347 902 reditum
2393 857 2496 915 est,
2545 863 2644 904 nos
2680 855 2987 908 constanter
3031 854 3314 920 retineant,
3356 855 3530 912 donec

1941 936 2172 1004 priorem
2198 937 2576 994 conﬁdentiam
2599 941 3114 1012 recuperaverimus.‘
3139 943 3284 1000 Nihil
3315 946 3438 1003 dico
3461 949 3530 1004 de

1941 1029 2228 1098 ignominia
2253 1039 2310 1085 et
2337 1029 2564 1100 pudore.
2591 1032 2785 1088 Annon
2810 1048 3152 1106 summopere
3166 1036 3529 1094 condemnan-

1937 1122 2062 1176 dum
2095 1131 2196 1187 est,
2226 1123 2272 1177 si
2321 1123 2443 1178 aliis
2465 1139 2739 1195 egeamus,
2768 1126 2858 1197 qui
2883 1143 3004 1182 cum
3030 1128 3228 1184 nostris
3272 1131 3528 1188 membris

1938 1228 2038 1269 nos
2060 1213 2351 1291 copulent?
2376 1214 2563 1286 Neque
2591 1230 2720 1272 vero
2762 1217 2934 1272 solum
2974 1217 3028 1272 id
3055 1220 3254 1275 malum
3293 1237 3360 1278 ex
3389 1238 3525 1279 eun-

1936 1305 2174 1360 ctatione
2199 1305 2286 1360 illa
2330 1313 2386 1361 ct
2410 1306 2665 1387 dilatione
2695 1311 3060 1380 consequitur,
3090 1313 3185 1367 sed
3225 1315 3366 1385 quod
3400 1332 3524 1387 pec-

1935 1406 2052 1452 cata
2096 1399 2318 1455 minime
2371 1385 2518 1466 vera,
2565 1400 2758 1457 deinde
2802 1415 3019 1472 peccata
3058 1419 3180 1462 esse
3229 1385 3522 1464 vidcantur.

1935 1489 2319 1560 Quodcumque
2363 1491 2616 1561 loquutus
2659 1491 2820 1548 fuerit
2867 1494 3136 1561 inimicus,
3178 1500 3357 1554 omnia
3404 1516 3526 1556 cum

1935 1580 2240 1649 suspicione
2265 1581 2606 1651 suscipimus,
2633 1583 2748 1639 sive
2789 1576 3020 1654 gestum,
3061 1587 3175 1642 sive
3213 1600 3483 1658 aspectum
3510 1633 3524 1655 ,

1935 1672 2048 1726 sive
2073 1687 2280 1738 vocem,
2309 1673 2422 1729 sive
2447 1674 2734 1731 incessum.
2765 1677 2900 1732 Cum
2928 1678 3070 1734 enim
3091 1680 3347 1750 cernitur,
3374 1683 3527 1738 indu-

1935 1775 2105 1819 rntam
2134 1766 2366 1821 animam
2395 1767 2709 1830 inflammat.
2741 1777 2796 1824 ct
2819 1770 2865 1824 si
2894 1786 2999 1826 non
3026 1782 3297 1839 cernatur,
3330 1777 3527 1844 pariter

1935 1872 2120 1913 rursus
2167 1857 2408 1915 dolorem
2464 1859 2649 1915 inurit.
2705 1859 2823 1916 Non
2891 1862 3034 1918 enim
3081 1852 3286 1920 tantum
3338 1881 3526 1922 eorum

1932 1961 2203 2021 aspectus,
2232 1952 2322 2023 qui
2347 1952 2616 2022 iniuriam
2656 1953 2969 2020 intulerunt,
2998 1954 3095 2011 sed
3133 1965 3190 2014 et
3226 1958 3528 2017 recordatio

1935 2044 2087 2098 nobis
2117 2045 2418 2101 molesniam
2460 2045 2654 2102 aﬁerre
2695 2049 2973 2103 consuevit
3000 2065 3014 2102 :
3042 2064 3106 2105 ac
3129 2050 3174 2106 si
3203 2052 3428 2105 alterum
3457 2052 3528 2108 de

1933 2153 1998 2190 eo
2026 2136 2334 2208 loquentem
2378 2138 2724 2204 audierimus,
2764 2141 2966 2209 pariter
3007 2141 3166 2196 verba
3197 2140 3443 2209 facimus,
3470 2153 3528 2200 et

1936 2237 2098 2282 totum
2129 2229 2287 2298 plane
2314 2230 2478 2293 vitam
2510 2231 2564 2284 in
2610 2231 2822 2286 tristitia
2865 2239 2920 2287 et
2944 2232 3132 2287 dolore
3162 2232 3485 2288 traducimus
3506 2273 3526 2302 ,

1931 2331 1995 2374 ac
2020 2320 2219 2391 majora
2250 2323 2407 2379 nobis
2436 2321 2570 2392 ipsis
2595 2322 2732 2377 mala
2756 2338 2916 2393 quam
2944 2323 3048 2380 illis
3075 2323 3374 2394 inferimus,
3395 2326 3525 2383 dum

1933 2425 2246 2483 perpetuum
2275 2415 2475 2471 bellum
2519 2416 2575 2470 in
2600 2415 2778 2471 anima
2804 2431 3204 2475 eonscrvamus.

2003 2503 2252 2576 Epilogus
2277 2507 2541 2560 orationis.
2558 2537 2630 2547 —
2648 2507 2776 2562 limo
2802 2508 2964 2579 igitur
2988 2511 3168 2567 omnia
3193 2525 3316 2565 cum
3339 2511 3526 2579 explo-

1929 2605 2043 2648 rata
2071 2595 2175 2650 sint
2205 2594 2380 2662 nobis,
2410 2595 2763 2665 dilectissimi,
2792 2600 3034 2656 maxime
3062 2600 3276 2671 quidem
3305 2601 3525 2658 studea-

1931 2702 2048 2742 mus
2074 2686 2249 2744 nullas
2291 2703 2412 2744 cum
2457 2689 2638 2760 aliquo
2668 2689 2975 2747 inimicitias
3013 2707 3304 2759 exercere;
3332 2694 3377 2748 si
3404 2709 3526 2764 qua:

1928 2793 2058 2834 vero
2082 2779 2507 2849 intercesserint,
2531 2782 2721 2840 eodem
2751 2784 2870 2855 ipso
2889 2784 2978 2840 die
3006 2785 3433 2843 reconciliemur.
3463 2787 3526 2845 Si

1925 2868 2070 2925 enim
2123 2872 2352 2928 alterum
2418 2873 2704 2930 tertiumve
2766 2874 2909 2930 diem
2979 2859 3291 2947 attigerint;
3340 2879 3522 2934 statim

1927 2962 2084 3017 tertia
2122 2964 2184 3018 ﬁt
2229 2973 2457 3035 quarta,
2504 2975 2561 3021 et
2609 2965 2700 3022 illa
2743 2967 2950 3037 quinta,
2990 2977 3156 3040 atque
3198 2969 3312 3025 iure
3355 2973 3523 3027 multo

1925 3051 2109 3122 plures
2137 3053 2332 3110 deinde
2355 3055 2472 3110 dies
2495 3057 2650 3113 nobis
2677 3058 2848 3129 pariet
2871 3058 3288 3116 inimicitiarum.
3310 3061 3522 3128 Quanto

1923 3141 2069 3196 enim
2094 3144 2325 3214 amplius
2351 3144 2670 3214 diﬁerimus,
2699 3155 2847 3203 tanto
2873 3149 3106 3218 amplius
3130 3150 3520 3211 erubescimus.

1923 3237 1994 3288 At
2014 3234 2274 3291 accedere
2303 3243 2357 3292 te
2399 3235 2584 3307 pudet,
2613 3245 2672 3294 et
2692 3233 2993 3296 deosculari
3020 3255 3147 3298 eum
3172 3242 3265 3313 qui
3297 3253 3347 3299 te
3384 3243 3520 3302 aﬁ‘e-

1921 3327 1994 3382 cit
2021 3326 2262 3397 injuria?

1992 3418 2076 3473 Ad
2110 3420 2569 3476 reconciliationem
2612 3437 2729 3477 cum
2769 3423 2987 3479 inimicis
3027 3425 3278 3482 hortatur.
3301 3457 3376 3468 —
3401 3426 3516 3485 lmo

1921 3527 2050 3567 vero
2075 3511 2180 3568 hoc
2219 3513 2337 3570 laus
2363 3523 2470 3583 est,
2517 3514 2622 3573 hoc
2647 3530 2868 3584 corona,
2914 3517 3018 3574 hoc
3062 3521 3384 3587 encomium,
3413 3521 3517 3578 hoc

1921 3604 2128 3660 lucrum
2159 3613 2216 3662 et
2239 3607 2524 3664 thesaurus
2560 3617 2643 3665 est
2666 3609 2824 3666 bonis
2852 3611 3148 3669 innumeris
3173 3615 3476 3671 cumulatus
3497 3657 3516 3684 ,

1920 3705 1976 3750 et
2026 3695 2143 3767 ipse
2191 3704 2245 3752 te
2270 3698 2668 3756 commendabit
2714 3701 2983 3770 inimicus,
2999 3714 3056 3759 et
3100 3719 3290 3762 omnes
3331 3706 3518 3762 lauda--

1921 3787 2072 3855 bunt,
2102 3787 2195 3858 qui
2235 3789 2464 3846 aderunt
2489 3808 2505 3843 :
2534 3801 2592 3847 et
2626 3807 2758 3849 vero
2800 3794 2926 3850 licet
2953 3786 3200 3852 humines
3225 3798 3518 3868 reprehen-

1920 3879 2069 3947 dant,
2102 3879 2242 3936 Deus
2269 3881 2389 3937 sine
2412 3881 2578 3939 dubio
2618 3885 2918 3942 coronabit.
2949 3887 3104 3952 Quod
3141 3887 3187 3944 si
3214 3900 3517 3961 exspectes,

1919 3979 1979 4025 ut
2003 3971 2150 4040 prior
2172 3973 2352 4028 veniat
2373 3989 2438 4030 ac
2462 3975 2673 4031 veniam
2699 3985 2866 4047 petat,
2893 3993 3000 4034 non
3027 3987 3232 4035 tantum
3249 3991 3514 4052 quaestum

1921 4062 2107 4131 facies,
2139 4064 2405 4136 siquidem
2444 4066 2536 4123 ille
2583 4070 2863 4138 prmmium
2913 4072 3201 4141 praeripiet,
3250 4081 3307 4128 et
3348 4082 3517 4130 totam

1922 4155 2350 4214 benedictionem
2391 4158 2445 4214 in
2469 4173 2530 4215 se
2560 4160 2849 4218 transferet
2879 4179 2893 4217 :
2926 4163 3011 4218 sin
3049 4172 3228 4220 autem
3258 4166 3405 4236 prior
3427 4182 3509 4222 ac

1919 4261 2126 4316 curras,
2158 4264 2265 4305 non
2288 4251 2650 4320 superaberis,
2678 4253 2774 4310 sed
2819 4254 2953 4310 iram
2977 4257 3178 4324 vinces,
3212 4259 3515 4329 passionem

1919 4337 2155 4410 subiges,
2201 4355 2454 4411 magnum
2506 4341 2861 4414 philosophia:
2902 4348 3174 4417 specimen
3211 4349 3362 4415 edes,
3393 4366 3515 4408 cum

1923 4431 2054 4487 Deo
2083 4431 2518 4503 obtemperabis,
2557 4434 2934 4505 iucundiorem
2976 4439 3196 4509 reliquae
3235 4441 3356 4496 vita:
3411 4450 3516 4498 tua;

1919 4538 2135 4580 cursum
2165 4525 2382 4594 reddes,
2413 4527 2558 4583 etab
2583 4528 2833 4585 omnibus
2857 4531 3083 4600 negotiis
3109 4547 3172 4587 ac
3199 4534 3515 4590 tumultibus

1919 4614 2253 4671 liberaberis.
2282 4617 2395 4673 Nec
2436 4617 2580 4688 apud
2619 4619 2784 4674 Deum
2810 4620 3006 4688 solum,
3036 4621 3131 4678 sed
3161 4631 3217 4678 et
3250 4625 3391 4693 apud
3419 4625 3515 4682 ho-

1920 4705 2094 4761 mines
2131 4706 2398 4763 lubricum
2436 4724 2501 4765 ac
2543 4709 2901 4780 periculosum
2945 4722 3028 4769 est
3073 4715 3272 4772 multos
3315 4716 3516 4774 habere

1920 4798 2185 4855 inimicos.
2211 4800 2351 4869 Quid
2387 4801 2508 4858 dico
2534 4804 2775 4859 multos?
2799 4803 2972 4861 Unum
3014 4822 3079 4862 ac
3123 4809 3298 4865 solum
3339 4810 3514 4867 inimi-

1918 4905 2043 4947 cum
2072 4891 2272 4950 habere
2297 4895 2657 4964 periculosum
2698 4906 2800 4965 est,
2831 4900 2971 4956 sicut
2995 4907 3164 4956 tutum
3193 4917 3257 4958 ac
3282 4903 3516 4960 salutare

1919 4982 1966 5036 si
1997 4983 2091 5039 tibi
2117 4997 2305 5041 omnes
2323 4986 2433 5042 sint
2459 4987 2642 5044 amici.
2667 4988 2789 5045 Non
2815 4989 2886 5045 ita
2913 4991 3114 5047 reditus
3141 4995 3512 5064 pecuniarum,

1923 5091 2030 5131 non
2076 5077 2151 5132 ita
2173 5093 2348 5147 arma,
2393 5082 2614 5148 moenia,
2641 5081 2818 5149 fossae,
2850 5093 3010 5154 atque
3055 5085 3351 5142 innumera:
3392 5089 3519 5145 reli-

1919 5183 2041 5236 quae
2067 5169 2332 5226 machinae
2357 5186 2460 5227 nos
2482 5173 2694 5230 munire
2715 5173 2912 5242 solent,
2941 5185 2998 5231 ut
3022 5179 3254 5235 amicitia
3279 5179 3513 5240 sincera.

1922 5258 2034 5315 Hoc
2053 5263 2531 5333 propugnaculum,
2555 5264 2659 5321 hoc
2677 5271 2954 5333 securitas,
2978 5268 3083 5324 hoe
3097 5270 3392 5340 opulentia,
3413 5273 3518 5329 hoc

1918 5352 2146 5420 deliciae,
2192 5354 2295 5411 hoc
2332 5355 2526 5411 efficiet
2543 5395 2572 5423 ,-
2605 5366 2666 5413 ut
2703 5367 2760 5414 et
2803 5359 2966 5415 vitam
3021 5373 3342 5432 praesentem
3388 5378 3519 5421 cum

1918 5443 2083 5498 animi
2127 5445 2510 5516 tranquillitate
2549 5447 2846 5520 degamus,
2894 5460 2949 5508 et
2997 5451 3229 5509 futuram
3261 5455 3515 5527 largietur

1922 5529 2110 5588 vitam.
2142 5535 2274 5602 Quae
2338 5538 2591 5594 nimirum
2636 5542 2816 5596 omnia
2867 5551 3049 5600 mente
3096 5556 3408 5616 versantes,
3461 5560 3517 5604 et

1919 5635 2174 5695 quantum
2204 5643 2273 5684 ex
2319 5643 2384 5685 ea
2425 5645 2487 5686 re
2529 5631 2735 5687 lucrum
2778 5632 3082 5705 decerpturi
3117 5638 3290 5695 simus
3334 5640 3517 5696 animo

1919 5729 2248 5789 reputantes,
2281 5721 2412 5776 nihil
2439 5738 2545 5778 non
2589 5739 2811 5796 agamus
2851 5735 3012 5799 atque
3038 5729 3343 5798 moliamur,
3376 5741 3434 5787 ut
3461 5741 3515 5788 et

1919 5828 2059 5886 quos
2083 5812 2344 5872 habemus
2369 5815 2526 5874 nobis
2553 5818 2962 5877 reconcilicmus
3003 5821 3271 5894 inimicos,
3301 5834 3356 5882 et
3380 5839 3517 5900 quos
