4174 6336
640 361 746 377 ﬁnt-

633 473 866 534 habiturl
920 492 1197 549 essemus,
1250 483 1632 558 impediamus,
1689 508 1888 564 eosque
1936 499 2026 564 qui
2079 500 2232 555 nobis

632 568 795 624 amici
845 580 970 626 sunt
1017 573 1282 633 ﬁrmiores
1345 584 1840 656 constantioresque
1896 588 2225 646 reddamus:

632 657 896 728 siquidem
944 662 1156 720 initium
1182 677 1238 722 et
1284 667 1404 723 ﬁnis
1430 673 1604 727 omnis
1632 675 1841 732 virtutis
1881 689 1965 733 est
1983 681 2179 735 caritas
2210 699 2223 735 :

627 764 731 818 qua
759 752 968 809 sincere
1006 770 1070 810 ac
1099 768 1354 829 perpetuo
1382 762 1617 822 fruentes
1645 778 1700 819 ut
1725 781 1944 840 regnum
1970 770 2224 827 caelorum

648 1009 1891 1057 MWMH

1350 373 1408 429 S.
1444 375 1724 436 JOAN'NIS
1762 383 2242 447 CHRYSOSTOMI
2279 390 2596 447 ARCHIEP.
2638 392 3172 455 CONSTANTINOP.

3829 395 3940 450 796

2339 502 2718 575 adipiscamur,
2750 508 2880 563 faxit
2903 511 3071 580 gratia
3099 521 3154 568 et
3198 513 3496 586 benignitas
3522 519 3737 576 Domini
3754 519 3943 576 nostri

2336 591 2463 648 Jesu
2489 593 2711 661 Christi,
2738 599 2821 653 cui
2849 600 3018 670 gloria
3047 611 3102 658 et
3127 603 3404 674 imperium
3435 609 3489 665 in
3523 612 3722 666 saecula
3762 629 3944 668 saecu—

2336 684 2529 740 lorum.
2563 689 2753 744 Amen.

2715 1032 3885 1066 Μ

879 1284 959 1345 IN
1003 1284 1406 1351 HOMILIAS
1431 1288 1639 1352 DUAS
1668 1287 1994 1352 CONTRA
2038 1287 2463 1354 ANOMOEOS
2501 1292 3256 1356 CONSTANTINOPOLI
3296 1293 3646 1355 HABITAS

691 1837 848 1896 Licet
874 1843 972 1897 bas
1005 1858 1197 1899 contra
1245 1847 1549 1900 Anomoeos
1592 1846 1853 1902 bomilias
1903 1845 2218 1903 Constanti-

625 1955 816 2026 nopoli
866 1955 1122 2012 habuerit
1170 1955 1624 2029 Cbrysostomus,
1684 1958 1939 2016 undecim
2000 1960 2218 2017 circiter

539 2071 543 2074 ’
625 2072 786 2126 annis
817 2083 1111 2143 postquam
1143 2072 1266 2129 illas
1296 2073 1436 2130 alias
1483 2070 1675 2131 contra
1730 2078 2033 2133 Anommos
2083 2091 2218 2132 cou-

622 2185 813 2243 ciones
842 2186 1150 2243 Antiochia
1174 2187 1504 2249 absolverat,
1534 2191 1843 2262 argumenti
1896 2201 2077 2248 tamen
2134 2206 2220 2246 ra-

626 2298 776 2355 tione
803 2297 976 2369 ducti,
997 2313 1093 2355 eas
1116 2310 1518 2371 consequenter
1538 2303 1847 2373 posuimus,
1871 2320 2033 2362 secus
2051 2321 2217 2374 quam

622 2410 830 2468 Fronto
872 2411 1126 2480 Ducaeus,
1156 2415 1249 2485 qui
1281 2415 1516 2486 primam
1551 2419 1743 2488 procul
1771 2416 1841 2473 ab
1871 2419 1992 2475 aliis
2029 2431 2219 2476 contra

621 2527 1333 2585 Anommos'concionibus
1386 2530 1648 2600 positam,
1705 2546 1832 2588 cum
1893 2533 1998 2589 hoc
2036 2542 2216 2588 tamen

622 2638 802 2706 titulo,
830 2648 1018 2693 contra
1040 2640 1314 2697 Anomaeos
1343 2640 1434 2710 VI,
1455 2643 1722 2700 ediderat.
1749 2645 2061 2703 Secundam
2089 2665 2221 2706 vero

621 2755 815 2826 paucis
846 2765 970 2824 post
1007 2756 1205 2813 diebus
1253 2757 1496 2814 habitam
1551 2775 1663 2815 non
1700 2761 1993 2820 advertens
2022 2773 2218 2820 contra

623 2868 928 2924 Anommos
981 2883 1125 2934 esse,
1162 2869 1219 2924 in
1271 2870 1525 2941 quintum
1585 2880 1794 2928 tomum
1847 2874 2215 2945 ablegaverat.

625 2973 822 3036 Habita
857 2989 1040 3037 autem
1073 2990 1158 3038 est
1186 2991 1420 3054 utraque
1447 2999 1594 3039 anno
1641 2984 1769 3039 598.
1805 2983 1964 3040 Prior
2011 2996 2094 3042 est
2125 3002 2216 3045 se-

623 3095 805 3153 cunda
870 3095 1019 3151 illius
1084 3095 1153 3151 ad
1209 3094 1882 3170 Constantinopolitanum
1949 3099 2213 3170 populum

625 3213 845 3276 concio,
877 3222 937 3269 ut
963 3213 1119 3269 initio
1153 3213 1270 3283 ipse
1313 3213 1680 3282 testificatur;
1733 3210 1924 3272 v'erum
1973 3232 2059 3282 ea,
2092 3235 2215 3291 qua

627 3328 773 3384 hanc
797 3327 1100 3399 przecessit,
1133 3327 1409 3383 interiisse
1443 3327 1678 3383 videtur.
1722 3328 1780 3384 Si
1815 3330 1951 3388 fides
1998 3333 2216 3391 duobus

624 3439 858 3496 vetustis
888 3440 1196 3507 codicibus,
1246 3441 1485 3512 priorem
1542 3442 1737 3499 habuit
1787 3426 2215 3517 Chrysostomus

625 3553 682 3608 in
706 3550 858 3608 Nova
897 3551 1164 3619 Ecclesia,
1198 3554 1256 3606 ἐν
1280 3555 1347 3628 τῇ
1394 3555 1570 3628 Καινῇ
1623 3553 1936 3627 Ἐκκλησῐᾳ.
1976 3557 2043 3612 At
2077 3560 2216 3614 veri-

2345 1489 2390 1503 Ἀἱ

2323 1838 2504 1895 simile
2535 1842 2618 1894 est
2647 1836 2702 1892 id
2731 1837 2786 1891 i‘u
2815 1837 2973 1892 titulo
3003 1835 3255 1906 poSuisse
3285 1834 3564 1904 librarios,
3593 1835 3698 1892 hoc
3740 1831 3919 1908 Clu-y-

2320 1950 2546 2008 sostomi
2575 1949 2700 2006 loco
2726 1952 2946 2014 ductos,
2977 1950 3068 2020 qui
3094 1949 3258 2021 paulo
3285 1958 3407 2020 post
3435 1949 3651 2005 initium
3677 1949 3918 2020 legitur:

2321 2062 2420 2119 Est
2452 2062 2630 2117 ethoc
2681 2061 3002 2116 admirabile
3039 2061 3180 2132 quod
3213 2062 3449 2117 videmus
3503 2063 3561 2116 in
3627 2063 3727 2116 hac
3759 2072 3925 2131 parte

2322 2179 2557 2234 civitatis
2596 2175 2893 2232 Ecclesium
2920 2177 3055 2231 hanc
3081 2176 3408 2247 plantatam,
3454 2176 3884 2248 πεφυτευμένην
3903 2217 3920 2239 ,

2319 2301 2370 2347 et
2409 2291 2754 2347 nihilominus
2773 2293 2927 2362 quasi
2959 2292 3018 2344 in
3047 2291 3221 2346 medio
3254 2292 3462 2345 camino
3514 2289 3686 2345 oleam
3714 2291 3926 2360 germi-

2323 2415 2559 2471 nantem,
2602 2405 2855 2476 {oliisque
2897 2414 3200 2460 comantem
3232 2414 3304 2459 -ει
3336 2404 3520 2473 fructu
3548 2420 3780 2474 gravem.
3821 2403 3930 2460 Sic

2324 2533 2455 2574 vero
2485 2517 2752 2589 loquitur,
2783 2527 2841 2572 ut
2866 2517 3039 2588 liquet
3063 2532 3132 2572 ex
3166 2516 3235 2572 iis
3260 2531 3384 2588 qua:
3415 2517 3754 2588 praecedunt,
3784 2518 3932 2588 quia

2324 2635 2418 2692 illa
2447 2633 2598 2691 urbis
2629 2651 2756 2705 pars
2783 2635 2853 2690 ab
2897 2634 3171 2690 haereticis
3205 2643 3266 2688 ut
3298 2633 3596 2705 plurimum
3633 2633 3930 2689 incoleba-

2325 2764 2453 2807 tur:
2486 2766 2666 2822 neque
2719 2759 2900 2806 tamen
2937 2751 3071 2806 dicit
3134 2765 3370 2822 usquam
3407 2752 3698 2808 ecclesiam
3762 2751 3924 2806 illam

2323 2881 2516 2923 recens
2569 2873 2835 2920 structam
2901 2864 3094 2920 fuisse.
3150 2863 3522 2931 Quamobrem
3576 2864 3755 2920 donec
3785 2863 3924 2934 quid

2322 2982 2528 3038 certius
2553 2989 2817 3053 emergat,
2851 2979 2981 3036 huic
3015 2980 3521 3051 manuscriptorum
3562 2980 3795 3036 duorum
3847 2979 3928 3034 ti-

2326 3095 2445 3152 tulo
2475 3109 2584 3150 non
2612 3093 2919 3150 habendam
2944 3108 3067 3150 esse
3084 3094 3247 3149 ﬁdem
3271 3109 3493 3150 censeo.

2395 3217 2555 3284 Huic,
2584 3228 2645 3274 ut
2686 3218 2947 3284 diximus,
2979 3227 3034 3273 et
3087 3218 3352 3288 temporis
3380 3227 3434 3274 et
3471 3216 3778 3287 argumenti
3826 3231 3929 3270 ra-

2325 3334 2474 3388 tione
2502 3332 2673 3398 ducti,
2706 3310 3095 3402 subiungimus
3125 3331 3405 3386 homiliam
3440 3333 3495 3385 in
3525 3331 3921 3402 paralyticum,

2323 3453 2377 3499 et
2411 3445 2488 3499 De
2518 3445 2799 3500 divinitate
2830 3442 3053 3510 Christi,
3085 3445 3250 3516 deque
3270 3445 3385 3514 eius
3407 3461 3527 3498 cum
3548 3443 3713 3500 Patre
3739 3460 3932 3515 aque-—

2327 3563 2505 3626 litate,
2533 3574 2702 3629 quam
2757 3559 2949 3629 paucis
2999 3569 3122 3629 post
3184 3560 3333 3615 illam
3396 3571 3586 3616 contra
3643 3554 3931 3618 Anomaeos

645 3933 3912 3970 MM

653 4181 920 4226 HOMILIA
965 4179 1540 4223 CONSTANTINOPOLI
1586 4177 1823 4237 ΠΑΒιΤΑ
1867 4175 2116 4220 CONTRA
2160 4174 2229 4217 ΔΗ

2340 4169 2487 4214 osos
2530 4141 2612 4209 DE
2657 4164 3302 4230 mcpnrununnsrmu
3346 4163 3454 4204 om
3497 4163 3750 4205 NATUBA
3780 4163 3825 4217 ι,
3853 4164 3936 4208 ετ

735 4269 914 4336 ρυοιί
947 4282 1167 4326 Νογυιι
1210 4268 1963 4326 ΤΕΒΤΔΜΕΝἸὍΜ·ἾΕΤΕΒΙ
2008 4274 2357 4329 CONSONET,
2404 4269 2611 4322 ATQUE
2656 4267 2721 4309 IN
2752 4264 2914 4318 ’EOS,
2961 4263 3069 4315 QUI
3125 4262 3364 4307 DIVINIS
3411 4262 3533 4306 NON
3580 4259 3940 4304 INTERSUNT

728 4382 1182 4432 CONVENTIBUS.

1145 4637 1357 4677 HOMILIA
1397 4635 1658 4674 unnacma
1691 4619 1789 4689 (α).

731 4723 782 4774 1.
826 4718 1066 4774 Secunda
1100 4716 1273 4769 concio
1300 4713 1740 4783 ConstantinOpoli
1767 4711 1938 4765 habita
1967 4725 2102 4762 anno
2119 4706 2242 4762 598.

659 4842 729 4855 —-
750 4809 926 4867 Unum
956 4808 1096 4878 apud
1127 4823 1222 4861 vos
1249 4807 1389 4860 diem
1417 4804 1664 4868 disserui,
1687 4813 1742 4858 et
1770 4802 1895 4857 inde
1924 4808 2128 4855 tantum
2152 4812 2248 4852 vos

656 4903 840 4966 dilexi,
868 4910 1120 4971 quantum
1166 4899 1208 4952 si
1249 4897 1317 4951 ab
1353 4896 1503 4949 initio
1530 4895 1802 4949 vobiscum
1841 4906 2015 4946 essem
2045 4889 2247 4945 educa-

655 5005 747 5051 tus
776 5012 789 5048 :
822 4994 893 5047 ita
921 5007 1036 5046 sum
1065 4990 1215 5045 vobis
1243 4987 1479 5043 caritatis
1508 4985 1732 5039 vinculis
1769 4983 2083 5052 conjunctus
2111 4995 2174 5034 ac
2203 4980 2248 5033 si

658 5085 888 5157 plurimo
916 5093 1156 5150 tempore
1194 5062 1395 5134 fruetus
1422 5075 1745 5132 dulcissimae
1790 5070 2190 5128 consuetudinis
2219 5085 2249 5123 a

662 5177 814 5233 vobis
858 5175 1234 5246 percepissem.
1268 5169 1420 5239 Quod
1465 5173 1523 5222 fit
1549 5186 1654 5222 non
1687 5168 1807 5238 quia
1839 5182 1938 5236 ego
1965 5165 2249 5220 admodum

666 5270 733 5324 ad
787 5267 1075 5322 amicitiam
1127 5275 1181 5320 et
1228 5265 1501 5319 caritatem
1548 5261 1650 5315 sim
1697 5260 1937 5325 idoneus,
1995 5257 2088 5312 sed
2132 5256 2252 5326 quia

728 5449 742 5479 ι
782 5445 885 5503 Alii,
909 5444 1124 5504 eiusdem
1155 5441 1215 5490 de
1229 5435 1697 5504 incomprehensibili
1719 5441 1886 5504 contra
1908 5445 2150 5504 Auamma;
2170 5433 2255 5504 ho-

662 5508 798 5559 milia
816 5494 970 5556 scitu}.
985 5511 1085 5554 Duo
1100 5512 1263 5553 autem
1285 5494 1528 5562 adjiciunt,
1547 5499 1707 5550 habita
1720 5498 1809 5561 fuit
1831 5498 1882 5562 in
1895 5509 2022 5562 nova,
2034 5494 2255 5554 ecclesia,

661 5569 791 5633 quod
815 5568 1188 5633 additamentum
1225 5561 1390 5633 natatu
1413 5565 1613 5625 dignum
1637 5569 1731 5611 est.
1759 5561 1875 5610 vide
1897 5561 2151 5609 monitum.
2175 5564 2256 5607 Sa-

663 5627 747 5698 τὶίιἶ
775 5637 828 5698 μ
850 5628 1014 5698 agre].
1041 5627 1230 5698 titulum
1255 5627 1711 5698 babent‘utsuma.‘
1761 5685 1787 5698 ν
1919 5690 1945 5698 _
1964 5696 1974 5698 _

694 5693 802 5806 9&3)
824 5699 874 5740 In
897 5691 1020 5739 hanc
1065 5688 1311 5737 Itomiliam
1346 5681 1639 5738 contulimus
1682 5685 1880 5737 Codices
1919 5683 2093 5747 Regios
2119 5681 2254 5741 1955,

668 5759 685 5809 l
790 5792 802 5816 ,
834 5753 968 5814 1963,
997 5751 1115 5802 1973
1138 5758 1187 5801 et
1201 5751 1408 5803 Colbert.
1436 5748 1545 5798 629.

2351 4620 2451 4670 ,vos
2503 4602 2922 4669 desiderabiles,
2969 4601 3320 4670 omniumque
3381 4602 3612 4655 maxime
3663 4599 3944 4656 amabiles.

2352 4697 2484 4763 Quis
2510 4697 2651 4751 enim
2687 4710 2793 4750 non
2818 4694 3174 4748 admiraretur
3201 4693 3414 4763 igneum
3441 4694 3638 4759 zelum,
3668 4692 3947 4748 caritatem

2353 4789 2554 4857 absque
2595 4786 2956 4852 simulatione,
3001 4784 3427 4840 benevolentiam
3467 4784 3520 4837 in
3565 4793 3948 4853 praeceptores,

2353 4879 2698 4936 concordiam
2720 4879 2876 4933 inter
2905 4892 3018 4941 vos,
3065 4892 3183 4946 quae
3230 4890 3361 4931 sane
3385 4875 3563 4930 omnia
3598 4877 3726 4931 satis
3766 4885 3954 4930 essent

2357 4982 2415 5027 ut
2461 4971 2546 5026 vel
2584 4970 2848 5040 lapideam
2903 4969 3136 5023 animam
3181 4967 3333 5022 vobis
3374 4966 3766 5021 conciliarent?
3810 4967 3953 5022 Pro-

2359 5075 2538 5134 pterea
2568 5078 2673 5117 non
2701 5061 2878 5116 minus
2902 5074 2997 5114 vos
3020 5074 3282 5125 amamus,
3305 5074 3465 5128 quam
3490 5057 3777 5112 Ecclesiam
3799 5053 3956 5108 illam

2359 5156 2414 5210 in
2442 5171 2545 5226 qua
2585 5155 2715 5220 nati,
2760 5153 2993 5217 educati,
3041 5159 3097 5205 et
3125 5150 3319 5206 eruditi
3350 5165 3535 5204 sumus
3568 5167 3580 5204 :
3613 5163 3769 5203 soror
3800 5145 3957 5205 enim

2360 5249 2501 5304 illius
2541 5248 2657 5302 haec
2701 5255 2802 5313 est,
2836 5261 3043 5316 vosque
3076 5244 3447 5315 cognationem
3480 5243 3625 5297 illam
3657 5255 3822 5311 opere
3851 5242 3954 5296 de-

2361 5343 2624 5397 clarastis.
2653 5339 2909 5408 Quamvis
2933 5349 3112 5394 autem
3145 5338 3234 5393 illa
3265 5345 3510 5406 tempore
3551 5336 3621 5391 sit
3660 5335 3957 5405 antiquior,

2364 5433 2478 5488 haec
2507 5447 2684 5487 tamen
2735 5431 2840 5486 fide
2870 5431 3162 5486 ferventior
3209 5438 3313 5496 est,
3360 5439 3415 5485 et
3457 5429 3568 5484 illic
3611 5429 3784 5498 major
3823 5442 3959 5483 con-

2363 5535 2553 5581 ventus
2582 5533 2664 5580 est
2700 5538 2764 5578 ac
2802 5523 3065 5578 celebrius
3094 5523 3382 5586 theatrum,
3425 5522 3519 5576 sed
3545 5521 3634 5576 hic
3663 5521 3836 5589 major
3867 5537 3963 5590 pa-

2366 5617 2572 5681 tientia,
2604 5613 2929 5684 majorisque
2970 5611 3294 5668 fortitudinis
3335 5612 3608 5667 indicium
3643 5610 3778 5664 Nam
3804 5611 3966 5665 video

2367 5710 2713 5780 undequaque
2745 5707 2828 5764 hic
2856 5707 3010 5778 lupos
3051 5705 3415 5774 obambulare,
3465 5707 3602 5762 ovile
3632 5716 3816 5761 autem
3857 5723 3964 5761 non
