4174 6336
181 383 291 442 797

183 493 451 554 imminui.
475 489 823 554 Cirwmdant
860 497 1098 543 sanctam
1141 485 1282 540 hanc
1319 482 1497 539 navim
1526 479 1784 535 continuo

185 593 482 656 tempestas
508 592 564 640 et
599 582 792 647 hiems,
835 578 1299 650 procellarumque
1334 587 1416 629 vis
1446 588 1462 628 :
1503 587 1611 628 non
1653 572 1780 626 sub-

185 687 502 748 merguntur
546 683 726 729 tamen
766 671 857 743 qui
904 670 959 726 in
1001 684 1064 726 ea
1094 667 1368 737 navigant.
1401 663 1786 732 Undecumque

187 770 452 825 invadunt
481 765 746 821 hmreticaa
784 763 1036 829 flammae,
1064 768 1119 815 et
1141 759 1230 829 qui
1260 759 1311 812 in
1339 755 1518 812 medio
1543 762 1669 809 sunt
1697 768 1788 806 ca-

187 863 363 928 mino,
399 874 522 919 rore
559 857 823 928 spirituali
854 854 1222 926 perfruuntur,
1264 851 1363 906 Est
1390 858 1445 904 et
1473 849 1578 916 hoc
1613 847 1786 902 admi-

187 953 384 1017 rabile,
413 949 557 1021 quod
581 948 826 1005 videmus
851 948 905 1001 in
935 946 1034 999 hac
1055 951 1209 1014 parte
1235 941 1466 997 civitatis
1489 938 1785 994 Ecclesiam

186 1042 328 1096 hanc
359 1042 671 1110 plantatam,
721 1046 775 1093 et
815 1035 1161 1092 nihilominus
1197 1032 1350 1104 quasi
1399 1031 1451 1085 in
1495 1028 1671 1085 medio
1699 1042 1788 1083 ca-

185 1135 338 1187 mino
385 1133 559 1188 oleam
604 1130 1018 1202 germinantem,
1066 1126 1316 1197 foliisque
1361 1133 1685 1190 comantem,
1735 1131 1786 1176 et

186 1221 369 1278 fructu
417 1238 655 1294 gravem.
702 1221 864 1292 Igitur
909 1235 1031 1274 eum
1085 1233 1181 1279 vos
1234 1227 1340 1273 tam
1398 1215 1601 1272 cordati
1646 1215 1786 1280 sitis,

189 1322 410 1384 tamque
441 1313 620 1367 multis
650 1311 815 1383 bonis
840 1311 1006 1380 digni,
1041 1324 1139 1380 age
1169 1299 1416 1378 prompto
1445 1306 1624 1362 studio
1663 1321 1789 1375 pro-

187 1405 502 1467 missionem
528 1421 697 1474 nuper
719 1403 870 1458 vobis
906 1403 1096 1457 factam
1127 1401 1432 1456 reddamus.
1462 1400 1614 1454 Tunc
1642 1400 1785 1453 enim

188 1497 257 1550 de
276 1497 444 1550 armis
476 1495 638 1550 David
668 1503 722 1550 et
745 1493 958 1551 Goliatb
987 1491 1127 1563 apud
1148 1507 1244 1546 vos
1279 1489 1788 1561 philosorthabamur

189 1585 270 1654 (1.
293 1584 427 1658 Reg.
452 1583 564 1657 17),
594 1584 940 1641 ostendentes
956 1584 1097 1638 hunc
1116 1582 1329 1653 quidem
1354 1583 1636 1651 omnigena
1661 1596 1785 1650 gra-

187 1678 350 1746 vique
375 1686 646 1732 armatura
673 1676 907 1746 undique
928 1673 1221 1742 munitum,
1245 1673 1391 1729 illum
1421 1682 1600 1729 autem
1623 1675 1787 1729 armis

188 1768 416 1835 nudum,
476 1767 583 1824 ﬁde
629 1768 1068 1835 munitissimum,
1124 1774 1181 1823 et
1234 1766 1377 1822 hunc
1421 1766 1635 1837 quidem
1688 1781 1786 1822 ex-

188 1860 458 1915 trinsecus
481 1858 735 1930 fulgidum
763 1860 985 1914 thorace
1019 1868 1075 1914 et
1109 1867 1283 1925 scuto,
1307 1858 1462 1913 illum
1488 1869 1668 1913 autem
1701 1858 1786 1911 in-

187 1959 278 2006 tus
297 1952 492 2022 spiritu
513 1941 576 2008 ~et
593 1953 764 2026 gratia
787 1952 1104 2018 radiantem,
1132 1961 1294 2022 atque
1319 1951 1460 2005 hanc
1481 1950 1550 2006 ob
1569 1961 1784 2005 causam

188 2058 220 2096 a
249 2057 419 2112 puero
447 2043 744 2099 certamine
769 2044 968 2098 victum
990 2045 1271 2113 juvenem,
1313 2057 1346 2097 a
1375 2042 1520 2096 nudo
1559 2055 1786 2111 supera-
1837 2085 1840 2087 .

187 2142 302 2188 tum
333 2144 622 2202 armatum,
661 2149 692 2190 a
721 2145 936 2206 pastore
973 2143 1299 2206 prostratum
1343 2133 1588 2198 militem,
1635 2147 1667 2187 a
1696 2147 1788 2202 pa-

186 2224 406 2279 storalis
428 2225 618 2295 lapidis
649 2234 835 2280 natura
864 2225 1039 2280 bellici
1068 2225 1193 2278 aeris
1223 2231 1467 2279 naturam
1498 2223 1784 2278 contritam

187 2325 244 2370 et
261 2315 655 2372 labefactatam.
687 2316 918 2374 Proinde
943 2326 998 2371 et
1026 2327 1124 2370 nos
1152 2315 1381 2385 lapidem
1411 2315 1562 2369 illum
1593 2315 1645 2368 in
1672 2329 1789 2368 ma-

185 2421 291 2464 nus
326 2409 673 2478 accipiamus,
719 2408 1029 2478 angularem
1061 2408 1210 2463 illum
1245 2415 1301 2464 et
1341 2406 1673 2477 spiritualem
1703 2407 1788 2462 in-
1831 2450 1838 2454 .

185 2514 373 2569 quam.
417 2501 476 2558 Si
502 2502 646 2557 enim
684 2501 850 2557 Paulo
877 2500 1242 2572 philos0phari
1281 2500 1431 2555 licuit
1455 2500 1524 2555 de
1548 2508 1698 2569 petra
1731 2501 1782 2554 in

185 2591 480 2648 solitudine
515 2592 592 2664 (1.
621 2593 741 2648 Cor.
773 2593 862 2648 1ο.
893 2592 971 2664 4),
1013 2607 1186 2663 neque
1232 2592 1386 2647 nobis
1415 2593 1535 2662 quis
1561 2607 1787 2648 succen-

186 2683 354 2750 sebit,
397 2683 445 2740 si
493 2683 724 2756 lapidem
781 2685 929 2740 illum
984 2685 1175 2741 eodem
1231 2685 1391 2740 modo
1437 2685 1782 2755 accipiamus.

185 2773 320 2829 Nam
359 2776 499 2831 sicut
542 2791 650 2832 non
682 2787 870 2833 natura
911 2786 1076 2849 petra:
1101 2776 1325 2835 visibilis
1364 2779 1503 2848 apud
1545 2778 1779 2844 Judzeos,

185 2863 286 2920 sed
323 2867 496 2922 virtus
521 2867 814 2936 spiritualis
845 2877 1014 2938 petra}
1055 2869 1339 2924 emittebat
1377 2869 1586 2924 illarum
1616 2884 1782 2937 aqua-

186 2971 310 3012 rum
351 2957 611 3024 ﬂumina;
640 2958 714 3014 ita
753 2959 936 3030 utique
981 2960 1119 3029 apud
1166 2959 1328 3017 David
1372 2974 1479 3014 non
1516 2959 1785 3015 sensibilis

186 3046 285 3102 sed
324 3047 618 3118 spiritualis
661 3049 798 3121 lapis
838 3049 1173 3106 barbaricum
1219 3049 1348 3105 illud
1376 3058 1536 3120 caput
1563 3050 1781 3120 deiecit,

184 3136 278 3194 Sic
316 3153 533 3212 quoque
560 3140 948 3211 pollicebamur
981 3142 1155 3204 vobis.
1199 3142 1331 3197 nihil
1377 3157 1446 3197 ex
1487 3141 1784 3198 ratiociniis

187 3230 452 3287 dicturos.
497 3231 695 3287 Nostra
717 3233 852 3288 enim
879 3249 1046 3298 arma,
1076 3250 1179 3288 non
1213 3233 1467 3297 carnalia,
1505 3234 1596 3288 sed
1622 3233 1781 3303 spiri—

187 3322 374 3388 tualia,
421 3323 735 3378 destruentia
773 3325 1018 3391 rationes,
1064 3333 1111 3378 et
1160 3341 1359 3379 omnem
1401 3322 1780 3390 sublimitatem,

184 3428 304 3482 qua
347 3428 504 3482 super
543 3423 732 3469 terram
772 3431 881 3470 sese
921 3414 1118 3470 attollit
1161 3421 1338 3468 contra
1379 3415 1639 3470 scientiam
1688 3413 1785 3468 Dei

187 3504 270 3572 (2.
303 3504 424 3559 Car.
459 3506 546 3562 10.
575 3506 630 3560 ι.
658 3504 740 3578 5).
771 3505 1105 3576 Ριτεοεριιιπι
1141 3507 1298 3561 nobis
1334 3514 1438 3574 est,
1480 3514 1539 3562 ut
1566 3521 1660 3562 eas
1687 3505 1786 3562 de-

186 3594 497 3664 moliamur,
526 3612 632 3664 non
653 3606 993 3652 exstruamus
1021 3615 1035 3651 :
1065 3596 1383 3666 imperatum
1410 3597 1566 3653 nobis
1592 3605 1694 3664 est,
1726 3605 1785 3652 ut

184 3703 280 3743 eas
304 3688 680 3756 dissolvamns,
711 3705 816 3744 non
843 3705 1145 3758 armemus;
1176 3690 1466 3745 Ratiocinia
1491 3690 1624 3745 enim
1647 3707 1783 3744 mor-

188 3781 370 3834 talium
391 3783 570 3836 timida
592 3791 711 3837 sunt
732 3781 888 3855 (Sap.
911 3783 966 3838 9.
995 3783 1106 3854 14).
1125 3783 1263 3850 Quid
1288 3781 1421 3839 illud
1449 3791 1533 3838 est
1557 3781 1784 3837 timida?

185 3873 453 3942 Timidus,
503 3875 714 3931 etiamsi
766 3889 957 3931 securo
996 3875 1114 3930 loco
1150 3874 1405 3940 ambulet,
1451 3890 1558 3931 non
1596 3873 1779 3940 audet,

184 3965 285 4022 sed
305 3965 560 4023 formidat
583 3981 648 4022 ac
674 3966 904 4039 trepidat
931 3984 946 4023 :
975 3967 1048 4023 ita
1072 3966 1217 4038 quod
1243 3967 1535 4024 ratiociniis
1558 3967 1783 4025 demon-

183 4068 416 4115 stratum
441 4069 544 4126 est,
583 4059 791 4115 etiamsi
831 4074 1018 4121 verum
1051 4060 1142 4128 sit,
1174 4059 1409 4116 nondum
1439 4067 1616 4115 tamen
1651 4060 1784 4115 satis

183 4157 333 4204 certa
382 4158 725 4220 argumenta,
776 4149 1099 4222 dignamque
1149 4151 1307 4207 [idem
1357 4152 1553 4206 animae
1601 4151 1777 4207 affert.

184 4239 421 4296 Proinde
447 4241 570 4310 quia
597 4249 740 4296 tanta
770 4234 1038 4297 rationum
1069 4243 1352 4298 inﬁrmitas
1371 4251 1476 4313 est,
1503 4258 1601 4315 age
1629 4243 1780 4301 Scri-

184 4333 361 4402 pluris
386 4340 572 4387 contra
594 4333 930 4390 adversarios
960 4349 1274 4406 pugnemus.

255 4422 544 4492 Scriptum
571 4425 846 4480 auctoritas
875 4426 1042 4495 potior
1060 4425 1360 4481 rationibus.
1385 4425 1459 4467 -ἑ
1485 4425 1639 4484 Unde
1677 4427 1778 4498 igi-

185 4521 272 4568 tur
296 4515 561 4570 sermonis
583 4514 859 4572 exordium
893 4517 1210 4573 sumendum
1232 4519 1255 4571 ἲ
1294 4516 1450 4574 Unde
1477 4519 1628 4575 vobis
1663 4521 1778 4589 pla-

184 4603 367 4670 cebit,
421 4603 539 4660 sive
583 4620 646 4660 ex
706 4604 888 4673 Nova,
939 4607 1056 4662 sive
1109 4623 1175 4663 ex
1223 4607 1425 4664 Veteri.
1473 4608 1590 4664 Non
1633 4610 1778 4665 enim

184 4696 362 4752 solum
401 4696 455 4753 in
493 4697 790 4768 evangeliis
832 4709 886 4755 ct
922 4700 1230 4769 apostolicis
1256 4701 1454 4769 verbis,
1499 4701 1595 4756 sed
1641 4711 1696 4758 et
1721 4704 1778 4758 in

183 4790 468 4859 prophetis
506 4798 562 4843 et
610 4791 663 4845 in
712 4799 822 4846 tota
852 4790 1035 4847 Veteri
1076 4792 1195 4863 lege
1231 4793 1521 4863 fulgentem
1565 4794 1778 4851 abunde

186 4878 463 4951 Unigeniti
484 4876 712 4948 gloriam
735 4878 919 4938 videre
947 4883 1092 4940 licet.
1127 4883 1301 4949 Unde,
1330 4900 1449 4940 mea
1485 4887 1774 4955 sententia,

183 4978 348 5023 etiam
386 4969 512 5024 inde
541 4969 801 5025 adversus
841 4971 964 5027 illos
1000 4972 1335 5044 corripienda
1381 4985 1506 5030 sunt
1547 4977 1671 5031 tela.
1702 4977 1776 5032 Ita

183 5060 326 5114 enim
354 5073 464 5114 non
489 5059 613 5116 illos
645 5069 875 5130 tantum,
905 5064 1000 5118 sed
1027 5075 1083 5120 et
1107 5066 1306 5121 multos
1333 5066 1468 5122 alios
1493 5067 1777 5125 haereticos

181 5146 350 5202 simul
383 5155 738 5218 prosternere
759 5153 1084 5221 poterimus,
1116 5155 1375 5212 videlicet
1403 5154 1766 5226 Marcionem,

179 5235 562 5304 lanichaeum,
593 5238 973 5310 Valentinum,
997 5242 1424 5318 Iudaeorumque
1443 5256 1620 5306 coetus
1649 5265 1769 5306 om-

178 5348 296 5388 nes.
336 5330 476 5386 Nam
514 5333 660 5389 sicut
700 5349 827 5389 cum
877 5350 907 5388 a
942 5335 1149 5396 Davide
1183 5347 1500 5409 prostratus
1537 5350 1622 5397 est
1656 5341 1767 5399 Go-

176 5425 307 5479 liath
344 5424 422 5493 (1.
463 5424 588 5497 Reg.
628 5427 714 5482 17.
757 5428 871 5498 51),
922 5428 976 5484 in
1030 5429 1213 5501 fugam
1247 5433 1410 5488 simul
1456 5449 1652 5490 versus
1682 5446 1766 5493 est

177 5517 362 5571 omnis
398 5517 800 5590 allophylorum
846 5521 1124 5578 exercitus
1179 5532 1285 5580 :et
1338 5539 1490 5582 mors
1542 5528 1764 5597 quidem

174 5605 342 5660 unius
399 5609 654 5678 corporis
708 5619 763 5665 et
814 5613 1102 5681 percussio
1160 5615 1325 5671 unius
1379 5618 1576 5686 capitis
1621 5628 1762 5687 erat,

180 5695 306 5767 fuga
348 5705 532 5754 autem
567 5703 901 5765 communis.
941 5713 995 5759 et
1026 5706 1194 5760 timor
1225 5705 1395 5762 t0tius
1428 5711 1707 5766 exercitus
1745 5732 1759 5767 :

188 5792 262 5847 ita
301 5798 360 5845 et
412 5789 460 5846 si
499 5807 600 5848 nos
647 5809 810 5850 unam
856 5795 1109 5853 haeresim
1155 5797 1556 5870 deiet-erimus,
1609 5817 1763 5859 com-

1446 364 1716 424 CO'NTRA
1760 361 2135 421 ANOWEOS.
2175 364 2268 420 ΣΙ.

3385 364 3493 419 798

1899 475 2083 531 munis
2139 477 2245 530 erit
2317 483 2764 531 enumeratorum
2816 478 3061 532 omnium
3147 477 3480 550 proﬂigatio.

1971 564 2260 619 Hanichwi
2298 563 2597 635 Prophetas
2629 565 3218 636 rejiciunt.-Manichazi
3244 569 3391 629 enim
3429 578 3486 623 et

1895 659 1986 729 qui
2018 660 2228 714 illorum
2257 659 2448 715 morbo
2486 659 2754 728 laborant,
2783 659 3036 716 videntur
3057 663 3304 731 accipere
3328 661 3490 720 Chri-

1893 759 2034 805 stum
2065 752 2153 820 qui
2181 750 2500 822 praedicatur
2521 769 2534 804 :
2559 751 2846 821 prophetas
2861 760 3038 806 autem
3059 761 3114 807 et
3130 751 3488 822 patriarchas,

1893 843 1984 913 qui
2016 843 2163 897 illum
2194 842 2510 912 praedicant,
2536 851 2888 898 contemnunt
2917 861 2930 896 :
2963 852 3150 898 contra
3173 842 3342 900 Judaai
3367 860 3494 912 eos,

1892 932 1982 1001 qui
2009 931 2278 987 Christum
2300 933 2614 1004 praedicant,
2652 934 2900 1005 accipere
2936 933 3206 1002 videntur,
3253 934 3485 1005 prophe-

1895 1033 1996 1088 tas,
2023 1026 2234 1095 inquam
2255 1065 2271 1092 ,
2305 1033 2360 1080 et
2398 1025 2758 1096 legislatorem
2784 1039 2939 1080 suum
2965 1044 2979 1081 :
3008 1026 3280 1082 Christum
3309 1036 3488 1083 autem

1891 1118 1982 1189 qui
2007 1117 2207 1172 abillis
2233 1118 2573 1187 praedicatur,
2601 1127 2971 1173 contemnunt.
3001 1118 3166 1188 [gitur
3192 1121 3237 1174 si
3274 1118 3489 1176 favente

1891 1209 2062 1279 gratia
2091 1209 2184 1264 Dei
2215 1210 2760 1266 demonstraverimus
2789 1227 3038 1280 magnam
3066 1213 3324 1281 unigeniti
3368 1214 3477 1284 glo-

1892 1300 2026 1354 riam
2057 1299 2110 1354 in
2143 1299 2320 1356 Veteri
2347 1301 2679 1370 prtedictam,
2702 1302 2880 1357 omnia
2905 1303 2992 1358 illa
3016 1304 3125 1359 Deo
3142 1305 3367 1360 adversa
3394 1322 3487 1364 ora

1891 1389 2205 1460 linguasque
2254 1391 2591 1461 blasphemas
2635 1391 3026 1448 confundemus
3085 1403 3140 1450 et
3181 1411 3490 1466 compesce-

1892 1499 2031 1538 mus.
2053 1483 2187 1538 Nam
2210 1483 2254 1538 si
2282 1477 2481 1553 liqueat
2505 1484 2777 1540 Christum
2823 1486 2878 1541 in
2920 1486 3099 1545 Veteri
3143 1490 3490 1545 Testamento

1892 1574 2194 1644 praedicari,
2222 1590 2325 1644 qua
2346 1589 2405 1630 se
2432 1575 2743 1633 defensione
2773 1579 3090 1635 tutabuntur
3112 1580 3412 1648 Maniclttni,
3434 1591 3491 1636 et

1890 1667 2071 1720 caeteri
2116 1667 2204 1737 qui
2255 1681 2376 1721 cum
2418 1668 2523 1722 illis
2563 1669 2892 1739 Scripturam
2935 1665 3310 1738 contemnunt,
3368 1688 3489 1742 qum

1895 1761 2146 1831 praedicat
2176 1761 2321 1815 illum
2343 1776 2682 1817 communem
2710 1764 2950 1818 omnium
2981 1764 3307 1820 Dominum?
3331 1765 3487 1833 Quod

1892 1850 2020 1906 item
2048 1850 2300 1922 effugium
2341 1852 2445 1906 erit
2485 1851 2706 1919 ludatis,
2739 1868 2898 1920 quam
2941 1856 3152 1909 veniam
3178 1856 3488 1911 merebun-

1892 1951 1996 2008 tur,
2026 1943 2116 2013 qui
2142 1959 2170 1996 a
2198 1944 2475 2014 prophetis
2493 1946 2913 2015 praenunciatnm
2945 1963 3051 2002 non
3081 1949 3417 2017 suscipiunt?
3441 1977 3466 1987 ~

1959 2034 2017 2089 2.
2056 2034 2310 2092 Divinitas
2330 2035 2457 2092 Filii
2485 2036 2729 2108 probatur
2750 2055 2816 2093 ea:
2835 2040 2860 2094 1
2889 2037 3150 2095 Genes.—
3169 2039 3352 2110 Itaque
3366 2057 3486 2096 cum

1889 2126 2100 2182 abunde
2123 2126 2193 2182 de
2220 2127 2301 2183 eis
2324 2130 2653 2199 triumphare
2680 2131 2967 2200 possimus,
2986 2147 3293 2188 sermonem
3321 2134 3388 2188 ad
3420 2135 3488 2189 li-

1891 2218 2016 2273 bros
2036 2219 2361 2276 vetustiores
2385 2229 2678 2288 vertamus,
2702 2230 2756 2277 et
2778 2220 2845 2276 ad
2884 2222 3057 2292 ipsum
3091 2224 3183 2294 qui
3225 2223 3346 2280 aliis
3379 2239 3490 2278 om-

1891 2312 2047 2366 nibus
2072 2313 2333 2372 vetustior
2353 2322 2455 2379 est,
2484 2312 2551 2368 ad
2580 2313 2855 2380 Genesim,
2887 2316 3126 2385 inquam,
3149 2325 3205 2371 et
3227 2316 3295 2371 ad
3327 2327 3490 2390 caput

1889 2402 2166 2458 Gencseos
2192 2404 2632 2460 conscendamus.
2664 2405 2820 2473 Quod
2850 2407 2992 2461 enim
3023 2405 3091 2463 de
3113 2406 3330 2463 Christo
3351 2410 3491 2464 mul-

1891 2505 1944 2550 ta
1973 2491 2169 2551 dixerit
2197 2497 2428 2569 Moyses,
2455 2497 2579 2553 audi
2602 2499 2907 2568 loquentem
2937 2499 3210 2555 Christum
3245 2518 3259 2554 :
3289 2501 3352 2556 Si
3372 2518 3485 2555 cre—

1889 2588 2074 2642 deretis
2114 2587 2305 2659 Moysi,
2357 2590 2626 2643 crederetis
2660 2591 2833 2657 utique
2862 2599 2914 2645 et
2956 2593 3100 2659 mihi,
3145 2608 3265 2646 nam
3307 2593 3372 2647 de
3407 2610 3490 2647 me

1888 2681 2091 2751 scripsit
2112 2681 2291 2752 (Joan.
2319 2683 2373 2738 5.
2401 2681 2515 2756 46).
2533 2683 2757 2739 Ubinam
2780 2685 2847 2741 de
2873 2685 2966 2741 illo
2995 2685 3246 2754 scripsit?
3268 2685 3323 2740 ld
3346 2701 3490 2741 nunc

1891 2773 2169 2830 declarare
2221 2776 2565 2831 tentabimus.
2617 2776 2973 2848 Posteaquam
3036 2779 3199 2849 igitur
3248 2777 3487 2848 perfecta

1888 2866 2067 2921 omnis
2091 2875 2356 2934 creatura,
2383 2867 2682 2938 caelumque
2708 2868 2857 2923 vario
2879 2868 3115 2924 siderum
3143 2868 3312 2925 choro
3329 2884 3489 2925 coro-

1888 2965 2093 3023 natum,
2123 2967 2180 3013 et
2208 2967 2351 3014 terra
2386 2961 2684 3031 omnigenis
2726 2958 2950 3016 ﬂoribus
2990 2971 3178 3017 ornata
3218 2969 3322 3030 est,
3367 2962 3486 3033 ple-

1886 3066 2063 3121 naque
2090 3067 2211 3108 cum
2237 3061 2419 3109 essent
2449 3055 2712 3108 montium
2735 3053 3035 3123 cacumina,
3061 3053 3208 3125 pleni
3230 3055 3405 3126 campi
3429 3063 3487 3112 et

1887 3141 2074 3211 valles,
2101 3151 2156 3198 et
2184 3143 2237 3197 in
2261 3159 2493 3212 summa,
2523 3145 2698 3200 omnis
2725 3156 2883 3200 terra:
2910 3145 3073 3201 facies
3093 3145 3288 3216 plantis
3314 3157 3369 3201 et
3391 3162 3486 3203 ar-

1888 3232 2109 3288 boribus
2133 3244 2188 3289 et
2213 3234 2414 3302 herbis,
2443 3235 2858 3306 lascivirentque
2881 3252 3075 3308 greges
3106 3247 3163 3292 et
3193 3250 3435 3294 armenta
3466 3258 3482 3294 :

1887 3338 2070 3392 aerem
2109 3335 2285 3380 autem
2334 3326 2583 3397 impleret
2631 3326 2834 3384 chorus
2873 3329 3051 3384 avium
3095 3330 3482 3385 cantillantium

1888 3415 2064 3470 nativa
2093 3427 2146 3470 et
2184 3417 2440 3487 singulari
2484 3418 2690 3473 musica
2732 3435 2747 3473 :
2790 3417 2962 3474 maria
3003 3432 3218 3490 quoque
3260 3420 3486 3475 marinis

1885 3507 2210 3577 animalibus
2237 3508 2390 3578 plena
2421 3527 2436 3563 :
2464 3509 2714 3564 similiter
2741 3519 2797 3565 et
2838 3518 3049 3580 stagna,
3088 3518 3145 3565 et
3186 3508 3385 3577 fontes,
3428 3518 3484 3566 et

1886 3600 2054 3666 ﬂuvii,
2085 3601 2334 3655 omnibus
2362 3616 2482 3671 qua:
2523 3600 2576 3661 in
2605 3600 2684 3656 eis
2702 3609 2996 3656 nascuntur
3025 3617 3041 3655 :
3073 3599 3312 3671 nihilque
3339 3609 3486 3657 esset

1889 3691 2298 3763 imperfectum,
2340 3691 2433 3747 sed
2481 3691 2714 3763 perfecta
2755 3693 2933 3748 omnia
2978 3708 2994 3746 :
3039 3701 3168 3747 tunc
3207 3691 3485 3763 quaarebat

1886 3799 2083 3853 corpus
2105 3792 2286 3852 caput,
2316 3783 2505 3838 civitas
2533 3782 2852 3854 principem,
2879 3791 3124 3838 creatura
3148 3797 3355 3852 regem,
3378 3780 3482 3838 ho-

1887 3875 2084 3929 minem
2113 3874 2350 3944 inquam.
2397 3871 2748 3930 Formaturus
2787 3874 2952 3945 igitur
2993 3869 3166 3945 ipsum
3211 3873 3352 3931 Deus
3393 3873 3482 3929 in-

1884 3969 2020 4037 quit,
2052 3966 2330 4021 Faciamus
2350 3967 2602 4022 hominem
2629 3966 2907 4022 secsndum
2932 3966 3204 4035 imaginem
3222 3976 3270 4022 ct
3292 3966 3482 4022 simili-

1886 4059 2113 4116 tudinem
2133 4070 2358 4114 nostram
2379 4058 2534 4131 (Gen.
2584 4060 2637 4114 1.
2665 4059 2783 4130 26).
2813 4058 2896 4114 Ad
2925 4073 3090 4130 quem
3115 4058 3283 4114 dicit?
3305 4058 3482 4114 Mani-

1887 4151 2106 4216 festum,
2135 4151 2278 4222 quod
2302 4150 2370 4207 ad
2398 4150 2732 4223 unigenitum
2759 4165 2942 4206 suum.
2965 4150 3082 4207 Non
3103 4150 3259 4218 dixit,
3287 4152 3393 4222 fac,
3421 4160 3484 4207 ut

1884 4260 1953 4300 ne
1987 4246 2181 4301 servile
2227 4245 2428 4316 aliquid
2471 4244 2759 4314 suspiceris
2804 4253 3129 4315 przcceptum
3169 4245 3332 4301 dari:
3382 4245 3479 4302 sed

1882 4333 2030 4401 dicit,
2060 4334 2328 4404 faciamus,
2350 4343 2409 4390 ut
2455 4333 2623 4389 forma
2650 4333 2986 4390 consultandi
3015 4334 3238 4406 aequalis
3260 4335 3478 4406 detege-

1884 4435 2035 4481 retur
2060 4425 2254 4480 honor.
2268 4425 2398 4480 Nam
2419 4425 2559 4481 Deus
2579 4425 2846 4481 interdum
2868 4427 3234 4482 consiliarium
3254 4425 3474 4495 habere,

1885 4510 2152 4574 interdum
2183 4533 2289 4573 non
2316 4517 2515 4573 habere
2542 4518 2738 4573 dicitur
2765 4534 2780 4572 :
2809 4533 2910 4574 nec
2934 4517 3036 4574 sibi
3077 4518 3180 4588 ipsi
3215 4527 3476 4589 repugnat

1883 4609 2179 4681 Scriptura,
2204 4610 2300 4666 sed
2331 4610 2572 4681 perrhtec
2609 4611 2768 4666 ambo
2808 4609 3133 4681 aperiuntur
3166 4610 3320 4666 nobis
3352 4612 3477 4666 abs-

1883 4701 2094 4758 condita
2157 4701 2426 4772 dogmata.
2479 4701 2708 4769 Quando
2765 4703 2910 4756 enim
2976 4700 3279 4771 signiﬁcare
3323 4701 3475 4770 vult,

1883 4794 2052 4849 Deum
2079 4792 2274 4848 nullius
2296 4808 2480 4864 egere,
2506 4793 2639 4848 dicit
2661 4808 2783 4849 eum
2828 4807 2937 4848 non
2977 4793 3180 4849 habere
3221 4793 3468 4848 consilia-

1883 4889 2022 4943 rium
2053 4889 2304 4958 :quando
2332 4898 2511 4942 autem
2553 4887 2712 4942 docet
2754 4886 3013 4957 aequalem
3055 4887 3310 4958 unigeniti
3350 4886 3469 4957 glo-

1883 4981 2042 5046 riam,
2066 4978 2428 5034 consiliarium
2461 4985 2618 5032 vocat
2645 4976 2837 5032 Filium
2867 4976 2980 5032 Dei.

1954 5069 2284 5126 Consiliarius
2325 5069 2422 5123 Dei
2465 5069 2716 5123 Christus.
2741 5097 2816 5108 —
2839 5067 2911 5122 Et
2944 5075 3004 5122 ut
3043 5065 3160 5122 haec
3196 5066 3358 5122 ambo
3392 5066 3474 5121 di.

1881 5177 2000 5217 scas
2019 5203 2035 5229 ,
2063 5161 2204 5232 quod
2233 5155 2710 5230 pr0phetzeFilium
2724 5167 2918 5213 vocent
2945 5157 3332 5225 consiliarium,
3363 5173 3473 5214 non

1881 5254 2022 5325 quod
2051 5253 2210 5308 Pater
2234 5266 2370 5322 opus
2398 5251 2513 5321 ejus
2539 5249 2764 5306 consilio
2791 5249 3006 5314 habeat,
3049 5248 3144 5304 sed
3183 5257 3242 5302 ut
3287 5247 3470 5319 unige-

1882 5345 1977 5400 niti
1997 5343 2220 5415 gloriam
2249 5342 2499 5409 doceant,
2527 5339 2742 5412 etquod
2775 5355 2880 5395 non
2907 5355 3044 5410 opus
3073 5338 3264 5394 haheat
3289 5339 3474 5394 consi-

1881 5437 2056 5503 liario,
2079 5435 2202 5490 audi
2227 5435 2448 5491 Paulum
2483 5434 2791 5490 dicentem:
2819 5431 2866 5487 0
2905 5431 3120 5487 altitudo
3164 5427 3476 5484 divitiarum

1881 5531 2146 5601 sapientia:
2180 5538 2224 5583 et
2253 5529 2475 5584 scientia:
2503 5526 2640 5580 Dei!
2685 5526 2852 5593 Quam
2889 5524 3236 5579 inscrutabilia
3275 5523 3474 5604 judicia

1881 5623 1990 5690 ejus
2016 5655 2031 5682 ,
2061 5627 2114 5672 et
2161 5619 2531 5689 investigabiles
2550 5619 2644 5672 uiae
2671 5617 2818 5687 ejus!
2840 5617 2967 5683 Quis
3004 5615 3139 5671 enim
3177 5616 3313 5670 novit
3353 5632 3473 5670 sen-

1879 5731 1993 5769 sum
2023 5712 2272 5766 Domini?
2299 5715 2374 5766 uel
2403 5713 2514 5782 quis
2539 5710 2858 5765 consiliarius
2884 5710 2997 5781 ejus
3027 5710 3124 5782 fuit
3165 5707 3341 5778 (Rom.
3380 5712 3468 5766 11.

1882 5807 1970 5862 35.
2004 5806 2138 5876 34)?
2169 5804 2266 5860 llic
2295 5805 2475 5877 itaque
2503 5821 2624 5861 cum
2657 5803 2855 5861 nullius
2885 5803 3123 5876 indigere
3159 5802 3468 5859 declaravit.
