4186 6326
719 376 829 433 799

721 490 941 546 Hessias
967 504 1097 545 vero
1136 478 1328 545 iterum
1373 490 1439 544 de
1473 491 1753 561 Unigenito
1795 492 1885 547 Dei
1930 493 2180 562 loquens,
2222 490 2299 545 sic

720 580 929 650 inquit:
962 579 1028 633 Et
1057 580 1259 648 cupient
1287 582 1331 633 si
1376 581 1503 647 ﬁant
1543 572 1659 651 igne
1692 583 1956 652 combusti.
2004 582 2137 648 Quia
2180 597 2307 649 puer

720 664 872 734 natus
889 680 966 725 est
987 672 1153 737 nobis,
1178 683 1225 725 et
1249 673 1387 740 ﬁlius
1406 672 1553 725 datus
1579 683 1654 727 est
1679 654 1923 740 nobis,.et
1944 674 2198 729 vocabitur
2213 689 2302 725 no-

718 759 834 815 men
983 761 1158 831 magni
1184 761 1384 814 consilii
1402 761 1634 832 angelus,
1658 762 1973 816 admirabilis
1990 762 2307 832 consiliarius

718 828 909 919 (Hesai
924 850 983 913 9.,
1008 828 1089 919 5):
1120 850 1190 905 Et
1215 852 1260 905 si
1287 828 1622 906 admirabilis
1656 828 2009 916 consiliarius:
2035 852 2307 922 quomodo

722 938 918 994 Paulus
936 939 1086 1006 dicit,
1119 940 1245 1005 Quis
1277 944 1409 994 enim
1445 958 1620 995 sensus
1656 944 1794 996 nouit
1819 942 2046 1009 Domini,
2065 941 2162 996 ‘oel
2193 943 2308 1011 quis

718 1031 1045 1085 causidicina
1061 1033 1176 1103 ejus
1199 1034 1297 1100 fuit
1326 1019 1501 1103 (Rom.
1536 1034 1623 1088 ll.
1657 1034 1788 1105 Si)?
1808 1034 1906 1089 nisi
1926 1036 2067 1105 quod
2090 1035 2304 1098 Paulus,

718 1120 861 1175 sicut
885 1120 1017 1183 dixi,
1045 1122 1283 1177 indicare
1303 1123 1470 1176 voluit
1496 1123 1710 1178 Patrem
1739 1124 1885 1179 nullo
1911 1125 2170 1195 indigere,
2188 1112 2309 1192 pro-

721 1210 881 1280 pheta
903 1219 1083 1266 autem
1114 1213 1388 1281 aequalem.
1408 1211 1527 1267 Filii
1549 1214 1769 1282 gloriam
1792 1214 1990 1269 docere
2013 1215 2195 1268 voluit.
2227 1213 2309 1267 ld-

722 1300 869 1354 circo
894 1302 1055 1355 etiam
1095 1300 1181 1354 hic
1211 1316 1315 1355 non
1356 1300 1510 1366 dixit,
1553 1305 1656 1373 fac,
1683 1303 1821 1368 sed,
1870 1304 2137 1374 faciamus.
2174 1304 2308 1357 Illud

723 1390 892 1453 enim,
921 1394 1023 1459 fac,
1052 1399 1375 1458 praeceptum
1405 1401 1550 1446 esset
1574 1408 1731 1447 servo
1754 1393 1935 1448 datum
1980 1410 1995 1446 :
2038 1394 2177 1463 quod
2229 1395 2309 1453 di-

724 1496 877 1537 scere
905 1481 1030 1536 inde
1072 1485 1289 1551 poteris.
1339 1485 1582 1539 Accessit
1622 1484 1907 1553 aliquando
1951 1486 2195 1539 centurio
2241 1486 2309 1539 ad

722 1570 929 1634 Jesum,
957 1580 1011 1626 et
1035 1572 1169 1625 dixit
1196 1590 1209 1625 :
1241 1572 1475 1638 Domine,
1499 1591 1628 1642 puer
1654 1590 1791 1626 meus
1801 1576 1940 1643 jacet
1965 1576 2018 1628 in
2038 1576 2188 1628 domo
2214 1592 2310 1643 pa-

723 1660 990 1730 rnlyticus,
1012 1670 1062 1713 et
1081 1663 1298 1745 graviter
1327 1671 1585 1730 torquetur
1604 1661 1820 1732 (Matth.
1848 1664 1903 1718 8.
1932 1662 2010 1737 ti).
2041 1665 2178 1731 Quid
2213 1666 2313 1735 igi-

728 1759 819 1803 tur
850 1749 1136 1804 Christus?
1171 1750 1285 1821 Ego
1320 1754 1536 1817 veniam,
1565 1761 1613 1805 et
1648 1755 1838 1807 curabo
1864 1771 1978 1808 eum
2002 1754 2109 1827 (Ib.
2150 1772 2197 1808 υ.
2232 1756 2309 1828 7).

728 1839 982 1894 Centurio
1001 1849 1177 1895 autem
1205 1856 1312 1896 non
1337 1842 1567 1918 audebat
1591 1842 1857 1907 medicum
1885 1846 1938 1899 in
1962 1846 2180 1900 domum
2209 1855 2316 1899 tra—

728 1927 882 1995 here,
907 1938 965 2003 at
988 1931 1296 1988 misericors
1331 1932 1431 1986 ille.
1455 1942 1646 2002 sponte
1672 1949 1766 1989 sua
1795 1935 2143 2005 pollicebatur
2163 1952 2223 1991 se
2254 1938 2317 1989 il-

727 2018 815 2081 luc
838 2021 1063 2085 iturum,
1090 2031 1146 2076 ut
1169 2037 1385 2075 causam
1405 2032 1462 2078 et
1500 2026 1835 2080 occasionem
1881 2027 1954 2081 illi
1999 2028 2172 2093 daret,
2211 2044 2313 2098 qua

728 2112 980 2175 virtutem
1001 2127 1153 2166 suam
1177 2114 1331 2167 nobis
1354 2114 1671 2170 declararet.
1704 2118 1966 2173 Przescius
2002 2120 2144 2173 enim
2190 2120 2315 2189 quid

730 2200 1088 2261 “indicturus
1110 2214 1254 2269 erat,
1286 2206 1553 2273 pollicitus
1582 2216 1664 2261 est
1705 2223 1764 2262 se
1784 2208 2094 2274 ull‘uturum,
2127 2221 2183 2263 ut
2214 2211 2315 2264 viri

712 2293 982 2363 pietatem
999 2296 1257 2351 discens.
1288 2296 1427 2362 Quid
1464 2298 1609 2352 enim
1648 2300 1723 2352 ait
1759 2301 2035 2354 centurio?
2079 2300 2315 2367 Domine,

731 2401 838 2439 non
876 2401 995 2440 sunt
1031 2386 1239 2457 dignus,
1270 2398 1326 2443 ut
1361 2389 1519 2443 intres
1558 2391 1651 2444 sub
1678 2400 1859 2445 tectum
1900 2408 2069 2445 meum
2110 2390 2215 2461 (Ib.
2264 2404 2318 2444 υ.

734 2473 1030 2553 8).,Ναιιιε
1056 2476 1228 2531 ntorbi
1261 2480 1550 2534 necessitas
1587 2496 1710 2535 eum
1756 2496 1786 2533 a
1835 2482 2032 2550 pietate
2074 2492 2319 2536 avertere

733 2565 969 2633 valebat,
1002 2583 1070 2622 ne
1106 2569 1480 2623 excellentiam
1514 2570 1724 2625 Domini
1749 2580 2052 2638 testaretur,
2075 2572 2235 2627 etiam
2266 2573 2319 2626 in

740 2666 893 2713 tanta
919 2662 1247 2718 calamitate.
1284 2662 1586 2734 Eapropter
1602 2665 1774 2720 dicit:
1798 2667 1898 2721 Dic
1919 2676 2123 2721 tantum
2142 2670 2315 2731 verba,

737 2757 790 2802 et
806 2748 1091 2803 sanabitur
1104 2734 1236 2821 psci-
1260 2770 1426 2807 meus.
1445 2753 1588 2808 Nam
1605 2766 1655 2809 et
1670 2772 1765 2826 ego
1792 2756 1949 2811 homo
1963 2775 2102 2823 sum,
2122 2758 2317 2813 habens

739 2837 839 2893 sub
866 2854 950 2893 ate
982 2840 1203 2907 milites,
1225 2852 1276 2896 et
1299 2844 1418 2896 dico
1444 2845 1588 2909 huic,
1607 2848 1754 2912 vade,
1784 2855 1835 2899 et
1861 2849 2009 2903 vadit
2029 2860 2117 2905 :et
2136 2851 2316 2917 alteri,

738 2932 1089 2995 veai,etssnit
1104 2949 1126 2988 .'
1146 2942 1196 2989 et
1206 2952 1361 2991 servo
1381 2952 1517 3003 meo,
1539 2938 1627 3007 fac
1642 2939 1821 3002 hoc,et
1834 2940 1967 3009 facit
1980 2940 2088 3008 (Ib.
2106 2958 2156 2995 υ.
2170 2950 2221 2998 8.
2236 2943 2317 2999 9i.

806 3020 889 3072 Ad
914 3036 1110 3073 servum
1136 3020 1321 3075 dicitur
1343 3026 1447 3093 fac,
1487 3024 1555 3075 ad
1582 3025 1829 3094 canalem
1852 3026 2116 3095 faciamus.
2139 3056 2212 3066 —
2230 3026 2323 3081 Vi-

736 3109 836 3164 des
860 3112 1100 3176 verbum,
1132 3114 1237 3182 fac,
1267 3127 1387 3167 esse
1414 3114 1618 3168 domini
1654 3115 1722 3169 ad
1762 3130 1977 3170 servum
2022 3116 2323 3187 loquentis?

737 3202 830 3267 At,
875 3203 1145 3272 faciamus,
1188 3205 1407 3259 verbum
1450 3213 1539 3260 est
1577 3205 1695 3279 ejus
1737 3207 1821 3261 cui
1862 3207 2083 3277 aequalis
2128 3207 2319 3262 honor.

735 3293 963 3362 Quando
1005 3294 1148 3349 enim
1197 3309 1354 3350 servo
1393 3296 1640 3350 dominus
1689 3296 1940 3366 loquitur,
1968 3298 2097 3353 dicit
2125 3340 2140 3365 ,
2192 3302 2275 3369 [ac
2305 3314 2326 3351 :

738 3383 953 3454 quando
980 3394 1163 3439 autem
1205 3385 1362 3440 Pater
1400 3386 1557 3452 Filio,
1584 3386 1733 3449 dicit,
1763 3385 2029 3456 faciamus.
2058 3388 2213 3455 Quid,
2240 3390 2325 3443 in—

738 3476 855 3545 quit
882 3475 1235 3545 (haireticus),
1273 3477 1318 3530 si
1362 3479 1604 3531 centurio
1638 3478 1709 3531 ita
1748 3477 2117 3547 suspicabatur
2146 3478 2163 3509 ⁸
2193 3494 2208 3531 :
2237 3493 2325 3533 res

738 3575 916 3621 autem
937 3582 1041 3620 non
1067 3566 1148 3621 sic
1169 3582 1228 3621 se
1256 3566 1524 3623 habebat?
1550 3568 1686 3622 Num
1712 3568 1987 3637 apostolus
2021 3578 2104 3623 est
2131 3578 2324 3623 centu-

740 3657 857 3710 rio?
886 3672 1009 3710 num
1038 3657 1353 3727 discipulus,
1386 3668 1443 3713 ut
1482 3660 1647 3727 ipsius
1674 3659 1849 3713 verbis
1874 3658 2193 3713 credamus?
2216 3658 2321 3713 Ve-

740 3746 965 3802 risimile
991 3757 1216 3804 esteum
1259 3763 1488 3803 errasse.
1532 3749 1701 3820 Bene,
1730 3765 1858 3814 ,non
1907 3758 1988 3803 est
2027 3750 2319 3820 apostolus.

739 3838 1070 3909 Quid‘crgo!
1101 3840 1385 3896 Videamus
1424 3814 1573 3910 quod
1612 3842 1872 3910 sequitur.
1912 3814 2326 3895 Num-correxit

741 3932 916 4001 ipsum
947 3931 1229 3987 Christus?
1267 3949 1395 3989 num
1424 3933 1719 4002 increpavit
1746 3943 1804 3987 ut
1830 3934 2053 4001 lapsum,
2079 3941 2135 3987 et
2162 3947 2324 3999 prava

742 4023 989 4094 dogmata
1016 4026 1381 4096 ingerentem?
1407 4040 1533 4079 num
1558 4024 1693 4079 dixit
1728 4024 1795 4079 ad
1839 4025 2033 4094 ipsum,
2076 4023 2183 4078 Cur
2223 4023 2328 4079 hoc

742 4114 896 4181 facis,
919 4115 1114 4171 homo?
1142 4117 1398 4186 Majorem
1419 4116 1487 4170 de
1512 4131 1599 4170 me
1624 4115 1791 4170 habes
1817 4116 2142 4185 opinionem,
2167 4130 2325 4184 quam

744 4225 842 4280 par
866 4219 986 4265 est:
1015 4210 1164 4279 plura
1193 4208 1324 4263 mihi
1354 4209 1565 4276 tribuis,
1606 4223 1764 4278 quam
1792 4208 1920 4261 mihi
1953 4207 2234 4273 debentur,
2260 4222 2328 4261 ex

745 4302 1056 4356 auctoritate
1084 4309 1240 4370 putas
1269 4315 1354 4354 me
1379 4286 1661 4369 imperare,
1690 4316 1810 4353 cum
1837 4316 1941 4353 non
1978 4300 2048 4352 sit
2074 4299 2201 4352 mihi
2230 4314 2326 4351 au-

742 4394 981 4449 ctoritas.
1009 4391 1145 4446 Num
1172 4392 1305 4446 dixit
1330 4392 1433 4445 tale
1459 4391 1621 4461 quid?
1650 4392 1897 4459 Minime,
1944 4390 2041 4445 sed
2077 4389 2331 4445 stabilivit

744 4485 888 4540 illius
917 4484 1256 4549 sententiam,
1290 4492 1345 4538 et
1380 4484 1724 4553 sequentibus
1764 4483 1898 4537 dixit
1946 4501 1959 4535 :
2013 4482 2170 4535 Amen
2216 4481 2329 4534 dico

746 4578 880 4631 vobis
906 4618 921 4644 ,
978 4592 1135 4647 neque
1158 4578 1210 4631 in
1248 4576 1415 4630 Israel
1461 4586 1651 4629 tantam
1695 4575 1849 4643 fidem
1888 4574 2054 4627 inveni
2092 4572 2253 4645 (Ibid.
2280 4587 2325 4625 υ.

749 4668 860 4736 10).
893 4666 1056 4738 Igitur
1088 4668 1344 4722 Dominus
1384 4666 1651 4721 laudando
1686 4666 1965 4721 conﬁrmat
2004 4665 2329 4742 centurionis

746 4759 929 4813 verba.
955 4758 1072 4813 Jam
1101 4759 1244 4812 enim
1276 4774 1379 4812 non
1407 4766 1534 4811 sunt
1558 4758 1884 4812 centurionis
1906 4756 2200 4823 verba,sed
2221 4756 2331 4809 Do-

748 4850 877 4903 mini
900 4850 1183 4927 sententia.
1213 4849 1365 4916 Quod
1394 4850 1537 4903 enim
1563 4849 1677 4917 ipse
1708 4848 1907 4915 laudat,
1923 4858 1978 4903 et
2003 4848 2207 4903 calculo
2232 4863 2331 4902 suo

750 4950 1018 5011 tamquam
1048 4942 1184 4996 bene
1203 4942 1402 4997 dictum
1442 4943 1721 5012 approbat,
1752 4958 1851 5013 pro
1886 4942 2068 4997 divino
2111 4942 2333 4998 oraculo

750 5031 1574 5088 habendum'est:auctoritatem
1602 5034 1744 5087 enim
1788 5037 2019 5103 superne
2055 5047 2085 5087 a
2133 5032 2333 5088 Christi

749 5112 1298 5191 responsionevsumit.

818 5214 873 5269 5.
928 5212 1073 5267 Vetus
1097 5199 1468 5281 Testamentum
1492 5233 1609 5270 cum
1633 5232 1761 5271 naso
1790 5228 2053 5270 consonat.
2077 5247 2150 5258 —
2171 5218 2334 5273 Vides

748 5314 806 5358 ut
836 5302 1041 5359 Novum
1076 5304 1255 5360 Veteri
1287 5315 1546 5361 consonet
1573 5307 1991 5375 Testamentum,
2034 5316 2088 5362 et
2126 5317 2337 5362 utrum-7

749 5411 852 5464 que
882 5398 1246 5453 auctoritatem
1277 5397 1472 5452 Christi
1503 5399 1737 5464 indicet?
1766 5398 1901 5468 Quid
1928 5401 2125 5470 igitur?
2147 5399 2334 5455 Facie-

751 5488 838 5540 bat
858 5487 1071 5556 quidem
1098 5490 1389 5559 hominem,
1420 5491 1514 5546 sed
1554 5503 1611 5547 ut
1646 5493 1892 5547 minister
1936 5491 2202 5548 faciebat?
2231 5478 2334 5549 Sed

815 5665 829 5695 '
856 5666 1210 5732 niden-orem
1240 5675 1508 5732 suspicatur
1545 5682 1762 5730 nuperos
1813 5669 2037 5732 quidam;
2085 5669 2172 5732 sed
2204 5670 2338 5729 locus

748 5723 1069 5838 (iuerint.
1094 5736 1204 5779 nam
1232 5723 1589 5793 Chrvsostomus
1612 5723 1889 5781 Anornteu’m
1911 5723 2338 5793 haec'objidentem

1438 378 1492 433 S.
1533 378 1810 435 JOANNIS
1846 377 2325 435 CllRYSOSTOIl
2367 373 2686 432 ARCHIEP.
2725 377 3258 434 CONSTANTINOP.

3907 377 4017 432 890

2414 490 2537 544 audi
2564 491 2720 545 verba
2748 507 2866 562 qua:
2895 502 3205 562 sequuntur,
3236 502 3291 546 et
3315 490 3513 549 desiste
3534 492 3599 548 ab
3628 493 4008 560 intempestiva

2412 582 2775 636 contentione.
2809 582 3095 637 Enimvero
3141 594 3199 636 ut
3233 584 3388 647 dixit,
3433 583 3705 638 Faciamus
3734 584 4004 655 hominm

2414 671 2566 744 (Gen.
2599 674 2651 727 1.
2679 672 2773 743 26)
2808 689 2833 729 λ
2860 688 2966 726 non
2989 673 3144 736 dixit,
3183 673 3476 727 secundum
3525 675 3809 744 imaginem
3856 688 4004 726 tuan

2414 765 2696 828 minorem,
2725 779 2897 833 neque
2912 765 3205 818 secundum
3225 764 3508 832 imaginem
3528 779 3702 817 meam
3721 764 4011 834 majorem.

2414 856 2509 911 sed
2538 855 2828 910 Secundum
2854 856 3126 925 imaginem
3149 865 3373 909 nostram
3390 894 3406 919 ,
3434 871 3628 923 nempe
3650 856 3888 908 indicans
3906 850 4007 909 Pa-

2414 951 2513 1003 tris
2540 956 2596 1002 et
2619 946 2735 1001 Filii
2764 948 3045 1016 imaginem
3076 962 3232 999 unam
3260 961 3402 1000 esse.
3422 946 3536 999 Non
3559 946 3700 999 enim
3718 944 3853 997 dixit
3878 944 4013 995 ima-

2414 1040 2586 1108 gines,
2630 1038 2725 1092 sed
2769 1037 3052 1108 Imaginem
3088 1046 3347 1101 nostram;
3390 1051 3494 1090 non
3539 1037 3688 1115 enim
3720 1036 3843 1088 dua:
3885 1042 4009 1086 sunt

2358 1170 2368 1180 .
2416 1130 2724 1198 inmquales,
2757 1127 2850 1181 sed
2884 1142 2987 1181 una
3018 1137 3071 1181 et
3094 1127 3282 1182 eadem
3324 1127 3543 1196 aequalis
3574 1126 3745 1180 Patris
3785 1125 4010 1191 Filiique

2414 1220 2612 1287 imago.
2646 1217 2799 1272 Unde
2823 1225 2879 1271 et
2904 1232 2935 1270 a
2959 1217 3165 1271 dextris
3204 1216 3359 1285 jubet
3396 1215 3603 1278 sedere,
3640 1223 3701 1269 ut
3747 1216 4007 1282 aqualem

2418 1309 2699 1375 honorem,
2727 1317 2784 1363 et
2812 1317 3128 1378 potestatem
3162 1324 3265 1360 non
3312 1306 3617 1361 inferiorem
3664 1307 3875 1360 discas:
3909 1304 4009 1358 Ili-

2417 1402 2586 1455 nister
2604 1402 2745 1454 enim
2773 1416 2880 1454 non
2909 1399 3095 1462 sedet,
3123 1399 3216 1453 sed
3247 1406 3441 1451 adstat.
3470 1396 3605 1451 Nam
3640 1396 3783 1465 quod
3820 1395 4011 1448 sedere

2418 1493 2702 1546 dominica:
2753 1492 3032 1561 potestatis
3074 1491 3178 1555 sit,
3224 1490 3437 1543 adstare
3478 1488 3688 1542 servilis
3732 1496 3787 1542 et
3826 1475 4010 1553 subje-

2418 1595 2517 1637 cta:
2552 1583 2903 1649 conditionis,
2935 1583 3059 1637 audi
3105 1582 3379 1652 quomodo
3419 1580 3606 1635 Daniel
3644 1580 3825 1634 dicat:
3860 1578 4010 1646 Aspi-

2419 1676 2608 1727 ciebam
2648 1674 2807 1728 donec
2833 1674 2982 1744 positi
3010 1684 3127 1728 sunt
3152 1672 3344 1735 throni,
3374 1682 3421 1726 et
3446 1672 3683 1741 antiquus
3706 1671 3905 1723 dierum
3932 1684 4012 1720 se-

2420 1765 2492 1816 dit
2520 1781 2541 1819 :
2568 1764 2733 1817 decies
2758 1764 2898 1817 mille
2918 1764 3173 1833 myriades
3196 1761 3549 1815 ministrabant
3571 1761 3638 1824 ei,
3670 1768 3715 1812 et
3740 1758 3880 1811 mille
3900 1757 4016 1809 mil-

2422 1857 2492 1908 lia
2517 1854 2809 1909 assistebant
2838 1856 2885 1907 ei
2911 1854 3072 1925 (Dan.
3104 1855 3157 1908 7.
3190 1854 3244 1909 9.
3275 1852 3389 1922 i0).
3422 1852 3491 1905 Et
3520 1854 3713 1906 iterum
3747 1848 3971 1903 Hessius
4000 1864 4016 1897 τ

2431 1944 2671 1998 Videbam
2696 1944 2972 1998 Dominum
2992 1945 3243 1998 sedentem
3270 1959 3423 2013 super
3441 1943 3677 1995 thronum
3697 1940 3950 1993 excelsum
3972 1949 4017 1988 et

2421 2036 2689 2102 eleuatum,
2723 2044 2773 2088 et
2820 2034 3094 2103 Seraphim
3120 2033 3317 2086 stabant
3341 2032 3395 2084 in
3423 2032 3636 2083 circuitu
3663 2032 3773 2098 ejus
3803 2027 4013 2098 (Hesai.

2422 2128 2474 2181 6.
2510 2126 2584 2196 1).
2626 2125 2878 2180 Michmas
2901 2134 3117 2177 autem:
3155 2122 3269 2175 Vidi
3315 2120 3591 2174 Dominum
3643 2119 3808 2170 Deum
3854 2117 4019 2168 Israel

2422 2219 2674 2272 sedentem
2696 2233 2847 2289 super
2877 2218 3110 2270 thronum
3136 2231 3303 2277 suum,
3332 2223 3380 2266 et
3408 2212 3571 2266 omnis
3606 2210 3867 2265 exerCitus
3904 2208 4020 2261 caeli

2422 2312 2589 2365 stabat
2614 2328 2647 2363 a
2672 2310 2861 2363 dextris
2887 2310 2994 2380 ejus
3014 2317 3060 2361 et
3080 2324 3111 2359 a
3131 2306 3351 2360 sinistris
3381 2305 3490 2374 ejus
3513 2303 3588 2373 (5.
3614 2302 3742 2372 Reg.
3772 2300 3865 2354 22.
3898 2298 4015 2366 l9).

2423 2400 2586 2457 Vides
2638 2400 2833 2469 ubique
2876 2414 3136 2469 supernas
3179 2398 3402 2451 virtutes
3446 2396 3791 2456 assistentes,
3843 2392 4020 2460 ipsum

2423 2503 2599 2547 autem
2632 2492 2908 2547 sedentem
2924 2491 2950 2543 ?
2978 2489 3109 2545 Cum
3135 2490 3293 2559 igitur
3317 2487 3514 2541 videris
3540 2496 3595 2539 et
3618 2485 3811 2540 Filium
3832 2483 4020 2537 sedem

2424 2600 2453 2637 a
2503 2582 2706 2638 dextris
2750 2581 3090 2647 habentem,
3141 2596 3246 2633 non
3301 2577 3655 2631 ministrantis
3703 2575 4021 2644 dignitatem

2425 2674 2710 2745 quamdam
2740 2682 2915 2743 putes,
2946 2673 3041 2727 sed
3083 2670 3331 2725 habentis
3362 2667 3735 2721 auctoritatem
3780 2663 4015 2717 domini-

2426 2781 2566 2820 cam.
2596 2766 2799 2819 Idcirco
2824 2772 2879 2818 et
2907 2763 3101 2817 Paulus
3127 2777 3249 2815 cum
3278 2768 3503 2829 utraque
3528 2758 3720 2820 sciret,
3751 2755 3896 2825 quod
3926 2754 4020 2807 ad-

2426 2868 2569 2913 stare
2609 2857 3027 2911 ministrantium
3057 2855 3146 2917 sit,
3175 2853 3367 2908 sedero
3410 2860 3587 2906 autem
3637 2849 4017 2918 imperantium

2426 2955 2482 3002 et
2509 2945 2931 3017 praesidentium,
2957 2944 3081 2998 vide
3108 2942 3377 3011 quomodo
3421 2942 3537 2996 haec
3575 2940 3889 3009 distinguat,
3935 2937 4020 2992 di-

2427 3053 2557 3094 cens
2580 3057 2593 3091 :
2617 3037 2822 3107 Angelis
2850 3036 3052 3104 quidem
3070 3036 3175 3088 suis
3197 3034 3379 3104 inquit,
3407 3033 3508 3099 Qui
3532 3032 3653 3103 facit
3675 3030 3884 3099 angelos
3897 3045 4020 3084 suos

2428 3130 2655 3199 spiritus,
2680 3137 2726 3180 et
2750 3128 3007 3181 ministros
3036 3142 3152 3179 suos
3180 3126 3445 3195 ﬂammam
3472 3124 3641 3193 ignis;
3664 3120 3800 3174 Filio
3818 3128 4018 3185 autem,

2432 3220 2800 3276 Thronus'tuus
2828 3219 2966 3272 Deus
2990 3219 3043 3270 in
3069 3216 3311 3271 suculam
3335 3215 3507 3269 sicculi
3536 3214 3725 3284 (Hebr.
3766 3214 3816 3267 l.
3846 3213 3907 3265 'I.
3939 3211 4019 3281 8),

2431 3328 2527 3381 per
2564 3298 2817 3366 thronum
2860 3310 3063 3380 regiam
3111 3316 3434 3378 potestatem
3481 3306 3788 3375 designans.
3840 3302 4024 3372 Itaque

2430 3419 2554 3458 cum
2580 3418 2759 3458 sermo
2790 3407 2972 3457 noster
3011 3400 3232 3455 omnino
3270 3397 3505 3467 probarit
3548 3396 3669 3451 Filii
3710 3389 4021 3458 dignitatem

2432 3495 2830 3567 non-servilem,
2853 3492 2948 3548 sed
2970 3492 3192 3547 herilem
3237 3505 3380 3556 esse,
3424 3488 3712 3545 adoremus
3749 3486 3929 3553 ipsum
3972 3492 4026 3537 ut

2435 3586 2720 3641 Dominum
2771 3593 2827 3639 et
2855 3584 3001 3639 Patri
3030 3584 3233 3636 honore
3261 3580 3586 3648 cozequaleni
3619 3595 3633 3629 :
3664 3576 3742 3631 sic
3781 3574 3934 3632 enim
3974 3585 4026 3628 et

2574 3676 2835 3746 praecepit
2861 3691 2983 3728 cum
3012 3674 3167 3740 dixit,
3198 3672 3267 3728 Ut
3293 3687 3466 3726 onmes
3508 3671 3752 3723 honorent
3800 3665 4021 3730 Filium,

2431 3772 2561 3825 sicut
2602 3771 2851 3823 honorant
2891 3768 3100 3822 Patrem
3137 3766 3317 3839 (Joan.
3360 3765 3415 3820 5.
3458 3764 3576 3834 25).
3624 3761 4023 3829 Coniungamus

2435 3864 2561 3917 item
2589 3861 2883 3917 sinceritati
2922 3860 3229 3929 dogmatum
3268 3856 3597 3926 diligentiam
3634 3854 3755 3907 vitae
3794 3860 3854 3907 et
3892 3866 4023 3921 ope-

2435 3971 2574 4018 runt,
2604 3964 2661 4007 ut
2689 3968 2759 4007 ne
2786 3952 3109 4007 dimidiatim
3133 3966 3253 4020 qua:
3277 3949 3347 4005 ad
3372 3956 3614 4003 nostram
3642 3945 3877 4001 salutem
3898 3957 4023 4013 spe-

2432 4052 2579 4099 ctant
2606 4052 2881 4098 curentur.

2517 4134 2720 4189 Versari
2740 4136 2793 4188 in
2828 4134 3028 4204 templis
3052 4133 3195 4187 debet
3223 4130 3427 4187 assidue
3451 4129 3787 4185 Christianus.
3814 4157 3891 4177 -.-
3910 4125 4025 4183 lam

2436 4228 2558 4281 vita:
2584 4227 2913 4295 diligentiam
2940 4232 2995 4279 et
3024 4225 3308 4292 puritatem
3336 4221 3470 4276 nihil
3491 4221 3569 4275 sic
3604 4217 3769 4274 efﬁcit
3805 4227 3863 4273 et
3903 4232 4024 4273 eor-

2436 4321 2578 4390 rigit.
2612 4328 2667 4373 ut
2692 4318 2943 4387 frequens
2968 4316 3053 4371 hic
3073 4324 3389 4380 conventus,
3420 4322 3477 4369 et
3505 4314 3685 4369 alacre
3708 4311 3773 4365 ad
3803 4311 4023 4365 audien-

2436 4413 2562 4466 dum
2592 4412 2815 4467 verbum
2856 4410 2951 4464 Dei
2996 4408 3255 4463 studium.
3305 4406 3459 4475 Quod
3512 4406 3655 4460 enim
3697 4403 3911 4472 corpori
3949 4411 4026 4456 est

2436 4506 2608 4569 cibus,
2662 4504 2762 4558 hoc
2807 4504 2999 4556 animae
3041 4502 3343 4555 divinorum
3383 4498 3716 4568 eloquiorum
3759 4496 4021 4549 doctrina.

2440 4595 2563 4649 Non
2587 4595 2721 4648 enim
2747 4595 2801 4647 in
2826 4592 2937 4647 solo
2963 4609 3094 4661 pane
3113 4592 3227 4645 vivit
3254 4592 3422 4652 homo,
3444 4590 3534 4643 sed
3556 4599 3602 4642 et
3623 4588 3677 4640 in
3702 4587 3842 4641 omni
3862 4585 4022 4647 verbo,

2435 4686 2570 4756 quod
2607 4683 2935 4754 proceditide
2970 4700 3057 4737 ore
3091 4681 3188 4735 Dei
3219 4680 3395 4753 (Deut.
3433 4680 3487 4735 8.
3514 4681 3549 4735 3
3590 4678 3821 4744 ;Hatth.
3862 4678 3918 4731 4.
3950 4677 4023 4745 4).

2440 4778 2576 4832 llinc
2603 4784 2659 4831 et
2683 4776 2851 4829 fames
2879 4774 3064 4829 induci
3097 4774 3257 4839 solet,
3291 4774 3335 4826 si
3369 4772 3493 4825 huic
3521 4784 3721 4823 mensaa
3748 4783 3854 4823 non
3881 4780 4026 4821 com-

2440 4868 2761 4923 municetur.
2804 4864 2942 4919 Audi
2968 4863 3161 4932 itaque
3188 4862 3288 4916 hac
3312 4862 3380 4915 de
3408 4876 3468 4915 re
3494 4860 3948 4921 interminantem,
3978 4866 4029 4909 et

2439 4959 2634 5016 famem
2660 4957 2798 5010 hanc
2832 4956 2884 5009 in
2919 4954 3112 5009 ordine
3141 4952 3525 5022 suppliciorum
3553 4958 3608 5005 et
3632 4962 3913 5018 poenarum
3949 4947 4024 5001 in-

2441 5058 2756 5103 tentantem.
2780 5045 2925 5099 Dabo
2950 5047 3081 5100 enim
3117 5044 3209 5110 eis,
3258 5043 3449 5111 inquit,
3492 5056 3594 5094 non
3634 5043 3819 5109 famem
3862 5039 4026 5108 panis,

2440 5141 2600 5208 neque
2619 5139 2753 5193 sitim
2782 5154 2949 5207 aqua,
2993 5136 3082 5191 sed
3112 5140 3297 5207 famem
3325 5133 3567 5187 audiendi
3604 5147 3885 5184 sermonem
3922 5127 4027 5183 Do-

2440 5232 2767 5299 mini(Amos
2814 5228 2868 5283 8.
2902 5227 3015 5297 ll).
3071 5225 3350 5293 Quomodo
3391 5223 3553 5294 igitur
3592 5238 3700 5277 nou
3745 5221 4028 5276 absurdum

2441 5340 2544 5396 pro
2567 5323 2828 5393 corporali
2860 5322 2998 5375 fame
3023 5319 3330 5389 repellenda
3362 5318 3536 5372 facere
3555 5325 3608 5371 et
3628 5324 3895 5370 attentare
3922 5326 4025 5366 om-

2443 5415 2552 5479 nia,
2584 5414 2777 5469 anima:
2799 5422 2979 5468 autem
3023 5410 3218 5466 [autem
3257 5419 3449 5479 sponte
3487 5423 3747 5477 quicrore,
3792 5403 4027 5476 quamvis

2443 5506 2613 5561 multo
2642 5505 2859 5574 gravior
2883 5505 2973 5569 sit,
3003 5511 3203 5572 quanto
3233 5500 3437 5554 scilicet
3457 5499 3671 5568 gravius
3696 5508 3779 5553 est
3808 5508 3862 5551 et
3887 5496 4025 5549 dam.

2445 5599 2610 5655 num?
2638 5598 2744 5652 Oro
2769 5607 2823 5652 et
2852 5596 3117 5666 supplico,
3150 5609 3218 5649 ne
3258 5603 3365 5647 tam
3407 5593 3548 5647 male
3586 5593 3743 5647 nobis
3785 5589 4022 5646 consula-

2445 5705 2587 5755 mus,
2615 5689 2710 5744 sed
2741 5689 3053 5759 pneleratur
3081 5686 3171 5740 hic
3200 5694 3497 5739 conventus
3520 5681 3955 5750 occupationibus
3979 5686 4023 5730 ct

2446 5783 2588 5837 curis
2618 5784 2885 5836 omnibus.
2909 5779 3050 5846 Quid
3069 5778 3211 5833 enim
3232 5786 3437 5831 tantum
3466 5774 3658 5831 lucrari
3679 5784 3846 5843 potes,
3871 5784 4021 5841 quas-
