4186 6326
228 469 334 524 801

226 593 350 634 tum
371 578 556 636 damni
583 579 710 633 facis
731 587 784 634 et
811 578 903 632 tibi
933 578 1054 648 ipsi,
1085 587 1141 633 et
1169 579 1262 632 toti
1285 577 1487 642 domui,
1518 579 1563 633 si
1591 592 1823 633 conven-

229 681 349 724 tum
371 679 430 724 et
469 669 714 741 synaxim
757 668 1055 738 relinquis?
1087 667 1340 733 Quamvis
1374 669 1519 723 enim
1557 668 1823 738 integrum

229 759 546 813 thesaurum
578 773 712 813 auro
736 759 990 814 refertum
1023 759 1282 822 invenias,
1323 767 1380 812 et
1419 767 1638 828 propter
1675 759 1824 813 illum

225 851 382 906 absis
409 870 423 904 :
449 851 622 920 majus
647 860 823 906 tamen
866 851 1250 906 detrimentum
1295 865 1454 920 quam
1497 849 1700 905 lucrum
1744 850 1824 902 fa-

228 941 370 1005 cies,
406 952 462 995 et
491 951 640 996 tanto
676 942 870 1010 majus,
915 950 1116 1012 quanto
1152 939 1495 997 sensibilibtis
1533 941 1825 1012 spiritualia

225 1041 360 1084 sunt
385 1033 627 1086 meliora.
649 1031 782 1086 Nam
819 1031 944 1086 licet
963 1031 1051 1085 illa
1078 1031 1243 1086 multa
1269 1029 1378 1085 sint
1401 1040 1456 1086 et
1477 1031 1827 1101 undequaque

227 1119 477 1185 amuant,
500 1135 608 1175 non
635 1132 813 1176 tamen
843 1122 968 1176 hinc
987 1130 1164 1176 tecum
1189 1120 1620 1192 commigrabunt
1652 1120 1720 1175 ad
1742 1121 1824 1174 vi-

226 1221 347 1265 tam
377 1211 628 1278 futuram,
663 1228 836 1282 neque
870 1213 1032 1268 simul
1077 1212 1354 1268 nobiscum
1382 1214 1437 1267 in
1462 1213 1624 1268 caelos
1650 1222 1826 1268 trans-

226 1301 500 1371 ferentur,
526 1321 702 1375 neque
739 1306 1027 1361 adstabant
1070 1308 1211 1376 apud
1255 1307 1493 1363 terribile
1536 1307 1762 1362 tribunal
1808 1322 1824 1360 :

230 1394 350 1449 imo
382 1410 528 1465 saepe
571 1407 626 1452 et
661 1407 786 1453 ante
825 1408 1053 1454 mortem
1095 1389 1407 1455 dilabuntur
1442 1417 1458 1453 :
1497 1401 1640 1471 quod
1678 1401 1722 1454 si
1758 1399 1827 1454 ad

231 1483 400 1540 linem
433 1499 602 1557 usque
625 1490 942 1552 manserint,
971 1491 1276 1545 necessario
1303 1498 1482 1545 tamen
1523 1489 1626 1546 sub
1654 1491 1826 1559 ipsum

231 1578 401 1636 ﬁnem
428 1579 704 1636 tollumer.
725 1582 1031 1653 Spiritualis
1059 1592 1238 1639 autem
1257 1583 1540 1639 thesaurus
1559 1585 1829 1654 possessio

230 1676 344 1735 est,
370 1684 494 1738 quae
517 1668 716 1726 auferri
737 1673 943 1742 nequit,
966 1682 1020 1728 et
1039 1673 1238 1744 ubique
1279 1688 1464 1730 comes
1500 1683 1604 1740 est,
1646 1674 1828 1744 sequi-

234 1769 434 1830 turque
456 1775 685 1833 peregre
703 1771 914 1832 euntes,
940 1765 1170 1820 multum
1197 1765 1406 1820 ﬁducia:
1435 1764 1577 1836 apud
1599 1766 1828 1820 tribunal

231 1847 438 1904 Christi
463 1853 618 1907 nobis
642 1854 904 1909 tribuens.

305 1941 363 1994 4.
397 1939 603 2012 Duplex
631 1947 828 2014 fractus
853 1959 920 1999 es:
938 1945 1100 2000 sacris
1131 1946 1472 2011 emanantibus,
1511 1955 1559 2001 et
1583 1948 1827 2004 collectis.

234 2061 311 2072 --
331 2031 491 2105 Quod
525 2033 574 2088 si
597 2049 664 2090 ex
701 2035 823 2091 aliis
857 2038 1209 2093 moventibus
1236 2047 1440 2092 tantum
1471 2040 1603 2094 lucri
1636 2056 1830 2094 conse-

233 2121 476 2192 quimur,
505 2135 652 2180 certe
689 2127 864 2203 abiis
898 2129 989 2197 qui
1032 2129 1119 2184 hic
1146 2129 1489 2185 celebrantur
1513 2131 1712 2201 duplex
1752 2132 1861 2186 lu—_

231 2225 391 2267 erum
411 2223 727 2285 exspectare
750 2217 895 2273 licet.
917 2217 1035 2273 Non
1064 2219 1208 2273 enim
1234 2219 1375 2275 hunc
1401 2220 1629 2277 fructum
1657 2222 1831 2276 solqu

233 2308 503 2376 capimus,
528 2309 672 2380 quod
700 2309 934 2366 animam
969 2311 1167 2367 divinis
1193 2314 1422 2384 eloquiis
1449 2314 1704 2384 rigemus,
1735 2315 1831 2369 sed

237 2408 296 2452 et
322 2398 470 2469 quod
504 2401 688 2456 hostes
713 2402 916 2472 ingenti
945 2406 1153 2472 pudore
1187 2403 1504 2469 afficiamus,
1535 2404 1833 2476 fratresque

239 2500 461 2545 nostros
501 2491 667 2545 multa
705 2495 1073 2549 consolatione
1109 2495 1433 2565 repleamus.
1463 2496 1576 2552 Hoc
1608 2497 1752 2550 enim
1780 2499 1831 2551 in

237 2582 376 2635 aciei
417 2581 622 2636 lucrum
653 2584 818 2650 cedit,
852 2585 898 2639 si
938 2585 1005 2640 ad
1048 2595 1251 2655 partem
1291 2588 1462 2658 praelii
1498 2588 1750 2643 afflictam
1780 2599 1835 2643 et

239 2673 632 2739 periclitantem
661 2688 1029 2744 properemus.
1055 2677 1342 2746 Propterea
1361 2694 1550 2734 omnes
1575 2680 1679 2735 huc
1706 2695 1836 2734 con-

241 2761 413 2818 fluere
439 2765 742 2832 oportebat,
764 2776 818 2820 et
843 2765 1030 2822 hostes
1053 2768 1143 2837 qui
1174 2783 1271 2823 nos
1299 2769 1635 2836 adoriuntur,
1664 2774 1836 2844 repel-

205 2888 208 2890 ~
242 2854 377 2910 lere.
425 2854 577 2922 Esto,
625 2869 862 2926 nequeas
905 2857 1123 2927 longum
1167 2875 1471 2915 sermonem
1516 2862 1832 2931 producere,

243 2959 347 2999 nec
385 2944 585 3000 habeas
620 2946 844 3001 docendi
881 2947 1107 3017 gratiam
1141 2949 1323 3005 :adsis
1347 2951 1542 3018 solum,
1572 2961 1627 3006 et
1665 2961 1835 3008 totum

245 3035 536 3102 per-fecisti.
573 3035 706 3089 Nam
747 3037 989 3106 corporis
1027 3041 1312 3108 praesentia
1354 3053 1632 3096 numerum
1662 3043 1839 3111 gregis

243 3124 495 3193 adauget.
534 3139 599 3179 ac
637 3127 866 3208 multam.
899 3126 1149 3182 fratribus
1184 3115 1289 3184 tuis
1325 3129 1480 3185 aﬂ'ert
1514 3132 1840 3186 consolatio-

245 3231 396 3281 nem,
420 3226 476 3273 et
503 3216 748 3272 hostibus
771 3217 1053 3287 pudorem.
1083 3221 1296 3276 Etenim
1319 3223 1368 3277 si
1395 3223 1514 3292 quis
1541 3225 1656 3278 huic
1683 3237 1838 3278 sacra

247 3305 524 3376 ingressus
550 3308 836 3375 vestibula,
867 3323 1066 3376 paucos
1095 3311 1291 3376 videat,
1322 3312 1654 3367 alacritatem
1686 3328 1838 3367 suam

250 3397 494 3462 remittit,
543 3399 818 3465 torpescit,
865 3399 1141 3471 factusque
1183 3386 1400 3471 segnior
1445 3404 1571 3459 hinc
1611 3405 1835 3469 recedit,

248 3488 437 3557 sicque
461 3489 714 3557 paulatim
739 3491 914 3545 omnis
942 3493 1224 3546 multitudo
1262 3494 1503 3564 ignavior
1533 3505 1586 3549 et
1613 3496 1843 3550 dissolu-

253 3580 358 3632 tior
391 3580 591 3634 evadit.
617 3579 712 3636 Sin
751 3581 943 3638 viderit
976 3598 1300 3639 concurrere
1340 3587 1695 3656 undequaque
1729 3603 1843 3640 ma-

250 3681 466 3736 gnoque
505 3668 705 3735 studio,
747 3671 909 3723 etiam
952 3671 997 3724 si
1035 3671 1192 3726 valde
1231 3673 1450 3742 ignavus
1493 3675 1583 3740 sit,
1617 3675 1845 3729 alacrior

251 3758 516 3813 redditur.
551 3759 683 3822 Nam
723 3761 769 3814 si
809 3760 945 3832 lapis
984 3777 1141 3837 saepe
1171 3764 1237 3817 ad
1278 3764 1509 3833 lapidem
1548 3782 1844 3822 concussus

252 3850 518 3905 scintillas
552 3851 774 3906 exsilire
800 3851 942 3918 facit,
976 3855 1188 3910 tametsi
1229 3855 1361 3910 nihil
1399 3856 1469 3911 sit
1503 3855 1746 3927 frigidius
1771 3859 1846 3911 la-

255 3944 400 4013 pide,
428 3946 668 4019 nihilque
695 3949 818 4018 igne
842 3950 1083 4016 calidius,
1114 3960 1346 4006 attamen
1377 3954 1681 4020 concussio,
1703 3953 1846 4008 victa

256 4045 472 4100 natura,
502 4038 677 4107 ignem
706 4039 870 4094 elicit.
896 4039 1049 4108 Quod
1080 4043 1124 4095 si
1155 4043 1206 4096 id
1249 4042 1303 4096 in
1343 4043 1537 4112 lapillis
1564 4043 1843 4112 contingit,

258 4127 431 4182 multo
451 4129 621 4200 magis
642 4129 782 4184 idem
809 4131 868 4185 lit
889 4139 945 4187 et
972 4132 1025 4185 in
1051 4132 1329 4187 animabus
1354 4149 1474 4202 quze
1501 4142 1688 4187 mutuo
1711 4141 1849 4186 atte-

255 4226 461 4270 runtur
487 4227 544 4271 et
590 4219 716 4290 igne
737 4219 978 4290 Spiritus
1004 4226 1418 4281 concalescunt.
1449 4227 1568 4283 Non
1607 4229 1846 4289 audistis

253 4306 400 4375 apud
429 4307 674 4376 majores
688 4318 910 4366 nostros
929 4303 1144 4368 tantum
1157 4326 1382 4371 centum
1394 4320 1650 4390 et‘viginti
1669 4321 1845 4379 fuisse

252 4406 432 4452 totum
462 4399 703 4454 ﬁdelium
722 4417 1009 4458 numerum
1038 4405 1178 4476 (Act.
1203 4408 1255 4463 l.
1277 4409 1402 4473 55):
1425 4412 1536 4466 imo
1571 4420 1698 4467 ante
1717 4412 1844 4468 illos

257 4500 480 4546 centum
507 4499 564 4546 et
600 4492 806 4562 viginti,
837 4493 1122 4549 duodecim
1158 4503 1364 4550 tantum
1391 4505 1566 4561 erant,
1591 4505 1647 4552 et
1679 4512 1854 4566 neque

260 4581 316 4636 hi
359 4592 673 4637 manserunt
709 4598 919 4649 omnes,
949 4585 1046 4640 sed
1073 4601 1210 4640 unus
1251 4601 1317 4640 ex
1346 4586 1426 4640 eis
1462 4585 1628 4641 ludas
1655 4586 1855 4655 periit?

262 4673 331 4727 Et
367 4683 526 4728 erant
561 4673 810 4729 undecim
840 4689 1050 4741 omnes,
1092 4687 1326 4732 attamen
1365 4692 1434 4732 ex
1467 4678 1718 4732 undecim
1748 4678 1856 4734 illis

262 4765 386 4820 facti
407 4773 533 4819 sunt
553 4774 768 4822 centum
795 4775 851 4822 et
875 4767 1060 4837 viginti
1081 4785 1098 4834 ;
1119 4779 1186 4824 ex
1213 4778 1427 4824 contum
1457 4779 1513 4825 et
1536 4769 1722 4840 viginti
1753 4773 1854 4826 tria

1011 463 1098 519 nu
1137 463 1404 520 CHRISTI
1446 463 1860 535 summa,
1900 464 2172 522 CONTRA
2207 465 2584 521 ANOMCEOS.
2624 466 2741 521 xu.

3415 466 3516 525 892

1931 578 2114 644 millia,
2145 578 2340 634 deinde
2379 581 2614 650 quinque
2641 580 2826 645 millia,
2871 580 3105 651 denique
3134 590 3303 637 totum
3332 582 3521 638 urbem

1934 667 2196 724 terrarum
2243 670 2596 740 impleverunt
2623 672 2928 741 cognitione
2959 673 3074 728 Dei.
3116 673 3247 742 Ejus
3279 688 3410 729 vero
3443 675 3522 731 rei

1932 773 2093 815 causa
2121 760 2237 815 hare
2260 769 2362 815 est.
2390 760 2686 831 Numquam
2712 771 3031 818 conventum
3059 763 3400 831 deserebant,
3425 765 3522 818 sed

1931 849 2092 905 simul
2129 850 2181 904 in
2224 850 2422 920 templo
2461 851 2933 917 conversabantur,
2972 854 3220 922 precibus
3251 862 3308 909 et
3335 854 3522 909 lectio-

1932 940 2090 995 nibus
2119 940 2306 995 intenti
2339 958 2354 993 :
2389 950 2668 1010 propterea
2695 955 2945 1012 magnum
2974 942 3280 998 incendium
3309 945 3522 998 excita-

1932 1038 2086 1097 runt,
2139 1039 2420 1100 propterea
2471 1044 2762 1101 numquam
2803 1031 3172 1100 difﬂuxerunt,
3214 1033 3309 1088 sed
3351 1044 3524 1089 totum

1933 1129 2265 1177 attraxerunt
2310 1124 2517 1178 orbem.
2565 1123 2674 1178 llos
2716 1135 2772 1178 et
2822 1139 2922 1178 nos
2969 1140 3181 1194 quicque
3228 1125 3521 1180 imitemur.
3581 1182 3584 1184 ν

1934 1211 2214 1282 Quomodo
2254 1214 2395 1266 enim
2434 1227 2540 1267 non
2585 1213 2900 1280 absurdum,
2941 1229 3048 1268 non
3095 1223 3295 1270 tantam
3337 1226 3522 1270 curam

1935 1305 2191 1360 Ecclesia:
2219 1307 2425 1373 haberi",
2453 1315 2705 1376 quantum
2735 1307 2924 1361 vicinis
2955 1308 3067 1362 suis
3096 1309 3348 1363 mulieres
3372 1308 3522 1363 exhi-

1934 1384 2100 1451 bent?
2129 1397 2234 1450 Illze
2253 1412 2376 1452 cum
2405 1397 2636 1452 viderint
2661 1397 2922 1465 virginem
2948 1399 3180 1468 aliquam
3207 1413 3521 1468 pauperem.

1932 1495 1989 1542 et
2015 1487 2163 1542 omni
2201 1488 2508 1543 destitutam
2547 1488 2822 1558 prmsidio,
2850 1487 3090 1544 ofﬁcioso
3130 1501 3228 1544 sua
3269 1490 3523 1554 alienant,

1933 1577 2353 1650 propinquorum
2397 1574 2542 1636 vices
2577 1580 2860 1648 obeuntes,
2905 1590 2960 1636 et
3001 1595 3248 1651 magnam
3291 1583 3412 1652 quis
3451 1582 3523 1637 ibi

1933 1670 2079 1727 videt
2120 1673 2491 1743 frequentiam,
2515 1673 2656 1728 dum
2699 1673 2850 1744 virgo
2886 1672 3289 1743 desponsatur:
3321 1683 3376 1728 et
3405 1673 3527 1727 alia:

1933 1763 2150 1834 quidem
2193 1763 2425 1819 oderunt
2463 1764 2749 1833 pecunias,
2793 1763 2912 1818 alia:
2963 1762 3190 1832 corpore
3231 1772 3527 1833 praesentes

1934 1863 2079 1919 sunt,
2104 1839 2247 1924 quod
2270 1854 2430 1908 etiam
2448 1856 2624 1924 ipsum
2646 1870 2752 1908 non
2770 1868 2960 1923 parum
2976 1862 3060 1907 est
3084 1870 3099 1908 :
3122 1864 3306 1908 eorum
3330 1854 3528 1923 quippe

1934 1943 2170 1999 studium
2196 1944 2469 1998 tenuitatis
2497 1943 2664 2014 ipsius
2684 1944 2930 1999 velamen
2957 1951 3061 2010 est,
3089 1958 3384 2013 earumque
3409 1944 3525 1997 ala-

1934 2035 2125 2090 critate
2150 2045 2436 2105 paupertas
2462 2036 2749 2106 obtegitur.
2777 2036 2892 2091 Hoc
2915 2044 2971 2091 et
2996 2049 3094 2090 vos
3121 2035 3175 2091 in
3204 2035 3306 2090 hac
3335 2036 3526 2091 Eccle-

1935 2127 2013 2182 sia
2039 2127 2195 2182 facite
2222 2144 2238 2182 :
2265 2141 2650 2181 concurramus
2672 2141 2858 2182 omnes
2880 2126 3136 2196 undique,
3165 2135 3222 2182 et
3248 2127 3368 2196 ejus
3391 2140 3526 2181 con-

1936 2228 2177 2290 tegamus
2214 2219 2470 2289 impiam,
2511 2220 2620 2274 imo
2665 2220 2937 2274 solvamus
2973 2218 3092 2288 ejus
3131 2227 3526 2288 paupertatem,

1937 2309 2026 2365 hic
2073 2309 2381 2380 frequenter
2429 2309 2804 2364 adventantes.
2854 2308 3021 2378 Caput
3062 2308 3290 2362 mlieris
3338 2311 3417 2361 vir
3451 2317 3529 2362 est

1938 2401 2157 2474 (Ephes.
2184 2402 2239 2456 5.
2266 2401 2386 2472 25),
2415 2401 2608 2456 mulier
2633 2400 2735 2454 viri
2776 2400 3033 2470 adjutrix.
3064 2400 3143 2455 Ne
3180 2400 3343 2470 igitur
3364 2410 3530 2469 caput

1937 2493 2140 2563 absque
2163 2503 2391 2560 corpore
2414 2492 2553 2546 viam
2578 2491 2648 2546 ad
2679 2490 2798 2546 haec
2832 2499 3016 2545 sancta
3056 2491 3243 2546 limina
3283 2493 3527 2562 arripiat,

1938 2598 2115 2653 neque
2139 2597 2335 2650 corpus
2362 2582 2565 2650 absqe
2604 2581 2809 2651 capite,
2838 2581 2934 2636 sed
2965 2581 3177 2652 integer
3213 2580 3320 2636 huc
3346 2582 3528 2651 ingre-

1939 2671 2118 2726 diatur
2143 2673 2303 2726 homo
2328 2670 2508 2740 pueris
2533 2671 2933 2726 comitantibus.

2011 2762 2140 2817 Filii
2152 2763 2221 2815 ad
2236 2763 2478 2831 templum
2495 2761 2808 2816 ducendi.—
2819 2761 2950 2816 Nam
2967 2762 3014 2817 si
3032 2759 3326 2831 jucundum
3349 2771 3435 2817 est
3461 2761 3533 2816 vi-

1940 2853 2069 2909 dere
2095 2854 2342 2908 arborem
2367 2867 2489 2906 cum
2525 2865 2663 2907 nova
2691 2851 2874 2921 planta
2905 2865 2940 2907 e
2973 2852 3154 2908 radice
3190 2853 3309 2922 ejus
3334 2867 3530 2908 exsur-

1940 2954 2101 3016 gente
2128 2962 2142 2997 :
2175 2943 2346 2998 multo
2371 2943 2540 3012 magis
2571 2943 2866 3012 jucundum
2896 2951 2982 2997 est
3009 2943 3191 2998 videre
3220 2943 3493 2998 hominem
3512 2985 3531 3009 ,

1941 3039 2088 3094 omni
2125 3038 2244 3093 olea
2284 3036 2653 3097 amoeniorem,
2683 3046 2724 3088 a‘
2754 3035 2934 3090 radice
2977 3050 3075 3089 sua
3123 3035 3289 3088 filium
3327 3034 3531 3090 habere

1942 3129 2265 3193 adstantem,
2305 3129 2456 3198 quasi
2503 3141 2695 3182 novam
2744 3127 2976 3195 plantam
3025 3133 3059 3181 :‘
3087 3142 3203 3186 non,
3234 3127 3534 3195 jucundum

1942 3229 2122 3278 autem
2146 3222 2338 3286 solum,
2364 3220 2459 3275 sed
2485 3229 2539 3275 et
2558 3219 2710 3274 utile.
2737 3218 2977 3285 Etenim,
3005 3229 3062 3272 ut
3088 3227 3214 3274 ante
3241 3217 3374 3284 dixi,
3401 3233 3534 3273 con-

1943 3311 2180 3383 gregatis
2208 3311 2380 3381 majus
2420 3310 2626 3364 lucrum
2665 3311 2790 3364 erit.
2830 3309 3119 3363 Enimvero
3154 3319 3208 3363 et
3243 3309 3536 3379 agricolam

1947 3414 2071 3458 tunc
2099 3404 2338 3456 maxime
2365 3400 2713 3464 admiramur,
2733 3414 2841 3453 non
2868 3413 2988 3453 cum
3015 3412 3203 3470 agrum
3222 3399 3356 3454 colit
3377 3408 3537 3453 antea

1947 3494 2085 3549 bene
2109 3493 2333 3558 cultum,
2361 3491 2456 3546 sed
2494 3505 2616 3544 eum
2659 3490 2774 3544 loca
2804 3504 2910 3544 non
2952 3491 3212 3544 seminata
3249 3498 3304 3544 et
3331 3490 3538 3544 inarata

1948 3599 2156 3639 summa
2192 3598 2319 3638 cura
2347 3582 2560 3635 excolit.
2601 3579 2691 3636 Sic
2730 3588 2785 3634 et
2823 3579 3018 3634 Paulus
3052 3578 3300 3645 faciebat,
3331 3580 3538 3648 majore

1948 3673 2126 3730 studio
2148 3672 2540 3742 evangelizans,
2566 3671 2657 3726 ubi
2681 3668 2925 3725 Christus
2953 3669 3188 3725 nondum
3211 3679 3328 3725 erat
3361 3668 3540 3724 nomi-

1950 3773 2126 3819 natus.
2149 3763 2299 3821 Illum
2327 3770 2380 3815 et
2404 3775 2501 3816 nos
2529 3760 2595 3814 ad
2634 3761 3022 3815 incrementum
3051 3759 3306 3815 Ecclesia;
3332 3759 3532 3814 utilita-

1954 3867 2166 3926 temque
2199 3865 2437 3908 uostram
2467 3853 2758 3920 imitemur,
2783 3851 3024 3923 quotidie
3052 3852 3121 3906 ad
3150 3852 3288 3906 hanc
3309 3866 3540 3922 congre-

1950 3948 2216 4020 gationem
2246 3945 2595 4002 conﬂuentes.
2623 3943 2755 4006 Nam
2789 3944 2834 3998 si
2860 3943 3290 4012 concupiscentia
3321 3942 3541 4012 flagras,

1953 4049 2156 4095 tantum
2183 4038 2283 4093 hac
2301 4039 2412 4092 visa
2438 4037 2618 4102 domo,
2641 4036 2839 4105 poteris
2858 4049 2978 4090 eam
2999 4034 3153 4090 facile
3172 4035 3506 4104 restinguere
3524 4051 3544 4088 :

1953 4132 2082 4188 etsi
2109 4132 2375 4197 irascaris,
2405 4130 2549 4184 illam
2579 4128 2735 4182 facile
2764 4127 2932 4182 feram
2958 4127 3209 4182 domabis
3238 4144 3254 4180 :
3282 4135 3339 4180 et
3361 4126 3407 4179 si
3437 4126 3542 4179 alia

1955 4224 2202 4293 quapiam
2227 4221 2505 4276 affectione
2532 4219 2829 4292 impeteris,
2853 4226 3224 4288 ternpestatem
3250 4233 3369 4272 eam
3394 4216 3551 4272 locile

1955 4315 2191 4381 celabis,
2219 4313 2518 4382 reddesque
2542 4325 2724 4381 pacem
2750 4320 2808 4365 et
2825 4310 3168 4364 serenitatem
3196 4309 3391 4364 animus
3420 4320 3548 4364 tum.

1956 4404 2072 4471 Qua
2113 4420 2212 4458 nos
2249 4419 2437 4458 omnes
2475 4402 2578 4456 frui
2613 4401 2886 4470 contingat
2921 4401 3089 4469 gratia
3131 4408 3188 4453 et
3224 4400 3552 4468 benignitate

1958 4497 2168 4552 Domini
2207 4494 2374 4549 nostri
2412 4494 2539 4548 Iesu
2577 4491 2799 4556 Christi,
2833 4490 3050 4560 quicum
3087 4489 3232 4544 Patri
3267 4497 3325 4544 et
3361 4498 3552 4544 sancto

1959 4586 2180 4657 Spiritui
2208 4586 2279 4639 sit
2300 4584 2466 4654 gloria
2495 4597 2636 4638 nunc
2661 4590 2716 4637 et
2742 4595 2979 4650 semper,
3001 4579 3133 4634 etin
3158 4579 3355 4633 secula
3380 4592 3554 4633 secu-

1961 4678 2155 4734 lorum.
2185 4678 2376 4732 Amen.

266 4995 332 5040 tn
375 4995 849 5053 PAIALYTICUII,
893 4999 1002 5053 om
1046 5000 1248 5044 annos
1290 5001 1596 5044 TRIGINTA
1637 5000 1800 5045 oc'ro
1849 4989 2272 5042 nucunuuns'r
2315 4987 2382 5029 IN
2423 4976 2845 5026 tnstnlrrs'nt
2888 4975 3032 5029 sua,
3077 4973 3164 5017 nr
3201 4975 3266 5017 tu
3310 4972 3506 5017 ILLDD
3531 4997 3552 5024 ,

649 5100 668 5132 ι
700 5098 905 5143 parun
951 5099 1120 5145 usus
1148 5101 1353 5154 usque
1395 5101 1573 5146 nono
1612 5099 1973 5151 ornus-run,
2017 5093 2101 5136 ετ
2142 5087 2264 5132 suo
2296 5081 2545 5128 oruuon
2589 5061 2821 5141 (Joan.
2851 5057 2912 5116 5.
2959 5056 3088 5135 17).
3115 5082 3136 5114 ι

1728 5217 2101 5278 W

749 5385 944 5449 (eontra
963 5394 1232 5437 summus.
1249 5367 1327 5436 sn
1357 5386 1424 5449 ι.)

339 5471 397 5526 i.
423 5469 744 5544 Benedictus
783 5470 926 5525 Deus
954 5486 971 5524 :
997 5470 1209 5540 singulo
1235 5483 1450 5540 quoque
1486 5476 1753 5523 conventu
1779 5467 1864 5520 vi-

264 5559 374 5616 deo
410 5574 603 5615 arvmn
644 5573 928 5628 crescere,
955 5575 1115 5630 agros
1149 5569 1397 5615 comatos.
1431 5558 1650 5622 ﬂorere,
1683 5572 1863 5612 aream

263 5650 507 5722 impleri,
547 5651 889 5722 multiplicari
924 5651 1262 5723 manipulos;
1305 5651 1518 5707 tametsi
1561 5665 1669 5705 non
1711 5649 1865 5703 multi

266 5742 386 5800 dies
406 5745 802 5814 praterierunt,
825 5752 1109 5816 postquam
1137 5753 1433 5801 sementem
1454 5743 1593 5798 hanc
1609 5741 1860 5812 jecimus,

332 5851 354 5884 ι
384 5845 1130 5914 “mammatae

1969 5398 2096 5441 ecce
2120 5395 2254 5438 vero
2277 5375 2671 5450 quamprimum
2695 5373 2847 5428 dives
2871 5369 3032 5425 nobis
3057 5365 3386 5423 ohedientic
3413 5367 3564 5435 spica

1970 5471 2307 5546 germinavit.
2349 5469 2430 5523 Ex
2467 5482 2576 5537 quo
2617 5463 2957 5535 perspicuum
2997 5469 3082 5515 est
3123 5473 3232 5513 non
3271 5458 3562 5511 humanam
3599 5509 3604 5514 ,

1969 5581 2094 5623 esse
2123 5561 2436 5635 potentiam,
2459 5559 2554 5615 sed
2583 5557 2807 5629 gratiam
2826 5554 3087 5619 divinam,
3111 5566 3234 5622 quas
3257 5550 3398 5604 hanc
3419 5548 3567 5603 colat

1971 5656 2284 5714 Ecclesium.
2334 5653 2468 5708 Nam
2514 5659 2570 5706 et
2625 5646 2932 5718 huiusmodi
2977 5651 3065 5700 est
3106 5651 3300 5697 natura
3347 5639 3567 5694 seminis

1971 5747 2284 5821 spiritualis.
2312 5745 2429 5801 Non
2456 5749 2736 5812 exswctat
2759 5749 2992 5810 tempus,
3025 5751 3134 5791 nou
3170 5732 3568 5790 multitudinem

1973 5842 2206 5906 dierum,
2253 5853 2360 5894 non
2401 5837 2659 5893 circuitus
2705 5832 2994 5898 mensium,
3054 5844 3167 5886 non
3200 5832 3572 5899 teutpeﬂates,
