4186 6326
638 434 749 489 8113

638 560 749 601 non
776 557 949 599 annos
979 558 995 595 :
1020 538 1116 595 sed
1146 539 1272 593 licet
1296 538 1455 592 unico
1475 536 1567 597 die
1587 536 1872 604 jacientem
1900 546 2084 587 semen
2115 530 2229 600 ple-

638 652 767 691 nam
793 644 852 689 et
886 633 1183 688 confertam
1222 630 1370 685 brevi
1398 629 1501 683 hoc
1529 630 1703 697 spatio
1740 638 1971 703 messem
2001 631 2225 677 metere.

639 725 850 781 Etenim
880 722 971 793 qui
1001 721 1141 776 lnne
1180 719 1361 775 sensui
1389 718 1683 787 subjectum
1722 724 1927 769 terram
1957 712 2227 773 scindunt,

638 816 706 870 iis
728 823 787 869 et
818 813 1108 884 plurimum
1155 809 1351 865 laboris
1390 806 1694 862 necessario
1721 802 2085 859 adhibendum
2124 810 2227 864 est,

638 917 697 963 et
739 908 832 963 diu
878 904 1332 975 exspectandum.
1374 901 1507 956 Nam
1548 907 1606 954 et
1640 898 1807 953 boves
1848 906 2088 951 aratores
2130 894 2233 949 sub

640 1001 825 1069 iugum
874 999 1090 1053 mittere
1133 1003 1417 1065 coguntur,
1452 1001 1509 1047 et
1548 990 1869 1062 profundum
1908 987 2113 1043 sulcum
2155 985 2233 1039 fo-

641 1089 792 1154 dere,
822 1098 879 1143 et
914 1088 1121 1142 semina
1147 1087 1366 1154 c0piose
1389 1083 1591 1153 jacere,
1623 1091 1679 1135 et
1706 1078 2045 1150 superﬁciem
2077 1086 2235 1132 terra:

640 1179 1007 1249 complauare,
1032 1187 1087 1232 et
1104 1176 1284 1230 omnia
1310 1187 1664 1245 quacumque
1684 1172 1831 1240 iacta
1856 1167 2077 1233 fuerint,
2106 1182 2236 1223 ceno

644 1282 847 1341 tegere,
867 1278 918 1325 et
940 1250 1255 1337 exschtare
1278 1274 1608 1336 opportunos
1632 1263 1926 1333 pluviarum
1948 1260 2231 1323 adventus,

645 1365 934 1433 multisque
964 1362 1087 1416 aliis
1124 1362 1177 1415 in
1216 1360 1378 1415 rebus
1422 1358 1661 1412 laborem
1704 1370 1770 1410 ac
1807 1354 2041 1409 studium
2084 1347 2235 1406 insu-

645 1470 818 1518 mere,
844 1463 901 1508 et
938 1453 1164 1507 multam
1206 1449 1463 1519 temporis
1489 1455 1804 1517 exspectare
1828 1459 1897 1500 ae
1922 1452 2049 1499 tunc
2077 1441 2235 1497 deui-

620 1560 754 1614 V‘que
795 1546 956 1597 linem
993 1558 1149 1597 suum
1192 1540 1470 1609 consequi.
1512 1536 1610 1593 llic
1644 1548 1823 1595 autem
1860 1543 1918 1591 et
1952 1541 2143 1591 astate
2180 1541 2237 1586 et

647 1635 827 1711 bieme
870 1641 929 1687 et
965 1646 1147 1687 serere
1173 1640 1231 1685 et
1248 1639 1456 1683 metere
1489 1629 1636 1692 licet,
1672 1635 1728 1681 et
1752 1624 1946 1679 eodem
1983 1637 2129 1691 προ
2150 1622 2238 1676 die

647 1732 935 1794 utrumque
970 1721 1224 1790 contigit,
1256 1718 1591 1788 potissimum
1636 1717 1728 1770 ubi
1752 1714 1971 1785 pinguis
2003 1723 2065 1768 et
2103 1712 2239 1767 uber

648 1813 810 1871 fuerit
836 1814 1018 1876 anima
1050 1826 1172 1881 qua:
1208 1810 1427 1867 colitur.
1456 1806 1782 1875 Quod'sane
1808 1806 1866 1860 in
1900 1804 2051 1859 vobis
2076 1803 2235 1858 etiam

649 1907 776 1961 licet
796 1918 1025 1960 cernere
1051 1920 1065 1955 :
1094 1900 1443 1971 quamobrem
1472 1907 1528 1954 et
1552 1912 1654 1954 nos
1678 1898 1907 1951 alacrius
1930 1895 1999 1951 ad
2028 1911 2125 1949 vos
2148 1909 2237 1948 ac-

644 1996 937 2051 eurrimus.
985 1991 1119 2047 Nam
1161 2001 1216 2045 et
1255 1989 1488 2059 agricola
1533 1989 1675 2041 illam
1718 1985 2001 2055 diligenter
2039 1993 2237 2049 terram

648 2087 803 2152 colit,
822 2079 909 2141 ex
926 2098 1034 2155 qua
1060 2098 1213 2152 sape
1240 2090 1437 2142 aleam,
1450 2078 1718 2148 implevit.
1746 2076 1972 2145 Quando
1998 2077 2157 2146 igitur
2186 2084 2241 2128 et

649 2192 748 2233 vos
770 2191 942 2247 pmice
966 2190 1038 2231 cx
1060 2174 1248 2229 labore
1272 2187 1524 2242 maguum
1550 2171 1705 2228 nobis
1728 2170 1978 2239 prabetis
2004 2184 2237 2238 proven-

650 2278 784 2330 tum,
813 2280 1004 2335 magna
1030 2278 1153 2318 cum
1177 2263 1476 2317 attentione
1497 2260 1567 2315 ad
1593 2260 1732 2315 banc
1756 2258 2063 2314 accedimus
2089 2260 2237 2326 agri-

649 2360 941 2423 culturam,
970 2364 1025 2409 et
1052 2370 1263 2418 eorum,
1290 2368 1409 2423 quae
1443 2360 1602 2410 antea
1641 2351 1783 2405 dicta
1811 2359 1956 2414 sunt,
1989 2350 2240 2418 reliquias

652 2454 805 2507 vobis
826 2450 1160 2511 distributuri
1189 2448 1452 2502 venimus.
1483 2446 1636 2500 Tunc
1661 2446 1819 2514 igitur
1837 2461 1903 2499 ex
1924 2443 2119 2499 Vetere
2140 2445 2241 2500 Te-

653 2550 923 2596 stamento
950 2540 1364 2609 disputationem
1393 2538 1538 2591 illam
1569 2538 1856 2595 texuitnns,
1885 2550 2007 2604 qua:
2032 2535 2100 2589 de
2121 2536 2239 2604 glo-

654 2637 733 2690 ria
760 2632 1023 2702 unigeniti
1049 2632 1171 2687 Filii
1202 2631 1295 2685 Dei
1320 2630 1636 2693 habebatur,
1668 2642 1812 2682 nunc
1834 2642 1900 2681 ex
1923 2626 2114 2681 eodem
2140 2627 2242 2680 hoc

652 2727 832 2794 ipsum
859 2724 1115 2778 faciemus
1146 2738 1161 2775 :
1191 2730 1318 2775 tunc
1346 2719 1475 2773 illud
1504 2719 1888 2780 aﬂerebamus,
1920 2716 2061 2785 quod
2092 2716 2239 2770 dice-

658 2817 748 2871 bat
771 2815 1017 2870 Christus
1042 2830 1057 2867 :
1088 2812 1151 2866 Si
1178 2813 1445 2866 crederetis
1476 2810 1667 2879 Moysi,
1698 2809 1962 2862 crederetis
1992 2810 2162 2876 utique
2195 2818 2242 2861 et

654 2908 783 2960 ..ω
805 2904 984 2975 (Joan.
1007 2904 1063 2957 5.
1093 2904 1212 2971 46);
1239 2916 1381 2955 nunc
1407 2909 1588 2955 autem
1618 2900 1846 2954 dicimus
1874 2898 1978 2953 hoc
2006 2913 2036 2951 a
2064 2900 2243 2969 onse

654 2999 859 3053 dictum
906 3010 1032 3054 esse
1080 3012 1093 3048 :
1147 2994 1458 3063 Propheta!»
1500 2993 1635 3045 vobis
1679 2992 1938 3045 suscitabit
1994 2991 2243 3046 Dominus

661 3090 803 3145 Deus
845 3105 910 3142 ea:
954 3088 1197 3158 fratribus
1235 3086 1429 3146 uestris,
1475 3087 1604 3137 sicut
1642 3100 1721 3135 me
1764 3100 1784 3135 :
1820 3084 1989 3151 ipsum
2028 3082 2244 3134 audietis

662 3180 843 3251 (Deut.
874 3179 962 3233 l8.
1000 3178 1105 3240 l5;
1134 3178 1249 3229 Act.
1286 3176 1342 3230 3.
1380 3175 1501 3243 9.2).
1541 3174 1756 3229 Etenim
1794 3172 2244 3243 quemadmodum

654 3273 902 3326 Christus
927 3270 995 3323 ad
1020 3269 1257 3338 onsem
1284 3281 1380 3322 eos
1409 3267 1753 3333 transmittit,
1785 3270 1853 3318 ut'
1872 3282 1969 3333 per
1996 3265 2146 3318 illum
2178 3264 2241 3316 ad

664 3377 730 3417 se
750 3363 977 3425 alliciat;
1008 3360 1082 3414 ita
1108 3360 1318 3427 Moyses
1348 3359 1604 3426 magistro
1631 3357 1924 3424 discipulos
1951 3356 2128 3419 tradit,
2160 3357 2245 3423 ju-

658 3456 815 3516 hcus,
846 3464 906 3507 ut
932 3453 983 3507 ei
1009 3466 1387 3520 usquequaque
1417 3458 1655 3517 pareant.
1690 3449 1978 3502 Pareamus
2008 3448 2168 3517 igitur
2190 3456 2246 3500 et

658 3544 1016 3599 assentiamur
1038 3556 1162 3595 cum
1183 3541 1392 3594 caeteris
1412 3540 1577 3591 rebus
1591 3538 1857 3600 omnibus,
1884 3528 2245 3606 quascumque

662 3644 756 3687 aut
782 3632 930 3699 facit,
957 3642 1048 3685 aut
1071 3632 1239 3696 dicit,
1270 3642 1381 3683 tum
1409 3645 1538 3683 vero
1561 3629 1711 3697 signo
1737 3627 1889 3693 huic,
1919 3627 2060 3697 quod
2087 3628 2247 3681 bodic

663 3726 819 3778 vobis
856 3725 1135 3778 recitatum
1167 3732 1271 3777 est.
1318 3722 1595 3787 Quodnam
1638 3735 1764 3773 vero
1799 3720 1901 3774 hoc
1937 3720 2053 3774 est?
2083 3718 2243 3784 Erat,

664 3816 853 3884 inquit,
886 3814 994 3867 dies
1035 3814 1193 3881 {cstas
1218 3812 1518 3894 Iudaeorum
1548 3826 1568 3862 :
1592 3821 1639 3862 et
1665 3810 1888 3863 ascendit
1916 3810 2065 3863 Jesus
2092 3810 2246 3863 Jero-

658 3906 909 3975 ωιῃιιαπι
930 3912 1041 3957 :est
1067 3910 1238 3955 autem
1260 3902 1591 3971 Jerosolgmis
1615 3901 1871 3970 probatica
1900 3901 2111 3970 piscina,
2135 3919 2248 3973 qua:

659 3995 1045 4065 cognominatur
1075 3993 1324 4046 chraice
1349 3991 1623 4057 Bethesda,
1653 3994 1869 4062 quinque
1896 3995 2116 4061 partiats
2150 3995 2245 4047 Ita-

661 4087 784 4141 ιω
802 4086 1019 4154 (Ιοατιη.
1043 4082 1234 4149 5.1-2).
1257 4082 1313 4135 lu
1336 4097 1497 4151 quam
1517 4092 1698 4136 narrat
1716 4097 1895 4136 sermo
1914 4085 2247 4153 evangelicus

665 4178 920 4233 advenire
959 4176 1173 4231 solitum
1214 4184 1355 4228 stato
1384 4184 1640 4241 tempore
1681 4176 1949 4243 angelum,
1991 4186 2153 4244 atque
2192 4179 2246 4231 in

663 4284 786 4324 eam
811 4267 1141 4323 descendere
1168 4284 1183 4319 :
1213 4268 1267 4320 id
1296 4282 1423 4320 vero
1452 4266 1672 4335 intelligi
1698 4284 1765 4321 ex
1789 4268 2024 4325 motione
2049 4285 2202 4336 aquae
2231 4288 2244 4323 :

663 4361 845 4430 itaque
872 4361 1041 4425 illum,
1067 4361 1158 4428 qui
1180 4360 1381 4428 primus
1402 4343 1766 4414 descendisset
1788 4368 1910 4430 post
1929 4375 2081 4428 aqua:
2101 4377 2248 4415 com-

664 4453 981 4518 motionem,
1031 4466 1219 4505 sanum
1250 4450 1361 4505 fieri
1382 4491 1399 4514 ,
1429 4465 1764 4519 quocumque
1803 4452 2017 4506 tandem
2056 4454 2247 4507 morbo

660 4544 949 4597 laboraret.
986 4542 1044 4596 ln
1085 4542 1168 4595 bis
1209 4542 1367 4612 igitur
1399 4542 1611 4610 jacebat
1650 4543 1938 4611 porticibus
1964 4545 2246 4598 multitudo

662 4636 1019 4697 inﬁrmorum,
1045 4649 1330 4698 caecorum,
1363 4634 1692 4699 claudorum,
1726 4634 2018 4701 aridorum,
2041 4636 2135 4705 qui
2152 4651 2248 4691 ex-

660 4726 972 4793 spectabant
993 4739 1146 4793 aqua:
1174 4733 1395 4776 motum.

734 4813 839 4868 Car
873 4814 1104 4868 Christus
1140 4814 1315 4867 diebus
1352 4815 1493 4883 {estis
1531 4832 1584 4867 se
1619 4815 1900 4869 ostenderet
1926 4815 2143 4871 Judtzis.
2175 4848 2245 4859 --

662 4906 846 4976 Ecqua
873 4916 1053 4960 autem
1080 4920 1239 4959 causa
1260 4914 1363 4971 est,
1391 4907 1735 4975 quamobrem
1762 4906 1976 4961 assidue
1998 4906 2244 4963 Christus

658 4998 857 5066 deligat
896 4996 1307 5065 ierosolymam,
1347 5006 1402 5050 et
1444 4998 1498 5051 in
1542 4998 1668 5066 ipsis
1710 4998 1899 5053 diebus
1944 4999 2090 5053 festis
2127 5015 2245 5054 sese

659 5087 907 5141 ostendat
937 5086 1171 5142 Iudaeis?
1195 5088 1454 5153 Quoniam
1488 5099 1613 5142 tunc
1650 5089 2247 5144 multitudocourenie-

632 5171 769 5242 'bat,
803 5162 1086 5246 locumque
1111 5178 1258 5230 illum
1285 5192 1349 5231 ac
1377 5167 1585 5246 tempus
1612 5178 1953 5244 observabat,
1988 5189 2046 5233 ut
2074 5183 2243 5235 susci-

659 5280 811 5339 peret
836 5270 1094 5323 inﬁmos.
1115 5270 1231 5323 Non
1252 5271 1396 5323 enim
1423 5271 1478 5335 ii,
1502 5272 1589 5340 qui
1612 5271 1943 5335 laborabant,
1967 5280 2244 5340 tantopere

657 5360 945 5428 cupiebant
964 5360 1179 5413 liberari
1205 5375 1237 5412 a
1264 5361 1483 5424 morbis,
1513 5370 1842 5429 quantopere
1866 5362 2114 5415 studebat
2136 5379 2242 5417 me-

658 5450 808 5503 dicas
834 5464 929 5503 eos
950 5449 1019 5503 ab
1037 5450 1392 5504 invaletudine
1413 5450 1661 5505 liberare.
1685 5451 1803 5516 Quo
1825 5452 1985 5521 igitur
2004 5461 2244 5520 tempore

659 5540 910 5609 frequens
938 5550 1053 5597 erat
1080 5541 1315 5609 ipsorum
1341 5554 1653 5604 conventus,
1676 5551 1731 5595 et
1756 5542 2056 5597 confertum
2089 5545 2241 5598 thea-

662 5640 824 5691 trum,
852 5641 978 5685 tunc
1013 5631 1066 5684 in
1097 5631 1582 5685 medium.veuiens
1618 5647 1702 5696 ea,
1739 5648 1858 5702 qua:
1901 5632 1969 5687 ad
2008 5636 2242 5702 ipsorum

656 5719 884 5773 salutem
904 5718 1163 5785 facerent,
1192 5720 1517 5789 proferebat.
1540 5722 1761 5777 iacebat
1784 5723 1942 5791 igitur
1961 5723 2243 5778 multitudo

656 5809 1001 5868 inﬁrmorum
1032 5817 1456 5883 exspectantium
1495 5831 1648 5885 aqua:
1676 5826 1880 5870 motum
1910 5835 1924 5871 :
1951 5827 2003 5871 et
2036 5818 2081 5871 is
2119 5817 2240 5887 qui-

1354 423 1408 479 S.
1450 418 1729 478 JOANNIS
1764 414 2245 473 CHRYSOSTOMI
2284 409 2600 470 ARClIlEP.
2642 408 3177 468 CONSTANTINOP.

3831 406 3943 462 θαι

2336 527 2483 591 dem,
2520 526 2611 596 qui
2640 523 2846 595 primus
2870 524 3229 579 descendebat
3256 531 3381 592 post
3403 534 3555 588 aqua:
3582 530 3809 586 motum,
3846 536 3945 576 sa-

2338 617 2599 680 nabatur;
2629 616 2721 683 qui
2748 624 2925 669 autem
2959 614 3245 679 secundus,
3279 628 3387 668 non
3415 613 3543 668 item
3578 612 3716 667 :sed
3740 628 3949 668 consu~

2338 706 2586 761 tuebatur
2638 704 3108 769 medicamentum,
3152 713 3335 773 atque,
3390 718 3625 773 expensa

2336 796 2543 865 gratiae,
2573 796 2624 849 in
2655 803 2925 864 posterum
2950 794 3223 849 restabant
3244 793 3385 847 sola:
3411 809 3473 847 ac
3502 794 3731 848 daertz
3753 806 3949 861 aq”;

2340 886 2564 955 perinde
2588 895 2753 955 atque
2777 885 3085 939 invaletudo
3107 884 3270 950 illius,
3305 883 3398 953 qui
3431 884 3633 951 primus
3647 882 3949 937 descende

2338 986 2448 1040 rat,
2471 985 2637 1031 totam
2665 976 2813 1029 illam
2844 974 3150 1029 facultatem
3179 973 3555 1043 expressisset,
3580 984 3632 1041 et
3658 971 3951 1027 exhausis—

2338 1052 2419 1121 set
2437 1082 2451 1129 ;
2470 1075 2525 1119 et
2532 1066 2657 1135 jure
2666 1065 2877 1135 quidem
2892 1066 3095 1133 optimo
3110 1080 3123 1117 :
3141 1064 3353 1118 servilis
3367 1062 3510 1118 enim
3523 1064 3735 1117 eratilla
3749 1062 3951 1134 gratia.

2412 1156 2664 1227 Baptismi
2692 1157 2860 1227 gratia
2896 1172 3051 1225 quam
3082 1156 3309 1224 copiosa.
3334 1184 3408 1195 -
3431 1154 3549 1221 Quo
3588 1164 3767 1209 auten
3801 1165 3947 1209 tem-

2341 1262 2473 1317 pore
2501 1248 2762 1303 Dominus
2791 1247 3029 1311 advenit,
3063 1262 3168 1301 non
3194 1245 3382 1300 eadem
3414 1245 3554 1300 ratio
3582 1254 3797 1301 servata
3818 1254 3945 1308 est;

2342 1352 2445 1393 nec
2490 1338 2581 1408 qui
2627 1338 2831 1407 primus
2872 1336 3234 1392 descendebat
3272 1336 3325 1408 in
3372 1326 3634 1404 piscinam
3678 1349 3950 1404 aquarum

2342 1429 2613 1498 baptismi,
2643 1429 2799 1483 solus
2820 1428 3132 1493 sanabatur,
3163 1426 3258 1483 sed
3296 1436 3354 1483 et
3383 1426 3624 1495 primus,
3649 1434 3707 1480 et
3742 1440 3947 1480 secun-

2340 1520 2466 1587 dus,
2489 1529 2545 1576 et
2570 1522 2778 1586 tertius,
2801 1529 2860 1576 et
2886 1529 3130 1592 quartus,
3158 1530 3215 1574 et
3244 1519 3508 1586 decimus,
3533 1528 3591 1574 et
3614 1518 3945 1588 vigesimus;

2341 1612 2475 1668 acsi
2506 1612 2693 1668 decem
2723 1613 2887 1665 millia
2914 1612 3122 1667 dixeris
3149 1620 3204 1666 et
3232 1610 3317 1665 bis
3346 1618 3495 1665 terve
3531 1609 3778 1674 totidem,
3806 1624 3871 1664 ac
3892 1610 3949 1664 si

2343 1702 2582 1759 inﬁnitos
2623 1703 2996 1767 multitudine,
3027 1717 3091 1757 ac
3130 1701 3178 1755 si
3216 1710 3385 1755 totum
3412 1701 3613 1756 orbem
3648 1699 3851 1769 ieceris
3889 1701 3950 1753 in

2344 1795 2603 1863 piscinam
2639 1784 2920 1863 aquarum,
2950 1808 3019 1847 ne
3060 1793 3280 1847 minima
3307 1790 3525 1863 quidem
3556 1806 3624 1846 ex
3652 1802 3806 1871 parte
3845 1792 3953 1845 mi-

2345 1885 2526 1939 nuitur
2548 1888 2742 1955 gratia,
2774 1886 2870 1940 sed
2897 1884 3086 1940 eadem
3115 1895 3299 1941 manet
3321 1897 3513 1939 omnes
3540 1884 3660 1939 illos
3683 1900 3949 1954 purgans.

2346 1977 2577 2031 Tantum
2617 1978 2847 2033 interest
2886 1978 3027 2032 inter
3054 1976 3303 2031 servilem
3336 1983 3675 2046 potestatem,
3705 1984 3763 2029 et
3795 1975 3949 2029 lteri-

2346 2068 2453 2121 lem
2476 2069 2874 2123 auctoritatem.
2902 2067 2997 2122 llle
3026 2083 3192 2123 unum
3215 2068 3461 2133 sanabat,
3491 2066 3582 2122 hic
3605 2067 3793 2121 orbem
3821 2069 3949 2122 uui-

2346 2173 2559 2213 versum
2584 2176 2605 2219 ;
2640 2158 2729 2226 ille
2760 2158 2969 2228 singulo
2992 2174 3207 2228 quoque
3234 2174 3377 2214 anno
3406 2174 3589 2224 unum,
3620 2158 3709 2213 hic
3726 2160 3949 2228 singulo

2344 2264 2558 2319 quoque
2577 2249 2685 2315 die,
2710 2250 2753 2303 si
2770 2249 2954 2305 decem
2977 2250 3147 2306 millia
3162 2252 3294 2306 velis
3570 2265 3763 2307 «nues
3778 2266 3949 2307 annos

2346 2344 2549 2408 reddit;
2580 2344 2671 2399 ille
2698 2345 3030 2401 descendens
3050 2357 3104 2400 et
3128 2345 3459 2400 conturbatis
3481 2359 3698 2413 aquam,
3723 2345 3815 2400 bis
3836 2362 3949 2402 non

2345 2436 2505 2501 item;
2526 2436 2622 2491 sed
2649 2438 2781 2492 satis
2801 2448 2881 2492 est
2908 2437 3111 2492 nudum
3135 2437 3420 2492 dumtaxat
3445 2437 3612 2506 ipsius
3631 2451 3833 2492 netues
3857 2438 3949 2491 in-

2348 2543 2542 2585 vocare
2578 2544 2741 2598 super
2776 2545 2963 2598 aquas,
3004 2530 3239 2598 ipsisque
3269 2528 3577 2584 universam
3604 2529 3952 2585 committere

2346 2620 2569 2674 sanandi
2600 2622 2885 2675 rationem.
2916 2620 2983 2674 Et
3011 2621 3098 2676 ille
3125 2619 3651 2690 quidemcorporum
3674 2618 3819 2673 vitiis
3840 2635 3952 2675 me-

2345 2712 2573 2767 debatur
2630 2730 2643 2765 :
2696 2714 2783 2766 hic
2830 2723 3009 2767 autem
3057 2712 3251 2767 anima:
3303 2711 3645 2768 vitiositatem
3698 2711 3950 2781 corrigit.

2353 2802 2531 2869 Vides,
2554 2819 2713 2871 quam
2744 2803 3093 2873 undequaque
3121 2819 3394 2874 magnum,
3422 2813 3579 2872 atque
3601 2802 3738 2858 adeo
3764 2803 3948 2859 iniui-

2348 2904 2459 2948 tum
2492 2896 2826 2949 intervallum
2856 2895 3109 2964 apparet?

2420 2986 2471 3038 2.
2515 2986 2735 3040 Jacebat
2765 2986 2924 3055 igitur
2961 2986 3242 3040 multitudo
3270 2986 3596 3040 inﬁmorum
3620 2995 3944 3055 cxspectam

2351 3081 2480 3133 tium
2507 3096 2657 3150 aqua:
2686 3090 2907 3135 motum.
2935 3082 3063 3135 Erat
3080 3083 3223 3136 enim
3246 3084 3391 3136 locus
3408 3069 3501 3137 ille
3522 3084 3711 3137 medici
3734 3084 3949 3138 cilicia:

2349 3172 2594 3241 quwdam
2642 3174 2955 3240 spiritualis.
3000 3175 3465 3240 Quemadmodum
3514 3178 3671 3245 igitur
3701 3178 3755 3230 in
3795 3177 3949 3247 ejus-

2351 3264 2494 3318 modi
2526 3265 2644 3320 loco
2670 3266 2864 3319 multos
2892 3266 3016 3320 licet
3038 3281 3260 3321 cernere
3302 3266 3473 3321 oculis
3510 3278 3696 3336 captos
3717 3306 3734 3332 ,
3782 3281 3949 3321 crure

2352 3356 2645 3419 mutilatos,
2666 3366 2757 3409 aut
2774 3355 2879 3409 alia
2900 3357 3141 3425 corporis
3163 3366 3311 3425 parte
3334 3358 3473 3412 male
3490 3357 3730 3422 aﬂ'cctos,
3753 3372 3953 3413 omnes

2352 3448 2568 3514 publice
2613 3448 2982 3513 considentes,
3027 3458 3186 3517 atque
3222 3458 3594 3518 exspectantes
3638 3449 3945 3513 medicum;

2353 3541 2422 3591 ita
2461 3539 2622 3593 etiam
2652 3540 2738 3594 hic
2782 3540 2977 3595 licebat
3006 3543 3245 3610 aspicere
3274 3542 3671 3597 multitudinem
3712 3557 3906 3596 eorum
3929 3583 3946 3608 ,

2352 3633 2439 3699 qui
2480 3644 2862 3687 convenerant.
2914 3633 2970 3687 lu
3010 3634 3093 3687 bis
3124 3634 3256 3703 ipsis
3300 3635 3596 3704 porticibus
3637 3644 3744 3687 erat
3791 3636 3948 3689 homo

2352 3724 2557 3789 quidam
2585 3725 2794 3795 triginta
2822 3734 2869 3777 et
2896 3734 3009 3778 octo
3036 3740 3198 3777 annos
3222 3726 3411 3777 habens
3435 3725 3488 3777 in
3510 3724 3803 3792 inﬁrmitate
3824 3739 3949 3777 sua.

2356 3812 2508 3865 Hunc
2548 3832 2673 3867 cum
2716 3817 2918 3869 vidisset
2967 3814 3120 3869 Iesus
3154 3817 3447 3885 jacentem,
3500 3826 3548 3869 et
3596 3817 3948 3886 cognovisset,

2352 3906 2471 3972 quia
2488 3906 2602 3972 jam
2628 3907 2841 3958 multum
2871 3916 3064 3973 tempus
3108 3905 3327 3967 habent,
3368 3905 3499 3959 dixit
3520 3906 3567 3958 ei
3588 3922 3609 3959 :
3658 3905 3741 3958 Vis
3788 3922 3957 3961 mas

2354 3996 2469 4059 ﬁeri
2481 3996 2507 4046 .9
2522 3994 2803 4060 Respondit
2823 3996 2877 4048 ei
2892 3996 3164 4064 languidus
3175 4011 3235 4047 ac
3254 3996 3405 4061 dixit,
3431 3994 3692 4065 Profecto,
3710 3994 3958 4050 Domine:

2352 4087 2441 4139 sed
2466 4086 2720 4139 hominem
2753 4105 2854 4140 non
2883 4087 3040 4141 habeo
3059 4128 3074 4150 ,
3121 4098 3175 4139 ut
3195 4105 3311 4140 cum
3352 4087 3551 4140 turbata
3578 4087 3729 4155 fuerit
3766 4103 3909 4154 aqua
3935 4129 3956 4153 ,

2355 4178 2519 4228 mittat
2546 4194 2624 4229 mc
2654 4178 2706 4229 in
2737 4178 3009 4244 piscium.
3035 4177 3171 4230 Dum
3193 4178 3336 4231 uenio
3362 4177 3493 4229 enim
3521 4192 3615 4247 ego
3633 4218 3650 4244 ,
3673 4178 3807 4229 aiis:
3827 4188 3958 4230 ante

2354 4282 2432 4317 me
2468 4267 2725 4319 descendit
2769 4266 2964 4335 (Joan.
3009 4267 3062 4321 5.
3106 4267 3160 4321 5.
3204 4266 3287 4335 7).
3336 4266 3445 4319 Cur
3490 4274 3716 4320 ceteros
3755 4280 3958 4319 omnes

2356 4358 2666 4423 praeteriens
2690 4357 2846 4411 Jesus
2876 4358 2947 4410 ad
2972 4357 3117 4409 hunc
3142 4357 3334 4411 venit?
3368 4356 3439 4412 Ut
3462 4367 3517 4411 et
3557 4357 3847 4425 potentiam
3896 4368 3960 4411 et

2355 4446 2738 4503 humanitatem
2761 4449 3101 4503 ostenderet:
3127 4449 3415 4517 potentiam
3438 4447 3676 4517 quidem,
3694 4447 3957 4516 quoniam

2356 4541 2572 4594 morbus
2596 4542 2705 4609 jam
2749 4542 2914 4595 factus
2941 4550 3060 4595 erat
3084 4541 3391 4596 insanabilis
3420 4582 3436 4605 ,
3467 4550 3522 4595 et
3550 4540 3716 4609 ipsius
3746 4542 3959 4596 invale-

2355 4632 2480 4683 tudo
2517 4647 2583 4684 eo
2614 4632 2826 4685 redacta
2856 4642 3000 4695 crat,
3034 4641 3091 4685 ut
3115 4642 3259 4686 esset
3285 4634 3335 4685 in
3365 4632 3524 4686 rebus
3549 4630 3842 4701 deploratis
3885 4648 3959 4687 ac

2352 4722 2676 4789 desperatis;
2704 4722 3081 4775 humanitatem
3108 4739 3258 4789 vero,
3283 4722 3423 4791 quod
3454 4722 3542 4791 qui
3574 4723 3837 4790 praecipue
3860 4721 3958 4775 di-

2352 4827 2488 4887 gnus
2516 4823 2630 4867 erat
2654 4814 3019 4867 misericordia
3048 4822 3101 4868 et
3124 4812 3496 4876 beneﬁcentia,
3526 4812 3671 4865 hunc
3695 4827 3804 4881 pra:
3831 4826 3953 4863 ca:-

2354 4905 2485 4958 teris
2512 4906 2749 4973 respexit
2780 4906 3042 4973 propitius
3069 4920 3133 4957 ac
3168 4905 3428 4973 benignus
3457 4904 3731 4957 Dominus.
3762 4904 3956 4971 Neque

2351 5012 2480 5051 vero
2500 4980 2888 5051 locum'leviter
2913 5005 3309 5065 praztereamus,
3341 5010 3514 5064 neque
3539 4992 3815 5049 numerum
3844 4998 3958 5048 tri-

2352 5090 2497 5159 ginta
2533 5100 2588 5145 et
2629 5100 2751 5144 octo
2775 5105 3067 5153 annorum,
3097 5104 3231 5158 quos
3262 5087 3455 5157 agebat
3489 5088 3542 5141 in
3593 5086 3958 5143 invaletodinc

2357 5199 2471 5237 sua.
2503 5184 2736 5237 Audiant
2763 5199 2971 5246 omnes,
3003 5184 3325 5251 quicumque
3353 5195 3473 5234 cum
3500 5188 3813 5248 paupertate
3839 5196 3959 5247 pen

2355 5285 2515 5342 petno
2558 5273 2971 5338 conﬂictantur,
3024 5272 3347 5341 quicumque
3388 5270 3441 5323 in
3482 5270 3682 5322 morbis
3725 5268 3908 5321 vivunt
3934 5310 3954 5333 ,

2353 5368 2672 5435 quicumque
2712 5365 3110 5419 difﬁcultatibus
3147 5370 3461 5432 premuntur
3486 5361 3816 5429 negotiorum
3843 5373 3956 5412 se-

2352 5458 2632 5517 cularium,
2676 5457 2998 5526 quicumque
3024 5462 3395 5523 tempestatem
3423 5466 3487 5506 ac
3527 5450 3815 5519 procellam
3844 5464 3957 5503 non

2353 5556 2780 5615 exspectatorunt
2808 5547 3073 5601 malorum
3100 5544 3485 5598 sustinuerunt.
3511 5541 3841 5609 Para'yticns
3864 5539 3958 5594 hic

2352 5648 2434 5690 est
2463 5638 2765 5705 propositus
2793 5652 2889 5691 ceu
2914 5636 3214 5689 Communis
3246 5643 3431 5701 portus
3460 5632 3813 5685 humanarum
3846 5644 3945 5682 ca-

2356 5728 2672 5781 lamitatum.
2712 5727 2879 5781 Nemo
2906 5726 3047 5781 enim
3078 5726 3216 5780 adeo
3244 5739 3433 5779 vecors
3475 5732 3592 5787 est,
3634 5734 3793 5774 nemo
3816 5718 3956 5771 adeo

2354 5820 2516 5872 miser
2540 5860 2556 5887 ,
2580 5828 2632 5874 ct
2662 5820 3000 5875 calamitosus
3024 5861 3039 5886 ,
3068 5819 3195 5888 quin
3227 5859 3243 5886 ,
3275 5818 3319 5870 si
3350 5816 3489 5869 hunc
3512 5821 3741 5884 spectet,
3772 5808 3953 5864 omnia
