  <div class='ocr_page' id='page_1' title='image "/cluster/home/n/w/nwhite01/storage/ocr_20150623/48/pst.000005712458/290.png"; bbox 0 0 4186 6326; ppageno 0'>
   <div class='ocr_carea' id='block_1_1' title="bbox 192 408 307 470">
    <p class='ocr_par' dir='ltr' id='par_1_1' title="bbox 192 408 307 470">
     <span class='ocr_line' id='line_1_1' title="bbox 192 408 307 470; baseline -0.035 0"><span class='ocrx_word' id='word_1_1' title='bbox 192 408 307 470; x_wconf 73' lang='grc'>803</span> 
     </span>
    </p>
   </div>
   <div class='ocr_carea' id='block_1_2' title="bbox 191 520 1787 595">
    <p class='ocr_par' dir='ltr' id='par_1_2' title="bbox 191 520 1787 595">
     <span class='ocr_line' id='line_1_2' title="bbox 191 520 1787 595; baseline -0.008 -12"><span class='ocrx_word' id='word_1_2' title='bbox 191 529 302 584; x_wconf 79' lang='grc' dir='ltr'>τοῦ</span> <span class='ocrx_word' id='word_1_3' title='bbox 341 527 547 595; x_wconf 82' lang='grc' dir='ltr'>σπόρου</span> <span class='ocrx_word' id='word_1_4' title='bbox 583 522 679 577; x_wconf 88' lang='grc' dir='ltr'>τοῦ</span> <span class='ocrx_word' id='word_1_5' title='bbox 705 520 1077 592; x_wconf 88' lang='grc' dir='ltr'>πνευματικοῦ</span> <span class='ocrx_word' id='word_1_6' title='bbox 1100 536 1114 550; x_wconf 83' lang='lat'><strong><em>°</em></strong></span> <span class='ocrx_word' id='word_1_7' title='bbox 1141 521 1243 574; x_wconf 90' lang='grc' dir='ltr'>οὑκ</span> <span class='ocrx_word' id='word_1_8' title='bbox 1270 521 1530 591; x_wconf 81' lang='grc' dir='ltr'>ἀναμένει</span> <span class='ocrx_word' id='word_1_9' title='bbox 1577 520 1787 591; x_wconf 87' lang='grc' dir='ltr'>χρόνον,</span> 
     </span>
    </p>
   </div>
   <div class='ocr_carea' id='block_1_3' title="bbox 192 601 1792 685">
    <p class='ocr_par' dir='ltr' id='par_1_3' title="bbox 192 601 1792 685">
     <span class='ocr_line' id='line_1_3' title="bbox 192 601 1792 685; baseline -0.008 -20"><span class='ocrx_word' id='word_1_10' title='bbox 192 613 263 666; x_wconf 80' lang='grc' dir='ltr'>οὐ</span> <span class='ocrx_word' id='word_1_11' title='bbox 289 609 583 685; x_wconf 64' lang='grc' dir='ltr'>περιμένει</span> <span class='ocrx_word' id='word_1_12' title='bbox 604 605 806 676; x_wconf 80' lang='grc' dir='ltr'>πλῆθος</span> <span class='ocrx_word' id='word_1_13' title='bbox 837 603 1082 676; x_wconf 82' lang='grc' dir='ltr'>ἡμερῶν,</span> <span class='ocrx_word' id='word_1_14' title='bbox 1099 604 1200 657; x_wconf 84' lang='grc' dir='ltr'>οὑκ</span> <span class='ocrx_word' id='word_1_15' title='bbox 1215 602 1494 678; x_wconf 74' lang='grc' dir='ltr'>ἐκδέχεται</span> <span class='ocrx_word' id='word_1_16' title='bbox 1512 601 1792 685; x_wconf 82' lang='grc' dir='ltr'>περιόδους</span> 
     </span>
    </p>
   </div>
   <div class='ocr_carea' id='block_1_4' title="bbox 199 683 1792 764">
    <p class='ocr_par' dir='ltr' id='par_1_4' title="bbox 199 683 1792 764">
     <span class='ocr_line' id='line_1_4' title="bbox 199 683 1792 764; baseline -0.007 -18"><span class='ocrx_word' id='word_1_17' title='bbox 199 683 412 764; x_wconf 76' lang='grc' dir='ltr'>μηνῶν,</span> <span class='ocrx_word' id='word_1_18' title='bbox 447 691 569 744; x_wconf 78' lang='grc' dir='ltr'>οὑδὶ</span> <span class='ocrx_word' id='word_1_19' title='bbox 617 689 769 762; x_wconf 84' lang='grc' dir='ltr'>ὥρας</span> <span class='ocrx_word' id='word_1_20' title='bbox 802 689 899 742; x_wconf 72' lang='grc' dir='ltr'>καὶ</span> <span class='ocrx_word' id='word_1_21' title='bbox 931 688 1160 758; x_wconf 82' lang='grc' dir='ltr'>καιροὺς</span> <span class='ocrx_word' id='word_1_22' title='bbox 1203 688 1299 740; x_wconf 68' lang='grc' dir='ltr'>κα)⁸</span> <span class='ocrx_word' id='word_1_23' title='bbox 1339 685 1647 748; x_wconf 70' lang='grc' dir='ltr'>ἐνιαυτούς⁹</span> <span class='ocrx_word' id='word_1_24' title='bbox 1674 683 1792 739; x_wconf 85' lang='grc' dir='ltr'>ἀλλ’</span> 
     </span>
    </p>
   </div>
   <div class='ocr_carea' id='block_1_5' title="bbox 193 765 1794 846">
    <p class='ocr_par' dir='ltr' id='par_1_5' title="bbox 193 765 1794 846">
     <span class='ocr_line' id='line_1_5' title="bbox 193 765 1794 846; baseline -0.006 -18"><span class='ocrx_word' id='word_1_25' title='bbox 193 775 350 829; x_wconf 64' lang='grc' dir='ltr'>ἔστιν</span> <span class='ocrx_word' id='word_1_26' title='bbox 371 777 430 828; x_wconf 89' lang='grc' dir='ltr'>ἐν</span> <span class='ocrx_word' id='word_1_27' title='bbox 450 773 637 844; x_wconf 77' lang='grc' dir='ltr'>ἡμέρᾳ</span> <span class='ocrx_word' id='word_1_28' title='bbox 664 774 764 844; x_wconf 78' lang='grc' dir='ltr'>μιᾷ</span> <span class='ocrx_word' id='word_1_29' title='bbox 796 770 1172 825; x_wconf 83' lang='grc' dir='ltr'>καταϐαλόντα</span> <span class='ocrx_word' id='word_1_30' title='bbox 1192 769 1259 823; x_wconf 82' lang='grc' dir='ltr'>τά</span> <span class='ocrx_word' id='word_1_31' title='bbox 1287 768 1581 839; x_wconf 87' lang='grc' dir='ltr'>σπέρματα</span> <span class='ocrx_word' id='word_1_32' title='bbox 1609 765 1794 846; x_wconf 84' lang='grc' dir='ltr'>μεστῷ</span> 
     </span>
    </p>
   </div>
   <div class='ocr_carea' id='block_1_6' title="bbox 194 849 1795 929">
    <p class='ocr_par' dir='ltr' id='par_1_6' title="bbox 194 849 1795 929">
     <span class='ocr_line' id='line_1_6' title="bbox 194 849 1795 929; baseline -0.005 -19"><span class='ocrx_word' id='word_1_33' title='bbox 194 857 300 911; x_wconf 69' lang='grc' dir='ltr'>καὶ</span> <span class='ocrx_word' id='word_1_34' title='bbox 337 855 756 929; x_wconf 76' lang='grc' dir='ltr'>πεπληρωμένῳ</span> <span class='ocrx_word' id='word_1_35' title='bbox 799 855 879 925; x_wconf 83' lang='grc' dir='ltr'>τῷ</span> <span class='ocrx_word' id='word_1_36' title='bbox 929 852 1175 924; x_wconf 72' lang='grc' dir='ltr'>βραχίονι</span> <span class='ocrx_word' id='word_1_37' title='bbox 1220 851 1413 906; x_wconf 87' lang='grc' dir='ltr'>τοῦτον</span> <span class='ocrx_word' id='word_1_38' title='bbox 1455 851 1670 922; x_wconf 80' lang='grc' dir='ltr'>ἀμῆσαι</span> <span class='ocrx_word' id='word_1_39' title='bbox 1703 849 1795 902; x_wconf 82' lang='grc' dir='ltr'>τὸν</span> 
     </span>
    </p>
   </div>
   <div class='ocr_carea' id='block_1_7' title="bbox 193 932 1796 1010">
    <p class='ocr_par' dir='ltr' id='par_1_7' title="bbox 193 932 1796 1010">
     <span class='ocr_line' id='line_1_7' title="bbox 193 932 1796 1010; baseline -0.005 -18"><span class='ocrx_word' id='word_1_40' title='bbox 193 940 434 1010; x_wconf 86' lang='grc' dir='ltr'>ἀμητόν.</span> <span class='ocrx_word' id='word_1_41' title='bbox 455 940 518 993; x_wconf 89' lang='grc' dir='ltr'>Οί</span> <span class='ocrx_word' id='word_1_42' title='bbox 553 939 654 1010; x_wconf 80' lang='grc' dir='ltr'>μὲν</span> <span class='ocrx_word' id='word_1_43' title='bbox 681 939 793 1009; x_wconf 88' lang='grc' dir='ltr'>γάρ</span> <span class='ocrx_word' id='word_1_44' title='bbox 821 935 921 1008; x_wconf 74' lang='grc' dir='ltr'>τὴν</span> <span class='ocrx_word' id='word_1_45' title='bbox 944 936 1213 1008; x_wconf 84' lang='grc' dir='ltr'>αἰσθητὴν</span> <span class='ocrx_word' id='word_1_46' title='bbox 1240 933 1448 1004; x_wconf 86' lang='grc' dir='ltr'>ταύτην</span> <span class='ocrx_word' id='word_1_47' title='bbox 1473 932 1796 1004; x_wconf 85' lang='grc' dir='ltr'>ἀνατέμνον-</span> 
     </span>
    </p>
   </div>
   <div class='ocr_carea' id='block_1_8' title="bbox 194 1017 1797 1092">
    <p class='ocr_par' dir='ltr' id='par_1_8' title="bbox 194 1017 1797 1092">
     <span class='ocr_line' id='line_1_8' title="bbox 194 1017 1797 1092; baseline -0.004 -16"><span class='ocrx_word' id='word_1_48' title='bbox 194 1039 290 1086; x_wconf 88' lang='grc' dir='ltr'>τες</span> <span class='ocrx_word' id='word_1_49' title='bbox 333 1022 462 1092; x_wconf 84' lang='grc' dir='ltr'>γῆν,</span> <span class='ocrx_word' id='word_1_50' title='bbox 491 1021 695 1092; x_wconf 80' lang='grc' dir='ltr'>πολλῆς</span> <span class='ocrx_word' id='word_1_51' title='bbox 721 1021 936 1074; x_wconf 77' lang='grc' dir='ltr'>δέονται</span> <span class='ocrx_word' id='word_1_52' title='bbox 976 1019 1078 1090; x_wconf 79' lang='grc' dir='ltr'>τῆς</span> <span class='ocrx_word' id='word_1_53' title='bbox 1118 1017 1528 1089; x_wconf 73' lang='grc' dir='ltr'>πραγματείας,</span> <span class='ocrx_word' id='word_1_54' title='bbox 1555 1017 1651 1070; x_wconf 77' lang='grc' dir='ltr'>καὶ</span> <span class='ocrx_word' id='word_1_55' title='bbox 1698 1033 1797 1087; x_wconf 91' lang='grc' dir='ltr'>μα-</span> 
     </span>
    </p>
   </div>
   <div class='ocr_carea' id='block_1_9' title="bbox 195 1098 1797 1176">
    <p class='ocr_par' dir='ltr' id='par_1_9' title="bbox 195 1098 1797 1176">
     <span class='ocr_line' id='line_1_9' title="bbox 195 1098 1797 1176; baseline -0.003 -19"><span class='ocrx_word' id='word_1_56' title='bbox 195 1105 345 1176; x_wconf 70' lang='grc' dir='ltr'>κρᾶς</span> <span class='ocrx_word' id='word_1_57' title='bbox 367 1107 469 1175; x_wconf 79' lang='grc' dir='ltr'>τῆς</span> <span class='ocrx_word' id='word_1_58' title='bbox 497 1104 789 1176; x_wconf 75' lang='grc' dir='ltr'>ἀναϐολῆς.</span> <span class='ocrx_word' id='word_1_59' title='bbox 822 1103 934 1157; x_wconf 69' lang='grc' dir='ltr'>Καὶ</span> <span class='ocrx_word' id='word_1_60' title='bbox 961 1101 1072 1174; x_wconf 83' lang='grc' dir='ltr'>γὰρ</span> <span class='ocrx_word' id='word_1_61' title='bbox 1099 1102 1196 1156; x_wconf 79' lang='grc' dir='ltr'>καὶ</span> <span class='ocrx_word' id='word_1_62' title='bbox 1226 1101 1352 1170; x_wconf 83' lang='grc' dir='ltr'>βοῦς</span> <span class='ocrx_word' id='word_1_63' title='bbox 1379 1101 1657 1172; x_wconf 79' lang='grc' dir='ltr'>ἀροτῆρας</span> <span class='ocrx_word' id='word_1_64' title='bbox 1690 1098 1797 1152; x_wconf 83' lang='grc' dir='ltr'>ὑπὸ</span> 
     </span>
    </p>
   </div>
   <div class='ocr_carea' id='block_1_10' title="bbox 194 1182 1799 1260">
    <p class='ocr_par' dir='ltr' id='par_1_10' title="bbox 194 1182 1799 1260">
     <span class='ocr_line' id='line_1_10' title="bbox 194 1182 1799 1260; baseline -0.003 -19"><span class='ocrx_word' id='word_1_65' title='bbox 194 1184 302 1258; x_wconf 60' lang='grc' dir='ltr'>τῆν</span> <span class='ocrx_word' id='word_1_66' title='bbox 328 1186 563 1260; x_wconf 75' lang='grc' dir='ltr'>ζεύγλην</span> <span class='ocrx_word' id='word_1_67' title='bbox 581 1186 738 1256; x_wconf 82' lang='grc' dir='ltr'>ἀγειν</span> <span class='ocrx_word' id='word_1_68' title='bbox 762 1184 1186 1255; x_wconf 69' lang='grc' dir='ltr'>ἀναγκάζονται,</span> <span class='ocrx_word' id='word_1_69' title='bbox 1218 1185 1315 1237; x_wconf 65' lang='grc' dir='ltr'>καλ⁸</span> <span class='ocrx_word' id='word_1_70' title='bbox 1341 1183 1564 1254; x_wconf 75' lang='grc' dir='ltr'>βαθεῖαν</span> <span class='ocrx_word' id='word_1_71' title='bbox 1585 1182 1799 1238; x_wconf 74' lang='grc' dir='ltr'>αὔλακα</span> 
     </span>
    </p>
   </div>
   <div class='ocr_carea' id='block_1_11' title="bbox 195 1265 1798 1340">
    <p class='ocr_par' dir='ltr' id='par_1_11' title="bbox 195 1265 1798 1340">
     <span class='ocr_line' id='line_1_11' title="bbox 195 1265 1798 1340; baseline -0.002 -18"><span class='ocrx_word' id='word_1_72' title='bbox 195 1271 446 1340; x_wconf 77' lang='grc' dir='ltr'>τέμνειν,</span> <span class='ocrx_word' id='word_1_73' title='bbox 483 1271 580 1325; x_wconf 78' lang='grc' dir='ltr'>καὶ</span> <span class='ocrx_word' id='word_1_74' title='bbox 611 1270 810 1340; x_wconf 77' lang='grc' dir='ltr'>δαψιλῆ</span> <span class='ocrx_word' id='word_1_75' title='bbox 845 1269 918 1322; x_wconf 87' lang='grc' dir='ltr'>τά</span> <span class='ocrx_word' id='word_1_76' title='bbox 960 1267 1254 1340; x_wconf 78' lang='grc' dir='ltr'>σπέρματα</span> <span class='ocrx_word' id='word_1_77' title='bbox 1285 1266 1673 1335; x_wconf 90' lang='grc' dir='ltr'>καταϐάλλειν,</span> <span class='ocrx_word' id='word_1_78' title='bbox 1704 1265 1798 1320; x_wconf 79' lang='grc' dir='ltr'>καὶ</span> 
     </span>
    </p>
   </div>
   <div class='ocr_carea' id='block_1_12' title="bbox 196 1349 1800 1424">
    <p class='ocr_par' dir='ltr' id='par_1_12' title="bbox 196 1349 1800 1424">
     <span class='ocr_line' id='line_1_12' title="bbox 196 1349 1800 1424; baseline -0.002 -19"><span class='ocrx_word' id='word_1_79' title='bbox 196 1354 303 1424; x_wconf 77' lang='grc' dir='ltr'>τὴν</span> <span class='ocrx_word' id='word_1_80' title='bbox 325 1354 648 1421; x_wconf 78' lang='grc' dir='ltr'>ἐπιφάνειαν</span> <span class='ocrx_word' id='word_1_81' title='bbox 676 1351 996 1422; x_wconf 80' lang='grc' dir='ltr'>ἐξομαλίσαι</span> <span class='ocrx_word' id='word_1_82' title='bbox 1017 1351 1117 1421; x_wconf 85' lang='grc' dir='ltr'>τῆς</span> <span class='ocrx_word' id='word_1_83' title='bbox 1137 1350 1265 1420; x_wconf 80' lang='grc' dir='ltr'>γῆς,</span> <span class='ocrx_word' id='word_1_84' title='bbox 1297 1350 1392 1403; x_wconf 84' lang='grc' dir='ltr'>καί</span> <span class='ocrx_word' id='word_1_85' title='bbox 1423 1350 1492 1403; x_wconf 82' lang='grc' dir='ltr'>τὰ</span> <span class='ocrx_word' id='word_1_86' title='bbox 1521 1349 1800 1421; x_wconf 86' lang='grc' dir='ltr'>καταϐλη-</span> 
     </span>
    </p>
   </div>
   <div class='ocr_carea' id='block_1_13' title="bbox 199 1424 1800 1507">
    <p class='ocr_par' dir='ltr' id='par_1_13' title="bbox 199 1424 1800 1507">
     <span class='ocr_line' id='line_1_13' title="bbox 199 1424 1800 1507; baseline -0.003 -19"><span class='ocrx_word' id='word_1_87' title='bbox 199 1434 370 1489; x_wconf 77' lang='grc' dir='ltr'>θέντα</span> <span class='ocrx_word' id='word_1_88' title='bbox 392 1437 572 1490; x_wconf 90' lang='grc' dir='ltr'>πάντα</span> <span class='ocrx_word' id='word_1_89' title='bbox 608 1434 974 1507; x_wconf 74' lang='grc' dir='ltr'>περιστεῖλαι,</span> <span class='ocrx_word' id='word_1_90' title='bbox 999 1424 1100 1486; x_wconf 67' lang='grc' dir='ltr'>καῖ</span> <span class='ocrx_word' id='word_1_91' title='bbox 1123 1434 1414 1504; x_wconf 77' lang='grc' dir='ltr'>ἀναμεῖναι</span> <span class='ocrx_word' id='word_1_92' title='bbox 1443 1431 1800 1507; x_wconf 74' lang='grc' dir='ltr'>συμμέτρους</span> 
     </span>
    </p>
   </div>
   <div class='ocr_carea' id='block_1_14' title="bbox 199 1506 1801 1589">
    <p class='ocr_par' dir='ltr' id='par_1_14' title="bbox 199 1506 1801 1589">
     <span class='ocr_line' id='line_1_14' title="bbox 199 1506 1801 1589; baseline -0.002 -20"><span class='ocrx_word' id='word_1_93' title='bbox 199 1517 429 1588; x_wconf 75' lang='grc' dir='ltr'>Βμϐρων</span> <span class='ocrx_word' id='word_1_94' title='bbox 466 1518 658 1589; x_wconf 80' lang='grc' dir='ltr'>φοράς,</span> <span class='ocrx_word' id='word_1_95' title='bbox 685 1506 808 1572; x_wconf 18' lang='grc' dir='ltr'>ίκαὶ</span> <span class='ocrx_word' id='word_1_96' title='bbox 850 1516 1022 1569; x_wconf 85' lang='grc' dir='ltr'>πολλά</span> <span class='ocrx_word' id='word_1_97' title='bbox 1073 1515 1240 1585; x_wconf 82' lang='grc' dir='ltr'>ἐτερα</span> <span class='ocrx_word' id='word_1_98' title='bbox 1288 1506 1671 1585; x_wconf 78' lang='grc' dir='ltr'>φιλοπονῆσαι,</span> <span class='ocrx_word' id='word_1_99' title='bbox 1704 1514 1801 1567; x_wconf 72' lang='grc' dir='ltr'>καὶ</span> 
     </span>
    </p>
   </div>
   <div class='ocr_carea' id='block_1_15' title="bbox 161 1597 1800 1672">
    <p class='ocr_par' dir='ltr' id='par_1_15' title="bbox 161 1597 1800 1672">
     <span class='ocr_line' id='line_1_15' title="bbox 161 1597 1800 1672; baseline -0.004 -18"><span class='ocrx_word' id='word_1_100' title='bbox 161 1604 176 1609; x_wconf 86' lang='grc'><em>’</em></span> <span class='ocrx_word' id='word_1_101' title='bbox 202 1601 376 1654; x_wconf 80' lang='grc' dir='ltr'>πολὺν</span> <span class='ocrx_word' id='word_1_102' title='bbox 403 1601 723 1672; x_wconf 84' lang='grc' dir='ltr'>ἐκδέχεσθαι</span> <span class='ocrx_word' id='word_1_103' title='bbox 751 1600 965 1671; x_wconf 88' lang='grc' dir='ltr'>χρόνον,</span> <span class='ocrx_word' id='word_1_104' title='bbox 987 1599 1082 1652; x_wconf 79' lang='grc' dir='ltr'>καὶ</span> <span class='ocrx_word' id='word_1_105' title='bbox 1115 1599 1238 1651; x_wconf 87' lang='grc' dir='ltr'>τότε</span> <span class='ocrx_word' id='word_1_106' title='bbox 1265 1597 1361 1651; x_wconf 92' lang='grc' dir='ltr'>τοῦ</span> <span class='ocrx_word' id='word_1_107' title='bbox 1389 1597 1578 1660; x_wconf 86' lang='grc' dir='ltr'>τέλους</span> <span class='ocrx_word' id='word_1_108' title='bbox 1607 1599 1800 1649; x_wconf 85' lang='grc' dir='ltr'>ἐπιτυ-</span> 
     </span>
    </p>
   </div>
   <div class='ocr_carea' id='block_1_16' title="bbox 201 1678 1801 1752">
    <p class='ocr_par' dir='ltr' id='par_1_16' title="bbox 201 1678 1801 1752">
     <span class='ocr_line' id='line_1_16' title="bbox 201 1678 1801 1752; baseline -0.003 -16"><span class='ocrx_word' id='word_1_109' title='bbox 201 1686 338 1751; x_wconf 83' lang='grc' dir='ltr'>χεῖν.</span> <span class='ocrx_word' id='word_1_110' title='bbox 358 1684 624 1738; x_wconf 86' lang='grc' dir='ltr'>Ἐνταῦθα</span> <span class='ocrx_word' id='word_1_111' title='bbox 675 1685 732 1738; x_wconf 77' lang='grc' dir='ltr'>δέ</span> <span class='ocrx_word' id='word_1_112' title='bbox 772 1683 870 1736; x_wconf 77' lang='grc' dir='ltr'>καὶ</span> <span class='ocrx_word' id='word_1_113' title='bbox 903 1685 964 1736; x_wconf 88' lang='grc' dir='ltr'>ἐν</span> <span class='ocrx_word' id='word_1_114' title='bbox 995 1683 1147 1752; x_wconf 83' lang='grc' dir='ltr'>θέρει</span> <span class='ocrx_word' id='word_1_115' title='bbox 1171 1683 1281 1745; x_wconf 41' lang='grc' dir='ltr'>,καὶ</span> <span class='ocrx_word' id='word_1_116' title='bbox 1327 1683 1387 1734; x_wconf 84' lang='grc' dir='ltr'>ἐν</span> <span class='ocrx_word' id='word_1_117' title='bbox 1436 1678 1667 1752; x_wconf 83' lang='grc' dir='ltr'>χειμῶνι</span> <span class='ocrx_word' id='word_1_118' title='bbox 1706 1679 1801 1733; x_wconf 71' lang='grc' dir='ltr'>καὶ</span> 
     </span>
    </p>
   </div>
   <div class='ocr_carea' id='block_1_17' title="bbox 203 1764 1802 1844">
    <p class='ocr_par' dir='ltr' id='par_1_17' title="bbox 203 1764 1802 1844">
     <span class='ocr_line' id='line_1_17' title="bbox 203 1764 1802 1844; baseline -0.003 -23"><span class='ocrx_word' id='word_1_119' title='bbox 203 1768 454 1839; x_wconf 65' lang='grc' dir='ltr'>σπείρειν</span> <span class='ocrx_word' id='word_1_120' title='bbox 485 1768 638 1844; x_wconf 63' lang='grc' dir='ltr'>ιδιε]</span> <span class='ocrx_word' id='word_1_121' title='bbox 672 1769 767 1822; x_wconf 73' lang='grc' dir='ltr'>καὶ</span> <span class='ocrx_word' id='word_1_122' title='bbox 789 1767 1033 1839; x_wconf 78' lang='grc' dir='ltr'>ἀμᾶσθαι</span> <span class='ocrx_word' id='word_1_123' title='bbox 1066 1766 1167 1831; x_wconf 76' lang='grc' dir='ltr'>ἔνι,</span> <span class='ocrx_word' id='word_1_124' title='bbox 1200 1768 1294 1819; x_wconf 72' lang='grc' dir='ltr'>καὶ</span> <span class='ocrx_word' id='word_1_125' title='bbox 1318 1768 1376 1818; x_wconf 94' lang='grc' dir='ltr'>ἐν</span> <span class='ocrx_word' id='word_1_126' title='bbox 1402 1766 1543 1836; x_wconf 75' lang='grc' dir='ltr'>αὐτῇ</span> <span class='ocrx_word' id='word_1_127' title='bbox 1571 1768 1638 1835; x_wconf 76' lang='grc' dir='ltr'>τῇ</span> <span class='ocrx_word' id='word_1_128' title='bbox 1662 1764 1802 1834; x_wconf 80' lang='grc' dir='ltr'>ἠμέ-</span> 
     </span>
    </p>
   </div>
   <div class='ocr_carea' id='block_1_18' title="bbox 201 1845 1798 1922">
    <p class='ocr_par' dir='ltr' id='par_1_18' title="bbox 201 1845 1798 1922">
     <span class='ocr_line' id='line_1_18' title="bbox 201 1845 1798 1922; baseline -0.004 -17"><span class='ocrx_word' id='word_1_129' title='bbox 201 1868 276 1921; x_wconf 73' lang='grc' dir='ltr'>ρᾳ</span> <span class='ocrx_word' id='word_1_130' title='bbox 303 1850 566 1914; x_wconf 61' lang='grc' dir='ltr'>⁴πολλάκις</span> <span class='ocrx_word' id='word_1_131' title='bbox 598 1851 886 1922; x_wconf 80' lang='grc' dir='ltr'>ἀμφότερα</span> <span class='ocrx_word' id='word_1_132' title='bbox 911 1851 1125 1920; x_wconf 83' lang='grc' dir='ltr'>γέγονε,</span> <span class='ocrx_word' id='word_1_133' title='bbox 1152 1849 1248 1902; x_wconf 67' lang='grc' dir='ltr'>καὶ</span> <span class='ocrx_word' id='word_1_134' title='bbox 1285 1849 1519 1919; x_wconf 85' lang='grc' dir='ltr'>μάλιστα</span> <span class='ocrx_word' id='word_1_135' title='bbox 1557 1845 1685 1902; x_wconf 82' lang='grc' dir='ltr'>ὅταν</span> <span class='ocrx_word' id='word_1_136' title='bbox 1723 1846 1798 1899; x_wconf 80' lang='grc' dir='ltr'>λιο</span> 
     </span>
    </p>
   </div>
   <div class='ocr_carea' id='block_1_19' title="bbox 202 1927 1804 2006">
    <p class='ocr_par' dir='ltr' id='par_1_19' title="bbox 202 1927 1804 2006">
     <span class='ocr_line' id='line_1_19' title="bbox 202 1927 1804 2006; baseline -0.004 -18"><span class='ocrx_word' id='word_1_137' title='bbox 202 1934 364 2006; x_wconf 80' lang='grc' dir='ltr'>παρά</span> <span class='ocrx_word' id='word_1_138' title='bbox 409 1937 508 1988; x_wconf 67' lang='grc' dir='ltr'>καὶ</span> <span class='ocrx_word' id='word_1_139' title='bbox 534 1935 676 1988; x_wconf 84' lang='grc' dir='ltr'>πίων</span> <span class='ocrx_word' id='word_1_140' title='bbox 706 1934 847 2005; x_wconf 82' lang='grc' dir='ltr'>τύχῃ</span> <span class='ocrx_word' id='word_1_141' title='bbox 875 1929 1013 1986; x_wconf 82' lang='grc' dir='ltr'>οὖσα</span> <span class='ocrx_word' id='word_1_142' title='bbox 1055 1935 1090 2003; x_wconf 75' lang='grc' dir='ltr'><strong>ἠ</strong></span> <span class='ocrx_word' id='word_1_143' title='bbox 1121 1931 1526 2006; x_wconf 80' lang='grc' dir='ltr'>γεωργουμένη</span> <span class='ocrx_word' id='word_1_144' title='bbox 1553 1929 1701 2001; x_wconf 75' lang='grc' dir='ltr'>ψυχή</span> <span class='ocrx_word' id='word_1_145' title='bbox 1727 1944 1741 1958; x_wconf 81' lang='grc'><strong>⁸</strong></span> <span class='ocrx_word' id='word_1_146' title='bbox 1773 1927 1804 1980; x_wconf 85' lang='lat'>6</span> 
     </span>
    </p>
   </div>
   <div class='ocr_carea' id='block_1_20' title="bbox 197 2001 1804 2087">
    <p class='ocr_par' dir='ltr' id='par_1_20' title="bbox 197 2001 1804 2087">
     <span class='ocr_line' id='line_1_20' title="bbox 197 2001 1804 2087; baseline -0.005 -16"><span class='ocrx_word' id='word_1_147' title='bbox 197 2015 269 2087; x_wconf 72' lang='grc' dir='ltr'>δὴ</span> <span class='ocrx_word' id='word_1_148' title='bbox 291 2001 394 2070; x_wconf 70' lang='grc' dir='ltr'>καὶ</span> <span class='ocrx_word' id='word_1_149' title='bbox 413 2017 500 2086; x_wconf 77' lang='grc' dir='ltr'>ἐφ’</span> <span class='ocrx_word' id='word_1_150' title='bbox 520 2017 675 2087; x_wconf 80' lang='grc' dir='ltr'>ὑμῶν</span> <span class='ocrx_word' id='word_1_151' title='bbox 701 2001 853 2070; x_wconf 57' lang='grc' dir='ltr'>ισέῶ</span> <span class='ocrx_word' id='word_1_152' title='bbox 881 2015 1012 2069; x_wconf 89' lang='grc' dir='ltr'>ίδεῖν</span> <span class='ocrx_word' id='word_1_153' title='bbox 1029 2030 1043 2044; x_wconf 83' lang='grc'><strong><em>⁸</em></strong></span> <span class='ocrx_word' id='word_1_154' title='bbox 1075 2001 1156 2068; x_wconf 80' lang='grc' dir='ltr'>διδ</span> <span class='ocrx_word' id='word_1_155' title='bbox 1184 2001 1280 2068; x_wconf 69' lang='grc' dir='ltr'>καὶ</span> <span class='ocrx_word' id='word_1_156' title='bbox 1312 2016 1473 2086; x_wconf 80' lang='grc' dir='ltr'>ἡμεῖς</span> <span class='ocrx_word' id='word_1_157' title='bbox 1498 2013 1637 2085; x_wconf 72' lang='grc' dir='ltr'>πρὸς</span> <span class='ocrx_word' id='word_1_158' title='bbox 1658 2011 1804 2082; x_wconf 76' lang='grc' dir='ltr'>ὑμᾶς</span> 
     </span>
    </p>
   </div>
   <div class='ocr_carea' id='block_1_21' title="bbox 201 2096 1803 2173">
    <p class='ocr_par' dir='ltr' id='par_1_21' title="bbox 201 2096 1803 2173">
     <span class='ocr_line' id='line_1_21' title="bbox 201 2096 1803 2173; baseline -0.003 -21"><span class='ocrx_word' id='word_1_159' title='bbox 201 2099 619 2172; x_wconf 75' lang='grc' dir='ltr'>προθυμάτερον</span> <span class='ocrx_word' id='word_1_160' title='bbox 654 2101 956 2173; x_wconf 72' lang='grc' dir='ltr'>τρέχομεψ</span> <span class='ocrx_word' id='word_1_161' title='bbox 990 2100 1116 2153; x_wconf 74' lang='grc' dir='ltr'>ἐπεὶ</span> <span class='ocrx_word' id='word_1_162' title='bbox 1153 2099 1247 2152; x_wconf 78' lang='grc' dir='ltr'>καὶ</span> <span class='ocrx_word' id='word_1_163' title='bbox 1291 2097 1537 2169; x_wconf 77' lang='grc' dir='ltr'>γεωργὸς</span> <span class='ocrx_word' id='word_1_164' title='bbox 1586 2096 1803 2166; x_wconf 89' lang='grc' dir='ltr'>ἐκείνην</span> 
     </span>
    </p>
   </div>
   <div class='ocr_carea' id='block_1_22' title="bbox 201 2175 1806 2256">
    <p class='ocr_par' dir='ltr' id='par_1_22' title="bbox 201 2175 1806 2256">
     <span class='ocr_line' id='line_1_22' title="bbox 201 2175 1806 2256; baseline -0.001 -22"><span class='ocrx_word' id='word_1_165' title='bbox 201 2181 499 2253; x_wconf 74' lang='grc' dir='ltr'>ἐργάζεται</span> <span class='ocrx_word' id='word_1_166' title='bbox 525 2183 627 2255; x_wconf 79' lang='grc' dir='ltr'>τὴν</span> <span class='ocrx_word' id='word_1_167' title='bbox 649 2183 889 2256; x_wconf 74' lang='grc' dir='ltr'>ἄρουραν</span> <span class='ocrx_word' id='word_1_168' title='bbox 921 2183 1249 2253; x_wconf 72' lang='grc' dir='ltr'>ἐπιτήδειον,</span> <span class='ocrx_word' id='word_1_169' title='bbox 1285 2181 1376 2249; x_wconf 86' lang='grc' dir='ltr'>ἀφ’</span> <span class='ocrx_word' id='word_1_170' title='bbox 1397 2175 1466 2252; x_wconf 83' lang='grc' dir='ltr'>ἦς</span> <span class='ocrx_word' id='word_1_171' title='bbox 1490 2179 1590 2251; x_wconf 79' lang='grc' dir='ltr'>τὴν</span> <span class='ocrx_word' id='word_1_172' title='bbox 1620 2178 1806 2234; x_wconf 79' lang='grc' dir='ltr'>ἀλωνα</span> 
     </span>
    </p>
   </div>
   <div class='ocr_carea' id='block_1_23' title="bbox 199 2258 1802 2337">
    <p class='ocr_par' dir='ltr' id='par_1_23' title="bbox 199 2258 1802 2337">
     <span class='ocr_line' id='line_1_23' title="bbox 199 2258 1802 2337; baseline -0.001 -20"><span class='ocrx_word' id='word_1_173' title='bbox 199 2265 468 2331; x_wconf 77' lang='grc' dir='ltr'>πολλάκις</span> <span class='ocrx_word' id='word_1_174' title='bbox 516 2267 1002 2337; x_wconf 76' lang='grc' dir='ltr'>ἐνέπλησεν.Ἐπεί</span> <span class='ocrx_word' id='word_1_175' title='bbox 1053 2262 1148 2321; x_wconf 81' lang='grc' dir='ltr'>οὖν</span> <span class='ocrx_word' id='word_1_176' title='bbox 1192 2267 1289 2321; x_wconf 70' lang='grc' dir='ltr'>καὶ</span> <span class='ocrx_word' id='word_1_177' title='bbox 1338 2267 1494 2337; x_wconf 84' lang='grc' dir='ltr'>ὑμεῖς</span> <span class='ocrx_word' id='word_1_178' title='bbox 1528 2258 1588 2329; x_wconf 82' lang='grc' dir='ltr'>ἐξ</span> <span class='ocrx_word' id='word_1_179' title='bbox 1621 2264 1802 2334; x_wconf 81' lang='grc' dir='ltr'>ὀλίγου</span> 
     </span>
    </p>
   </div>
   <div class='ocr_carea' id='block_1_24' title="bbox 201 2346 1806 2433">
    <p class='ocr_par' dir='ltr' id='par_1_24' title="bbox 201 2346 1806 2433">
     <span class='ocr_line' id='line_1_24' title="bbox 201 2346 1806 2433; baseline -0.002 -31"><span class='ocrx_word' id='word_1_180' title='bbox 201 2349 380 2433; x_wconf 75' lang='grc' dir='ltr'>πόνου</span> <span class='ocrx_word' id='word_1_181' title='bbox 404 2350 608 2421; x_wconf 83' lang='grc' dir='ltr'>πολλὴν</span> <span class='ocrx_word' id='word_1_182' title='bbox 633 2352 768 2422; x_wconf 81' lang='grc' dir='ltr'>ἡμῖν</span> <span class='ocrx_word' id='word_1_183' title='bbox 789 2350 1060 2421; x_wconf 79' lang='grc' dir='ltr'>παρέχετε</span> <span class='ocrx_word' id='word_1_184' title='bbox 1079 2351 1181 2433; x_wconf 76' lang='grc' dir='ltr'>τὴν</span> <span class='ocrx_word' id='word_1_185' title='bbox 1209 2348 1489 2433; x_wconf 77' lang='grc' dir='ltr'>πρόσοδον,</span> <span class='ocrx_word' id='word_1_186' title='bbox 1517 2346 1806 2433; x_wconf 21' lang='grc' dir='ltr'>μετάτῃπολὲ-</span> 
     </span>
    </p>
   </div>
   <div class='ocr_carea' id='block_1_25' title="bbox 201 2429 1801 2506">
    <p class='ocr_par' dir='ltr' id='par_1_25' title="bbox 201 2429 1801 2506">
     <span class='ocr_line' id='line_1_25' title="bbox 201 2429 1801 2506; baseline 0.001 -24"><span class='ocrx_word' id='word_1_187' title='bbox 201 2431 308 2502; x_wconf 67' lang='grc' dir='ltr'>λῆς</span> <span class='ocrx_word' id='word_1_188' title='bbox 329 2432 434 2503; x_wconf 82' lang='grc' dir='ltr'>τῆς</span> <span class='ocrx_word' id='word_1_189' title='bbox 465 2433 884 2506; x_wconf 73' lang='grc' dir='ltr'>προσοχῆςτῆς</span> <span class='ocrx_word' id='word_1_190' title='bbox 925 2429 1202 2504; x_wconf 78' lang='grc' dir='ltr'>γεωργίας</span> <span class='ocrx_word' id='word_1_191' title='bbox 1246 2431 1530 2502; x_wconf 79' lang='grc' dir='ltr'>ἁπτόμεθα</span> <span class='ocrx_word' id='word_1_192' title='bbox 1574 2429 1801 2501; x_wconf 79' lang='grc' dir='ltr'>ταύτης,</span> 
     </span>
    </p>
   </div>
   <div class='ocr_carea' id='block_1_26' title="bbox 201 2512 1805 2588">
    <p class='ocr_par' dir='ltr' id='par_1_26' title="bbox 201 2512 1805 2588">
     <span class='ocr_line' id='line_1_26' title="bbox 201 2512 1805 2588; baseline -0.002 -18"><span class='ocrx_word' id='word_1_193' title='bbox 201 2516 302 2570; x_wconf 74' lang='grc' dir='ltr'>καὶ</span> <span class='ocrx_word' id='word_1_194' title='bbox 329 2515 440 2569; x_wconf 83' lang='grc' dir='ltr'>τῶν</span> <span class='ocrx_word' id='word_1_195' title='bbox 477 2516 746 2587; x_wconf 77' lang='grc' dir='ltr'>πρότερον</span> <span class='ocrx_word' id='word_1_196' title='bbox 781 2512 1086 2588; x_wconf 71' lang='grc' dir='ltr'>εἰρημένων</span> <span class='ocrx_word' id='word_1_197' title='bbox 1121 2515 1189 2568; x_wconf 85' lang='grc' dir='ltr'>τὰ</span> <span class='ocrx_word' id='word_1_198' title='bbox 1227 2514 1456 2585; x_wconf 80' lang='grc' dir='ltr'>λείψανα</span> <span class='ocrx_word' id='word_1_199' title='bbox 1480 2515 1610 2584; x_wconf 92' lang='grc' dir='ltr'>ὑμῖν</span> <span class='ocrx_word' id='word_1_200' title='bbox 1642 2513 1805 2584; x_wconf 90' lang='grc' dir='ltr'>κομί-</span> 
     </span>
    </p>
   </div>
   <div class='ocr_carea' id='block_1_27' title="bbox 204 2593 1806 2670">
    <p class='ocr_par' dir='ltr' id='par_1_27' title="bbox 204 2593 1806 2670">
     <span class='ocr_line' id='line_1_27' title="bbox 204 2593 1806 2670; baseline -0.001 -20"><span class='ocrx_word' id='word_1_201' title='bbox 204 2613 396 2661; x_wconf 86' lang='grc' dir='ltr'>σοντες</span> <span class='ocrx_word' id='word_1_202' title='bbox 418 2599 668 2669; x_wconf 68' lang='grc' dir='ltr'>ξῆκομεν.</span> <span class='ocrx_word' id='word_1_203' title='bbox 703 2599 837 2652; x_wconf 85' lang='grc' dir='ltr'>Τότε</span> <span class='ocrx_word' id='word_1_204' title='bbox 889 2599 991 2670; x_wconf 79' lang='grc' dir='ltr'>μὲν</span> <span class='ocrx_word' id='word_1_205' title='bbox 1021 2593 1113 2651; x_wconf 85' lang='grc' dir='ltr'>οῦν</span> <span class='ocrx_word' id='word_1_206' title='bbox 1160 2599 1268 2652; x_wconf 82' lang='grc' dir='ltr'>ἀπὸ</span> <span class='ocrx_word' id='word_1_207' title='bbox 1313 2598 1414 2668; x_wconf 82' lang='grc' dir='ltr'>τῆς</span> <span class='ocrx_word' id='word_1_208' title='bbox 1442 2597 1687 2658; x_wconf 80' lang='grc' dir='ltr'>Παλαιᾶς</span> <span class='ocrx_word' id='word_1_209' title='bbox 1715 2595 1806 2648; x_wconf 82' lang='grc' dir='ltr'>τὸν</span> 
     </span>
    </p>
   </div>
   <div class='ocr_carea' id='block_1_28' title="bbox 202 2673 1806 2753">
    <p class='ocr_par' dir='ltr' id='par_1_28' title="bbox 202 2673 1806 2753">
     <span class='ocr_line' id='line_1_28' title="bbox 202 2673 1806 2753; baseline -0.002 -20"><span class='ocrx_word' id='word_1_210' title='bbox 202 2679 366 2748; x_wconf 84' lang='grc' dir='ltr'>λόγον</span> <span class='ocrx_word' id='word_1_211' title='bbox 412 2681 701 2751; x_wconf 85' lang='grc' dir='ltr'>ὑφήναμεν</span> <span class='ocrx_word' id='word_1_212' title='bbox 729 2681 822 2736; x_wconf 82' lang='grc' dir='ltr'>τὸν</span> <span class='ocrx_word' id='word_1_213' title='bbox 857 2673 988 2753; x_wconf 69' lang='grc' dir='ltr'>περὶ</span> <span class='ocrx_word' id='word_1_214' title='bbox 1016 2680 1119 2750; x_wconf 83' lang='grc' dir='ltr'>τῆς</span> <span class='ocrx_word' id='word_1_215' title='bbox 1156 2677 1316 2750; x_wconf 80' lang='grc' dir='ltr'>δόξης</span> <span class='ocrx_word' id='word_1_216' title='bbox 1355 2677 1449 2731; x_wconf 89' lang='grc' dir='ltr'>τοῦ</span> <span class='ocrx_word' id='word_1_217' title='bbox 1484 2677 1806 2749; x_wconf 82' lang='grc' dir='ltr'>μονογενοῦς</span> 
     </span>
    </p>
   </div>
   <div class='ocr_carea' id='block_1_29' title="bbox 205 2759 1809 2833">
    <p class='ocr_par' dir='ltr' id='par_1_29' title="bbox 205 2759 1809 2833">
     <span class='ocr_line' id='line_1_29' title="bbox 205 2759 1809 2833; baseline -0.002 -18"><span class='ocrx_word' id='word_1_218' title='bbox 205 2761 343 2816; x_wconf 84' lang='grc' dir='ltr'>Υίοῦ</span> <span class='ocrx_word' id='word_1_219' title='bbox 367 2763 464 2816; x_wconf 92' lang='grc' dir='ltr'>τοῦ</span> <span class='ocrx_word' id='word_1_220' title='bbox 488 2763 628 2817; x_wconf 84' lang='grc' dir='ltr'>Θεοῦ</span> <span class='ocrx_word' id='word_1_221' title='bbox 645 2781 660 2797; x_wconf 76' lang='grc' dir='ltr'><strong>ο</strong></span> <span class='ocrx_word' id='word_1_222' title='bbox 683 2764 804 2818; x_wconf 77' lang='grc' dir='ltr'>νυνὶ</span> <span class='ocrx_word' id='word_1_223' title='bbox 822 2764 880 2817; x_wconf 87' lang='grc' dir='ltr'>δὲ</span> <span class='ocrx_word' id='word_1_224' title='bbox 909 2764 1004 2818; x_wconf 81' lang='grc' dir='ltr'>ἀπ’</span> <span class='ocrx_word' id='word_1_225' title='bbox 1032 2763 1202 2833; x_wconf 81' lang='grc' dir='ltr'>αὑτῆς</span> <span class='ocrx_word' id='word_1_226' title='bbox 1226 2762 1287 2814; x_wconf 84' lang='grc' dir='ltr'>τὸ</span> <span class='ocrx_word' id='word_1_227' title='bbox 1309 2760 1444 2814; x_wconf 83' lang='grc' dir='ltr'>αὑτὸ</span> <span class='ocrx_word' id='word_1_228' title='bbox 1467 2759 1629 2813; x_wconf 90' lang='grc' dir='ltr'>τοῦτο</span> <span class='ocrx_word' id='word_1_229' title='bbox 1653 2760 1809 2827; x_wconf 81' lang='grc' dir='ltr'>ποιή-</span> 
     </span>
    </p>
   </div>
   <div class='ocr_carea' id='block_1_30' title="bbox 207 2841 1810 2921">
    <p class='ocr_par' dir='ltr' id='par_1_30' title="bbox 207 2841 1810 2921">
     <span class='ocr_line' id='line_1_30' title="bbox 207 2841 1810 2921; baseline -0.003 -22"><span class='ocrx_word' id='word_1_230' title='bbox 207 2861 406 2917; x_wconf 73' lang='grc' dir='ltr'>σομινο</span> <span class='ocrx_word' id='word_1_231' title='bbox 443 2847 570 2909; x_wconf 78' lang='grc' dir='ltr'>’τότε</span> <span class='ocrx_word' id='word_1_232' title='bbox 596 2841 690 2901; x_wconf 86' lang='grc' dir='ltr'>οῦν</span> <span class='ocrx_word' id='word_1_233' title='bbox 717 2847 1000 2921; x_wconf 84' lang='grc' dir='ltr'>ἐλέγομεν,</span> <span class='ocrx_word' id='word_1_234' title='bbox 1036 2847 1118 2899; x_wconf 82' lang='grc' dir='ltr'>ὅτι</span> <span class='ocrx_word' id='word_1_235' title='bbox 1150 2849 1179 2899; x_wconf 98' lang='lat'>6</span> <span class='ocrx_word' id='word_1_236' title='bbox 1204 2843 1438 2916; x_wconf 77' lang='grc' dir='ltr'>Χριστὸς</span> <span class='ocrx_word' id='word_1_237' title='bbox 1475 2843 1713 2910; x_wconf 53' lang='grc' dir='ltr'>ἔλεγενὴ</span> <span class='ocrx_word' id='word_1_238' title='bbox 1739 2844 1810 2895; x_wconf 83' lang='lat' dir='ltr'>El</span> 
     </span>
    </p>
   </div>
   <div class='ocr_carea' id='block_1_31' title="bbox 204 2925 1810 3000">
    <p class='ocr_par' dir='ltr' id='par_1_31' title="bbox 204 2925 1810 3000">
     <span class='ocr_line' id='line_1_31' title="bbox 204 2925 1810 3000; baseline -0.002 -17"><span class='ocrx_word' id='word_1_239' title='bbox 204 2931 560 2984; x_wconf 73' lang='grc' dir='ltr'>ἐπιστεύετε</span> <span class='ocrx_word' id='word_1_240' title='bbox 586 2929 835 3000; x_wconf 73' lang='grc' dir='ltr'>Μωυσῇ,</span> <span class='ocrx_word' id='word_1_241' title='bbox 875 2930 1224 2986; x_wconf 79' lang='grc' dir='ltr'>ἐπιστεύετε</span> <span class='ocrx_word' id='word_1_242' title='bbox 1265 2929 1343 2983; x_wconf 83' lang='grc' dir='ltr'>ἂν</span> <span class='ocrx_word' id='word_1_243' title='bbox 1378 2929 1510 2998; x_wconf 86' lang='grc' dir='ltr'>ἐμοί</span> <span class='ocrx_word' id='word_1_244' title='bbox 1523 2945 1540 2960; x_wconf 89' lang='grc'><strong>·</strong></span> <span class='ocrx_word' id='word_1_245' title='bbox 1586 2927 1724 2982; x_wconf 80' lang='grc' dir='ltr'>νυνὶ·</span> <span class='ocrx_word' id='word_1_246' title='bbox 1751 2925 1810 2980; x_wconf 83' lang='grc' dir='ltr'>δὲ</span> 
     </span>
    </p>
   </div>
   <div class='ocr_carea' id='block_1_32' title="bbox 206 3003 1812 3084">
    <p class='ocr_par' dir='ltr' id='par_1_32' title="bbox 206 3003 1812 3084">
     <span class='ocr_line' id='line_1_32' title="bbox 206 3003 1812 3084; baseline -0.002 -16"><span class='ocrx_word' id='word_1_247' title='bbox 206 3011 466 3084; x_wconf 82' lang='grc' dir='ltr'>λέγομεν,</span> <span class='ocrx_word' id='word_1_248' title='bbox 507 3015 591 3069; x_wconf 75' lang='grc' dir='ltr'>ὅτι</span> <span class='ocrx_word' id='word_1_249' title='bbox 633 3005 757 3068; x_wconf 81' lang='grc' dir='ltr'>εἷπε</span> <span class='ocrx_word' id='word_1_250' title='bbox 802 3013 1080 3084; x_wconf 76' lang='grc' dir='ltr'>Μωῦσῆςο</span> <span class='ocrx_word' id='word_1_251' title='bbox 1125 3011 1450 3081; x_wconf 69' lang='grc' dir='ltr'>Προφήτην</span> <span class='ocrx_word' id='word_1_252' title='bbox 1491 3010 1634 3081; x_wconf 82' lang='grc' dir='ltr'>ὑμῖν</span> <span class='ocrx_word' id='word_1_253' title='bbox 1665 3003 1812 3065; x_wconf 81' lang='grc' dir='ltr'>ἀνὰ-</span> 
     </span>
    </p>
   </div>
   <div class='ocr_carea' id='block_1_33' title="bbox 207 3093 1812 3166">
    <p class='ocr_par' dir='ltr' id='par_1_33' title="bbox 207 3093 1812 3166">
     <span class='ocr_line' id='line_1_33' title="bbox 207 3093 1812 3166; baseline -0.006 -12"><span class='ocrx_word' id='word_1_254' title='bbox 207 3097 432 3164; x_wconf 82' lang='grc' dir='ltr'>στήσει</span> <span class='ocrx_word' id='word_1_255' title='bbox 463 3099 682 3166; x_wconf 82' lang='grc' dir='ltr'>Κύριος</span> <span class='ocrx_word' id='word_1_256' title='bbox 712 3100 746 3152; x_wconf 85' lang='grc' dir='ltr'>ό</span> <span class='ocrx_word' id='word_1_257' title='bbox 777 3097 925 3164; x_wconf 83' lang='grc' dir='ltr'>Θεὸς</span> <span class='ocrx_word' id='word_1_258' title='bbox 953 3097 1024 3150; x_wconf 80' lang='grc' dir='ltr'>ἐκ</span> <span class='ocrx_word' id='word_1_259' title='bbox 1054 3095 1176 3151; x_wconf 77' lang='grc' dir='ltr'>τῶν</span> <span class='ocrx_word' id='word_1_260' title='bbox 1200 3093 1484 3165; x_wconf 74' lang='grc' dir='ltr'>ἀδελφῶν</span> <span class='ocrx_word' id='word_1_261' title='bbox 1516 3093 1690 3164; x_wconf 79' lang='grc' dir='ltr'>ὑμῶν</span> <span class='ocrx_word' id='word_1_262' title='bbox 1730 3094 1812 3160; x_wconf 86' lang='grc' dir='ltr'>ὡς</span> 
     </span>
    </p>
   </div>
   <div class='ocr_carea' id='block_1_34' title="bbox 208 3177 1812 3258">
    <p class='ocr_par' dir='ltr' id='par_1_34' title="bbox 208 3177 1812 3258">
     <span class='ocr_line' id='line_1_34' title="bbox 208 3177 1812 3258; baseline -0.003 -23"><span class='ocrx_word' id='word_1_263' title='bbox 208 3181 318 3250; x_wconf 77' lang='grc' dir='ltr'>ἐμέ</span> <span class='ocrx_word' id='word_1_264' title='bbox 336 3198 351 3211; x_wconf 87' lang='grc'><strong>·</strong></span> <span class='ocrx_word' id='word_1_265' title='bbox 385 3179 1194 3258; x_wconf 32' lang='grc' dir='ltr'>αὼοῦρἀούσεσθεῖοσπερ</span> <span class='ocrx_word' id='word_1_266' title='bbox 1217 3178 1327 3249; x_wconf 88' lang='grc' dir='ltr'>γάρ</span> <span class='ocrx_word' id='word_1_267' title='bbox 1352 3181 1381 3231; x_wconf 90' lang='lat'>6</span> <span class='ocrx_word' id='word_1_268' title='bbox 1413 3178 1648 3248; x_wconf 79' lang='grc' dir='ltr'>Χριστὸς</span> <span class='ocrx_word' id='word_1_269' title='bbox 1675 3177 1812 3249; x_wconf 83' lang='grc' dir='ltr'>πρὸς</span> 
     </span>
    </p>
   </div>
   <div class='ocr_carea' id='block_1_35' title="bbox 211 3262 1814 3335">
    <p class='ocr_par' dir='ltr' id='par_1_35' title="bbox 211 3262 1814 3335">
     <span class='ocr_line' id='line_1_35' title="bbox 211 3262 1814 3335; baseline -0.002 -17"><span class='ocrx_word' id='word_1_270' title='bbox 211 3265 305 3318; x_wconf 77' lang='grc' dir='ltr'>τὸν</span> <span class='ocrx_word' id='word_1_271' title='bbox 335 3266 576 3319; x_wconf 84' lang='grc' dir='ltr'>Μωΰσέα</span> <span class='ocrx_word' id='word_1_272' title='bbox 609 3264 994 3335; x_wconf 86' lang='grc' dir='ltr'>παραπέμπει,</span> <span class='ocrx_word' id='word_1_273' title='bbox 1031 3263 1119 3316; x_wconf 80' lang='grc' dir='ltr'>ἵνα</span> <span class='ocrx_word' id='word_1_274' title='bbox 1151 3263 1220 3316; x_wconf 84' lang='grc' dir='ltr'>δι’</span> <span class='ocrx_word' id='word_1_275' title='bbox 1243 3263 1454 3317; x_wconf 89' lang='grc' dir='ltr'>ἐκείνου</span> <span class='ocrx_word' id='word_1_276' title='bbox 1498 3262 1636 3335; x_wconf 79' lang='grc' dir='ltr'>πρὸς</span> <span class='ocrx_word' id='word_1_277' title='bbox 1688 3263 1814 3316; x_wconf 87' lang='grc' dir='ltr'>ἐαυ-</span> 
     </span>
    </p>
   </div>
   <div class='ocr_carea' id='block_1_36' title="bbox 210 3345 1815 3419">
    <p class='ocr_par' dir='ltr' id='par_1_36' title="bbox 210 3345 1815 3419">
     <span class='ocr_line' id='line_1_36' title="bbox 210 3345 1815 3419; baseline 0 -21"><span class='ocrx_word' id='word_1_278' title='bbox 210 3348 307 3400; x_wconf 82' lang='grc' dir='ltr'>τὸν</span> <span class='ocrx_word' id='word_1_279' title='bbox 339 3347 734 3419; x_wconf 82' lang='grc' dir='ltr'>ἐπισπάσηται,</span> <span class='ocrx_word' id='word_1_280' title='bbox 760 3345 935 3410; x_wconf 76' lang='grc' dir='ltr'>οὕτως</span> <span class='ocrx_word' id='word_1_281' title='bbox 955 3347 984 3399; x_wconf 94' lang='lat'>6</span> <span class='ocrx_word' id='word_1_282' title='bbox 1010 3346 1256 3416; x_wconf 84' lang='grc' dir='ltr'>Μωῦσῆς</span> <span class='ocrx_word' id='word_1_283' title='bbox 1274 3346 1354 3417; x_wconf 83' lang='grc' dir='ltr'>τῷ</span> <span class='ocrx_word' id='word_1_284' title='bbox 1381 3345 1685 3416; x_wconf 82' lang='grc' dir='ltr'>διδασκάλῳ</span> <span class='ocrx_word' id='word_1_285' title='bbox 1708 3363 1815 3398; x_wconf 66' lang='grc' dir='ltr'>παρ-</span> 
     </span>
    </p>
   </div>
   <div class='ocr_carea' id='block_1_37' title="bbox 215 3428 1814 3504">
    <p class='ocr_par' dir='ltr' id='par_1_37' title="bbox 215 3428 1814 3504">
     <span class='ocr_line' id='line_1_37' title="bbox 215 3428 1814 3504; baseline -0.001 -21"><span class='ocrx_word' id='word_1_286' title='bbox 215 3431 470 3504; x_wconf 89' lang='grc' dir='ltr'>ραδίδωσι</span> <span class='ocrx_word' id='word_1_287' title='bbox 517 3434 643 3494; x_wconf 81' lang='grc' dir='ltr'>τοὺς</span> <span class='ocrx_word' id='word_1_288' title='bbox 676 3430 947 3502; x_wconf 82' lang='grc' dir='ltr'>μαθητάς,</span> <span class='ocrx_word' id='word_1_289' title='bbox 975 3429 1215 3483; x_wconf 80' lang='grc' dir='ltr'>κελεύων</span> <span class='ocrx_word' id='word_1_290' title='bbox 1257 3428 1408 3500; x_wconf 86' lang='grc' dir='ltr'>αὑτῷ</span> <span class='ocrx_word' id='word_1_291' title='bbox 1441 3429 1585 3483; x_wconf 88' lang='grc' dir='ltr'>κατά</span> <span class='ocrx_word' id='word_1_292' title='bbox 1632 3429 1814 3483; x_wconf 89' lang='grc' dir='ltr'>πάντα</span> 
     </span>
    </p>
   </div>
   <div class='ocr_carea' id='block_1_38' title="bbox 214 3507 1894 3586">
    <p class='ocr_par' dir='ltr' id='par_1_38' title="bbox 214 3507 1894 3586">
     <span class='ocr_line' id='line_1_38' title="bbox 214 3507 1894 3586; baseline -0.001 -18"><span class='ocrx_word' id='word_1_293' title='bbox 214 3515 521 3569; x_wconf 85' lang='grc' dir='ltr'>πείθεσθαι.</span> <span class='ocrx_word' id='word_1_294' title='bbox 550 3514 878 3586; x_wconf 84' lang='grc' dir='ltr'>Πειθώμεθα</span> <span class='ocrx_word' id='word_1_295' title='bbox 916 3514 1096 3567; x_wconf 89' lang='grc' dir='ltr'>τοίνυν</span> <span class='ocrx_word' id='word_1_296' title='bbox 1145 3507 1228 3576; x_wconf 76' lang='grc' dir='ltr'>οἷς</span> <span class='ocrx_word' id='word_1_297' title='bbox 1269 3511 1336 3566; x_wconf 81' lang='grc' dir='ltr'>ἀν</span> <span class='ocrx_word' id='word_1_298' title='bbox 1376 3514 1504 3584; x_wconf 80' lang='grc' dir='ltr'>ποιῇ</span> <span class='ocrx_word' id='word_1_299' title='bbox 1533 3513 1630 3566; x_wconf 79' lang='grc' dir='ltr'>καὶ</span> <span class='ocrx_word' id='word_1_300' title='bbox 1654 3512 1811 3585; x_wconf 84' lang='grc' dir='ltr'>λέγῃ,</span> <span class='ocrx_word' id='word_1_301' title='bbox 1886 3543 1894 3549; x_wconf 83' lang='grc'><strong>-</strong></span> 
     </span>
    </p>
   </div>
   <div class='ocr_carea' id='block_1_39' title="bbox 214 3594 1815 3666">
    <p class='ocr_par' dir='ltr' id='par_1_39' title="bbox 214 3594 1815 3666">
     <span class='ocr_line' id='line_1_39' title="bbox 214 3594 1815 3666; baseline -0.001 -14"><span class='ocrx_word' id='word_1_302' title='bbox 214 3601 327 3661; x_wconf 81' lang='grc' dir='ltr'>τοῖς</span> <span class='ocrx_word' id='word_1_303' title='bbox 355 3615 416 3651; x_wconf 89' lang='grc' dir='ltr'>τε</span> <span class='ocrx_word' id='word_1_304' title='bbox 439 3598 621 3661; x_wconf 88' lang='grc' dir='ltr'>ἀλλοις</span> <span class='ocrx_word' id='word_1_305' title='bbox 649 3597 844 3660; x_wconf 74' lang='grc' dir='ltr'>ἅπασι,</span> <span class='ocrx_word' id='word_1_306' title='bbox 867 3597 964 3650; x_wconf 82' lang='grc' dir='ltr'>καὶ</span> <span class='ocrx_word' id='word_1_307' title='bbox 983 3595 1160 3666; x_wconf 86' lang='grc' dir='ltr'>τούτῳ</span> <span class='ocrx_word' id='word_1_308' title='bbox 1190 3594 1268 3664; x_wconf 84' lang='grc' dir='ltr'>τῷ</span> <span class='ocrx_word' id='word_1_309' title='bbox 1297 3596 1539 3666; x_wconf 79' lang='grc' dir='ltr'>σήμερον</span> <span class='ocrx_word' id='word_1_310' title='bbox 1567 3597 1815 3666; x_wconf 85' lang='grc' dir='ltr'>ἀναγνω-</span> 
     </span>
    </p>
   </div>
   <div class='ocr_carea' id='block_1_40' title="bbox 217 3674 1811 3752">
    <p class='ocr_par' dir='ltr' id='par_1_40' title="bbox 217 3674 1811 3752">
     <span class='ocr_line' id='line_1_40' title="bbox 217 3674 1811 3752; baseline -0.001 -18"><span class='ocrx_word' id='word_1_311' title='bbox 217 3680 396 3734; x_wconf 81' lang='grc' dir='ltr'>σθέντι</span> <span class='ocrx_word' id='word_1_312' title='bbox 430 3682 562 3752; x_wconf 83' lang='grc' dir='ltr'>ἡμῖν</span> <span class='ocrx_word' id='word_1_313' title='bbox 591 3680 827 3751; x_wconf 85' lang='grc' dir='ltr'>σημείῳ.</span> <span class='ocrx_word' id='word_1_314' title='bbox 865 3679 932 3733; x_wconf 91' lang='grc' dir='ltr'>Τί</span> <span class='ocrx_word' id='word_1_315' title='bbox 971 3679 1031 3749; x_wconf 78' lang='grc' dir='ltr'>δὲ</span> <span class='ocrx_word' id='word_1_316' title='bbox 1063 3677 1224 3732; x_wconf 88' lang='grc' dir='ltr'>τοῦτό</span> <span class='ocrx_word' id='word_1_317' title='bbox 1252 3679 1437 3743; x_wconf 89' lang='grc' dir='ltr'>ἐστιν;</span> <span class='ocrx_word' id='word_1_318' title='bbox 1464 3674 1599 3743; x_wconf 79' lang='grc' dir='ltr'>Ἦν,</span> <span class='ocrx_word' id='word_1_319' title='bbox 1626 3679 1811 3751; x_wconf 77' lang='grc' dir='ltr'>φησὶν,</span> 
     </span>
    </p>
   </div>
   <div class='ocr_carea' id='block_1_41' title="bbox 216 3762 1818 3837">
    <p class='ocr_par' dir='ltr' id='par_1_41' title="bbox 216 3762 1818 3837">
     <span class='ocr_line' id='line_1_41' title="bbox 216 3762 1818 3837; baseline -0.001 -19"><span class='ocrx_word' id='word_1_320' title='bbox 216 3762 394 3832; x_wconf 69' lang='grc' dir='ltr'>ἑορτὴ</span> <span class='ocrx_word' id='word_1_321' title='bbox 427 3763 550 3816; x_wconf 79' lang='grc' dir='ltr'>τῶν</span> <span class='ocrx_word' id='word_1_322' title='bbox 584 3763 900 3830; x_wconf 80' lang='grc' dir='ltr'>Ἰουδαίων,</span> <span class='ocrx_word' id='word_1_323' title='bbox 937 3763 1036 3817; x_wconf 80' lang='grc' dir='ltr'>καί</span> <span class='ocrx_word' id='word_1_324' title='bbox 1065 3762 1250 3837; x_wconf 51' lang='grc' dir='ltr'>ἀνέϐη</span> <span class='ocrx_word' id='word_1_325' title='bbox 1278 3763 1514 3831; x_wconf 83' lang='grc' dir='ltr'>Ἰησοῦς</span> <span class='ocrx_word' id='word_1_326' title='bbox 1538 3765 1629 3829; x_wconf 84' lang='grc' dir='ltr'>είς</span> <span class='ocrx_word' id='word_1_327' title='bbox 1656 3763 1818 3832; x_wconf 82' lang='grc' dir='ltr'>Ἱερο-</span> 
     </span>
    </p>
   </div>
   <div class='ocr_carea' id='block_1_42' title="bbox 215 3845 1814 3916">
    <p class='ocr_par' dir='ltr' id='par_1_42' title="bbox 215 3845 1814 3916">
     <span class='ocr_line' id='line_1_42' title="bbox 215 3845 1814 3916; baseline -0.001 -16"><span class='ocrx_word' id='word_1_328' title='bbox 215 3846 661 3916; x_wconf 70' lang='grc' dir='ltr'>σόλυμαὶἙστι</span> <span class='ocrx_word' id='word_1_329' title='bbox 684 3846 755 3900; x_wconf 83' lang='grc' dir='ltr'>δὲ</span> <span class='ocrx_word' id='word_1_330' title='bbox 780 3847 852 3900; x_wconf 72' lang='grc' dir='ltr'>ἐν</span> <span class='ocrx_word' id='word_1_331' title='bbox 874 3845 1002 3912; x_wconf 84' lang='grc' dir='ltr'>τοῖς</span> <span class='ocrx_word' id='word_1_332' title='bbox 1029 3845 1467 3915; x_wconf 75' lang='grc' dir='ltr'>Ἰεροσολύμοις</span> <span class='ocrx_word' id='word_1_333' title='bbox 1487 3845 1814 3914; x_wconf 77' lang='grc' dir='ltr'>προϐατικὴ</span> 
     </span>
    </p>
   </div>
   <div class='ocr_carea' id='block_1_43' title="bbox 217 3927 1811 4000">
    <p class='ocr_par' dir='ltr' id='par_1_43' title="bbox 217 3927 1811 4000">
     <span class='ocr_line' id='line_1_43' title="bbox 217 3927 1811 4000; baseline 0.001 -18"><span class='ocrx_word' id='word_1_334' title='bbox 217 3929 609 3999; x_wconf 69' lang='grc' dir='ltr'>κολυμϐήθρα</span> <span class='ocrx_word' id='word_1_335' title='bbox 631 3967 647 3994; x_wconf 91' lang='grc'>,</span> <span class='ocrx_word' id='word_1_336' title='bbox 693 3931 734 3998; x_wconf 77' lang='grc' dir='ltr'><strong><em>ἠ</em></strong></span> <span class='ocrx_word' id='word_1_337' title='bbox 786 3927 1082 4000; x_wconf 66' lang='grc' dir='ltr'>λεγομένη</span> <span class='ocrx_word' id='word_1_338' title='bbox 1139 3927 1437 3996; x_wconf 76' lang='grc' dir='ltr'>Ἐϐραϊστί</span> <span class='ocrx_word' id='word_1_339' title='bbox 1494 3927 1775 3997; x_wconf 60' lang='lat' dir='ltr'>maenaa</span> <span class='ocrx_word' id='word_1_340' title='bbox 1795 3969 1811 3994; x_wconf 92' lang='lat'><strong><em>,</em></strong></span> 
     </span>
    </p>
   </div>
   <div class='ocr_carea' id='block_1_44' title="bbox 217 4011 1816 4085">
    <p class='ocr_par' dir='ltr' id='par_1_44' title="bbox 217 4011 1816 4085">
     <span class='ocr_line' id='line_1_44' title="bbox 217 4011 1816 4085; baseline -0.001 -19"><span class='ocrx_word' id='word_1_341' title='bbox 217 4011 407 4066; x_wconf 69' lang='grc' dir='ltr'>πέντε</span> <span class='ocrx_word' id='word_1_342' title='bbox 445 4012 636 4079; x_wconf 81' lang='grc' dir='ltr'>στοὰς</span> <span class='ocrx_word' id='word_1_343' title='bbox 667 4011 934 4082; x_wconf 74' lang='grc' dir='ltr'>ἔχουσα·</span> <span class='ocrx_word' id='word_1_344' title='bbox 970 4013 1050 4075; x_wconf 85' lang='grc' dir='ltr'>είς</span> <span class='ocrx_word' id='word_1_345' title='bbox 1083 4011 1153 4082; x_wconf 72' lang='grc' dir='ltr'>ἢν</span> <span class='ocrx_word' id='word_1_346' title='bbox 1183 4011 1343 4082; x_wconf 87' lang='grc' dir='ltr'>λόγος</span> <span class='ocrx_word' id='word_1_347' title='bbox 1370 4012 1484 4082; x_wconf 76' lang='grc' dir='ltr'>ἔχει</span> <span class='ocrx_word' id='word_1_348' title='bbox 1511 4012 1816 4085; x_wconf 87' lang='grc' dir='ltr'>παραγινό-</span> 
     </span>
    </p>
   </div>
   <div class='ocr_carea' id='block_1_45' title="bbox 221 4091 1818 4165">
    <p class='ocr_par' dir='ltr' id='par_1_45' title="bbox 221 4091 1818 4165">
     <span class='ocr_line' id='line_1_45' title="bbox 221 4091 1818 4165; baseline 0.001 -17"><span class='ocrx_word' id='word_1_349' title='bbox 221 4111 384 4163; x_wconf 73' lang='grc' dir='ltr'>μενον</span> <span class='ocrx_word' id='word_1_350' title='bbox 429 4093 662 4164; x_wconf 76' lang='grc' dir='ltr'>ἄγγελον</span> <span class='ocrx_word' id='word_1_351' title='bbox 700 4091 850 4149; x_wconf 68' lang='grc' dir='ltr'>’κατά</span> <span class='ocrx_word' id='word_1_352' title='bbox 880 4093 1078 4165; x_wconf 81' lang='grc' dir='ltr'>καιρὸν</span> <span class='ocrx_word' id='word_1_353' title='bbox 1108 4094 1498 4160; x_wconf 87' lang='grc' dir='ltr'>καταδύεσθαι,</span> <span class='ocrx_word' id='word_1_354' title='bbox 1531 4097 1628 4150; x_wconf 79' lang='grc' dir='ltr'>καὶ</span> <span class='ocrx_word' id='word_1_355' title='bbox 1657 4095 1818 4150; x_wconf 87' lang='grc' dir='ltr'>τοῦτο</span> 
     </span>
    </p>
   </div>
   <div class='ocr_carea' id='block_1_46' title="bbox 217 4175 1817 4249">
    <p class='ocr_par' dir='ltr' id='par_1_46' title="bbox 217 4175 1817 4249">
     <span class='ocr_line' id='line_1_46' title="bbox 217 4175 1817 4249; baseline 0 -19"><span class='ocrx_word' id='word_1_356' title='bbox 217 4177 586 4246; x_wconf 80' lang='grc' dir='ltr'>γινώσκεσθαι</span> <span class='ocrx_word' id='word_1_357' title='bbox 631 4178 720 4233; x_wconf 83' lang='grc' dir='ltr'>διὰ</span> <span class='ocrx_word' id='word_1_358' title='bbox 762 4177 863 4248; x_wconf 77' lang='grc' dir='ltr'>τὴν</span> <span class='ocrx_word' id='word_1_359' title='bbox 903 4176 1001 4241; x_wconf 81' lang='grc' dir='ltr'>τοῦ</span> <span class='ocrx_word' id='word_1_360' title='bbox 1047 4177 1239 4242; x_wconf 73' lang='grc' dir='ltr'>ὓδατος</span> <span class='ocrx_word' id='word_1_361' title='bbox 1279 4177 1528 4249; x_wconf 71' lang='grc' dir='ltr'>κίνησινο</span> <span class='ocrx_word' id='word_1_362' title='bbox 1580 4179 1674 4240; x_wconf 82' lang='grc' dir='ltr'>τὸν</span> <span class='ocrx_word' id='word_1_363' title='bbox 1723 4175 1817 4234; x_wconf 81' lang='grc' dir='ltr'>οὑν</span> 
     </span>
    </p>
   </div>
   <div class='ocr_carea' id='block_1_47' title="bbox 221 4259 1817 4332">
    <p class='ocr_par' dir='ltr' id='par_1_47' title="bbox 221 4259 1817 4332">
     <span class='ocr_line' id='line_1_47' title="bbox 221 4259 1817 4332; baseline 0.001 -18"><span class='ocrx_word' id='word_1_364' title='bbox 221 4262 437 4332; x_wconf 83' lang='grc' dir='ltr'>πρῶτον</span> <span class='ocrx_word' id='word_1_365' title='bbox 465 4260 713 4332; x_wconf 82' lang='grc' dir='ltr'>ἐμϐάντα</span> <span class='ocrx_word' id='word_1_366' title='bbox 745 4262 888 4332; x_wconf 86' lang='grc' dir='ltr'>μετά</span> <span class='ocrx_word' id='word_1_367' title='bbox 911 4261 1003 4314; x_wconf 78' lang='grc' dir='ltr'>τὸν</span> <span class='ocrx_word' id='word_1_368' title='bbox 1031 4263 1092 4314; x_wconf 89' lang='grc' dir='ltr'>ἐν</span> <span class='ocrx_word' id='word_1_369' title='bbox 1119 4259 1198 4331; x_wconf 83' lang='grc' dir='ltr'>τῷ</span> <span class='ocrx_word' id='word_1_370' title='bbox 1227 4259 1382 4316; x_wconf 83' lang='grc' dir='ltr'>ὑδατι</span> <span class='ocrx_word' id='word_1_371' title='bbox 1415 4260 1664 4315; x_wconf 82' lang='grc' dir='ltr'>κλύδωνα</span> <span class='ocrx_word' id='word_1_372' title='bbox 1685 4261 1817 4332; x_wconf 82' lang='grc' dir='ltr'>ὑγιῆ</span> 
     </span>
    </p>
   </div>
   <div class='ocr_carea' id='block_1_48' title="bbox 220 4343 1818 4415">
    <p class='ocr_par' dir='ltr' id='par_1_48' title="bbox 220 4343 1818 4415">
     <span class='ocr_line' id='line_1_48' title="bbox 220 4343 1818 4415; baseline 0.001 -18"><span class='ocrx_word' id='word_1_373' title='bbox 220 4343 487 4412; x_wconf 89' lang='grc' dir='ltr'>γίνεσθαι,</span> <span class='ocrx_word' id='word_1_374' title='bbox 518 4344 802 4414; x_wconf 80' lang='grc' dir='ltr'>ὁτιδήποτε</span> <span class='ocrx_word' id='word_1_375' title='bbox 849 4343 1190 4415; x_wconf 79' lang='grc' dir='ltr'>ἀρρώστημα</span> <span class='ocrx_word' id='word_1_376' title='bbox 1232 4345 1550 4415; x_wconf 84' lang='grc' dir='ltr'>ἐχοντα.Ἐν</span> <span class='ocrx_word' id='word_1_377' title='bbox 1590 4344 1818 4409; x_wconf 88' lang='grc' dir='ltr'>ταύταις</span> 
     </span>
    </p>
   </div>
   <div class='ocr_carea' id='block_1_49' title="bbox 220 4422 1820 4498">
    <p class='ocr_par' dir='ltr' id='par_1_49' title="bbox 220 4422 1820 4498">
     <span class='ocr_line' id='line_1_49' title="bbox 220 4422 1820 4498; baseline 0 -18"><span class='ocrx_word' id='word_1_378' title='bbox 220 4422 315 4480; x_wconf 76' lang='grc' dir='ltr'>οὖν</span> <span class='ocrx_word' id='word_1_379' title='bbox 343 4427 628 4480; x_wconf 83' lang='grc' dir='ltr'>κατέκειτο</span> <span class='ocrx_word' id='word_1_380' title='bbox 671 4429 794 4489; x_wconf 91' lang='grc' dir='ltr'>ταῖς</span> <span class='ocrx_word' id='word_1_381' title='bbox 829 4429 1011 4491; x_wconf 66' lang='grc' dir='ltr'>στοαῖς</span> <span class='ocrx_word' id='word_1_382' title='bbox 1043 4427 1248 4498; x_wconf 80' lang='grc' dir='ltr'>πλῆθος</span> <span class='ocrx_word' id='word_1_383' title='bbox 1293 4425 1686 4492; x_wconf 85' lang='grc' dir='ltr'>ἀσθενούντων,</span> <span class='ocrx_word' id='word_1_384' title='bbox 1723 4446 1820 4480; x_wconf 90' lang='grc' dir='ltr'>τυ-</span> 
     </span>
    </p>
   </div>
   <div class='ocr_carea' id='block_1_50' title="bbox 223 4508 1817 4582">
    <p class='ocr_par' dir='ltr' id='par_1_50' title="bbox 223 4508 1817 4582">
     <span class='ocr_line' id='line_1_50' title="bbox 223 4508 1817 4582; baseline 0.003 -21"><span class='ocrx_word' id='word_1_385' title='bbox 223 4509 393 4578; x_wconf 79' lang='grc' dir='ltr'>φλῶν,</span> <span class='ocrx_word' id='word_1_386' title='bbox 421 4509 632 4579; x_wconf 82' lang='grc' dir='ltr'>χωλῶν,</span> <span class='ocrx_word' id='word_1_387' title='bbox 658 4508 859 4582; x_wconf 82' lang='grc' dir='ltr'>ξηρῶν,</span> <span class='ocrx_word' id='word_1_388' title='bbox 885 4509 1263 4581; x_wconf 73' lang='grc' dir='ltr'>ἐκδεχομένων</span> <span class='ocrx_word' id='word_1_389' title='bbox 1281 4510 1382 4582; x_wconf 80' lang='grc' dir='ltr'>τὴν</span> <span class='ocrx_word' id='word_1_390' title='bbox 1400 4511 1495 4564; x_wconf 91' lang='grc' dir='ltr'>τοῦ</span> <span class='ocrx_word' id='word_1_391' title='bbox 1517 4511 1709 4577; x_wconf 82' lang='grc' dir='ltr'>ὓδατος</span> <span class='ocrx_word' id='word_1_392' title='bbox 1734 4513 1817 4565; x_wconf 80' lang='grc' dir='ltr'>κί-</span> 
     </span>
    </p>
   </div>
   <div class='ocr_carea' id='block_1_51' title="bbox 223 4607 398 4662">
    <p class='ocr_par' dir='ltr' id='par_1_51' title="bbox 223 4607 398 4662">
     <span class='ocr_line' id='line_1_51' title="bbox 223 4607 398 4662; baseline 0.011 -18"><span class='ocrx_word' id='word_1_393' title='bbox 223 4607 398 4662; x_wconf 86' lang='grc' dir='ltr'>νησιν.</span> 
     </span>
    </p>
   </div>
   <div class='ocr_carea' id='block_1_52' title="bbox 294 4836 1818 4914">
    <p class='ocr_par' dir='ltr' id='par_1_52' title="bbox 294 4836 1818 4914">
     <span class='ocr_line' id='line_1_52' title="bbox 294 4836 1818 4914; baseline 0.003 -21"><span class='ocrx_word' id='word_1_394' title='bbox 294 4840 470 4902; x_wconf 88' lang='grc' dir='ltr'>Τίνος·</span> <span class='ocrx_word' id='word_1_395' title='bbox 493 4836 588 4896; x_wconf 83' lang='grc' dir='ltr'>οὖν</span> <span class='ocrx_word' id='word_1_396' title='bbox 634 4841 822 4895; x_wconf 84' lang='grc' dir='ltr'>ἐνεκεν</span> <span class='ocrx_word' id='word_1_397' title='bbox 867 4841 935 4895; x_wconf 90' lang='grc' dir='ltr'>τά</span> <span class='ocrx_word' id='word_1_398' title='bbox 971 4839 1326 4913; x_wconf 81' lang='grc' dir='ltr'>Ἱεροσόλυμα</span> <span class='ocrx_word' id='word_1_399' title='bbox 1356 4841 1596 4914; x_wconf 82' lang='grc' dir='ltr'>συνεχῶς</span> <span class='ocrx_word' id='word_1_400' title='bbox 1619 4844 1650 4896; x_wconf 93' lang='lat'>6</span> <span class='ocrx_word' id='word_1_401' title='bbox 1679 4844 1818 4913; x_wconf 86' lang='grc' dir='ltr'>Χρι-</span> 
     </span>
    </p>
   </div>
   <div class='ocr_carea' id='block_1_53' title="bbox 229 4923 1818 4996">
    <p class='ocr_par' dir='ltr' id='par_1_53' title="bbox 229 4923 1818 4996">
     <span class='ocr_line' id='line_1_53' title="bbox 229 4923 1818 4996; baseline 0.002 -21"><span class='ocrx_word' id='word_1_402' title='bbox 229 4923 351 4986; x_wconf 84' lang='grc' dir='ltr'>στδς</span> <span class='ocrx_word' id='word_1_403' title='bbox 371 4924 802 4995; x_wconf 75' lang='grc' dir='ltr'>καταλαμϐάνει,</span> <span class='ocrx_word' id='word_1_404' title='bbox 838 4924 932 4976; x_wconf 77' lang='grc' dir='ltr'>καὶ</span> <span class='ocrx_word' id='word_1_405' title='bbox 958 4925 1016 4976; x_wconf 88' lang='grc' dir='ltr'>ἐν</span> <span class='ocrx_word' id='word_1_406' title='bbox 1043 4926 1165 4988; x_wconf 89' lang='grc' dir='ltr'>ταῖς</span> <span class='ocrx_word' id='word_1_407' title='bbox 1207 4926 1424 4996; x_wconf 79' lang='grc' dir='ltr'>ἑορταῖς</span> <span class='ocrx_word' id='word_1_408' title='bbox 1461 4925 1818 4996; x_wconf 75' lang='grc' dir='ltr'>ἐπιχωριάζει</span> 
     </span>
    </p>
   </div>
   <div class='ocr_carea' id='block_1_54' title="bbox 226 5007 1816 5079">
    <p class='ocr_par' dir='ltr' id='par_1_54' title="bbox 226 5007 1816 5079">
     <span class='ocr_line' id='line_1_54' title="bbox 226 5007 1816 5079; baseline 0.003 -21"><span class='ocrx_word' id='word_1_409' title='bbox 226 5009 337 5070; x_wconf 83' lang='grc' dir='ltr'>τοῖς</span> <span class='ocrx_word' id='word_1_410' title='bbox 380 5007 687 5072; x_wconf 86' lang='grc' dir='ltr'>Ἰουδαίοις;</span> <span class='ocrx_word' id='word_1_411' title='bbox 730 5007 948 5077; x_wconf 84' lang='grc' dir='ltr'>Ἐπειδὴ</span> <span class='ocrx_word' id='word_1_412' title='bbox 981 5007 1102 5060; x_wconf 80' lang='grc' dir='ltr'>τότε</span> <span class='ocrx_word' id='word_1_413' title='bbox 1144 5007 1206 5059; x_wconf 84' lang='grc' dir='ltr'>τὸ</span> <span class='ocrx_word' id='word_1_414' title='bbox 1247 5007 1452 5076; x_wconf 82' lang='grc' dir='ltr'>πλῆθος</span> <span class='ocrx_word' id='word_1_415' title='bbox 1480 5009 1816 5079; x_wconf 83' lang='grc' dir='ltr'>συνελέγετο,</span> 
     </span>
    </p>
   </div>
   <div class='ocr_carea' id='block_1_55' title="bbox 228 5089 1818 5163">
    <p class='ocr_par' dir='ltr' id='par_1_55' title="bbox 228 5089 1818 5163">
     <span class='ocr_line' id='line_1_55' title="bbox 228 5089 1818 5163; baseline 0.001 -19"><span class='ocrx_word' id='word_1_416' title='bbox 228 5091 319 5144; x_wconf 86' lang='grc' dir='ltr'>καί</span> <span class='ocrx_word' id='word_1_417' title='bbox 339 5090 434 5143; x_wconf 82' lang='grc' dir='ltr'>τὸν</span> <span class='ocrx_word' id='word_1_418' title='bbox 455 5090 620 5143; x_wconf 87' lang='grc' dir='ltr'>τόπον</span> <span class='ocrx_word' id='word_1_419' title='bbox 652 5091 860 5144; x_wconf 89' lang='grc' dir='ltr'>ἐκεῖνον</span> <span class='ocrx_word' id='word_1_420' title='bbox 887 5090 982 5143; x_wconf 76' lang='grc' dir='ltr'>καὶ</span> <span class='ocrx_word' id='word_1_421' title='bbox 1007 5090 1099 5142; x_wconf 82' lang='grc' dir='ltr'>τὸν</span> <span class='ocrx_word' id='word_1_422' title='bbox 1127 5089 1318 5160; x_wconf 84' lang='grc' dir='ltr'>καιρὸν</span> <span class='ocrx_word' id='word_1_423' title='bbox 1340 5092 1661 5163; x_wconf 83' lang='grc' dir='ltr'>παρετήρει,</span> <span class='ocrx_word' id='word_1_424' title='bbox 1677 5092 1818 5158; x_wconf 79' lang='grc' dir='ltr'>ὥστε</span> 
     </span>
    </p>
   </div>
   <div class='ocr_carea' id='block_1_56' title="bbox 229 5165 1818 5245">
    <p class='ocr_par' dir='ltr' id='par_1_56' title="bbox 229 5165 1818 5245">
     <span class='ocr_line' id='line_1_56' title="bbox 229 5165 1818 5245; baseline 0.003 -20"><span class='ocrx_word' id='word_1_425' title='bbox 229 5170 580 5226; x_wconf 86' lang='grc' dir='ltr'>ἐπιλαϐέσθαι</span> <span class='ocrx_word' id='word_1_426' title='bbox 621 5173 730 5225; x_wconf 87' lang='grc' dir='ltr'>τῶν</span> <span class='ocrx_word' id='word_1_427' title='bbox 779 5171 1172 5226; x_wconf 84' lang='grc' dir='ltr'>ἀσθενούντων.</span> <span class='ocrx_word' id='word_1_428' title='bbox 1205 5173 1279 5226; x_wconf 91' lang='grc' dir='ltr'>Οὑ</span> <span class='ocrx_word' id='word_1_429' title='bbox 1312 5174 1422 5245; x_wconf 84' lang='grc' dir='ltr'>γὰρ</span> <span class='ocrx_word' id='word_1_430' title='bbox 1456 5165 1727 5245; x_wconf 53' lang='grc' dir='ltr'>τοσαύτην</span> <span class='ocrx_word' id='word_1_431' title='bbox 1769 5178 1818 5229; x_wconf 92' lang='grc' dir='ltr'>οἱ</span> 
     </span>
    </p>
   </div>
   <div class='ocr_carea' id='block_1_57' title="bbox 229 5251 1821 5330">
    <p class='ocr_par' dir='ltr' id='par_1_57' title="bbox 229 5251 1821 5330">
     <span class='ocr_line' id='line_1_57' title="bbox 229 5251 1821 5330; baseline 0.004 -20"><span class='ocrx_word' id='word_1_432' title='bbox 229 5257 530 5327; x_wconf 84' lang='grc' dir='ltr'>κάμνοντες</span> <span class='ocrx_word' id='word_1_433' title='bbox 556 5251 700 5327; x_wconf 79' lang='grc' dir='ltr'>εἰχον</span> <span class='ocrx_word' id='word_1_434' title='bbox 725 5255 883 5309; x_wconf 82' lang='grc' dir='ltr'>ἐπιθυ</span> <span class='ocrx_word' id='word_1_435' title='bbox 893 5257 1020 5326; x_wconf 90' lang='grc' dir='ltr'>μίαν</span> <span class='ocrx_word' id='word_1_436' title='bbox 1044 5256 1427 5326; x_wconf 85' lang='grc' dir='ltr'>ἀπαλλαγῆναι</span> <span class='ocrx_word' id='word_1_437' title='bbox 1452 5257 1561 5311; x_wconf 86' lang='grc' dir='ltr'>τῶν</span> <span class='ocrx_word' id='word_1_438' title='bbox 1585 5276 1713 5330; x_wconf 90' lang='grc' dir='ltr'>νοση</span> <span class='ocrx_word' id='word_1_439' title='bbox 1725 5263 1821 5330; x_wconf 85' lang='grc' dir='ltr'>μά-</span> 
     </span>
    </p>
   </div>
   <div class='ocr_carea' id='block_1_58' title="bbox 227 5339 1817 5412">
    <p class='ocr_par' dir='ltr' id='par_1_58' title="bbox 227 5339 1817 5412">
     <span class='ocr_line' id='line_1_58' title="bbox 227 5339 1817 5412; baseline 0.003 -20"><span class='ocrx_word' id='word_1_440' title='bbox 227 5358 354 5404; x_wconf 87' lang='grc' dir='ltr'>των,</span> <span class='ocrx_word' id='word_1_441' title='bbox 383 5339 518 5410; x_wconf 78' lang='grc' dir='ltr'>ὅσην</span> <span class='ocrx_word' id='word_1_442' title='bbox 562 5341 591 5392; x_wconf 90' lang='lat'>6</span> <span class='ocrx_word' id='word_1_443' title='bbox 644 5339 826 5410; x_wconf 85' lang='grc' dir='ltr'>ίατρὸς</span> <span class='ocrx_word' id='word_1_444' title='bbox 875 5340 1172 5411; x_wconf 87' lang='grc' dir='ltr'>ἐπεποίητο</span> <span class='ocrx_word' id='word_1_445' title='bbox 1225 5341 1464 5412; x_wconf 84' lang='grc' dir='ltr'>σπουδὴν</span> <span class='ocrx_word' id='word_1_446' title='bbox 1511 5343 1817 5409; x_wconf 82' lang='grc' dir='ltr'>ἀπαλλάξαι</span> 
     </span>
    </p>
   </div>
   <div class='ocr_carea' id='block_1_59' title="bbox 206 5421 1817 5496">
    <p class='ocr_par' dir='ltr' id='par_1_59' title="bbox 206 5421 1817 5496">
     <span class='ocr_line' id='line_1_59' title="bbox 206 5421 1817 5496; baseline -0.002 -21"><span class='ocrx_word' id='word_1_447' title='bbox 206 5423 423 5485; x_wconf 82' lang='grc' dir='ltr'>,αὐτοὺς</span> <span class='ocrx_word' id='word_1_448' title='bbox 453 5422 554 5491; x_wconf 82' lang='grc' dir='ltr'>τῆς</span> <span class='ocrx_word' id='word_1_449' title='bbox 587 5421 1055 5492; x_wconf 70' lang='grc' dir='ltr'>ἀρρωστίας.”οτε</span> <span class='ocrx_word' id='word_1_450' title='bbox 1101 5422 1285 5476; x_wconf 88' lang='grc' dir='ltr'>τοίνυν</span> <span class='ocrx_word' id='word_1_451' title='bbox 1330 5424 1548 5496; x_wconf 82' lang='grc' dir='ltr'>πλήρης</span> <span class='ocrx_word' id='word_1_452' title='bbox 1576 5429 1604 5480; x_wconf 79' lang='grc' dir='ltr'><strong>ὁ</strong></span> <span class='ocrx_word' id='word_1_453' title='bbox 1628 5428 1817 5483; x_wconf 61' lang='lat' dir='ltr'>cono-</span> 
     </span>
    </p>
   </div>
   <div class='ocr_carea' id='block_1_60' title="bbox 230 5501 1819 5580">
    <p class='ocr_par' dir='ltr' id='par_1_60' title="bbox 230 5501 1819 5580">
     <span class='ocr_line' id='line_1_60' title="bbox 230 5501 1819 5580; baseline 0.005 -22"><span class='ocrx_word' id='word_1_454' title='bbox 230 5523 321 5574; x_wconf 88' lang='grc' dir='ltr'>γος</span> <span class='ocrx_word' id='word_1_455' title='bbox 344 5506 525 5559; x_wconf 83' lang='grc' dir='ltr'>αὑτῶν</span> <span class='ocrx_word' id='word_1_456' title='bbox 550 5501 637 5576; x_wconf 80' lang='grc' dir='ltr'>ἦν,</span> <span class='ocrx_word' id='word_1_457' title='bbox 672 5507 764 5559; x_wconf 80' lang='grc' dir='ltr'>καὶ</span> <span class='ocrx_word' id='word_1_458' title='bbox 797 5506 1204 5578; x_wconf 85' lang='grc' dir='ltr'>ἀπηρτισμένον</span> <span class='ocrx_word' id='word_1_459' title='bbox 1229 5508 1290 5560; x_wconf 83' lang='grc' dir='ltr'>τὸ</span> <span class='ocrx_word' id='word_1_460' title='bbox 1314 5508 1560 5580; x_wconf 88' lang='grc' dir='ltr'>θέατρον,</span> <span class='ocrx_word' id='word_1_461' title='bbox 1585 5514 1704 5565; x_wconf 85' lang='grc' dir='ltr'>τότε</span> <span class='ocrx_word' id='word_1_462' title='bbox 1739 5517 1819 5578; x_wconf 89' lang='grc' dir='ltr'>είς</span> 
     </span>
    </p>
   </div>
   <div class='ocr_carea' id='block_1_61' title="bbox 233 5589 1818 5661">
    <p class='ocr_par' dir='ltr' id='par_1_61' title="bbox 233 5589 1818 5661">
     <span class='ocr_line' id='line_1_61' title="bbox 233 5589 1818 5661; baseline 0.005 -19"><span class='ocrx_word' id='word_1_463' title='bbox 233 5591 393 5658; x_wconf 82' lang='grc' dir='ltr'>μέσον</span> <span class='ocrx_word' id='word_1_464' title='bbox 419 5589 712 5660; x_wconf 87' lang='grc' dir='ltr'>ἐρχόμενος</span> <span class='ocrx_word' id='word_1_465' title='bbox 755 5589 828 5642; x_wconf 90' lang='grc' dir='ltr'>τά</span> <span class='ocrx_word' id='word_1_466' title='bbox 871 5590 1015 5660; x_wconf 79' lang='grc' dir='ltr'>πρὸς</span> <span class='ocrx_word' id='word_1_467' title='bbox 1038 5589 1136 5661; x_wconf 84' lang='grc' dir='ltr'>τὴν</span> <span class='ocrx_word' id='word_1_468' title='bbox 1163 5591 1436 5661; x_wconf 89' lang='grc' dir='ltr'>σωτηρίαν</span> <span class='ocrx_word' id='word_1_469' title='bbox 1467 5597 1565 5658; x_wconf 85' lang='grc' dir='ltr'>τῆς</span> <span class='ocrx_word' id='word_1_470' title='bbox 1592 5597 1818 5650; x_wconf 83' lang='grc' dir='ltr'>ἐκείνων</span> 
     </span>
    </p>
   </div>
   <div class='ocr_carea' id='block_1_62' title="bbox 227 5672 1817 5746">
    <p class='ocr_par' dir='ltr' id='par_1_62' title="bbox 227 5672 1817 5746">
     <span class='ocr_line' id='line_1_62' title="bbox 227 5672 1817 5746; baseline 0.004 -21"><span class='ocrx_word' id='word_1_471' title='bbox 227 5673 402 5743; x_wconf 79' lang='grc' dir='ltr'>ψυχῆς</span> <span class='ocrx_word' id='word_1_472' title='bbox 445 5672 809 5727; x_wconf 85' lang='grc' dir='ltr'>ἐπεδείκνυτο.</span> <span class='ocrx_word' id='word_1_473' title='bbox 845 5673 1147 5726; x_wconf 82' lang='grc' dir='ltr'>Κατέκειτο</span> <span class='ocrx_word' id='word_1_474' title='bbox 1194 5675 1374 5728; x_wconf 87' lang='grc' dir='ltr'>τοίνυν</span> <span class='ocrx_word' id='word_1_475' title='bbox 1411 5676 1614 5746; x_wconf 85' lang='grc' dir='ltr'>πλῆθος</span> <span class='ocrx_word' id='word_1_476' title='bbox 1653 5679 1817 5732; x_wconf 77' lang='grc' dir='ltr'>ἀσθε-</span> 
     </span>
    </p>
   </div>
   <div class='ocr_carea' id='block_1_63' title="bbox 230 5755 1819 5832">
    <p class='ocr_par' dir='ltr' id='par_1_63' title="bbox 230 5755 1819 5832">
     <span class='ocr_line' id='line_1_63' title="bbox 230 5755 1819 5832; baseline 0.004 -23"><span class='ocrx_word' id='word_1_477' title='bbox 230 5755 459 5811; x_wconf 79' lang='grc' dir='ltr'>νούντων</span> <span class='ocrx_word' id='word_1_478' title='bbox 494 5756 865 5827; x_wconf 85' lang='grc' dir='ltr'>ἐκδεχομένων</span> <span class='ocrx_word' id='word_1_479' title='bbox 906 5758 1002 5827; x_wconf 85' lang='grc' dir='ltr'>τὴν</span> <span class='ocrx_word' id='word_1_480' title='bbox 1043 5755 1136 5809; x_wconf 83' lang='grc' dir='ltr'>τοῦ</span> <span class='ocrx_word' id='word_1_481' title='bbox 1177 5757 1366 5822; x_wconf 82' lang='grc' dir='ltr'>ὓδατος</span> <span class='ocrx_word' id='word_1_482' title='bbox 1400 5761 1634 5832; x_wconf 66' lang='grc' dir='ltr'>κίνησιν.</span> <span class='ocrx_word' id='word_1_483' title='bbox 1670 5763 1762 5815; x_wconf 84' lang='grc' dir='ltr'>καί</span> <span class='ocrx_word' id='word_1_484' title='bbox 1791 5766 1819 5815; x_wconf 88' lang='grc' dir='ltr'>ὁ</span> 
     </span>
    </p>
   </div>
   <div class='ocr_carea' id='block_1_64' title="bbox 230 5839 1815 5916">
    <p class='ocr_par' dir='ltr' id='par_1_64' title="bbox 230 5839 1815 5916">
     <span class='ocr_line' id='line_1_64' title="bbox 230 5839 1815 5916; baseline 0.004 -23"><span class='ocrx_word' id='word_1_485' title='bbox 230 5839 326 5911; x_wconf 77' lang='grc' dir='ltr'>μὲν</span> <span class='ocrx_word' id='word_1_486' title='bbox 375 5840 599 5913; x_wconf 84' lang='grc' dir='ltr'>πρῶτος</span> <span class='ocrx_word' id='word_1_487' title='bbox 653 5839 998 5893; x_wconf 78' lang='grc' dir='ltr'>καταϐαίνων</span> <span class='ocrx_word' id='word_1_488' title='bbox 1032 5840 1396 5912; x_wconf 84' lang='grc' dir='ltr'>ἐθεραπεύετο</span> <span class='ocrx_word' id='word_1_489' title='bbox 1426 5845 1563 5914; x_wconf 85' lang='grc' dir='ltr'>μετά</span> <span class='ocrx_word' id='word_1_490' title='bbox 1593 5845 1692 5916; x_wconf 82' lang='grc' dir='ltr'>τὴν</span> <span class='ocrx_word' id='word_1_491' title='bbox 1720 5845 1815 5900; x_wconf 89' lang='grc' dir='ltr'>τοῦ</span> 
     </span>
    </p>
   </div>
   <div class='ocr_carea' id='block_1_65' title="bbox 542 5955 1315 6020">
    <p class='ocr_par' dir='ltr' id='par_1_65' title="bbox 542 5955 1315 6020">
     <span class='ocr_line' id='line_1_65' title="bbox 542 5955 1315 6020; baseline 0.005 -4"><span class='ocrx_word' id='word_1_492' title='bbox 542 5955 818 6016; x_wconf 74' lang='grc' dir='ltr'>ΡΑτιιοι.</span> <span class='ocrx_word' id='word_1_493' title='bbox 864 5957 981 6020; x_wconf 77' lang='lat' dir='ltr'>Gn.</span> <span class='ocrx_word' id='word_1_494' title='bbox 1033 5957 1315 6020; x_wconf 82' lang='lat' dir='ltr'>XLVIII.</span> 
     </span>
    </p>
   </div>
   <div class='ocr_carea' id='block_1_66' title="bbox 948 399 2715 478">
    <p class='ocr_par' dir='ltr' id='par_1_66' title="bbox 948 399 2715 478">
     <span class='ocr_line' id='line_1_66' title="bbox 948 399 2715 478; baseline -0.002 -17"><span class='ocrx_word' id='word_1_495' title='bbox 948 408 1038 463; x_wconf 85' lang='lat' dir='ltr'>DE</span> <span class='ocrx_word' id='word_1_496' title='bbox 1073 406 1352 466; x_wconf 80' lang='lat' dir='ltr'>CHRISTI</span> <span class='ocrx_word' id='word_1_497' title='bbox 1393 407 1811 475; x_wconf 72' lang='lat' dir='ltr'>DIVINITATE,</span> <span class='ocrx_word' id='word_1_498' title='bbox 1851 405 2130 464; x_wconf 77' lang='lat' dir='ltr'>CONTRA</span> <span class='ocrx_word' id='word_1_499' title='bbox 2170 400 2570 478; x_wconf 43' lang='lat' dir='ltr'>ANOLKEOS,</span> <span class='ocrx_word' id='word_1_500' title='bbox 2596 399 2715 457; x_wconf 79' lang='lat' dir='ltr'>XII.</span> 
     </span>
    </p>
   </div>
   <div class='ocr_carea' id='block_1_67' title="bbox 1899 496 3492 586">
    <p class='ocr_par' dir='ltr' id='par_1_67' title="bbox 1899 496 3492 586">
     <span class='ocr_line' id='line_1_67' title="bbox 1899 496 3492 586; baseline -0.006 -17"><span class='ocrx_word' id='word_1_501' title='bbox 1899 516 2090 580; x_wconf 79' lang='grc' dir='ltr'>ὕδατος</span> <span class='ocrx_word' id='word_1_502' title='bbox 2119 496 2356 586; x_wconf 72' lang='grc' dir='ltr'>κίνησιν,</span> <span class='ocrx_word' id='word_1_503' title='bbox 2389 515 2419 567; x_wconf 89' lang='lat'>6</span> <span class='ocrx_word' id='word_1_504' title='bbox 2443 514 2501 567; x_wconf 84' lang='grc' dir='ltr'>δέ</span> <span class='ocrx_word' id='word_1_505' title='bbox 2530 510 2783 578; x_wconf 83' lang='grc' dir='ltr'>δεύτερος</span> <span class='ocrx_word' id='word_1_506' title='bbox 2815 508 2915 562; x_wconf 87' lang='grc' dir='ltr'>οὑκ</span> <span class='ocrx_word' id='word_1_507' title='bbox 2941 506 3023 560; x_wconf 75' lang='grc' dir='ltr'>ἐτι</span> <span class='ocrx_word' id='word_1_508' title='bbox 3042 523 3056 537; x_wconf 77' lang='grc' dir='ltr'><strong>ο</strong></span> <span class='ocrx_word' id='word_1_509' title='bbox 3093 505 3208 560; x_wconf 76' lang='grc' dir='ltr'>ἀλλ’</span> <span class='ocrx_word' id='word_1_510' title='bbox 3227 503 3492 579; x_wconf 73' lang='grc' dir='ltr'>ἀνηλοῦτο</span> 
     </span>
    </p>
   </div>
   <div class='ocr_carea' id='block_1_68' title="bbox 1893 588 3490 670">
    <p class='ocr_par' dir='ltr' id='par_1_68' title="bbox 1893 588 3490 670">
     <span class='ocr_line' id='line_1_68' title="bbox 1893 588 3490 670; baseline -0.007 -18"><span class='ocrx_word' id='word_1_511' title='bbox 1893 598 1956 652; x_wconf 73' lang='grc' dir='ltr'>τὸ</span> <span class='ocrx_word' id='word_1_512' title='bbox 1983 600 2296 670; x_wconf 82' lang='grc' dir='ltr'>φάρμακον,</span> <span class='ocrx_word' id='word_1_513' title='bbox 2332 596 2637 650; x_wconf 83' lang='grc' dir='ltr'>ἐδαπανᾶτο</span> <span class='ocrx_word' id='word_1_514' title='bbox 2667 597 2701 666; x_wconf 80' lang='grc' dir='ltr'><strong>ἡ</strong></span> <span class='ocrx_word' id='word_1_515' title='bbox 2741 591 2953 664; x_wconf 87' lang='grc' dir='ltr'>ἰατρεία</span> <span class='ocrx_word' id='word_1_516' title='bbox 2984 589 3087 662; x_wconf 83' lang='grc' dir='ltr'>τῆς</span> <span class='ocrx_word' id='word_1_517' title='bbox 3116 590 3357 661; x_wconf 82' lang='grc' dir='ltr'>χάριτος,</span> <span class='ocrx_word' id='word_1_518' title='bbox 3381 588 3490 642; x_wconf 83' lang='grc' dir='ltr'>λοι-</span> 
     </span>
    </p>
   </div>
   <div class='ocr_carea' id='block_1_69' title="bbox 1896 673 3491 754">
    <p class='ocr_par' dir='ltr' id='par_1_69' title="bbox 1896 673 3491 754">
     <span class='ocr_line' id='line_1_69' title="bbox 1896 673 3491 754; baseline -0.004 -19"><span class='ocrx_word' id='word_1_519' title='bbox 1896 682 1998 736; x_wconf 85' lang='grc' dir='ltr'>πδν</span> <span class='ocrx_word' id='word_1_520' title='bbox 2029 681 2214 754; x_wconf 72' lang='grc' dir='ltr'>ἔρημα</span> <span class='ocrx_word' id='word_1_521' title='bbox 2249 682 2320 735; x_wconf 82' lang='grc' dir='ltr'>τὰ</span> <span class='ocrx_word' id='word_1_522' title='bbox 2352 679 2522 734; x_wconf 82' lang='grc' dir='ltr'>ὕδατα</span> <span class='ocrx_word' id='word_1_523' title='bbox 2552 679 2735 750; x_wconf 72' lang='grc' dir='ltr'>ἔμενε,</span> <span class='ocrx_word' id='word_1_524' title='bbox 2761 675 2865 748; x_wconf 84' lang='grc' dir='ltr'>τῆς</span> <span class='ocrx_word' id='word_1_525' title='bbox 2897 675 2990 730; x_wconf 90' lang='grc' dir='ltr'>τοῦ</span> <span class='ocrx_word' id='word_1_526' title='bbox 3017 673 3283 747; x_wconf 76' lang='grc' dir='ltr'>πρώτουι</span> <span class='ocrx_word' id='word_1_527' title='bbox 3318 691 3491 754; x_wconf 87' lang='grc' dir='ltr'>κατα-</span> 
     </span>
    </p>
   </div>
   <div class='ocr_carea' id='block_1_70' title="bbox 1897 753 3495 838">
    <p class='ocr_par' dir='ltr' id='par_1_70' title="bbox 1897 753 3495 838">
     <span class='ocr_line' id='line_1_70' title="bbox 1897 753 3495 838; baseline -0.005 -19"><span class='ocrx_word' id='word_1_528' title='bbox 1897 753 2176 830; x_wconf 86' lang='grc' dir='ltr'>ϐαίνοντος</span> <span class='ocrx_word' id='word_1_529' title='bbox 2205 764 2523 838; x_wconf 75' lang='grc' dir='ltr'>ἀρρωστίας</span> <span class='ocrx_word' id='word_1_530' title='bbox 2554 762 2704 818; x_wconf 72' lang='grc' dir='ltr'>ἀπκν</span> <span class='ocrx_word' id='word_1_531' title='bbox 2737 756 3164 833; x_wconf 77' lang='grc' dir='ltr'>ἀναμαξαμένης</span> <span class='ocrx_word' id='word_1_532' title='bbox 3190 758 3342 812; x_wconf 85' lang='grc' dir='ltr'>αὑτό.</span> <span class='ocrx_word' id='word_1_533' title='bbox 3381 753 3495 812; x_wconf 67' lang='grc' dir='ltr'>Καὶ</span> 
     </span>
    </p>
   </div>
   <div class='ocr_carea' id='block_1_71' title="bbox 1901 842 3098 920">
    <p class='ocr_par' dir='ltr' id='par_1_71' title="bbox 1901 842 3098 920">
     <span class='ocr_line' id='line_1_71' title="bbox 1901 842 3098 920; baseline -0.005 -15"><span class='ocrx_word' id='word_1_534' title='bbox 1901 850 2049 920; x_wconf 90' lang='grc' dir='ltr'>μάλα</span> <span class='ocrx_word' id='word_1_535' title='bbox 2081 850 2307 913; x_wconf 75' lang='grc' dir='ltr'>εἰκότως</span> <span class='ocrx_word' id='word_1_536' title='bbox 2325 865 2341 880; x_wconf 77' lang='grc' dir='ltr'><strong>ο</strong></span> <span class='ocrx_word' id='word_1_537' title='bbox 2369 846 2594 919; x_wconf 78' lang='grc' dir='ltr'>δουλικὴ</span> <span class='ocrx_word' id='word_1_538' title='bbox 2622 849 2733 918; x_wconf 81' lang='grc' dir='ltr'>γὰρ</span> <span class='ocrx_word' id='word_1_539' title='bbox 2757 842 2827 918; x_wconf 74' lang='grc' dir='ltr'>ἦν</span> <span class='ocrx_word' id='word_1_540' title='bbox 2855 843 2888 916; x_wconf 78' lang='grc' dir='ltr'><strong>ἡ</strong></span> <span class='ocrx_word' id='word_1_541' title='bbox 2919 843 3098 916; x_wconf 87' lang='grc' dir='ltr'>χάρις.</span> 
     </span>
    </p>
   </div>
   <div class='ocr_carea' id='block_1_72' title="bbox 1983 1073 3498 1152">
    <p class='ocr_par' dir='ltr' id='par_1_72' title="bbox 1983 1073 3498 1152">
     <span class='ocr_line' id='line_1_72' title="bbox 1983 1073 3498 1152; baseline -0.005 -17"><span class='ocrx_word' id='word_1_542' title='bbox 1983 1080 2122 1134; x_wconf 78' lang='grc' dir='ltr'>Ἀλλ’</span> <span class='ocrx_word' id='word_1_543' title='bbox 2151 1081 2270 1152; x_wconf 83' lang='grc' dir='ltr'>οὐχ,</span> <span class='ocrx_word' id='word_1_544' title='bbox 2308 1082 2399 1135; x_wconf 83' lang='grc' dir='ltr'>ὅτε</span> <span class='ocrx_word' id='word_1_545' title='bbox 2425 1082 2455 1134; x_wconf 97' lang='lat'>6</span> <span class='ocrx_word' id='word_1_546' title='bbox 2479 1080 2760 1150; x_wconf 74' lang='grc' dir='ltr'>Δεσπότης</span> <span class='ocrx_word' id='word_1_547' title='bbox 2798 1077 3154 1151; x_wconf 77' lang='grc' dir='ltr'>παρεγένετο,</span> <span class='ocrx_word' id='word_1_548' title='bbox 3185 1076 3358 1139; x_wconf 78' lang='grc' dir='ltr'>οὑτως</span> <span class='ocrx_word' id='word_1_549' title='bbox 3383 1073 3498 1143; x_wconf 86' lang='grc' dir='ltr'>ἐγί-</span> 
     </span>
    </p>
   </div>
   <div class='ocr_carea' id='block_1_73' title="bbox 1898 1155 3500 1239">
    <p class='ocr_par' dir='ltr' id='par_1_73' title="bbox 1898 1155 3500 1239">
     <span class='ocr_line' id='line_1_73' title="bbox 1898 1155 3500 1239; baseline -0.004 -21"><span class='ocrx_word' id='word_1_550' title='bbox 1898 1155 2038 1230; x_wconf 83' lang='grc' dir='ltr'>νετο,</span> <span class='ocrx_word' id='word_1_551' title='bbox 2075 1164 2198 1239; x_wconf 80' lang='grc' dir='ltr'>οὑδέ</span> <span class='ocrx_word' id='word_1_552' title='bbox 2243 1167 2272 1216; x_wconf 91' lang='lat'>6</span> <span class='ocrx_word' id='word_1_553' title='bbox 2317 1163 2534 1235; x_wconf 84' lang='grc' dir='ltr'>πρῶτος</span> <span class='ocrx_word' id='word_1_554' title='bbox 2584 1162 2935 1218; x_wconf 86' lang='grc' dir='ltr'>καταϐαίνων</span> <span class='ocrx_word' id='word_1_555' title='bbox 2969 1162 3056 1226; x_wconf 90' lang='grc' dir='ltr'>εἰς</span> <span class='ocrx_word' id='word_1_556' title='bbox 3082 1162 3183 1233; x_wconf 79' lang='grc' dir='ltr'>τὴν</span> <span class='ocrx_word' id='word_1_557' title='bbox 3224 1157 3500 1230; x_wconf 80' lang='grc' dir='ltr'>κολυμϐή-</span> 
     </span>
    </p>
   </div>
   <div class='ocr_carea' id='block_1_74' title="bbox 1899 1240 3500 1321">
    <p class='ocr_par' dir='ltr' id='par_1_74' title="bbox 1899 1240 3500 1321">
     <span class='ocr_line' id='line_1_74' title="bbox 1899 1240 3500 1321; baseline -0.004 -19"><span class='ocrx_word' id='word_1_558' title='bbox 1899 1250 2037 1321; x_wconf 91' lang='grc' dir='ltr'>θραν</span> <span class='ocrx_word' id='word_1_559' title='bbox 2067 1247 2415 1303; x_wconf 80' lang='grc' dir='ltr'>τῶνὺδάτων</span> <span class='ocrx_word' id='word_1_560' title='bbox 2443 1247 2542 1301; x_wconf 82' lang='grc' dir='ltr'>τοῦ</span> <span class='ocrx_word' id='word_1_561' title='bbox 2571 1240 2948 1318; x_wconf 80' lang='grc' dir='ltr'>βαπτίσματος</span> <span class='ocrx_word' id='word_1_562' title='bbox 2998 1243 3362 1315; x_wconf 83' lang='grc' dir='ltr'>ἐθεραπεύετο</span> <span class='ocrx_word' id='word_1_563' title='bbox 3400 1242 3500 1312; x_wconf 91' lang='grc' dir='ltr'>μό-</span> 
     </span>
    </p>
   </div>
   <div class='ocr_carea' id='block_1_75' title="bbox 1900 1326 3499 1402">
    <p class='ocr_par' dir='ltr' id='par_1_75' title="bbox 1900 1326 3499 1402">
     <span class='ocr_line' id='line_1_75' title="bbox 1900 1326 3499 1402; baseline -0.006 -16"><span class='ocrx_word' id='word_1_564' title='bbox 1900 1349 2010 1397; x_wconf 88' lang='grc' dir='ltr'>νος,</span> <span class='ocrx_word' id='word_1_565' title='bbox 2043 1331 2180 1385; x_wconf 90' lang='grc' dir='ltr'>ἀλλά</span> <span class='ocrx_word' id='word_1_566' title='bbox 2209 1332 2302 1385; x_wconf 80' lang='grc' dir='ltr'>καί</span> <span class='ocrx_word' id='word_1_567' title='bbox 2328 1333 2357 1384; x_wconf 90' lang='lat'>6</span> <span class='ocrx_word' id='word_1_568' title='bbox 2379 1332 2621 1402; x_wconf 75' lang='grc' dir='ltr'>πρῶτος,</span> <span class='ocrx_word' id='word_1_569' title='bbox 2666 1329 2820 1401; x_wconf 73' lang='grc'>[549]</span> <span class='ocrx_word' id='word_1_570' title='bbox 2850 1331 2945 1382; x_wconf 59' lang='grc' dir='ltr'>καὶ⁷</span> <span class='ocrx_word' id='word_1_571' title='bbox 2973 1332 3000 1382; x_wconf 89' lang='lat'>6</span> <span class='ocrx_word' id='word_1_572' title='bbox 3030 1329 3303 1400; x_wconf 79' lang='grc' dir='ltr'>δεύτερος,</span> <span class='ocrx_word' id='word_1_573' title='bbox 3335 1326 3430 1380; x_wconf 78' lang='grc' dir='ltr'>καί</span> <span class='ocrx_word' id='word_1_574' title='bbox 3470 1327 3499 1377; x_wconf 95' lang='lat'>6</span> 
     </span>
    </p>
   </div>
   <div class='ocr_carea' id='block_1_76' title="bbox 1899 1410 3499 1490">
    <p class='ocr_par' dir='ltr' id='par_1_76' title="bbox 1899 1410 3499 1490">
     <span class='ocr_line' id='line_1_76' title="bbox 1899 1410 3499 1490; baseline -0.005 -21"><span class='ocrx_word' id='word_1_575' title='bbox 1899 1415 2104 1490; x_wconf 90' lang='grc' dir='ltr'>τρίτος,</span> <span class='ocrx_word' id='word_1_576' title='bbox 2137 1417 2233 1470; x_wconf 75' lang='grc' dir='ltr'>καὶ</span> <span class='ocrx_word' id='word_1_577' title='bbox 2272 1417 2301 1469; x_wconf 90' lang='lat'>6</span> <span class='ocrx_word' id='word_1_578' title='bbox 2334 1415 2617 1485; x_wconf 78' lang='grc' dir='ltr'>τέταρτος,</span> <span class='ocrx_word' id='word_1_579' title='bbox 2654 1414 2750 1476; x_wconf 67' lang='grc' dir='ltr'>καὶ</span> <span class='ocrx_word' id='word_1_580' title='bbox 2795 1415 2824 1469; x_wconf 88' lang='lat'>6</span> <span class='ocrx_word' id='word_1_581' title='bbox 2870 1411 3118 1476; x_wconf 84' lang='grc' dir='ltr'>δέκατος,</span> <span class='ocrx_word' id='word_1_582' title='bbox 3163 1411 3259 1465; x_wconf 72' lang='grc' dir='ltr'>καὶ</span> <span class='ocrx_word' id='word_1_583' title='bbox 3295 1412 3325 1464; x_wconf 90' lang='lat'>6</span> <span class='ocrx_word' id='word_1_584' title='bbox 3356 1410 3499 1462; x_wconf 79' lang='grc' dir='ltr'>εἰκο-</span> 
     </span>
    </p>
   </div>
   <div class='ocr_carea' id='block_1_77' title="bbox 1905 1491 3498 1568">
    <p class='ocr_par' dir='ltr' id='par_1_77' title="bbox 1905 1491 3498 1568">
     <span class='ocr_line' id='line_1_77' title="bbox 1905 1491 3498 1568; baseline -0.001 -16"><span class='ocrx_word' id='word_1_585' title='bbox 1905 1499 2027 1562; x_wconf 83' lang='grc' dir='ltr'>στός</span> <span class='ocrx_word' id='word_1_586' title='bbox 2047 1514 2062 1530; x_wconf 90' lang='grc'><strong>·</strong></span> <span class='ocrx_word' id='word_1_587' title='bbox 2092 1498 2197 1552; x_wconf 82' lang='grc' dir='ltr'>κᾶν</span> <span class='ocrx_word' id='word_1_588' title='bbox 2223 1497 2453 1568; x_wconf 89' lang='grc' dir='ltr'>μυρίους</span> <span class='ocrx_word' id='word_1_589' title='bbox 2472 1499 2654 1568; x_wconf 69' lang='grc' dir='ltr'>εἴπῃς,</span> <span class='ocrx_word' id='word_1_590' title='bbox 2672 1498 2774 1550; x_wconf 80' lang='grc' dir='ltr'>κάν</span> <span class='ocrx_word' id='word_1_591' title='bbox 2794 1496 2875 1559; x_wconf 64' lang='grc' dir='ltr'>δὶς</span> <span class='ocrx_word' id='word_1_592' title='bbox 2895 1495 3204 1559; x_wconf 88' lang='grc' dir='ltr'>τοσούτους,</span> <span class='ocrx_word' id='word_1_593' title='bbox 3231 1493 3335 1547; x_wconf 83' lang='grc' dir='ltr'>κᾶν</span> <span class='ocrx_word' id='word_1_594' title='bbox 3355 1491 3498 1562; x_wconf 77' lang='grc' dir='ltr'>τρὶς.</span> 
     </span>
    </p>
   </div>
   <div class='ocr_carea' id='block_1_78' title="bbox 1903 1574 3503 1652">
    <p class='ocr_par' dir='ltr' id='par_1_78' title="bbox 1903 1574 3503 1652">
     <span class='ocr_line' id='line_1_78' title="bbox 1903 1574 3503 1652; baseline -0.006 -18"><span class='ocrx_word' id='word_1_595' title='bbox 1903 1581 2008 1636; x_wconf 82' lang='grc' dir='ltr'>κᾶν</span> <span class='ocrx_word' id='word_1_596' title='bbox 2054 1581 2321 1652; x_wconf 86' lang='grc' dir='ltr'>ἀπείρους</span> <span class='ocrx_word' id='word_1_597' title='bbox 2362 1579 2442 1650; x_wconf 83' lang='grc' dir='ltr'>τῷ</span> <span class='ocrx_word' id='word_1_598' title='bbox 2475 1579 2690 1650; x_wconf 88' lang='grc' dir='ltr'>πλήθει,</span> <span class='ocrx_word' id='word_1_599' title='bbox 2726 1578 2832 1632; x_wconf 79' lang='grc' dir='ltr'>κᾶν</span> <span class='ocrx_word' id='word_1_600' title='bbox 2863 1577 2963 1652; x_wconf 79' lang='grc' dir='ltr'>τὴν</span> <span class='ocrx_word' id='word_1_601' title='bbox 2991 1577 3319 1645; x_wconf 90' lang='grc' dir='ltr'>οἰκουμένην</span> <span class='ocrx_word' id='word_1_602' title='bbox 3359 1574 3503 1627; x_wconf 80' lang='grc' dir='ltr'>ἀπα-</span> 
     </span>
    </p>
   </div>
   <div class='ocr_carea' id='block_1_79' title="bbox 1905 1649 3503 1741">
    <p class='ocr_par' dir='ltr' id='par_1_79' title="bbox 1905 1649 3503 1741">
     <span class='ocr_line' id='line_1_79' title="bbox 1905 1649 3503 1741; baseline -0.004 -26"><span class='ocrx_word' id='word_1_603' title='bbox 1905 1679 2004 1717; x_wconf 88' lang='grc' dir='ltr'>σαν</span> <span class='ocrx_word' id='word_1_604' title='bbox 2033 1649 2278 1736; x_wconf 80' lang='grc' dir='ltr'>ἐμϐάλῃς</span> <span class='ocrx_word' id='word_1_605' title='bbox 2321 1649 2527 1741; x_wconf 61' lang='grc' dir='ltr'>εἰςίτὴν</span> <span class='ocrx_word' id='word_1_606' title='bbox 2560 1649 2950 1732; x_wconf 82' lang='grc' dir='ltr'>κολυμϐήθραν</span> <span class='ocrx_word' id='word_1_607' title='bbox 2977 1660 3085 1713; x_wconf 76' lang='grc' dir='ltr'>τῶν</span> <span class='ocrx_word' id='word_1_608' title='bbox 3121 1659 3350 1723; x_wconf 80' lang='grc' dir='ltr'>ὑδάτων,</span> <span class='ocrx_word' id='word_1_609' title='bbox 3382 1655 3503 1741; x_wconf 70' lang='grc' dir='ltr'>οὐδὲ</span> 
     </span>
    </p>
   </div>
   <div class='ocr_carea' id='block_1_80' title="bbox 1903 1739 3500 1817">
    <p class='ocr_par' dir='ltr' id='par_1_80' title="bbox 1903 1739 3500 1817">
     <span class='ocr_line' id='line_1_80' title="bbox 1903 1739 3500 1817; baseline -0.006 -17"><span class='ocrx_word' id='word_1_610' title='bbox 1903 1747 2046 1800; x_wconf 86' lang='grc' dir='ltr'>κατὰ</span> <span class='ocrx_word' id='word_1_611' title='bbox 2081 1746 2279 1817; x_wconf 81' lang='grc' dir='ltr'>μικρὸν</span> <span class='ocrx_word' id='word_1_612' title='bbox 2323 1745 2643 1802; x_wconf 78' lang='grc' dir='ltr'>ἐλαττοῦται</span> <span class='ocrx_word' id='word_1_613' title='bbox 2671 1745 2706 1816; x_wconf 75' lang='grc' dir='ltr'>ἡ</span> <span class='ocrx_word' id='word_1_614' title='bbox 2737 1746 2920 1815; x_wconf 87' lang='grc' dir='ltr'>χάρις,</span> <span class='ocrx_word' id='word_1_615' title='bbox 2948 1743 3064 1797; x_wconf 88' lang='grc' dir='ltr'>ἀλλ’</span> <span class='ocrx_word' id='word_1_616' title='bbox 3091 1742 3125 1814; x_wconf 85' lang='grc' dir='ltr'>ὴ</span> <span class='ocrx_word' id='word_1_617' title='bbox 3157 1743 3295 1813; x_wconf 82' lang='grc' dir='ltr'>αὑτὴ</span> <span class='ocrx_word' id='word_1_618' title='bbox 3329 1739 3500 1811; x_wconf 84' lang='grc' dir='ltr'>μένει,</span> 
     </span>
    </p>
   </div>
   <div class='ocr_carea' id='block_1_81' title="bbox 1904 1817 3502 1900">
    <p class='ocr_par' dir='ltr' id='par_1_81' title="bbox 1904 1817 3502 1900">
     <span class='ocr_line' id='line_1_81' title="bbox 1904 1817 3502 1900; baseline -0.006 -16"><span class='ocrx_word' id='word_1_619' title='bbox 1904 1831 2114 1899; x_wconf 69' lang='grc' dir='ltr'>πάντας</span> <span class='ocrx_word' id='word_1_620' title='bbox 2140 1829 2386 1893; x_wconf 84' lang='grc' dir='ltr'>ἐκείνους</span> <span class='ocrx_word' id='word_1_621' title='bbox 2425 1829 2787 1900; x_wconf 88' lang='grc' dir='ltr'>καθαίρουσα.</span> <span class='ocrx_word' id='word_1_622' title='bbox 2817 1817 3084 1881; x_wconf 88' lang='grc' dir='ltr'>Τοσοῦτον</span> <span class='ocrx_word' id='word_1_623' title='bbox 3113 1828 3173 1880; x_wconf 86' lang='grc' dir='ltr'>τὸ</span> <span class='ocrx_word' id='word_1_624' title='bbox 3197 1826 3358 1897; x_wconf 79' lang='grc' dir='ltr'>μέσον</span> <span class='ocrx_word' id='word_1_625' title='bbox 3379 1824 3502 1876; x_wconf 81' lang='grc' dir='ltr'>δου-</span> 
     </span>
    </p>
   </div>
   <div class='ocr_carea' id='block_1_82' title="bbox 1903 1910 3503 1984">
    <p class='ocr_par' dir='ltr' id='par_1_82' title="bbox 1903 1910 3503 1984">
     <span class='ocr_line' id='line_1_82' title="bbox 1903 1910 3503 1984; baseline -0.003 -19"><span class='ocrx_word' id='word_1_626' title='bbox 1903 1913 2063 1983; x_wconf 85' lang='grc' dir='ltr'>λικῆς</span> <span class='ocrx_word' id='word_1_627' title='bbox 2102 1914 2408 1984; x_wconf 72' lang='grc' dir='ltr'>δυνάμεως,</span> <span class='ocrx_word' id='word_1_628' title='bbox 2449 1915 2544 1966; x_wconf 75' lang='grc' dir='ltr'>καὶ</span> <span class='ocrx_word' id='word_1_629' title='bbox 2577 1912 2903 1982; x_wconf 82' lang='grc' dir='ltr'>δεσποτικῆς</span> <span class='ocrx_word' id='word_1_630' title='bbox 2937 1910 3503 1978; x_wconf 50' lang='grc' dir='ltr'>αὑθεντίαςηΕκεῖνος</span> 
     </span>
    </p>
   </div>
   <div class='ocr_carea' id='block_1_83' title="bbox 1903 1991 3503 2069">
    <p class='ocr_par' dir='ltr' id='par_1_83' title="bbox 1903 1991 3503 2069">
     <span class='ocr_line' id='line_1_83' title="bbox 1903 1991 3503 2069; baseline -0.003 -21"><span class='ocrx_word' id='word_1_631' title='bbox 1903 1993 2001 2050; x_wconf 82' lang='grc' dir='ltr'>ἐνα</span> <span class='ocrx_word' id='word_1_632' title='bbox 2026 1996 2419 2069; x_wconf 79' lang='grc' dir='ltr'>ἐθεράπευσεν,</span> <span class='ocrx_word' id='word_1_633' title='bbox 2435 1991 2590 2060; x_wconf 76' lang='grc' dir='ltr'>οὗτος</span> <span class='ocrx_word' id='word_1_634' title='bbox 2617 1995 2716 2067; x_wconf 81' lang='grc' dir='ltr'>τὴν</span> <span class='ocrx_word' id='word_1_635' title='bbox 2739 1995 3066 2065; x_wconf 85' lang='grc' dir='ltr'>οἰκουμένην</span> <span class='ocrx_word' id='word_1_636' title='bbox 3093 1996 3333 2050; x_wconf 84' lang='grc' dir='ltr'>ἆπασαν’</span> <span class='ocrx_word' id='word_1_637' title='bbox 3357 1994 3503 2047; x_wconf 86' lang='grc' dir='ltr'>ἐκεῖ-</span> 
     </span>
    </p>
   </div>
   <div class='ocr_carea' id='block_1_84' title="bbox 1905 2073 3506 2148">
    <p class='ocr_par' dir='ltr' id='par_1_84' title="bbox 1905 2073 3506 2148">
     <span class='ocr_line' id='line_1_84' title="bbox 1905 2073 3506 2148; baseline -0.004 -14"><span class='ocrx_word' id='word_1_638' title='bbox 1905 2098 1995 2144; x_wconf 89' lang='grc' dir='ltr'>νος</span> <span class='ocrx_word' id='word_1_639' title='bbox 2027 2080 2115 2142; x_wconf 72' lang='grc' dir='ltr'>διὰ</span> <span class='ocrx_word' id='word_1_640' title='bbox 2160 2080 2255 2134; x_wconf 89' lang='grc' dir='ltr'>τοῦ</span> <span class='ocrx_word' id='word_1_641' title='bbox 2304 2079 2552 2135; x_wconf 85' lang='grc' dir='ltr'>ἐνιαυτοῦ</span> <span class='ocrx_word' id='word_1_642' title='bbox 2594 2081 2710 2146; x_wconf 63' lang='grc' dir='ltr'>ἕνα,</span> <span class='ocrx_word' id='word_1_643' title='bbox 2743 2074 2898 2142; x_wconf 74' lang='grc' dir='ltr'>οὗτος</span> <span class='ocrx_word' id='word_1_644' title='bbox 2947 2078 3331 2148; x_wconf 80' lang='grc' dir='ltr'>καθ’ἑκάστην</span> <span class='ocrx_word' id='word_1_645' title='bbox 3368 2073 3506 2147; x_wconf 80' lang='grc' dir='ltr'>ἠμέ-</span> 
     </span>
    </p>
   </div>
   <div class='ocr_carea' id='block_1_85' title="bbox 1910 2159 3508 2236">
    <p class='ocr_par' dir='ltr' id='par_1_85' title="bbox 1910 2159 3508 2236">
     <span class='ocr_line' id='line_1_85' title="bbox 1910 2159 3508 2236; baseline -0.005 -19"><span class='ocrx_word' id='word_1_646' title='bbox 1910 2181 2030 2235; x_wconf 91' lang='grc' dir='ltr'>ραν,</span> <span class='ocrx_word' id='word_1_647' title='bbox 2065 2165 2114 2216; x_wconf 87' lang='grc' dir='ltr'>εί</span> <span class='ocrx_word' id='word_1_648' title='bbox 2152 2163 2338 2233; x_wconf 87' lang='grc' dir='ltr'>βούλει”</span> <span class='ocrx_word' id='word_1_649' title='bbox 2368 2164 2595 2236; x_wconf 88' lang='grc' dir='ltr'>μυρίους</span> <span class='ocrx_word' id='word_1_650' title='bbox 2628 2161 2907 2234; x_wconf 90' lang='grc' dir='ltr'>ἐμϐαλεῖν,</span> <span class='ocrx_word' id='word_1_651' title='bbox 2941 2162 3191 2225; x_wconf 70' lang='grc' dir='ltr'>ἃπαντας</span> <span class='ocrx_word' id='word_1_652' title='bbox 3235 2159 3508 2228; x_wconf 89' lang='grc' dir='ltr'>ὑγιαίνον-</span> 
     </span>
    </p>
   </div>
   <div class='ocr_carea' id='block_1_86' title="bbox 1905 2243 3508 2315">
    <p class='ocr_par' dir='ltr' id='par_1_86' title="bbox 1905 2243 3508 2315">
     <span class='ocr_line' id='line_1_86' title="bbox 1905 2243 3508 2315; baseline -0.005 -14"><span class='ocrx_word' id='word_1_653' title='bbox 1905 2265 2006 2311; x_wconf 91' lang='grc' dir='ltr'>τας</span> <span class='ocrx_word' id='word_1_654' title='bbox 2056 2247 2416 2301; x_wconf 82' lang='grc' dir='ltr'>ἀποδίδωσινο</span> <span class='ocrx_word' id='word_1_655' title='bbox 2453 2249 2663 2310; x_wconf 90' lang='grc' dir='ltr'>ἐκεῖνος</span> <span class='ocrx_word' id='word_1_656' title='bbox 2693 2244 3036 2300; x_wconf 84' lang='grc' dir='ltr'>καταϐαίνων</span> <span class='ocrx_word' id='word_1_657' title='bbox 3072 2245 3167 2298; x_wconf 75' lang='grc' dir='ltr'>καὶ</span> <span class='ocrx_word' id='word_1_658' title='bbox 3215 2243 3508 2315; x_wconf 85' lang='grc' dir='ltr'>ταράσσων</span> 
     </span>
    </p>
   </div>
   <div class='ocr_carea' id='block_1_87' title="bbox 1905 2320 3506 2403">
    <p class='ocr_par' dir='ltr' id='par_1_87' title="bbox 1905 2320 3506 2403">
     <span class='ocr_line' id='line_1_87' title="bbox 1905 2320 3506 2403; baseline -0.006 -19"><span class='ocrx_word' id='word_1_659' title='bbox 1905 2331 1968 2384; x_wconf 82' lang='grc' dir='ltr'>τὸ</span> <span class='ocrx_word' id='word_1_660' title='bbox 2009 2331 2174 2403; x_wconf 78' lang='grc' dir='ltr'>ὕδωρ,</span> <span class='ocrx_word' id='word_1_661' title='bbox 2205 2325 2361 2395; x_wconf 80' lang='grc' dir='ltr'>οὗτος</span> <span class='ocrx_word' id='word_1_662' title='bbox 2404 2332 2505 2400; x_wconf 90' lang='grc' dir='ltr'>οὑχ</span> <span class='ocrx_word' id='word_1_663' title='bbox 2537 2328 2731 2393; x_wconf 80' lang='grc' dir='ltr'>οὕτως,</span> <span class='ocrx_word' id='word_1_664' title='bbox 2764 2327 2877 2382; x_wconf 86' lang='grc' dir='ltr'>ἀλλ’</span> <span class='ocrx_word' id='word_1_665' title='bbox 2909 2328 3073 2399; x_wconf 82' lang='grc' dir='ltr'>ἀρκεῖ</span> <span class='ocrx_word' id='word_1_666' title='bbox 3123 2326 3286 2396; x_wconf 81' lang='grc' dir='ltr'>ψιλὴν</span> <span class='ocrx_word' id='word_1_667' title='bbox 3337 2320 3506 2380; x_wconf 86' lang='grc' dir='ltr'>αὑτοῦ</span> 
     </span>
    </p>
   </div>
   <div class='ocr_carea' id='block_1_88' title="bbox 1907 2407 3507 2485">
    <p class='ocr_par' dir='ltr' id='par_1_88' title="bbox 1907 2407 3507 2485">
     <span class='ocr_line' id='line_1_88' title="bbox 1907 2407 3507 2485; baseline -0.006 -19"><span class='ocrx_word' id='word_1_668' title='bbox 1907 2413 2132 2466; x_wconf 84' lang='grc' dir='ltr'>καλέσαι</span> <span class='ocrx_word' id='word_1_669' title='bbox 2163 2413 2264 2484; x_wconf 82' lang='grc' dir='ltr'>τὴν</span> <span class='ocrx_word' id='word_1_670' title='bbox 2292 2412 2664 2485; x_wconf 88' lang='grc' dir='ltr'>προσηγορίαν</span> <span class='ocrx_word' id='word_1_671' title='bbox 2703 2412 2797 2464; x_wconf 75' lang='grc' dir='ltr'>ἐπὶ</span> <span class='ocrx_word' id='word_1_672' title='bbox 2827 2410 2937 2463; x_wconf 76' lang='grc' dir='ltr'>τῶν</span> <span class='ocrx_word' id='word_1_673' title='bbox 2963 2410 3172 2464; x_wconf 81' lang='grc' dir='ltr'>ὑδάτων</span> <span class='ocrx_word' id='word_1_674' title='bbox 3203 2408 3387 2479; x_wconf 88' lang='grc' dir='ltr'>μόνον.</span> <span class='ocrx_word' id='word_1_675' title='bbox 3411 2407 3507 2459; x_wconf 76' lang='grc' dir='ltr'>καὶ</span> 
     </span>
    </p>
   </div>
   <div class='ocr_carea' id='block_1_89' title="bbox 1909 2492 3503 2566">
    <p class='ocr_par' dir='ltr' id='par_1_89' title="bbox 1909 2492 3503 2566">
     <span class='ocr_line' id='line_1_89' title="bbox 1909 2492 3503 2566; baseline -0.004 -16"><span class='ocrx_word' id='word_1_676' title='bbox 1909 2499 2089 2550; x_wconf 79' lang='grc' dir='ltr'>πᾶσαν</span> <span class='ocrx_word' id='word_1_677' title='bbox 2135 2498 2320 2560; x_wconf 78' lang='grc' dir='ltr'>αὑτοῖς</span> <span class='ocrx_word' id='word_1_678' title='bbox 2351 2495 2714 2550; x_wconf 86' lang='grc' dir='ltr'>ἐναποθέσθαι</span> <span class='ocrx_word' id='word_1_679' title='bbox 2749 2493 3045 2566; x_wconf 89' lang='grc' dir='ltr'>θεραπείας</span> <span class='ocrx_word' id='word_1_680' title='bbox 3072 2492 3352 2546; x_wconf 88' lang='grc' dir='ltr'>ὑπόθεσιν.</span> <span class='ocrx_word' id='word_1_681' title='bbox 3384 2492 3503 2544; x_wconf 81' lang='grc' dir='ltr'>Κά-</span> 
     </span>
    </p>
   </div>
   <div class='ocr_carea' id='block_1_90' title="bbox 1909 2570 3507 2649">
    <p class='ocr_par' dir='ltr' id='par_1_90' title="bbox 1909 2570 3507 2649">
     <span class='ocr_line' id='line_1_90' title="bbox 1909 2570 3507 2649; baseline -0.003 -18"><span class='ocrx_word' id='word_1_682' title='bbox 1909 2581 2086 2644; x_wconf 85' lang='grc' dir='ltr'>κεῖνος</span> <span class='ocrx_word' id='word_1_683' title='bbox 2137 2579 2241 2649; x_wconf 88' lang='grc' dir='ltr'>μέν</span> <span class='ocrx_word' id='word_1_684' title='bbox 2295 2580 2566 2649; x_wconf 85' lang='grc' dir='ltr'>σωμάτων</span> <span class='ocrx_word' id='word_1_685' title='bbox 2616 2579 2870 2649; x_wconf 81' lang='grc' dir='ltr'>πήρωσιν</span> <span class='ocrx_word' id='word_1_686' title='bbox 2899 2579 3035 2642; x_wconf 79' lang='grc' dir='ltr'>ἰᾶτο,</span> <span class='ocrx_word' id='word_1_687' title='bbox 3060 2570 3215 2640; x_wconf 70' lang='grc' dir='ltr'>οὗτος</span> <span class='ocrx_word' id='word_1_688' title='bbox 3241 2574 3300 2628; x_wconf 81' lang='grc' dir='ltr'>δὲ</span> <span class='ocrx_word' id='word_1_689' title='bbox 3323 2572 3507 2644; x_wconf 72' lang='grc' dir='ltr'>ψυχῆς</span> 
     </span>
    </p>
   </div>
   <div class='ocr_carea' id='block_1_91' title="bbox 1908 2655 3512 2734">
    <p class='ocr_par' dir='ltr' id='par_1_91' title="bbox 1908 2655 3512 2734">
     <span class='ocr_line' id='line_1_91' title="bbox 1908 2655 3512 2734; baseline -0.006 -17"><span class='ocrx_word' id='word_1_690' title='bbox 1908 2663 2107 2717; x_wconf 88' lang='grc' dir='ltr'>κακίαν</span> <span class='ocrx_word' id='word_1_691' title='bbox 2131 2660 2441 2734; x_wconf 88' lang='grc' dir='ltr'>διορθοῦται</span> <span class='ocrx_word' id='word_1_692' title='bbox 2459 2663 2692 2734; x_wconf 69' lang='grc' dir='ltr'>ι’.”ορᾷς</span> <span class='ocrx_word' id='word_1_693' title='bbox 2736 2661 2854 2725; x_wconf 84' lang='grc' dir='ltr'>πῶς</span> <span class='ocrx_word' id='word_1_694' title='bbox 2899 2660 2988 2714; x_wconf 86' lang='grc' dir='ltr'>διὰ</span> <span class='ocrx_word' id='word_1_695' title='bbox 3037 2661 3258 2714; x_wconf 87' lang='grc' dir='ltr'>πάντων</span> <span class='ocrx_word' id='word_1_696' title='bbox 3284 2657 3420 2712; x_wconf 84' lang='grc' dir='ltr'>πολὺ</span> <span class='ocrx_word' id='word_1_697' title='bbox 3450 2655 3512 2708; x_wconf 78' lang='grc' dir='ltr'>τὸ</span> 
     </span>
    </p>
   </div>
   <div class='ocr_carea' id='block_1_92' title="bbox 1912 2737 2787 2818">
    <p class='ocr_par' dir='ltr' id='par_1_92' title="bbox 1912 2737 2787 2818">
     <span class='ocr_line' id='line_1_92' title="bbox 1912 2737 2787 2818; baseline 0.001 -19"><span class='ocrx_word' id='word_1_698' title='bbox 1912 2746 2080 2816; x_wconf 85' lang='grc' dir='ltr'>μέσον</span> <span class='ocrx_word' id='word_1_699' title='bbox 2108 2737 2204 2800; x_wconf 74' lang='grc' dir='ltr'>καὶ</span> <span class='ocrx_word' id='word_1_700' title='bbox 2232 2746 2461 2818; x_wconf 78' lang='grc' dir='ltr'>άπειρον</span> <span class='ocrx_word' id='word_1_701' title='bbox 2491 2747 2742 2816; x_wconf 83' lang='grc' dir='ltr'>φαίνεται</span> <span class='ocrx_word' id='word_1_702' title='bbox 2773 2762 2787 2810; x_wconf 90' lang='grc'><strong>;</strong></span> 
     </span>
    </p>
   </div>
   <div class='ocr_carea' id='block_1_93' title="bbox 1961 2949 3546 3028">
    <p class='ocr_par' dir='ltr' id='par_1_93' title="bbox 1961 2949 3546 3028">
     <span class='ocr_line' id='line_1_93' title="bbox 1961 2949 3546 3028; baseline 0 -26"><span class='ocrx_word' id='word_1_703' title='bbox 1961 2959 2047 3028; x_wconf 86' lang='grc' dir='ltr'>.β’.</span> <span class='ocrx_word' id='word_1_704' title='bbox 2079 2956 2382 3009; x_wconf 84' lang='grc' dir='ltr'>Κατέκειτο</span> <span class='ocrx_word' id='word_1_705' title='bbox 2409 2949 2587 3010; x_wconf 76' lang='grc' dir='ltr'>τοίνυν</span> <span class='ocrx_word' id='word_1_706' title='bbox 2618 2953 2824 3024; x_wconf 79' lang='grc' dir='ltr'>πλῆθος</span> <span class='ocrx_word' id='word_1_707' title='bbox 2851 2951 3224 3008; x_wconf 86' lang='grc' dir='ltr'>ἀσθενούντων</span> <span class='ocrx_word' id='word_1_708' title='bbox 3243 2950 3546 3021; x_wconf 71' lang='grc' dir='ltr'>ἀναμένονν</span> 
     </span>
    </p>
   </div>
   <div class='ocr_carea' id='block_1_94' title="bbox 1909 3031 3512 3114">
    <p class='ocr_par' dir='ltr' id='par_1_94' title="bbox 1909 3031 3512 3114">
     <span class='ocr_line' id='line_1_94' title="bbox 1909 3031 3512 3114; baseline -0.006 -18"><span class='ocrx_word' id='word_1_709' title='bbox 1909 3042 2011 3114; x_wconf 78' lang='grc' dir='ltr'>τὴν</span> <span class='ocrx_word' id='word_1_710' title='bbox 2037 3041 2132 3098; x_wconf 88' lang='grc' dir='ltr'>τοῦ</span> <span class='ocrx_word' id='word_1_711' title='bbox 2168 3039 2362 3101; x_wconf 76' lang='grc' dir='ltr'>ὓδατος</span> <span class='ocrx_word' id='word_1_712' title='bbox 2391 3037 2634 3109; x_wconf 84' lang='grc' dir='ltr'>κίνησιν·</span> <span class='ocrx_word' id='word_1_713' title='bbox 2667 3037 2764 3091; x_wconf 70' lang='grc' dir='ltr'>καὶ</span> <span class='ocrx_word' id='word_1_714' title='bbox 2797 3037 2908 3107; x_wconf 85' lang='grc' dir='ltr'>γὰρ</span> <span class='ocrx_word' id='word_1_715' title='bbox 2935 3037 3171 3108; x_wconf 88' lang='grc' dir='ltr'>ἰατρεῖον</span> <span class='ocrx_word' id='word_1_716' title='bbox 3197 3031 3265 3106; x_wconf 75' lang='grc' dir='ltr'>ἦν</span> <span class='ocrx_word' id='word_1_717' title='bbox 3296 3037 3326 3088; x_wconf 92' lang='lat'>6</span> <span class='ocrx_word' id='word_1_718' title='bbox 3348 3035 3512 3097; x_wconf 86' lang='grc' dir='ltr'>τόπος</span> 
     </span>
    </p>
   </div>
   <div class='ocr_carea' id='block_1_95' title="bbox 1913 3115 3514 3194">
    <p class='ocr_par' dir='ltr' id='par_1_95' title="bbox 1913 3115 3514 3194">
     <span class='ocr_line' id='line_1_95' title="bbox 1913 3115 3514 3194; baseline -0.007 -15"><span class='ocrx_word' id='word_1_719' title='bbox 1913 3122 2304 3193; x_wconf 88' lang='grc' dir='ltr'>πνευματικόν.</span> <span class='ocrx_word' id='word_1_720' title='bbox 2329 3121 2599 3194; x_wconf 82' lang='grc' dir='ltr'>Καθάπερ</span> <span class='ocrx_word' id='word_1_721' title='bbox 2629 3115 2723 3175; x_wconf 82' lang='grc' dir='ltr'>οὖν</span> <span class='ocrx_word' id='word_1_722' title='bbox 2749 3121 2808 3174; x_wconf 90' lang='grc' dir='ltr'>ἐν</span> <span class='ocrx_word' id='word_1_723' title='bbox 2839 3119 3060 3192; x_wconf 80' lang='grc' dir='ltr'>ἰατρείῳ</span> <span class='ocrx_word' id='word_1_724' title='bbox 3093 3117 3330 3182; x_wconf 76' lang='grc' dir='ltr'>πολλοὺς</span> <span class='ocrx_word' id='word_1_725' title='bbox 3361 3116 3514 3170; x_wconf 78' lang='grc' dir='ltr'>ἐστιν</span> 
     </span>
    </p>
   </div>
   <div class='ocr_carea' id='block_1_96' title="bbox 1915 3198 3516 3274">
    <p class='ocr_par' dir='ltr' id='par_1_96' title="bbox 1915 3198 3516 3274">
     <span class='ocr_line' id='line_1_96' title="bbox 1915 3198 3516 3274; baseline -0.007 -12"><span class='ocrx_word' id='word_1_726' title='bbox 1915 3209 2044 3262; x_wconf 88' lang='grc' dir='ltr'>ἰδεῖν</span> <span class='ocrx_word' id='word_1_727' title='bbox 2065 3206 2160 3260; x_wconf 79' lang='grc' dir='ltr'>τὸν</span> <span class='ocrx_word' id='word_1_728' title='bbox 2182 3203 2460 3274; x_wconf 75' lang='grc' dir='ltr'>ὀφθαλμὸν</span> <span class='ocrx_word' id='word_1_729' title='bbox 2490 3201 2960 3274; x_wconf 86' lang='grc' dir='ltr'>ἐκκεκομμένους,</span> <span class='ocrx_word' id='word_1_730' title='bbox 2992 3200 3432 3273; x_wconf 88' lang='grc' dir='ltr'>πεπηρωμένους</span> <span class='ocrx_word' id='word_1_731' title='bbox 3452 3198 3516 3252; x_wconf 74' lang='grc' dir='ltr'>τὸ</span> 
     </span>
    </p>
   </div>
   <div class='ocr_carea' id='block_1_97' title="bbox 1914 3280 3536 3360">
    <p class='ocr_par' dir='ltr' id='par_1_97' title="bbox 1914 3280 3536 3360">
     <span class='ocr_line' id='line_1_97' title="bbox 1914 3280 3536 3360; baseline -0.007 -14"><span class='ocrx_word' id='word_1_732' title='bbox 1914 3291 2128 3355; x_wconf 89' lang='grc' dir='ltr'>σκέλος,</span> <span class='ocrx_word' id='word_1_733' title='bbox 2158 3289 2287 3344; x_wconf 78' lang='grc' dir='ltr'>ἀλλο</span> <span class='ocrx_word' id='word_1_734' title='bbox 2316 3288 2477 3360; x_wconf 82' lang='grc' dir='ltr'>μέλος</span> <span class='ocrx_word' id='word_1_735' title='bbox 2505 3285 2948 3360; x_wconf 78' lang='grc' dir='ltr'>ἀρρωστοῦντας.</span> <span class='ocrx_word' id='word_1_736' title='bbox 2973 3280 3092 3339; x_wconf 77' lang='grc' dir='ltr'>εἷτα</span> <span class='ocrx_word' id='word_1_737' title='bbox 3119 3285 3274 3356; x_wconf 79' lang='grc' dir='ltr'>κοινῇ</span> <span class='ocrx_word' id='word_1_738' title='bbox 3305 3283 3536 3345; x_wconf 81' lang='grc' dir='ltr'>πάντας</span> 
     </span>
    </p>
   </div>
   <div class='ocr_carea' id='block_1_98' title="bbox 1916 3367 3518 3447">
    <p class='ocr_par' dir='ltr' id='par_1_98' title="bbox 1916 3367 3518 3447">
     <span class='ocr_line' id='line_1_98' title="bbox 1916 3367 3518 3447; baseline -0.006 -18"><span class='ocrx_word' id='word_1_739' title='bbox 1916 3373 2394 3447; x_wconf 87' lang='grc' dir='ltr'>συγκαθημένους,</span> <span class='ocrx_word' id='word_1_740' title='bbox 2435 3370 2532 3425; x_wconf 75' lang='grc' dir='ltr'>καὶ</span> <span class='ocrx_word' id='word_1_741' title='bbox 2567 3371 2658 3424; x_wconf 83' lang='grc' dir='ltr'>τὸν</span> <span class='ocrx_word' id='word_1_742' title='bbox 2705 3370 2896 3441; x_wconf 73' lang='grc' dir='ltr'>ἰατρὸν</span> <span class='ocrx_word' id='word_1_743' title='bbox 2925 3369 3332 3441; x_wconf 83' lang='grc' dir='ltr'>ἀναμένοντας·</span> <span class='ocrx_word' id='word_1_744' title='bbox 3371 3367 3518 3420; x_wconf 74' lang='grc' dir='ltr'>οὕτω</span> 
     </span>
    </p>
   </div>
   <div class='ocr_carea' id='block_1_99' title="bbox 1913 3447 3516 3531">
    <p class='ocr_par' dir='ltr' id='par_1_99' title="bbox 1913 3447 3516 3531">
     <span class='ocr_line' id='line_1_99' title="bbox 1913 3447 3516 3531; baseline -0.007 -18"><span class='ocrx_word' id='word_1_745' title='bbox 1913 3459 1979 3531; x_wconf 81' lang='grc' dir='ltr'>δὴ</span> <span class='ocrx_word' id='word_1_746' title='bbox 2008 3459 2102 3512; x_wconf 68' lang='grc' dir='ltr'>καλ⁸</span> <span class='ocrx_word' id='word_1_747' title='bbox 2126 3457 2184 3509; x_wconf 81' lang='grc' dir='ltr'>ἐν</span> <span class='ocrx_word' id='word_1_748' title='bbox 2212 3456 2407 3526; x_wconf 88' lang='grc' dir='ltr'>ἐκείνῳ</span> <span class='ocrx_word' id='word_1_749' title='bbox 2438 3453 2518 3526; x_wconf 81' lang='grc' dir='ltr'>τῷ</span> <span class='ocrx_word' id='word_1_750' title='bbox 2538 3452 2731 3525; x_wconf 76' lang='grc' dir='ltr'>χωρίῳ</span> <span class='ocrx_word' id='word_1_751' title='bbox 2757 3452 2820 3506; x_wconf 83' lang='grc' dir='ltr'>τὸ</span> <span class='ocrx_word' id='word_1_752' title='bbox 2851 3447 3055 3523; x_wconf 82' lang='grc' dir='ltr'>πλῆθος</span> <span class='ocrx_word' id='word_1_753' title='bbox 3079 3450 3191 3506; x_wconf 82' lang='grc' dir='ltr'>τῶν</span> <span class='ocrx_word' id='word_1_754' title='bbox 3211 3449 3516 3531; x_wconf 83' lang='grc' dir='ltr'>συνεληλυ-</span> 
     </span>
    </p>
   </div>
   <div class='ocr_carea' id='block_1_100' title="bbox 1915 3530 3521 3611">
    <p class='ocr_par' dir='ltr' id='par_1_100' title="bbox 1915 3530 3521 3611">
     <span class='ocr_line' id='line_1_100' title="bbox 1915 3530 3521 3611; baseline -0.006 -16"><span class='ocrx_word' id='word_1_755' title='bbox 1915 3530 2088 3595; x_wconf 87' lang='grc' dir='ltr'>θότων</span> <span class='ocrx_word' id='word_1_756' title='bbox 2115 3535 2184 3611; x_wconf 81' lang='grc' dir='ltr'>ἦν</span> <span class='ocrx_word' id='word_1_757' title='bbox 2221 3539 2369 3592; x_wconf 88' lang='grc' dir='ltr'>ἰδεῖν.</span> <span class='ocrx_word' id='word_1_758' title='bbox 2389 3538 2495 3592; x_wconf 81' lang='grc' dir='ltr'>Ἐν</span> <span class='ocrx_word' id='word_1_759' title='bbox 2523 3536 2770 3601; x_wconf 84' lang='grc' dir='ltr'>ταύταις</span> <span class='ocrx_word' id='word_1_760' title='bbox 2798 3535 2930 3601; x_wconf 85' lang='grc' dir='ltr'>ταῖς</span> <span class='ocrx_word' id='word_1_761' title='bbox 2956 3534 3160 3601; x_wconf 79' lang='grc' dir='ltr'>στοαῖς</span> <span class='ocrx_word' id='word_1_762' title='bbox 3191 3530 3273 3604; x_wconf 83' lang='grc' dir='ltr'>ἦν</span> <span class='ocrx_word' id='word_1_763' title='bbox 3300 3550 3392 3600; x_wconf 81' lang='grc' dir='ltr'>τις</span> <span class='ocrx_word' id='word_1_764' title='bbox 3413 3532 3521 3586; x_wconf 59' lang='grc' dir='ltr'>ἆμ-</span> 
     </span>
    </p>
   </div>
   <div class='ocr_carea' id='block_1_101' title="bbox 1916 3615 3518 3694">
    <p class='ocr_par' dir='ltr' id='par_1_101' title="bbox 1916 3615 3518 3694">
     <span class='ocr_line' id='line_1_101' title="bbox 1916 3615 3518 3694; baseline -0.006 -15"><span class='ocrx_word' id='word_1_765' title='bbox 1916 3629 2152 3694; x_wconf 76' lang='grc' dir='ltr'>θρωπος</span> <span class='ocrx_word' id='word_1_766' title='bbox 2189 3620 2510 3690; x_wconf 68' lang='grc' dir='ltr'>τριάκοντα</span> <span class='ocrx_word' id='word_1_767' title='bbox 2537 3619 2638 3672; x_wconf 84' lang='grc' dir='ltr'>καί</span> <span class='ocrx_word' id='word_1_768' title='bbox 2659 3616 2816 3673; x_wconf 81' lang='grc' dir='ltr'>ὀκτὼ</span> <span class='ocrx_word' id='word_1_769' title='bbox 2837 3617 2943 3687; x_wconf 73' lang='grc' dir='ltr'>ἐτη</span> <span class='ocrx_word' id='word_1_770' title='bbox 2965 3617 3125 3688; x_wconf 76' lang='grc' dir='ltr'>ἔχων</span> <span class='ocrx_word' id='word_1_771' title='bbox 3142 3618 3213 3672; x_wconf 71' lang='grc' dir='ltr'>ἐν</span> <span class='ocrx_word' id='word_1_772' title='bbox 3239 3615 3316 3686; x_wconf 77' lang='grc' dir='ltr'>τῇ</span> <span class='ocrx_word' id='word_1_773' title='bbox 3337 3617 3518 3671; x_wconf 84' lang='grc' dir='ltr'>ἀσθε-</span> 
     </span>
    </p>
   </div>
   <div class='ocr_carea' id='block_1_102' title="bbox 1915 3699 3516 3779">
    <p class='ocr_par' dir='ltr' id='par_1_102' title="bbox 1915 3699 3516 3779">
     <span class='ocr_line' id='line_1_102' title="bbox 1915 3699 3516 3779; baseline -0.003 -18"><span class='ocrx_word' id='word_1_774' title='bbox 1915 3707 2049 3776; x_wconf 83' lang='grc' dir='ltr'>νείᾳ</span> <span class='ocrx_word' id='word_1_775' title='bbox 2074 3704 2288 3761; x_wconf 85' lang='grc' dir='ltr'>αὑτοῦ.</span> <span class='ocrx_word' id='word_1_776' title='bbox 2320 3703 2544 3758; x_wconf 77' lang='grc' dir='ltr'>Τοῦτον</span> <span class='ocrx_word' id='word_1_777' title='bbox 2571 3701 2715 3756; x_wconf 83' lang='grc' dir='ltr'>ιδὼν</span> <span class='ocrx_word' id='word_1_778' title='bbox 2735 3703 2769 3756; x_wconf 87' lang='grc' dir='ltr'>ό</span> <span class='ocrx_word' id='word_1_779' title='bbox 2797 3699 3030 3768; x_wconf 78' lang='grc' dir='ltr'>Ἰησοῦς</span> <span class='ocrx_word' id='word_1_780' title='bbox 3059 3701 3516 3779; x_wconf 70' lang='grc' dir='ltr'>κατακείμενον,</span> 
     </span>
    </p>
   </div>
   <div class='ocr_carea' id='block_1_103' title="bbox 1917 3783 3517 3860">
    <p class='ocr_par' dir='ltr' id='par_1_103' title="bbox 1917 3783 3517 3860">
     <span class='ocr_line' id='line_1_103' title="bbox 1917 3783 3517 3860; baseline -0.004 -16"><span class='ocrx_word' id='word_1_781' title='bbox 1917 3790 2016 3844; x_wconf 79' lang='grc' dir='ltr'>καί</span> <span class='ocrx_word' id='word_1_782' title='bbox 2045 3787 2233 3860; x_wconf 71' lang='grc' dir='ltr'>γνοὺς</span> <span class='ocrx_word' id='word_1_783' title='bbox 2271 3786 2362 3841; x_wconf 85' lang='grc' dir='ltr'>ὅτι</span> <span class='ocrx_word' id='word_1_784' title='bbox 2389 3785 2508 3855; x_wconf 71' lang='grc' dir='ltr'>ἤδη</span> <span class='ocrx_word' id='word_1_785' title='bbox 2542 3783 2746 3838; x_wconf 72' lang='grc' dir='ltr'>πολὺν</span> <span class='ocrx_word' id='word_1_786' title='bbox 2781 3785 3009 3854; x_wconf 78' lang='grc' dir='ltr'>χρόνον</span> <span class='ocrx_word' id='word_1_787' title='bbox 3038 3785 3188 3853; x_wconf 70' lang='grc' dir='ltr'>ἔχει,</span> <span class='ocrx_word' id='word_1_788' title='bbox 3214 3783 3387 3854; x_wconf 74' lang='grc' dir='ltr'>λέγει</span> <span class='ocrx_word' id='word_1_789' title='bbox 3407 3784 3517 3838; x_wconf 85' lang='grc' dir='ltr'>αὐ-</span> 
     </span>
    </p>
   </div>
   <div class='ocr_carea' id='block_1_104' title="bbox 1917 3864 3520 3938">
    <p class='ocr_par' dir='ltr' id='par_1_104' title="bbox 1917 3864 3520 3938">
     <span class='ocr_line' id='line_1_104' title="bbox 1917 3864 3520 3938; baseline -0.003 -12"><span class='ocrx_word' id='word_1_790' title='bbox 1917 3869 1999 3937; x_wconf 84' lang='grc' dir='ltr'>τῷ</span> <span class='ocrx_word' id='word_1_791' title='bbox 2020 3887 2034 3904; x_wconf 87' lang='grc'><strong>·</strong></span> <span class='ocrx_word' id='word_1_792' title='bbox 2075 3871 2285 3936; x_wconf 71' lang='grc' dir='ltr'>Θέλεις</span> <span class='ocrx_word' id='word_1_793' title='bbox 2321 3867 2501 3937; x_wconf 82' lang='grc' dir='ltr'>ὐτιὴς</span> <span class='ocrx_word' id='word_1_794' title='bbox 2551 3865 2836 3938; x_wconf 76' lang='grc' dir='ltr'>γενέσθαι</span> <span class='ocrx_word' id='word_1_795' title='bbox 2851 3881 2873 3930; x_wconf 83' lang='grc'><strong><em>;</em></strong></span> <span class='ocrx_word' id='word_1_796' title='bbox 2921 3864 3229 3934; x_wconf 72' lang='grc' dir='ltr'>Ἀπεκρίθη</span> <span class='ocrx_word' id='word_1_797' title='bbox 3275 3864 3438 3933; x_wconf 79' lang='grc' dir='ltr'>αὐτῷ</span> <span class='ocrx_word' id='word_1_798' title='bbox 3485 3868 3520 3921; x_wconf 85' lang='grc' dir='ltr'><strong><em>ὀ</em></strong></span> 
     </span>
    </p>
   </div>
   <div class='ocr_carea' id='block_1_105' title="bbox 1918 3945 3519 4020">
    <p class='ocr_par' dir='ltr' id='par_1_105' title="bbox 1918 3945 3519 4020">
     <span class='ocr_line' id='line_1_105' title="bbox 1918 3945 3519 4020; baseline -0.005 -11"><span class='ocrx_word' id='word_1_799' title='bbox 1918 3953 2188 4020; x_wconf 76' lang='grc' dir='ltr'>ἀσθενὴς</span> <span class='ocrx_word' id='word_1_800' title='bbox 2214 3953 2316 4007; x_wconf 78' lang='grc' dir='ltr'>καὶ</span> <span class='ocrx_word' id='word_1_801' title='bbox 2342 3947 2493 4017; x_wconf 74' lang='grc' dir='ltr'>εἷπε,</span> <span class='ocrx_word' id='word_1_802' title='bbox 2520 3950 2655 4015; x_wconf 84' lang='grc' dir='ltr'>Ναί,</span> <span class='ocrx_word' id='word_1_803' title='bbox 2689 3950 2875 4019; x_wconf 79' lang='grc' dir='ltr'>Κύριε</span> <span class='ocrx_word' id='word_1_804' title='bbox 2895 3964 2908 3977; x_wconf 91' lang='grc'>·</span> <span class='ocrx_word' id='word_1_805' title='bbox 2936 3948 3254 4017; x_wconf 78' lang='grc' dir='ltr'>ἄνθρωπον</span> <span class='ocrx_word' id='word_1_806' title='bbox 3291 3945 3363 4002; x_wconf 76' lang='grc' dir='ltr'>δὲ</span> <span class='ocrx_word' id='word_1_807' title='bbox 3405 3949 3519 4006; x_wconf 79' lang='grc' dir='ltr'>οὐκ</span> 
     </span>
    </p>
   </div>
   <div class='ocr_carea' id='block_1_106' title="bbox 1918 4027 3521 4109">
    <p class='ocr_par' dir='ltr' id='par_1_106' title="bbox 1918 4027 3521 4109">
     <span class='ocr_line' id='line_1_106' title="bbox 1918 4027 3521 4109; baseline -0.004 -18"><span class='ocrx_word' id='word_1_808' title='bbox 1918 4037 2056 4107; x_wconf 69' lang='grc' dir='ltr'>ἔχω,</span> <span class='ocrx_word' id='word_1_809' title='bbox 2095 4037 2198 4099; x_wconf 77' lang='grc' dir='ltr'>ιγ’,</span> <span class='ocrx_word' id='word_1_810' title='bbox 2223 4034 2373 4088; x_wconf 82' lang='grc' dir='ltr'>ὅταν</span> <span class='ocrx_word' id='word_1_811' title='bbox 2397 4032 2672 4109; x_wconf 79' lang='grc' dir='ltr'>ταραχθῇ</span> <span class='ocrx_word' id='word_1_812' title='bbox 2699 4032 2768 4086; x_wconf 85' lang='grc' dir='ltr'>τὸ</span> <span class='ocrx_word' id='word_1_813' title='bbox 2793 4031 2974 4109; x_wconf 73' lang='grc' dir='ltr'>ὕδωρ,</span> <span class='ocrx_word' id='word_1_814' title='bbox 2995 4030 3168 4100; x_wconf 68' lang='grc' dir='ltr'>,βάλῃ</span> <span class='ocrx_word' id='word_1_815' title='bbox 3199 4047 3272 4097; x_wconf 81' lang='grc' dir='ltr'>με</span> <span class='ocrx_word' id='word_1_816' title='bbox 3293 4032 3383 4097; x_wconf 82' lang='grc' dir='ltr'>εις</span> <span class='ocrx_word' id='word_1_817' title='bbox 3404 4027 3521 4099; x_wconf 80' lang='grc' dir='ltr'>τὴν</span> 
     </span>
    </p>
   </div>
   <div class='ocr_carea' id='block_1_107' title="bbox 1917 4106 3519 4188">
    <p class='ocr_par' dir='ltr' id='par_1_107' title="bbox 1917 4106 3519 4188">
     <span class='ocr_line' id='line_1_107' title="bbox 1917 4106 3519 4188; baseline -0.002 -15"><span class='ocrx_word' id='word_1_818' title='bbox 1917 4106 2373 4188; x_wconf 74' lang='grc' dir='ltr'>κολυμϐήθραν·</span> <span class='ocrx_word' id='word_1_819' title='bbox 2417 4116 2489 4170; x_wconf 79' lang='grc' dir='ltr'>ἐν</span> <span class='ocrx_word' id='word_1_820' title='bbox 2527 4108 2576 4182; x_wconf 84' lang='grc' dir='ltr'>ᾧ</span> <span class='ocrx_word' id='word_1_821' title='bbox 2614 4114 2688 4182; x_wconf 61' lang='grc' dir='ltr'>δέ</span> <span class='ocrx_word' id='word_1_822' title='bbox 2726 4114 2843 4184; x_wconf 61' lang='grc' dir='ltr'>ἐγὼ</span> <span class='ocrx_word' id='word_1_823' title='bbox 2877 4106 3144 4184; x_wconf 70' lang='grc' dir='ltr'>ἔρχομαι,</span> <span class='ocrx_word' id='word_1_824' title='bbox 3171 4114 3367 4182; x_wconf 67' lang='grc' dir='ltr'><em>ἄλλος</em></span> <span class='ocrx_word' id='word_1_825' title='bbox 3404 4113 3519 4183; x_wconf 78' lang='grc' dir='ltr'>πρὸ</span> 
     </span>
    </p>
   </div>
   <div class='ocr_carea' id='block_1_108' title="bbox 1917 4196 3523 4270">
    <p class='ocr_par' dir='ltr' id='par_1_108' title="bbox 1917 4196 3523 4270">
     <span class='ocr_line' id='line_1_108' title="bbox 1917 4196 3523 4270; baseline -0.001 -16"><span class='ocrx_word' id='word_1_826' title='bbox 1917 4200 2066 4270; x_wconf 82' lang='grc' dir='ltr'>ἐμοῦ</span> <span class='ocrx_word' id='word_1_827' title='bbox 2107 4199 2472 4255; x_wconf 82' lang='grc' dir='ltr'>καταϐαίνει.</span> <span class='ocrx_word' id='word_1_828' title='bbox 2508 4198 2666 4263; x_wconf 89' lang='grc' dir='ltr'>Τίνος</span> <span class='ocrx_word' id='word_1_829' title='bbox 2695 4197 2884 4251; x_wconf 72' lang='grc' dir='ltr'>ἕνεκεν</span> <span class='ocrx_word' id='word_1_830' title='bbox 2913 4197 3042 4261; x_wconf 80' lang='grc' dir='ltr'>τοὺς</span> <span class='ocrx_word' id='word_1_831' title='bbox 3076 4196 3270 4262; x_wconf 79' lang='grc' dir='ltr'>ἄλλους</span> <span class='ocrx_word' id='word_1_832' title='bbox 3306 4197 3523 4261; x_wconf 79' lang='grc' dir='ltr'>πάντας</span> 
     </span>
    </p>
   </div>
   <div class='ocr_carea' id='block_1_109' title="bbox 1920 4275 3523 4356">
    <p class='ocr_par' dir='ltr' id='par_1_109' title="bbox 1920 4275 3523 4356">
     <span class='ocr_line' id='line_1_109' title="bbox 1920 4275 3523 4356; baseline -0.002 -19"><span class='ocrx_word' id='word_1_833' title='bbox 1920 4281 2304 4356; x_wconf 86' lang='grc' dir='ltr'>παραδραμὼν</span> <span class='ocrx_word' id='word_1_834' title='bbox 2327 4283 2358 4336; x_wconf 92' lang='lat'>6</span> <span class='ocrx_word' id='word_1_835' title='bbox 2396 4281 2626 4353; x_wconf 80' lang='grc' dir='ltr'>Ἰησοῦς,</span> <span class='ocrx_word' id='word_1_836' title='bbox 2663 4281 2803 4354; x_wconf 84' lang='grc' dir='ltr'>πρὸς</span> <span class='ocrx_word' id='word_1_837' title='bbox 2829 4280 3017 4334; x_wconf 90' lang='grc' dir='ltr'>τοῦτον</span> <span class='ocrx_word' id='word_1_838' title='bbox 3042 4275 3241 4352; x_wconf 74' lang='grc' dir='ltr'>ἦλθενς</span> <span class='ocrx_word' id='word_1_839' title='bbox 3274 4279 3394 4334; x_wconf 84' lang='grc' dir='ltr'>Ἵνα</span> <span class='ocrx_word' id='word_1_840' title='bbox 3425 4279 3523 4333; x_wconf 68' lang='grc' dir='ltr'>καὶ</span> 
     </span>
    </p>
   </div>
   <div class='ocr_carea' id='block_1_110' title="bbox 1917 4361 3524 4438">
    <p class='ocr_par' dir='ltr' id='par_1_110' title="bbox 1917 4361 3524 4438">
     <span class='ocr_line' id='line_1_110' title="bbox 1917 4361 3524 4438; baseline -0.001 -19"><span class='ocrx_word' id='word_1_841' title='bbox 1917 4365 2016 4437; x_wconf 78' lang='grc' dir='ltr'>τὴν</span> <span class='ocrx_word' id='word_1_842' title='bbox 2044 4365 2297 4438; x_wconf 86' lang='grc' dir='ltr'>δύναμιν,</span> <span class='ocrx_word' id='word_1_843' title='bbox 2333 4365 2426 4418; x_wconf 76' lang='grc' dir='ltr'>καὶ</span> <span class='ocrx_word' id='word_1_844' title='bbox 2451 4364 2551 4437; x_wconf 78' lang='grc' dir='ltr'>τὴν</span> <span class='ocrx_word' id='word_1_845' title='bbox 2591 4363 3008 4437; x_wconf 84' lang='grc' dir='ltr'>φιλανθρωπίαν</span> <span class='ocrx_word' id='word_1_846' title='bbox 3046 4363 3382 4433; x_wconf 74' lang='grc' dir='ltr'>ἐνδείξηταιο</span> <span class='ocrx_word' id='word_1_847' title='bbox 3421 4361 3524 4434; x_wconf 71' lang='grc' dir='ltr'>τὴν</span> 
     </span>
    </p>
   </div>
   <div class='ocr_carea' id='block_1_111' title="bbox 1919 4447 3518 4521">
    <p class='ocr_par' dir='ltr' id='par_1_111' title="bbox 1919 4447 3518 4521">
     <span class='ocr_line' id='line_1_111' title="bbox 1919 4447 3518 4521; baseline -0.003 -18"><span class='ocrx_word' id='word_1_848' title='bbox 1919 4449 2148 4521; x_wconf 78' lang='grc' dir='ltr'>δύναμιν</span> <span class='ocrx_word' id='word_1_849' title='bbox 2177 4450 2298 4520; x_wconf 82' lang='grc' dir='ltr'>μὲν,</span> <span class='ocrx_word' id='word_1_850' title='bbox 2324 4450 2406 4502; x_wconf 82' lang='grc' dir='ltr'>ὅτι</span> <span class='ocrx_word' id='word_1_851' title='bbox 2445 4448 2507 4501; x_wconf 84' lang='grc' dir='ltr'>τὸ</span> <span class='ocrx_word' id='word_1_852' title='bbox 2534 4448 2753 4520; x_wconf 89' lang='grc' dir='ltr'>νόσημα</span> <span class='ocrx_word' id='word_1_853' title='bbox 2785 4447 2974 4502; x_wconf 85' lang='grc' dir='ltr'>λοιπὸν</span> <span class='ocrx_word' id='word_1_854' title='bbox 3007 4447 3226 4501; x_wconf 87' lang='grc' dir='ltr'>ἀνίατον</span> <span class='ocrx_word' id='word_1_855' title='bbox 3251 4447 3518 4516; x_wconf 86' lang='grc' dir='ltr'>ἐγεγόνει,</span> 
     </span>
    </p>
   </div>
   <div class='ocr_carea' id='block_1_112' title="bbox 1920 4529 3524 4603">
    <p class='ocr_par' dir='ltr' id='par_1_112' title="bbox 1920 4529 3524 4603">
     <span class='ocr_line' id='line_1_112' title="bbox 1920 4529 3524 4603; baseline -0.003 -16"><span class='ocrx_word' id='word_1_856' title='bbox 1920 4533 2015 4587; x_wconf 77' lang='grc' dir='ltr'>καὶ</span> <span class='ocrx_word' id='word_1_857' title='bbox 2061 4534 2142 4596; x_wconf 91' lang='grc' dir='ltr'>εἰς</span> <span class='ocrx_word' id='word_1_858' title='bbox 2186 4530 2500 4603; x_wconf 82' lang='grc' dir='ltr'>ἀμηχανίαν</span> <span class='ocrx_word' id='word_1_859' title='bbox 2550 4531 2924 4602; x_wconf 80' lang='grc' dir='ltr'>περιειστήκει</span> <span class='ocrx_word' id='word_1_860' title='bbox 2958 4530 3026 4583; x_wconf 79' lang='grc' dir='ltr'>τὰ</span> <span class='ocrx_word' id='word_1_861' title='bbox 3058 4530 3158 4600; x_wconf 82' lang='grc' dir='ltr'>τῆς</span> <span class='ocrx_word' id='word_1_862' title='bbox 3208 4529 3524 4603; x_wconf 79' lang='grc' dir='ltr'>ἀρρωστίας</span> 
     </span>
    </p>
   </div>
   <div class='ocr_carea' id='block_1_113' title="bbox 1921 4613 3522 4688">
    <p class='ocr_par' dir='ltr' id='par_1_113' title="bbox 1921 4613 3522 4688">
     <span class='ocr_line' id='line_1_113' title="bbox 1921 4613 3522 4688; baseline -0.003 -17"><span class='ocrx_word' id='word_1_863' title='bbox 1921 4616 2069 4688; x_wconf 88' lang='grc' dir='ltr'>αὑτῷ</span> <span class='ocrx_word' id='word_1_864' title='bbox 2093 4633 2106 4644; x_wconf 74' lang='grc' dir='ltr'>ο</span> <span class='ocrx_word' id='word_1_865' title='bbox 2151 4617 2250 4688; x_wconf 82' lang='grc' dir='ltr'>τὴν</span> <span class='ocrx_word' id='word_1_866' title='bbox 2280 4617 2338 4670; x_wconf 85' lang='grc' dir='ltr'>δὲ</span> <span class='ocrx_word' id='word_1_867' title='bbox 2367 4613 2805 4687; x_wconf 73' lang='grc' dir='ltr'>φιλανθρωπίαν,</span> <span class='ocrx_word' id='word_1_868' title='bbox 2848 4616 2930 4669; x_wconf 83' lang='grc' dir='ltr'>ὅτι</span> <span class='ocrx_word' id='word_1_869' title='bbox 2973 4615 3065 4668; x_wconf 79' lang='grc' dir='ltr'>τὸν</span> <span class='ocrx_word' id='word_1_870' title='bbox 3101 4613 3338 4684; x_wconf 89' lang='grc' dir='ltr'>μάλιστα</span> <span class='ocrx_word' id='word_1_871' title='bbox 3371 4613 3522 4678; x_wconf 77' lang='grc' dir='ltr'>ἀξιον</span> 
     </span>
    </p>
   </div>
   <div class='ocr_carea' id='block_1_114' title="bbox 1919 4696 3523 4770">
    <p class='ocr_par' dir='ltr' id='par_1_114' title="bbox 1919 4696 3523 4770">
     <span class='ocr_line' id='line_1_114' title="bbox 1919 4696 3523 4770; baseline -0.001 -17"><span class='ocrx_word' id='word_1_872' title='bbox 1919 4701 2049 4754; x_wconf 75' lang='grc' dir='ltr'>ὄντα</span> <span class='ocrx_word' id='word_1_873' title='bbox 2096 4698 2279 4762; x_wconf 87' lang='grc' dir='ltr'>ἐλέους</span> <span class='ocrx_word' id='word_1_874' title='bbox 2329 4698 2424 4753; x_wconf 75' lang='grc' dir='ltr'>καὶ</span> <span class='ocrx_word' id='word_1_875' title='bbox 2477 4697 2820 4770; x_wconf 80' lang='grc' dir='ltr'>εὐεργεσίας,</span> <span class='ocrx_word' id='word_1_876' title='bbox 2850 4697 3041 4752; x_wconf 91' lang='grc' dir='ltr'>τοῦτον</span> <span class='ocrx_word' id='word_1_877' title='bbox 3076 4697 3182 4769; x_wconf 78' lang='grc' dir='ltr'>πρὸ</span> <span class='ocrx_word' id='word_1_878' title='bbox 3209 4696 3320 4750; x_wconf 83' lang='grc' dir='ltr'>τῶν</span> <span class='ocrx_word' id='word_1_879' title='bbox 3345 4696 3523 4751; x_wconf 87' lang='grc' dir='ltr'>ἀλλων</span> 
     </span>
    </p>
   </div>
   <div class='ocr_carea' id='block_1_115' title="bbox 1921 4779 3524 4856">
    <p class='ocr_par' dir='ltr' id='par_1_115' title="bbox 1921 4779 3524 4856">
     <span class='ocr_line' id='line_1_115' title="bbox 1921 4779 3524 4856; baseline -0.001 -19"><span class='ocrx_word' id='word_1_880' title='bbox 1921 4779 2061 4838; x_wconf 75' lang='grc' dir='ltr'>εἶδεν</span> <span class='ocrx_word' id='word_1_881' title='bbox 2090 4784 2120 4835; x_wconf 92' lang='lat'>6</span> <span class='ocrx_word' id='word_1_882' title='bbox 2145 4780 2404 4852; x_wconf 86' lang='grc' dir='ltr'>κηδεμὼν</span> <span class='ocrx_word' id='word_1_883' title='bbox 2433 4783 2529 4834; x_wconf 75' lang='grc' dir='ltr'>καὶ</span> <span class='ocrx_word' id='word_1_884' title='bbox 2559 4780 2964 4856; x_wconf 83' lang='grc' dir='ltr'>φιλάνθρωπος.</span> <span class='ocrx_word' id='word_1_885' title='bbox 2995 4783 3087 4852; x_wconf 77' lang='grc' dir='ltr'>Μὴ</span> <span class='ocrx_word' id='word_1_886' title='bbox 3131 4781 3196 4852; x_wconf 81' lang='grc' dir='ltr'>δὴ</span> <span class='ocrx_word' id='word_1_887' title='bbox 3237 4780 3524 4852; x_wconf 85' lang='grc' dir='ltr'>παραδρά-</span> 
     </span>
    </p>
   </div>
   <div class='ocr_carea' id='block_1_116' title="bbox 1924 4863 3524 4937">
    <p class='ocr_par' dir='ltr' id='par_1_116' title="bbox 1924 4863 3524 4937">
     <span class='ocr_line' id='line_1_116' title="bbox 1924 4863 3524 4937; baseline -0.002 -18"><span class='ocrx_word' id='word_1_888' title='bbox 1924 4880 2114 4937; x_wconf 83' lang='grc' dir='ltr'>μωμεν</span> <span class='ocrx_word' id='word_1_889' title='bbox 2145 4865 2332 4929; x_wconf 84' lang='grc' dir='ltr'>ἁπλῶς</span> <span class='ocrx_word' id='word_1_890' title='bbox 2357 4863 2417 4917; x_wconf 80' lang='grc' dir='ltr'>τὸ</span> <span class='ocrx_word' id='word_1_891' title='bbox 2443 4865 2663 4936; x_wconf 90' lang='grc' dir='ltr'>χωρίον,</span> <span class='ocrx_word' id='word_1_892' title='bbox 2694 4863 2830 4937; x_wconf 81' lang='grc' dir='ltr'>μηδὲ</span> <span class='ocrx_word' id='word_1_893' title='bbox 2855 4863 2950 4918; x_wconf 86' lang='grc' dir='ltr'>τδν</span> <span class='ocrx_word' id='word_1_894' title='bbox 2978 4863 3211 4935; x_wconf 78' lang='grc' dir='ltr'>ἀριθμὸν</span> <span class='ocrx_word' id='word_1_895' title='bbox 3235 4863 3345 4917; x_wconf 82' lang='grc' dir='ltr'>τῶν</span> <span class='ocrx_word' id='word_1_896' title='bbox 3365 4863 3524 4935; x_wconf 89' lang='grc' dir='ltr'>τριά-</span> 
     </span>
    </p>
   </div>
   <div class='ocr_carea' id='block_1_117' title="bbox 1921 4941 3518 5018">
    <p class='ocr_par' dir='ltr' id='par_1_117' title="bbox 1921 4941 3518 5018">
     <span class='ocr_line' id='line_1_117' title="bbox 1921 4941 3518 5018; baseline -0.003 -16"><span class='ocrx_word' id='word_1_897' title='bbox 1921 4966 2086 5002; x_wconf 91' lang='grc' dir='ltr'>κοντα</span> <span class='ocrx_word' id='word_1_898' title='bbox 2109 4951 2205 5002; x_wconf 74' lang='grc' dir='ltr'>καὶ</span> <span class='ocrx_word' id='word_1_899' title='bbox 2231 4946 2377 5002; x_wconf 87' lang='grc' dir='ltr'>ὀκτὼ</span> <span class='ocrx_word' id='word_1_900' title='bbox 2408 4947 2564 5012; x_wconf 84' lang='grc' dir='ltr'>ἐτῶν,</span> <span class='ocrx_word' id='word_1_901' title='bbox 2602 4941 2677 5001; x_wconf 78' lang='grc' dir='ltr'>ὧν</span> <span class='ocrx_word' id='word_1_902' title='bbox 2705 4944 2852 5018; x_wconf 71' lang='grc' dir='ltr'>εἶχεν</span> <span class='ocrx_word' id='word_1_903' title='bbox 2875 4949 2932 5000; x_wconf 93' lang='grc' dir='ltr'>ἐν</span> <span class='ocrx_word' id='word_1_904' title='bbox 2957 4950 3023 5018; x_wconf 75' lang='grc' dir='ltr'>τῇ</span> <span class='ocrx_word' id='word_1_905' title='bbox 3049 4947 3306 5018; x_wconf 82' lang='grc' dir='ltr'>ἀσθενείᾳ</span> <span class='ocrx_word' id='word_1_906' title='bbox 3331 4945 3518 5000; x_wconf 91' lang='grc' dir='ltr'>αὑτοῦ.</span> 
     </span>
    </p>
   </div>
   <div class='ocr_carea' id='block_1_118' title="bbox 1933 5030 3519 5104">
    <p class='ocr_par' dir='ltr' id='par_1_118' title="bbox 1933 5030 3519 5104">
     <span class='ocr_line' id='line_1_118' title="bbox 1933 5030 3519 5104; baseline 0 -18"><span class='ocrx_word' id='word_1_907' title='bbox 1933 5033 2310 5086; x_wconf 81' lang='grc' dir='ltr'>Ἀκουέτωσαν</span> <span class='ocrx_word' id='word_1_908' title='bbox 2338 5033 2600 5095; x_wconf 73' lang='grc' dir='ltr'>ἅπαντες,</span> <span class='ocrx_word' id='word_1_909' title='bbox 2630 5033 2743 5084; x_wconf 82' lang='grc' dir='ltr'>ὅσοι</span> <span class='ocrx_word' id='word_1_910' title='bbox 2764 5031 2927 5104; x_wconf 80' lang='grc' dir='ltr'>πενίᾳ</span> <span class='ocrx_word' id='word_1_911' title='bbox 2950 5031 3239 5084; x_wconf 86' lang='grc' dir='ltr'>παλαίουσι</span> <span class='ocrx_word' id='word_1_912' title='bbox 3259 5030 3519 5100; x_wconf 84' lang='grc' dir='ltr'>διηνεκεῖ,</span> 
     </span>
    </p>
   </div>
   <div class='ocr_carea' id='block_1_119' title="bbox 1920 5113 3521 5187">
    <p class='ocr_par' dir='ltr' id='par_1_119' title="bbox 1920 5113 3521 5187">
     <span class='ocr_line' id='line_1_119' title="bbox 1920 5113 3521 5187; baseline -0.002 -18"><span class='ocrx_word' id='word_1_913' title='bbox 1920 5118 2036 5170; x_wconf 82' lang='grc' dir='ltr'>ὅσοι</span> <span class='ocrx_word' id='word_1_914' title='bbox 2063 5117 2159 5168; x_wconf 75' lang='grc' dir='ltr'>καὶ</span> <span class='ocrx_word' id='word_1_915' title='bbox 2183 5115 2467 5186; x_wconf 78' lang='grc' dir='ltr'>ἀρρωστίᾳ</span> <span class='ocrx_word' id='word_1_916' title='bbox 2498 5113 2756 5180; x_wconf 80' lang='grc' dir='ltr'>συζῶσιν,</span> <span class='ocrx_word' id='word_1_917' title='bbox 2783 5116 2899 5168; x_wconf 81' lang='grc' dir='ltr'>ὅσοι</span> <span class='ocrx_word' id='word_1_918' title='bbox 2930 5114 3282 5187; x_wconf 88' lang='grc' dir='ltr'>περιστάσεις</span> <span class='ocrx_word' id='word_1_919' title='bbox 3315 5113 3521 5181; x_wconf 85' lang='grc' dir='ltr'>ὑπομέ-</span> 
     </span>
    </p>
   </div>
   <div class='ocr_carea' id='block_1_120' title="bbox 1922 5196 3522 5269">
    <p class='ocr_par' dir='ltr' id='par_1_120' title="bbox 1922 5196 3522 5269">
     <span class='ocr_line' id='line_1_120' title="bbox 1922 5196 3522 5269; baseline -0.003 -16"><span class='ocrx_word' id='word_1_920' title='bbox 1922 5216 2071 5253; x_wconf 90' lang='grc' dir='ltr'>νουσι</span> <span class='ocrx_word' id='word_1_921' title='bbox 2100 5199 2446 5269; x_wconf 81' lang='grc' dir='ltr'>πραγμάτων</span> <span class='ocrx_word' id='word_1_922' title='bbox 2481 5198 2774 5269; x_wconf 79' lang='grc' dir='ltr'>βιωτικῶν,</span> <span class='ocrx_word' id='word_1_923' title='bbox 2809 5199 2923 5252; x_wconf 80' lang='grc' dir='ltr'>ὅσοι</span> <span class='ocrx_word' id='word_1_924' title='bbox 2971 5198 3217 5269; x_wconf 86' lang='grc' dir='ltr'>χειμῶνα</span> <span class='ocrx_word' id='word_1_925' title='bbox 3251 5196 3346 5252; x_wconf 69' lang='grc' dir='ltr'>καί⁵</span> <span class='ocrx_word' id='word_1_926' title='bbox 3397 5196 3522 5250; x_wconf 83' lang='grc' dir='ltr'>κλυ-</span> 
     </span>
    </p>
   </div>
   <div class='ocr_carea' id='block_1_121' title="bbox 1920 5275 3521 5354">
    <p class='ocr_par' dir='ltr' id='par_1_121' title="bbox 1920 5275 3521 5354">
     <span class='ocr_line' id='line_1_121' title="bbox 1920 5275 3521 5354; baseline -0.001 -18"><span class='ocrx_word' id='word_1_927' title='bbox 1920 5283 2109 5336; x_wconf 85' lang='grc' dir='ltr'>δώνιον</span> <span class='ocrx_word' id='word_1_928' title='bbox 2137 5283 2245 5336; x_wconf 80' lang='grc' dir='ltr'>τῶν</span> <span class='ocrx_word' id='word_1_929' title='bbox 2265 5282 2545 5354; x_wconf 82' lang='grc' dir='ltr'>ἀδοκήτων</span> <span class='ocrx_word' id='word_1_930' title='bbox 2571 5283 2890 5354; x_wconf 85' lang='grc' dir='ltr'>ὑπέστησαν</span> <span class='ocrx_word' id='word_1_931' title='bbox 2911 5282 3119 5336; x_wconf 84' lang='grc' dir='ltr'>κακῶν.</span> <span class='ocrx_word' id='word_1_932' title='bbox 3147 5282 3341 5345; x_wconf 83' lang='grc' dir='ltr'>Κοινὸς</span> <span class='ocrx_word' id='word_1_933' title='bbox 3367 5275 3521 5345; x_wconf 76' lang='grc' dir='ltr'>οὗτος</span> 
     </span>
    </p>
   </div>
   <div class='ocr_carea' id='block_1_122' title="bbox 1921 5367 3519 5443">
    <p class='ocr_par' dir='ltr' id='par_1_122' title="bbox 1921 5367 3519 5443">
     <span class='ocr_line' id='line_1_122' title="bbox 1921 5367 3519 5443; baseline -0.003 -19"><span class='ocrx_word' id='word_1_934' title='bbox 1921 5373 1949 5424; x_wconf 92' lang='lat'>6</span> <span class='ocrx_word' id='word_1_935' title='bbox 1980 5370 2351 5443; x_wconf 74' lang='grc' dir='ltr'>παραλυτικὸς</span> <span class='ocrx_word' id='word_1_936' title='bbox 2379 5372 2556 5423; x_wconf 88' lang='grc' dir='ltr'>κεῖται</span> <span class='ocrx_word' id='word_1_937' title='bbox 2582 5367 2748 5440; x_wconf 83' lang='grc' dir='ltr'>λιμὴν</span> <span class='ocrx_word' id='word_1_938' title='bbox 2775 5367 2886 5420; x_wconf 82' lang='grc' dir='ltr'>τῶν</span> <span class='ocrx_word' id='word_1_939' title='bbox 2916 5367 3276 5439; x_wconf 88' lang='grc' dir='ltr'>ἀνθρωπίνων</span> <span class='ocrx_word' id='word_1_940' title='bbox 3311 5383 3519 5436; x_wconf 82' lang='grc' dir='ltr'>συμφο-</span> 
     </span>
    </p>
   </div>
   <div class='ocr_carea' id='block_1_123' title="bbox 1927 5450 3521 5524">
    <p class='ocr_par' dir='ltr' id='par_1_123' title="bbox 1927 5450 3521 5524">
     <span class='ocr_line' id='line_1_123' title="bbox 1927 5450 3521 5524; baseline -0.003 -17"><span class='ocrx_word' id='word_1_941' title='bbox 1927 5454 2053 5524; x_wconf 82' lang='grc' dir='ltr'>ρῶν.</span> <span class='ocrx_word' id='word_1_942' title='bbox 2090 5453 2284 5517; x_wconf 80' lang='grc' dir='ltr'>Οὐδεὶς</span> <span class='ocrx_word' id='word_1_943' title='bbox 2316 5452 2631 5524; x_wconf 57' lang='grc' dir='ltr'>γάριοῦτως</span> <span class='ocrx_word' id='word_1_944' title='bbox 2663 5451 2890 5521; x_wconf 75' lang='grc' dir='ltr'>ἠλίθιος,</span> <span class='ocrx_word' id='word_1_945' title='bbox 2927 5451 3103 5514; x_wconf 73' lang='grc' dir='ltr'>οὐδεὶς</span> <span class='ocrx_word' id='word_1_946' title='bbox 3128 5450 3304 5514; x_wconf 78' lang='grc' dir='ltr'>οὕτως</span> <span class='ocrx_word' id='word_1_947' title='bbox 3338 5450 3521 5512; x_wconf 79' lang='grc' dir='ltr'>ἄθλιος</span> 
     </span>
    </p>
   </div>
   <div class='ocr_carea' id='block_1_124' title="bbox 1922 5531 3522 5609">
    <p class='ocr_par' dir='ltr' id='par_1_124' title="bbox 1922 5531 3522 5609">
     <span class='ocr_line' id='line_1_124' title="bbox 1922 5531 3522 5609; baseline 0 -19"><span class='ocrx_word' id='word_1_948' title='bbox 1922 5539 2016 5592; x_wconf 69' lang='grc' dir='ltr'>καὶ</span> <span class='ocrx_word' id='word_1_949' title='bbox 2049 5531 2511 5609; x_wconf 57' lang='grc' dir='ltr'>ταλαίπωρος,’ὼς</span> <span class='ocrx_word' id='word_1_950' title='bbox 2539 5539 2676 5609; x_wconf 85' lang='grc' dir='ltr'>πρὸς</span> <span class='ocrx_word' id='word_1_951' title='bbox 2695 5535 2885 5590; x_wconf 90' lang='grc' dir='ltr'>τοῦτον</span> <span class='ocrx_word' id='word_1_952' title='bbox 2915 5536 3227 5609; x_wconf 77' lang='grc' dir='ltr'>ἀφορῶντα,</span> <span class='ocrx_word' id='word_1_953' title='bbox 3253 5536 3327 5607; x_wconf 84' lang='grc' dir='ltr'>μὴ</span> <span class='ocrx_word' id='word_1_954' title='bbox 3344 5535 3522 5598; x_wconf 74' lang='grc' dir='ltr'>πάντα</span> 
     </span>
    </p>
   </div>
   <div class='ocr_carea' id='block_1_125' title="bbox 1985 5792 2506 5856">
    <p class='ocr_par' dir='ltr' id='par_1_125' title="bbox 1985 5792 2506 5856">
     <span class='ocr_line' id='line_1_125' title="bbox 1985 5792 2506 5856; baseline -0.002 -16"><span class='ocrx_word' id='word_1_955' title='bbox 1985 5793 2010 5856; x_wconf 46' lang='grc' dir='ltr'>ξ</span> <span class='ocrx_word' id='word_1_956' title='bbox 2037 5793 2160 5856; x_wconf 63' lang='lat' dir='ltr'>Beg.</span> <span class='ocrx_word' id='word_1_957' title='bbox 2185 5792 2270 5840; x_wconf 84' lang='grc' dir='ltr'>τοῦ</span> <span class='ocrx_word' id='word_1_958' title='bbox 2291 5795 2506 5856; x_wconf 76' lang='grc' dir='ltr'>πρώτως.</span> 
     </span>
    </p>
   </div>
   <div class='ocr_carea' id='block_1_126' title="bbox 1987 5854 2933 5919">
    <p class='ocr_par' dir='ltr' id='par_1_126' title="bbox 1987 5854 2933 5919">
     <span class='ocr_line' id='line_1_126' title="bbox 1987 5854 2933 5919; baseline -0.003 -14"><span class='ocrx_word' id='word_1_959' title='bbox 1987 5855 2012 5893; x_wconf 70' lang='grc' dir='ltr'>ιι</span> <span class='ocrx_word' id='word_1_960' title='bbox 2039 5855 2174 5905; x_wconf 71' lang='lat' dir='ltr'>Ediu</span> <span class='ocrx_word' id='word_1_961' title='bbox 2192 5854 2474 5918; x_wconf 78' lang='grc' dir='ltr'>διορθοῦται,</span> <span class='ocrx_word' id='word_1_962' title='bbox 2511 5855 2634 5918; x_wconf 71' lang='lat' dir='ltr'>Reg.</span> <span class='ocrx_word' id='word_1_963' title='bbox 2658 5854 2933 5919; x_wconf 81' lang='grc' dir='ltr'>διωρθοῦτο.</span> 
     </span>
    </p>
   </div>
   <div class='ocr_carea' id='block_1_127' title="bbox 3111 5952 3184 6010">
    <p class='ocr_par' dir='ltr' id='par_1_127' title="bbox 3111 5952 3184 6010">
     <span class='ocr_line' id='line_1_127' title="bbox 3111 5952 3184 6010; baseline 0.027 -2"><span class='ocrx_word' id='word_1_964' title='bbox 3111 5952 3184 6010; x_wconf 84' lang='grc'>18</span> 
     </span>
    </p>
   </div>
  </div>
