4186 6326
309 453 420 517 803

303 584 432 647 Quae
459 574 695 632 incidant
723 589 981 646 generose
1009 584 1064 628 et
1091 589 1279 655 magna
1305 588 1424 628 cum
1451 573 1724 628 alacritate
1751 573 1891 626 ferre

297 674 485 734 Queat.
533 663 668 720 Nam
716 662 928 718 tametsi
973 663 1156 734 viginti
1203 663 1330 717 anni
1376 661 1637 726 fuissent,
1686 657 1896 715 tametsi

299 753 524 819 decem,
552 755 765 809 tametsi
790 754 887 808 soli
915 755 1180 824 quinque,
1207 765 1385 806 nonne
1414 747 1544 805 satis
1588 760 1743 806 erant
1761 790 1778 816 ,
1805 749 1898 820 qui

301 848 612 916 frangerent
648 845 1002 919 constantiam
1023 886 1038 911 ,
1069 849 1125 900 et
1165 845 1469 899 ﬁrmitatem
1495 842 1658 898 animi
1685 840 1851 911 ipsius
1871 840 1897 893 ?

302 938 404 992 llic
433 953 562 992 vero
585 939 796 1008 triginta
818 945 873 992 et
899 921 1022 992 octo
1041 951 1211 992 annos
1231 943 1432 1003 manet,
1459 951 1632 1004 neque
1652 935 1897 1001 discedit,

297 1028 400 1084 sed
433 1041 676 1098 magnam
701 1043 812 1098 prae
838 1042 898 1083 se
923 1029 1027 1083 fert
1050 1028 1382 1106 patientiam.
1415 1024 1761 1081 Admirabilis
1789 1025 1905 1080 for-

299 1116 620 1177 tassevobis
638 1120 848 1176 videtur
868 1121 1124 1189 temporis
1145 1116 1438 1190 longitudo,
1460 1117 1556 1174 sed
1583 1120 1626 1172 si
1650 1117 1716 1172 ad
1735 1118 1899 1176 verba

301 1213 421 1281 ipsa
463 1205 831 1278 attenderitis,
867 1221 991 1266 tunc
1017 1212 1251 1267 maxime
1293 1210 1686 1280 philosophiam
1733 1209 1899 1279 ipsius

297 1299 706 1375 perfectamque
735 1305 1042 1374 patientiam
1072 1303 1427 1374 cognoscetis.

378 1390 480 1449 Cur
503 1395 774 1464 interroget
803 1409 994 1466 aegrum
1015 1385 1266 1449 Christus.
1288 1423 1361 1434 —
1380 1389 1601 1448 Accedit
1625 1385 1891 1458 Christus,

296 1490 360 1540 et
380 1485 505 1539 dicit
528 1484 607 1540 ei:
644 1476 736 1539 Vir
758 1500 912 1540 sanus
941 1479 1088 1554 ﬁeri?
1113 1483 1306 1553 Ecquis
1331 1482 1433 1538 hoc
1459 1483 1772 1552 ignorasset,
1808 1495 1901 1534 vo-

298 1575 469 1630 luisse
501 1573 678 1645 ipsum
704 1589 893 1630 sanum
921 1575 1077 1630 ﬁeri?
1104 1574 1240 1642 Quid
1269 1575 1428 1644 igitur
1451 1565 1627 1627 causae
1655 1571 1900 1637 fuit,cur

305 1665 706 1736 interrogaret?
727 1666 937 1722 Etenim
962 1665 1053 1735 qui
1081 1679 1272 1719 arcana
1302 1663 1682 1734 cogitationum
1709 1660 1895 1726 novit,

297 1755 477 1809 multo
503 1755 670 1825 magis
699 1769 782 1820 ea,
811 1771 931 1826 quae
957 1751 1206 1813 omnibus
1235 1750 1515 1824 perspicua
1541 1761 1595 1807 et
1619 1750 1898 1806 manifesta

299 1854 452 1910 sunt,
478 1846 854 1916 cognoscebat.
873 1847 980 1902 Cur
1006 1847 1166 1917 igitur
1191 1845 1521 1916 interrogat?
1541 1842 1898 1911 Quemadmo-

303 1933 439 1990 dum
469 1935 601 1990 alias
624 1938 923 1992 centurioni
955 1938 1125 2006 inquit
1154 1952 1166 1988 :
1201 1925 1315 2006 Fgo
1357 1933 1556 1990 ueniam
1578 1976 1594 2001 ,
1642 1943 1687 1988 et
1713 1932 1899 1987 curabo

299 2039 420 2078 eum
455 2025 666 2096 (Matth.
700 2028 754 2082 8.
782 2024 812 2082 7
835 2026 854 2098 )
877 2068 892 2094 ,
942 2042 1048 2081 non
1095 2027 1350 2096 ignorans
1388 2042 1508 2097 qna:
1542 2026 1630 2082 ille
1659 2021 1911 2080 dicturus

298 2127 457 2184 erat,
484 2120 578 2175 sed
615 2120 914 2189 prtevidens
938 2128 992 2175 et
1017 2122 1258 2190 apprime
1286 2120 1482 2186 sciens,
1515 2118 1678 2189 idque
1701 2132 1898 2188 agens,

300 2222 370 2263 ut
417 2210 467 2264 ei
493 2211 828 2266 occasionem
854 2203 1082 2281 ,‘atque
1126 2226 1312 2266 ausam
1357 2210 1507 2264 daret
1530 2210 1800 2279 religionis
1838 2223 1902 2262 ac

300 2301 520 2368 pietatis
547 2315 680 2368 suae,
711 2318 830 2371 quas
861 2303 911 2356 in
942 2302 1130 2356 umbra
1158 2302 1390 2367 latebat,
1420 2301 1666 2356 omnibus
1696 2299 1900 2370 patefa-

301 2389 624 2457 cienda-ac
650 2391 862 2447 dicendi
905 2411 918 2448 :
951 2389 1312 2464 Nequaquam,
1336 2393 1552 2448 Domine
1577 2408 1596 2446 :
1643 2409 1742 2446 non
1772 2392 1904 2445 enim

301 2493 422 2529 sunt
449 2477 629 2549 dignus
647 2495 701 2534 ut
717 2484 878 2535 intres
893 2481 984 2534 sub
998 2489 1188 2536 tectum
1205 2497 1380 2537 meum
1393 2477 1612 2550 (Matth.
1627 2481 1680 2536 8.
1697 2479 1775 2551 8.)
1795 2497 1808 2534 :
1832 2481 1904 2535 ita

306 2566 364 2618 in
395 2566 492 2620 hoc
518 2568 834 2640 paralytico,
865 2585 987 2624 cum
1019 2571 1183 2626 sciret
1208 2572 1336 2642 quid
1366 2573 1451 2627 ille
1477 2572 1713 2627 dicturus
1738 2581 1904 2640 esset,

307 2654 787 2727 interrogat,'num
821 2661 946 2715 velit
975 2676 1137 2722 sanus
1165 2663 1307 2726 ﬁeri,
1329 2679 1435 2717 non
1465 2662 1604 2732 quod
1629 2661 1730 2716 hoc
1756 2661 1908 2732 igno-

304 2757 474 2815 raret,
498 2747 593 2803 Sed
620 2759 677 2802 ut
701 2751 748 2805 ei
777 2753 1041 2821 praeberet
1067 2768 1254 2808 ansam
1276 2753 1559 2824 quamdam
1587 2762 1642 2808 et
1667 2753 1910 2808 occasio-

306 2851 458 2903 nem,
489 2855 594 2909 quo
621 2839 710 2895 ille
737 2841 989 2912 tragicam
1018 2843 1372 2898 calamitatem
1401 2859 1550 2898 suam
1597 2851 1866 2913 promeret
1890 2881 1906 2910 ,

299 2942 376 2982 «ac
418 2929 569 2984 lieret
594 2931 784 2986 doctor
829 2933 1118 3001 patientiae.
1149 2934 1283 2988 Nam
1332 2934 1378 2988 si
1438 2934 1710 2990 hominem
1758 2933 1907 2988 illum

306 3020 524 3074 silentio
547 3031 810 3088 curasset,
840 3029 1177 3079 summo‘nos
1204 3026 1400 3079 damno
1426 3027 1600 3080 allecti
1627 3039 1868 3080 essemus
1893 3042 1906 3078 :

307 3113 506 3182 quippe
539 3129 660 3167 cum
689 3115 830 3170 illius
856 3117 1050 3171 anima:
1081 3117 1420 3172 tolerantiam
1464 3119 1603 3173 haud
1634 3118 1911 3172 didicisse-

308 3214 451 3258 mus.
479 3204 724 3259 Christus
740 3216 916 3262 autem
943 3223 1046 3263 non
1069 3209 1242 3264 solum
1268 3209 1552 3279 praasentia
1573 3219 1717 3265 recte
1735 3218 1908 3275 curat,

309 3295 407 3347 sed
436 3294 596 3348 etiam
628 3295 820 3351 futuris
851 3314 1098 3367 magnam
1129 3309 1350 3369 praestat
1377 3301 1728 3371 diligentiam.
1756 3301 1910 3354 llunc

310 3383 474 3457 igitur
495 3425 510 3450 ,
541 3385 631 3452 qui
663 3387 914 3456 magister
939 3398 1055 3443 erat
1080 3390 1375 3445 tolerantiae
1404 3407 1466 3446 ac
1496 3392 1765 3461 patientia
1793 3406 1912 3445 om-

308 3464 470 3526 ‘nibus
497 3476 585 3542 qui
613 3475 798 3531 orbem
840 3477 1135 3536 incolerent
1160 3481 1436 3550 patefecit,
1473 3497 1567 3551 per
1607 3481 1909 3550 hujnsmodi

312 3565 792 3650 interrogationem
825 3570 996 3649 ipsum
1043 3574 1109 3626 ad
1137 3575 1509 3629 necessitatem
1553 3578 1909 3646 respondendi

315 3656 541 3725 adigens
562 3699 578 3724 ,
618 3658 705 3713 Vis
731 3679 884 3729 sanus
913 3664 1067 3731 fieri?
1096 3665 1232 3730 Quid
1269 3668 1429 3735 igitur
1456 3668 1582 3722 ille?
1611 3668 1727 3722 Non
1767 3685 1910 3738 mgre

312 3747 455 3812 tulit,
488 3763 592 3802 non
622 3750 925 3820 indignatus
948 3763 1049 3819 est,
1083 3772 1188 3811 non
1213 3757 1347 3812 dixit
1369 3760 1434 3813 ad
1455 3776 1597 3826 eum,
1626 3762 1714 3830 qui
1747 3762 1912 3816 inter-

311 3850 617 3908 rogaverat,
647 3841 797 3896 vides
821 3859 904 3898 me
925 3847 1157 3918 paralysi
1182 3850 1474 3903 resolutum
1500 3869 1511 3902 :
1533 3853 1670 3905 nosti
1694 3852 1909 3921 longum

312 3935 526 3997 tempus
565 3932 943 3989 invaletudinis
972 3953 1127 4004 mete,
1157 3949 1210 3994 et
1239 3942 1533 4012 interrogas
1552 3982 1568 4009 ,
1599 3960 1722 3998 num
1751 3945 1907 4000 velim

313 4036 484 4076 sanus
516 4024 670 4077 fieri?
697 4023 931 4092 Venisti,
962 4039 1021 4082 ut
1046 4046 1194 4084 meas
1238 4033 1492 4088 irrideres
1534 4037 1864 4092 calamitates
1889 4079 1906 4103 ,

310 4118 474 4180 atque
494 4114 683 4187 alienis
704 4114 857 4170 malis
884 4119 1159 4174 illuderes?
1174 4121 1288 4175 Non
1319 4125 1461 4178 enim
1487 4140 1578 4179 vos
1598 4125 1728 4196 fugit
1746 4143 1906 4196 quam

310 4205 512 4255 morosi
556 4204 664 4257 sint
692 4206 779 4273 qui
806 4217 1102 4276 :ngrotant,
1149 4212 1358 4265 etiamsi
1405 4230 1566 4267 unum
1613 4231 1810 4270 annum
1851 4219 1905 4271 in

292 4289 456 4344 ‘lecto
478 4291 999 4375 decubuerint.Cum
1028 4301 1156 4355 vero
1178 4302 1243 4354 ad
1272 4305 1486 4372 triginta
1512 4314 1567 4358 et
1588 4316 1708 4360 octo
1735 4323 1905 4363 annos

309 4380 533 4434 morbus
568 4383 939 4452 pervenisset,
999 4392 1268 4458 quomodo
1312 4409 1416 4446 non
1458 4404 1572 4449 erat
1613 4397 1904 4452 verisimile

309 4480 684 4539 consumptam
702 4489 823 4555 esse
849 4474 1240 4548 philosophiam
1267 4483 1319 4535 in
1344 4495 1448 4536 tam
1479 4485 1638 4553 longo
1664 4495 1905 4556 tempore

309 4573 604 4628 expensam
622 4562 655 4614 ?
675 4562 1049 4622 Verumtamen
1074 4567 1160 4626 ille
1185 4573 1316 4626 nihil
1346 4575 1607 4643 ejusmodi
1635 4578 1787 4645 dixit,
1821 4579 1903 4634 vel

310 4649 600 4716 cogitavit:
643 4653 738 4706 sed
765 4670 953 4724 magna
982 4673 1104 4713 cum
1141 4659 1398 4717 modeSIia
1425 4681 1739 4736 responsum
1780 4670 1900 4736 dat,

312 4749 369 4792 et
398 4740 598 4808 inquit:
628 4742 888 4816 Profecto,
920 4745 1160 4814 Domine,
1191 4753 1280 4806 sed
1309 4755 1561 4811 hominem
1587 4776 1687 4814 non
1711 4762 1897 4829 habeo,

311 4840 410 4920 ut‘,
457 4847 572 4883 cum
603 4836 803 4888 turbata
831 4840 984 4905 fuerit
1025 4856 1157 4910 aqua
1179 4882 1195 4908 ,
1236 4845 1398 4897 mittat
1438 4865 1517 4900 me
1560 4850 1614 4903 in
1659 4852 1904 4920 piscinam

267 4931 274 4936 ·
312 4916 514 4987 (Joan.
545 4922 600 4975 5.
637 4921 730 4992 7).
764 4925 894 4981 Vide
931 4938 1061 4997 quot
1097 4940 1153 4984 et
1193 4945 1392 5001 quanta
1421 4937 1580 4992 simul
1613 4916 1904 4999 concurre-

314 5008 443 5063 bant
467 5019 627 5080 atque
649 5014 916 5072 hominem
939 5023 1332 5097 oppugnabant,
1359 5029 1596 5097 morbus,
1621 5044 1903 5102 paupertas

311 5110 367 5154 et
390 5103 625 5158 solitudo
645 5147 660 5171 ,
693 5123 813 5162 cum
839 5125 996 5165 nemo
1024 5117 1319 5180 assisteret,
1349 5121 1570 5191 ejusque
1599 5140 1778 5181 curam
1811 5145 1903 5199 ge-

311 5207 478 5249 reret.
521 5197 657 5251 Dum
680 5203 822 5255 venio
845 5205 977 5258 enim
1025 5223 1115 5277 ego
1139 5250 1153 5274 ,
1197 5209 1330 5265 alius
1369 5223 1487 5267 ante
1525 5232 1604 5268 me
1647 5197 1901 5275 descendit

309 5286 330 5353 (
353 5284 491 5338 Ibid.
509 5286 560 5379 λ).
592 5288 645 5342 ld
669 5305 798 5345 vero
823 5296 1029 5349 caneris
1054 5300 1302 5379 omnibus
1328 5283 1705 5374 miserabilius,
1732 5314 1902 5379 quod-

308 5390 413 5443 que
439 5377 522 5431 vel
548 5379 774 5448 lapidem
801 5383 973 5450 ipsum
1005 5375 1170 5454 possit
1197 5391 1488 5448 inﬂectere.
1538 5396 1730 5454 Videre
1749 5375 1898 5456 enim

308 5468 441 5521 mihi
471 5471 657 5526 videor
683 5474 954 5531 hominem
982 5480 1190 5550 singulo
1217 5499 1430 5556 quoque
1455 5503 1600 5543 anno
1623 5506 1895 5560 repentem

307 5568 360 5610 ct
389 5559 733 5617 accedentem
758 5565 823 5619 ad
853 5582 914 5621 os
943 5571 1179 5651 piscinae,
1209 5585 1261 5628 et
1281 5578 1492 5646 singulo
1520 5559 1734 5651 quoque
1757 5599 1899 5640 anno

307 5653 629 5744 pendentem
663 5658 713 5710 in
741 5659 969 5726 ipsomet
996 5647 1321 5722 aditu’boua:
1347 5671 1478 5739 spei.
1507 5647 1689 5744 Neque
1728 5693 1854 5732 vero
1879 5720 1893 5744 ,

306 5743 452 5811 quod
471 5748 684 5813 gravius
703 5760 804 5814 est,
832 5751 948 5808 hch
975 5754 1108 5811 duns
1131 5767 1222 5811 aut
1244 5769 1371 5828 tres,
1401 5773 1490 5817 aut
1517 5743 1701 5820 decem
1727 5743 1895 5825 annos

311 5836 570 5904 pertulit,
619 5839 713 5895 sed
745 5857 910 5913 usque
956 5846 1022 5902 ad
1050 5849 1260 5921 triginta
1301 5864 1354 5909 et
1395 5867 1533 5913 octo.
1566 5859 1632 5914 Et
1675 5877 1887 5922 omnem

1079 453 1170 515 ne
1207 418 1476 514 cunter
1517 449 1931 523 DIVINITATB,
1971 448 2244 510 comm
2284 451 2662 511 mosmos.
2706 439 2822 508 xtl.

3512 441 3618 498 806

2007 571 2222 642 quidem
2246 570 2529 626 adhibebat
2544 571 2894 642 diligentiam,
2921 570 3094 626 fructu
3111 579 3288 626 autem
3299 565 3618 651 excedebat:

2007 669 2062 715 et
2102 673 2293 716 cursus
2323 661 2536 730 quidem
2579 661 2938 732 peragebatur
2961 704 2976 727 ,
3004 660 3162 731 hujus
3201 671 3379 726 autem
3419 648 3613 718 cursus

2006 754 2285 824 praemium
2313 751 2378 807 ad
2410 754 2571 808 alium
2600 743 2981 824 perveniebat,
3011 753 3064 810 in
3096 755 3281 810 multis
3303 795 3319 821 ,
3349 756 3567 827 inquam
3593 792 3609 814 .

2014 843 2120 898 illis
2147 842 2324 897 annis.
2351 840 2611 914 Quodque
2631 843 2845 914 gravius
2873 852 3024 908 erat,
3053 843 3190 900 alios
3213 843 3414 900 liberos
3459 844 3612 899 abire

2004 931 2238 988 videbat.
2266 931 2448 988 Nostis
2472 935 2616 989 enim
2642 937 2716 998 ita
2745 932 2860 991 ﬁeri
2878 917 3085 999 solere,
3117 944 3176 989 ut
3201 944 3326 990 tunc
3346 936 3602 991 malorum

2005 1033 2311 1079 nostrorum
2353 1027 2672 1096 acerrimum
2703 1040 2922 1081 sensum
2963 1025 3239 1097 capiamus
3262 1067 3278 1094 ,
3313 1041 3434 1082 cum
3475 1027 3610 1083 alios

2003 1113 2195 1170 iisdem
2225 1114 2628 1172 malisal'fectos
2655 1118 2908 1174 liberatos
2942 1119 3088 1174 abire
3119 1119 3433 1175 viderimus.
3469 1119 3609 1174 Pro-.

1969 1215 2187 1280 'pterea
2212 1215 2266 1262 et
2290 1222 2514 1277 pauper,
2543 1224 2664 1263 cum
2687 1209 2915 1264 alterum
2943 1209 3088 1264 videt
3111 1208 3312 1266 divitiis
3331 1209 3608 1265 abundan-

2002 1309 2144 1364 tem,
2174 1308 2301 1353 tunc
2329 1300 2496 1370 magis
2525 1313 2677 1354 suam
2717 1300 2880 1354 sentit
2913 1308 3282 1371 paupertatem
3307 1318 3320 1354 :
3353 1308 3409 1355 et
3435 1315 3607 1371 aegro-

2001 1399 2121 1444 tans
2150 1397 2274 1443 tunc
2303 1391 2471 1461 magis
2500 1391 2839 1448 excruciatur
2863 1433 2879 1458 ,
2920 1407 3038 1446 cum
3066 1391 3266 1446 multos
3293 1390 3498 1458 videt,
3519 1392 3609 1461 qui

2002 1481 2192 1536 morbo
2233 1481 2704 1548 laborarint,_eum
2743 1482 2856 1553 jam
2899 1481 3234 1553 deposuisse,
3287 1482 3401 1545 sibi
3429 1493 3608 1538 autem

2003 1570 2136 1625 nihil
2166 1572 2466 1642 bonae‘spei
2499 1588 2802 1642 superesse.
2833 1574 2892 1629 In
2923 1575 3152 1640 aliorum
3182 1576 3325 1630 enim
3353 1574 3610 1630 secundis

1999 1663 2160 1723 rebus
2181 1672 2394 1719 nostras
2419 1665 2754 1721 manifestius
2778 1669 3049 1721 intuemur
3073 1667 3439 1722 calamitates:
3464 1667 3608 1737 quod

2000 1753 2214 1819 quidem
2237 1755 2313 1808 illi
2345 1766 2469 1810 tunc
2493 1757 2790 1812 eveniebat.
2811 1757 3191 1815 Verumtamen
3219 1774 3339 1813 cum
3375 1759 3566 1814 morbo
3588 1802 3605 1827 ,

2000 1858 2119 1897 cum
2133 1853 2466 1913 paupertate,
2487 1861 2606 1900 cum
2620 1842 2905 1901 solitudine
2920 1847 3118 1902 tamdiu
3131 1847 3462 1918 depugnans,
3476 1848 3610 1903 alios

2002 1936 2194 1990 videns
2224 1936 2438 1991 liberari
2464 1978 2479 2003 ,
2513 1947 2566 1993 et
2610 1940 2846 2010 seipsum
2878 1940 3094 2010 quidem
3122 1956 3339 2011 semper
3367 1941 3605 2011 aggredi.

2002 2043 2292 2098 numquam
2322 2039 2498 2085 autem
2530 2039 2835 2106 compotem
2863 2031 3012 2100 ﬁeri,
3043 2047 3218 2101 neque
3244 2032 3468 2100 posthac
3491 2043 3610 2085 rut--

2003 2133 2096 2173 sus
2124 2129 2350 2188 sperans
2379 2116 2420 2175 a'
2438 2121 2745 2198 calamitate
2769 2121 3006 2189 liberari,
3039 2137 3146 2177 non
3174 2121 3295 2177 ideo
3321 2130 3497 2176 tamen
3524 2121 3606 2175 di-

2003 2207 2195 2264 scessit
2221 2225 2285 2272 ac
2315 2207 2542 2275 destitit,
2574 2210 2666 2266 sed
2699 2212 2908 2281 singulo
2937 2229 3151 2284 quoque
3176 2229 3318 2268 anno
3337 2213 3607 2268 currebat.

2004 2298 2113 2354 Nos
2140 2310 2318 2354 autem
2347 2342 2362 2365 ,
2395 2302 2440 2354 si
2471 2301 2595 2370 quid
2623 2302 2793 2357 semel
2822 2317 2852 2355 a
2883 2289 2993 2357 Deo
3034 2305 3234 2372 precati
3279 2319 3386 2357 non
3416 2302 3612 2370 accipi-

2005 2405 2156 2456 mus,
2203 2376 2492 2445 confestim
2533 2387 2811 2458 dolemus,
2843 2403 2898 2447 et
2927 2393 2978 2446 in
3025 2401 3321 2448 extremam
3348 2393 3608 2448 desidiam

2007 2479 2325 2535 incidimus:
2359 2483 2706 2550 quamobrem
2735 2484 3096 2552 precationem
3138 2485 3462 2550 omittimus,
3491 2494 3610 2539 stu-

2007 2572 2152 2627 dium
2181 2570 2522 2628 remittimus.

2081 2663 2431 2719 Constantiam
2460 2664 2636 2720 laudat
2657 2667 2949 2738 paralytici.
2970 2699 3044 2709 —
3061 2669 3426 2724 Possumusne
3451 2668 3611 2738 igitur

2007 2758 2141 2814 satis
2169 2772 2264 2827 pro
2295 2760 2487 2814 merito
2506 2758 2592 2814 vel
2617 2760 2962 2830 paralyticum
2991 2761 3230 2826 laudare,
3254 2761 3343 2815 vel
3367 2769 3606 2816 nostram

2014 2847 2381 2904 condemnare
2428 2851 2846 2920 negligentiam?
2895 2851 3108 2906 Etenim
3157 2867 3389 2921 quanam
3442 2852 3609 2906 simus

2016 2944 2368 2996 excusatione
2391 2942 2535 3011 digni
2569 2959 2720 3026 “qua
2751 2944 2905 2998 venia
2937 2985 2951 3008 ,
2996 2959 3117 2998 cum
3140 2987 3156 3011 ,
3184 2944 3276 2998 illo
3318 2944 3530 3014 triginta
3556 2953 3610 2998 et

2013 3042 2135 3089 octo
2156 3050 2328 3088 annos
2355 3036 2679 3104 perdurante
2699 3076 2715 3102 ,
2748 3051 2845 3091 nos
2869 3046 2972 3091 tam
3001 3037 3107 3091 cito
3137 3053 3165 3090 a
3199 3038 3474 3107 proposito
3525 3051 3609 3090 re-

2013 3127 2293 3182 siliamus?

2086 3220 2140 3273 5.
2169 3218 2306 3286 Quid
2334 3219 2495 3289 igitur
2519 3219 2806 3274 Christus?
2842 3220 2945 3276 Ubl
2973 3221 3208 3274 ostendit
3249 3221 3466 3289 dignum
3490 3233 3610 3273 esse

2015 3310 2184 3374 illum,
2211 3311 2301 3380 qui
2328 3321 2562 3375 curetur,
2587 3312 2708 3380 jure
2737 3312 2802 3366 ad
2836 3312 2981 3365 illum
3015 3327 3124 3381 pra:
3152 3312 3270 3365 aliis
3298 3312 3482 3374 venit,
3509 3312 3609 3365 ait-

2014 3415 2118 3468 que
2139 3401 2207 3465 ei,
2234 3401 2422 3471 Surge,
2452 3403 2570 3476 tolle
2597 3403 2864 3472 grabatum
2893 3413 3057 3469 tuum,
3089 3412 3135 3456 et
3175 3403 3381 3456 ambula
3424 3401 3606 3472 (Joan.

2011 3495 2066 3548 5.
2095 3493 2171 3563 8).
2209 3492 2372 3546 Vides
2401 3509 2560 3562 quam
2587 3494 2634 3548 ei
2667 3495 2872 3548 nullum
2895 3495 3108 3564 triginta
3134 3502 3330 3549 etocto
3355 3495 3478 3547 anni
3507 3494 3604 3549 de-

2015 3587 2325 3642 trimentum
2366 3587 2678 3652 attulerint,
2726 3587 2977 3656 quoniam
3007 3602 3189 3655 casum
3219 3601 3372 3641 suum
3400 3588 3607 3657 patien-

2013 3689 2096 3735 ter
2124 3681 2357 3734 tnlerat?
2379 3680 2567 3733 Anima
2593 3682 2735 3734 enim
2775 3681 2941 3748 ipsius
2959 3681 3010 3734 in
3043 3689 3149 3734 tam
3181 3680 3341 3750 longo
3369 3689 3608 3749 tempore

2012 3770 2245 3838 majores
2268 3770 2318 3822 in
2344 3770 2688 3842 philosophia
2706 3784 3020 3839 progressus
3034 3770 3175 3834 fecit,
3197 3770 3248 3823 in
3275 3769 3602 3835 calamitate,

2013 3871 2282 3930 tamquam
2315 3861 2365 3914 in
2390 3859 2704 3915 conﬂatoria
2732 3860 2979 3924 fornace,
3019 3861 3241 3930 probata
3272 3877 3286 3913 :
3317 3869 3373 3914 et
3404 3860 3607 3928 majore

2011 3969 2132 4007 cum
2155 3953 2323 4022 gloria
2353 3954 2682 4008 curationem
2701 3953 3013 4022 reportavit.
3046 3952 3161 4005 Non
3189 3952 3330 4006 enim
3361 3952 3604 4021 angelus,

2009 4044 2103 4098 Sed
2131 4047 2357 4113 ipsemet
2385 4046 2694 4114 angelorum
2734 4045 2989 4099 Dominus
3022 4043 3171 4098 illum
3219 4043 3446 4097 sanavit.
3499 4042 3606 4098 Cur

2007 4144 2184 4188 antem
2213 4143 2494 4203 prmterea,
2514 4144 2572 4188 ut
2594 4151 2748 4189 suum
2775 4135 2876 4189 sibi
2904 4135 3098 4189 lectum
3125 4134 3360 4200 tolleret,
3377 4135 3608 4204 impera-

2009 4227 2121 4280 vit?
2147 4226 2320 4282 Unam
2349 4227 2565 4296 quidem
2599 4229 2866 4296 przecipuc
2893 4242 2956 4280 ac
2988 4227 3212 4295 primam
3239 4225 3309 4279 ob
3336 4240 3552 4279 causam
3584 4265 3601 4292 ,

2007 4328 2068 4372 ut
2093 4320 2146 4372 in
2177 4326 2448 4387 posterum
2479 4318 2732 4373 liberaret
2751 4319 2967 4373 Judaeos
2991 4333 3021 4372 a
3047 4319 3179 4387 legis
3205 4317 3602 4372 observatione.

2008 4409 2134 4463 Sole
2162 4408 2305 4463 enim
2337 4410 2388 4462 in
2417 4418 2759 4477 conspectum
2785 4425 2845 4464 se
2870 4410 3030 4464 dante
3049 4450 3064 4473 ,
3096 4425 3201 4463 non
3236 4418 3353 4464 erat
3381 4409 3608 4463 ulterius

2009 4500 2244 4554 lucerna:
2269 4499 2650 4556 adhaerendum
2673 4519 2686 4555 :
2712 4501 3038 4570 etpatefacta
3068 4502 3294 4556 veritate
3313 4543 3328 4568 ,
3358 4518 3466 4556 non
3490 4502 3602 4571 jam

2007 4601 2127 4645 erat
2154 4591 2528 4660 amplectenda
2554 4592 2741 4660 ligura.
2769 4593 2892 4647 Ideo
2912 4593 2955 4647 si
2981 4593 3196 4663 quando
3218 4595 3462 4649 solvebat
3484 4595 3620 4649 sab-

2009 4681 2214 4746 batum,
2248 4683 2539 4735 maximum
2570 4683 2621 4736 iu
2653 4699 2719 4737 eo
2758 4684 2844 4738 die
2870 4685 3081 4752 signum
3110 4685 3341 4741 edebat:
3388 4695 3448 4739 ut
3484 4686 3599 4755 ipsa

2007 4774 2276 4828 excellens
2293 4775 2535 4828 miraculi
2553 4775 2858 4844 magnitudo
2879 4777 3120 4831 videntes
3148 4776 3598 4845 obstupefaciens,

2006 4865 2263 4935 paulatim
2289 4865 2434 4919 illam
2467 4866 2561 4920 otii
2592 4908 2606 4930 ,
2634 4876 2688 4921 et
2715 4849 3032 4922 cessationis
3060 4869 3491 4923 observationem
3519 4869 3597 4921 la-

2005 4954 2281 5010 befactans
2321 4956 2589 5010 auferret:
2634 4957 2828 5012 deinde
2875 4973 3006 5013 vero
3049 4968 3107 5013 ut
3159 4960 3468 5014 Obstrueret
3509 4975 3600 5014 ora

2005 5046 2219 5100 illorum
2258 5048 2607 5116 impudentia.
2639 5049 2773 5103 Nam
2813 5050 3066 5119 quoniam
3094 5051 3146 5104 in
3173 5051 3475 5122 judicandis
3501 5054 3603 5106 mi-

2005 5139 2201 5192 raculis
2227 5139 2493 5195 malitiose
2518 5141 2766 5211 agebant,
2797 5153 2849 5196 et
2875 5144 3102 5211 gloriam
3130 5159 3331 5208 rerum,
3364 5160 3484 5215 quae
3509 5159 3598 5215 ge-

2004 5231 2564 5295 rebantur,calumniis
2580 5234 2866 5288 obscurare
2884 5235 3445 5303 conabantur,idcirco
3466 5247 3601 5291 tam-

2001 5335 2159 5387 quam
2187 5329 2442 5390 tropaeum
2464 5323 2731 5391 quoddam
2745 5334 2796 5378 et
2808 5335 3180 5394 argumentum
3194 5327 3434 5382 sanitatis
3455 5327 3599 5382 indu-

2001 5411 2217 5465 bitabile
2230 5413 2371 5466 illam
2387 5414 2506 5468 lecti
2523 5417 2870 5484 gestationem
2885 5433 2994 5487 pra:
3009 5433 3066 5474 se
3080 5418 3217 5472 ferre
3230 5419 3402 5490 ipsum
3417 5421 3596 5490 jussit,

2003 5519 2067 5555 ne
2099 5503 2148 5556 id
2167 5505 2305 5572 quod
2333 5505 2398 5559 de
2424 5521 2568 5561 casco
2595 5508 2860 5573 dicebant,
2891 5509 2958 5563 dc
2987 5510 3088 5565 hoc
3109 5527 3320 5581 quoque
3336 5512 3618 5568 dicerent.‘

2001 5593 2137 5658 Quid
2159 5603 2336 5649 autem
2362 5596 2430 5651 de
2455 5598 2545 5651 illo
2575 5599 2864 5653 dicebant?
2895 5600 2996 5654 llic
3017 5613 3107 5666 est,
3129 5620 3228 5655 non
3255 5613 3328 5656 est
3353 5604 3461 5670 hic,
3486 5605 3596 5670 ipse

1999 5694 2072 5749 est
2097 5683 2209 5756 (Id.
2259 5686 2312 5741 9.
2359 5688 2413 5741 8.
2439 5689 2515 5755 9).
2545 5683 2686 5760 Ergo
2715 5706 2780 5744 ne
2825 5692 2946 5745 talia
2973 5693 3188 5762 quidam
3218 5694 3284 5749 de
3309 5694 3408 5748 hoc
3431 5704 3592 5748 etiam

2000 5776 2240 5832 dicerent
2269 5820 2283 5844 ,
2325 5779 2494 5835 lectus
2540 5781 2646 5836 alte
2683 5782 2924 5839 sublatus
2956 5798 3235 5841 accusator
3279 5787 3337 5842 lit
3378 5789 3586 5843 illorum

1998 5869 2364 5942 impudentire.
2422 5875 2566 5930 Licet
2601 5886 2862 5945 prmterea
2897 5880 3105 5935 tertiam
3134 5882 3416 5951 quamdam
3459 5900 3580 5938 can-
