4186 6326
643 437 743 490 807

645 565 758 608 sam
787 550 976 604 afferre
997 590 1012 615 ,
1042 548 1206 602 nihilo
1231 547 1292 600 iis
1317 560 1436 614 quae
1461 544 1601 598 dicta
1629 549 1755 596 sunt
1783 540 2058 593 leviorem.
2089 536 2220 590 Nam

650 643 985 713 utintelligas
1001 657 1105 694 non
1127 649 1295 696 artem
1319 637 1626 698 humanam,
1654 633 1748 688 sed
1771 631 2008 686 divinam
2033 637 2220 699 poten-

647 735 769 788 tiam
800 734 964 788 fuisse
992 774 1008 799 ,
1039 747 1158 804 qua:
1203 739 1371 789 totum
1421 727 1547 783 illud
1577 723 1902 796 prmstiterit,
1927 736 2080 778 suum
2111 720 2211 788 ipsi

644 825 838 879 lectum
865 822 1180 894 gestandum
1209 819 1456 890 injunxit,
1485 832 1626 872 vera:
1654 824 1812 884 atque
1839 814 2058 882 integrae
2087 809 2220 864 sani-

646 914 767 969 tatis
788 915 1074 968 maximam
1102 922 1157 967 et
1186 911 1519 980 perspicuam
1543 903 2052 962 demonstrationem
2078 915 2220 970 prae-

645 1004 804 1058 bens:
833 1012 888 1056 ut
914 1018 982 1056 ne
997 1003 1116 1072 quis
1144 1002 1574 1070 blaSphemorum
1607 998 1816 1052 illorum
1837 997 2040 1051 diceret
2067 1009 2220 1065 para-

643 1092 861 1164 lyticum
890 1094 1139 1158 simulate
1172 1102 1227 1147 et
1264 1092 1480 1146 Christo
1519 1089 1907 1160 gratiﬁcantem
1937 1087 2223 1143 efﬁnxisse

645 1183 818 1236 tenuis
844 1182 1116 1251 cujusdam
1146 1180 1790 1249 ambulationisspeciem.

714 1270 818 1324 Cur
839 1288 967 1325 onus
981 1271 1112 1326 illud
1125 1272 1258 1340 ferre
1265 1273 1474 1342 jusserit
1504 1267 2218 1339 paralyticum.—Pr0pterea

642 1373 777 1413 onus
800 1361 873 1414 illi
902 1360 1012 1414 suis
1036 1359 1308 1414 lerendum
1346 1359 1582 1414 humeris
1610 1359 1862 1428 iujunxit.
1898 1356 2011 1411 Non
2037 1357 2176 1410 enim
2200 1396 2218 1421 ,

643 1447 743 1501 nisi
775 1448 908 1502 bene
932 1449 1009 1502 illi
1034 1449 1271 1502 membra
1317 1449 1645 1502 consolidata
1674 1456 1883 1514 essent,
1934 1455 1988 1501 et
2013 1444 2222 1499 articuli

643 1540 808 1609 probe
830 1540 920 1594 [ixi
940 1581 956 1606 ,
990 1550 1187 1594 tantam
1221 1541 1415 1596 molem
1439 1550 1652 1610 portare
1677 1540 1912 1594 humeris
1943 1538 2220 1606 potuisset.

606 1653 608 1655 >
642 1630 722 1684 Ad
753 1629 864 1685 hzec
891 1633 1068 1686 omnia
1091 1632 1220 1686 illud
1245 1647 1455 1702 quoque
1471 1632 1706 1687 accedit:
1728 1629 2220 1694 ostendebatenim,

641 1720 798 1773 simul
827 1737 889 1776 ac
915 1720 1335 1792 Christusjussit
1360 1765 1374 1789 ,
1407 1723 1582 1778 omnia
1621 1722 1734 1776 ﬁeri
1763 1763 1778 1788 ,
1837 1732 1892 1777 et
1927 1723 2221 1784 discessum

642 1810 851 1878 morbi,
891 1821 946 1865 et
971 1813 1198 1866 reditum
1227 1815 1489 1872 sanitatis.
1521 1814 1732 1869 Etenim
1777 1812 1969 1868 medici
2008 1813 2222 1883 quidem

640 1899 1084 1956 tametsi'morbis
1130 1904 1378 1970 liberent,
1433 1922 1540 1960 non
1589 1916 1767 1960 tamen
1796 1906 1971 1966 subito
1997 1914 2223 1976 :egrotos

640 1988 975 2044 reduceread
999 1993 1278 2047 sanitatem
1312 1996 1485 2050 valent
1519 2012 1532 2048 :
1563 1997 1656 2051 sed
1685 1997 1842 2066 longo
1871 1997 2072 2066 pariter
2091 2005 2226 2052 tem-

643 2094 775 2148 pore
799 2091 957 2150 egent
978 2083 1043 2134 ad
1067 2083 1502 2139 instaurationem
1525 2102 1539 2149 ;
1569 2095 1622 2139 ut
1639 2086 1874 2155 reliquiae
1898 2086 2070 2140 morbi
2097 2101 2226 2155 pau-

648 2171 792 2221 latim
813 2187 842 2222 e
869 2186 1092 2240 corpore
1107 2174 1456 2243 cxpellantur,
1481 2185 1640 2245 atque
1662 2177 1959 2245 ejiciautur.
1979 2175 2225 2232 Christus

644 2269 818 2312 autem
849 2277 953 2313 non
983 2262 1090 2314 ita:
1130 2263 1223 2317 sed
1262 2265 1448 2317 eodem
1489 2267 1746 2335 temporis
1794 2277 2068 2322 momento
2097 2275 2152 2320 et
2194 2283 2222 2320 a

646 2350 831 2402 inorbo
858 2350 1097 2405 liberavit
1124 2394 1137 2417 ,
1166 2362 1218 2406 et
1246 2355 1526 2408 sanitatem
1559 2357 1806 2422 restituit,
1841 2365 1894 2412 et
1917 2359 2118 2413 nullum
2145 2361 2227 2413 in-

647 2443 962 2496 termedium
1018 2445 1320 2500 intercessit
1365 2456 1574 2517 tempus
1607 2467 1620 2502 :
1650 2450 1743 2504 sed
1773 2451 1931 2505 simul
1974 2461 2133 2521 atque
2161 2468 2225 2507 ex

645 2543 824 2584 sancta
852 2533 934 2585 illa
967 2534 1141 2603 lingua
1174 2536 1370 2604 prodiit
1395 2553 1544 2591 sacra
1572 2554 1692 2606 vox,
1717 2551 1772 2593 et
1799 2541 2015 2595 morbus
2043 2557 2074 2596 e
2102 2557 2224 2596 cor-

648 2636 774 2688 pore
791 2623 1007 2692 aufugit,
1031 2634 1084 2678 et
1099 2627 1318 2680 verbum
1342 2630 1510 2682 evasit
1535 2644 1688 2698 opus,
1709 2641 1761 2684 et
1792 2639 1896 2684 tota
1921 2631 2228 2687 invaletudo

646 2711 875 2780 undique
902 2715 1155 2784 profugit.
1182 2717 1245 2769 Et
1274 2719 1718 2786 quemadmodum
1751 2722 1942 2776 ancilla
1964 2725 2226 2793 quaepiam

644 2801 964 2858 seditionem
994 2821 1234 2870 movens,
1261 2823 1380 2860 cum
1413 2810 1640 2876 primttm
1667 2809 1938 2865 dominum
1969 2828 2122 2868 suum
2144 2815 2224 2867 vi-

645 2891 822 2956 derit,
855 2895 1157 2963 comprimit
1183 2911 1240 2951 se
1265 2899 1551 2969 ,reditque
1577 2896 1644 2954 ad
1673 2904 2077 2960 convenientem
2109 2921 2226 2959 mo-

645 2978 904 3046 destiam;
943 2984 1014 3036 ita
1056 2985 1213 3040 etiam
1263 2996 1448 3042 natura
1489 2991 1726 3058 corporis
1759 3031 1773 3054 ,
1804 2992 2026 3061 perinde
2073 3003 2231 3063 atque

646 3070 835 3122 ancilla
862 3073 1102 3140 qumdam
1129 3084 1253 3130 tunc
1273 3077 1586 3133 seditionem
1625 3095 1866 3147 movens,
1894 3091 1948 3136 et
1979 3084 2232 3139 inducens

647 3161 957 3232 paralysim,
977 3173 1254 3233 postquam
1273 3168 1542 3222 dominum
1566 3186 1718 3224 suum
1736 3173 1801 3224 ad
1820 3188 1878 3226 se
1893 3175 2230 3229 accedentem

647 3252 796 3317 vidit,
821 3253 886 3306 ad
910 3269 1061 3307 suum
1087 3255 1243 3311 rediit
1267 3257 1529 3324 ordinem,
1562 3275 1822 3330 suumque
1843 3263 2056 3317 modum
2082 3279 2231 3319 rece-

647 3343 744 3409 pit.
795 3344 968 3411 Atque
1025 3344 1136 3398 haec
1179 3348 1355 3401 omnia
1386 3363 1486 3402 vox
1517 3349 1628 3418 ipsa
1656 3351 1915 3418 prmstitit.
1949 3351 2064 3406 Non
2091 3356 2232 3408 enim

650 3433 785 3486 nuda
812 3444 964 3487 erant
982 3437 1162 3501 verba,
1186 3437 1278 3492 sed
1305 3440 1462 3493 verba
1494 3441 1584 3494 Dei
1612 3482 1627 3507 ,
1678 3439 1744 3496 de
1770 3443 1959 3511 quibus
1980 3445 2233 3514 scriptum

650 3535 731 3578 est
756 3543 767 3577 :
789 3524 1021 3579 Potentia
1034 3545 1187 3599 opera
1202 3547 1486 3584 sermonum
1504 3534 1612 3601 ejus
1625 3531 1772 3602 '(Joet
1812 3535 1864 3586 2.
1896 3533 2007 3603 Η).
2028 3536 2240 3590 Etenim

1349 432 1402 486 s.
1444 427 1722 494 JOANNIS
1759 420 2230 496 (:unvsos'rout
2273 422 2590 488 AltClllEP.
2633 385 3166 479 CONSTANTINDP.

3809 419 3920 480 sos

2325 549 2608 604 peccatores
2625 538 2762 591 Deus
2786 556 2885 591 non
2897 540 3038 591 audit
3059 557 3076 592 :
3090 541 3168 592 hic
3183 549 3348 592 autem
3361 544 3557 609 aperuit
3577 557 3711 596 meos
3732 543 3911 597 oculos

2330 623 2544 692 (Joann.
2562 626 2617 681 9.
2637 643 2684 680 υ.
2705 628 2912 697 30.5”.
2945 628 3095 693 Quod
3123 638 3301 684 autem
3329 630 3502 695 ali'ert,
3523 632 3630 686 tale
3653 632 3910 701 quiddam

2322 725 2422 770 est.
2451 717 2508 772 Si
2531 727 2889 789 transgressus
2904 729 3047 774 esset
3075 720 3267 790 legem,
3286 732 3590 792 peccasset:
3617 724 3662 779 si
3686 740 3908 794 peccas-

2322 815 2404 877 set
2436 848 2451 872 ,
2496 824 2601 863 non
2636 819 2835 864 tantum
2864 813 3126 880 potuisset
3153 830 3166 865 :
3207 813 3294 868 ubi
3320 815 3463 868 enim
3487 823 3756 883 peccatum
3787 855 3805 879 ,
3832 815 3906 870 ibi

2324 911 2430 950 non
2453 906 2534 951 est
2561 897 2710 953 locus
2724 899 3154 956 demonstrandae
3177 903 3449 970 potentias.
3464 904 3533 957 At
3562 904 3762 973 potuit:
3795 918 3906 958 non

2323 998 2450 1054 ergo
2488 987 2722 1055 peccavit
2759 999 3120 1058 transgressus
3161 992 3355 1062 legem.
3409 992 3614 1048 Eodem
3659 995 3824 1049 modo
3848 1004 3906 1050 es

2325 1073 2409 1130 hic
2454 1088 2868 1147 argumentatur.
2910 1082 3041 1138 Nam
3071 1098 3190 1138 cum
3221 1085 3432 1155 inquit,
3477 1084 3580 1152 Qui
3621 1101 3907 1141 messium:

2322 1166 2440 1235 fecit
2467 1207 2480 1230 ,
2514 1167 2614 1222 hoc
2638 1169 2981 1238 signiﬁcavit,
3017 1172 3156 1228 hunc
3183 1187 3336 1240 esse,
3367 1174 3459 1244 qui
3492 1177 3779 1242 potentiam
3810 1175 3908 1230 de-

2323 1259 2657 1322 monstravit,
2691 1260 2994 1331 idcircoque
3019 1264 3236 1320 minime
3259 1265 3475 1337 dignum
3503 1280 3624 1321 esse
3647 1307 3662 1333 ,
3688 1269 3777 1337 qui
3802 1268 3906 1323 cri-

2324 1345 2469 1400 mine
2491 1347 2698 1403 violatze
2715 1350 2847 1420 legis
2871 1360 3191 1411 arcessatur.
3216 1354 3355 1422 Quid
3387 1355 3545 1426 igitur
3571 1355 3670 1410 hi?
3707 1355 3806 1412 Ubi
3831 1367 3903 1410 est

2326 1435 2411 1488 ille
2430 1437 2602 1496 homo,
2617 1437 2707 1506 qui
2727 1437 2860 1493 didit
2873 1441 2987 1506 tibi,
3005 1441 3147 1500 Tolle
3165 1444 3431 1516 grabatum
3459 1456 3620 1514 tuum,
3637 1459 3687 1502 et
3701 1448 3906 1501 ambula

2330 1524 2440 1593 (Id.
2495 1529 2548 1582 5.
2601 1529 2714 1597 12).
2745 1531 2878 1586 Vide
2913 1536 3198 1592 amentiam
3242 1546 3402 1608 atque
3442 1549 3756 1608 stuporem:
3787 1540 3908 1596 vide

2324 1619 2557 1671 animum
2582 1629 2870 1677 tumentem
2899 1627 3220 1694 arrogantia.
3488 1677 3494 1680 .

2395 1707 2692 1763 lnvidorum
2735 1715 2956 1772 conditio
2999 1717 3182 1787 qualis.
3238 1747 3311 1759 --
3358 1718 3710 1775 invidentium
3763 1723 3908 1779 enim

2323 1798 2464 1852 oculi
2494 1800 2625 1854 nihil
2666 1816 2853 1856 sanum
2887 1805 3088 1869 vident,
3140 1807 3234 1863 sed
3269 1808 3395 1863 illud
3428 1818 3629 1864 tantum
3661 1811 3800 1866 unde
3828 1828 3912 1868 ca-

2325 1901 2452 1957 pere
2475 1905 2656 1945 ansam
2680 1902 2934 1960 possunt:
2959 1896 3224 1953 itidemet
3244 1898 3316 1954 hi.
3347 1898 3477 1953 Cum
3505 1901 3618 1965 ille,
3645 1903 3735 1971 qui
3758 1919 3910 1957 cura-

2327 1989 2412 2034 tus
2439 1991 2571 2046 erat,
2598 1993 2880 2055 utrumque
2936 1987 3106 2041 fassus
3129 1999 3272 2044 esset
3297 2030 3310 2054 ,
3357 1998 3412 2044 et
3436 2000 3680 2046 curatum
3707 2008 3767 2048 se
3791 2009 3912 2049 esse

2329 2079 2384 2124 et
2420 2069 2628 2140 jussum
2652 2074 2838 2129 tollere
2886 2077 3160 2145 grabatum
3189 2118 3207 2144 ,
3259 2079 3386 2133 illud
3437 2081 3651 2148 quidem
3696 2082 3912 2137 silentio

2325 2163 2698 2228 prmterierunt
2726 2205 2741 2228 ,
2789 2164 2890 2219 hoc
2936 2177 3113 2221 autem
3153 2171 3527 2238 protulerunt:
3576 2173 3914 2228 occultarum

2325 2252 2538 2319 quidem
2567 2254 2924 2320 miraculum,
2979 2257 3314 2325 praztendunt
3362 2271 3538 2314 autem
3561 2260 3770 2314 sabbati
3797 2262 3929 2316 dis-.

2327 2345 2665 2399 solutionem.
2703 2346 2817 2401 Non
2844 2349 2987 2402 enim
3009 2349 3278 2414 dixerunt,
3311 2351 3398 2404 ubi
3425 2351 3612 2420 estqui
3644 2360 3697 2406 te
3721 2366 3913 2406 sanum

2327 2431 2485 2487 fecit?
2512 2435 2618 2489 Sed
2664 2435 2763 2490 hoc
2800 2439 3082 2492 reticentes
3129 2439 3412 2495 dixerunt:
3459 2441 3554 2494 Ubi
3575 2451 3646 2494 est
3673 2443 3758 2510 qui
3783 2443 3916 2494 dixit

2329 2523 2416 2576 tibi
2440 2565 2454 2587 ,
2472 2524 2616 2578 Tolle
2629 2524 3079 2595 grabatumtuum,
3110 2537 3155 2581 et
3179 2529 3382 2581 ambula
3407 2529 3432 2582 .9
3460 2528 3516 2582 Is
3537 2542 3705 2582 autem
3729 2533 3917 2584 mest-ieb

2329 2615 2605 2669 but.Jesus
2653 2617 2785 2669 enim
2828 2617 3094 2670 declinavit
3130 2635 3164 2671 a
3201 2618 3346 2672 turba
3390 2621 3663 2673 constituta
3707 2621 3760 2673 in
3803 2622 3917 2674 loco

2331 2706 2434 2777 (Ib.
2465 2723 2512 2760 υ.
2543 2707 2655 2777 13).
2680 2707 2735 2762 Id
2768 2723 2894 2763 vero
2923 2710 3151 2763 maxima
3193 2719 3276 2765 est
3305 2711 3536 2766 hominis
3565 2712 3706 2767 illius
3729 2712 3918 2768 defen-

2329 2799 2430 2859 sio,
2462 2798 2513 2852 id
2526 2795 2723 2852 Christi
2750 2799 3096 2868 providentia:
3123 2801 3506 2857 demonstratio
3537 2821 3552 2857 :
3585 2814 3644 2857 ut
3671 2819 3792 2858 cum
3813 2820 3919 2859 au-

2329 2887 2492 2941 dieris
2517 2888 2861 2957 paralyticum
2884 2887 3026 2944 hunc
3050 2905 3155 2944 non
3179 2891 3366 2947 eodem
3389 2893 3548 2947 modo
3567 2908 3629 2948 ac
3649 2897 3922 2948 centurio-

2334 2993 2453 3032 nem
2472 2980 2772 3048 suscepisse
2787 2979 3155 3036 advenientem
3179 2981 3479 3050 Dominum,
3501 3001 3675 3055 neque
3693 2985 3921 3053 dixisse,

2339 3068 2434 3122 Dic
2459 3069 2604 3123 verbo
2631 3111 2646 3133 ,
2673 3080 2722 3123 et
2748 3071 3011 3125 sanabitur
3035 3089 3160 3141 puer
3180 3090 3316 3127 meus
3347 3075 3365 3144 (
3391 3073 3577 3129 Matth.
3607 3077 3659 3131 8.
3689 3076 3722 3130 8
3746 3080 3788 3146 ),
3810 3093 3921 3146 non

2333 3162 2502 3229 ipsum
2528 3161 2855 3216 inﬁdelitatis
2908 3164 3124 3218 nomine
3179 3163 3540 3231 condemnes,
3581 3167 3921 3237 quandoqui-

2332 3252 2454 3308 dem
2485 3253 2634 3309 illum
2658 3269 2764 3310 non
2795 3255 3182 3325 cognoscebat:
3211 3272 3314 3311 non
3345 3259 3486 3312 enim
3516 3259 3744 3322 sciebat,
3773 3261 3923 3330 quis-

2337 3359 2460 3397 nam
2513 3344 2603 3400 ille
2646 3355 2810 3400 esset.
2835 3345 2905 3400 Et
2940 3346 3209 3416 quomodo
3254 3362 3377 3403 eum
3419 3363 3576 3418 quem
3627 3365 3919 3419 numquam

2333 3433 2560 3500 viderat,
2589 3435 2869 3490 novisset?
2897 3435 3185 3505 Pr0pterea
3219 3436 3428 3492 dicebat
3457 3455 3472 3493 :
3519 3437 3792 3493 Hominem
3815 3456 3922 3494 non

2335 3524 2512 3588 habeo,
2534 3526 2620 3594 qui
2647 3526 2810 3578 mittat
2833 3541 2912 3578 me
2938 3526 2990 3579 in
3006 3525 3251 3595 piscinam
3271 3525 3484 3598 (10min.
3513 3529 3568 3583 5.
3596 3528 3673 3600 7).
3697 3529 3847 3596 Quod
3869 3531 3920 3588 Ii

649 3617 693 3669 si
724 3617 1035 3687 hominem,
1075 3636 1193 3674 cum
1221 3636 1324 3677 non
1354 3633 1526 3688 esset,
1557 3623 1796 3679 iecerunt
1819 3667 1833 3690 ,
1866 3626 2033 3681 multo
2069 3629 2230 3699 magis

2333 3631 2456 3672 eum
2480 3615 2734 3680 novisset,
2769 3615 3008 3684 profecto
3040 3613 3261 3688 piscina:
3286 3635 3348 3674 ac
3373 3619 3744 3678 descensionis
3776 3623 3924 3679 illius

653 3718 862 3776 putrem
889 3721 940 3763 et
969 3711 1196 3782 paralysi
1223 3713 1550 3769 laborantem
1577 3716 1875 3770 restituent.

723 3797 914 3853 Contra
941 3800 1208 3856 Anomaros
1232 3804 1474 3871 loquitur.
1504 3833 1579 3844 —
1610 3805 1866 3860 Hoc'loco
1891 3807 2119 3863 libenter
2147 3808 2229 3862 in-

651 3890 1032 3957 terrogaverim
1061 3906 1191 3958 eos,
1240 3894 1328 3961 qui
1355 3895 1564 3948 curiose
1603 3904 1883 3950 versantur
1905 3895 1959 3951 in
1988 3898 2235 3968 perscru-

654 3977 812 4031 tanda
830 3983 1062 4033 essentia
1101 3981 1225 4045 Dei,
1250 3984 1515 4051 quomodo
1539 3985 1816 4039 coiverunt
1840 3987 2080 4042 membra
2106 3989 2236 4045 illa?

651 4069 920 4135 quomodo
935 4070 1155 4124 solidata
1170 4083 1293 4126 sunt
1307 4074 1454 4126 ossa?
1473 4075 1740 4142 quomodo
1759 4084 2234 4146 temperamentum

655 4159 785 4214 illud
812 4163 1010 4216 ventris
1027 4161 1315 4216 resolutum
1341 4165 1646 4220 c0nvaluit?
1668 4181 1774 4237 quo
1799 4177 1954 4237 pacto
1982 4171 2131 4224 nervi
2151 4185 2238 4225 re-

656 4252 805 4306 missi
835 4268 1019 4308 rursus
1043 4257 1277 4310 contenti
1297 4260 1652 4326 exstiterunt,
1698 4268 1752 4314 et
1778 4261 1980 4330 deiecta
2014 4261 2238 4318 facultas

653 4345 992 4408 exsurrexit,
1037 4356 1093 4400 et
1132 4357 1310 4401 erecta
1355 4350 1474 4402 est?
1527 4351 1594 4404 At
1637 4365 1739 4405 n0u
1768 4361 1991 4420 possunt
2019 4355 2234 4408 modum

657 4433 798 4488 hunc
835 4433 1031 4490 dicere.
1077 4436 1216 4505 Ergo
1257 4437 1523 4494 admirare
1557 4451 1757 4496 tantum
1791 4442 1843 4496 id
1865 4443 2004 4512 quod
2029 4455 2236 4514 gestum

655 4534 768 4581 est:
813 4527 1030 4583 modum
1059 4539 1236 4584 autem
1274 4533 1481 4586 curiose
1523 4547 1591 4586 ne
1628 4534 1931 4604 investiges.
1975 4535 2236 4603 Quoniam

655 4617 817 4687 igitur
842 4620 1158 4690 paralyticos
1191 4663 1207 4690 ,
1237 4622 1376 4690 quod
1401 4623 1580 4691 jussus
1611 4631 1693 4678 est
1724 4666 1740 4690 ,
1785 4624 1907 4679 fecit
1930 4667 1944 4690 ,
1975 4637 2027 4680 et
2045 4626 2238 4680 lectum

656 4710 918 4777 sumpsit,
945 4707 1186 4766 videntes
1212 4713 1357 4766 illum
1388 4713 1555 4768 Judzei
1584 4715 1793 4773 dicunt:
1823 4715 2101 4768 Sabbatum
2136 4725 2241 4770 est:

656 4814 759 4852 non
793 4800 906 4853 licet
937 4800 1026 4854 tibi
1047 4802 1220 4856 tollere
1246 4803 1508 4874 grabatum
1534 4806 1586 4858 in
1611 4804 1814 4858 sabbato
1839 4803 2017 4873 (Joan.
2045 4808 2098 4861 5.
2128 4805 2237 4880 l0).

649 4891 789 4944 Cum
811 4892 1036 4949 adorare
1062 4911 1156 4964 par
1183 4907 1325 4952 esset
1361 4913 1482 4952 eum
1505 4940 1518 4963 ,
1549 4899 1638 4968 qui
1677 4898 1777 4953 hoc
1805 4899 2056 4953 ell‘ecerat
2074 4940 2088 4965 ,
2117 4915 2236 4955 cum

659 4981 911 5038 admirari
941 4984 1138 5040 factum
1161 5025 1176 5050 ,
1205 4987 1277 5040 illi
1303 5003 1430 5042 vero
1451 4989 1518 5042 de
1538 4989 1756 5042 sabbato
1780 4989 2082 5056 disserunt,
2116 5007 2241 5047 vere

658 5075 966 5130 excolentes
995 5077 1244 5143 culicem,
1275 5079 1536 5132 camelum
1567 5091 1744 5134 autem
1769 5081 2051 5150 glutientcs
2100 5084 2232 5149 Quid

661 5165 822 5233 igitur
875 5167 1002 5220 ille?
1040 5163 1136 5231 Qui
1167 5184 1244 5220 me
1279 5186 1458 5222 sanum
1490 5171 1641 5240 fecit,
1674 5172 1759 5224 ille
1785 5173 1909 5224 mihi
1930 5173 2059 5225 dixit
2082 5214 2096 5237 ,
2126 5176 2244 5227 tolle

661 5257 1096 5325 grabatumtuum,
1118 5261 1168 5322 et
1184 5259 1384 5312 ambula
1404 5259 1508 5329 (Ib.
1528 5277 1573 5313 υ.
1596 5262 1707 5331 Η).
1730 5261 1889 5317 Vides
1911 5272 2120 5332 gratum
2148 5263 2241 5315 ho-

660 5349 820 5403 minis
847 5352 1083 5405 animum
1105 5351 1130 5405 ‘I
1151 5350 1448 5406 Conﬂtetur
1475 5353 1739 5408 medicum
1761 5395 1776 5420 ,
1807 5361 1862 5408 et
1885 5353 2100 5424 dignum
2125 5368 2243 5408 esse

661 5442 1013 5512 legislatoreni
1039 5487 1052 5508 ,
1083 5446 1163 5499 cui
1191 5446 1512 5514 praecipienti
1531 5446 1661 5501 ﬁdes
1675 5445 1948 5502 habeatur.
1974 5447 2039 5500 Et
2061 5462 2244 5515 quem-

661 5537 944 5591 admodum
974 5539 1089 5594 illos
1111 5555 1283 5593 cacus
1310 5551 1622 5609 argumento
1647 5539 1930 5602 conclusit,
1965 5538 2033 5591 ita
2056 5547 2110 5591 et
2135 5538 2236 5591 hic.

663 5631 941 5696 Quomodo
967 5645 1141 5688 autem
1166 5635 1257 5689 ille
1287 5633 1590 5688 conclusit?
1629 5632 1882 5686 Dicebant
1909 5630 1955 5684 ei
1987 5671 2001 5694 ,
2029 5628 2148 5683 Non
2172 5638 2241 5682 est

663 5725 744 5777 hic
799 5725 946 5779 homo
1026 5743 1057 5778 a
1128 5725 1298 5780 Deo:
1365 5728 1484 5796 quia
1544 5724 1801 5779 sabbatum
1866 5739 1964 5776 non
2032 5722 2243 5776 custodit

668 5813 776 5886 (Id.
825 5813 879 5870 9.
913 5816 1177 5887 16).Quid
1233 5819 1391 5888 igitur
1424 5817 1553 5882 ille?
1591 5815 1792 5870 Scimus
1817 5856 1831 5882 ,
1877 5813 2079 5884 iuqmt,
2105 5813 2239 5882 quod

2337 3701 2657 3760 mentionem
2677 3721 2780 3758 non
2807 3707 3038 3773 fecisset,
3058 3708 3152 3761 sed
3178 3724 3243 3764 eo
3268 3709 3426 3766 modo
3450 3711 3624 3765 curari
3645 3713 3923 3780 postulas-

2337 3809 2438 3865 set,
2457 3814 2564 3870 quo
2589 3807 2645 3854 et
2669 3807 2886 3855 curatus
2926 3808 3028 3854 est.
3081 3800 3186 3855 Sed
3236 3801 3454 3870 putabat
3496 3818 3660 3857 unum
3709 3818 3830 3858 esse
3885 3821 3924 3862 e

2338 3891 2520 3947 multis
2549 3942 2564 3960 ,
2609 3905 2673 3946 ac
2699 3890 2900 3945 nudum
2931 3889 3237 3946 hominem:
3284 3900 3443 3962 atque
3479 3892 3680 3949 idcirco
3709 3896 3924 3951 usitata:

2337 3983 2580 4038 meminit
2603 3981 2914 4037 curationis.
2954 3981 3160 4036 Rursus
3189 3991 3366 4036 autem
3400 3981 3598 4037 Christi
3632 3985 3926 4054 providen-

2339 4073 2425 4127 tiae
2451 4071 2566 4127 haec
2589 4071 2975 4127 demonstratio
2995 4082 3116 4138 est,
3171 4071 3311 4141 quod
3347 4082 3592 4128 curatum
3619 4075 3920 4146 reliquerit,

2338 4179 2511 4233 neque
2546 4163 2596 4216 ei
2632 4176 2750 4217 sese
2778 4160 3107 4232 patefecerit.
3162 4163 3370 4218 Etenim
3412 4178 3480 4218 ne
3525 4167 3924 4233 suspicarentur

2336 4254 2526 4319 Judaai,
2549 4252 2880 4308 subdititium
2911 4267 3032 4308 esse
3068 4252 3209 4306 hunc
3235 4260 3446 4320 testem,
3478 4261 3637 4324 atque
3663 4255 3780 4311 hzec
3805 4256 3925 4312 ideo

2337 4349 2517 4402 dicere
2544 4388 2560 4414 ,
2588 4345 2727 4414 quod
2756 4345 3034 4413 praesentis
3065 4343 3264 4398 Christi
3292 4344 3540 4399 suasione
3567 4355 3876 4401 moveretur
3899 4387 3916 4411 ,

2341 4442 2483 4495 illius
2513 4439 2810 4509 ignorantia
2837 4445 2892 4491 et
2929 4435 3169 4490 absentia
3212 4433 3408 4490 Christi
3458 4435 3582 4491 huic
3633 4438 3923 4508 suspicioni

2341 4536 2514 4590 locum
2545 4549 2651 4587 non
2677 4532 2894 4586 dabant.
2922 4529 3096 4600 lnquit
3132 4529 3274 4584 enim
3304 4529 3680 4601 Evangelista:
3709 4529 3922 4586 Nescio-

2341 4627 2423 4680 bat
2448 4625 2559 4694 quis
2584 4633 2710 4677 esset
2739 4621 2844 4695 (Ib.
2870 4637 2917 4674 υ.
2951 4620 3062 4692 l3).

2412 4713 2466 4766 4.
2501 4711 2702 4764 Idcirco
2723 4724 2867 4774 eum,
2894 4707 2984 4777 qui
3017 4715 3232 4762 curatus
3253 4716 3368 4763 erat
3395 4747 3411 4773 ,
3450 4706 3624 4762 solum
3653 4747 3671 4775 ,
3705 4723 3769 4764 ac
3807 4711 3922 4766 sine

2341 4801 2490 4855 socio
2516 4800 2695 4866 mittit,
2725 4808 2782 4853 ut
2822 4784 3271 4868 quemadmodum
3317 4807 3576 4866 cuperent
3609 4838 3625 4861 ,
3681 4812 3922 4854 seorsum

2343 4891 2654 4947 adhibentes
2683 4931 2698 4955 ,
2741 4889 3114 4944 exaininarent
3154 4887 3295 4958 quod
3321 4886 3518 4941 factum
3541 4897 3657 4942 erat
3685 4929 3699 4945 .
3724 4897 3920 4944 etcum

2342 4991 2543 5037 certam
2572 4981 2649 5035 rei
2679 4979 3191 5034 demonstrationem
3216 4978 3549 5047 accepissent
3583 5019 3598 5042 ,
3631 4977 3698 5032 ab
3724 4980 3924 5048 impor-

2345 5084 2474 5127 tuno
2499 5070 2677 5126 furore
2703 5079 2996 5130 cessarent.
3043 5068 3329 5138 Propterea
3375 5068 3488 5134 ipse
3538 5068 3753 5136 quidem
3794 5070 3924 5123 nihil

2343 5163 2577 5233 loquitur
2600 5202 2615 5228 ,
2647 5176 2767 5216 eam
2795 5175 2924 5215 vero
2954 5175 3073 5229 qua:
3109 5174 3203 5228 per
3232 5174 3321 5213 res
3348 5159 3490 5229 ipsas
3512 5158 3569 5212 lit
3587 5158 3922 5215 demonstra-

2344 5260 2542 5310 tionem
2567 5256 2646 5311 eis
2681 5255 2920 5325 praebet:
2971 5267 3184 5323 quoquo
3224 5267 3409 5306 versus
3434 5252 3920 5306 manifestissimam

2344 5350 2596 5402 emittens
2615 5361 2822 5412 vocem,
2850 5353 2905 5400 et
2934 5343 3055 5398 tuba
3081 5343 3320 5413 qualibet
3342 5341 3648 5396 clariorem.
3676 5341 3750 5396 Ita
3781 5343 3918 5395 enim

2346 5441 2472 5494 nulli
2499 5440 2607 5509 jam
2637 5437 2925 5502 suspicioni
2947 5437 3048 5491 erit
3073 5433 3358 5487 obnoxium
3383 5432 3745 5486 testimonium
3772 5432 3917 5496 illud,

2349 5535 2547 5600 Quinte
2573 5549 2748 5586 sanun.
2772 5510 2906 5598 μὰ,
2931 5530 3017 5582 ille
3040 5526 3162 5578 mihi
3181 5526 3335 5588 dixit,
3357 5525 3496 5579 Tolle
3510 5521 3773 5593 grabatum
3785 5532 3920 5574 tuum

2345 5636 2390 5677 et
2442 5623 2644 5676 ambula
2683 5606 2806 5692 (Id.
2841 5637 2889 5673 υ.
2922 5619 2977 5673 Η
3001 5619 3040 5686 ).
3094 5614 3415 5683 Paralyticus
3460 5611 3516 5665 ﬁt
3553 5610 3873 5680 evangelista
3902 5649 3917 5676 ,

2349 5716 2598 5785 magister
2621 5711 2932 5773 inlidmum,
2958 5707 3194 5761 medicus
3221 5715 3274 5759 et
3300 5717 3475 5772 przeco
3500 5702 3565 5754 ad
3599 5701 3804 5754 illorum
3824 5699 3916 5753 de-

2351 5810 2512 5864 decus
2535 5816 2588 5861 et
2632 5803 3129 5862 condemnationem
3156 5842 3170 5867 ,
3203 5795 3440 5853 medicus
3470 5807 3579 5850 non
3612 5809 3742 5850 voce
3770 5835 3784 5860 ,
3820 5791 3911 5846 sed
