4186 6326
287 386 398 441 807

283 508 388 560 καὶ
416 503 595 577 τρίτον
639 488 832 567 εἰπεῖν,
877 501 986 554 τῶν
1021 504 1326 574 εἰρημένων
1355 504 1457 557 οὐκ
1491 504 1734 573 ἔλαττον.
1766 500 1884 556 Ἵνα

282 599 401 670 γάρ
451 598 652 670 μάθῃς,
703 597 786 650 ὅτι
849 597 950 650 οὐκ
991 596 1309 667 ἀνθρωπίνη
1355 598 1544 668 τέχνη,
1582 597 1718 651 ἀλλὰ
1764 597 1885 653 θεία

280 691 516 761 δύναμις
544 691 608 742 16
661 691 772 743 πᾶν
822 689 1137 760 εἰργάσατο,
1191 689 1480 744 ἐκέλευσεν
1515 689 1665 760 αὐτῷ
1695 689 1885 759 φέρειν

280 783 388 854 τὴν
419 783 632 851 κλίνην,
663 783 765 853 τῆς
785 782 1022 852 ἀληθοῦς
1058 784 1154 836 καὶ
1189 782 1518 854 εἰλικρινοῦς
1546 782 1756 851 ὑγιείας
1789 797 1886 850 με-

280 877 484 945 γίστην
513 859 667 950 [552]
693 877 948 949 παρέχων
975 875 1248 940 ἀπόδειξιν
1263 875 1360 928 καὶ
1387 875 1559 944 σαφῆ,
1593 875 1680 929 ἵνα
1708 889 1893 954 μήτις.

277 969 398 1022 τῶν
431 969 770 1040 βλασφήμων
805 967 1034 1034 ἐκείνων
1061 967 1218 1038 λέγῃ,
1248 967 1330 1019 ὅτι
1357 968 1886 1038 συνυποκρινόμενος

277 1059 316 1143 ρ
344 1061 715 1132 παραλυτικὸς
737 1061 834 1115 καὶ
861 1061 948 1132 τῷ,
976 1059 1198 1141 Χριστῷ
1229 1059 1616 1132 χαριζόμενος,
1648 1063 1778 1132 ἐσγη
1789 1059 1885 1131 μα-

275 1150 472 1206 τίσατο
501 1152 709 1223 βάδισιν
731 1150 916 1224 ψιλήν.
1237 1149 1245 1155 ’
1423 1154 1425 1156 ’

359 1297 458 1350 Διά
489 1295 651 1351 τοῦτο
682 1298 801 1358 ⁴καὶ¹
844 1295 1065 1367 φορτίον
1098 1295 1191 1348 ἐπί⁹
1239 1292 1349 1348 τῶν
1379 1292 1546 1364 ὤμων
1577 1287 1741 1346 αὑτοῦ
1791 1308 1885 1344 κε-

275 1389 434 1442 λεύει
484 1389 695 1458 φέρειν.
751 1389 817 1441 Εἰ
847 1387 957 1458 γὰρ
993 1386 1069 1458 μή
1098 1383 1167 1458 ἦν
1204 1387 1493 1458 πεπηγότα
1520 1383 1669 1455 αὐτῷ
1699 1381 1884 1446 καλῶς

276 1481 355 1535 τὰ
383 1480 545 1552 μέλη,
593 1479 690 1534 καὶ
743 1478 813 1532 τά
855 1475 1036 1550 ἀρθρα
1075 1477 1359 1548 σφιγέντα,
1397 1475 1498 1530 οὐκ
1545 1476 1612 1530 ἂν
1639 1472 1884 1546 ἠδυνήθη

279 1571 559 1641 βαστάσαι
603 1569 864 1625 τοσοῦτον
898 1570 1063 1638 ὄγκον
1094 1567 1188 1622 ἐπὶ
1219 1568 1330 1622 τῶν
1367 1567 1559 1639 ὤμων..
1598 1565 1711 1622 Καὶ
1739 1569 1885 1646 ,πρὸς

275 1650 495 1727 τούτοις
524 1663 582 1717 δὲ
611 1646 1332 1726 ἀπασικάκεῖνοέδείκνυτο,
1363 1662 1445 1714 ὅτι
1478 1661 1569 1731 ὑφ’
1595 1659 1886 1733 ἓνάπαντα

274 1757 516 1827 γίνεται,
569 1756 703 1809 ὅταν
758 1756 788 1808 6
818 1744 1056 1824 Χριστὸς
1107 1741 1441 1831 προστάττῃ,
1466 1752 1562 1807 καὶ
1591 1753 1883 1826 ἀπαλλαγὴ

273 1851 472 1914 νόσου,
504 1852 604 1904 καὶ
644 1847 859 1917 ὑγιείας
890 1846 1168 1909 ἐπάνοδος.
1210 1846 1275 1900 Ol
1308 1846 1407 1934 μέν
1433 1848 1544 1916 γάρ
1575 1847 1750 1918 ἰατροὶ
1777 1847 1886 1902 κᾶν

273 1945 637 2014 ἀπαλλάξωσι
684 1940 1034 2013 νοσημάτων,
1074 1939 1190 1992 ἀλλ’
1237 1939 1327 2008 ὑφ’
1382 1939 1441 1993 ἓν
1487 1940 1626 2011 πρὸς
1671 1940 1885 2010 ὑγίειαν

274 2039 654 2109 ἐπαναγαγεῖν
694 2035 787 2089 τὸν
834 2028 1225 2105 ἀρρωστοῦντα
1264 2032 1374 2106 τούκ
1427 2032 1723 2103 ἰσχύουσιν,
1765 2030 1883 2087 ἀλλ’

273 2133 468 2207 ἐτέρου
490 2132 704 2186 δέονται
763 2125 980 2200 μακροῦ
1021 2126 1239 2198 χρόνου,
1273 2125 1368 2179 τσῦ
1402 2125 1504 2203 τῆς
1536 2116 1880 2207 ἀναλήψεως,

272 2227 421 2282 ὥστε
438 2227 510 2292 τά
523 2223 757 2293 λείψανα
782 2221 885 2292 τῆς
912 2220 1226 2291 ἀρρωστίας
1269 2217 1414 2272 κατά
1451 2218 1649 2291 μικρὸν
1681 2220 1885 2285 ἀποξύ-

274 2336 368 2374 σαι
393 2317 493 2372 τοῦ
521 2315 779 2380 σώματος
830 2313 926 2366 καὶ
985 2310 1260 2386 ἐκϐαλεῖν.
1305 2310 1366 2362 '0
1405 2309 1461 2363 δὲ
1506 2307 1745 2382 Χριστὸς
1783 2314 1885 2383 οὑχ

271 2409 474 2475 οὕτως,
511 2407 626 2463 ἀλλ’
655 2409 715 2460 ἐν
741 2406 840 2476 μιᾷ
874 2401 1072 2474 καιροῦ
1108 2405 1256 2474 ροπῇ
1304 2402 1402 2455 καὶ
1441 2402 1542 2473 τῆς
1571 2399 1886 2474 ἀρρωστίας

273 2499 580 2572 ἀπήλλαξε,
611 2498 708 2552 καὶ
731 2497 840 2568 ,τὴν
870 2495 1084 2565 ὑγίειαν
1119 2484 1458 2564 ἐπανήγαγε,
1489 2493 1585 2547 καὶ
1611 2490 1775 2564 μέσος
1802 2496 1888 2548 οὐ-

272 2593 386 2657 δεὶς
419 2593 642 2662 ἐγένετο
671 2590 887 2662 χρόνος,
915 2588 1028 2641 ἀλλ’
1058 2587 1177 2657 ἀμα
1199 2587 1300 2656 τῆς
1328 2587 1490 2655 ἁγίας
1519 2584 1768 2658 γλώττης
1806 2585 1886 2651 ἐξ·

274 2686 555 2758 επήδησεν
578 2686 614 2756 ή
643 2682 766 2753 ίερά
795 2681 982 2752 ἐκείνη
1011 2680 1186 2750 φωνὴ,
1216 2679 1313 2732 καὶ
1338 2679 1399 2731 τὸ
1429 2677 1645 2749 νόσημα
1669 2679 1764 2731 τοῦ
1783 2679 1889 2732 σώ-

279 2797 454 2849 ματος
478 2777 833 2849 ἐδραπέτευε,
868 2777 964 2829 καὶ
998 2777 1027 2828 ό
1066 2775 1225 2843 λόγος
1255 2773 1418 2844 ἔργον
1451 2773 1818 2842 ἐγένετο,-καὶ
1851 2776 1886 2844 ή

274 2872 563 2942 ἀρρωστία
588 2871 742 2922 ’πᾶσα
770 2867 1038 2923 πάντοθεν
1073 2853 1461 2940 ἐθεραπεύετο.
1495 2857 1606 2919 Καὶ
1631 2867 1887 2938 καθάπερ

275 2962 585 3034 θεράπαινά
617 2978 702 3024 τις
736 2958 1108 3022 στασιάζουσα
1128 2999 1143 3023 ,
1193 2957 1416 3011 ἐπειδὰν
1452 2957 1538 3028 ἴδῃ
1571 2957 1664 3010 τὸν
1684 2957 1888 3028 ἑαυτῆς

273 3055 575 3126 δεσπότην,
606 3055 978 3116 συστέλλεται,
1012 3053 1107 3106 καὶ
1139 3053 1274 3125 πρὸς
1312 3046 1567 3120 εὐταξίαν
1592 3053 1690 3125 τὴν
1725 3071 1890 3125 προσ-

276 3148 519 3220 ήκουσαν
549 3145 912 3217 ἐπανέρχεται
931 3163 945 3176 ο
969 3143 1113 3198 οὓτω
1134 3145 1229 3199 καὶ
1259 3148 1292 3217 ή
1317 3128 1482 3216 φύσις
1504 3146 1598 3200 τοῦ
1631 3146 1888 3217 σώματος

274 3245 536 3316 καθάπερ
591 3243 899 3315 θεράπαινά
945 3260 1030 3307 τις
1081 3243 1205 3296 τότε
1256 3243 1619 3310 στασιάσασα,
1661 3244 1756 3296 καὶ
1788 3242 1888 3313 τὴν

277 3338 513 3409 πάρεσιν
567 3335 951 3408 ἐργασαμένη,
995 3327 1193 3407 ἐπειδὴ
1225 3335 1316 3388 τὸν
1354 3335 1633 3406 Δεσπότην
1661 3331 1768 3388 εἶδε
1793 3335 1887 3388 τὸν

278 3430 482 3499 ἑαυτῆς
520 3412 997 3500 παραγενόμενον,
1049 3429 1187 3500 πρὸς
1211 3428 1312 3500 τὴν
1350 3428 1560 3481 οἰκείαν
1582 3427 1887 3499 ἐπανῆλθεν

275 3513 555 3586 εὐταξίαν,
593 3521 689 3572 καὶ
727 3518 821 3572 τὸν
871 3519 1152 3590 πρέποντα
1202 3519 1411 3590 κόσμον
1463 3518 1718 3574 ἀνέλαϐε.
1775 3522 1887 3585 Καὶ

273 3602 452 3667 ταῦτα
481 3611 668 3665 πάντα
701 3612 734 3682 ή
784 3610 939 3681 φωνὴ
969 3612 1300 3682 εἰργάσατοο
1340 3611 1401 3664 ού
1434 3611 1546 3683 γὰρ
1563 3607 1631 3683 ἦν
1656 3611 1790 3682 ψιλά
1815 3611 1888 3665 τὰ

277 3709 523 3779 ῥήματα,
580 3705 720 3761 ἀλλά
770 3709 993 3779 ῥήματα
1044 3706 1206 3771 Θεοῦ,
1257 3707 1387 3776 περὶ
1426 3700 1742 3778 ὧν,φησιν,
1803 3709 1886 3760 ὅτι

287 3796 529 3868 Ἰσχυρὰ
556 3799 704 3870 ἔργα
756 3799 957 3866 λόγων
995 3801 1206 3854 αὐτοῦ.
1245 3801 1310 3853 Εἰ
1345 3800 1456 3872 γάρ
1495 3801 1597 3856 ούκ
1623 3800 1754 3856 ὄντα
1789 3802 1886 3856 ἄν·

275 3891 497 3961 θρωπον
519 3891 766 3962 ἐποίησε,
794 3889 974 3970 πολλῷ
999 3890 1199 3960 μᾶλλον
1213 3891 1565 3963 σαθρωθέντα
1592 3896 1686 3971 καὶ
1704 3893 1887 3950 διαλύ-

275 3981 442 4038 θιντα
482 3983 645 4039 πάλιν
678 3981 1098 4056 ἐπανὼρθωσεν.

355 4127 624 4185 Ἐνταῦθα
636 4127 809 4199 ήδέως
824 4121 889 4183 ἀν
904 4128 1134 4200 ἐροίμην
1149 4130 1279 4192 τοὺς
1293 4128 1884 4204 πολυπραγμονοῦντας

269 4220 369 4277 τοῦ
406 4221 547 4275 Θεοῦ
571 4223 674 4294 τήν
703 4218 922 4287 οὐσίαν,
961 4222 1080 4286 πῶς
1119 4223 1456 4294 συνῆλθε.τά
1492 4226 1632 4299 μέλη
1663 4229 1880 4296 ἐκεῖνα;

269 4305 394 4379 πῶς
424 4314 723 4383 ἐσφίγγετο
766 4311 835 4367 τά
864 4312 1036 4381 ὀστᾶ;
1082 4315 1201 4378 πῶς
1227 4317 1258 4370 6
1286 4317 1441 4380 τόνος
1464 4318 1568 4388 τῆς
1596 4321 1835 4393 γαστρὸς
1855 4325 1884 4376 6

268 4397 661 4478 διαλελυμένος
698 4405 1040 4478 ἐρρὼννυτο;
1084 4408 1200 4472 πῶς
1228 4407 1300 4463 τὰ
1332 4409 1680 4479 χαλασθέντα
1705 4393 1883 4485 νεῦρα

270 4498 442 4554 πάλιν
470 4497 758 4564 ἐτείνοντο,
775 4499 869 4551 καὶ
890 4499 925 4568 ἡ
947 4498 1353 4570 καταϐληθέἰσα
1373 4501 1607 4574 δύναμις
1626 4505 1886 4560 ἀνίστατο

271 4592 368 4646 καὶ
400 4589 755 4663 ἀνωρθοῦτο;
802 4591 942 4644 Ἀλλ’
973 4592 1075 4644 οὐκ
1124 4593 1190 4645 ἂν
1229 4592 1404 4664 ἔχοιεν
1431 4596 1494 4650 16
1529 4597 1649 4663 πῶς
1681 4600 1880 4657 εἰπεῖν.

270 4681 488 4739 Οὐκοῦν
517 4682 770 4754 θαύμαζε
818 4684 881 4737 16
929 4686 1303 4757 γεγενημένον
1319 4688 1500 4759 μόνον,
1535 4689 1611 4762 μή
1660 4707 1884 4764 περιερ-

270 4772 445 4844 γάζου
471 4773 566 4827 τὸν
591 4775 816 4846 τρόπον.
861 4775 1081 4847 Ἐπειδὴ
1131 4777 1311 4831 τοίνυν
1357 4780 1582 4851 ἐποίησε
1612 4783 1675 4837 16
1713 4803 1884 4856 προσ-

271 4865 493 4938 ταχθὲν,
527 4867 621 4920 καὶ
645 4866 745 4939 τὴν
774 4868 964 4940 κλίνην
991 4869 1209 4936 ἐλαϐεν,
1236 4872 1436 4938 ἰδόντες
1462 4875 1628 4933 αὑτὸν
1649 4878 1700 4932 οἰ
1747 4880 1881 4933 Ἰου-

268 4959 431 5027 δαῐοι,
447 4959 669 5028 λέγουσι
693 4977 708 4992 ο
740 4960 1045 5016 Σάϐϐατόν
1077 4963 1232 5029 ἐστι,
1266 4965 1367 5020 καί
1400 4965 1513 5023 οὐκ
1535 4969 1743 5036 ἔξεστί
1780 4988 1882 5026 σοι

270 5049 410 5128 ἆραι
426 5057 537 5112 τὸν
565 5055 900 5125 κράϐϐατον
920 5060 990 5112 ἐν
1014 5062 1311 5130 σαϐϐάτῳ.
1334 5050 1466 5119 Δέον
1495 5070 1880 5142 προσκυνῆσαι

269 5155 363 5210 τὸν
391 5155 789 5227 ἐργασάμενον,
818 5156 936 5210 δέον
967 5159 1245 5229 θαυμάσαι
1275 5163 1336 5215 16
1352 5166 1806 5238 γεγενημένον,οί
1823 5170 1881 5223 δέ

270 5250 403 5320 περὶ
440 5241 713 5303 σαϐὄάτου
759 5247 1115 5320 διαλέγονται,
1163 5254 1381 5326 άληθῶς
1423 5259 1474 5311 οἱ
1520 5259 1610 5314 τὸν
1639 5261 1881 5316 κώνωπα

269 5339 623 5407 διυλίζοντες,
675 5342 770 5395 καὶ
802 5342 901 5413 τὴν
937 5343 1185 5416 κάμηλον
1230 5349 1648 5416 καταπίνοντες.
1685 5354 1752 5408 Τί
1785 5351 1879 5411 οὖν

269 5432 520 5500 ἐκεῖνος;
568 5433 622 5486 Ὀ
655 5434 922 5503 ποιήσας
964 5455 1043 5505 με
1073 5438 1238 5508 ὑγιῆ,
1269 5440 1501 5511 ἐκεῖνός
1539 5465 1642 5515 μοι
1681 5445 1874 5516 εἶπεν,

270 5519 462 5595 Ἆρον
505 5526 614 5581 τὸν
640 5527 978 5596 κράϐϐατόν
1003 5548 1140 5600 σου,
1191 5534 1290 5588 καὶ
1337 5540 1665 5608 περιπάτει.
1715 5544 1877 5618 Ὁρᾷς

271 5619 698 5690 εὐγνωμοσύνην
759 5621 1086 5693 ἀνθρώπους
1134 5628 1390 5699 ὁμολογεῖ
1418 5633 1510 5687 τὸν
1548 5636 1753 5708 ἰατρὸν,
1782 5642 1877 5696 καὶ

271 5709 584 5806 ἀξιόπιστόν
612 5731 778 5806 φησιν
821 5712 960 5771 εἶναι
1004 5718 1100 5772 τοῦ
1139 5724 1563 5797 προστάγματος
1590 5730 1683 5784 τὸν
1709 5750 1874 5806 νομο-

251 5799 464 5886 θέτην·
515 5805 854 5881 καὶκῶσπερ
905 5811 1108 5891 αὐτοὺς
1144 5815 1172 5867 6
1203 5816 1406 5886 τυφλὸς
1464 5799 1869 5897 συνελογίσαξτο,

1029 385 1114 439 οε
1153 374 1431 442 CHRISTI
1473 354 1896 454 Munna,
1936 389 2214 446 comm
2254 381 2639 450 ANOWEOS.
2679 365 2796 449 im.

3483 401 3597 457 808'

1972 505 2136 559 οὕτω
2161 509 2255 562 καὶ
2275 503 2446 572 0610;.
2477 509 2602 574 Πῶς
2631 497 2688 578 δὲ
2727 511 2932 586 ἐκεῖνος
2970 512 3384 581 σ·.›νελογίσατο;
3429 515 3583 568 Ἕλε-

1991 606 2084 658 γον
2107 591 2277 662 αὐτῷ,
2298 594 2381 647 ὅτι
2423 592 2612 660 Οὗτος
2640 597 2673 647 ό
2700 593 3015 661 ἄνθρωπος
3037 597 3150 671 οὐκ
3189 595 3450 651 ἐστινέκ
3480 599 3586 654 τοῦ

1992 671 2164 734 Θεοῦ,
2189 672 2280 727 ὅτι
2328 672 2396 726 τὸ
2440 673 2746 727 σάϐϐατον
2775 676 2849 728 οὐ
2889 674 3071 743 τηρεῖ.
3122 675 3188 729 Τί
3216 671 3309 730 οὖν
3342 679 3586 743 ἐκεῖνοςς

1992 752 2269 823 Οἴδαμεν,
2289 755 2475 826 φησὶν,
2499 756 2586 823 ὅτι
2601 755 2965 826 ἁμαρτωλῶν
2985 760 3018 811 ό
3048 759 3191 824 Θεὸς
3212 761 3331 812 οὐκ
3361 759 3585 815 dvo/1158:.-

1989 832 2169 903 οὗτος
2190 834 2269 890 δὲ
2304 837 2515 906 ἤνοιξέ
2527 857 2648 909 μου
2676 839 2820 906 τοὺς
2844 841 3213 909 ὀφθαλμούς.
3255 844 3321 894 '0
3353 843 3412 896 δέ
3441 844 3586 913 λέγει

1987 920 2227 973 τοιοῦτόν
2260 923 2409 975 ἐστιν
2430 939 2444 953 ο
2470 923 2533 976 Εἰ
2551 923 2766 994 παρέϐη
2800 923 2894 976 τὸν
2920 924 3112 994 νόμον,
3143 926 3394 997 ἥμαρτεν
3413 943 3427 957 ο
3453 931 3502 981 εἰ
3530 929 3586 981 δὲ

1993 1020 2258 1074 ημαρτεν,
2288 1005 2389 1058 οὐκ
2406 1001 2472 1060 ἂν
2490 1006 2748 1059 τοσοῦτον
2767 999 2987 1076 ἴσχυσεν
3007 1022 3020 1036 ³
3040 1007 3170 1060 ἔνθα
3185 1007 3297 1078 γὰρ
3315 1009 3586 1082 ἁμαρτία.

1987 1085 2248 1151 ἐπίδειξις
2266 1088 2550 1158 δυνάμεως
2587 1091 2687 1142 οὐκ
2719 1089 2868 1143 ἔστιν
2887 1105 2901 1117 ·
2931 1088 3068 1144 ἀλλά
3098 1091 3194 1161 μὲν
3220 1092 3456 1162 ἴσχυσεν,
3487 1093 3587 1146 οὐκ

1989 1168 2141 1249 [553]
2155 1166 2264 1240 ἄρα
2285 1172 2502 1249 ἥμαρτε
2524 1172 2782 1243 παραϐὰς
2800 1174 2893 1227 τὸν
2917 1173 3102 1242 νόμον.
3129 1173 3286 1228 Οὕτω
3303 1173 3398 1228 καὶ
3432 1167 3593 1239 οὗτος

1988 1248 2392 1322 συλλογίζεταί.’
2416 1251 2490 1307 1‘6
2541 1254 2651 1326 γάρ
2707 1252 2905 1320 εἰπεῖν,
2937 1256 3001 1309 '0
3044 1257 3311 1324 ποιήσας
3328 1265 3406 1326 με
3423 1258 3585 1328 ὑγιῆ.

1985 1344 2145 1397 τοῦτο
2199 1346 2440 1417 ᾐνίξατο,
2497 1348 2580 1403 ὃτι
2624 1350 2673 1401 εἰ
2720 1342 2873 1412 0616;
2904 1350 3052 1402 ἐστιν
3104 1351 3133 1401 ό
3179 1350 3588 1421 ἐπιδειξάμενος

1984 1427 2234 1500 δύναμιν,
2279 1431 2356 1494 ὡς
2414 1431 2515 1503 ούκ
2541 1431 2622 1486 ἀν’
2644 1431 2729 1502 εῐη
2770 1431 2981 1495 δίκαιος
3010 1433 3356 1504 παρανομίας
3391 1432 3590 1506 ἐγκλή-

1989 1525 2155 1583 μασιν
2193 1505 2507 1580 ύπεύθυνος,
2526 1509 2794 1582 γίνεσθαι.
2828 1514 2895 1568 Τί
2925 1510 3018 1569 οὖν
3045 1512 3228 1581 οῦτοις
3269 1517 3394 1572 Ποῦ
3419 1517 3606 1570 ἐστιν’

1987 1599 2020 1649 ὁ
2046 1596 2358 1664 ἄνθρωπος
2369 1597 2607 1659 άείπὼν
2621 1614 2742 1661 σοι,
2757 1594 2941 1667 Ἆρον
2963 1599 3072 1653 τὸν
3089 1600 3426 1674 κράϐϐατόν
3449 1617 3589 1659 σου,

1987 1679 2087 1732 καί
2109 1679 2417 1748 περιπάτει
2431 1698 2450 1746 ;
2479 1683 2626 1754 Ὅρα
2651 1682 2750 1753 τὴν
2780 1684 3180 1755 ἀγνωμοσύνην
3201 1686 3297 1738 καὶ
3319 1685 3418 1756 τὴν
3448 1687 3586 1740 ἀναι-

1987 1761 2238 1834 σθησίαν,
2267 1765 2369 1836 ὅρα
2394 1765 2572 1838 ψυχὴν
2596 1763 2918 1832 ἀλαζονείας
2945 1767 3247 1839 γέμουσαν.
3299 1786 3304 1789 ·

2060 1908 2124 1960 Oi
2147 1905 2256 1978 γάρ
2285 1908 2394 1982 τῶν
2441 1908 2783 1979 φθονούντων
2827 1901 3099 1983 ὀφθαλμοὶ
3123 1911 3277 1984 ύγιές
3303 1913 3402 1982 μὲν
3439 1910 3592 1966 οὐδὲν

1989 1988 2302 2067 βλέπουσιν,
2351 1992 2475 2046 ὅθεν
2522 1991 2581 2046 δὲ
2637 1988 2755 2067 ἔστι
2784 1993 2956 2066 λαϐὴν
2989 1995 3175 2064 εὑρεῖν
3212 1995 3394 2066 μόνον.
3431 1995 3592 2065 Οῦτω

1985 2072 2082 2125 καὶ
2105 2065 2276 2139 οὗτοι,
2314 2074 2409 2128 τοῦ
2433 2065 3189 2149 θεραπευθέντος-ἀμφότερα
3216 2065 3590 2148 ὁμολογήσαν-

1986 2171 2099 2219 τος,
2137 2157 2233 2210 καὶ
2264 2157 2347 2210 ὄτι
2376 2156 2737 2230 ἐθεράπευσε,
2771 2160 2868 2212 καὶ
2901 2161 2984 2212 δτι
3011 2160 3300 2214 ἐκέλευσεν
3331 2157 3466 2232 ἆραι
3489 2161 3591 2232 τὴν

1987 2240 2200 2311 κλίνην,
2241 2240 2304 2293 16
2346 2244 2444 2312 μὲν
2475 2242 2826 2314 ἀπέκρυψαν,
2857 2243 2921 2296 16
2955 2243 3012 2296 δέ
3046 2239 3234 2318 εἷπον
3264 2247 3593 2318 ἀπέκρυψαν

1991 2323 2091 2394 μὲν
2131 2324 2195 2376 16
2239 2323 2450 2395 θαῦμα,
2480 2326 2885 2397 προϐάλλονται
2926 2327 2984 2380 δὲ
3025 2328 3126 2400 τὴν
3171 2330 3267 2382 τοῦ
3319 2330 3590 2385 σαϐϐάτου

1987 2409 2318 2476 παράλυσιν.
2372 2410 2446 2462 06
2501 2409 2611 2482 γάρ
2651 2406 2806 2463 εἷπον
2830 2423 2844 2436 ⁸
2893 2401 3010 2464 Ποῦ
3031 2410 3182 2468 ἔστιν
3207 2415 3235 2465 ό
3262 2416 3497 2484 ποιήσας
3533 2433 3592 2467 σε

1989 2491 2157 2560 ὑγιῆ;
2189 2491 2324 2544 ἀλλά
2383 2494 2712 2563 σιγήσαντες
2761 2495 2962 2558 ἐκεῖνο,
3004 2489 3181 2561 εἷπον,
3209 2495 3336 2550 Ποῦ
3357 2497 3532 2550 ἐστιν
3561 2502 3594 2550 ό

1986 2573 2172 2628 εἰπών·
2195 2591 2319 2638 σοι,
2345 2568 2535 2644 *Αρον
2571 2577 2681 2630 τὸν
2701 2575 3038 2646 κράϐϐατόν
3061 2594 3200 2644 σου,
3223 2578 3329 2632 καὶ
3358 2579 3592 2649 ﬁxura;

1992 2654 2183 2724 Οὗτος
2229 2658 2298 2712 δὲ
2342 2663 2456 2714 οὐκ
2505 2660 2636 2730 ᾔδει
2663 2678 2677 2693 ·
2729 2662 2763 2714 ό
2812 2661 2924 2731 γὰρ
2959 2662 3201 2730 Ἰησοῦς
3242 2662 3590 2727 ἐξένευσεν.

1990 2740 2180 2809 ὄχλου
2203 2742 2381 2808 ὄντος
2414 2744 2484 2796 ἐν
2507 2741 2589 2808 τῷ
2616 2745 2800 2807 τόπῳ.
2861 2743 3034 2798 Τοῦτο
3071 2736 3340 2815 ἀπολογία
3375 2746 3470 2800 τοῦ
3500 2748 3594 2802 ἀνα

1990 2824 2210 2895 θρώπου
2237 2826 2494 2897 μεγίστη,
2518 2820 2680 2880 τοῦτο
2710 2829 2811 2898 τῆς
2845 2827 2941 2880 τοῦ
2973 2827 3214 2900 Χριστοῦ
3263 2825 3593 2901 κηδεμονίας

1988 2908 2264 2973 ἀπόδειξις
2287 2925 2299 2937 ’
2333 2911 2424 2976 ἵν’,
2447 2912 2578 2962 ὅταν
2619 2911 2882 2983 ἀκούσῃς,
2906 2912 2989 2963 ὅτι
3019 2912 3469 2983 παραγενόμενον
3495 2913 3594 2968 αὺ-

1987 2991 2078 3044 τὸν
2095 2993 2194 3061 ούχ
2213 2993 2415 3062 ὁμοίως
2441 2995 2735 3059 ὑπεδέξατο
2750 2995 2828 3063 τῷ
2852 2996 3255 3067 ἑκατοντάρχῃ,
3272 2996 3392 3049 οὐδὲ
3416 2992 3598 3060 εἶπεν..
3640 3027 3644 3032 -

1989 3076 2240 3129 ὃτιΕίπὲ
2272 3079 2460 3146 λόγον
2494 3090 2543 3138 ε,
2579 3079 2679 3130 καὶ
2711 3077 3022 3147 ἰαθήσεται
3074 3082 3106 3132 ό
3154 3079 3297 3149 παῖς
3338 3097 3481 3148 μου,
3517 3081 3594 3152 μὴ

1991 3162 2380 3232 κατηγορήσῃς
2410 3160 2575 3214 αὑτοῦ
2610 3162 2892 3225 ἀπιστίαν,
2922 3163 3082 3233 εἴπερ
3113 3162 3214 3214 ούκ
3243 3162 3360 3232 ᾔδει
3387 3163 3587 3216 αὐτόν·

1989 3243 2109 3296 οὐδὲ
2143 3244 2253 3314 γὰρ
2289 3244 2404 3314 ᾔδει
2434 3246 2583 3308 ὅστις
2616 3245 2747 3314 ποτέ
2771 3241 2861 3316 ἦν.
2895 3245 3021 3309 Πῶς
3052 3246 3162 3316 γάρ
3196 3246 3360 3300 αὐτὸν
3392 3246 3591 3299 οὔποτε

1989 3327 2206 3398 πρῶτον
2237 3328 2361 3382 ἰδὼν
2400 3329 2706 3399 ήπίστατο;
2739 3330 2841 3383 Διά
2868 3329 3028 3383 τοῦτο
3065 3330 3273 3400 ἔλεγεν,
3313 3332 3438 3386 Οὐκ
3471 3331 3595 3400 ἔχω

1987 3412 2327 3482 ἄνθρωπον,
2377 3413 2480 3483 ἵνα
2523 3412 2695 3481 ,ϐάλῃ
2737 3430 2816 3484 με
2845 3417 2933 3480 εὶς
2964 3413 3079 3481 τὴν
3122 3413 3588 3482 κολυμϐήθραν·-

1985 3499 2166 3561 ὼςνεί
2206 3496 2326 3568 ᾔδει
2373 3498 2560 3560 αὑτὸν,
2599 3499 2699 3550 οὐκ
2753 3499 2817 3552 ἂν
2874 3497 3267 3569 κολυμϐήθρας
3318 3499 3590 3570 ἐμνήσθη,

1986 3581 2112 3635 οὐδὲ
2160 3581 2261 3651 τῆς
2319 3583 2436 3634 ἐκεῖ
2490 3581 2874 3645 καταϐάσεως,
2930 3580 3046 3634 ἀλλ’
3087 3580 3262 3645 οὕτως
3294 3582 3360 3636 ἂν
3389 3581 3590 3650 ἠξίωσε

1988 3663 2416 3735 θεραπευθῆναι,
2445 3665 2522 3728 ὼς
2543 3667 2638 3717 καὶ
2661 3664 3028 3736 ἐθεραπεύθη.
3056 3664 3195 3717 Ἀλλ’
3221 3664 3470 3734 ἐνόμισεν
3495 3663 3593 3718 ἕνα

1987 3747 2098 3800 τῶν
2129 3747 2342 3801 πολλῶν
2369 3748 2531 3801 αὑτὸν
2555 3743 2718 3809 εἶναι,
2740 3748 2836 3800 καὶ
2863 3748 3154 3819 ἄνθρωπον
3182 3747 3359 3817 ψιλὸν,
3385 3748 3478 3801 καὶ
3504 3747 3592 3801 διὰ

1986 3830 2149 3884 τοῦτο
2172 3831 2273 3902 τῆς
2323 3831 2598 3903 προτέρας
2629 3833 2876 3902 ἐμνήσθη
2919 3830 3241 3902 θεραπείας.
3291 3830 3592 3896 Ἀπόδειξις

1985 3914 2044 3966 δὲ
2077 3915 2180 3983 τῆς
2215 3913 2312 3967 τοῦ
2367 3913 2608 3985 Χριστοῦ
2662 3914 3014 3985 κηδεμονίας,
3066 3914 3230 3968 πάλιν
3269 3915 3592 3968 καταλιπεῖν

1986 4000 2079 4051 τὸν
2109 3997 2353 4063 ἰαθέντα,
2385 3999 2481 4050 καὶ
2501 3999 2577 4069 μὴ
2603 3987 2950 4069 καταστῆσαι
2980 3999 3177 4070 ἐκείνῳ
3195 3998 3351 4070 δῆλον
3372 4001 3588 4054 ἑαυτόν.

1989 4081 2110 4137 ’Ἰνα
2141 4083 2250 4152 γάρ
2279 4081 2355 4154 μή
2411 4081 2836 4137 ύποπτεύσωσιν
2867 4086 2916 4135 οἰ
2975 4083 3246 4146 Ἰουδαῖοι,
3271 4085 3354 4138 ὅτι
3385 4085 3600 4138 ὑποδο-

1986 4164 2205 4235 λιμαῖος
2234 4162 2302 4236 ἦν
2325 4157 2482 4229 0610;
2508 4167 2537 4218 6
2566 4168 2797 4237 μάρτυς,
2814 4169 2910 4219 καὶ
2933 4165 3029 4218 τοῦ
3054 4166 3294 4237 Χριστοῦ
3324 4169 3591 4238 παρόντος

1987 4249 2082 4302 καὶ
2127 4249 2412 4312 πείθοντος
2445 4249 2609 4304 αὐτὸν
2648 4250 2811 4302 τοῦτο
2840 4250 3050 4319 ἔλεγεν,
3086 4252 3281 4320 ἄγνοια
3304 4253 3399 4305 καὶ
3430 4252 3492 4305 16
3515 4251 3596 4323 μὴ

1986 4336 2242 4405 παρεῖναι
2281 4332 2490 4404 ταύτην
2532 4332 2727 4406 ἀνῄρει
2780 4333 2881 4405 τὴν
2929 4333 3200 4403 ὑποψίαν⁹
3258 4331 3383 4388 εἰπε
3425 4335 3535 4406 γὰρ
3561 4339 3601 4390 6

1987 4417 2406 4487 εὑαγγελιστὴς,
2433 4418 2517 4469 ὃτι
2544 4419 2668 4470 οὐκ
2711 4415 2844 4487 ᾔδει
2873 4418 3064 4472 αὑτὸν
3091 4421 3183 4485 τίς
3213 4419 3363 4472 ἐστι.

2054 4558 2122 4612 δ’.
2140 4559 2240 4613 Διά
2254 4559 2414 4632 τοῦτο
2433 4559 2595 4630 μόνον
2611 4561 2708 4614 καὶ
2730 4560 2853 4614 καθ’
2876 4562 3068 4623 ἑαυτὸν
3086 4563 3297 4633 πέμπει
3324 4563 3416 4616 τὸν
3433 4566 3584 4617 τεθε-

1990 4657 2165 4713 ραπευ
2174 4642 2359 4711 μένον,
2382 4642 2472 4696 ἴνα
2497 4642 2574 4706 ὡς
2607 4642 2932 4714 βούλωνται,
2963 4646 3280 4716 καταμόνας
3307 4647 3584 4715 λαϐόντες,

1986 4726 2324 4798 βασανίσωσι
2356 4726 2419 4780 16
2436 4726 2830 4798 γεγενημένον,
2860 4731 2957 4783 καὶ¹
2989 4730 3247 4795 λαϐόντες
3274 4733 3463 4805 ἱκανὴν
3491 4735 3595 4790 τοῦ.

1984 4809 2312 4884 πράγματος
2325 4810 2622 4878 ἀπόδειξιν,
2640 4811 2962 4866 παύσωνται
2982 4814 3082 4886 τῇς
3105 4816 3338 4885 ἀκαίρου
3363 4817 3582 4886 μανίας.

1983 4894 2084 4948 Διά
2111 4894 2271 4948 τοῦτο
2296 4894 2460 4957 αὐτὸς
2483 4895 2583 4965 μὲν
2603 4895 2754 4949 οὐδὲν
2789 4896 3111 4967 φθέγγεται,
3143 4899 3242 4970 τὴν
3275 4899 3331 4953 δὲ
3360 4900 3448 4953 διὰ
3477 4903 3587 4955 τῶν

1984 4979 2332 5051 πραγμάτων
2348 4980 2533 5044 αὐτοῖς
2543 4981 2826 5046 ἀπόδειξιν
2841 4985 3162 5054 παρέχεται,
3180 4985 3455 5056 πανταχοῦ
3474 5004 3587 5056 φω-

1981 5063 2080 5134 νὴν
2110 5063 2460 5135 σαφεστάτην
2495 5066 2678 5134 ἀφεὶς,
2710 5065 2804 5120 καὶ
2851 5067 3154 5136 σάλπιγγος
3199 5067 3593 5140 λαμπροτέραν

1983 5149 2224 5220 ἀπάσης.
2253 5146 2414 5200 Οῦτω
2429 5147 2647 5217 γὰρκαὶ
2673 5150 2990 5215 ἀνύποπτος
3016 5152 3205 5206 λοιπὸν
3231 5148 3300 5224 ἦν
3327 5154 3355 5223 ἡ
3385 5172 3585 5226 μαρτυ-

1986 5233 2169 5306 ρία,Ὀ
2199 5231 2464 5300 ποιήσας
2491 5226 2760 5304 με’ὺγιῆ,
2795 5236 3028 5303 ἐκεῖνός
3044 5254 3146 5306 μοι
3178 5238 3368 5302 εἶπεν,
3398 5235 3584 5309 τΑροι·

1980 5318 2088 5372 τὸν
2099 5315 2582 5387 κρὰϐϐατόνσου,
2595 5317 2924 5390 κιιίὕπαγε.
2944 5321 3004 5374 '0
3022 5321 3396 5394 παραλυτικὸς
3416 5326 3583 5387 εὐαγ-

1979 5414 2236 5486 γελιστὴς
2248 5415 2483 5485 γίνεται,
2502 5415 2820 5482 διδάσκαλος
2848 5417 2958 5472 τῶν
2979 5419 3248 5486 ἀπίστων,
3279 5421 3463 5492 ἰατρὸς
3488 5424 3583 5475 καὶ

1980 5498 2160 5571 κήρυξ
2193 5502 2274 5564 εἰς
2305 5501 2533 5555 ἐκείνων
2559 5502 2828 5574 αἰσχύνην
2858 5504 2952 5556 καὶ
2988 5504 3338 5575 κατάκριμα.
3372 5506 3580 5577 ἰατρὸς,

1978 5585 2100 5656 οὐχὶ
2125 5585 2216 5639 διὰ
2249 5587 2456 5656 φωνῆς,
2489 5586 2627 5642 ἀλλά
2649 5586 2716 5658 δι’
2733 5587 2934 5659 ἔργων,
2956 5589 3077 5659 οὐχὶ
3094 5588 3183 5642 διὰ
3207 5589 3404 5659 λόγων,
3441 5591 3580 5645 ἀλλὰ

1976 5669 2066 5725 διὰ
2104 5669 2213 5724 τῶν
2247 5670 2595 5742 πραγμάτων
2629 5672 2831 5726 αὐτῶν.
2871 5672 3026 5742 Σαφῆ
3065 5672 3177 5745 γὰρ
3210 5676 3301 5728 καὶ
3335 5676 3578 5747 ἀναμφι-

2043 5835 2059 5858 ⁸
2085 5837 2167 5886 Sic
2189 5837 2328 5886 edill.
2365 5837 2492 5899 Reg.
2522 5845 2575 5888 ει
2608 5838 2757 5910 savii.
2789 5838 2840 5887 in
2865 5852 3018 5901 marg.
3057 5839 3202 5903 λόγῳ.
