4186 6326
645 349 751 404 809

643 461 912 534 σσήτητον
946 461 1244 537 ἐπεφέρετο
1271 465 1370 539 τὴν
1404 460 1703 546 ἀπόδειξιν,
1734 473 1828 526 καὶ
1856 475 1991 546 ὅπερ
2019 473 2225 541 ἔλεγεν,

640 553 883 608 ἐδείκνυε
925 555 1015 609 δῑά
1050 557 1145 610 τοῦ
1187 559 1456 630 σώματος.
1506 544 1670 619 Μετὰ
1719 563 1909 621 ταῦτα
1959 544 2228 634 εὑρίσκει

635 644 828 700 αὐτὸν
843 650 877 701 ό
893 645 1046 721 [554]
1076 650 1338 718 Ἰησοῦς,
1361 654 1459 707 καὶ
1481 657 1644 726 λέγει
1663 656 1825 723 αὐτῷ
1840 675 1854 689 ·
1885 658 2028 725 Ἴδε,
2052 657 2229 726 ῠτιὴς

637 736 910 806 γέγονας,
945 741 1158 809 μηκέτι
1196 743 1520 814 ἁμάρτανε,
1561 749 1664 802 ἵνα
1685 749 1773 819 μὴ
1802 749 2008 819 χεῖρόν
2043 750 2102 803 τί
2127 764 2228 804 σοι

637 827 900 911 γένηται.
928 827 1080 894 Εἶδες
1109 833 1297 904 ἰατροῦ
1328 837 1522 904 σοφίαν
1543 854 1557 903 ;
1581 835 1722 904 εἶδες
1750 840 2077 911 κηδεμονίαν
2095 857 2109 905 ;
2128 839 2228 894 οὑκ

637 909 914 991 ἀπήλλαξε
960 923 1057 976 τοῦ
1100 923 1368 997 παρόντος
1406 931 1712 1001 νοσήματος
1741 909 1928 1003 μόνον,
1970 931 2108 985 ἀλλά
2132 933 2228 986 καὶ

637 1013 776 1082 πρὸς
821 1014 884 1068 τὸ
923 1015 1116 1085 μέλλον
1165 1019 1558 1088 ἀσφαλίζεται·
1599 1024 1695 1078 καὶ
1743 1025 1891 1096 μάλα
1929 1025 2221 1095 εὐκαίρως.

636 1103 768 1158 Ὅτε
791 1105 892 1176 μὲν
909 1107 1020 1178 γὰρ
1039 1104 1108 1180 ἦν
1134 1110 1227 1164 ἐπὶ
1246 1113 1346 1183 τῆς
1370 1113 1578 1186 κλίνης,
1603 1114 1756 1168 οὐδὲν
1781 1114 2022 1170 τοιοῦτον
2047 1112 2223 1180 εἶπεν,

636 1193 735 1248 οὑκ
763 1196 1068 1269 ἀνέμνησεν
1093 1199 1259 1257 αὑτὸν
1287 1204 1734 1276 ἁμαρτημάτων·
1763 1207 2093 1275 δυσάρεστος
2117 1204 2223 1277 γάρ

636 1299 756 1348 πως
802 1286 898 1340 καὶ
941 1289 1288 1366 ταλαίπωρός
1341 1296 1491 1350 ἐστιν
1516 1297 1576 1374 δή
1631 1297 1741 1351 τῶν
1799 1296 2224 1368 ἀρρωστούντων

643 1379 788 1451 ψυχή
809 1399 822 1411 ·
855 1383 946 1436 ὅτε
973 1384 1030 1437 δὲ
1057 1376 1308 1458 ἀπήλασε
1331 1390 1432 1460 τὴν
1467 1392 1816 1463 ἀρρωστίαν,
1835 1392 1925 1444 ὅτε
1957 1391 2097 1462 πρὸς
2125 1390 2225 1462 τὴν

637 1470 850 1538 ὑγίειαν
887 1474 1256 1547 ἐπανήγαγεν,
1308 1479 1399 1533 ὅτε
1451 1481 1555 1551 τῆς
1604 1482 1884 1553 δυνάμεως
1919 1482 2086 1536 αὑτοῦ
2130 1484 2223 1537 καὶ

634 1562 733 1632 τῆς
766 1564 1094 1635 κηδεμονίας
1120 1567 1269 1640 ἔργῳ
1292 1571 1392 1640 τὴν
1430 1572 1706 1638 ἀπόδειξιν
1734 1573 2069 1644 παρέσχετο,
2100 1574 2224 1626 τότε

635 1651 890 1726 εὔκαιρον
911 1660 1145 1711 τωιεῖται
1169 1661 1266 1730 τὴν
1295 1662 1607 1735 συμϐουλὴν
1631 1665 1853 1736 καὶιτὴν
1874 1666 2218 1737 παραίνεσιν,

633 1743 948 1810 ἀξιόπιστος
967 1748 1034 1800 δι’
1066 1750 1248 1803 αὐτῶν
1287 1753 1474 1807 λοιπὸν
1520 1755 1630 1808 τῶν
1656 1756 1834 1827 ἔργων
1874 1758 2217 1827 φαινόμενος.

635 1834 702 1888 Τί
730 1832 825 1889 οὖν
863 1839 1069 1902 ἐκεῖνος
1109 1842 1360 1916 ἀπελθὼν
1406 1845 1707 1917 κατάδηλον
1751 1829 2010 1918 ἐποίησεν
2058 1849 2220 1902 αὑτὸν

634 1929 746 1990 τοῖς
784 1927 1084 1997 Ἱουδαίοιςς
1122 1934 1429 1998 Κοινωνοὺς
1455 1937 1653 2001 αὑτοὺς
1685 1938 2006 2009 βουλόμενος
2033 1939 2221 1993 λαϐεῖν

631 2019 734 2089 τῆς
778 2020 1010 2092 ἀληθοῦς
1061 2024 1432 2090 διδασκαλίας.
1491 2029 1630 2082 Ἀλλ’
1685 2032 1881 2084 ἐκεῖνοι
1926 2031 2016 2084 διά
2061 2030 2222 2085 τοῦτο

633 2110 856 2179 ἐμίσουν
880 2113 1062 2179 αὑτὸν,
1087 2119 1242 2187 φησὶ,
1263 2119 1354 2172 καὶ
1372 2120 1616 2175 ἐδίωκον.
1655 2123 1918 2177 Ἐνταῦθά
1940 2140 2032 2193 μοι
2057 2139 2223 2193 προσ-

634 2205 817 2272 έχετεο
848 2205 1086 2264 ἐνταῦθα
1126 2211 1236 2281 γάρ
1285 2215 1314 2266 ό
1363 2214 1473 2276 πᾶς
1515 2215 1663 2284 ἐστιν
1702 2214 1873 2282 ἀγών.
1913 2215 2016 2268 Διὰ
2045 2215 2222 2269 τοῦτο

631 2293 884 2351 ἐδίωκον
935 2300 1151 2366 αὑτὸν,
1200 2302 1289 2355 ὅτι
1337 2305 1526 2360 ταῦτα
1569 2307 1759 2368 ἐποίει
1807 2307 1877 2360 ἐν
1922 2305 2217 2372 σαϐϐάτῳ.

638 2387 872 2459 Ἱδωμεν
889 2386 989 2444 οὖν
1025 2393 1145 2457 πῶς
1177 2396 1527 2464 ἀπολογεῖται
1547 2415 1560 2430 ’
1596 2399 1624 2451 ὀ
1657 2399 1767 2468 γάρ
1791 2400 1891 2469 τῆς
1922 2398 2221 2467 ἀπολογίας

633 2478 835 2547 τρόπος
855 2480 1128 2537 δείκνυσιν
1150 2489 1306 2557 ἡμῖν,
1334 2489 1445 2541 εἴτε
1469 2490 1580 2542 τῶν
1606 2491 2085 2562 ὑποτεταγμένων,
2111 2493 2221 2546 εἴτε

632 2569 743 2623 τῶν
777 2571 1081 2646 ἐλευθέρων
1121 2580 1290 2646 ἐστὶν,
1342 2581 1452 2634 εἴτε
1486 2583 1595 2636 τῶν
1624 2584 2078 2655 διακονουμένων,
2110 2587 2221 2639 είτε

631 2660 743 2714 τῶν
769 2664 1192 2727 ἐπιταττόντων.
1238 2673 1560 2744 Παρανομία
1597 2677 1830 2747 μεγίστη
1870 2678 2042 2730 ἐδόκει
2072 2675 2222 2755 ,εἶναι

632 2752 694 2806 τὸ
723 2759 1089 2828 γεγενημένον
1107 2778 1120 2790 ·
1149 2765 1244 2816 καὶ
1279 2767 1388 2837 γὰρ
1416 2767 1548 2831 ξύλα
1589 2771 1720 2822 ποτέ
1753 2787 1838 2833 τις
1867 2773 1924 2823 ἐν
1967 2752 2222 2842 σαϐϐάτῳ

635 2845 1183 2927 συλλέξαΐὲῌιθάσθη
1230 2858 1320 2912 διὰ
1353 2859 1526 2927 τοῦτο,
1565 2863 1647 2915 ὅτι
1685 2863 2047 2934 βαστάγματα
2096 2865 2223 2933 ἐφε-

639 2954 730 3009 ρεν
773 2942 832 2992 ἐν
865 2943 1143 3016 σαϐϐάτῳ.
1193 2949 1364 3003 Τοῦτο
1396 2952 1458 3006 τὸ
1509 2954 1652 3024 μέγα
1684 2957 1992 3027 ἁμάρτημα
2028 2960 2221 3010 ἐνεκαι-

633 3028 778 3084 λεῖτο
814 3034 847 3090 ὁ
875 3036 1132 3106 Χριστὸς,
1162 3041 1244 3094 ὅτι
1272 3042 1428 3097 ἔλυσε
1457 3044 1518 3098 τὸ
1559 3047 1849 3101 σάϐϐατον.
1882 3048 2105 3120 Ἷδωμεν
2129 3047 2223 3107 οὖν

634 3121 687 3175 εί
715 3126 982 3198 πρότερον
1023 3134 1356 3206 συγγνώμην
1397 3139 1540 3190 αίτεῖ
1577 3139 1655 3202 ὡς
1675 3140 1876 3204 ,δοῦλος
1909 3143 2002 3195 καὶ
2029 3144 2225 3197 ὑποτε-

635 3218 929 3287 ταγμένος,
971 3223 1004 3292 ἢ
1034 3223 1110 3287 ὼς
1137 3225 1391 3290 ἐξουσίαν
1419 3229 1557 3300 ἔχων
1589 3231 1685 3284 καὶ
1711 3233 1998 3286 αὑθεντίαν
2023 3235 2226 3288 ἐπιδεί-

635 3322 849 3374 κνυται,
876 3313 952 3375 ὡς
981 3316 1281 3387 Δεσπότης,
1313 3320 1408 3372 καὶ
1441 3322 1787 3393 ἐπικείμενος
1809 3323 1888 3393 τῷ
1916 3326 2087 3395 νόμῳ,
2131 3326 2226 3379 καὶ

636 3397 736 3462 τὰς
777 3402 1000 3467 ἐντολάς
1041 3408 1205 3470 αὑτὸς
1235 3409 1504 3475 δεδωκώς.
1547 3397 1672 3476 Πῶς
1717 3411 1810 3469 οὖν
1843 3416 2222 3485 άπολογεῖται;

635 3490 824 3560 φησίν·
880 3494 935 3545 Ὀ
980 3496 1186 3565 Πατήρ
1229 3517 1349 3567 μου
1377 3500 1489 3568 ἕως
1521 3503 1652 3572 ἄρτι
1696 3506 2016 3578 ἐργάζεται,
2060 3509 2225 3579 κάγὼ

634 3581 964 3652 ἐργάζομαι.
995 3583 1150 3652 Εἶδες
1187 3592 1508 3661 αὑθεντίαν;
1556 3597 1750 3650 Καίτοι
1792 3603 1839 3653 εί
1874 3601 2228 3655 καταδεέστε-

639 3687 732 3747 ρος
759 3675 852 3730 καὶ
879 3676 1117 3733 ἐλάττων
1136 3675 1204 3750 ἦν
1227 3682 1318 3735 τοῦ
1345 3672 1702 3757 llam-904,96):
1723 3689 1918 3744 ἔστιτὸ
1938 3694 2227 3764 εἰρημένον

636 3764 925 3834 ἀπολογία,
951 3769 1068 3822 ἀλλ’
1095 3771 1348 3844 ἔγκλημα
1393 3774 1579 3845 μεῖζον
1607 3781 1701 3832 καὶ
1728 3786 2034 3855 κατηγορία
2065 3787 2234 3855 χαλε-η

640 3857 910 3927 πωτέρα.-
943 3859 1116 3916 Ὅταν
1163 3863 1429 3937 γὰρ-ποιῇ
1477 3884 1584 3932 τις,
1631 3870 1660 3923 δ
1697 3851 1777 3941 τῷ
1820 3851 2028 3941 μείζονι
2065 3851 2226 3947 ’μόνῳ

627 3951 811 4029 ποιεῖν
857 3949 1090 4018 ἔξεστιν,
1134 3950 1253 4007 εἶτα
1286 3956 1457 4024 ἀλοὺς
1489 3961 1799 4028 ἐγκαλεῖται
1829 3969 1923 4019 καὶ
1949 3967 2120 4036 λέγει,
2145 3970 2227 4023 ὅτι

641 4325 736 4375 καὶ
759 4327 1094 4397 κατηγορίας
1114 4329 1415 4386 ὑπεύθυνον
1437 4336 1629 4390 ἐαυτὸν
1653 4325 1995 4409 καθίστησιν.
2036 4344 2229 4417 ’Υπερ-

643 4417 876 4488 ηφανίας
920 4420 1028 4490 γὰρ
1071 4425 1166 4474 καὶ
1208 4423 1529 4492 ἀλαζονείας
1570 4429 1711 4500 ἐστὶ,
1763 4433 1825 4486 τὸ
1848 4437 1966 4499 τοῖς
2011 4437 2228 4506 μείζοσι

640 4507 742 4577 τῆς
771 4507 924 4575 ἀξίας
955 4512 1252 4584 ἐπιχειρεῖν
1279 4519 1590 4589 πράγμασι.

712 4625 824 4677 Καὶ
862 4627 892 4678 ὁ
929 4627 1163 4703 Χριστὸς
1204 4630 1386 4686 τοίνυν
1433 4637 1483 4693 εί
1532 4638 1958 4712 καταδεέστερος
2003 4639 2092 4714 ἦν,
2128 4645 2231 4700 οὐκ

642 4709 713 4785 ἦν
754 4715 1023 4786 ἀπολογία
1064 4720 1126 4772 τὸ
1163 4720 1480 4794 λεγόμενον,
1527 4727 1645 4782 ἀλλ’
1694 4709 1951 4802 ἔγκλημα
2009 4709 2226 4806 μεῖζον

642 4808 833 4880 ἐπειδὴ
856 4809 913 4865 δὲ
941 4810 1054 4878 ἶσος
1079 4811 1229 4882 αὑτῷ
1248 4810 1338 4885 ἦν,
1364 4815 1454 4870 διά
1475 4817 1635 4876 τοῦτο
1657 4823 1758 4877 οὑκ
1779 4823 1928 4878 ἐστιν
1951 4825 2119 4900 ἕγκλη
2131 4847 2228 4900 μα.

647 4903 757 4962 Καὶ
795 4903 854 4975 εί*
889 4901 1165 4977 βούλεσθε,
1213 4909 1306 4962 ἐπὶ
1344 4912 1746 4984 ὑποδείγματος
1769 4915 1798 4969 ὃ
1827 4917 1970 4987 λέγω
2019 4925 2230 4994 ποιήσω

645 4996 898 5069 φανερόν.
936 4998 1025 5068 Τῷ
1058 4999 1266 5076 βασιλεῖ
1304 5006 1493 5079 φέρειν
1527 5008 1846 5080 ἁλουργίδα,
1869 5014 1965 5067 καὶ
1992 5015 2231 5088 διάδημα

645 5091 788 5162 ἔχειν
821 5090 914 5142 ἐπὶ
933 5092 1032 5161 τῆς
1057 5095 1298 5164 κεφαλῆς
1330 5097 1478 5167 μόνῳ
1498 5098 1727 5181 ἔξεστι-ν,
1762 5104 1932 5176 ἐτέρῳ
1956 5106 2012 5159 δὲ
2033 5108 2228 5165 οὑδενί.

658 5184 783 5239 Ἐἀν
807 5185 986 5237 τοίνυν
1011 5187 1153 5256 φανῇ
1175 5203 1259 5249 τις
1286 5188 1394 5242 τῶν
1420 5190 1632 5245 πολλῶν
1652 5194 1812 5248 τοῦτο
1838 5196 1900 5249 τὸ
1927 5200 2111 5270 σχῆμα
2137 5218 2233 5257 πε-

651 5276 978 5346 ρικείμενος,
1010 5273 1128 5330 εἶτα
1152 5279 1246 5332 καὶ
1274 5281 1354 5345 είς
1381 5281 1725 5354 δικαστήριον
1751 5289 2041 5360 ἑλκόμενος
2073 5293 2227 5365 λέγῃ,

645 5373 726 5423 ὃτι
771 5369 988 5443 Ἐπειδὴ
1014 5373 1041 5423 ό
1079 5371 1334 5440 βασιλεὺς
1378 5375 1537 5428 τοῦτο
1567 5378 1628 5430 τὸ
1671 5380 1857 5450 σχῆμα
1898 5383 2229 5454 περίκειται,

649 5461 737 5516 διὰ
785 5461 941 5515 τοῦτο
985 5462 1139 5532 κάγὼ
1181 5465 1526 5538 περίκειμαι,
1577 5470 1637 5522 οὑ
1670 5471 1830 5541 μόνον
1870 5476 1971 5529 οὑκ
2007 5477 2231 5548 ἀφίησιν

647 5555 835 5609 ἐαυτὸν
862 5557 962 5625 τῆς
996 5560 1350 5630 κατηγορίας,
1385 5561 1523 5616 ἀλλά
1551 5563 1645 5616 καὶ
1682 5564 1929 5633 μείζονος
1959 5570 2232 5636 κολάσεως

647 5642 743 5697 και
785 5648 1057 5718 τιμωρίας
1102 5650 1426 5725 καθίστησιν
1464 5655 1766 5711 ὑπεύθυνον
1799 5661 1877 5732 τῷ
1915 5663 2115 5737 τρόπῳ.
2134 5667 2234 5736 τῆς

649 5738 799 5815 [555]
834 5741 1147 5823 ἀπολογίαις.
1202 5746 1375 5802 Πάλιν
1411 5748 1472 5802 τὸ
1507 5751 1633 5816 τοὺς
1669 5746 1980 5825 αίσχέστους
2012 5757 2230 5827 ἀφεῖναι

1357 353 1414 410 S.
1456 352 1746 411 JOANNIS
1782 353 2225 412 CHRYSOSTOI

2329 356 2652 415 ARCHIEP.
2694 359 3245 418 CONSTANTINOP.

3821 361 3925 418 810

2330 476 2604 539 κολάσεως
2647 476 2743 530 καὶ
2778 477 3067 548 τιμωρίας,
3115 470 3228 529 οἷον
3273 473 3657 546 ἀνδροφόνους,
3691 472 3928 547 λῃστὰς,

2328 569 2748 642 τυμϐωρύχους,
2776 570 2874 623 καὶ
2894 571 3019 633 τοὺς
3047 570 3215 639 ἕτερα
3243 568 3469 622 τοιαῦτα
3495 565 3930 638 τετολμηκότας,

2333 660 2619 731 βασιλικῆς
2656 663 2772 715 ἐστι
2799 661 3112 732 φιλοτιμίας
3138 660 3327 732 μόνης.
3365 658 3482 714 Κᾶν
3513 659 3693 712 τοίνυν
3719 677 3806 724 τις
3838 662 3924 713 δι-

2331 756 2556 824 καστὴς,
2575 753 2667 806 τὸν
2683 754 3151 808 καταδικασθέντα
3176 754 3346 824 χωρὶς
3379 751 3666 822 βασιλικῆς
3693 751 3928 822 γνώμης

2316 849 2508 922 ἀφεὶς,
2540 850 2861 922 ἐγκαλῆται,
2902 851 2997 903 καὶ
3046 850 3315 917 λέγεικαὶ
3347 848 3528 913 αὑτὸς,
3571 849 3655 902 ὅτι
3701 847 3926 917 Ἐπειδὴ

2305 941 2420 992 Δκαὶ
2457 940 2712 1010 βασιλεὺς
2765 941 2983 1012 ἀφίησι,
3033 939 3192 1010 κάγὼ
3225 940 3455 1012 ἀφίημι,
3500 939 3562 993 οὑ
3615 940 3791 1011 μόνον·
3820 939 3925 992 οὑκ

2324 1030 2730 1087 ἀπαλλάττεται
2769 1033 2944 1104 τούτῳ
2989 1034 3067 1105 τῷ
3109 1035 3318 1104 τρόπῳ,
3366 1033 3505 1087 ἀλλά
3547 1031 3644 1085 καὶ
3690 1029 3926 1100 μείζονα

2327 1121 2550 1187 ἐξάπτει
2584 1125 2707 1178 καθ’
2757 1126 2950 1184 ἐαυτοῦ
2985 1127 3086 1194 τὴν
3119 1110 3324 1197 όργήνο
3360 1126 3457 1179 καὶ
3493 1124 3918 1205 μάλαείκότως.

2327 1218 2462 1271 Οὐδὲ
2491 1219 2598 1291 γὰρ
2627 1219 2834 1275 δίκαιον
2878 1224 2935 1275 ἐν
2972 1225 3094 1285 ταῖς
3125 1221 3483 1293 παροινίαιςι
3519 1221 3612 1273 ἐπὶ⁸
3659 1219 3760 1289 τὴν
3805 1217 3922 1269 τῶν

2329 1315 2594 1386 μειζόνων
2634 1318 2922 1393 αὑθεντίαν
2977 1318 3373 1382 ἀναϐαίνοντας
3419 1318 3548 1382 τοὺς
3596 1314 3922 1370 ὑποδεεστέ-

2328 1410 2474 1476 ρους,
2528 1409 2736 1462 ἐκεῖθεν
2794 1412 3008 1473 ἑαυτοῖς
3061 1409 3385 1482 πορίζεσθαι
3434 1409 3535 1480 τὴν
3592 1405 3915 1474 ἀπολογίαν,

2324 1496 2514 1568 ἐπειδὴ
2556 1498 2712 1551 τοῦτο
2756 1498 2928 1570 ὕϐρις·
2969 1501 3173 1570 μείζων
3221 1501 3368 1553 ἐστὶν
3397 1501 3476 1563 είς
3515 1499 3643 1562 τοὺς
3673 1494 3916 1567 ἐγχειρί-

2325 1601 2528 1652 σαντας
2567 1591 2752 1654 αὑτοῖς
2787 1591 2886 1660 τὴν
2920 1592 3118 1662 ἀρχήν.
3152 1590 3252 1645 Διά
3279 1591 3437 1645 τοῦτο
3462 1590 3528 1645 ἀν
3567 1590 3667 1660 μὲν
3694 1587 3919 1641 ὑποδεέ-

2325 1696 2514 1750 στερος
2604 1699 2722 1744 τις..
2741 1682 2998 1735 οὐδέποτε
3027 1682 3217 1738 τοῦτον
3244 1672 3647 1754 ἀπολογήσεται
3675 1681 3768 1734 τὸν
3788 1678 3918 1750 τρό-

2325 1791 2458 1826 πον·
2493 1773 2596 1826 ἐάν
2632 1774 2690 1827 δὲ
2722 1774 2977 1844 βασιλεὺς
3000 1777 3095 1830 καὶ
3128 1778 3230 1847 τῆς
3266 1776 3440 1846 αὑτῆς
3466 1773 3541 1829 ὢν
3564 1775 3744 1840 ἀξίας,
3777 1770 3922 1842 μετά

2324 1867 2639 1938 παρρησίας
2657 1865 2818 1930 τοῦτο
2847 1870 2984 1940 ἐρεῖ.
3015 1870 3106 1932 Ὠς
3124 1870 3234 1939 γάρ
3252 1870 3286 1938 ή
3308 1869 3408 1939 τῆς
3436 1867 3612 1939 ἀρχῆς
3635 1865 3735 1941 μιᾳ
3751 1865 3921 1935 ὕπερ·

2322 1959 2456 2030 οχή,
2497 1957 2640 2011 οὑτω
2687 1958 2782 2012 καὶ
2835 1960 2868 2030 ἡ
2903 1959 3125 2024 ἐξουσία
3160 1960 3259 2030 μία
3299 1959 3508 2026 γένοιτο
3545 1957 3619 2011 ἂν
3665 1955 3916 2018 είκότως.

2325 2048 2490 2103 Ὥστε
2535 2051 2602 2106 ἂν
2641 2054 2783 2123 φανῇ
2832 2068 2918 2113 τις
2961 2049 3145 2116 οὕτως’
3185 2050 3642 2121 ἀπολογούμενος,
3699 2048 3918 2116 ἀνάγκη

2322 2136 2475 2198 nica
2495 2144 2597 2214 τῆς
2617 2145 2786 2213 αὐτῆς
2811 2144 3008 2209 ἀξίαςι³
3039 2140 3180 2198 εἶναι
3204 2143 3420 2214 ἐκείνῳ,
3451 2138 3511 2196 οὑ
3540 2141 3638 2212 τὴν
3658 2140 3920 2214 ’ἐξουσίαν

2323 2237 2461 2308 ὑπὲρ
2489 2215 2683 2292 ἐαυτοῦ
2713 2237 3098 2308 προϐάλλεται.
3137 2236 3347 2290 Οὐκοῦν
3377 2235 3566 2304 ἐπειδὴ
3599 2234 3695 2286 καὶ
3725 2235 3753 2284 ὁ
3781 2233 3920 2303 Χρι-

2324 2325 2448 2390 στὸς
2485 2326 2657 2391 οὑτως
2700 2328 3175 2400 ἐδικαιολογήσατο
3213 2326 3350 2409 προς
3395 2324 3704 2386 Ἰουδαίους,
3737 2324 3918 2392 ἀναμ-

2325 2418 2672 2490 φισϐητήτως
2697 2422 2830 2490 ἡμῖν
2853 2420 3157 2484 ἀπέδειξεν,
3188 2421 3270 2471 ὅτι
3295 2417 3397 2488 τῆς
3418 2417 3591 2486 αὐτῆς
3621 2415 3778 2479 ἀξίας
3800 2415 3920 2468 ἐστὶ

2322 2510 2401 2581 τῷ
2426 2512 2620 2582 Πατρὶ.
2650 2513 2762 2564 Καὶ
2792 2512 3213 2582 μεταγάγωμεν,
3238 2510 3478 2591 είνδοκεῖ,
3511 2508 3574 2560 τὸ
3604 2506 3922 2574 ὑπόδειγμα

2325 2602 2418 2656 ἐπὶ
2455 2603 2525 2656 τά
2567 2606 2790 2674 ῥήματα
2824 2605 2918 2658 τοῦ
2949 2603 3210 2676 Χριστοῦ,
3242 2604 3336 2656 καὶ
3363 2603 3426 2655 τὺ
3455 2601 3616 2673 ἔργον
3643 2600 3782 2670 ὅπερ
3806 2596 3924 2668 εἰρ-

2323 2695 2548 2761 γάσατο.
2584 2696 2767 2748 Ἔστω
2795 2696 2974 2750 τοίνυν
3002 2695 3064 2747 τὸ
3097 2694 3214 2764 μετ’
3240 2689 3487 2757 ἐξουσίας
3513 2690 3676 2744 λῦσαι
3699 2688 3760 2740 τὸ
3789 2687 3922 2741 6&6-

2323 2787 2506 2854 ϐατον,
2546 2789 2686 2858 ὅπερ
2715 2791 2747 2857 ἡ
2787 2788 3047 2859 ἁλουργὶς
3075 2788 3170 2840 καὶ
3199 2786 3262 2838 τὸ
3284 2785 3522 2855 διάδημα
3556 2781 3732 2836 καὶτὸ
3763 2777 3924 2850 ἀφιέ-

2325 2897 2414 2933 ναι
2441 2882 2566 2944 τοὺς
2598 2880 2954 2944 ὑπευθύνους.

2396 2975 2610 3047 ’Ὠσπερ
2639 2972 2732 3030 οῦν
2753 2977 2940 3032 ἐκεῖνα
2965 2975 3042 3045 τῷ
3073 2974 3281 3045 βασιλεῖ
3312 2971 3458 3044 μόνῳ
3484 2969 3715 3034 ἔξεστιν,
3741 2964 3923 3020 οὐδενὶ

2323 3069 2380 3122 δὲ
2401 3067 2544 3139 ἄλλῳ
2560 3068 2670 3122 τῶν
2686 3069 3085 3140 ὑποκειμένων,
3109 3067 3204 3121 ἐάν
3227 3067 3284 3118 δὲ
3308 3065 3451 3135 φανῇ
3467 3081 3550 3126 τις
3569 3061 3737 3114 ποιῶν
3755 3059 3919 3120 αὑτὰ,

2328 3162 2423 3215 καὶ
2456 3162 2680 3227 δικαίως
2710 3164 2902 3226 ποιῶν,
2941 3163 3153 3232 ἀνάγκη
3200 3161 3450 3214 κάκεῖνον
3483 3157 3710 3227 βασιλέα
3739 3149 3919 3212 εἶναι·

2325 3252 2468 3305 οὑτω
2496 3251 2558 3324 δὴ
2587 3253 2679 3306 κοιλ¹
2707 3254 2964 3318 ἐνταῦθα,
2995 3253 3181 3323 ἐπειδὴ
3205 3253 3452 3320 φαίνεται
3486 3249 3602 3320 μετ’
3630 3247 3923 3308 αὑθεντίας

2326 3346 2497 3399 ταῦτα
2528 3346 2700 3400 ποιῶν
2732 3349 2760 3398 ὁ
2789 3346 3044 3417 Χριστὸς,
3091 3342 3211 3397 εἶτα
3247 3342 3647 3412 ἐγκαλούμενος
3680 3340 3774 3392 τὸν
3805 3339 3924 3392 11¢-

2325 3439 2463 3508 τέρα
2504 3437 2867 3508 προϐάλλεται
2915 3428 3111 3504 λέγων,
3169 3435 3228 3488 '0
3281 3435 3474 3503 Πατήρ
3526 3450 3626 3502 μου
3656 3433 3761 3493 ἓως
3795 3433 3924 3501 ἄρτι

2329 3531 2651 3603 ἐργάζεται,
2670 3529 2886 3600 ἀνάγκη
2907 3531 3057 3581 πᾶσα
3085 3527 3180 3580 καὶ
3199 3525 3391 3603 τοῦτον
3422 3528 3536 3579 ίσον
3563 3520 3702 3577 εῖναι
3725 3523 3926 3592 ἐκείνῳ

2328 3623 2406 3694 τῷ
2437 3622 2573 3693 μετά
2601 3622 2887 3684 αὑθεντίας
2933 3619 3194 3672 ποιοῦντι.
3241 3618 3318 3670 Οὑ
3352 3617 3462 3686 γὰρ
3491 3611 3579 3679 ἆν,
3612 3617 3660 3667 εί
3704 3615 3779 3684 μὴ
3810 3614 3926 3677 τσος

2327 3712 2395 3786 ἦν
2415 3713 2584 3784 αὑτῷ,
2609 3712 2784 3784 τούτῳ
2803 3714 2901 3784 τῆς
2921 3711 3289 3778 δικαιολογίας
3319 3710 3592 3790 ἐχρήσατο
3614 3708 3690 3776 τῷ
3709 3707 3921 3777 τρόπῳ.

2329 3809 2440 3862 Καὶ
2462 3807 2549 3861 ἵνα
2579 3805 2912 3876 σαφέστερον
2950 3803 3156 3874 μάθητε
3183 3803 3246 3854 τὸ
3281 3801 3597 3882 λεγόμενον,
3635 3799 3836 3852 ἔλυσαν
3864 3799 3926 3850 τὸ

2331 3899 2601 3954 σάϐϐατόν
2627 3914 2759 3951 ποτε
2785 3897 2834 3949 οί
2864 3895 3104 3965 μαθηταὶ
3124 3895 3182 3948 ἐν
3203 3891 3284 3963 τῷ
3306 3891 3506 3966 τίλλειν
3527 3892 3654 3953 τοὺς
3684 3889 3925 3960 στάχυας

2329 3992 2424 4045 καὶ
2457 3989 2670 4042 ἐσθίειν,
2703 3988 2762 4040 ἐν
2800 3985 3061 4053 σαϐϐάτῳ
3082 4000 3096 4011 ·
3151 3983 3310 4056 ἐλυσε
3344 3982 3438 4034 καὶ
3475 3981 3641 4043 αὑτὸς
3671 3980 3798 4034 νῦνο
3840 3981 3934 4046 ἐνί

2208 4103 2223 4128 ν
2330 4083 2596 4138 εκάλεσαν
2613 4079 2886 4141 κάκείνοις
2900 4078 2949 4130 οί
2977 4077 3240 4140 Ἰουδαῖοι,
3264 4074 3590 4128 ἐνεκάλεσαν
3614 4075 3707 4126 καὶ
3724 4073 3922 4143 τούτῳ.

2335 4177 2563 4245 Ἰδωμεν
2596 4172 2714 4235 πῶς
2742 4172 2840 4242 μὲν
2873 4171 3015 4240 ὑπὲρ
3042 4169 3266 4222 ἐκείνων
3316 4167 3685 4235 ἀπολογεῖται,
3722 4161 3927 4230 πιῖιςδέ

2332 4268 2475 4337 ὑπὲρ
2505 4267 2700 4318 ἐαυτοῦ
2722 4280 2735 4293 ·
2775 4263 2860 4316 ἵνα
2887 4263 2954 4315 ἐκ
2974 4261 3078 4330 τῆς
3107 4261 3375 4329 διαφορᾶς
3395 4257 3496 4328 τὴν
3524 4259 3802 4330 ὑπεροχὴν
3832 4257 3926 4311 καὶ

2329 4357 2432 4428 τὴν
2463 4355 2759 4424 ἀπολογίαν
2786 4353 2952 4407 αὑτοῦ
2996 4352 3198 4424 μάθῃς.
3236 4352 3361 4413 Πῶς
3386 4347 3480 4404 οὖν
3513 4351 3657 4422 ὑπὲρ
3695 4351 3925 4404 ἐκείνων

2330 4449 2709 4517 ἀπολογεῖται;
2731 4449 2854 4501 Οὐκ
2887 4445 3185 4515 ἀνέγνωτε
3216 4445 3272 4497 τί
3297 4443 3551 4510 ἐποίησε
3585 4443 3788 4507 Δαυῖδ,
3828 4443 3927 4498 ὅτε

2330 4540 2686 4604 ὲπείνασεν;
2723 4538 2892 4592 Ὅταν
2924 4538 3021 4608 μὲν
3055 4536 3163 4608 γὰρ
3194 4535 3334 4608 ὑπὲρ
3360 4534 3470 4588 τῶν
3498 4533 3700 4587 δούλων
3731 4536 3927 4590 ἀπολο-

2331 4637 2516 4705 γῆται,
2548 4632 2642 4685 ἐπὶ
2684 4631 2777 4684 τὸν
2813 4621 3096 4685 σύνδουλον
3129 4628 3311 4682 αὑτῶν
3345 4627 3685 4696 καταφεύγει
3729 4629 3920 4683 Δαυϊδ’

2329 4727 2458 4780 ὅταν
2488 4725 2544 4780 δέ
2571 4725 2708 4795 ὑπὲρ
2735 4723 2950 4787 ἐαυτοῦ,
2983 4723 3077 4775 ἐπὶ
3107 4721 3198 4775 τὸν
3229 4719 3451 4790 Πατέρα
3495 4720 3689 4788 ἀνάγει
3716 4721 3811 4774 τὸν
3838 4723 3926 4776 λό-

2332 4839 2460 4891 γον·
2501 4801 2571 4874 ’⁸0
2599 4817 2802 4886 Πατήρ
2839 4835 2956 4887 μου
3005 4813 3324 4885 ἐργάζὶῖται,
3374 4815 3538 4883 κάγὼ
3591 4812 3921 4886 ἐργάζομαι.

2335 4916 2447 4970 Καὶ
2493 4912 2653 4966 ποίαν
2698 4910 2959 4980 ἐργασίαν
2985 4907 3166 4976 λέγει,
3214 4906 3345 4970 ἴσως
3379 4907 3524 4958 εἴποι
3557 4923 3639 4969 τις
3680 4908 3778 4960 ἄν·
3821 4906 3927 4963 ,Ἕν

2333 5008 2445 5076 γὰρ
2482 5003 2551 5068 ἐξ
2593 5003 2841 5072 ἡμέραις
2875 5000 3259 5055 κατέπαυσεν
3286 5001 3319 5052 ὁ
3352 4997 3498 5064 Θεὸς
3527 4997 3648 5053 ἀπὸ
3681 4999 3927 5056 πάντων

2333 5094 2453 5149 τῶν
2482 5098 2673 5162 ἔργων
2709 5094 2895 5148 αὑτοῦ
2916 5109 2931 5124 ·
2961 5092 3060 5162 τὴν
3109 5091 3489 5162 καθημερινὴν
3531 5090 3813 5162 πρόνοιαν.
3850 5092 3924 5144 Οὐ

2335 5189 2444 5260 γὰρ
2469 5189 2763 5258 παρήγαγε
2796 5185 2956 5254 μόνον
2980 5167 3082 5252 ’τὴν
3114 5183 3313 5245 κτίσιν,
3348 5181 3484 5236 ἀλλά
3503 5183 3597 5236 καὶ
3625 5183 3920 5255 παραχθεῖο

2336 5299 2438 5336 σαν
2498 5281 2672 5350 αὑτὴν
2726 5278 3050 5348 συγκροτεῖ·
3107 5275 3212 5328 κᾶν
3268 5273 3535 5342 ἀγγέλους
3581 5274 3774 5346 είπῃς,
3822 5274 3920 5330 κᾶν

2335 5373 2731 5448 ἀρχαγγέλους,
2750 5371 2853 5424 κᾶν
2867 5369 2968 5430 τὰς
2993 5369 3104 5422 ἀνω
3119 5366 3401 5434 δυνάμεις,
3420 5365 3525 5418 κᾶν
3541 5366 3720 5418 πάντα
3735 5367 3922 5430 ἁπλῶς

2332 5469 2402 5523 τά
2425 5467 2595 5539 ὀρατά
2628 5465 2724 5518 καὶ
2749 5463 2821 5517 τὰ
2851 5463 3082 5532 ἀόρατα,
3109 5463 3210 5532 τῆς
3243 5460 3504 5532 προνοίας
3533 5460 3803 5514 ἀπολαύει
3831 5459 3926 5528 τῆς

2333 5560 2578 5616 ἐκείνουο
2611 5560 2714 5613 κᾶν
2754 5557 2939 5630 ἔρημα
2963 5555 3191 5626 γένηται
3221 5556 3336 5626 τῆς·
3366 5554 3650 5626 ἐνεργείας
3684 5555 3924 5626 ἐκείνης,

2345 5697 2353 5702 ’
2400 5703 2423 5767 _'
2450 5701 2597 5767 ξεγὶι.
2625 5704 2680 5749 ει
2702 5696 3191 5767 Μοωικπαροιμίαις,
3213 5695 3340 5767 Βςε.
3366 5693 3645 5767 {convivam

2401 5762 2428 5803 δ
2457 5764 2580 5826 Reg.
2605 5768 2688 5821 τῆς
2708 5763 2853 5819 αὑτῆς
2877 5755 3106 5821 ἐξουσίας,
3132 5763 3186 5807 ει
3211 5755 3334 5807 ἰοῐὴ
3351 5755 3598 5810 σιωιιιιιτ.
