4186 6326
156 366 266 422 809

165 492 470 564 operibus:
498 510 606 550 non
636 511 728 566 per
747 510 1025 550 sermones
1043 536 1060 561 ,
1083 493 1176 549 sed
1204 509 1302 564 per
1326 508 1414 547 res
1443 492 1608 575 ipsas.
1647 490 1761 544 Ma-

169 583 428 640 nifestam
455 587 621 649 enim,
643 595 697 641 et
718 586 785 640 de
812 601 914 655 qua
943 586 1137 654 ambigi
1169 601 1276 640 non
1303 591 1523 653 posset,
1559 596 1674 651 pra:
1704 595 1764 634 se

166 676 382 730 ferebat
409 677 939 742 demonstrationem,
970 683 1026 730 et
1049 675 1192 744 quod
1223 674 1472 739 dicebat,
1505 673 1621 740 ipso
1649 685 1769 725 cor-

167 779 311 837 pore
341 768 670 822 ostendebat.
701 767 828 822 Post
857 768 965 821 hac
990 767 1176 821 invenit
1204 749 1317 820 eum
1341 765 1493 819 Iesus
1520 805 1535 829 ,
1565 774 1612 817 et
1641 764 1769 820 dixit

175 852 267 908 illi
284 869 304 906 :
319 851 454 909 Ecce
470 872 636 910 sanus
657 857 826 926 fartus
839 874 894 912 es
906 872 927 919 ;
935 860 1050 928 jam
1076 858 1180 911 noli
1199 873 1404 926 peccare
1421 897 1437 922 ,
1462 873 1526 909 ne
1551 855 1793 932 deterius:

169 943 264 996 tibi
280 943 479 1014 aliquid
496 947 748 1017 contingat
775 945 1127 1015 (Joan.5.u).
1150 944 1338 1000 Vidisti
1358 944 1548 999 medici
1563 945 1774 1013 sapien-

162 1029 350 1086 tiam?
391 1032 579 1087 Vidisti
623 1034 1049 1103 providentiam?
1090 1034 1205 1088 Non
1253 1035 1428 1088 solum
1457 1048 1488 1087 a
1522 1033 1773 1102 prtesenti

169 1122 371 1178 morbo
397 1123 661 1188 liberavit,
689 1125 783 1178 sed
813 1125 973 1180 etiam
995 1125 1167 1179 munit
1195 1124 1247 1178 in
1271 1133 1544 1194 posterum
1567 1165 1583 1190 ,
1615 1123 1775 1192 idque

172 1224 595 1283 peropportune.
623 1215 755 1269 Nam
780 1215 906 1270 dum
945 1216 1037 1269 ille
1069 1216 1274 1284 iaceret
1318 1216 1370 1269 in
1409 1215 1548 1268 lecto
1573 1255 1589 1280 ,
1636 1215 1768 1268 nihil

171 1287 444 1371 ejusmodi
469 1305 623 1371 dixit,
647 1321 752 1360 non
780 1306 854 1361 illi
888 1316 1101 1374 peccata
1128 1307 1180 1360 in
1214 1293 1524 1360 memoriam
1550 1315 1764 1359 revoca~

174 1393 570 1458 vit;4morosus
599 1397 740 1450 enim
775 1397 1171 1466 quodammodo
1191 1437 1205 1460 ,
1236 1410 1301 1450 ac
1349 1395 1670 1450 miserabilis
1696 1405 1777 1447 est

174 1487 549 1553 aegrotandum
567 1487 794 1540 animus.
815 1486 916 1542 Ubi
929 1495 1105 1541 autem
1123 1486 1326 1556 expulit
1342 1485 1774 1548 invaletudinem,

173 1575 267 1628 ubi
309 1577 590 1630 sanitatem
613 1577 860 1643 reduxit,
900 1577 988 1640 ubi
1017 1577 1303 1645 potentiae,
1344 1585 1398 1631 et
1424 1574 1772 1645 providentia:

173 1677 290 1718 sum
311 1665 820 1721 demonstrationem
849 1683 1014 1736 opere
1036 1667 1291 1736 praebuit;
1321 1673 1448 1720 tunc
1474 1681 1769 1734 peroppor-

177 1761 310 1808 tune
336 1755 616 1809 cOnsilium
644 1757 1100 1826 monitionemqtte
1130 1757 1365 1820 adhibet,
1393 1772 1515 1809 cum
1537 1757 1648 1823 jam
1675 1757 1780 1812 fide

175 1841 400 1912 dignum
426 1861 485 1900 se
507 1846 762 1914 operibus
799 1848 927 1916 ipsis
962 1848 1306 1902 ostendisset.
1349 1846 1459 1900 Cur
1492 1848 1660 1924 igitur
1689 1848 1780 1903 ille

176 1933 369 1989 abiens
397 1937 736 1992 manifestum
768 1939 941 2007 ipsum
974 1939 1101 1994 fecit
1126 1938 1366 1993 Judaiis?
1390 1938 1652 1992 Nimirum
1686 1954 1780 2016 cu-

177 2025 334 2093 piens
347 2042 443 2082 eos
454 2016 651 2084 habere
660 2031 946 2100 participes
958 2045 1098 2085 verte
1111 2030 1460 2085 doctrinae.At
1477 2031 1547 2086 illi
1565 2040 1781 2102 preptcr

181 2114 324 2170 hanc
342 2117 510 2185 ipsam
531 2131 745 2174 causam
763 2120 912 2174 illum
930 2121 1172 2185 oderant,
1203 2122 1395 2190 inquit,
1414 2132 1467 2175 et
1491 2137 1780 2190 perseque-

176 2203 395 2260 bantur.
409 2206 520 2262 Hoc
537 2210 665 2263 mihi
683 2212 800 2264 loco
834 2221 1067 2266 mentem
1107 2211 1378 2267 adhibete.
1412 2213 1508 2266 llic
1527 2211 1666 2268 enim
1696 2224 1780 2266 to-

183 2305 296 2349 tum
310 2308 391 2351 est
410 2309 704 2355 certamen.
732 2301 1007 2372 Propterea
1025 2303 1172 2356 illum
1191 2294 1626 2374 persequebantur,
1659 2304 1779 2371 quia

179 2384 288 2450 hac
303 2388 517 2455 faciebat
535 2391 588 2442 in
607 2392 811 2445 sabbato
828 2391 933 2464 (Ib.
953 2410 1000 2446 υ.
1019 2392 1129 2462 l6).
1150 2393 1436 2447 Videamus
1460 2394 1779 2465 igitur,quoo

179 2476 344 2531 modo
357 2493 417 2532 se
431 2478 701 2535 defendat.
728 2482 1061 2538 Defensienis
1081 2484 1226 2539 enim
1240 2484 1428 2538 modus
1441 2485 1778 2553 perspicuum

179 2566 336 2621 nobis
365 2568 520 2633 facit,
553 2579 729 2625 utrum
778 2573 869 2628 ille
901 2575 1126 2628 situnus
1146 2574 1506 2643 subjectorum
1536 2591 1602 2628 an
1644 2575 1780 2628 libeo

179 2672 363 2713 rerum
386 2702 403 2728 ,
434 2673 610 2716 utrum
631 2666 1042 2742 ministrantium
1059 2683 1129 2720 an
1147 2668 1539 2737 imperantium.
1560 2669 1780 2725 Factum

179 2751 312 2808 illud
363 2757 651 2811 maximam
681 2760 810 2829 legis
838 2761 1312 2830 transgressionem
1343 2777 1452 2830 prae
1467 2777 1527 2817 se
1555 2762 1776 2817 ferebat.

174 2841 318 2897 Olim
333 2846 742 2927 enim,quiligna
762 2853 815 2904 in
844 2851 1067 2906 sabbato
1094 2853 1406 2921 collegerat,
1433 2863 1649 2924 propter
1679 2855 1780 2909 hoc

179 2931 356 3000 ipsum
378 2935 639 3004 lapidatus
660 2949 743 2994 est
765 2983 779 3007 ,
829 2941 971 3011 quod
1001 2957 1164 2996 onera
1191 2953 1428 3011 portaret
1453 2945 1506 2998 in
1558 2945 1780 2999 sabbato

179 3022 371 3092 (Num.
408 3019 492 3082 l5.
535 3029 605 3084 32
629 3032 813 3106 —36).
852 3034 964 3088 Hoc
984 3051 1231 3104 magnum
1262 3037 1463 3091 crimen
1490 3036 1780 3106 objicieba-

181 3123 266 3169 tur
291 3114 528 3184 Christo,
548 3121 692 3189 quod
719 3122 994 3184 sabbatum
1013 3127 1266 3180 solveret.
1285 3126 1571 3180 Videamus
1592 3127 1774 3196 igitur,

186 3221 311 3260 num
345 3208 481 3262 forte
511 3212 740 3278 primum
785 3214 992 3268 veniam
1017 3224 1160 3284 petat
1191 3227 1246 3269 ut
1271 3232 1456 3271 servus
1486 3233 1550 3272 ac
1594 3220 1778 3288 subje-

179 3305 321 3359 ctus,
343 3314 409 3352 an
435 3309 702 3369 tamquam
726 3314 1041 3371 pmcstatem
1071 3305 1274 3361 habens
1299 3317 1352 3362 et
1379 3311 1772 3374 auctoritatem,

173 3387 425 3442 ostendat
466 3405 527 3443 se
573 3391 854 3448 Dominum
897 3404 1054 3465 atque
1101 3412 1224 3452 eum
1259 3439 1274 3463 ,
1322 3400 1412 3468 qui
1443 3403 1689 3468 superior
1707 3403 1777 3456 sit

131 3499 134 3501 λ
178 3474 315 3546 lege,
347 3495 410 3560 ac
439 3484 812 3555 mandataipse
838 3486 1083 3542 dederit?
1109 3489 1386 3555 Quomodo
1404 3492 1561 3561 igitur
1584 3507 1643 3548 se
1673 3494 1773 3548 de-

177 3563 388 3621 fendit?
419 3568 573 3623 Pater
607 3573 748 3627 mea!
769 3614 785 3638 ,
824 3576 993 3644 inquit
1021 3618 1037 3642 ,
1066 3594 1223 3646 usque
1247 3580 1396 3632 modo
1423 3591 1661 3650 operatur
1685 3625 1699 3646 ,
1727 3594 1774 3637 et

176 3672 264 3726 ego
291 3675 474 3728 operor
500 3661 690 3729 (Joan.
729 3665 783 3718 5.
804 3664 930 3735 l7).
959 3666 1150 3721 Vidisti
1185 3671 1586 3726 auctoritatem.
1615 3673 1770 3740 Quod

177 3747 221 3800 si
251 3741 577 3806 imbecillior
594 3762 650 3807 et
675 3756 850 3809 minor
875 3765 1019 3811 esset
1047 3758 1223 3824 Patre,
1258 3759 1362 3816 hoc
1391 3763 1535 3832 quod
1564 3764 1774 3819 dixerat

177 3847 378 3894 tantum
409 3843 562 3897 abest
584 3857 640 3899 ut
665 3847 961 3904 defensioni
989 3861 1170 3920 aptum
1192 3855 1284 3922 sit,
1313 3865 1369 3909 ut
1398 3857 1569 3926 majus
1597 3861 1772 3927 potius

173 3933 377 3986 crimen
401 3933 470 3987 sit
500 3943 555 3990 et
581 3940 808 4005 graviori
835 3942 1124 3998 obnoxium
1151 3948 1498 4002 accusationi.
1517 3950 1769 4016 Quoties-

175 4035 400 4092 cumque
426 4027 570 4081 enim
597 4030 716 4097 quis
753 4030 879 4085 illud
905 4031 1084 4099 faciat,
1112 4037 1256 4106 quod
1282 4039 1380 4092 soli
1405 4043 1765 4108 prtestantiori

176 4111 540 4171 liceat‘facere
563 4160 581 4184 ,
633 4120 828 4176 deinde
869 4124 1240 4193 deprehensus
1285 4142 1569 4187 accusetur
1603 4177 1618 4200 ,
1657 4137 1771 4205 ipse

134 4220 136 4224 λ
175 4217 300 4256 vero
329 4205 402 4276 ita
445 4207 586 4262 dicat
611 4251 627 4276 ,
654 4214 905 4278 quoniam
934 4220 1272 4285 praestantior
1301 4221 1427 4277 fecit
1449 4264 1465 4287 ,
1495 4224 1696 4281 idcirco
1717 4238 1772 4283 et

173 4309 268 4362 ego
300 4295 442 4362 feci;
498 4315 604 4353 non
634 4303 816 4356 solum.
834 4319 939 4359 non
960 4309 1177 4376 expedit
1207 4324 1268 4365 se
1307 4312 1377 4367 ab
1402 4314 1632 4384 ob‘jectis
1660 4318 1770 4371 cri-

174 4389 421 4476 minibus,
449 4390 550 4446 hoc
579 4392 910 4451 defensionis
934 4400 1115 4466 modo,
1146 4403 1243 4457 sed
1273 4405 1434 4467 etiam
1466 4408 1656 4476 majori
1683 4424 1770 4465 re-

174 4467 515 4546 piebensioni
555 4491 716 4553 atque
754 4489 1086 4545 accusationi
1134 4493 1423 4550 obnoxium
1467 4467 1766 4554 se'reddit.

174 4565 449 4663 Shuperbia:
487 4575 631 4630 enim
670 4585 726 4633 et
765 4583 1085 4651 arrogantia:
1123 4593 1210 4641 est
1255 4589 1459 4658 majora
1492 4591 1768 4663 suscipere

173 4656 428 4728 dignitate
454 4678 573 4718 sua.

238 4751 430 4809 Christi
453 4757 688 4824 divinitas
712 4763 970 4818 «rerum.
1000 4795 1072 4807 -—
1113 4767 1253 4839 Ergo
1289 4768 1534 4827 Christus
1557 4772 1767 4829 etiamsi

175 4841 390 4900 inferior
417 4846 635 4917 fuisset,
667 4860 872 4908 tantum
899 4857 1113 4926 aberat,
1137 4869 1196 4914 ut
1215 4875 1334 4930 qua:
1353 4862 1565 4920 dicebat
1592 4865 1765 4935 ipsum

174 4938 554 5006 defenderent,
585 4951 644 4999 ut
668 4947 845 5014 potius
867 4947 1087 5019 gravius
1105 4954 1548 5012 condemnarent.
1567 4959 1764 5016 Verum

174 5031 420 5118 quoniam
446 5033 593 5090 Patri
618 5041 840 5108 aequalis
864 5053 1012 5111 erat,
1060 5057 1342 5117 propterea
1372 5051 1572 5106 nullam
1597 5055 1768 5108 admi-

175 5121 237 5174 sit
257 5122 496 5192 culpam.
517 5129 596 5181 Ac
619 5129 665 5182 si
686 5130 865 5198 vultis,
883 5137 1129 5205 exemplo
1152 5140 1490 5209 perspicuum
1519 5143 1670 5198 vobis
1689 5144 1767 5199 fa-

173 5211 307 5270 ciam
347 5216 398 5270 id
415 5215 713 5285 quoddico.
745 5221 856 5277 Soli
897 5224 1206 5295 Imperatori
1234 5230 1357 5286 licet
1384 5242 1597 5301 gestare
1627 5251 1758 5304 pur-

173 5316 357 5398 puram
385 5316 442 5360 et
447 5309 707 5380 diadema
745 5313 798 5367 in
832 5317 1041 5384 capite,
1071 5319 1331 5388 prdterea
1361 5321 1582 5380 nemini.
1615 5327 1758 5398 Ergo

175 5392 217 5491 si
244 5410 381 5450 unus
404 5413 436 5450 e
463 5399 641 5453 multis
666 5401 807 5457 hunc
831 5416 1078 5470 ornatum
1098 5419 1336 5480 gestans,
1363 5413 1560 5491 deinde
1583 5419 1652 5473 ad
1675 5392 1768 5473 tri-

175 5481 330 5541 bunal
352 5489 645 5558 perductus
675 5495 746 5549 ita
775 5495 950 5575 dicat,
983 5501 1105 5570 quia
1136 5502 1434 5574 Imperator
1459 5482 1764 5579 hujusmodi

173 5588 413 5635 ornatum
433 5592 624 5654 gestat,
641 5599 923 5658 propterea
951 5608 1051 5663 ego
1076 5596 1236 5649 etiam
1264 5607 1434 5668 gesto,
1459 5615 1564 5656 non
1588 5604 1764 5658 solum

176 5669 270 5727 hoc
287 5673 616 5734 defensionis
641 5681 802 5738 modo
827 5698 932 5740 non
956 5699 1016 5740 se
1037 5686 1290 5745 liberaret
1310 5691 1378 5745 ab
1401 5695 1761 5765 accusatione,

178 5763 262 5820 sed
290 5771 558 5864 majorem
601 5787 830 5840 pmnanr
854 5793 917 5834 ac
956 5781 1271 5852 supplicium
1302 5784 1402 5840 sibi
1437 5763 1756 5844 accerseret.

959 377 1048 434 DE
1087 377 1357 436 CHRISTI
1394 373 1805 440 DIVINITATE,
1848 373 2123 430 CONTRA
2163 374 2521 432 ANOMOEOS
2585 375 2702 431 XII.

3362 376 3485 431 8i0‘

1875 488 2084 544 Rursus
2123 489 2549 559 ﬂagitiosissimis
2588 491 2889 547 hominibus
2925 508 3136 562 pmnam
3177 509 3237 547 ac
3265 495 3463 564 ςιῳνὶῆν

1873 578 2013 631 ciunt
2041 581 2333 646 remittere,
2359 590 2416 634 ut
2437 582 2739 648 homicidis,
2764 582 3074 648 latronibus,
3101 586 3467 652 svpulerorum

1874 668 2238 737 eﬂ'ossoribtts,
2267 683 2318 725 et
2343 674 2554 727 caeteris
2573 715 2586 735 ,
2618 674 2708 741 qui
2737 674 2862 728 talia
2888 674 3131 742 quaedam
3163 686 3473 752 perpetrare

1875 760 1990 815 ausi
2020 758 2144 815 sunt
2167 803 2181 828 ,
2215 763 2382 818 solius
2424 765 2780 833 imperatoria:
2823 767 3081 834 largitatis
3111 776 3213 824 est.
3246 767 3400 833 Quod
3428 770 3470 821 si

1871 851 2036 921 judex
2066 854 2329 924 quispiam
2365 856 2671 910 damnatum
2703 857 2817 924 sine
2842 857 3180 926 Imperatoris
3209 855 3476 916 senten‘tia

1876 943 2171 1009 dimittens,
2201 955 2502 1010 accusetur,
2536 955 2590 1000 et
2617 946 2761 1002 dicat
2786 950 2945 1002 etiam
2977 950 3090 1019 ipse
3111 990 3124 1012 ,
3156 964 3254 1016 ego
3276 949 3475 1016 dimisi,

1877 1033 2146 1103 quoniam
2178 1032 2470 1102 Imperator
2511 1035 2726 1090 dimittit
2755 1079 2770 1102 ,
2801 1054 2907 1092 non
2937 1040 3106 1093 solum
3139 1040 3238 1094 hac
3269 1042 3477 1094 ratione

1879 1124 2098 1178 minime
2126 1139 2185 1179 se
2210 1124 2440 1190 liberat,
2469 1128 2562 1181 sed
2603 1129 2762 1182 etiam
2799 1131 3054 1198 majorem
3086 1145 3211 1200 erga
3241 1146 3299 1186 se
3343 1134 3472 1185 iram

1879 1213 2139 1278 act-endit,
2172 1223 2227 1269 et
2249 1215 2372 1284 jure
2401 1218 2636 1286 quidem.
2671 1218 2784 1272 Non
2812 1221 2950 1273 enim
2982 1235 3191 1288 (equum
3220 1232 3324 1286 est,
3353 1238 3475 1275 cum

1879 1303 2160 1358 inferiores
2185 1305 2236 1358 in
2270 1308 2574 1362 temulentis
2615 1308 2753 1363 forte
2789 1311 3272 1379 compotatiouibus
3303 1312 3354 1365 in
3384 1329 3475 1366 su-

1881 1396 2145 1462 periorem
2175 1399 2546 1453 auctoritatem
2588 1400 2841 1455 irruerint
2866 1443 2882 1468 ,
2929 1412 3114 1469 postea
3151 1419 3220 1457 ex
3266 1405 3474 1458 illormn

1861 1499 2067 1575 “more,
2099 1494 2156 1541 et
2183 1488 2320 1543 facto
2345 1489 2443 1543 sibi
2485 1490 2614 1558 ipsis
2648 1506 2839 1560 parare
2879 1490 3269 1547 defensionem.
3313 1495 3480 1564 Major

1882 1576 2024 1628 enim
2056 1575 2171 1630 hare
2195 1579 2519 1632 contumelia
2542 1589 2623 1633 est
2653 1581 2704 1633 in
2726 1596 2840 1644 eos,
2865 1583 2954 1650 qni
2978 1584 3327 1650 principatum
3353 1585 3480 1653 ipsis

1885 1665 2236 1722 tradiderunt.
2279 1668 2401 1723 Ideo
2438 1670 2483 1723 si
2514 1673 2633 1739 quis
2667 1668 2888 1725 inferiol'
2915 1672 3016 1738 sit,
3047 1688 3333 1740 numquam
3383 1674 3484 1726 hac

1882 1758 1965 1810 sui
1997 1757 2312 1812 defendendi
2345 1761 2550 1815 ratione
2581 1770 2786 1826 utetur;
2819 1763 2902 1815 sin
2930 1773 3104 1816 autem
3134 1765 3201 1817 sit
3244 1765 3482 1831 Impera.

1886 1859 1968 1903 tor
1991 1891 2007 1916 ,
2039 1858 2094 1903 et
2120 1851 2308 1905 eadem
2343 1853 2595 1921 przeditus
2620 1854 2875 1924 dignitate
2899 1896 2915 1920 ,
2958 1854 3186 1920 fidenter
3226 1856 3276 1908 id
3315 1857 3477 1910 dicet.

1884 1926 2094 1994 Etenim
2135 1942 2583 2010 quemadmodum
2623 1943 2810 1997 eadem
2847 1952 2928 1998 est
2967 1945 3021 1997 in
3050 1955 3274 2012 utroque
3303 1949 3482 2000 excel-

1885 2028 2002 2085 le‘ns
2029 2032 2324 2101 amplitudo
2354 2035 2702 2103 principatus,
2737 2036 2806 2088 ita
2839 2035 3000 2108 etiam
3027 2037 3212 2090 eadem
3245 2038 3481 2090 auctori-

1886 2135 1966 2178 tas
1991 2139 2053 2179 ac
2078 2126 2290 2180 licentia
2320 2142 2440 2182 esse
2469 2127 2647 2182 debet.
2671 2128 3028 2195 Quamobrem
3057 2129 3100 2181 si
3131 2129 3347 2184 exsistat
3382 2131 3478 2182 ali-

1883 2217 2004 2284 quis
2028 2259 2041 2281 ,
2083 2216 2172 2285 qui
2203 2216 2302 2271 hac
2340 2233 2399 2273 se
2434 2220 2642 2273 ratione
2677 2207 2970 2284 defendat,
3003 2235 3223 2274 necesse
3263 2223 3482 2274 omnino

1884 2320 1984 2378 est,
2004 2301 2246 2367 eamdem
2269 2314 2574 2384 dignitatem
2599 2316 2963 2385 habeatatque
2981 2317 3089 2383 ille,
3117 2317 3268 2386 cujus
3292 2325 3478 2384 poten-

1891 2409 2015 2456 tiam
2047 2404 2113 2458 ad
2144 2420 2294 2460 suam
2325 2407 2693 2464 defensionem
2725 2411 3027 2479 przetendit.
3062 2411 3283 2477 Quando
3325 2412 3482 2480 igitur

1883 2496 2129 2552 Christus
2168 2499 2268 2553 hac
2306 2502 2517 2557 ratione
2560 2502 2684 2557 facti
2721 2504 2802 2557 sui
2841 2504 3102 2572 justitiam
3135 2520 3255 2558 cum
3284 2505 3482 2559 Jutlacis

1883 2586 2155 2642 disserens
2172 2588 2482 2657 declaravit,
2496 2593 2611 2647 sine
2631 2593 2793 2648 dubio
2814 2595 2966 2648 nobis
2987 2597 3219 2649 ostendit
3240 2597 3478 2662 ejusdem

1882 2693 1942 2731 se
1967 2693 2086 2732 esse
2114 2679 2388 2749 dignitatis
2411 2698 2530 2735 cum
2561 2684 2740 2738 Patre.
2770 2685 2848 2737 Ac
2873 2686 2916 2737 si
2949 2687 3074 2740 libet
3093 2727 3108 2748 ,
3142 2686 3482 2739 cnnferamns

1882 2769 2098 2822 allatum
2127 2772 2428 2840 exemplum
2457 2788 2578 2826 cum
2600 2774 2776 2827 verbis
2795 2783 2851 2829 et
2876 2775 3012 2828 facto
3033 2776 3250 2828 Christi.
3280 2775 3358 2830 Sit
3387 2777 3482 2844 igi-

1883 2868 1969 2912 tur
1998 2859 2159 2926 idem,
2191 2863 2405 2917 solvere
2437 2879 2534 2932 pro
2559 2865 2877 2920 auctoritate
2911 2868 3186 2921 sabbatum
3211 2909 3224 2933 ,
3255 2883 3316 2921 ac
3351 2883 3479 2935 pur—

1885 2963 2034 3016 pura.
2058 2948 2322 3012 diadema,
2351 2961 2404 3005 et
2431 2968 2646 3006 reorum
2676 2954 2938 3008 dimissio.

1951 3038 2205 3094 Christum
2226 3040 2370 3095 Patri
2384 3043 2629 3111 aequalem
2643 3063 2748 3100 esse
2767 3049 3100 3114 probatur.—
3114 3048 3449 3114 Quemadtno
3462 3079 3479 3090 ο

1880 3130 2006 3184 dum
2034 3132 2193 3201 igitur
2228 3135 2328 3188 soli
2360 3135 2674 3204 Imperatori
2721 3138 2804 3191 illa
2839 3140 3036 3206 licent,
3072 3142 3270 3196 nemini
3301 3151 3477 3195 autem

1880 3223 2241 3292 subjectorum
2266 3267 2280 3290 ,
2313 3241 2376 3279 ac
2401 3227 2447 3280 si
2472 3229 2592 3297 quis
2617 3229 2804 3282 eadem
2833 3231 3007 3294 faciat,
3041 3248 3103 3286 ac
3127 3233 3248 3301 jure
3279 3233 3435 3287 faciat
3460 3278 3477 3297 ,

1880 3312 2027 3367 illum
2051 3330 2264 3385 quoque
2291 3317 2671 3388 Imperatorem
2701 3337 2821 3376 esse
2850 3338 3068 3377 necesse
3090 3334 3191 3388 est,
3225 3326 3295 3378 ita
3317 3327 3477 3379 etiam

1880 3406 1980 3461 hac
2006 3408 2058 3462 in
2080 3424 2158 3474 re,
2185 3411 2436 3478 quoniam
2465 3411 2518 3487 in
2545 3427 2889 3482 conspectum
2918 3431 2976 3469 se
2996 3416 3085 3469 dat
3104 3416 3348 3476 Christus
3377 3418 3475 3472 ista

1883 3512 1981 3565 pro
2005 3501 2319 3555 auctoritate
2375 3503 2577 3557 faciens
2595 3547 2611 3570 ,
2643 3520 2706 3559 ac
2735 3505 2928 3560 deinde
2956 3517 3236 3562 accusatus
3263 3508 3475 3563 Patrem

1877 3590 2159 3655 praetendit
2183 3592 2252 3644 ita
2273 3591 2481 3658 dicens,
2512 3593 2670 3647 Pater
2693 3612 2833 3648 meus
2858 3613 3016 3666 usque
3045 3597 3194 3650 modo
3216 3608 3474 3674 aperatur;

1879 3682 2243 3734 necessarium
2277 3698 2494 3750 prorsus
2522 3695 2603 3738 est
2628 3727 2643 3750 ,
2672 3695 2727 3739 et
2758 3687 2897 3741 hunc
2918 3689 3176 3757 aequalem
3208 3689 3283 3742 illi
3314 3704 3434 3744 esse
3458 3733 3472 3754 ,

1875 3770 1966 3838 qui
1996 3786 2093 3840 pro
2119 3775 2434 3828 auctoritate
2473 3775 2654 3829 faciat.
2697 3776 2810 3830 Non
2841 3779 2984 3831 enim
3015 3779 3113 3832 nisi
3141 3781 3362 3848 aequalis
3392 3797 3476 3834 es-

1875 3871 1996 3925 set,
2026 3861 2127 3916 hoc
2155 3864 2237 3917 sui
2281 3863 2402 3918 facti
2432 3867 2697 3935 probandi
2735 3868 2896 3922 modo
2925 3877 3184 3922 uteretur.
3213 3871 3388 3939 Atque
3420 3884 3475 3925 ut

1874 3958 2069 4010 clarius
2097 3961 2430 4033 cognoscatis
2453 3977 2572 4028 qua:
2598 3962 2823 4018 dicimus
2841 4002 2858 4029 ,
2891 3963 3161 4017 solverant
3186 3964 3476 4033 aliquando

1874 4047 2154 4103 sabbatum
2179 4049 2447 4119 discipuli,
2477 4068 2600 4107 cum
2631 4055 2806 4124 spicas
2837 4055 3120 4121 vellerent,
3148 4065 3202 4110 et
3223 4057 3473 4111 comede-

1874 4145 1995 4191 rent
2019 4137 2071 4191 in
2094 4138 2316 4192 sabbato
2382 4137 2597 4207 (Matth.
2628 4141 2714 4192 l2.
2749 4140 2796 4207 ι)
2832 4159 2846 4196 :
2879 4139 3042 4196 solvit
3068 4148 3124 4193 et
3152 4140 3270 4210 ipse
3299 4157 3469 4196 nunc.

1875 4226 1946 4280 Et
1985 4227 2106 4281 illos
2150 4216 2615 4298 reprehenderunt
2663 4230 2875 4284 Judaei:
2917 4233 3377 4300 reprehenderunt
3421 4245 3473 4286 (οι

1873 4320 2035 4376 hunc.
2056 4321 2348 4377 Videamus
2371 4324 2581 4393 qualem
2607 4324 2821 4393 quidem
2854 4339 2947 4395 pro
2976 4325 3081 4378 illis
3106 4325 3470 4379 defensionem

1870 4410 2094 4477 aﬂ'erat,
2131 4413 2346 4481 qualem
2387 4429 2518 4468 vero
2545 4428 2669 4483 .pro
2716 4415 2896 4483 seipse"
2920 4456 2936 4481 ,
2969 4425 3133 4468 utex
3170 4413 3470 4468 differentia

1869 4503 2230 4572 praestantiam
2257 4515 2312 4558 et
2340 4505 2447 4558 vim
2490 4490 2820 4560 defensionis
2848 4505 2966 4576 ejus
3005 4507 3288 4576 intelligas.
3333 4507 3473 4573 Qua-

1871 4592 1979 4647 lem’
2016 4594 2178 4663 igitur
2204 4593 2575 4652 defensionem
2614 4609 2714 4665 pro
2747 4595 2851 4650 illis
2889 4595 3089 4651 alien?
3121 4596 3244 4650 Non
3284 4598 3475 4666 legistis

1849 4689 1991 4757 'qttid
2017 4687 2192 4756 fecerit
2221 4686 2409 4754 David,
2443 4689 2652 4758 quando
2675 4690 2849 4760 esui-iit
2874 4689 2996 4758 (Ib.
3026 4706 3072 4742 υ.
3102 4691 3135 4744 5
3155 4689 3219 4760 )?
3248 4689 3474 4755 Quando

1868 4780 2011 4834 enim
2037 4794 2223 4834 servos
2235 4780 2612 4838 defendendos
2634 4779 2876 4850 suscipit.
2901 4779 3138 4850 confugit
3158 4781 3224 4834 ad
3251 4795 3474 4834 conser-

1863 4884 1993 4924 vum
2025 4870 2234 4924 illorum
2269 4870 2523 4926 Davidem
2547 4887 2563 4925 :
2591 4871 2805 4941 quando
2846 4880 3024 4925 autem
3070 4871 3304 4940 s‘cipsum
3331 4911 3348 4935 ,
3384 4886 3472 4925 ra-

1869 4963 2071 5018 tionem
2107 4963 2270 5017 refert
2306 4962 2374 5018 ad
2404 4963 2635 5018 Patrem.
2671 4962 2828 5017 Pater
2857 4980 2996 5017 meus
3027 4974 3284 5034 cperunt,
3309 4974 3355 5016 et
3382 4980 3471 5033 ego

1869 5069 2066 5124 aperor,
2095 5055 2297 5124 (Joan.
2329 5056 2384 5111 5.
2414 5056 2479 5110 Π
2500 5054 2542 5126 ).
2575 5057 2746 5121 Quam
2790 5071 2954 5120 vero,
2996 5063 3202 5124 quazret
3245 5054 3472 5110 fortasse

1870 5145 2134 5214 quispiam
2158 5186 2173 5210 ,
2204 5147 2571 5216 operationem
2599 5146 2772 5201 dicit?
2803 5145 2952 5200 Nam
2972 5147 3024 5199 in
3053 5163 3143 5199 sea:
3183 5146 3357 5200 diebus
3386 5163 3469 5199 re-

1867 5239 2051 5306 quievit
2088 5216 2237 5293 'Dm
2283 5237 2345 5292 ab
2388 5239 2619 5292 omnibus
2657 5238 2892 5307 operibus
2933 5239 3039 5292 suis
3082 5237 3252 5310 (Gen.
3280 5237 3337 5291 2.
3369 5239 3404 5291 2
3426 5237 3467 5308 ).

1869 5328 2470 5398 Νειηρθραυοιίάίαηειηι
2510 5328 2920 5397 providentiam.
2957 5328 3074 5382 Non
3114 5330 3256 5383 enim
3292 5329 3467 5382 solum

1869 5421 2094 5490 protulit
2112 5429 2412 5475 creaturam
2437 5461 2454 5486 ,
2483 5436 2668 5475 verum
2695 5421 2858 5476 etiam
2900 5421 3157 5489 prolatam
3190 5429 3388 5485 tuetur,
3417 5430 3472 5474 et

1869 5510 2055 5568 fovet:
2079 5513 2194 5568 sive
2214 5515 2434 5583 angelos
2457 5513 2678 5578 dixeris,
2707 5515 2820 5567 sive
2843 5513 3214 5583 archangelos,
3239 5513 3353 5567 sive
3372 5530 3468 5567 su-

1869 5595 2112 5673 periorés
2141 5613 2454 5674 potestates,
2483 5604 2598 5684 sive
2627 5606 2805 5659 omnia
2832 5620 3072 5673 prorsus,
3099 5621 3219 5676 qua:
3248 5607 3350 5660 sub
3376 5621 3466 5659 as-

1871 5707 2084 5767 pectum
2105 5697 2341 5765 cadunt,
2366 5706 2422 5753 et
2449 5713 2569 5768 qua:
2595 5713 2701 5753 non
2728 5699 2966 5753 cadunt:
2999 5707 3189 5754 cuncta
3220 5696 3474 5758 fruuntur

1873 5791 2203 5862 providentia
2241 5790 2413 5858 illius,
2445 5799 2500 5846 et
2527 5791 2572 5848 si
2599 5790 2958 5847 destitttantur
2978 5789 3181 5847 efficaci
3201 5791 3468 5849 illiusac-
