4186 6326
667 354 761 408 8H

668 472 833 536 tione,
865 470 1132 539 difﬂuunt,
1156 472 1481 543 dilabuntur,
1506 487 1749 546 pereunt.
1782 476 1923 547 Ergo
1950 493 2069 533 cum
2095 480 2257 535 vellet

664 558 913 615 Christus
938 564 1221 620 ostendere
1250 580 1403 621 suum
1434 582 1553 622 esse
1584 569 1865 637 providere
1890 604 1917 634 ,-
1937 584 2043 624 non
2072 579 2251 625 autem

665 653 765 708 sibi
795 656 1079 725 provideri,
1125 660 1411 715 efﬁcaciter
1449 677 1607 731 agere
1630 703 1647 729 ,
1692 678 1796 716 non
1834 644 2027 717 autem
2045 664 2128 734 agi
2153 705 2170 729 ,
2200 672 2254 717 et

664 744 1262 803 alterius‘efﬂcicntiam
1302 751 1484 805 subire
1509 792 1524 815 ,
1569 752 1639 805 ita
1684 752 1863 816 dixit,
1918 751 2076 805 Pater
2114 769 2253 805 meus

665 846 935 905 aperatur,
978 849 1025 893 et
1071 858 1160 910 ego
1207 859 1407 911 operor,
1441 844 1699 912 aequalem
1743 857 1802 898 se
1846 844 1989 897 Patri
2027 844 2253 898 demou-

664 936 863 983 strans.

733 1020 789 1074 5.
818 1019 943 1074 Cum
971 1022 1139 1091 probis
1168 1024 1389 1080 moribus
1416 1034 1549 1078 recta
1574 1025 1720 1093 ﬁdes.
1747 1056 1818 1065 —
1995 1026 2255 1079 memoria

666 1120 844 1165 tenete
862 1152 877 1179 ,
907 1120 963 1165 et
986 1127 1145 1181 quam
1171 1114 1576 1184 diligentissime
1601 1115 1883 1181 custodite,
1910 1126 1966 1171 et
1989 1118 2257 1173 contexite

668 1202 1057 1272 philosophiam
1101 1188 1309 1259 morum
1339 1222 1459 1260 cum
1500 1215 1650 1261 recto
1687 1206 1994 1277 dogmatum
2024 1208 2205 1264 habitu
2231 1218 2263 1264 τ

664 1281 809 1365 quod
838 1300 892 1346 et
920 1307 1089 1361 nuper
1118 1292 1360 1349 hortatus
1399 1294 1515 1349 Sum
1537 1337 1551 1362 ,
1580 1304 1633 1349 et
1669 1312 1811 1351 nunc
1850 1297 2053 1364 hortor,
2083 1314 2257 1369 neque

671 1382 831 1435 linem
874 1379 1120 1435 hortandi
1154 1382 1365 1436 faciam.
1394 1383 1599 1451 Horum
1626 1395 1802 1441 autem
1829 1386 2256 1459 institutionem,

667 1477 723 1524 et
747 1470 1133 1539 philosophiam
1158 1473 1289 1527 nihil
1313 1487 1465 1543 teque
1493 1474 1913 1548 adducit,patque
1932 1470 2033 1532 hoc
2056 1477 2113 1532 in
2144 1478 2259 1535 loco

666 1575 810 1631 sape
846 1564 1070 1618 versari.
1121 1552 1253 1619 Nam
1292 1564 1738 1635 quemadmodum
1778 1567 2030 1639 squalens
2067 1577 2207 1623 terra
2239 1610 2256 1635 ,

667 1652 711 1705 si
751 1651 1018 1713 neminem
1049 1653 1242 1709 habeat
1266 1669 1295 1708 a
1325 1670 1431 1724 quo
1465 1656 1738 1725 irrigetur,
1769 1657 1936 1726 spinis
1965 1666 2020 1713 et
2054 1658 2260 1714 tribulis

668 1749 870 1807 scatet;
899 1757 1018 1812 qua:
1044 1753 1219 1798 autem
1244 1745 1465 1800 cultrice
1486 1760 1648 1810 manu
1678 1746 1889 1811 fruitur,
1916 1750 2181 1819 germinat
2206 1758 2261 1805 et

669 1831 823 1888 ﬂoret
848 1850 910 1888 ac
939 1834 1201 1899 redundat
1223 1850 1413 1905 magna
1442 1837 1709 1893 fructuum
1735 1840 1927 1908 copia;
1956 1840 2028 1895 ita
2053 1853 2184 1895 sane
2206 1846 2263 1896 et

666 1926 866 1995 anima,
897 1928 985 1983 illa
1004 1928 1250 2001 quidem,
1275 1944 1393 1999 qute
1419 1928 1611 1985 fruitur
1630 1930 1937 2001 irrigatione
1957 1931 2258 1987 divinorum

666 2034 1015 2086 sermonum,
1046 2021 1309 2089 germinat
1332 2030 1388 2075 et
1420 2020 1610 2085 ﬂoret.
1643 2031 1697 2075 et
1722 2022 2041 2078 circumﬂuit
2070 2020 2259 2078 fructi-

542 2182 553 2195 ‘
668 2111 767 2165 bus
796 2110 1025 2180 Spiritus
1056 2129 1070 2165 :
1099 2127 1219 2181 quas
1252 2119 1431 2167 autem
1473 2112 1669 2168 inculta
1697 2122 1751 2167 et
1790 2113 1843 2167 in
1876 2112 2127 2184 squalore
2148 2154 2165 2180 ,
2197 2128 2263 2171 ac

666 2202 783 2255 sine
812 2200 1075 2270 ejusmodi
1100 2202 1406 2272 irrigatione
1430 2202 1735 2270 dimittitur,
1760 2220 1820 2258 ea
1859 2204 1972 2259 sola
2001 2204 2261 2275 relinqui-

667 2300 755 2343 tur
782 2297 839 2344 et
872 2289 1142 2354 silvescit,
1172 2299 1228 2345 et
1252 2292 1447 2346 multas
1472 2291 1672 2361 profert
1701 2293 1881 2362 spinas
1900 2334 1917 2360 ,
1945 2293 2113 2363 ipsam
2136 2308 2262 2364 pec-

668 2380 772 2434 cati
798 2390 1065 2435 naturam.
1094 2380 1192 2436 Ubi
1217 2390 1395 2437 autem
1422 2382 1591 2452 spinas
1609 2424 1625 2449 ,
1649 2382 1722 2437 ibi
1750 2383 2042 2446 dracones,
2070 2392 2125 2437 et
2142 2397 2260 2438 ser-

670 2478 875 2539 pentes,
902 2458 963 2524 et
988 2470 1205 2542 scorpii,
1231 2479 1287 2525 et
1311 2472 1564 2527 universa
1601 2480 1835 2542 p0testas
1862 2471 2079 2527 diaboli.
2108 2471 2261 2539 Quod

670 2560 715 2614 si
737 2560 821 2615 his
851 2561 1025 2615 verbis
1069 2576 1174 2615 non
1223 2561 1401 2617 credis
1424 2603 1440 2629 ,
1479 2576 1579 2631 age
1610 2561 1952 2617 conferamus
1981 2560 2261 2617 nobiscum

671 2651 905 2720 cos,qui
928 2650 1030 2705 hoc
1054 2651 1255 2706 auxilio
1282 2660 1603 2718 caruerunt;
1632 2667 1695 2708 ac
1716 2660 1840 2707 tunc
1868 2652 2083 2708 demum
2109 2652 2263 2707 vide-

626 2740 637 2746 ’
673 2740 798 2797 bitis
819 2782 835 2807 ,
878 2746 1132 2811 quantum
1161 2743 1455 2799 intercedat
1484 2745 1843 2801 intervallum.
1875 2744 2058 2799 Potius
2082 2752 2261 2799 autem

672 2833 773 2903 ipsi
794 2847 897 2890 nos
916 2834 1059 2904 ipsos
1080 2834 1466 2902 examinemus,
1483 2836 1668 2906 quales
1688 2836 1902 2906 quidem
1928 2836 2117 2903 simus,
2135 2835 2261 2891 dum

674 2922 851 2979 divina
877 2924 1119 2979 doctrina
1148 2924 1405 2991 fruimur,
1438 2926 1619 2996 quales
1646 2936 1825 2981 autem
1852 2967 1867 2989 ,
1895 2940 2016 2979 cum
2044 2925 2136 2981 diu
2162 2924 2264 2979 hac

676 3015 945 3083 privamur
962 3014 1210 3087 utilitate.
1250 3014 1327 3070 Ne
1359 3016 1519 3085 igitur
1558 3026 1763 3070 tantum
1802 3015 1937 3069 lucri
1972 3013 2264 3086 profunda-

676 3122 821 3163 tuus.
836 3104 954 3160 Hoc
969 3105 1113 3160 enim
1136 3104 1191 3158 in
1207 3103 1330 3158 loco
1354 3100 1694 3173 frequentem
1716 3115 1860 3167 esse,
1873 3100 2057 3153 omnia
2072 3098 2261 3155 conci-

677 3198 771 3250 liat
797 3196 961 3251 bona.
988 3192 1267 3249 Hinccum
1295 3191 1605 3257 discedunt,
1630 3191 1787 3245 etrir
1812 3189 2029 3245 mulieri
2046 3190 2261 3245 videtur

680 3287 1015 3352 honoratior,
1043 3293 1098 3341 et
1130 3286 1328 3339 mulier
1352 3285 1469 3338 viro
1506 3283 1809 3339 amabilior.
1830 3282 2043 3337 Etenim
2063 3282 2262 3345 'mulie-

678 3394 790 3434 rem
809 3394 917 3434 non
946 3375 1295 3447 pulchritudo
1312 3373 1561 3443 corporis
1577 3371 1733 3427 valde
1747 3371 2037 3427 amabilem
2058 3370 2259 3439 reddit,

1375 360 1433 415 S.
1475 361 1750 438 JOANNlS
1786 361 2258 453 CHRYSOSTOMl
2299 366 2626 423 AHCHIEP-
2658 365 3195 423 CONSTANTINOP.

3854 367 3964 420 8i?

2358 480 2454 533 sed
2476 478 2668 533 anima:
2689 478 2893 543 virtus;
2920 494 3026 533 non
3054 479 3255 547 pictura
3271 485 3329 531 et
3346 476 3519 543 fucus,
3543 490 3715 547 neque
3739 489 3964 539 aurum,

2360 586 2532 639 neque
2578 578 2753 624 vestes
2799 570 3047 638 pretiosae
3074 586 3091 623 :
3120 569 3603 637 sed,temperantia
3632 578 3687 624 et
3713 567 3970 638 probitas

2360 668 2413 713 et
2443 659 2601 712 timor
2623 658 2830 714 stabilis
2854 674 2978 727 erga
3005 659 3194 713 Deum.
3226 659 3307 713 Ad
3334 658 3471 713 hanc
3503 674 3633 713 vero
3655 699 3670 722 ,
3704 674 3823 727 quae
3854 660 3968 711 sub

2358 750 2759 820 intelligentiam
2776 745 3812 820 caditpulchritudinemcontparandam
3847 766 3962 803 nu-

2359 854 2551 908 squam
2588 838 2715 893 alibi
2754 848 3001 894 accurata
3038 839 3437 909 exercitationis
3469 840 3605 893 ratio
3630 839 3956 907 adhibetur,

2361 940 2713 1001 praeterquam
2744 931 2797 985 in
2823 929 2926 985 hoc
2951 922 3263 984 admirabili
3277 944 3341 983 ac
3366 929 3549 983 divino
3570 930 3709 995 loco,
3737 939 3958 999 aposto—

2362 1022 2429 1076 lis
2452 1029 2507 1077 et
2527 1021 2800 1091 prophetis
2822 1020 3149 1091 tergentibus
3170 1060 3185 1085 ,
3204 1020 3517 1075 ornantibus
3536 1062 3553 1087 ,
3576 1019 3958 1075 abradentibas

2359 1120 2688 1167 senectutem
2713 1110 2937 1181 peccati,
2966 1110 3349 1166 adducentibus
3378 1112 3613 1181 vigorem
3637 1112 3958 1181 iuventutis,

2360 1219 2574 1259 omnem
2599 1218 2804 1275 rugam,
2831 1194 3046 1260 omnem
3068 1203 3355 1270 maculam,
3375 1218 3591 1258 omnem
3616 1218 3827 1261 ntevum
3860 1202 3960 1271 eji-

2360 1294 2622 1352 cientibus
2642 1311 2709 1350 ex
2734 1296 2927 1363 animis
2946 1295 3166 1351 nostris.
3192 1295 3343 1350 Hanc
3363 1295 3539 1365 igitur,
3565 1304 3622 1351 et
3642 1296 3739 1349 viri
3760 1304 3815 1350 et
3838 1310 3960 1349 mu-

2362 1386 2554 1454 lieres,
2581 1386 2890 1451 studeamus
2916 1386 3072 1443 nobis
3100 1386 3416 1443 familiarem
3452 1386 3629 1442 facere
3653 1384 3959 1456 pulchritu-

2362 1480 2562 1543 dinem,
2580 1471 3329 1536 utnobiscum’habitet.Nam
3338 1474 3587 1542 corporis
3597 1475 3963 1546 pulchritudi-

2363 1586 2492 1628 nem
2516 1579 2571 1625 et
2595 1568 2819 1625 morbus
2843 1568 3091 1624 tabcfacit
3113 1608 3129 1633 ,
3161 1577 3217 1622 et
3250 1568 3507 1637 temporis
3530 1567 3807 1638 longitudo
3832 1582 3963 1623 cor-

2363 1660 2581 1729 rumpit,
2605 1667 2660 1714 et
2683 1669 2930 1714 senectus
2949 1650 3333 1732 exstinguit,‘éi
3351 1673 3495 1713 mors
3520 1658 3772 1728 ingruens
3792 1667 3965 1712 totam

2365 1752 2541 1809 medio
2574 1752 2730 1807 tollit.
2766 1752 2896 1809 Eam
2945 1765 3071 1806 vero
3097 1766 3218 1827 qua
3248 1752 3302 1806 in
3330 1752 3504 1806 anima
3530 1760 3644 1818 est,
3668 1767 3787 1806 'non
3823 1760 3967 1805 temo

2366 1855 2483 1910 pus,
2516 1856 2621 1898 non
2649 1841 2889 1908 morbus,
2918 1855 3028 1896 non
3048 1850 3318 1908 senectus,
3347 1857 3454 1897 non
3476 1858 3642 1915 mors.
3676 1856 3785 1897 non
3814 1840 3969 1896 aliud

2370 1928 2675 1998 huiusmodi
2716 1929 3007 2000 quidquam
3039 1937 3218 1999 potest
3254 1930 3481 2000 perdere
3513 1950 3529 1986 :
3557 1930 3655 1986 sed
3699 1938 3968 2001 perpetuo

2364 2016 2537 2073 ﬂoret.
2552 2014 2616 2070 Et
2624 2017 2973 2093 pulchritudo
2983 2019 3204 2087 quidem
3215 2020 3463 2091 corporis
3472 2032 3617 2089 saepe
3629 2029 3807 2088 specta
3814 2030 3966 2075 tores

2364 2111 2432 2166 ad
2464 2110 2923 2185 intemperantiam
2951 2118 3226 2180 provocat.
3268 2110 3339 2176 At
3376 2125 3475 2180 ea,
3502 2125 3623 2180 quae
3652 2110 3705 2164 in
3734 2110 3920 2173 animo
3941 2150 3960 2175 ,

2366 2202 2655 2272 ipsummet
2683 2202 2851 2263 Deum
2880 2200 2949 2254 ad
2978 2200 3060 2255 sui
3086 2215 3329 2255 amonem
3353 2200 3555 2265 allicit,
3598 2209 3757 2269 prout
3793 2202 3967 2255 etiam

2366 2291 2623 2364 propheta
2642 2291 2795 2358 dixit,
2819 2290 3111 2347 Ecclesiam
3132 2290 3428 2360 alloquens,
3442 2291 3599 2356 Audi,
3622 2291 3749 2358 filia,
3766 2290 3968 2356 aside,

2365 2394 2410 2437 ct
2435 2383 2625 2439 inclina
2652 2398 2826 2436 aurem
2862 2391 3002 2435 tum
3033 2396 3053 2437 :
3076 2390 3129 2437 et
3166 2370 3467 2459 obliviscere
3496 2381 3742 2451 populant
3780 2391 3928 2457 tum
3948 2420 3967 2445 ,

2363 2483 2411 2527 et
2444 2473 2650 2547 domum
2678 2472 2838 2537 patris
2862 2472 2937 2524 tui
2956 2487 2976 2525 :
3002 2480 3050 2526 et
3078 2472 3399 2541 concupiscet
3428 2470 3549 2525 Rea:
3561 2472 3790 2525 decorem
3816 2480 3972 2523 tum

2365 2563 2385 2631 (
2408 2562 2552 2618 Psal.
2580 2562 2671 2617 u.
2694 2563 2782 2617 ll.
2808 2562 2877 2616 12
2896 2560 2936 2631 ).
2966 2561 3150 2632 Igitur,
3170 2576 3205 2616 o
3228 2561 3429 2628 dilecti,
3453 2571 3513 2619 ut
3530 2562 3818 2616 amicitiam
3838 2575 3971 2616 cum

2365 2654 2477 2711 Deo
2504 2654 2906 2722 contrahamus,
2922 2650 3063 2707 hanc
3072 2653 3313 2723 quotidie
3327 2652 3790 2723 pulchritudinem
3801 2668 3971 2727 cure-

2367 2760 2487 2801 mus
2519 2753 2578 2800 et
2614 2744 2852 2800 colamus
2874 2784 2891 2810 ,
2918 2742 3319 2813 Scripturarum
3348 2743 3577 2797 lectione
3599 2757 3817 2797 omnem
3846 2757 3973 2796 ma-

2363 2837 2538 2893 culam
2579 2836 2983 2907 abstergentes,
3026 2835 3303 2907 precibus,
3328 2834 3735 2905 .eleemosynis,
3778 2838 3972 2889 mutua

2364 2926 2646 2983 concordia
2667 2944 2681 2981 :
2705 2937 2899 2991 utam,
2922 2934 3129 2980 amator
3151 2924 3323 2979 factus
3342 2933 3541 2978 nostra:
3560 2940 3679 2995 quze
3700 2925 3755 2978 in
3775 2926 3969 2978 animo

2366 3015 2806 3086 pulchritudinis,
2818 3018 3180 3091 digneturnos
3190 3017 3454 3073 ctelorum
3467 3030 3638 3089 regno
3652 3034 3666 3071 :
3680 3013 3828 3085 quod
3860 3016 3976 3069 uti-

2364 3121 2488 3161 nam
2532 3120 2629 3159 nos
2664 3105 2852 3160 omnes
2890 3119 3287 3175 consequamur
3319 3105 3492 3175 gratia
3531 3113 3587 3159 et
3629 3104 3977 3159 humanitate

2364 3184 2577 3253 Domini
2605 3196 2771 3252 nostri
2794 3196 2923 3253 Jesu
2947 3196 3148 3253 Christi
3165 3240 3180 3261 ,
3204 3213 3331 3253 cum
3357 3212 3464 3268 quo
3489 3197 3636 3252 Patri
3666 3197 3860 3268 gloria,
3889 3196 3977 3251 si-

2364 3287 2579 3357 mulque
2604 3286 2823 3357 Spiritui
2863 3296 3071 3355 sancto,
3105 3302 3249 3342 nunc
3270 3296 3325 3342 et
3352 3302 3567 3356 semper
3594 3295 3651 3342 et
3687 3287 3741 3341 in
3767 3286 3976 3344 sucula

2362 3377 2701 3432 seculorum.
2729 3378 2922 3434 Amen.

692 3634 3753 3669 Μ

789 3793 871 3858 1N
917 3791 1221 3861 LIBRUM
1260 3790 1479 3863 QUOD
1520 3775 1909 3853 cu‘tusros
1945 3788 2070 3849 SIT
2111 3762 2332 3860 usus,
2377 3786 2701 3849 CONTRA
2737 3784 3066 3847 JUDEOS
3105 3785 3377 3859 ATQUE
3418 3784 3839 3855 GENTILES,

737 3986 1059 4056 At-gumcntt
1089 3978 1300 4043 ratione
1332 3974 1489 4036 moti,
1527 3974 1670 4027 hunc
1705 3971 1901 4026 librum
1928 3981 2055 4041 post
2083 3970 2262 4030 homi-

670 4078 769 4132 lias
793 4082 982 4137 contrq
1010 4072 1289 4131 Anomaws
1324 4074 1379 4122 et
1413 4065 1491 4119 De
1516 4062 1959 4118 consubstantiati
1986 4061 2262 4131 ponimus.

667 4174 857 4244 Agitur
886 4166 1033 4232 enim
1088 4162 1379 4233 utrobique
1408 4162 1477 4220 de
1524 4159 1808 4217 divinitate
1839 4155 2068 4215 Christi,
2099 4168 2265 4224 quam

667 4260 919 4315 Anommi
951 4256 1155 4327 aliique
1185 4267 1377 4309 omnes
1413 4250 1630 4305 "Ariani
1659 4248 1743 4304 vel
1793 4246 2103 4318 negabant;
2128 4260 2266 4304 ,cum

667 4356 911 4410 dicerent
935 4350 1219 4417 Christum
1251 4345 1419 4401 Deum
1451 4341 1674 4414 quidem
1703 4356 1845 4407 esse,
1871 4339 1967 4397 sed
1998 4352 2109 4398 non
2138 4352 2267 4407 vero

667 4446 885 4510 Deum;
938 4442 1020 4497 vel
1076 4455 1171 4496 ore
1205 4447 1417 4494 tantum
1453 4444 1615 4491 tenus
1664 4432 2089 4495 conﬁtebantur,
2138 4443 2267 4486 cum

669 4536 823 4595 illum
851 4532 1175 4602 simpliciter
1204 4529 1376 4583 Deum
1399 4526 1712 4583 vocabant:
1744 4522 1922 4579 Judaei
1950 4537 2082 4579 vero
2104 4529 2273 4593 atque

668 4628 899 4697 gentiles
959 4626 1169 4695 absque
1246 4622 1360 4677 ullo
1422 4626 1859 4690 temperamento
1924 4612 2268 4686 rejiciebant.

641 4716 977 4776 Commode
1002 4717 1175 4788 igitur
1202 4715 1323 4771 haec
1359 4727 1548 4785 opera,
1577 4726 1702 4783 qua:
1728 4718 1787 4767 ut
1815 4708 1931 4764 fors
1959 4707 2085 4763 tulit
2112 4719 2273 4775 sepa-

670 4820 791 4866 rata
821 4809 1059 4871 fuerant,
1116 4820 1228 4861 una
1291 4804 1435 4861 serie
1490 4802 1720 4874 legenda
1779 4799 2110 4869 oﬂ'erimus:
2169 4808 2274 4851 nec

669 4904 854 4959 minus
884 4908 1194 4972 Opportune
1223 4897 1375 4954 hunc
1406 4896 1767 4961 librumante
1794 4891 2053 4948 ho’milias
2085 4898 2274 4946 contra

665 4997 887 5053 Judaos
922 4996 1191 5056 locamus,
1226 4989 1450 5061 quando
1479 4988 1597 5059 ipso
1628 4986 2059 5065 Chrysostomus
2088 4984 2145 5042 in
2168 4984 2275 5039 hoc

668 5094 835 5158 opere
869 5084 1060 5140 contra
1094 5070 1316 5147 iam
1342 5094 1403 5135 se
1441 5076 1899 5139 concinnaturum
1950 5072 2276 5145 propediem

666 5194 791 5236 esse
818 5168 1283 5250 pollicetur:',abi
1309 5186 1406 5228 eas
1446 5169 1595 5241 ipsas
1635 5182 1761 5239 qua
1811 5174 1939 5237 post
1992 5165 2143 5221 hunc
2206 5166 2277 5221 li-

654 5254 830 5329 brum
866 5275 1173 5340 sequuntur
1212 5264 1473 5325 humilias
1500 5263 1687 5334 ipsum
1716 5272 2155 5317 commemorare
2183 5275 2275 5315 ve-

668 5362 903 5419 risimile
928 5368 1035 5424 est.
1065 5368 1128 5415 ut
1174 5372 1303 5413 mox
1334 5356 1570 5415 dicetur.
1621 5354 1745 5427 Qua
1784 5361 1967 5408 autem
2026 5358 2275 5421 tempore

669 5467 850 5526 quave
877 5451 1171 5509 occasione
1212 5448 1361 5506 hunc
1389 5446 1624 5502 ediderit
1678 5445 1907 5510 librum,
1938 5439 2273 5522 coniecturis

673 5562 784 5601 non
816 5544 1031 5600 levibus
1064 5557 1240 5612 neque
1270 5539 1451 5596 dubiis
1472 5539 1745 5606 eapiscari
1796 5550 2113 5607 possumus.
2153 5533 2277 5589 Pri-

678 5652 769 5692 mo
799 5635 1020 5707 quidem
1081 5633 1326 5688 nondum
1382 5631 1717 5702 episcopum,
1748 5627 1939 5694 fuisse,
1995 5641 2100 5681 nec
2130 5625 2278 5681 Con-

672 5725 1029 5798 stantinopoli
1067 5733 1200 5779 tunc
1251 5722 1470 5793 degisse
1524 5720 1986 5791 Chrysostomum
2044 5716 2279 5787 suadere

676 5822 927 5879 videntur
970 5822 1088 5877 haec
1120 5820 1285 5876 verba
1313 5836 1327 5873 :
1360 5815 1473 5873 Kal
1500 5816 1559 5893 tv
1590 5818 1661 5886 τῇ
1697 5811 2276 5889 Κωνσταντιγουπόλιι

2362 3969 2420 4022 δὲ
2453 3968 2573 4023 οὐδὲ
2606 3967 2743 4039 πρὸς
2766 3962 2894 4033 τοὺς
2924 3968 3258 4032 ἀποστόλους
3286 3968 3481 4038 ἐγγὺς,
3507 3969 3649 4024 ἀλλὰ
3679 3974 3811 4043 παρ’
3833 3974 3987 4033 αὐτὰ

2363 4061 2434 4115 τὰ
2460 4060 2711 4132 πρόθυρα
2734 4058 2842 4127 ιξω
2862 4060 3149 4131 ἀγαπητὸν
3174 4056 3314 4115 εῖναι
3340 4050 3605 4133 ἐνόμισαν
3622 4064 3675 4116 oi.
3695 4064 3767 4118 τὰ
3790 4064 3985 4138 διαδή-

2370 4168 2518 4223 ματα
2548 4150 2931 4222 περικείμενοι
2959 4151 3031 4206 τὰ
3058 4150 3290 4223 σώματα
3309 4153 3492 4207 αὐτῶν
3525 4150 3986 4227 κατορύττεσθαι,

2340 4232 2463 4296 ’καὶ
2492 4242 2750 4321 γεγᾴνασι
2782 4241 3023 4314 θυρωροὶ
3048 4242 3235 4297 λοιπὸν
3258 4244 3371 4296 τῶν
3403 4244 3604 4300 ἁλιέων
3636 4250 3686 4300 oi
3711 4243 3983 4317 βασιλεῖς·

2368 4335 2464 4394 καὶ
2485 4336 2545 4389 ὲν
2570 4336 2639 4407 τῇ
2676 4334 2904 4406 τελευτῇ
2944 4336 3046 4389 οὐκ
3084 4336 3455 4407 αἰσχύνονται,
3486 4337 3623 4392 ἀλλὰ
3653 4340 3749 4394 καὶ
3775 4340 3986 4409 trita.)-

2368 4427 2721 4492 λωπίζονται,
2750 4427 2812 4483 οὐ
2833 4426 2994 4498 μόνον
3026 4428 3201 4492 αὐτοὶ,
3224 4427 3363 4482 ἀλλὰ
3393 4430 3490 4483 καὶ
3511 4431 3562 4483 oi
3592 4430 3808 4501 ἔκγονοι
3832 4431 3989 4486 ἑκεί-

2373 4536 2497 4575 νων.
2534 4518 2573 4576 l.
2605 4532 2656 4572 ο.
2696 4516 3165 4586 Constantinopoli
3199 4532 3321 4572 sero
3352 4535 3458 4575 non
3493 4534 3656 4590 prapc
3682 4522 3982 4595 apostolos,

2372 4613 2463 4668 sed
2488 4612 2620 4682 {oris
2653 4611 2875 4686 ad‘ipu
2898 4612 3092 4667 limina
3125 4622 3437 4683 optaverunt
3468 4615 3513 4669 ii
3553 4615 3646 4685 qui
3676 4615 3986 4672 diademate

2378 4705 2819 4769 redimicbantur,
2852 4720 3077 4775 corpora
3103 4722 3204 4761 sua
3237 4706 3472 4776 sepeliri,
3512 4716 3671 4779 atque
3688 4710 3769 4762 ita
3806 4710 3981 4779 inspe-

2374 4805 2580 4851 ratores
2602 4797 2935 4865 piscatorunt
2963 4798 3176 4852 ostiarii
3219 4798 3353 4869 {acti
3400 4807 3565 4855 sunt:
3610 4801 3688 4855 sic
3734 4802 3801 4856 in
3828 4802 3984 4856 obitu

2380 4888 2479 4943 Itoc
2513 4905 2618 4943 non
2643 4887 2915 4955 dedecori,
2954 4890 3049 4943 sed
3082 4890 3273 4944 honori
3324 4890 3429 4945 sibi
3484 4907 3606 4946 esse
3628 4902 3819 4962 patent
3872 4910 3978 4946 non

2377 4981 2550 5037 solum
2580 4982 2705 5050 ipsi,
2734 4982 2828 5037 sed
2860 4982 3024 5037 etiam
3044 4998 3229 5037 eorum
3256 4992 3488 5051 ncpctcs.
3516 4982 3649 5039 Haec
3667 4984 3759 5039 vix
3785 4989 3991 5054 puten-

2380 5082 2471 5130 tur
2532 5089 2658 5129 esse
2717 5074 3193 5145 Constantinopoli
3236 5076 3635 5132 commorantis
3659 5094 3680 5131 :
3737 5086 3796 5132 et
3841 5092 3991 5134 sane

2380 5166 2500 5239 pari
2551 5162 2716 5221 modo
2749 5167 2820 5222 de
2873 5167 3358 5239 Constantinopoli
3414 5168 3681 5240 loquitur,
3712 5218 3721 5223 ,
3738 5182 3850 5238 quo
3914 5168 3991 5225 de

2385 5260 2525 5315 urbe
2550 5258 2724 5313 Roma
2789 5259 2958 5329 paulo
3004 5259 3341 5329 ante-verba
3391 5258 3617 5319 fecerat.
3675 5257 3994 5317 Antiochia

2376 5349 2549 5420 igitur
2581 5349 2641 5405 S.
2679 5351 2964 5419 doctorem
2999 5350 3146 5408 hanc
3173 5352 3488 5424 suscepisse
3508 5340 3735 5423 operam
3762 5358 3990 5407 certum

2378 5443 2611 5499 videtur.
2646 5442 2786 5501 Huic
2818 5458 2930 5499 non
2977 5443 3301 5501 inferiorem
3331 5445 3593 5515 temporis
3628 5451 3813 5499 notam
3844 5458 3993 5516 sup-

2364 5536 2587 5609 peditat
2614 5537 3048 5607 Chrysostomus
3074 5536 3243 5607 paulo
3272 5546 3401 5592 ante
3428 5537 3593 5591 tinem
3630 5535 3834 5606 operis,
3881 5537 3990 5592 ubi

2379 5637 2673 5699 postquam
2697 5645 2764 5684 ex
2785 5627 2995 5685 Veteris
3010 5627 3352 5685 Testamenti
3381 5628 3516 5684 locis
3538 5628 3771 5699 carptim
3798 5625 3990 5685 allatis

2380 5720 2658 5790 probavit,
2693 5722 2748 5776 in
2780 5722 3019 5777 adventu
3051 5719 3255 5776 Christi
3274 5719 3661 5791 abmgandum
3702 5733 3828 5775 esse
3858 5719 3986 5775 cul-

2379 5820 2495 5868 tum
2525 5811 2841 5879 Judaicum,
2866 5812 2983 5868 haec
3018 5811 3206 5893 adjicit
3238 5829 3252 5867 :
3290 5810 3452 5865 Ἀλλὰ
3477 5811 3654 5868 ταῦτα
3678 5811 3781 5883 μιν
3812 5810 3992 5884 ἡνίκα
