4186 6326
135 372 248 430 813

1153 511 1162 542 ι

727 370 1002 426 comm
1041 326 1328 429 mnos
1365 369 1454 427 ET
1493 370 1851 430 GENTILES.
1891 367 2078 444 ouoo
2115 363 2454 430 cnntsrus
2489 367 2598 429 sn'
2636 367 2836 426 usus.

3338 360 3446 438 stt

277 1350 618 1394 anvxnsus
660 1349 914 1411 magos
959 1350 1041 1392 ΕΤ
1079 1348 1386 1392 GENTILES
1443 1337 1723 1390 DEIONS'I

1832 1342 1962 1398 Τιο,
2004 1341 2180 1395 QUOD
2232 1339 2539 1385 CHRISTUS
2581 1341 2684 1383 SIT
2726 1337 2916 1395 θευε,
2961 1338 3046 1380 EX
3088 1337 3194 1393 IIS,
3239 1335 3382 1389 ρυλε

844 1449 1078 1494 MULTIS
1125 1448 1190 1490 IN
1234 1447 1410 1491 LOCIS
1456 1448 1538 1491 DE
1582 1444 1726 1489 Πιιο
1767 1444 1963 1488 DICTA
2006 1443 2170 1487 SUN’I’
2211 1443 2380 1486 APUD
2411 1442 2804 1485 PROPEETAS.

216 2260 266 2314 Ι·
303 2258 582 2325 Quoniam
614 2258 860 2328 Plerique
891 2254 1336 2319 δοηὶῑηυωοεῖνθ
1355 2251 1629 2307 “innata
1653 2264 1748 2305 50-
1843 2256 2076 2318 hominis
2126 2272 2331 2318 tantum
2381 2252 2592 2331 orbem,
2641 2275 2865 2336 terram,
2918 2263 3087 2337 mare,
3139 2278 3245 2326 tam
3297 2273 3443 2330 brevi

137 2351 356 2416 cordia,
387 2351 508 2406 sive
528 2364 595 2403 ex
637 2349 803 2403 nimia
841 2347 1185 2403 smcularium
1217 2359 1422 2408 rerum,
1451 2343 1652 2411 quibus
1682 2355 1743 2395 se

136 2441 500 2506 dediderunt,
534 2455 667 2494 cura
695 2447 859 2509 atque
890 2439 1279 2501 sollicitudine,
1316 2437 1410 2489 alii
1437 2438 1562 2489 vero
1587 2435 1743 2504 igno-

137 2533 322 2586 rantia
349 2547 550 2602 magna
567 2532 794 2594 detenti,
814 2531 1056 2600 prolixos
1073 2543 1356 2584 sermones
1378 2543 1489 2583 non
1511 2529 1743 2583 libenter

139 2627 401 2688 audiunt,
423 2638 603 2694 operae
628 2625 863 2694 pretium
885 2625 1060 2678 visum
1085 2631 1189 2685 est,
1212 2622 1543 2690 multiloquii
1569 2621 1739 2676 mole-

137 2717 306 2769 stiam
343 2731 602 2770 resecare
637 2736 649 2769 :
683 2726 740 2770 ut
774 2716 1044 2770 sermonis
1075 2715 1343 2770 brevitate
1385 2730 1506 2768 cum
1556 2715 1738 2784 segni-

137 2807 265 2860 tiem
291 2822 492 2860 eorum
517 2808 721 2871 tollam,
751 2816 864 2860 tum
891 2809 978 2869 iis,
997 2807 1088 2876 qui
1109 2809 1161 2860 in
1180 2808 1430 2862 lectionis
1451 2807 1730 2860 fastidium

136 2899 386 2967 prolapsi
413 2910 562 2960 sunt,
599 2900 880 2963 suadeam,
913 2907 972 2953 ut
993 2887 1260 2968 prasenti'
1279 2900 1515 2952 orationi
1539 2913 1731 2967 magna

134 3003 258 3041 cum
291 2989 585 3064 aclaritate
600 3003 762 3044 aures
786 2990 1079 3058 prazbeant.
1099 2991 1226 3044 Ideo
1248 2991 1415 3045 nullis
1442 2991 1728 3044 verborum

132 3070 543 3147 nominumque
579 3081 861 3136 lenociniis
894 3089 1075 3144 utens,
1111 3083 1206 3137 sed
1241 3082 1387 3136 dicta
1422 3082 1503 3136 sic
1524 3090 1729 3151 tetnpc~

132 3175 286 3230 rans,
330 3180 395 3221 ut
428 3168 657 3232 famulo,
692 3173 926 3236 ancillae,
957 3170 1447 3237 viduae,‘institori,
1479 3183 1658 3228 nautae
1677 3182 1760 3258 et.

132 3261 392 3330 agricolae
427 3271 588 3330 captu
627 3262 805 3317 facilia
830 3266 962 3330 sint,
993 3266 1243 3321 brevitati
1280 3268 1522 3336 insuper,
1556 3283 1730 3336 quan-

134 3358 248 3402 tum
284 3350 372 3404 fas
405 3352 534 3413 erit,
571 3354 772 3423 ubique
789 3357 1017 3411 studebo
1052 3359 1390 3428 :paucisque
1419 3361 1724 3415 doctrinam

133 3441 354 3496 tradere
384 3451 631 3512 satagam
664 3464 676 3498 :
703 3453 868 3514 atque
899 3460 1129 3518 utroque
1170 3451 1331 3503 modo
1372 3453 1723 3508 oscitantium

129 3529 449 3583 auditorum
482 3533 668 3586 studia
693 3537 944 3589 excitabo
969 3555 984 3603 ;
1016 3553 1125 3606 quo
1151 3541 1309 3595 facile
1335 3552 1388 3595 et
1415 3543 1621 3612 absque
1645 3546 1726 3598 la-

129 3621 260 3677 bore
278 3622 401 3677 hzec
430 3625 714 3693 percipere
741 3629 977 3696 possint,
1003 3631 1179 3701 iisque
1203 3633 1258 3687 in
1283 3613 1545 3690 memoria
1568 3654 1717 3707 repo-

128 3713 271 3774 sitis,
328 3714 547 3768 lucrum
583 3717 709 3771 inde
748 3727 1048 3788 reportent.
1096 3723 1340 3779 Primum
1378 3736 1559 3783 antem
1596 3745 1720 3783 cum

125 3800 448 3857 Gentilibus
466 3820 664 3884 manus
679 3822 988 3866 conseram.
1011 3810 1144 3866 Nam
1171 3814 1217 3868 si
1242 3815 1445 3869 dixerit
1468 3818 1718 3886 Gentilis,

130 3893 274 3947 unde
289 3894 649 3951 manifestum
674 3908 758 3954 est
777 3901 852 3956 Cb
862 3902 1055 3958 ristum
1073 3920 1195 3960 esse
1212 3906 1376 3961 Deum
1395 3908 1556 3979 ?(hoc
1577 3911 1722 3966 enim

127 3992 250 4038 ante
285 3987 478 4039 omnia
513 3990 853 4057 praestituere
880 3983 1116 4064 oportet,
1147 4006 1338 4068 utpote
1369 4015 1494 4055 cum
1526 4012 1724 4060 caetera

126 4070 252 4127 inde
279 4077 718 4147 consequantur)
739 4094 844 4134 non
870 4097 898 4132 a
923 4083 1062 4137 coelo
1089 4084 1613 4146 demonstrationem
1635 4109 1725 4162 pe-

125 4167 319 4226 temus,
353 4177 536 4230 neque
579 4164 646 4218 ab
675 4166 794 4220 aliis
842 4167 895 4221 id
922 4183 1111 4238 genus.
1148 4170 1280 4225 Nam
1317 4173 1364 4227 si
1396 4173 1472 4228 illi
1500 4174 1716 4244 dixero,

121 4249 308 4303 crclum
355 4253 581 4320 creavit,
624 4263 822 4310 terram
863 4258 990 4312 item
1034 4260 1117 4314 vel
1156 4276 1327 4340 mare,
1376 4263 1429 4317 id
1472 4265 1584 4334 ipse
1611 4281 1720 4321 non

123 4338 283 4404 feret;
323 4343 371 4395 si
402 4343 613 4412 dixero,
656 4357 896 4404 mortuos
939 4352 1235 4416 suscitavit,
1279 4338 1453 4410 caecos
1490 4359 1716 4425 curavit,

123 4429 397 4486 daamonas
451 4434 671 4503 fugavit,
713 4453 890 4508 neque
937 4439 1042 4496 hoc
1087 4443 1364 4511 admittet;
1409 4447 1455 4502 si
1508 4449 1715 4518 dixero,

123 4535 341 4590 regnum
373 4527 623 4593 promisit
647 4539 702 4584 et
729 4532 935 4585 occulta
967 4533 1135 4599 bona,
1157 4536 1206 4590 si
1230 4536 1298 4593 de
1322 4542 1718 4598 resurrectione

124 4612 276 4666 verba
305 4614 515 4681 fecero,
548 4618 650 4673 hoc
679 4636 784 4674 non
816 4624 978 4678 modo
1005 4641 1112 4680 non
1145 4629 1385 4698 recipiet,
1415 4633 1509 4686 sed
1553 4634 1716 4689 etiam

121 4700 333 4760 ridebit.
368 4706 522 4762 Unde
549 4710 728 4779 igitur,
759 4716 995 4771 maxime
1031 4719 1074 4771 si
1116 4719 1279 4774 idiota
1319 4722 1409 4787 sit,
1450 4724 1597 4778 illum
1627 4727 1713 4779 in-

122 4797 446 4854 stituemus?
473 4799 648 4867 Unde,
683 4805 918 4875 inquam,
961 4810 1062 4882 nisi
1089 4826 1152 4866 ex
1186 4812 1272 4877 iis,
1301 4829 1420 4883 qua:
1449 4817 1588 4885 apud
1629 4834 1717 4874 me

118 4895 166 4937 et
214 4888 365 4942 illum
416 4891 469 4943 in
528 4893 778 4950 confesso
820 4907 966 4964 sunt,
1014 4917 1115 4956 nec
1166 4903 1218 4957 in
1261 4904 1480 4960 dubium
1533 4910 1714 4963 vocari

124 4988 361 5042 possunt.
386 4979 524 5035 Nam
564 4983 607 5036 si
647 5001 943 5054 supponam
983 4990 1156 5060 ipsum
1186 4995 1492 5052 condidisse
1520 4999 1714 5054 caelum

120 5075 169 5118 et
193 5067 320 5134 alia,
350 5085 472 5152 qua:
499 5071 630 5138 dixi,
677 5075 729 5129 id
757 5077 847 5132 ille
893 5095 1000 5135 non
1042 5082 1196 5138 facile
1221 5087 1425 5142 credet.
1455 5089 1714 5163 Quaenam

122 5157 276 5226 igitur
301 5172 433 5216 sunt
466 5178 550 5231 ea,
583 5182 704 5235 qum
734 5168 904 5238 ipsum
933 5172 1126 5231 fecisse
1165 5176 1392 5233 Gentilis
1436 5180 1558 5250 ipse
1582 5157 1715 5238 fate-

125 5259 224 5315 tur,
252 5268 432 5322 neque
476 5272 674 5327 negare
714 5260 1120 5333 potest?'Quod
1165 5267 1713 5345 Cbrislianorum‘ge-

124 5358 214 5396 nns
237 5345 355 5413 ipse
380 5346 679 5406 fundaverit
707 5371 721 5407 :
755 5371 927 5425 neque
954 5359 1096 5413 enim
1133 5361 1262 5416 illud
1292 5377 1580 5434 negaturus
1608 5380 1712 5436 est,

123 5435 254 5500 quael
284 5438 570 5496 universas
596 5457 692 5512 per
712 5447 897 5500 orbem
929 5449 1198 5526 Ecclesias
1225 5455 1715 5533 condiderit.‘Hinc

122 5525 226 5589 ejus
259 5530 516 5596 potentiae
552 5545 925 5604 argumentum
965 5525 1247 5609 ducemus,
1280 5555 1334 5612 et
1368 5525 1716 5606 ostendemus

121 5612 289 5690 ipsum
313 5633 446 5677 vere
488 5621 655 5680 Deum
703 5641 825 5688 esse
854 5647 867 5683 :
901 5629 1244 5704 dicemusque
1281 5651 1387 5693 non
1432 5653 1552 5698 esse
1596 5644 1714 5711 puri

1840 2363 2080 2424 tempore
2123 2355 2433 2424 pervadere,
2469 2364 2525 2411 et
2563 2357 2632 2411 ad
2668 2373 2756 2413 res
2801 2368 2975 2414 tantas
3013 2361 3278 2428 evocare‘;
3320 2379 3442 2418 cum

1840 2445 2078 2499 maxime
2122 2453 2230 2499 tam
2277 2447 2524 2500 absurdis
2553 2449 2808 2504 ‘moribus
2842 2451 3041 2506 assueti
3081 2453 3323 2509 homines
3361 2470 3447 2510 es-

1845 2543 1985 2599 sent,
2013 2543 2070 2590 et
2101 2544 2179 2590 tot
2205 2537 2360 2592 malis
2385 2538 2593 2592 irretiti.
2621 2539 2692 2593 Et
2720 2549 2897 2595 tamen
2929 2543 3102 2611 potuit
3129 2543 3219 2598 ille
3251 2543 3452 2613 huma:

1845 2629 1973 2680 num
2006 2642 2177 2697 genus
2203 2629 2272 2683 ab
2313 2628 2396 2684 bis
2428 2630 2678 2685 omnibus
2714 2632 2982 2699 liberare;
3029 2649 3136 2688 non
3172 2634 3445 2690 Romanos

1846 2727 2072 2785 tantum,
2110 2721 2206 2775 sed
2229 2721 2419 2776 Persas
2445 2731 2497 2776 et
2523 2737 2684 2778 omne
2710 2723 3069 2780 Barbarorum
3097 2743 3285 2797 genus.
3316 2729 3444 2785 Haec

1817 2824 2006 2878 'porro
2035 2809 2158 2865 fecit
2203 2827 2310 2866 non
2361 2813 2525 2867 armis
2569 2830 2718 2879 usus,
2768 2833 2874 2870 non
2903 2820 3226 2887 sumptibus,
3279 2821 3441 2874 nullis

1840 2901 2184 2969 exercitibus,
2216 2918 2322 2957 non
2344 2905 2645 2959 commissis
2671 2908 2892 2975 prmiiis,
2920 2908 3015 2962 sed
3044 2904 3305 2978 principio
3350 2927 3444 2980 per

1843 2991 2090 3046 undecim
2142 2993 2309 3060 viros,
2375 2994 2657 3064 ignobiles,
2715 2999 2864 3062 viles,
2931 3000 3165 3068 ignaros,
3220 3001 3434 3067 idiotas,

1841 3097 2124 3153 pauperes,
2159 3085 2352 3149 nudos,
2381 3085 2631 3150 inermes,
2682 3089 2879 3143 calceis
2913 3100 3180 3158 carentes,
3224 3108 3328 3147 una
3361 3103 3443 3147 tu-

1841 3175 1960 3227 nica
1990 3183 2181 3229 tectos.
2222 3176 2358 3241 Quid
2400 3177 2539 3241 dico,
2587 3178 2755 3233 fecit?
2785 3181 3119 3236 Persuadere
3151 3186 3322 3252 potuit
3363 3192 3442 3238 tot

1840 3265 2118 3338 hominum
2153 3267 2420 3335 gentibus,
2468 3277 2526 3322 ut
2569 3285 2675 3327 nou
2709 3271 2778 3325 de
2806 3274 3162 3340 prmscntibus
3210 3285 3436 3341 tantum,

1840 3356 1937 3409 sed
1969 3357 2126 3410 etiam
2156 3358 2223 3411 de
2266 3358 2454 3412 futuris
2482 3361 3027 3431 pbiIOSOpbarentur,'
3047 3350 3210 3434 utque
3241 3369 3439 3436 patrias

1839 3446 1984 3515 leges
2031 3449 2346 3515 evellereut,
2407 3460 2722 3521 veteresque
2770 3470 2949 3509 mores
3001 3465 3148 3511 tanto
3199 3469 3440 3527 tempore

1837 3539 2105 3594 radieatos
2158 3541 2371 3609 penitus
2429 3542 2696 3610 tollerent,
2740 3547 2982 3613 aliosque
3029 3549 3435 3616 substituerent,

1837 3631 1927 3699 qui
1969 3631 2036 3684 ab
2077 3633 2304 3685 assuetis
2331 3642 2385 3687 et
2427 3633 2672 3689 facilibus
2711 3635 2778 3690 ad
2807 3637 3109 3693 difficiliora
3154 3641 3273 3708 ejus
3300 3658 3439 3711 pra:-

1839 3731 1992 3790 cepta
2019 3721 2378 3776 traducerent.
2409 3723 2536 3777 Haec
2560 3740 2691 3779 vero
2721 3726 2898 3782 facere
2943 3715 3133 3798 p’otuit,
3173 3730 3301 3784 dum
3341 3745 3438 3801 op-

1836 3821 2160 3880 pugnaretur
2179 3813 2244 3866 ab
2266 3815 2512 3868 omnibus
2537 3833 2552 3869 :
2579 3831 2903 3887 crucemque
2930 3820 3204 3886 sustinuit,
3236 3822 3435 3878 infame

1833 3903 2171 3971 supplicium,
2217 3919 2280 3958 ac
2324 3914 2554 3960 mortem
2605 3908 3196 3976 ignominiosissimam.
3244 3912 3430 3983 Neque

1832 3995 1976 4048 enim
2003 3996 2273 4063 negabunt
2300 3996 2473 4065 ipsum
2500 4014 2528 4050 a
2556 3997 2757 4054 Iudaeis
2783 4002 3095 4056 crucifixum
3125 4004 3435 4060 innumera-

1829 4080 1935 4154 q'ue
1957 4086 2026 4140 ab
2054 4086 2161 4140 illis
2188 4102 2404 4155 passum
2433 4104 2584 4153 esse,
2618 4101 2671 4144 et
2700 4102 2875 4146 tamen
2906 4094 3145 4162 quotidie
3173 4097 3433 4163 prmdica-

1831 4175 2032 4229 tionem
2071 4191 2383 4233 accrescere
2415 4179 2698 4250 :quodque
2728 4182 3042 4238 incredibile
3070 4185 3336 4251 videatur,
3353 4204 3432 4243 «ea

1829 4281 1938 4320 non
1965 4267 2052 4323 hic
2081 4277 2308 4336 tantum,
2341 4261 2433 4325 sed
2461 4281 2514 4326 et
2537 4273 2676 4342 apud
2705 4273 2896 4329 Persas
2913 4274 3090 4343 ﬂoret,
3115 4279 3329 4334 etiamsi
3358 4283 3430 4336 ab
3454 4312 3456 4314 τ

1829 4356 1937 4412 illis
1957 4369 2316 4428 Oppugnetur.

1899 4449 1969 4504 In
2011 4450 2224 4506 Perside
2266 4452 2523 4524 Martyres
2569 4456 3070 4514 multi.—Etenim
3118 4461 3260 4530 apud
3307 4461 3430 4518 illos

1826 4554 2040 4609 quoque
2061 4551 2355 4612 martyrum
2381 4547 2625 4606 examina
2654 4548 2824 4602 multa
2857 4567 2870 4602 :
2894 4558 2951 4604 et
2975 4559 3152 4606 tamen
3179 4553 3269 4622 qui
3299 4533 3429 4622 ipsis

1827 4631 1967 4700 lupis
1993 4633 2288 4690 ferociores
2328 4647 2503 4703 erant,
2536 4650 2754 4708 accepta
2794 4641 3196 4710 praedicatione,
3238 4645 3431 4700 ovibus

1828 4723 2223 4778 mansuetiores
2265 4740 2486 4781 evasere
2521 4746 2534 4781 :
2552 4728 2770 4797 jamque
2810 4729 2877 4784 de
2910 4731 3432 4799 immortalitate,,de

1824 4815 2224 4871 resurrectione
2243 4813 2298 4871 et
2316 4816 2385 4872 de
2407 4819 2764 4875 inetfabilibus
2787 4822 2941 4876 bonis
2963 4824 3425 4894 philosophantur.

1894 4905 1950 4959 2.
1991 4907 2248 4963 Christum
2277 4909 2440 4964 Deum
2472 4922 2519 4981 et
2549 4913 2804 4968 hominem
2831 4918 3060 4986 futurum
3087 4935 3195 4972 esse
3235 4920 3428 4989 pradi-

1822 5008 1959 5054 ctum
1979 5011 2070 5056 est.
2097 5032 2169 5042 —
2195 5003 2309 5058 Non
2341 5005 2394 5059 in
2422 5005 2642 5064 urbibus
2667 5014 2895 5075 tantum,
2932 5008 3027 5064 sed
3056 5011 3217 5065 etiam
3245 5013 3297 5066 in
3327 5013 3426 5068 de-

1825 5098 1974 5146 serto
2017 5091 2134 5149 hac
2162 5095 2418 5163 prmclare
2454 5106 2604 5167 gesta
2637 5098 2843 5166 videas,
2877 5101 2930 5153 in
2959 5100 3113 5167 vicis,
3165 5101 3217 5155 in
3261 5103 3423 5172 agris,

1824 5185 1878 5239 in
1908 5186 2121 5253 insulis,
2152 5187 2204 5241 in
2235 5189 2492 5257 portubus
2514 5199 2567 5245 et
2594 5191 2874 5247 navalibus
2906 5210 2921 5246 :
2953 5207 3060 5246 non
3089 5193 3450 5261 idiotremon.

1825 5277 2098 5348 principes
2140 5287 2368 5347 tantum,
2418 5282 2514 5337 sed
2554 5284 2632 5338 illi
2678 5284 2779 5354 ipsi
2823 5286 2914 5354 qui
2950 5285 3253 5342 diademate
3292 5288 3425 5343 redi-

1825 5371 2082 5436 miuntur,
2109 5373 2363 5430 crucifixo
2386 5391 2576 5446 magna
2601 5393 2724 5433 cum
2750 5378 2854 5435 fide
2879 5380 3079 5434 subditi
3101 5391 3248 5437 sunt.
3273 5382 3424 5449 Quod

1822 5472 2001 5517 autem
2023 5462 2139 5518 haec
2164 5481 2268 5519 non
2296 5475 2498 5522 temere
2526 5470 2868 5541 contigerint,
2895 5471 2990 5526 sed
3013 5472 3104 5526 diu
3133 5482 3259 5527 ante
3285 5488 3424 5543 pra:-

1823 5553 1966 5612 dicta
1995 5556 2121 5624 sint,
2142 5557 2252 5627 jam
2275 5559 2648 5618 demonstrare
2679 5562 2937 5618 conabor.
2969 5565 3082 5620 lmo
3102 5581 3251 5629 vero,
3272 5575 3332 5620 ut
3359 5580 3431 5619 ne

1821 5661 2001 5703 sermo
2029 5658 2212 5708 noster
2239 5661 2517 5726 suspectus
2550 5655 2638 5722 sit,
2670 5669 2850 5727 operte
2879 5656 3110 5726 pretium
3132 5658 3233 5714 erit
3258 5656 3424 5716 libros
