4186 6326
728 369 833 423 815

730 495 1059 559 indicarunt,
1082 491 1373 561 qui'ipsum
1399 490 1799 553 cruciﬁxerunt,
1832 488 1886 541 in
1930 486 2163 541 medium
2192 497 2314 551 pro-

734 583 889 647 ferre,
918 583 1259 650 ipsorumque
1281 580 1581 634 testimonia
1602 597 1667 634 ex
1687 579 1993 648 scripturis,
2015 591 2132 645 qua:
2148 588 2313 643 penes

729 690 825 727 eos
858 684 1233 737 asservantur,
1274 682 1531 741 excerpta
1578 676 1689 728 sub~
1720 672 2111 727 incredulorum
2150 670 2321 725 oculis

732 778 1061 833 percurrere.
1089 763 1241 830 Quod
1272 763 1430 831 igitur
1453 762 1777 817 Deusvhomo
1805 748 2011 815 futurus
2032 762 2118 823 sit,
2148 760 2319 833 Deus;-

733 868 840 921 que
886 866 1187 917 mansurus,
1222 852 1432 921 primus
1468 855 1706 906 omnimn
1738 852 1867 906 dicit
1891 851 2149 905 Jeremias
2176 866 2192 901 :
2222 849 2321 903 Hic

731 940 872 995 Deus
907 953 1091 1007 noster,
1125 958 1227 995 non
1276 943 1589 1011 reputabitur
1628 944 1760 1005 alius
1803 942 1873 994 ad
1900 942 2063 994 illum.
2112 938 2326 992 Invenit

731 1048 929 1085 omnem
948 1032 1080 1084 viam
1104 1033 1349 1094 scientiae,
1373 1041 1419 1085 et
1442 1032 1579 1085 dedit
1599 1034 1744 1086 illam
1764 1031 1924 1085 Iacob
1953 1047 2111 1100 puero
2136 1047 2249 1094 suo,
2278 1038 2327 1085 et

737 1117 904 1173 Israel
930 1120 1111 1173 dilecto
1138 1137 1249 1174 suo.
1292 1120 1416 1174 Post
1448 1121 1553 1174 btec
1581 1122 1634 1175 in
1664 1132 1797 1175 terra
1826 1122 1961 1175 visus
2004 1131 2098 1186 est,
2132 1129 2179 1174 et
2208 1136 2322 1173 cum

735 1210 1018 1263 hominibus
1062 1214 1383 1265 conversatus
1426 1220 1500 1265 est
1540 1210 1752 1281 (Barac.
1809 1212 1863 1265 ’5.
1909 1211 2117 1279 36-38).
2168 1209 2322 1273 Vides

736 1300 1002 1370 quomodo
1024 1302 1201 1355 omnia
1232 1304 1413 1370 paucis
1434 1304 1611 1357 verbis
1634 1304 2158 1372 declaravit,nempe
2177 1304 2321 1373 quod

740 1388 878 1443 Deus
904 1390 1193 1457 exsistens,
1224 1390 1386 1449 homo
1425 1390 1598 1446 factus
1644 1393 1739 1459 sit,
1776 1401 1830 1448 et
1864 1409 1986 1447 cum
2020 1393 2323 1448 hominibus

736 1489 1080 1534 conversatus
1113 1476 1231 1547 'sit;
1258 1491 1311 1536 et
1340 1478 1483 1552 qu'od
1516 1495 1753 1537 veterem
1785 1480 1958 1552 legem
1998 1483 2113 1551 ipse
2145 1483 2326 1537 condi-

741 1567 920 1622 derit?
944 1568 1075 1624 Nam
1108 1570 1327 1636 Invenit,
1374 1573 1561 1640 inquit,
1595 1568 1793 1625 omnem
1831 1574 1964 1625 viam
2004 1574 2244 1637 scientia,
2274 1583 2323 1627 et

733 1655 874 1710 dedit
905 1658 1048 1711 illam
1075 1660 1238 1712 Iacob
1266 1676 1419 1728 puero
1448 1677 1561 1725 suo,
1591 1670 1637 1713 et
1667 1659 1833 1715 Israel
1860 1662 2043 1716 dilecto
2084 1679 2196 1716 suo.
2227 1662 2325 1717 Hic

733 1748 930 1816 quippe
956 1748 1130 1814 docet,
1154 1749 1314 1803 etiam
1344 1758 1468 1805 ante
1494 1749 1920 1808 lncamationem
1944 1753 2119 1822 ipsum
2144 1755 2323 1807 omnia

734 1837 1099 1907 dispensasse,
1132 1842 1419 1911 omniaque
1447 1841 1659 1908 fecisse,
1691 1843 1864 1913 legem
1900 1844 2171 1909 statuisse,
2199 1859 2324 1914 pro-

735 1926 951 1991 vidisse,
983 1944 1220 1994 curasse,
1261 1930 1611 1986 benefecisse.
1657 1932 1809 1986 Alius
1846 1932 2037 1987 iterum
2064 1932 2321 2001 propheta

735 2016 1004 2085 quomodo
1033 2016 1178 2071 dicat
1206 2019 1377 2096 ipsum
1422 2033 1528 2073 non
1558 2019 1721 2075 modo
1760 2021 2030 2077 hominem
2062 2021 2320 2088 futurum,

721 2104 833 2159 sed
864 2107 1021 2160 etiam
1067 2121 1135 2162 ex
1171 2106 1389 2178 Virgine
1436 2110 1784 2177 nasciturum,
1822 2112 1983 2166 audi:
2012 2112 2145 2166 Ecce
2184 2114 2323 2185 virgo

736 2196 789 2248 in
821 2203 964 2249 utero
1008 2196 1224 2265 habebit,
1271 2208 1316 2252 et
1359 2201 1523 2266 pariet
1547 2200 1731 2268 ﬁlium,
1770 2210 1817 2254 et
1857 2202 2106 2255 vocabunt
2142 2219 2325 2257 nomen

734 2285 845 2354 ejus
872 2283 1178 2339 Emmanuel
1221 2287 1248 2356 (
1269 2284 1400 2341 Hes.
1440 2283 1490 2338 7.
1521 2284 1651 2355 14).
1688 2284 1846 2352 Quod
1884 2288 2322 2358 interpretantur,

744 2373 1027 2429 Nobiscum
1067 2375 1226 2431 Deus.
1255 2377 1457 2432 Deinde
1492 2376 1802 2444 ostendens,
1832 2393 1942 2433 non
1984 2388 2325 2449 apparenter,

736 2468 832 2523 sed
848 2482 974 2522 vere
986 2468 1257 2545 hominem
1274 2484 1417 2538 esse,
1435 2468 1667 2537 addidit,
1686 2466 1958 2541 [Butyrum
1970 2481 2015 2523 et
2038 2472 2138 2525 mel
2164 2488 2329 2527 come-

735 2560 838 2613 det.
875 2558 990 2614 Mos
1012 2571 1095 2616 est
1122 2544 1286 2626 enim,
1306 2570 1363 2615 ut
1395 2544 1480 2616 his
1512 2561 1644 2617 cibis
1675 2561 2009 2631 peculiariter
2046 2572 2330 2631 pascantur

720 2647 887 2717 pueri
906 2664 1025 2705 mox
1044 2657 1102 2703 ut
1118 2650 1227 2705 nati
1240 2650 1451 2705 fuerint.
1484 2649 1553 2705 Et
1576 2649 1875 2717 declamas,
1892 2650 2032 2731 quod
2047 2667 2151 2706 non
2166 2669 2329 2723 purus

738 2740 923 2810 homo,
948 2742 1139 2797 iterum
1170 2740 1317 2797 addit
1337 2742 1548 2797 dicens‘
1565 2740 1618 2814 ]:
1644 2740 1865 2815 Propter
1882 2734 2016 2814 quod
2036 2745 2330 2818 priusquam

734 2832 863 2885 sciat
879 2846 1003 2901 puer
1016 2846 1195 2885 vocare
1208 2840 1403 2902 patrem
1424 2818 1609 2885 bonum
1622 2833 1699 2887 vel
1713 2835 1902 2887 malum
1922 2875 1937 2898 ,
1957 2850 2058 2888 non
2077 2836 2330 2904 obtempe-

734 2920 832 2972 rat
866 2913 1111 2987 malitiw,
1152 2931 1208 2974 ut
1254 2922 1409 2993 eligat
1460 2922 1643 2976 bonum
1685 2922 1887 2991 (Hesai.
1933 2926 1985 2978 7.
2024 2924 2136 2994 16).
2176 2924 2336 3004 QuOd'

734 3018 913 3071 autem
951 3026 1056 3065 non
1083 3020 1285 3067 tantum
1308 3013 1470 3068 homo
1495 3022 1550 3069 et
1578 3029 1646 3069 ex
1676 3010 1910 3085 virgine,
1940 3016 2032 3071 sed
2072 3018 2231 3072 etiam
2264 3033 2329 3072 ex

736 3101 899 3157 domo
938 3102 1101 3157 David
1139 3102 1348 3158 futurus
1390 3113 1555 3169 esset,
1597 3104 1720 3160 audi
1750 3106 2019 3175 quomodo
2062 3106 2151 3161 diu
2198 3116 2325 3162 ante

739 3193 1044 3260 praedixerit
1086 3193 1327 3261 Hesaias,
1354 3198 1445 3264 qui
1488 3195 1671 3265 ﬁguris
1718 3196 1843 3261 licet
1888 3213 2018 3253 usus
2055 3206 2110 3252 et
2156 3207 2329 3253 meta-

738 3284 925 3355 phora,
974 3287 1216 3356 praedicit
1254 3296 1432 3341 tamen
1467 3305 1480 3342 :
1518 3286 1825 3359 Egredietur
1865 3290 2008 3359 uirga
2053 3291 2116 3344 de
2159 3292 2332 3345 radice

736 3375 920 3442 Jessat,
950 3386 999 3430 et
1024 3377 1119 3447 ﬂos
1147 3377 1209 3431 de
1248 3379 1419 3431 radice
1444 3381 1551 3450 ejus
1588 3381 1839 3444 ascendet,
1864 3390 1910 3434 et
1940 3382 2211 3451 requiescet
2237 3398 2329 3437 su-

739 3482 831 3535 per
847 3482 959 3521 eum
982 3467 1190 3534 spiritus
1208 3466 1431 3534 Domini,
1453 3470 1661 3538 spiritus
1679 3471 1941 3538 sapientiae
1959 3482 2006 3524 et
2026 3472 2327 3539 intellectus,

746 3560 955 3627 spiritus
984 3560 1179 3633 consilii
1209 3568 1257 3612 et
1297 3561 1625 3631 fortitudinis,
1660 3562 1866 3631 spiritus
1902 3564 2125 3617 scientiae
2150 3574 2197 3617 et
2218 3566 2328 3633 pie-

736 3651 891 3712 tatis,
922 3630 1129 3719 spiritus
1160 3630 1352 3704 timoris
1376 3650 1476 3705 Dei
1499 3630 1707 3721 replebit
1741 3654 1886 3705 illum
1920 3653 2119 3723 (Huni.
2154 3630 2242 3709 tt.
2271 3657 2331 3709 1-

747 3738 827 3809 3).
856 3738 954 3793 Hic
978 3738 1121 3794 enim
1160 3740 1327 3796 Jessze
1370 3750 1524 3811 pater
1553 3742 1908 3825 fuit'Davidis,
1946 3744 2069 3814 quia
2124 3761 2191 3800 ex
2242 3746 2328 3800 illa

737 3830 877 3885 tribu
912 3830 1214 3897 eratznec'
1239 3833 1413 3887 solum
1460 3850 1529 3888 ex
1578 3835 1667 3889 illa
1712 3835 1873 3901 tribu,
1922 3836 2017 3891 sed
2062 3837 2223 3892 etiam
2264 3852 2331 3893 ex

737 3922 899 3977 domo
924 3921 1089 3978 Jessze
1126 3924 1397 3993 prodibit:
1431 3925 1482 3978 id
1522 3941 1651 3980 vero
1678 3927 2056 3995 praenuntiavit
2096 3927 2179 3983 his
2203 3944 2329 3983 ver-

745 4014 866 4069 bis:
896 4013 1199 4085 Egredietur
1232 4016 1373 4086 uirga
1398 4018 1459 4069 de
1506 4016 1679 4071 radice
1700 4016 1880 4082 Jessar,
1926 4034 2031 4072 non
2077 4019 2146 4073 de
2184 4020 2330 4090 virga

732 4105 1055 4175 ‘simpliciter
1098 4106 1342 4176 loquens,
1398 4107 1492 4161 sed
1512 4099 1603 4162 'de
1655 4107 1746 4162 illo
1766 4118 1819 4163 et
1861 4108 1928 4163 de
1977 4124 2145 4179 regno
2191 4110 2328 4179 ejus.

740 4196 896 4263 Quod
918 4204 1094 4251 antem
1126 4212 1232 4251 non
1253 4197 1321 4252 de
1350 4198 1494 4267 virga
1526 4198 1640 4253 haec
1660 4187 1883 4263 dixerit,
1906 4200 1959 4254 in
1989 4202 2332 4271 sequentibus

739 4285 977 4340 declarat
1007 4304 1020 4341 :
1052 4296 1331 4357 postquam
1362 4289 1503 4343 enim
1544 4289 1756 4344 dixerat
1792 4291 2005 4361 virgam,
2036 4292 2330 4360 subjunxit,

741 4378 810 4432 Et
830 4380 1101 4449 requiescet
1126 4396 1280 4449 super
1303 4397 1414 4435 eum
1449 4382 1655 4451 spiritus
1681 4383 1941 4451 sapientiae
1968 4392 2015 4438 et
2029 4385 2330 4445 intellectus.

739 4467 910 4523 Nemo
931 4469 1095 4536 enim,
1119 4469 1223 4523 etsi
1242 4469 1799 4541 admodum'insipiens
1816 4473 1905 4539 sit,
1932 4472 2153 4541 dixerit,
2176 4475 2335 4545 spiri-

741 4570 829 4615 tus
856 4561 1081 4630 gratiam
1111 4577 1273 4631 super
1311 4562 1510 4632 lignum
1536 4562 1815 4618 advenisse
1842 4583 1856 4619 :
1880 4566 1975 4619 sed
2018 4565 2195 4635 palam
2225 4574 2330 4633 est,

740 4640 904 4722 super
932 4651 1188 4721 templum
1220 4652 1348 4706 illud
1383 4652 1778 4734 immaculatum
1804 4656 2034 4734 venisse.
2073 4656 2196 4711 Ideo
2226 4672 2333 4711 non

741 4740 898 4805 dixit,
919 4742 1101 4806 veniet,
1129 4742 1225 4797 sed
1254 4747 1567 4811 requiescet:
1588 4732 1839 4814 quoniam
1866 4732 2146 4816 postquam
2166 4749 2333 4813 venit,

742 4831 819 4885 ibi
854 4832 1069 4897 mansit,
1115 4847 1215 4887 nec
1256 4834 1520 4906 discessit.
1548 4831 1701 4902 Quod
1726 4831 1957 4892 Joannes
1996 4837 2335 4907 Evangelista

744 4923 982 4979 declarat
1022 4924 1105 4978 his
1134 4925 1310 4980 verbis
1340 4924 1490 4996 :Ego
1533 4927 1636 4979 vidi
1666 4924 1925 4996 Spiritum
1956 4928 2335 4983 descendentem

743 5017 871 5071 sicut
898 5016 1201 5082 columbam,
1233 5025 1279 5070 et
1312 5027 1594 5070 manentem
1622 5034 1773 5087 super
1797 5034 1908 5071 eum
1930 5017 2111 5089 (Joan.
2137 5021 2189 5074 l.
2217 5019 2332 5092 '59.).

743 5105 929 5175 Neque
961 5099 1659 5174 silentio'pmtermiserunt
1695 5108 2011 5162 sententiam
2036 5109 2332 5177 Iudaicam,

745 5210 907 5265 quam
946 5194 1019 5252 illi
1056 5196 1412 5251 exbihuerunt
1448 5197 1569 5266 ipso
1608 5204 1733 5251 nato
1759 5213 1774 5251 :
1796 5213 1917 5252 nam
1950 5199 2230 5255 llatthaeus
2259 5203 2338 5256 sic

746 5285 1018 5354 loquitur:
1044 5285 1266 5340 Audiens
1289 5296 1457 5346 autem
1481 5288 1707 5349 Herodes
1728 5292 1956 5345 turbatus
1982 5300 2074 5359 est,
2105 5302 2152 5346 et
2175 5293 2337 5347 omnis

708 5364 1068 5445 'llerosolyma
1108 5392 1224 5429 cum
1265 5378 1355 5430 illo
1386 5377 1596 5449 (Matth.
1628 5380 1685 5434 2.
1729 5382 1809 5450 3).
1836 5382 2082 5437 Hesaiam
2127 5399 2338 5454 quoque

751 5464 897 5533 audi,
928 5467 1018 5535 qui
1057 5465 1109 5521 id
1138 5468 1228 5521 diu
1258 5477 1380 5523 ante
1421 5473 1794 5540 phenuntiavit
1822 5492 1835 5528 :
1867 5473 2099 5545 Cupient,
2143 5479 2186 5530 si
2210 5478 2336 5547 ﬁant

811 5663 831 5695 ¹
856 5670 970 5721 Qua
991 5664 1181 5731 uncinis
1202 5663 1587 5731 hic_clauduntnr
1609 5680 1704 5731 non
1727 5668 1958 5731 leguntur
1980 5671 2028 5717 in
2053 5678 2191 5719 textu
2212 5678 2340 5725 (ra:-

750 5735 826 5782 eo,
843 5736 1013 5795 neque
1035 5724 1162 5785 apud
1180 5726 1403 5775 Saviltum
1415 5742 1433 5795 _;
1455 5728 1543 5777 sed
1577 5724 1806 5795 videntur
1827 5731 1886 5778 ad
1910 5733 2091 5781 seriem
2113 5735 2341 5795 orationis

748 5787 1020 5853 pertinere,
1037 5795 1187 5851 atque
1206 5799 1235 5838 ι
1268 5790 1427 5840 veteri
1450 5796 1724 5854 tnterprete
1752 5792 1879 5842 lecta
1901 5802 2033 5844 sunt.

1477 374 1534 428 S.
1573 371 1849 430 lOANNlS
1872 365 2341 447 CIIRYSQSTOMI
2383 365 2701 421 ARCHIEP.
2743 365 3276 427 CONSTANTINOP.

3915 375 4025 429 8l6

2427 481 2541 550 igne
2564 484 2808 537 combusti
2832 500 2850 538 :
2876 487 2994 554 quia
3018 505 3143 556 puer
3170 498 3319 542 natus
3346 498 3419 542 est
3446 492 3607 556 nobis,
3630 502 3677 545 et
3702 493 3836 559 ﬁlius
3860 492 4024 550 datus

2428 580 2499 625 est
2527 574 2685 637 nobis,
2730 584 2775 626 et
2809 587 3014 629 vocatur
3043 594 3223 631 nomen
3260 580 3390 648 ejus,
3422 584 3594 650 magni
3621 584 3817 636 consilii
3840 584 4019 653 Ange-

2428 666 2523 731 lus,
2553 669 2866 723 admirabilis
2895 672 3236 736 consiliarius,
3276 671 3416 725 Deus
3441 673 3609 741 fortis,
3641 686 3830 743 potens,
3865 678 4020 743 prin—

2426 773 2543 826 ceps
2568 752 2725 827 pacis,
2758 769 2902 828 pater
2930 760 3091 828 futuri
3125 763 3299 816 seaculi
3323 763 3471 831 (Hes.
3516 764 3568 817 9.
3604 761 3657 819 5‘.
3699 767 3773 835 6).
3804 767 3922 821 Hoc
3950 767 4023 821 de

2429 864 2561 916 puro
2590 848 2806 905 homine
2830 850 2935 905 dici
2956 856 3063 906 non
3085 868 3241 922 posse
3268 856 3444 925 palam
3473 864 3556 910 est
3585 858 3666 910 vel
3696 858 3778 923 iis,
3807 860 3901 928 qui
3922 860 4022 912 ad-

2426 940 2645 995 modum
2674 944 2992 1016 contentiosi
3035 955 3177 999 sunt.
3208 944 3401 1001 Nullus
3434 949 3628 1018 quippe
3656 949 3815 1003 homo
3850 966 3884 1002 a
3916 944 4021 1005 sa:-

2424 1032 2549 1088 culo
2596 1034 2737 1089 Deus
2762 1022 2915 1091 fortis
2955 1046 3177 1093 vocatus
3214 1050 3317 1105 est,
3365 1050 3424 1094 ut
3465 1056 3637 1111 neque
3680 1050 3837 1095 tanta
3864 1044 4021 1112 pacis

2425 1124 2711 1194 princeps:
2741 1142 2864 1181 nam
2906 1126 3067 1182 Pacis
3097 1132 3227 1197 eius,
3276 1131 3465 1200 inquit,
3516 1149 3619 1186 non
3659 1143 3733 1186 est
3771 1134 4020 1187 terminus

2430 1209 2535 1282 (Ib.
2577 1230 2628 1267 υ.
2668 1215 2747 1284 7).
2798 1215 2854 1270 ld
2893 1217 3131 1273 declarat
3173 1235 3353 1274 rerum
3391 1232 3632 1289 eventus,
3676 1223 3797 1292 quia
3844 1232 4015 1277 totam

2426 1305 2659 1371 pervasit
2686 1313 2907 1390 terram,
2934 1298 3237 1371 universum
3266 1326 3432 1377 mare,
3470 1312 3761 1383 orbemque
3802 1315 4018 1370 habita-

2426 1394 2607 1461 bilem,
2631 1406 2861 1465 montes,
2886 1400 3070 1465 saltus,
3094 1400 3282 1468 colles,
3298 1416 3329 1454 a
3356 1401 3443 1457 die
3462 1404 3573 1470 illa,
3590 1419 3622 1457 a
3648 1420 3751 1474 qua
3770 1405 4021 1462 Christus

2427 1486 2687 1556 incipiens
2730 1488 2786 1544 in
2835 1492 3023 1546 caelum
3062 1506 3383 1548 ascensurus
3411 1492 3585 1549 dixit':
3616 1496 3806 1550 Pacem
3849 1515 4023 1552 υηεαηι

2426 1577 2493 1630 do
2530 1578 2667 1633 vobis
2694 1597 2714 1633 :
2742 1595 2846 1633 non
2888 1581 3018 1633 sicut
3064 1584 3285 1639 mundus
3324 1584 3417 1640 dat
3458 1586 3524 1638 do
3552 1586 3688 1641 vobis
3715 1586 3891 1657 (Joan.
3922 1590 4021 1643 14.

2427 1666 2543 1736 27).
2590 1669 2700 1723 Cur
2743 1670 2815 1724 ita
2861 1671 3110 1741 loquutus
3150 1684 3233 1731 est
3275 1675 3552 1731 Christus?
3593 1677 3726 1744 Quia
3742 1669 4023 1733 ‘nimirum

2426 1773 2531 1827 pax
2561 1760 2837 1816 hominum
2867 1762 3023 1819 facile
3064 1766 3305 1833 solvitur,
3355 1767 3631 1839 variasque
3668 1768 3829 1831 habet
3851 1770 4023 1825 vicis-

2427 1850 2729 1923 situdines;
2759 1867 2863 1922 pax
2901 1850 3079 1911 autem
3122 1856 3258 1926 ejus,
3293 1858 3469 1925 ﬁrma,
3500 1859 3739 1927 immota,
3783 1859 4022 1924 stabilis,

2429 1938 2701 2009 diuturna,
2731 1943 3071 2012 immortalis,
3118 1946 3277 2002 finem
3301 1962 3417 2002 non
3455 1948 3679 2016 habens,
3708 1950 3832 2006 licet
3862 1952 4026 2006 innu-

2428 2045 2573 2085 mera
2603 2031 2741 2086 bella
2764 2033 2999 2103 undique
3024 2046 3359 2106 moveantur,
3386 2054 3450 2094 ac
3486 2040 3635 2096 mille
3660 2042 3896 2111 quotidie
3922 2058 4024 2111 pa-

2426 2132 2615 2178 rentur
2642 2125 2870 2181 insidiae.
2900 2125 3099 2183 Verum
3133 2130 3275 2186 illius
3295 2146 3493 2199 sermo,
3524 2134 3616 2203 qui
3645 2126 3826 2189 omnia
3853 2134 4027 2205 perﬁ-

2427 2215 2523 2282 cit,
2555 2215 2658 2270 hoc
2680 2232 2804 2272 cum
2832 2221 3039 2274 caeteris
3064 2220 3261 2278 eﬂ'ecit.

2499 2307 2555 2360 5.
2588 2306 2802 2362 Modum
2829 2312 2978 2364 etiam
3003 2304 3244 2368 adventus
3269 2315 3611 2384 praedixerunt
3637 2314 4025 2385 Propheta.—

2428 2395 2545 2450 Non
2575 2398 2747 2452 solum
2775 2390 2953 2453 autem
2974 2401 3121 2456 illum
3149 2402 3422 2457 hominem
3447 2404 3703 2471 futurum,
3732 2406 3826 2460 sed
3854 2408 4023 2460 etiam

2432 2487 2648 2543 modum
2688 2488 2949 2546 adventus
2974 2491 3091 2560 ejus
3116 2492 3497 2562 praedixerunt.
3544 2494 3676 2562 Quia
3724 2497 3868 2550 enim
3895 2512 4030 2550 ven-

2433 2585 2584 2634 turus
2602 2588 2739 2647 erat,
2756 2595 2864 2635 non
2884 2583 3141 2649 tonitrua,
3164 2599 3269 2638 non
3291 2584 3508 2639 fulmina
3529 2601 3762 2655 superne
3782 2587 4029 2652 mittens,

2431 2682 2539 2723 non
2564 2670 2809 2739 quatiens
2848 2680 3086 2738 terram,
3132 2689 3239 2728 non
3285 2686 3633 2732 commovens
3660 2677 3883 2742 caalum,
3915 2693 4030 2731 non

2431 2768 2677 2829 portenta
2698 2762 2991 2828 exhibens;
3020 2764 3113 2819 sed
3136 2767 3253 2821 sine
3276 2769 3498 2837 strepitu
3530 2769 3779 2838 nulloque
3803 2771 4032 2826 conscio

2430 2851 2485 2905 in
2517 2851 2679 2906 domo
2721 2851 2855 2908 fabri
2898 2856 3199 2911 nasciturus
3242 2867 3380 2921 erat,
3432 2859 3483 2913 in
3524 2859 3687 2913 domo
3715 2861 3937 2930 ignobili
3964 2876 4033 2915 ac

2430 2941 2545 3007 vili,
2571 2942 2696 2997 audi
2723 2945 2992 3014 quomodo
3017 2963 3193 3017 neque
3221 2948 3325 3003 hoc
3347 2949 3567 3003 tacuerit
3589 2950 3754 3004 David
3774 2951 4035 3013 :Descess-

2438 3035 2548 3100 del,
2577 3036 2773 3108 inquit,
2794 3040 2931 3091 sicut
2953 3039 3132 3106 pluvia
3154 3040 3214 3093 in
3232 3040 3396 3093 vellus
3412 3022 3642 3109 (Dsalm.
3672 3038 3759 3093 7i.
3781 3040 3861 3108 6),
3884 3048 4044 3092 tran—

2436 3124 2769 3197 quillitatem
2789 3135 2843 3181 et
2863 3127 3103 3197 quietem
3127 3127 3661 3198 significans.Neque
3675 3127 3778 3181 hoc
3793 3132 4038 3191 tantum;

2432 3216 2529 3271 sed
2555 3219 2716 3271 etiam
2742 3234 2903 3286 quam
2930 3229 3209 3275 mansuete
3235 3230 3290 3275 et
3309 3222 3544 3275 suaviter
3566 3236 3688 3275 cum
3716 3221 4036 3275 hominibus

2432 3317 2846 3364 conversaturus
2885 3320 3061 3377 esset,
3112 3312 3247 3367 alius
3289 3312 3551 3383 propheta
3589 3313 3871 3368 declarans
3907 3313 4036 3369 vide

2432 3385 2557 3475 quid
2590 3398 2748 3453 dicat.
2790 3399 2924 3453 Nam
2953 3403 3076 3470 quia
3102 3416 3223 3456 cum
3253 3403 3592 3457 contumeliis
3616 3444 3632 3469 ,
3672 3404 3867 3473 sputis,
3900 3418 4036 3459 con-

2432 3490 2580 3544 viciis
2602 3482 2929 3557 afficeretur,
2952 3492 3383 3559 inhonoraretur,
3409 3495 3789 3565 ﬂagellaretur,
3812 3482 4033 3567 postre-

2433 3598 2627 3651 nioque
2656 3584 3091 3654 crucifigeretur,
3139 3586 3344 3640 nullum
3386 3587 3526 3641 ultus
3556 3596 3639 3642 est
3668 3589 3794 3642 talia
3825 3589 4034 3646 facien-

2434 3681 2562 3737 tem,
2587 3674 2679 3726 sed
2703 3675 2881 3728 omnia
2911 3676 3174 3743 patienter
3191 3678 3338 3741 ‘tulit,
3372 3679 3742 3745 contumelias,
3772 3680 3997 3735 insidias
4016 3723 4031 3743 ,

2434 3762 2693 3818 insaniam
2720 3774 2783 3827 et.
2807 3766 3166 3834 importunum
3195 3767 3365 3837 plebis
3404 3768 3547 3839 illius
3590 3767 3826 3824 furorem
3864 3781 4032 3840 atque

2436 3848 2729 3922 incursum,
2752 3856 2873 3912 hsce
2901 3859 3081 3914 omnia
3108 3859 3399 3914 declaravit
3426 3860 3509 3915 his
3533 3861 3743 3915 verbis:
3762 3860 4033 3916 Calavium

2432 3947 2699 3999 contritum
2730 3964 2830 4001 non
2853 3950 3166 4020 confringet,
3178 3959 3227 4003 et
3243 3951 3404 4004 linum
3421 3952 3681 4021 fumigans
3706 3968 3807 4006 non
3831 3953 4031 4007 nstin-

2433 4046 2549 4108 guet
2572 4079 2587 4102 ,
2625 4039 2784 4092 donec
2824 4041 3002 4094 educat
3041 4043 3095 4095 in
3127 4042 3385 4096 victoriam
3416 4042 3707 4110 judicium,
3757 4053 3806 4096 et
3832 4045 3888 4096 in
3915 4045 4031 4113 ipso

2436 4128 2618 4185 Gentes
2646 4134 2919 4201 sperabunt
2945 4132 3146 4203 (Hesai.
3175 4134 3264 4188 42.
3290 4136 3368 4204 3).
3395 4134 3544 4189 Alius
3571 4135 3699 4190 item
3728 4135 3910 4189 locum
3931 4177 3948 4201 ,
3975 4138 4027 4188 in

2434 4238 2540 4291 quo
2568 4224 2869 4278 nasciturus
2888 4233 3022 4285 erat.
3048 4224 3244 4279 indicat
3267 4225 3454 4280 dicens
3482 4241 3497 4279 :
3523 4223 3594 4278 Et
3625 4236 3679 4278 tu
3700 4266 3717 4291 ,
3744 4223 4026 4290 Bethleem,

2437 4325 2572 4369 terra
2595 4315 2759 4382 Iuda,
2786 4333 3100 4387 nequaquam
3128 4317 3337 4370 minima
3362 4334 3413 4371 es
3440 4318 3492 4371 in
3510 4317 3821 4387 principibus
3838 4316 3987 4370 Iuda
4012 4333 4030 4371 :

2436 4425 2500 4463 ea:
2524 4420 2571 4463 te
2592 4410 2725 4465 enim
2750 4411 2877 4464 σείει
2905 4410 3010 4465 dua:
3027 4450 3043 4475 ,
3071 4411 3158 4480 qui
3189 4419 3330 4481 regat
3356 4408 3603 4480 populum
3623 4400 3788 4463 meum
3818 4407 3990 4462 Israel
4012 4450 4027 4468 ρ

2436 4512 2485 4557 et
2511 4502 2674 4558 exitus
2693 4504 2805 4573 ejus
2834 4503 2898 4556 ab
2918 4504 3063 4557 initio
3082 4521 3114 4557 a
3137 4503 3313 4556 diebus
3330 4503 3501 4557 “sculi
3523 4501 3711 4569 (Mich.
3740 4502 3796 4557 5.
3820 4501 3901 4571 2).
3933 4501 4032 4555 Hic

2437 4595 2767 4651 divinitatem
2798 4605 2853 4649 et
2882 4596 3262 4655 humanitatem
3292 4594 3564 4650 declarat:
3589 4608 3713 4647 nam
3756 4606 3875 4647 cum
3919 4593 4028 4655 ait,

2438 4698 2483 4743 et
2509 4688 2669 4741 critus
2688 4688 2798 4757 ejus
2823 4686 2886 4739 ab
2910 4685 3057 4745 initio
3091 4703 3125 4739 α
3158 4686 3333 4739 diebus
3361 4684 3564 4750 saeculi,
3606 4692 3856 4738 mmmam
3902 4692 4032 4736 ante

2438 4779 2631 4833 saecula
2658 4778 3022 4833 exsistentiam
3052 4777 3413 4839 demonstrat;
3444 4790 3566 4831 cum
3596 4789 3725 4829 vero
3751 4773 3842 4833 ait,
3875 4770 4030 4826 Exiet

2439 4870 2547 4923 dua:
2585 4869 2673 4941 qui
2712 4862 2855 4941 regat
2891 4868 3137 4939 populum
3180 4883 3346 4921 meum
3389 4864 3588 4930 Israel,
3632 4862 4031 4935 generationem

2443 4960 2740 5015 secundum
2764 4975 3006 5015 carnem.
3030 4962 3109 5013 Ac
3135 4957 3256 5012 vide
3283 4970 3494 5011 rursum
3518 4964 3573 5010 et
3598 4955 3683 5009 hic
3712 4955 3867 5008 aliam
3901 4968 4028 5022 pro.

2445 5052 2679 5123 phetiam
2718 5050 3089 5121 refulgentem.
3133 5049 3251 5104 Non
3275 5048 3419 5105 enim
3446 5048 3573 5101 dicit
3604 5046 3809 5111 solum,
3852 5045 4031 5112 ipsum

2442 5156 2562 5198 esse
2588 5142 2917 5197 nasciturum
2938 5182 2954 5208 ,
3000 5141 3094 5196 sed
3128 5141 3290 5195 etiam
3322 5140 3495 5194 locum
3525 5138 3758 5192 nobilem
3796 5136 4032 5191 futurum

2442 5250 2585 5300 esse,
2615 5234 2709 5305 qui
2736 5243 2863 5288 tunc
2901 5241 3019 5288 erat
3059 5231 3306 5303 ignobilis
3334 5240 3389 5286 et
3413 5230 3671 5299 exiguus:
3698 5227 4036 5297 Nequaquam

2443 5326 2584 5380 enim
2612 5325 2823 5379 minima
2849 5339 2921 5389 es,
2953 5323 3139 5392 inquit,
3170 5322 3222 5375 in
3252 5320 3561 5391 principibus
3584 5317 3745 5372 Iuda.

2518 5415 2674 5470 Totus
2702 5415 2837 5469 orbis
2866 5413 2934 5467 ad
2967 5413 3224 5467 Bethleem
3260 5411 3531 5466 uidendam
3559 5410 3788 5478 confluit.
3806 5406 4036 5462 —-Sane

2447 5519 2588 5565 totus
2614 5509 2761 5563 orbis
2787 5507 2853 5562 ad
2880 5490 3153 5561 Bethleem
3182 5503 3470 5559 videndam
3497 5500 3736 5575 confluit,
3762 5500 3849 5553 ubi
3880 5510 4037 5553 natus

2447 5602 2712 5672 repositus
2751 5599 2885 5665 fuit,
2913 5613 3088 5668 neque
3113 5599 3221 5652 ulla
3245 5598 3350 5650 alia
3375 5612 3537 5667 quam
3579 5594 3695 5655 haec
3729 5607 3888 5647 causa
3936 5586 4034 5646 est.

2449 5696 2596 5749 Alius
2636 5693 2829 5747 iterum
2875 5698 3235 5766 tempus‘quo
3282 5698 3537 5743 venturus
3578 5694 3695 5739 erat
3727 5683 4037 5754 significavit

2453 5784 2535 5845 his
2566 5786 2743 5844 verbis
2769 5803 2780 5840 :
2808 5783 2931 5839 Non
2964 5774 3162 5852 deficiet
3197 5781 3431 5851 princeps
3458 5776 3519 5833 de
3544 5776 3575 5830 .l
3584 5777 3685 5830 uda
3706 5818 3723 5842 ,
3751 5792 3907 5847 neque
3930 5775 4036 5839 diu
