  <div class='ocr_page' id='page_1' title='image "/cluster/home/n/w/nwhite01/storage/ocr_20150623/48/pst.000005712458/302.png"; bbox 0 0 4186 6326; ppageno 0'>
   <div class='ocr_carea' id='block_1_1' title="bbox 142 433 259 490">
    <p class='ocr_par' dir='ltr' id='par_1_1' title="bbox 142 433 259 490">
     <span class='ocr_line' id='line_1_1' title="bbox 142 433 259 490; baseline 0.017 -2"><span class='ocrx_word' id='word_1_1' title='bbox 142 433 259 490; x_wconf 74' lang='grc'>815</span> 
     </span>
    </p>
   </div>
   <div class='ocr_carea' id='block_1_2' title="bbox 144 540 1755 621">
    <p class='ocr_par' dir='ltr' id='par_1_2' title="bbox 144 540 1755 621">
     <span class='ocr_line' id='line_1_2' title="bbox 144 540 1755 621; baseline -0.007 -18"><span class='ocrx_word' id='word_1_2' title='bbox 144 552 323 621; x_wconf 72' lang='grc' dir='ltr'>ἡμῶν</span> <span class='ocrx_word' id='word_1_3' title='bbox 360 547 495 618; x_wconf 66' lang='grc' dir='ltr'>μηδι</span> <span class='ocrx_word' id='word_1_4' title='bbox 537 545 777 598; x_wconf 78' lang='grc' dir='ltr'>ὕποπτον</span> <span class='ocrx_word' id='word_1_5' title='bbox 805 543 1060 613; x_wconf 81' lang='grc' dir='ltr'>γενέσθαι</span> <span class='ocrx_word' id='word_1_6' title='bbox 1099 543 1192 596; x_wconf 86' lang='grc' dir='ltr'>τὸν</span> <span class='ocrx_word' id='word_1_7' title='bbox 1237 541 1426 611; x_wconf 87' lang='grc' dir='ltr'>λόγον,</span> <span class='ocrx_word' id='word_1_8' title='bbox 1456 540 1755 609; x_wconf 84' lang='grc' dir='ltr'>ἀναγκαῖον</span> 
     </span>
    </p>
   </div>
   <div class='ocr_carea' id='block_1_3' title="bbox 143 623 1758 701">
    <p class='ocr_par' dir='ltr' id='par_1_3' title="bbox 143 623 1758 701">
     <span class='ocr_line' id='line_1_3' title="bbox 143 623 1758 701; baseline -0.006 -15"><span class='ocrx_word' id='word_1_9' title='bbox 143 633 219 686; x_wconf 79' lang='grc' dir='ltr'>τὰ</span> <span class='ocrx_word' id='word_1_10' title='bbox 254 629 445 701; x_wconf 85' lang='grc' dir='ltr'>βιϐλία</span> <span class='ocrx_word' id='word_1_11' title='bbox 468 628 581 682; x_wconf 82' lang='grc' dir='ltr'>τῶν</span> <span class='ocrx_word' id='word_1_12' title='bbox 609 627 1041 698; x_wconf 85' lang='grc' dir='ltr'>σταυρωσάντων</span> <span class='ocrx_word' id='word_1_13' title='bbox 1063 625 1226 679; x_wconf 79' lang='grc' dir='ltr'>αὑτὸν</span> <span class='ocrx_word' id='word_1_14' title='bbox 1253 625 1525 679; x_wconf 80' lang='grc' dir='ltr'>Ἰουδαίων</span> <span class='ocrx_word' id='word_1_15' title='bbox 1563 625 1644 687; x_wconf 86' lang='grc' dir='ltr'>εἰς</span> <span class='ocrx_word' id='word_1_16' title='bbox 1668 623 1758 693; x_wconf 85' lang='grc' dir='ltr'>μέ·-</span> 
     </span>
    </p>
   </div>
   <div class='ocr_carea' id='block_1_4' title="bbox 144 707 1758 786">
    <p class='ocr_par' dir='ltr' id='par_1_4' title="bbox 144 707 1758 786">
     <span class='ocr_line' id='line_1_4' title="bbox 144 707 1758 786; baseline -0.005 -17"><span class='ocrx_word' id='word_1_17' title='bbox 144 732 250 769; x_wconf 78' lang='grc' dir='ltr'>σον</span> <span class='ocrx_word' id='word_1_18' title='bbox 289 715 580 786; x_wconf 83' lang='grc' dir='ltr'>προθεῖναι</span> <span class='ocrx_word' id='word_1_19' title='bbox 604 751 620 772; x_wconf 95' lang='grc'>,</span> <span class='ocrx_word' id='word_1_20' title='bbox 653 712 749 764; x_wconf 80' lang='grc' dir='ltr'>καὶ</span> <span class='ocrx_word' id='word_1_21' title='bbox 797 709 896 774; x_wconf 79' lang='grc' dir='ltr'>τὰς</span> <span class='ocrx_word' id='word_1_22' title='bbox 947 709 1077 782; x_wconf 71' lang='grc' dir='ltr'>περὶ</span> <span class='ocrx_word' id='word_1_23' title='bbox 1128 707 1294 763; x_wconf 79' lang='grc' dir='ltr'>αὐτοῦ</span> <span class='ocrx_word' id='word_1_24' title='bbox 1335 707 1648 780; x_wconf 79' lang='grc' dir='ltr'>μαρτυρίας</span> <span class='ocrx_word' id='word_1_25' title='bbox 1692 709 1758 761; x_wconf 85' lang='grc' dir='ltr'>ἐκ</span> 
     </span>
    </p>
   </div>
   <div class='ocr_carea' id='block_1_5' title="bbox 138 790 1757 866">
    <p class='ocr_par' dir='ltr' id='par_1_5' title="bbox 138 790 1757 866">
     <span class='ocr_line' id='line_1_5' title="bbox 138 790 1757 866; baseline -0.003 -17"><span class='ocrx_word' id='word_1_26' title='bbox 138 800 268 849; x_wconf 69' lang='grc' dir='ltr'>τῶν</span> <span class='ocrx_word' id='word_1_27' title='bbox 303 799 436 866; x_wconf 77' lang='grc' dir='ltr'>παρ’</span> <span class='ocrx_word' id='word_1_28' title='bbox 468 796 650 856; x_wconf 75' lang='grc' dir='ltr'>αὐτοῖς</span> <span class='ocrx_word' id='word_1_29' title='bbox 698 791 1121 866; x_wconf 81' lang='grc' dir='ltr'>φυλαττομένων</span> <span class='ocrx_word' id='word_1_30' title='bbox 1147 790 1382 862; x_wconf 85' lang='grc' dir='ltr'>Γραφῶν</span> <span class='ocrx_word' id='word_1_31' title='bbox 1419 791 1501 844; x_wconf 77' lang='grc' dir='ltr'>ἔτι</span> <span class='ocrx_word' id='word_1_32' title='bbox 1540 791 1634 844; x_wconf 72' lang='grc' dir='ltr'>καὶ</span> <span class='ocrx_word' id='word_1_33' title='bbox 1662 791 1757 844; x_wconf 81' lang='grc' dir='ltr'>νῦν</span> 
     </span>
    </p>
   </div>
   <div class='ocr_carea' id='block_1_6' title="bbox 141 864 1757 949">
    <p class='ocr_par' dir='ltr' id='par_1_6' title="bbox 141 864 1757 949">
     <span class='ocr_line' id='line_1_6' title="bbox 141 864 1757 949; baseline -0.004 -17"><span class='ocrx_word' id='word_1_34' title='bbox 141 881 246 932; x_wconf 79' lang='grc' dir='ltr'>ὑπ’</span> <span class='ocrx_word' id='word_1_35' title='bbox 286 864 448 949; x_wconf 74' lang='grc' dir='ltr'>ὄψεσι</span> <span class='ocrx_word' id='word_1_36' title='bbox 468 877 581 930; x_wconf 84' lang='grc' dir='ltr'>τῶν</span> <span class='ocrx_word' id='word_1_37' title='bbox 612 864 987 930; x_wconf 87' lang='grc' dir='ltr'>ἀπειθούντων</span> <span class='ocrx_word' id='word_1_38' title='bbox 1014 872 1325 939; x_wconf 80' lang='grc' dir='ltr'>διεξελθεῖν.</span> <span class='ocrx_word' id='word_1_39' title='bbox 1361 872 1487 926; x_wconf 87' lang='grc' dir='ltr'>Ὅτι</span> <span class='ocrx_word' id='word_1_40' title='bbox 1513 873 1696 927; x_wconf 83' lang='grc' dir='ltr'>τοίνυν</span> <span class='ocrx_word' id='word_1_41' title='bbox 1729 872 1757 926; x_wconf 99' lang='lat'>6</span> 
     </span>
    </p>
   </div>
   <div class='ocr_carea' id='block_1_7' title="bbox 135 954 1756 1030">
    <p class='ocr_par' dir='ltr' id='par_1_7' title="bbox 135 954 1756 1030">
     <span class='ocr_line' id='line_1_7' title="bbox 135 954 1756 1030; baseline -0.006 -13"><span class='ocrx_word' id='word_1_42' title='bbox 135 962 294 1028; x_wconf 71' lang='grc' dir='ltr'>θεὸς</span> <span class='ocrx_word' id='word_1_43' title='bbox 344 960 632 1030; x_wconf 77' lang='grc' dir='ltr'>ἄνθρωπος</span> <span class='ocrx_word' id='word_1_44' title='bbox 676 959 868 1023; x_wconf 80' lang='grc' dir='ltr'>ἔσται,</span> <span class='ocrx_word' id='word_1_45' title='bbox 901 956 1035 1020; x_wconf 81' lang='grc' dir='ltr'>Θεὸς</span> <span class='ocrx_word' id='word_1_46' title='bbox 1061 955 1170 1021; x_wconf 81' lang='grc' dir='ltr'>ὢν,</span> <span class='ocrx_word' id='word_1_47' title='bbox 1223 955 1443 1028; x_wconf 86' lang='grc' dir='ltr'>πρῶτος</span> <span class='ocrx_word' id='word_1_48' title='bbox 1486 954 1756 1027; x_wconf 80' lang='grc' dir='ltr'>Ἱερεμίας</span> 
     </span>
    </p>
   </div>
   <div class='ocr_carea' id='block_1_8' title="bbox 139 1038 1755 1113">
    <p class='ocr_par' dir='ltr' id='par_1_8' title="bbox 139 1038 1755 1113">
     <span class='ocr_line' id='line_1_8' title="bbox 139 1038 1755 1113; baseline -0.002 -17"><span class='ocrx_word' id='word_1_49' title='bbox 139 1045 340 1113; x_wconf 77' lang='grc' dir='ltr'>λέγει’</span> <span class='ocrx_word' id='word_1_50' title='bbox 371 1039 563 1109; x_wconf 86' lang='grc' dir='ltr'>Οὗτος</span> <span class='ocrx_word' id='word_1_51' title='bbox 592 1045 626 1095; x_wconf 88' lang='grc' dir='ltr'>ό</span> <span class='ocrx_word' id='word_1_52' title='bbox 658 1041 805 1106; x_wconf 83' lang='grc' dir='ltr'>Θεὸς</span> <span class='ocrx_word' id='word_1_53' title='bbox 832 1038 1035 1109; x_wconf 81' lang='grc' dir='ltr'>ήμῶν,</span> <span class='ocrx_word' id='word_1_54' title='bbox 1065 1041 1137 1093; x_wconf 87' lang='grc' dir='ltr'>οὐ</span> <span class='ocrx_word' id='word_1_55' title='bbox 1167 1040 1602 1109; x_wconf 71' lang='grc' dir='ltr'>λογισθήσεται</span> <span class='ocrx_word' id='word_1_56' title='bbox 1628 1039 1755 1094; x_wconf 73' lang='grc' dir='ltr'>ἐτε-</span> 
     </span>
    </p>
   </div>
   <div class='ocr_carea' id='block_1_9' title="bbox 130 1121 1752 1195">
    <p class='ocr_par' dir='ltr' id='par_1_9' title="bbox 130 1121 1752 1195">
     <span class='ocr_line' id='line_1_9' title="bbox 130 1121 1752 1195; baseline -0.003 -14"><span class='ocrx_word' id='word_1_57' title='bbox 130 1147 258 1195; x_wconf 86' lang='grc' dir='ltr'>ρος</span> <span class='ocrx_word' id='word_1_58' title='bbox 287 1126 442 1195; x_wconf 78' lang='grc' dir='ltr'>πρὸς</span> <span class='ocrx_word' id='word_1_59' title='bbox 472 1126 681 1181; x_wconf 84' lang='grc' dir='ltr'>αὐτόν.</span> <span class='ocrx_word' id='word_1_60' title='bbox 717 1122 955 1192; x_wconf 75' lang='grc' dir='ltr'>Ἐξεῦρε</span> <span class='ocrx_word' id='word_1_61' title='bbox 986 1121 1196 1179; x_wconf 71' lang='grc' dir='ltr'>πᾶσαν</span> <span class='ocrx_word' id='word_1_62' title='bbox 1217 1123 1364 1177; x_wconf 78' lang='grc' dir='ltr'>ὁδὸν</span> <span class='ocrx_word' id='word_1_63' title='bbox 1389 1123 1752 1192; x_wconf 82' lang='grc' dir='ltr'>ἐπιστήμης,</span> 
     </span>
    </p>
   </div>
   <div class='ocr_carea' id='block_1_10' title="bbox 137 1205 1757 1274">
    <p class='ocr_par' dir='ltr' id='par_1_10' title="bbox 137 1205 1757 1274">
     <span class='ocr_line' id='line_1_10' title="bbox 137 1205 1757 1274; baseline -0.002 -12"><span class='ocrx_word' id='word_1_64' title='bbox 137 1209 248 1263; x_wconf 84' lang='grc' dir='ltr'>καί</span> <span class='ocrx_word' id='word_1_65' title='bbox 294 1209 525 1264; x_wconf 69' lang='grc' dir='ltr'>ἔδωκεν</span> <span class='ocrx_word' id='word_1_66' title='bbox 563 1207 762 1274; x_wconf 81' lang='grc' dir='ltr'>αὐτὴν</span> <span class='ocrx_word' id='word_1_67' title='bbox 797 1206 1001 1261; x_wconf 81' lang='grc' dir='ltr'>Ἰακὼϐ</span> <span class='ocrx_word' id='word_1_68' title='bbox 1043 1205 1125 1271; x_wconf 84' lang='grc' dir='ltr'>τῷ</span> <span class='ocrx_word' id='word_1_69' title='bbox 1178 1206 1345 1271; x_wconf 75' lang='grc' dir='ltr'>παιδί</span> <span class='ocrx_word' id='word_1_70' title='bbox 1391 1206 1619 1272; x_wconf 81' lang='grc' dir='ltr'>αὐτοῦ,</span> <span class='ocrx_word' id='word_1_71' title='bbox 1654 1206 1757 1261; x_wconf 81' lang='grc' dir='ltr'>καί</span> 
     </span>
    </p>
   </div>
   <div class='ocr_carea' id='block_1_11' title="bbox 151 1286 1757 1360">
    <p class='ocr_par' dir='ltr' id='par_1_11' title="bbox 151 1286 1757 1360">
     <span class='ocr_line' id='line_1_11' title="bbox 151 1286 1757 1360; baseline -0.003 -13"><span class='ocrx_word' id='word_1_72' title='bbox 151 1291 415 1360; x_wconf 74' lang='grc' dir='ltr'>Ἰσραὴλ</span> <span class='ocrx_word' id='word_1_73' title='bbox 442 1289 524 1356; x_wconf 86' lang='grc' dir='ltr'>τῷ</span> <span class='ocrx_word' id='word_1_74' title='bbox 561 1288 930 1359; x_wconf 75' lang='grc' dir='ltr'>ἠγαπημένῳ</span> <span class='ocrx_word' id='word_1_75' title='bbox 958 1286 1060 1341; x_wconf 82' lang='grc' dir='ltr'>ὑπ’</span> <span class='ocrx_word' id='word_1_76' title='bbox 1102 1289 1312 1343; x_wconf 80' lang='grc' dir='ltr'>αὐτοῦ.</span> <span class='ocrx_word' id='word_1_77' title='bbox 1356 1290 1522 1344; x_wconf 77' lang='grc' dir='ltr'>Μετὰ</span> <span class='ocrx_word' id='word_1_78' title='bbox 1568 1288 1757 1343; x_wconf 87' lang='grc' dir='ltr'>ταῦτα</span> 
     </span>
    </p>
   </div>
   <div class='ocr_carea' id='block_1_12' title="bbox 135 1369 1752 1443">
    <p class='ocr_par' dir='ltr' id='par_1_12' title="bbox 135 1369 1752 1443">
     <span class='ocr_line' id='line_1_12' title="bbox 135 1369 1752 1443; baseline -0.002 -16"><span class='ocrx_word' id='word_1_79' title='bbox 135 1375 246 1428; x_wconf 70' lang='grc' dir='ltr'>ἐπὶ</span> <span class='ocrx_word' id='word_1_80' title='bbox 288 1374 408 1442; x_wconf 85' lang='grc' dir='ltr'>τῆς</span> <span class='ocrx_word' id='word_1_81' title='bbox 446 1372 559 1443; x_wconf 80' lang='grc' dir='ltr'>γῆς</span> <span class='ocrx_word' id='word_1_82' title='bbox 591 1372 759 1442; x_wconf 85' lang='grc' dir='ltr'>ὤφθη</span> <span class='ocrx_word' id='word_1_83' title='bbox 779 1413 793 1437; x_wconf 92' lang='grc'>,</span> <span class='ocrx_word' id='word_1_84' title='bbox 835 1371 935 1426; x_wconf 81' lang='grc' dir='ltr'>καὶ</span> <span class='ocrx_word' id='word_1_85' title='bbox 974 1369 1102 1438; x_wconf 86' lang='grc' dir='ltr'>τοῖς</span> <span class='ocrx_word' id='word_1_86' title='bbox 1150 1370 1488 1437; x_wconf 79' lang='grc' dir='ltr'>ἀνθρώποις</span> <span class='ocrx_word' id='word_1_87' title='bbox 1521 1386 1752 1426; x_wconf 82' lang='grc' dir='ltr'>συναν-</span> 
     </span>
    </p>
   </div>
   <div class='ocr_carea' id='block_1_13' title="bbox 138 1451 1757 1526">
    <p class='ocr_par' dir='ltr' id='par_1_13' title="bbox 138 1451 1757 1526">
     <span class='ocr_line' id='line_1_13' title="bbox 138 1451 1757 1526; baseline -0.002 -16"><span class='ocrx_word' id='word_1_88' title='bbox 138 1457 452 1526; x_wconf 77' lang='grc' dir='ltr'>εστράφη.</span> <span class='ocrx_word' id='word_1_89' title='bbox 485 1451 638 1520; x_wconf 82' lang='grc' dir='ltr'>Εῐδες</span> <span class='ocrx_word' id='word_1_90' title='bbox 669 1454 788 1518; x_wconf 84' lang='grc' dir='ltr'>πῶς</span> <span class='ocrx_word' id='word_1_91' title='bbox 819 1451 1038 1508; x_wconf 74' lang='grc' dir='ltr'>ἅπαντα</span> <span class='ocrx_word' id='word_1_92' title='bbox 1056 1455 1115 1506; x_wconf 87' lang='grc' dir='ltr'>ἐν</span> <span class='ocrx_word' id='word_1_93' title='bbox 1132 1453 1359 1524; x_wconf 88' lang='grc' dir='ltr'>βραχέσι</span> <span class='ocrx_word' id='word_1_94' title='bbox 1383 1456 1588 1525; x_wconf 81' lang='grc' dir='ltr'>ῥήμασι</span> <span class='ocrx_word' id='word_1_95' title='bbox 1616 1470 1757 1525; x_wconf 89' lang='grc' dir='ltr'>παρ-</span> 
     </span>
    </p>
   </div>
   <div class='ocr_carea' id='block_1_14' title="bbox 137 1535 1754 1609">
    <p class='ocr_par' dir='ltr' id='par_1_14' title="bbox 137 1535 1754 1609">
     <span class='ocr_line' id='line_1_14' title="bbox 137 1535 1754 1609; baseline -0.001 -17"><span class='ocrx_word' id='word_1_96' title='bbox 137 1540 397 1609; x_wconf 77' lang='grc' dir='ltr'>εδήλωσε</span> <span class='ocrx_word' id='word_1_97' title='bbox 420 1581 437 1607; x_wconf 91' lang='grc'>,</span> <span class='ocrx_word' id='word_1_98' title='bbox 493 1539 591 1593; x_wconf 79' lang='grc' dir='ltr'>καὶ</span> <span class='ocrx_word' id='word_1_99' title='bbox 648 1539 732 1592; x_wconf 85' lang='grc' dir='ltr'>ὅτι</span> <span class='ocrx_word' id='word_1_100' title='bbox 767 1536 912 1600; x_wconf 63' lang='grc' dir='ltr'>Θεὸς»</span> <span class='ocrx_word' id='word_1_101' title='bbox 936 1535 1012 1589; x_wconf 83' lang='grc' dir='ltr'>ὣν</span> <span class='ocrx_word' id='word_1_102' title='bbox 1037 1536 1336 1606; x_wconf 31' lang='grc' dir='ltr'>,ἄνθρωπος</span> <span class='ocrx_word' id='word_1_103' title='bbox 1381 1536 1629 1604; x_wconf 81' lang='grc' dir='ltr'>ἐγένετο,</span> <span class='ocrx_word' id='word_1_104' title='bbox 1658 1536 1754 1590; x_wconf 73' lang='grc' dir='ltr'>καὶ</span> 
     </span>
    </p>
   </div>
   <div class='ocr_carea' id='block_1_15' title="bbox 137 1617 1753 1704">
    <p class='ocr_par' dir='ltr' id='par_1_15' title="bbox 137 1617 1753 1704">
     <span class='ocr_line' id='line_1_15' title="bbox 137 1617 1753 1704; baseline -0.004 -28"><span class='ocrx_word' id='word_1_105' title='bbox 137 1621 480 1694; x_wconf 80' lang='grc' dir='ltr'>ἀνθρώποις</span> <span class='ocrx_word' id='word_1_106' title='bbox 500 1618 959 1704; x_wconf 72' lang='grc' dir='ltr'>συνανεστράφη,</span> <span class='ocrx_word' id='word_1_107' title='bbox 990 1617 1087 1704; x_wconf 69' lang='grc' dir='ltr'>καὶ</span> <span class='ocrx_word' id='word_1_108' title='bbox 1135 1619 1217 1704; x_wconf 78' lang='grc' dir='ltr'>ὅτι</span> <span class='ocrx_word' id='word_1_109' title='bbox 1249 1619 1346 1672; x_wconf 74' lang='grc' dir='ltr'>καὶ</span> <span class='ocrx_word' id='word_1_110' title='bbox 1375 1618 1473 1704; x_wconf 86' lang='grc' dir='ltr'>τὴν</span> <span class='ocrx_word' id='word_1_111' title='bbox 1507 1617 1753 1704; x_wconf 72' lang='grc' dir='ltr'>Παλαιὰν</span> 
     </span>
    </p>
   </div>
   <div class='ocr_carea' id='block_1_16' title="bbox 139 1698 1754 1775">
    <p class='ocr_par' dir='ltr' id='par_1_16' title="bbox 139 1698 1754 1775">
     <span class='ocr_line' id='line_1_16' title="bbox 139 1698 1754 1775; baseline -0.002 -17"><span class='ocrx_word' id='word_1_112' title='bbox 139 1705 322 1767; x_wconf 81' lang='grc' dir='ltr'>αὐτὸς</span> <span class='ocrx_word' id='word_1_113' title='bbox 377 1698 813 1775; x_wconf 76' lang='grc' dir='ltr'>ἐνομοθέτησεν;</span> <span class='ocrx_word' id='word_1_114' title='bbox 857 1700 1101 1768; x_wconf 82' lang='grc' dir='ltr'>Ἐξεῦρε</span> <span class='ocrx_word' id='word_1_115' title='bbox 1153 1699 1297 1771; x_wconf 87' lang='grc' dir='ltr'>γὰρ,</span> <span class='ocrx_word' id='word_1_116' title='bbox 1341 1702 1513 1770; x_wconf 73' lang='grc' dir='ltr'>φησι,</span> <span class='ocrx_word' id='word_1_117' title='bbox 1545 1698 1754 1754; x_wconf 77' lang='grc' dir='ltr'>πᾶσαν</span> 
     </span>
    </p>
   </div>
   <div class='ocr_carea' id='block_1_17' title="bbox 138 1782 1755 1856">
    <p class='ocr_par' dir='ltr' id='par_1_17' title="bbox 138 1782 1755 1856">
     <span class='ocr_line' id='line_1_17' title="bbox 138 1782 1755 1856; baseline -0.004 -14"><span class='ocrx_word' id='word_1_118' title='bbox 138 1788 301 1842; x_wconf 79' lang='grc' dir='ltr'>ὁδὸν</span> <span class='ocrx_word' id='word_1_119' title='bbox 350 1786 693 1856; x_wconf 75' lang='grc' dir='ltr'>ἐπιστήμης</span> <span class='ocrx_word' id='word_1_120' title='bbox 715 1824 731 1849; x_wconf 96' lang='grc'>,</span> <span class='ocrx_word' id='word_1_121' title='bbox 769 1784 869 1838; x_wconf 81' lang='grc' dir='ltr'>καί</span> <span class='ocrx_word' id='word_1_122' title='bbox 901 1783 1127 1837; x_wconf 77' lang='grc' dir='ltr'>ἔδωκεν</span> <span class='ocrx_word' id='word_1_123' title='bbox 1182 1783 1379 1851; x_wconf 80' lang='grc' dir='ltr'>αὐτὴν</span> <span class='ocrx_word' id='word_1_124' title='bbox 1423 1783 1626 1838; x_wconf 83' lang='grc' dir='ltr'>Ἰακὼϐ</span> <span class='ocrx_word' id='word_1_125' title='bbox 1670 1782 1755 1848; x_wconf 82' lang='grc' dir='ltr'>τῷ</span> 
     </span>
    </p>
   </div>
   <div class='ocr_carea' id='block_1_18' title="bbox 139 1862 1754 1935">
    <p class='ocr_par' dir='ltr' id='par_1_18' title="bbox 139 1862 1754 1935">
     <span class='ocr_line' id='line_1_18' title="bbox 139 1862 1754 1935; baseline -0.002 -10"><span class='ocrx_word' id='word_1_126' title='bbox 139 1871 324 1924; x_wconf 76' lang='grc' dir='ltr'>παιδί</span> <span class='ocrx_word' id='word_1_127' title='bbox 355 1869 564 1934; x_wconf 85' lang='grc' dir='ltr'>αὐτοῦ,</span> <span class='ocrx_word' id='word_1_128' title='bbox 605 1868 704 1922; x_wconf 79' lang='grc' dir='ltr'>καί</span> <span class='ocrx_word' id='word_1_129' title='bbox 740 1865 982 1935; x_wconf 72' lang='grc' dir='ltr'>Ἰσραὴλ</span> <span class='ocrx_word' id='word_1_130' title='bbox 1009 1862 1092 1929; x_wconf 85' lang='grc' dir='ltr'>τῷ</span> <span class='ocrx_word' id='word_1_131' title='bbox 1118 1865 1484 1935; x_wconf 71' lang='grc' dir='ltr'>ἠγαπημένῳ</span> <span class='ocrx_word' id='word_1_132' title='bbox 1511 1867 1614 1919; x_wconf 78' lang='grc' dir='ltr'>ὑπ’</span> <span class='ocrx_word' id='word_1_133' title='bbox 1643 1868 1754 1924; x_wconf 69' lang='lat' dir='ltr'>a6—</span> 
     </span>
    </p>
   </div>
   <div class='ocr_carea' id='block_1_19' title="bbox 139 1952 1750 2026">
    <p class='ocr_par' dir='ltr' id='par_1_19' title="bbox 139 1952 1750 2026">
     <span class='ocr_line' id='line_1_19' title="bbox 139 1952 1750 2026; baseline -0.002 -16"><span class='ocrx_word' id='word_1_134' title='bbox 139 1958 558 2022; x_wconf 67' lang='grc' dir='ltr'>τοῦ.⁷Δείκνυσι</span> <span class='ocrx_word' id='word_1_135' title='bbox 580 1955 689 2026; x_wconf 86' lang='grc' dir='ltr'>γὰρ</span> <span class='ocrx_word' id='word_1_136' title='bbox 711 1954 944 2009; x_wconf 80' lang='grc' dir='ltr'>ἐνταῦθα</span> <span class='ocrx_word' id='word_1_137' title='bbox 968 1955 1050 2008; x_wconf 84' lang='grc' dir='ltr'>ὅτι</span> <span class='ocrx_word' id='word_1_138' title='bbox 1072 1955 1166 2008; x_wconf 76' lang='grc' dir='ltr'>καὶ</span> <span class='ocrx_word' id='word_1_139' title='bbox 1194 1953 1420 2024; x_wconf 77' lang='grc' dir='ltr'>πρὸτῆς</span> <span class='ocrx_word' id='word_1_140' title='bbox 1447 1952 1750 2023; x_wconf 79' lang='grc' dir='ltr'>παρουσίας</span> 
     </span>
    </p>
   </div>
   <div class='ocr_carea' id='block_1_20' title="bbox 141 2035 1752 2110">
    <p class='ocr_par' dir='ltr' id='par_1_20' title="bbox 141 2035 1752 2110">
     <span class='ocr_line' id='line_1_20' title="bbox 141 2035 1752 2110; baseline -0.002 -17"><span class='ocrx_word' id='word_1_141' title='bbox 141 2041 249 2110; x_wconf 82' lang='grc' dir='ltr'>τῆς</span> <span class='ocrx_word' id='word_1_142' title='bbox 286 2040 558 2110; x_wconf 84' lang='grc' dir='ltr'>ἐνσάρκου</span> <span class='ocrx_word' id='word_1_143' title='bbox 596 2039 778 2092; x_wconf 88' lang='grc' dir='ltr'>πάντα</span> <span class='ocrx_word' id='word_1_144' title='bbox 802 2037 965 2100; x_wconf 76' lang='grc' dir='ltr'>αὐτὸς</span> <span class='ocrx_word' id='word_1_145' title='bbox 996 2035 1288 2108; x_wconf 84' lang='grc' dir='ltr'>ᾠκονόμει,</span> <span class='ocrx_word' id='word_1_146' title='bbox 1323 2035 1419 2088; x_wconf 72' lang='grc' dir='ltr'>καὶ</span> <span class='ocrx_word' id='word_1_147' title='bbox 1443 2035 1752 2093; x_wconf 65' lang='grc' dir='ltr'>πάνταού-</span> 
     </span>
    </p>
   </div>
   <div class='ocr_carea' id='block_1_21' title="bbox 139 2118 1752 2192">
    <p class='ocr_par' dir='ltr' id='par_1_21' title="bbox 139 2118 1752 2192">
     <span class='ocr_line' id='line_1_21' title="bbox 139 2118 1752 2192; baseline -0.003 -16"><span class='ocrx_word' id='word_1_148' title='bbox 139 2123 540 2192; x_wconf 74' lang='grc' dir='ltr'>τὸς-επραττε,</span> <span class='ocrx_word' id='word_1_149' title='bbox 570 2120 900 2192; x_wconf 84' lang='grc' dir='ltr'>νομοθετῶν,</span> <span class='ocrx_word' id='word_1_150' title='bbox 933 2119 1178 2191; x_wconf 84' lang='grc' dir='ltr'>προνοῶν</span> <span class='ocrx_word' id='word_1_151' title='bbox 1197 2158 1213 2181; x_wconf 89' lang='grc'>,</span> <span class='ocrx_word' id='word_1_152' title='bbox 1245 2118 1566 2189; x_wconf 85' lang='grc' dir='ltr'>κηδόμενος,</span> <span class='ocrx_word' id='word_1_153' title='bbox 1595 2119 1752 2189; x_wconf 86' lang='grc' dir='ltr'>εὐερ-</span> 
     </span>
    </p>
   </div>
   <div class='ocr_carea' id='block_1_22' title="bbox 140 2201 1750 2274">
    <p class='ocr_par' dir='ltr' id='par_1_22' title="bbox 140 2201 1750 2274">
     <span class='ocr_line' id='line_1_22' title="bbox 140 2201 1750 2274; baseline -0.002 -16"><span class='ocrx_word' id='word_1_154' title='bbox 140 2206 352 2272; x_wconf 81' lang='grc' dir='ltr'>γετῶν.</span> <span class='ocrx_word' id='word_1_155' title='bbox 387 2206 618 2274; x_wconf 90' lang='grc' dir='ltr'>Ἕτερος</span> <span class='ocrx_word' id='word_1_156' title='bbox 652 2203 815 2263; x_wconf 81' lang='grc' dir='ltr'>πάλιν</span> <span class='ocrx_word' id='word_1_157' title='bbox 856 2205 1142 2274; x_wconf 83' lang='grc' dir='ltr'>προφήτης</span> <span class='ocrx_word' id='word_1_158' title='bbox 1164 2243 1179 2267; x_wconf 96' lang='grc'>,</span> <span class='ocrx_word' id='word_1_159' title='bbox 1219 2203 1301 2255; x_wconf 85' lang='grc' dir='ltr'>ὅτι</span> <span class='ocrx_word' id='word_1_160' title='bbox 1327 2201 1426 2256; x_wconf 86' lang='grc' dir='ltr'>οὑκ</span> <span class='ocrx_word' id='word_1_161' title='bbox 1463 2202 1750 2273; x_wconf 78' lang='grc' dir='ltr'>ἄνθρωπος</span> 
     </span>
    </p>
   </div>
   <div class='ocr_carea' id='block_1_23' title="bbox 142 2285 1746 2358">
    <p class='ocr_par' dir='ltr' id='par_1_23' title="bbox 142 2285 1746 2358">
     <span class='ocr_line' id='line_1_23' title="bbox 142 2285 1746 2358; baseline -0.002 -17"><span class='ocrx_word' id='word_1_162' title='bbox 142 2290 318 2355; x_wconf 87' lang='grc' dir='ltr'>μόνον</span> <span class='ocrx_word' id='word_1_163' title='bbox 345 2287 500 2342; x_wconf 78' lang='grc' dir='ltr'>ἔσται</span> <span class='ocrx_word' id='word_1_164' title='bbox 523 2329 538 2352; x_wconf 94' lang='grc'>,</span> <span class='ocrx_word' id='word_1_165' title='bbox 566 2287 682 2343; x_wconf 77' lang='grc' dir='ltr'>ἀλλ’</span> <span class='ocrx_word' id='word_1_166' title='bbox 707 2288 790 2340; x_wconf 87' lang='grc' dir='ltr'>ὃτι</span> <span class='ocrx_word' id='word_1_167' title='bbox 825 2288 920 2340; x_wconf 77' lang='grc' dir='ltr'>καὶ</span> <span class='ocrx_word' id='word_1_168' title='bbox 951 2285 1370 2358; x_wconf 17' lang='grc' dir='ltr'>ἁπὸππαρθένου</span> <span class='ocrx_word' id='word_1_169' title='bbox 1399 2285 1746 2356; x_wconf 83' lang='grc' dir='ltr'>τεχθήσεται,</span> 
     </span>
    </p>
   </div>
   <div class='ocr_carea' id='block_1_24' title="bbox 139 2367 1750 2440">
    <p class='ocr_par' dir='ltr' id='par_1_24' title="bbox 139 2367 1750 2440">
     <span class='ocr_line' id='line_1_24' title="bbox 139 2367 1750 2440; baseline -0.003 -14"><span class='ocrx_word' id='word_1_170' title='bbox 139 2372 387 2426; x_wconf 76' lang='grc' dir='ltr'>ἄκουσον</span> <span class='ocrx_word' id='word_1_171' title='bbox 425 2371 544 2434; x_wconf 83' lang='grc' dir='ltr'>πῶς</span> <span class='ocrx_word' id='word_1_172' title='bbox 601 2385 798 2440; x_wconf 82' lang='grc' dir='ltr'>φησιν’</span> <span class='ocrx_word' id='word_1_173' title='bbox 843 2369 989 2424; x_wconf 87' lang='grc' dir='ltr'>Ἰδοὺ</span> <span class='ocrx_word' id='word_1_174' title='bbox 1038 2370 1076 2437; x_wconf 87' lang='grc' dir='ltr'>ή</span> <span class='ocrx_word' id='word_1_175' title='bbox 1112 2367 1411 2435; x_wconf 74' lang='grc' dir='ltr'>παρθένος</span> <span class='ocrx_word' id='word_1_176' title='bbox 1436 2369 1508 2421; x_wconf 89' lang='grc' dir='ltr'>ἐν</span> <span class='ocrx_word' id='word_1_177' title='bbox 1534 2368 1750 2436; x_wconf 77' lang='grc' dir='ltr'>γαστρί</span> 
     </span>
    </p>
   </div>
   <div class='ocr_carea' id='block_1_25' title="bbox 139 2455 1750 2524">
    <p class='ocr_par' dir='ltr' id='par_1_25' title="bbox 139 2455 1750 2524">
     <span class='ocr_line' id='line_1_25' title="bbox 139 2455 1750 2524; baseline -0.003 -10"><span class='ocrx_word' id='word_1_178' title='bbox 139 2460 306 2524; x_wconf 78' lang='grc' dir='ltr'>ἕξει,</span> <span class='ocrx_word' id='word_1_179' title='bbox 339 2458 440 2513; x_wconf 75' lang='grc' dir='ltr'>καί</span> <span class='ocrx_word' id='word_1_180' title='bbox 469 2458 703 2522; x_wconf 79' lang='grc' dir='ltr'>τέξεται</span> <span class='ocrx_word' id='word_1_181' title='bbox 739 2456 875 2511; x_wconf 86' lang='grc' dir='ltr'>υίὸν</span> <span class='ocrx_word' id='word_1_182' title='bbox 897 2497 913 2521; x_wconf 92' lang='grc'>,</span> <span class='ocrx_word' id='word_1_183' title='bbox 946 2456 1046 2509; x_wconf 81' lang='grc' dir='ltr'>καί</span> <span class='ocrx_word' id='word_1_184' title='bbox 1079 2457 1419 2511; x_wconf 76' lang='grc' dir='ltr'>καλέσουσι</span> <span class='ocrx_word' id='word_1_185' title='bbox 1462 2455 1530 2510; x_wconf 85' lang='grc' dir='ltr'>τὸ</span> <span class='ocrx_word' id='word_1_186' title='bbox 1560 2455 1750 2524; x_wconf 81' lang='grc' dir='ltr'>ὄνομα</span> 
     </span>
    </p>
   </div>
   <div class='ocr_carea' id='block_1_26' title="bbox 140 2537 1749 2609">
    <p class='ocr_par' dir='ltr' id='par_1_26' title="bbox 140 2537 1749 2609">
     <span class='ocr_line' id='line_1_26' title="bbox 140 2537 1749 2609; baseline -0.004 -12"><span class='ocrx_word' id='word_1_187' title='bbox 140 2543 342 2598; x_wconf 82' lang='grc' dir='ltr'>αὑτοῦ</span> <span class='ocrx_word' id='word_1_188' title='bbox 386 2541 803 2609; x_wconf 77' lang='grc' dir='ltr'>Ἐμμανουήλ’</span> <span class='ocrx_word' id='word_1_189' title='bbox 831 2539 989 2592; x_wconf 80' lang='grc' dir='ltr'>τοῦτο</span> <span class='ocrx_word' id='word_1_190' title='bbox 1017 2538 1076 2592; x_wconf 88' lang='grc' dir='ltr'>δέ</span> <span class='ocrx_word' id='word_1_191' title='bbox 1125 2541 1242 2592; x_wconf 81' lang='grc' dir='ltr'>ἐστι</span> <span class='ocrx_word' id='word_1_192' title='bbox 1272 2537 1749 2609; x_wconf 86' lang='grc' dir='ltr'>μεθερμηνευόμε-</span> 
     </span>
    </p>
   </div>
   <div class='ocr_carea' id='block_1_27' title="bbox 141 2618 1746 2697">
    <p class='ocr_par' dir='ltr' id='par_1_27' title="bbox 141 2618 1746 2697">
     <span class='ocr_line' id='line_1_27' title="bbox 141 2618 1746 2697; baseline -0.003 -17"><span class='ocrx_word' id='word_1_193' title='bbox 141 2643 276 2692; x_wconf 87' lang='grc' dir='ltr'>νον,</span> <span class='ocrx_word' id='word_1_194' title='bbox 484 2622 618 2676; x_wconf 83' lang='grc' dir='ltr'>Μεθ’</span> <span class='ocrx_word' id='word_1_195' title='bbox 647 2623 806 2694; x_wconf 80' lang='grc' dir='ltr'>ἡμῶν</span> <span class='ocrx_word' id='word_1_196' title='bbox 851 2625 881 2677; x_wconf 93' lang='lat'>6</span> <span class='ocrx_word' id='word_1_197' title='bbox 928 2623 1082 2686; x_wconf 86' lang='grc' dir='ltr'>Οεός.</span> <span class='ocrx_word' id='word_1_198' title='bbox 1118 2618 1252 2675; x_wconf 76' lang='grc' dir='ltr'>Εἶτα</span> <span class='ocrx_word' id='word_1_199' title='bbox 1299 2623 1515 2685; x_wconf 84' lang='grc' dir='ltr'>δεικνὺς</span> <span class='ocrx_word' id='word_1_200' title='bbox 1562 2623 1645 2678; x_wconf 85' lang='grc' dir='ltr'>ὅτι</span> <span class='ocrx_word' id='word_1_201' title='bbox 1684 2623 1746 2675; x_wconf 89' lang='grc' dir='ltr'>οὑ</span> 
     </span>
    </p>
   </div>
   <div class='ocr_carea' id='block_1_28' title="bbox 141 2700 1744 2778">
    <p class='ocr_par' dir='ltr' id='par_1_28' title="bbox 141 2700 1744 2778">
     <span class='ocr_line' id='line_1_28' title="bbox 141 2700 1744 2778; baseline -0.002 -16"><span class='ocrx_word' id='word_1_202' title='bbox 141 2708 428 2778; x_wconf 81' lang='grc' dir='ltr'>φαντασία</span> <span class='ocrx_word' id='word_1_203' title='bbox 462 2707 523 2759; x_wconf 89' lang='lat'>16</span> <span class='ocrx_word' id='word_1_204' title='bbox 557 2706 882 2776; x_wconf 86' lang='grc' dir='ltr'>φαινόμενον</span> <span class='ocrx_word' id='word_1_205' title='bbox 911 2700 1001 2776; x_wconf 81' lang='grc' dir='ltr'>ἦν,</span> <span class='ocrx_word' id='word_1_206' title='bbox 1037 2705 1154 2758; x_wconf 87' lang='grc' dir='ltr'>ἀλλ’</span> <span class='ocrx_word' id='word_1_207' title='bbox 1192 2704 1408 2773; x_wconf 86' lang='grc' dir='ltr'>ἀληθῶς</span> <span class='ocrx_word' id='word_1_208' title='bbox 1434 2705 1744 2777; x_wconf 80' lang='grc' dir='ltr'>ἄνθρωπος,</span> 
     </span>
    </p>
   </div>
   <div class='ocr_carea' id='block_1_29' title="bbox 140 2787 1750 2863">
    <p class='ocr_par' dir='ltr' id='par_1_29' title="bbox 140 2787 1750 2863">
     <span class='ocr_line' id='line_1_29' title="bbox 140 2787 1750 2863; baseline -0.003 -17"><span class='ocrx_word' id='word_1_209' title='bbox 140 2794 400 2863; x_wconf 78' lang='grc' dir='ltr'>ἐπήγαγε</span> <span class='ocrx_word' id='word_1_210' title='bbox 438 2791 613 2859; x_wconf 89' lang='grc' dir='ltr'>λέγων</span> <span class='ocrx_word' id='word_1_211' title='bbox 635 2807 650 2820; x_wconf 73' lang='grc' dir='ltr'><strong><em>ο</em></strong></span> <span class='ocrx_word' id='word_1_212' title='bbox 698 2791 855 2842; x_wconf 86' lang='grc' dir='ltr'>Διότι</span> <span class='ocrx_word' id='word_1_213' title='bbox 885 2788 1028 2856; x_wconf 77' lang='grc' dir='ltr'>πρὶν</span> <span class='ocrx_word' id='word_1_214' title='bbox 1070 2787 1109 2856; x_wconf 76' lang='grc' dir='ltr'>ἢ</span> <span class='ocrx_word' id='word_1_215' title='bbox 1158 2788 1379 2857; x_wconf 71' lang='grc' dir='ltr'>γνῶναι</span> <span class='ocrx_word' id='word_1_216' title='bbox 1408 2788 1476 2841; x_wconf 88' lang='grc' dir='ltr'>τὸ</span> <span class='ocrx_word' id='word_1_217' title='bbox 1506 2787 1750 2843; x_wconf 81' lang='grc' dir='ltr'>παιδίον</span> 
     </span>
    </p>
   </div>
   <div class='ocr_carea' id='block_1_30' title="bbox 139 2872 1748 2945">
    <p class='ocr_par' dir='ltr' id='par_1_30' title="bbox 139 2872 1748 2945">
     <span class='ocr_line' id='line_1_30' title="bbox 139 2872 1748 2945; baseline -0.004 -14"><span class='ocrx_word' id='word_1_218' title='bbox 139 2878 366 2933; x_wconf 75' lang='grc' dir='ltr'>καλεῖν</span> <span class='ocrx_word' id='word_1_219' title='bbox 388 2877 617 2944; x_wconf 80' lang='grc' dir='ltr'>πατέρα</span> <span class='ocrx_word' id='word_1_220' title='bbox 637 2876 870 2945; x_wconf 78' lang='grc' dir='ltr'>ἀγαθὸν</span> <span class='ocrx_word' id='word_1_221' title='bbox 897 2876 936 2943; x_wconf 82' lang='grc' dir='ltr'><em>ἢ</em></span> <span class='ocrx_word' id='word_1_222' title='bbox 964 2875 1156 2928; x_wconf 84' lang='grc' dir='ltr'>κακὸν</span> <span class='ocrx_word' id='word_1_223' title='bbox 1177 2913 1192 2937; x_wconf 95' lang='grc'>,</span> <span class='ocrx_word' id='word_1_224' title='bbox 1225 2872 1463 2929; x_wconf 80' lang='grc' dir='ltr'>ἀπειθεῖ</span> <span class='ocrx_word' id='word_1_225' title='bbox 1489 2874 1748 2941; x_wconf 81' lang='grc' dir='ltr'>πονηρίᾳ</span> 
     </span>
    </p>
   </div>
   <div class='ocr_carea' id='block_1_31' title="bbox 139 2951 1748 3027">
    <p class='ocr_par' dir='ltr' id='par_1_31' title="bbox 139 2951 1748 3027">
     <span class='ocr_line' id='line_1_31' title="bbox 139 2951 1748 3027; baseline -0.004 -12"><span class='ocrx_word' id='word_1_226' title='bbox 139 2963 252 3016; x_wconf 83' lang='grc' dir='ltr'>τοῦ</span> <span class='ocrx_word' id='word_1_227' title='bbox 290 2960 658 3024; x_wconf 67' lang='grc' dir='ltr'>ἐκλέξασθαι</span> <span class='ocrx_word' id='word_1_228' title='bbox 695 2957 766 3012; x_wconf 87' lang='grc' dir='ltr'>τὸ</span> <span class='ocrx_word' id='word_1_229' title='bbox 813 2958 1062 3027; x_wconf 71' lang='grc' dir='ltr'>ἀγαθόν.</span> <span class='ocrx_word' id='word_1_230' title='bbox 1095 2957 1220 3010; x_wconf 80' lang='grc' dir='ltr'>Ὀτι</span> <span class='ocrx_word' id='word_1_231' title='bbox 1269 2957 1331 3009; x_wconf 86' lang='grc' dir='ltr'>δέ</span> <span class='ocrx_word' id='word_1_232' title='bbox 1373 2956 1538 3020; x_wconf 82' lang='grc' dir='ltr'>αὐτὸς</span> <span class='ocrx_word' id='word_1_233' title='bbox 1591 2951 1748 3025; x_wconf 72' lang='grc' dir='ltr'>οὗτος</span> 
     </span>
    </p>
   </div>
   <div class='ocr_carea' id='block_1_32' title="bbox 137 3039 1743 3115">
    <p class='ocr_par' dir='ltr' id='par_1_32' title="bbox 137 3039 1743 3115">
     <span class='ocr_line' id='line_1_32' title="bbox 137 3039 1743 3115; baseline -0.004 -16"><span class='ocrx_word' id='word_1_234' title='bbox 137 3046 246 3099; x_wconf 79' lang='grc' dir='ltr'>οὐκ</span> <span class='ocrx_word' id='word_1_235' title='bbox 286 3044 578 3115; x_wconf 74' lang='grc' dir='ltr'>ἄνθρωπος</span> <span class='ocrx_word' id='word_1_236' title='bbox 610 3041 770 3112; x_wconf 91' lang='grc' dir='ltr'>μόνον</span> <span class='ocrx_word' id='word_1_237' title='bbox 794 3082 810 3107; x_wconf 89' lang='grc'>,</span> <span class='ocrx_word' id='word_1_238' title='bbox 861 3041 971 3095; x_wconf 80' lang='grc' dir='ltr'>οὐδ’</span> <span class='ocrx_word' id='word_1_239' title='bbox 1004 3042 1088 3094; x_wconf 84' lang='grc' dir='ltr'>ὃτι</span> <span class='ocrx_word' id='word_1_240' title='bbox 1133 3044 1198 3094; x_wconf 86' lang='grc' dir='ltr'>ἐκ</span> <span class='ocrx_word' id='word_1_241' title='bbox 1243 3040 1516 3110; x_wconf 79' lang='grc' dir='ltr'>παρθένου</span> <span class='ocrx_word' id='word_1_242' title='bbox 1562 3039 1743 3109; x_wconf 89' lang='grc' dir='ltr'>μόνον,</span> 
     </span>
    </p>
   </div>
   <div class='ocr_carea' id='block_1_33' title="bbox 139 3121 1747 3191">
    <p class='ocr_par' dir='ltr' id='par_1_33' title="bbox 139 3121 1747 3191">
     <span class='ocr_line' id='line_1_33' title="bbox 139 3121 1747 3191; baseline -0.004 -9"><span class='ocrx_word' id='word_1_243' title='bbox 139 3127 262 3182; x_wconf 82' lang='grc' dir='ltr'>ἀλλ’</span> <span class='ocrx_word' id='word_1_244' title='bbox 290 3129 375 3182; x_wconf 80' lang='grc' dir='ltr'>ὅτι</span> <span class='ocrx_word' id='word_1_245' title='bbox 400 3126 497 3180; x_wconf 72' lang='grc' dir='ltr'>καὶ</span> <span class='ocrx_word' id='word_1_246' title='bbox 525 3125 585 3191; x_wconf 81' lang='grc' dir='ltr'>ἐξ</span> <span class='ocrx_word' id='word_1_247' title='bbox 622 3124 777 3177; x_wconf 81' lang='grc' dir='ltr'>οἰκου</span> <span class='ocrx_word' id='word_1_248' title='bbox 805 3123 972 3177; x_wconf 73' lang='grc' dir='ltr'>Δαϐὶδ</span> <span class='ocrx_word' id='word_1_249' title='bbox 991 3165 1006 3189; x_wconf 91' lang='grc'>,</span> <span class='ocrx_word' id='word_1_250' title='bbox 1032 3124 1265 3177; x_wconf 72' lang='grc' dir='ltr'>ἄκουσον</span> <span class='ocrx_word' id='word_1_251' title='bbox 1302 3123 1421 3185; x_wconf 85' lang='grc' dir='ltr'>πῶς</span> <span class='ocrx_word' id='word_1_252' title='bbox 1448 3122 1545 3175; x_wconf 74' lang='grc' dir='ltr'>καὶ</span> <span class='ocrx_word' id='word_1_253' title='bbox 1585 3121 1747 3175; x_wconf 81' lang='grc' dir='ltr'>τοῦτο</span> 
     </span>
    </p>
   </div>
   <div class='ocr_carea' id='block_1_34' title="bbox 139 3206 1748 3282">
    <p class='ocr_par' dir='ltr' id='par_1_34' title="bbox 139 3206 1748 3282">
     <span class='ocr_line' id='line_1_34' title="bbox 139 3206 1748 3282; baseline -0.007 -15"><span class='ocrx_word' id='word_1_254' title='bbox 139 3211 356 3266; x_wconf 80' lang='grc' dir='ltr'>ἀνωθεν</span> <span class='ocrx_word' id='word_1_255' title='bbox 387 3209 645 3282; x_wconf 88' lang='grc' dir='ltr'>προλέγει</span> <span class='ocrx_word' id='word_1_256' title='bbox 672 3211 701 3262; x_wconf 90' lang='lat'>6</span> <span class='ocrx_word' id='word_1_257' title='bbox 741 3208 1003 3270; x_wconf 86' lang='grc' dir='ltr'>Ἡσαΐας,</span> <span class='ocrx_word' id='word_1_258' title='bbox 1039 3206 1319 3276; x_wconf 80' lang='grc' dir='ltr'>τροπικῶς</span> <span class='ocrx_word' id='word_1_259' title='bbox 1348 3208 1446 3277; x_wconf 83' lang='grc' dir='ltr'>μὲν</span> <span class='ocrx_word' id='word_1_260' title='bbox 1469 3206 1748 3276; x_wconf 88' lang='grc' dir='ltr'>κεχρημέ-</span> 
     </span>
    </p>
   </div>
   <div class='ocr_carea' id='block_1_35' title="bbox 139 3283 1747 3362">
    <p class='ocr_par' dir='ltr' id='par_1_35' title="bbox 139 3283 1747 3362">
     <span class='ocr_line' id='line_1_35' title="bbox 139 3283 1747 3362; baseline -0.004 -14"><span class='ocrx_word' id='word_1_261' title='bbox 139 3312 234 3358; x_wconf 88' lang='grc' dir='ltr'>νος</span> <span class='ocrx_word' id='word_1_262' title='bbox 261 3297 387 3358; x_wconf 86' lang='grc' dir='ltr'>ταῖς</span> <span class='ocrx_word' id='word_1_263' title='bbox 411 3293 588 3357; x_wconf 80' lang='grc' dir='ltr'>λέξεσι</span> <span class='ocrx_word' id='word_1_264' title='bbox 617 3292 713 3346; x_wconf 78' lang='grc' dir='ltr'>καὶ</span> <span class='ocrx_word' id='word_1_265' title='bbox 741 3292 1026 3362; x_wconf 83' lang='grc' dir='ltr'>μεταφορᾷ</span> <span class='ocrx_word' id='word_1_266' title='bbox 1054 3289 1225 3360; x_wconf 82' lang='grc' dir='ltr'>πολλῇ</span> <span class='ocrx_word' id='word_1_267' title='bbox 1247 3329 1262 3354; x_wconf 93' lang='grc'>,</span> <span class='ocrx_word' id='word_1_268' title='bbox 1295 3286 1553 3359; x_wconf 83' lang='grc' dir='ltr'>προλέγει</span> <span class='ocrx_word' id='word_1_269' title='bbox 1579 3289 1624 3342; x_wconf 88' lang='grc' dir='ltr'>δ’</span> <span class='ocrx_word' id='word_1_270' title='bbox 1653 3283 1747 3341; x_wconf 81' lang='grc' dir='ltr'>οὖν</span> 
     </span>
    </p>
   </div>
   <div class='ocr_carea' id='block_1_36' title="bbox 139 3369 1744 3449">
    <p class='ocr_par' dir='ltr' id='par_1_36' title="bbox 139 3369 1744 3449">
     <span class='ocr_line' id='line_1_36' title="bbox 139 3369 1744 3449; baseline -0.006 -17"><span class='ocrx_word' id='word_1_271' title='bbox 139 3379 296 3449; x_wconf 80' lang='grc' dir='ltr'>ὅμως</span> <span class='ocrx_word' id='word_1_272' title='bbox 314 3393 330 3406; x_wconf 74' lang='grc' dir='ltr'><strong><em>ο</em></strong></span> <span class='ocrx_word' id='word_1_273' title='bbox 367 3376 784 3441; x_wconf 70' lang='grc' dir='ltr'>Ἐξελεύσεται</span> <span class='ocrx_word' id='word_1_274' title='bbox 802 3373 1031 3442; x_wconf 72' lang='grc' dir='ltr'>ῥάϐδος</span> <span class='ocrx_word' id='word_1_275' title='bbox 1057 3372 1127 3425; x_wconf 85' lang='grc' dir='ltr'>ἐκ</span> <span class='ocrx_word' id='word_1_276' title='bbox 1151 3370 1263 3439; x_wconf 83' lang='grc' dir='ltr'>τῆς</span> <span class='ocrx_word' id='word_1_277' title='bbox 1294 3369 1464 3439; x_wconf 77' lang='grc' dir='ltr'>ῥίζης</span> <span class='ocrx_word' id='word_1_278' title='bbox 1503 3369 1744 3436; x_wconf 80' lang='grc' dir='ltr'>Ἰεσσαί,</span> 
     </span>
    </p>
   </div>
   <div class='ocr_carea' id='block_1_37' title="bbox 139 3458 1745 3532">
    <p class='ocr_par' dir='ltr' id='par_1_37' title="bbox 139 3458 1745 3532">
     <span class='ocr_line' id='line_1_37' title="bbox 139 3458 1745 3532; baseline -0.008 -13"><span class='ocrx_word' id='word_1_279' title='bbox 139 3465 241 3519; x_wconf 79' lang='grc' dir='ltr'>καί</span> <span class='ocrx_word' id='word_1_280' title='bbox 270 3464 458 3532; x_wconf 72' lang='grc' dir='ltr'>ἄνθος</span> <span class='ocrx_word' id='word_1_281' title='bbox 485 3463 557 3517; x_wconf 81' lang='grc' dir='ltr'>ἐκ</span> <span class='ocrx_word' id='word_1_282' title='bbox 577 3462 690 3530; x_wconf 82' lang='grc' dir='ltr'>τῆς</span> <span class='ocrx_word' id='word_1_283' title='bbox 711 3460 881 3530; x_wconf 77' lang='grc' dir='ltr'>ῥίζης</span> <span class='ocrx_word' id='word_1_284' title='bbox 909 3459 1279 3526; x_wconf 80' lang='grc' dir='ltr'>ἀναϐήσεται</span> <span class='ocrx_word' id='word_1_285' title='bbox 1299 3499 1314 3522; x_wconf 92' lang='grc'>,</span> <span class='ocrx_word' id='word_1_286' title='bbox 1340 3458 1440 3512; x_wconf 79' lang='grc' dir='ltr'>καί</span> <span class='ocrx_word' id='word_1_287' title='bbox 1472 3459 1745 3513; x_wconf 80' lang='grc' dir='ltr'>ἀναπαύ-</span> 
     </span>
    </p>
   </div>
   <div class='ocr_carea' id='block_1_38' title="bbox 139 3543 1749 3615">
    <p class='ocr_par' dir='ltr' id='par_1_38' title="bbox 139 3543 1749 3615">
     <span class='ocr_line' id='line_1_38' title="bbox 139 3543 1749 3615; baseline -0.006 -11"><span class='ocrx_word' id='word_1_288' title='bbox 139 3566 321 3604; x_wconf 84' lang='grc' dir='ltr'>σεται</span> <span class='ocrx_word' id='word_1_289' title='bbox 367 3547 461 3602; x_wconf 70' lang='grc' dir='ltr'>ἐπ’</span> <span class='ocrx_word' id='word_1_290' title='bbox 493 3545 682 3602; x_wconf 74' lang='grc' dir='ltr'>αΰτὸν</span> <span class='ocrx_word' id='word_1_291' title='bbox 714 3546 953 3615; x_wconf 78' lang='grc' dir='ltr'>πνεῦμα</span> <span class='ocrx_word' id='word_1_292' title='bbox 1008 3544 1158 3600; x_wconf 85' lang='grc' dir='ltr'>Θεοῦ</span> <span class='ocrx_word' id='word_1_293' title='bbox 1177 3583 1193 3606; x_wconf 93' lang='grc'>,</span> <span class='ocrx_word' id='word_1_294' title='bbox 1230 3543 1472 3611; x_wconf 81' lang='grc' dir='ltr'>πνεῦμα</span> <span class='ocrx_word' id='word_1_295' title='bbox 1523 3543 1749 3612; x_wconf 91' lang='grc' dir='ltr'>σοφίας</span> 
     </span>
    </p>
   </div>
   <div class='ocr_carea' id='block_1_39' title="bbox 141 3625 1749 3699">
    <p class='ocr_par' dir='ltr' id='par_1_39' title="bbox 141 3625 1749 3699">
     <span class='ocr_line' id='line_1_39' title="bbox 141 3625 1749 3699; baseline -0.007 -10"><span class='ocrx_word' id='word_1_296' title='bbox 141 3634 241 3690; x_wconf 78' lang='grc' dir='ltr'>καί</span> <span class='ocrx_word' id='word_1_297' title='bbox 263 3631 600 3696; x_wconf 82' lang='grc' dir='ltr'>συνέσεως,</span> <span class='ocrx_word' id='word_1_298' title='bbox 618 3629 856 3699; x_wconf 79' lang='grc' dir='ltr'>πνεῦμα</span> <span class='ocrx_word' id='word_1_299' title='bbox 870 3627 1117 3694; x_wconf 74' lang='grc' dir='ltr'>,βουλῆς</span> <span class='ocrx_word' id='word_1_300' title='bbox 1135 3627 1234 3680; x_wconf 81' lang='grc' dir='ltr'>καί</span> <span class='ocrx_word' id='word_1_301' title='bbox 1258 3628 1492 3696; x_wconf 86' lang='grc' dir='ltr'>ἰσχύος,</span> <span class='ocrx_word' id='word_1_302' title='bbox 1511 3625 1749 3693; x_wconf 82' lang='grc' dir='ltr'>πνεῦμα</span> 
     </span>
    </p>
   </div>
   <div class='ocr_carea' id='block_1_40' title="bbox 141 3708 1749 3786">
    <p class='ocr_par' dir='ltr' id='par_1_40' title="bbox 141 3708 1749 3786">
     <span class='ocr_line' id='line_1_40' title="bbox 141 3708 1749 3786; baseline -0.006 -17"><span class='ocrx_word' id='word_1_303' title='bbox 141 3715 431 3786; x_wconf 68' lang='grc' dir='ltr'>γνώσεως</span> <span class='ocrx_word' id='word_1_304' title='bbox 457 3714 557 3768; x_wconf 78' lang='grc' dir='ltr'>καὶ</span> <span class='ocrx_word' id='word_1_305' title='bbox 593 3713 938 3778; x_wconf 84' lang='grc' dir='ltr'>εὐσεϐείας,</span> <span class='ocrx_word' id='word_1_306' title='bbox 987 3711 1226 3779; x_wconf 80' lang='grc' dir='ltr'>,πνεῦμα</span> <span class='ocrx_word' id='word_1_307' title='bbox 1250 3711 1442 3779; x_wconf 83' lang='grc' dir='ltr'>φόϐου</span> <span class='ocrx_word' id='word_1_308' title='bbox 1473 3708 1622 3762; x_wconf 83' lang='grc' dir='ltr'>Θεοῦ</span> <span class='ocrx_word' id='word_1_309' title='bbox 1647 3708 1749 3776; x_wconf 87' lang='grc' dir='ltr'>ἐμ-</span> 
     </span>
    </p>
   </div>
   <div class='ocr_carea' id='block_1_41' title="bbox 142 3788 1746 3866">
    <p class='ocr_par' dir='ltr' id='par_1_41' title="bbox 142 3788 1746 3866">
     <span class='ocr_line' id='line_1_41' title="bbox 142 3788 1746 3866; baseline -0.006 -14"><span class='ocrx_word' id='word_1_310' title='bbox 142 3797 379 3866; x_wconf 69' lang='grc' dir='ltr'>πλήσει</span> <span class='ocrx_word' id='word_1_311' title='bbox 400 3796 608 3850; x_wconf 86' lang='grc' dir='ltr'>αὐτόν.</span> <span class='ocrx_word' id='word_1_312' title='bbox 638 3794 697 3849; x_wconf 88' lang='lat'>&#39;0</span> <span class='ocrx_word' id='word_1_313' title='bbox 720 3797 829 3866; x_wconf 82' lang='grc' dir='ltr'>γὰρ</span> <span class='ocrx_word' id='word_1_314' title='bbox 852 3794 1056 3850; x_wconf 78' lang='grc' dir='ltr'>Ἰεσσαὶ</span> <span class='ocrx_word' id='word_1_315' title='bbox 1074 3788 1229 3854; x_wconf 77' lang='grc' dir='ltr'>οὗτος</span> <span class='ocrx_word' id='word_1_316' title='bbox 1251 3792 1438 3864; x_wconf 81' lang='grc' dir='ltr'>πατὴρ</span> <span class='ocrx_word' id='word_1_317' title='bbox 1462 3789 1560 3844; x_wconf 82' lang='grc' dir='ltr'>τοῦ</span> <span class='ocrx_word' id='word_1_318' title='bbox 1580 3789 1746 3844; x_wconf 71' lang='grc' dir='ltr'>Δαϐὶδ</span> 
     </span>
    </p>
   </div>
   <div class='ocr_carea' id='block_1_42' title="bbox 140 3869 1741 3952">
    <p class='ocr_par' dir='ltr' id='par_1_42' title="bbox 140 3869 1741 3952">
     <span class='ocr_line' id='line_1_42' title="bbox 140 3869 1741 3952; baseline -0.005 -18"><span class='ocrx_word' id='word_1_319' title='bbox 140 3877 230 3952; x_wconf 82' lang='grc' dir='ltr'>ἦν.</span> <span class='ocrx_word' id='word_1_320' title='bbox 244 3879 422 3950; x_wconf 83' lang='grc' dir='ltr'>Δῆλον</span> <span class='ocrx_word' id='word_1_321' title='bbox 445 3879 514 3935; x_wconf 13' lang='grc' dir='ltr'>ἐκ.</span> <span class='ocrx_word' id='word_1_322' title='bbox 533 3875 726 3932; x_wconf 83' lang='grc' dir='ltr'>τούτου</span> <span class='ocrx_word' id='word_1_323' title='bbox 749 3878 832 3931; x_wconf 85' lang='grc' dir='ltr'>ὅτι</span> <span class='ocrx_word' id='word_1_324' title='bbox 853 3876 950 3930; x_wconf 82' lang='grc' dir='ltr'>καὶ</span> <span class='ocrx_word' id='word_1_325' title='bbox 979 3875 1088 3930; x_wconf 82' lang='grc' dir='ltr'>ἀπὺ</span> <span class='ocrx_word' id='word_1_326' title='bbox 1106 3876 1207 3947; x_wconf 82' lang='grc' dir='ltr'>τῆς</span> <span class='ocrx_word' id='word_1_327' title='bbox 1223 3874 1400 3945; x_wconf 83' lang='grc' dir='ltr'>φυλῆς</span> <span class='ocrx_word' id='word_1_328' title='bbox 1418 3874 1634 3944; x_wconf 76' lang='grc' dir='ltr'>ἐκείνης</span> <span class='ocrx_word' id='word_1_329' title='bbox 1651 3869 1741 3944; x_wconf 81' lang='grc' dir='ltr'>ἦν.</span> 
     </span>
    </p>
   </div>
   <div class='ocr_carea' id='block_1_43' title="bbox 143 3957 1745 4034">
    <p class='ocr_par' dir='ltr' id='par_1_43' title="bbox 143 3957 1745 4034">
     <span class='ocr_line' id='line_1_43' title="bbox 143 3957 1745 4034; baseline -0.004 -16"><span class='ocrx_word' id='word_1_330' title='bbox 143 3966 219 4018; x_wconf 80' lang='grc' dir='ltr'>Οὐ</span> <span class='ocrx_word' id='word_1_331' title='bbox 249 3963 415 4034; x_wconf 89' lang='grc' dir='ltr'>μόνον</span> <span class='ocrx_word' id='word_1_332' title='bbox 439 3962 498 4016; x_wconf 70' lang='grc' dir='ltr'>δὲ</span> <span class='ocrx_word' id='word_1_333' title='bbox 526 3961 608 4015; x_wconf 79' lang='grc' dir='ltr'>ὅτι</span> <span class='ocrx_word' id='word_1_334' title='bbox 632 3960 742 4015; x_wconf 74' lang='grc' dir='ltr'>ἀπὸ</span> <span class='ocrx_word' id='word_1_335' title='bbox 772 3960 874 4030; x_wconf 82' lang='grc' dir='ltr'>τῆς</span> <span class='ocrx_word' id='word_1_336' title='bbox 903 3960 1100 4031; x_wconf 82' lang='grc' dir='ltr'>φυλῆς,</span> <span class='ocrx_word' id='word_1_337' title='bbox 1129 3960 1245 4014; x_wconf 82' lang='grc' dir='ltr'>ἀλλ’</span> <span class='ocrx_word' id='word_1_338' title='bbox 1269 3961 1354 4014; x_wconf 87' lang='grc' dir='ltr'>δτι</span> <span class='ocrx_word' id='word_1_339' title='bbox 1381 3959 1478 4013; x_wconf 77' lang='grc' dir='ltr'>καὶ</span> <span class='ocrx_word' id='word_1_340' title='bbox 1504 3959 1615 4012; x_wconf 83' lang='grc' dir='ltr'>ἀπὸ</span> <span class='ocrx_word' id='word_1_341' title='bbox 1641 3957 1745 4028; x_wconf 85' lang='grc' dir='ltr'>τῆς</span> 
     </span>
    </p>
   </div>
   <div class='ocr_carea' id='block_1_44' title="bbox 139 4039 1745 4114">
    <p class='ocr_par' dir='ltr' id='par_1_44' title="bbox 139 4039 1745 4114">
     <span class='ocr_line' id='line_1_44' title="bbox 139 4039 1745 4114; baseline -0.004 -14"><span class='ocrx_word' id='word_1_342' title='bbox 139 4047 325 4113; x_wconf 89' lang='grc' dir='ltr'>οἰκίας</span> <span class='ocrx_word' id='word_1_343' title='bbox 360 4045 557 4099; x_wconf 73' lang='grc' dir='ltr'>Ἰεσσαὶ</span> <span class='ocrx_word' id='word_1_344' title='bbox 589 4043 1004 4114; x_wconf 83' lang='grc' dir='ltr'>προελεύσεται,</span> <span class='ocrx_word' id='word_1_345' title='bbox 1030 4041 1128 4098; x_wconf 75' lang='grc' dir='ltr'>καὶ</span> <span class='ocrx_word' id='word_1_346' title='bbox 1160 4042 1322 4096; x_wconf 83' lang='grc' dir='ltr'>τοῦτο</span> <span class='ocrx_word' id='word_1_347' title='bbox 1353 4039 1745 4111; x_wconf 88' lang='grc' dir='ltr'>προανεφὼνη-</span> 
     </span>
    </p>
   </div>
   <div class='ocr_carea' id='block_1_45' title="bbox 144 4123 1747 4198">
    <p class='ocr_par' dir='ltr' id='par_1_45' title="bbox 144 4123 1747 4198">
     <span class='ocr_line' id='line_1_45' title="bbox 144 4123 1747 4198; baseline -0.004 -15"><span class='ocrx_word' id='word_1_348' title='bbox 144 4148 262 4198; x_wconf 82' lang='grc' dir='ltr'>σεν,</span> <span class='ocrx_word' id='word_1_349' title='bbox 294 4129 489 4182; x_wconf 73' lang='grc' dir='ltr'>εἰπών’</span> <span class='ocrx_word' id='word_1_350' title='bbox 513 4127 935 4192; x_wconf 73' lang='grc' dir='ltr'>Ἑξελεύσεται</span> <span class='ocrx_word' id='word_1_351' title='bbox 962 4127 1096 4198; x_wconf 81' lang='grc' dir='ltr'>γὰρ,</span> <span class='ocrx_word' id='word_1_352' title='bbox 1119 4126 1276 4198; x_wconf 74' lang='grc' dir='ltr'>φησὶ,</span> <span class='ocrx_word' id='word_1_353' title='bbox 1286 4125 1518 4194; x_wconf 85' lang='grc' dir='ltr'>ῥάϐδος</span> <span class='ocrx_word' id='word_1_354' title='bbox 1541 4125 1612 4178; x_wconf 84' lang='grc' dir='ltr'>ἐκ</span> <span class='ocrx_word' id='word_1_355' title='bbox 1633 4123 1747 4193; x_wconf 83' lang='grc' dir='ltr'>τῆς</span> 
     </span>
    </p>
   </div>
   <div class='ocr_carea' id='block_1_46' title="bbox 138 4205 1747 4283">
    <p class='ocr_par' dir='ltr' id='par_1_46' title="bbox 138 4205 1747 4283">
     <span class='ocr_line' id='line_1_46' title="bbox 138 4205 1747 4283; baseline -0.004 -15"><span class='ocrx_word' id='word_1_356' title='bbox 138 4215 310 4283; x_wconf 73' lang='grc' dir='ltr'>ῥίζης</span> <span class='ocrx_word' id='word_1_357' title='bbox 344 4211 593 4266; x_wconf 88' lang='grc' dir='ltr'>Ἰεσσαί·</span> <span class='ocrx_word' id='word_1_358' title='bbox 621 4210 684 4264; x_wconf 86' lang='grc' dir='ltr'>οὑ</span> <span class='ocrx_word' id='word_1_359' title='bbox 721 4211 852 4283; x_wconf 74' lang='grc' dir='ltr'>περὶ</span> <span class='ocrx_word' id='word_1_360' title='bbox 895 4211 1097 4283; x_wconf 28' lang='grc' dir='ltr'>ῥάϐδου,</span> <span class='ocrx_word' id='word_1_361' title='bbox 1139 4209 1317 4278; x_wconf 86' lang='grc' dir='ltr'>λέγων</span> <span class='ocrx_word' id='word_1_362' title='bbox 1361 4208 1580 4274; x_wconf 85' lang='grc' dir='ltr'>ἁπλῶς,</span> <span class='ocrx_word' id='word_1_363' title='bbox 1608 4205 1747 4262; x_wconf 86' lang='grc' dir='ltr'>ἀλλά</span> 
     </span>
    </p>
   </div>
   <div class='ocr_carea' id='block_1_47' title="bbox 144 4288 1747 4368">
    <p class='ocr_par' dir='ltr' id='par_1_47' title="bbox 144 4288 1747 4368">
     <span class='ocr_line' id='line_1_47' title="bbox 144 4288 1747 4368; baseline -0.006 -16"><span class='ocrx_word' id='word_1_364' title='bbox 144 4298 276 4368; x_wconf 73' lang='grc' dir='ltr'>περὶ</span> <span class='ocrx_word' id='word_1_365' title='bbox 298 4293 466 4365; x_wconf 66' lang='grc' dir='ltr'>αὑτοῦ</span> <span class='ocrx_word' id='word_1_366' title='bbox 494 4294 591 4347; x_wconf 77' lang='grc' dir='ltr'>καὶ</span> <span class='ocrx_word' id='word_1_367' title='bbox 618 4293 722 4362; x_wconf 80' lang='grc' dir='ltr'>τῆς</span> <span class='ocrx_word' id='word_1_368' title='bbox 753 4292 1034 4363; x_wconf 83' lang='grc' dir='ltr'>βασιλείας</span> <span class='ocrx_word' id='word_1_369' title='bbox 1063 4288 1252 4348; x_wconf 72' lang='grc' dir='ltr'>αὑτοῦ.</span> <span class='ocrx_word' id='word_1_370' title='bbox 1276 4291 1389 4346; x_wconf 73' lang='grc' dir='ltr'>Καὶ</span> <span class='ocrx_word' id='word_1_371' title='bbox 1413 4293 1495 4344; x_wconf 78' lang='grc' dir='ltr'>ὅτι</span> <span class='ocrx_word' id='word_1_372' title='bbox 1521 4291 1584 4344; x_wconf 83' lang='grc' dir='ltr'>οὐ</span> <span class='ocrx_word' id='word_1_373' title='bbox 1616 4291 1747 4361; x_wconf 79' lang='grc' dir='ltr'>περὶ</span> 
     </span>
    </p>
   </div>
   <div class='ocr_carea' id='block_1_48' title="bbox 147 4373 1746 4451">
    <p class='ocr_par' dir='ltr' id='par_1_48' title="bbox 147 4373 1746 4451">
     <span class='ocr_line' id='line_1_48' title="bbox 147 4373 1746 4451; baseline -0.004 -16"><span class='ocrx_word' id='word_1_374' title='bbox 147 4380 351 4451; x_wconf 77' lang='grc' dir='ltr'>ῥάϐδου</span> <span class='ocrx_word' id='word_1_375' title='bbox 379 4376 539 4431; x_wconf 81' lang='grc' dir='ltr'>τοῦτο</span> <span class='ocrx_word' id='word_1_376' title='bbox 585 4373 771 4442; x_wconf 77' lang='grc' dir='ltr'>εἶπεν,</span> <span class='ocrx_word' id='word_1_377' title='bbox 806 4377 1049 4448; x_wconf 81' lang='grc' dir='ltr'>ἐδήλωσε</span> <span class='ocrx_word' id='word_1_378' title='bbox 1097 4375 1190 4429; x_wconf 66' lang='grc' dir='ltr'>διὰ</span> <span class='ocrx_word' id='word_1_379' title='bbox 1223 4374 1333 4428; x_wconf 86' lang='grc' dir='ltr'>τῶν</span> <span class='ocrx_word' id='word_1_380' title='bbox 1358 4374 1524 4444; x_wconf 79' lang='grc' dir='ltr'>ἐξῆς·</span> <span class='ocrx_word' id='word_1_381' title='bbox 1573 4373 1746 4428; x_wconf 88' lang='grc' dir='ltr'>εἰπὼν</span> 
     </span>
    </p>
   </div>
   <div class='ocr_carea' id='block_1_49' title="bbox 146 4457 1748 4535">
    <p class='ocr_par' dir='ltr' id='par_1_49' title="bbox 146 4457 1748 4535">
     <span class='ocr_line' id='line_1_49' title="bbox 146 4457 1748 4535; baseline -0.004 -19"><span class='ocrx_word' id='word_1_382' title='bbox 146 4463 254 4535; x_wconf 80' lang='grc' dir='ltr'>γὰρ</span> <span class='ocrx_word' id='word_1_383' title='bbox 270 4504 286 4529; x_wconf 92' lang='grc'>,</span> <span class='ocrx_word' id='word_1_384' title='bbox 307 4461 727 4523; x_wconf 75' lang='grc' dir='ltr'>Ἐξελεύσεται</span> <span class='ocrx_word' id='word_1_385' title='bbox 747 4459 976 4528; x_wconf 75' lang='grc' dir='ltr'>⁴ῥάϐδος</span> <span class='ocrx_word' id='word_1_386' title='bbox 994 4499 1008 4524; x_wconf 91' lang='grc'>,</span> <span class='ocrx_word' id='word_1_387' title='bbox 1041 4460 1290 4530; x_wconf 81' lang='grc' dir='ltr'>ἐπήγαγε</span> <span class='ocrx_word' id='word_1_388' title='bbox 1307 4474 1322 4489; x_wconf 77' lang='grc' dir='ltr'><strong>ο</strong></span> <span class='ocrx_word' id='word_1_389' title='bbox 1345 4457 1454 4526; x_wconf 74' lang='grc' dir='ltr'>Καὶ</span> <span class='ocrx_word' id='word_1_390' title='bbox 1479 4457 1748 4510; x_wconf 83' lang='grc' dir='ltr'>ἀναπαύ-</span> 
     </span>
    </p>
   </div>
   <div class='ocr_carea' id='block_1_50' title="bbox 147 4538 1749 4610">
    <p class='ocr_par' dir='ltr' id='par_1_50' title="bbox 147 4538 1749 4610">
     <span class='ocr_line' id='line_1_50' title="bbox 147 4538 1749 4610; baseline -0.006 -11"><span class='ocrx_word' id='word_1_391' title='bbox 147 4561 321 4600; x_wconf 86' lang='grc' dir='ltr'>σεται</span> <span class='ocrx_word' id='word_1_392' title='bbox 349 4545 443 4598; x_wconf 76' lang='grc' dir='ltr'>ὲπ⁵</span> <span class='ocrx_word' id='word_1_393' title='bbox 459 4543 648 4598; x_wconf 79' lang='grc' dir='ltr'>αὐτὸν</span> <span class='ocrx_word' id='word_1_394' title='bbox 672 4543 911 4610; x_wconf 84' lang='grc' dir='ltr'>πνεῦμα</span> <span class='ocrx_word' id='word_1_395' title='bbox 935 4542 1158 4610; x_wconf 89' lang='grc' dir='ltr'>σοφίας</span> <span class='ocrx_word' id='word_1_396' title='bbox 1180 4540 1280 4593; x_wconf 80' lang='grc' dir='ltr'>καὶ</span> <span class='ocrx_word' id='word_1_397' title='bbox 1302 4538 1749 4604; x_wconf 83' lang='grc' dir='ltr'>συνέσεως,οὺ-</span> 
     </span>
    </p>
   </div>
   <div class='ocr_carea' id='block_1_51' title="bbox 147 4619 1746 4697">
    <p class='ocr_par' dir='ltr' id='par_1_51' title="bbox 147 4619 1746 4697">
     <span class='ocr_line' id='line_1_51' title="bbox 147 4619 1746 4697; baseline -0.005 -16"><span class='ocrx_word' id='word_1_398' title='bbox 147 4629 255 4691; x_wconf 64' lang='lat'><em>651;</em></span> <span class='ocrx_word' id='word_1_399' title='bbox 276 4628 360 4692; x_wconf 82' lang='grc' dir='ltr'>δὲ,</span> <span class='ocrx_word' id='word_1_400' title='bbox 394 4625 496 4679; x_wconf 78' lang='grc' dir='ltr'>κᾶν</span> <span class='ocrx_word' id='word_1_401' title='bbox 527 4625 732 4697; x_wconf 84' lang='grc' dir='ltr'>σφόδρα</span> <span class='ocrx_word' id='word_1_402' title='bbox 758 4625 988 4695; x_wconf 85' lang='grc' dir='ltr'>ἀνόητος</span> <span class='ocrx_word' id='word_1_403' title='bbox 1011 4619 1068 4695; x_wconf 87' lang='grc' dir='ltr'>ᾖ,</span> <span class='ocrx_word' id='word_1_404' title='bbox 1089 4621 1405 4693; x_wconf 52' lang='grc' dir='ltr'>τοῦτονέρεῖ,</span> <span class='ocrx_word' id='word_1_405' title='bbox 1430 4621 1511 4674; x_wconf 85' lang='grc' dir='ltr'>ὃτι</span> <span class='ocrx_word' id='word_1_406' title='bbox 1538 4621 1630 4672; x_wconf 77' lang='grc' dir='ltr'>ἐπὶ</span> <span class='ocrx_word' id='word_1_407' title='bbox 1651 4620 1746 4673; x_wconf 81' lang='grc' dir='ltr'>τοῦ</span> 
     </span>
    </p>
   </div>
   <div class='ocr_carea' id='block_1_52' title="bbox 151 4700 1748 4780">
    <p class='ocr_par' dir='ltr' id='par_1_52' title="bbox 151 4700 1748 4780">
     <span class='ocr_line' id='line_1_52' title="bbox 151 4700 1748 4780; baseline -0.006 -15"><span class='ocrx_word' id='word_1_408' title='bbox 151 4711 310 4776; x_wconf 80' lang='grc' dir='ltr'>ξύλου</span> <span class='ocrx_word' id='word_1_409' title='bbox 346 4709 548 4780; x_wconf 74' lang='grc' dir='ltr'>ἤρχετο</span> <span class='ocrx_word' id='word_1_410' title='bbox 597 4711 631 4778; x_wconf 83' lang='grc' dir='ltr'>ὴ</span> <span class='ocrx_word' id='word_1_411' title='bbox 673 4707 766 4761; x_wconf 82' lang='grc' dir='ltr'>τοῦ</span> <span class='ocrx_word' id='word_1_412' title='bbox 802 4707 1115 4777; x_wconf 87' lang='grc' dir='ltr'>πνεύματος</span> <span class='ocrx_word' id='word_1_413' title='bbox 1149 4705 1341 4777; x_wconf 89' lang='grc' dir='ltr'>χάρις,</span> <span class='ocrx_word' id='word_1_414' title='bbox 1378 4702 1500 4769; x_wconf 48' lang='grc' dir='ltr'>ἀλλῗ</span> <span class='ocrx_word' id='word_1_415' title='bbox 1527 4700 1748 4774; x_wconf 73' lang='grc' dir='ltr'>εὔδηλον</span> 
     </span>
    </p>
   </div>
   <div class='ocr_carea' id='block_1_53' title="bbox 150 4785 1746 4860">
    <p class='ocr_par' dir='ltr' id='par_1_53' title="bbox 150 4785 1746 4860">
     <span class='ocr_line' id='line_1_53' title="bbox 150 4785 1746 4860; baseline -0.006 -13"><span class='ocrx_word' id='word_1_416' title='bbox 150 4795 232 4846; x_wconf 77' lang='grc' dir='ltr'>ὅτι</span> <span class='ocrx_word' id='word_1_417' title='bbox 266 4793 364 4846; x_wconf 77' lang='grc' dir='ltr'>ἐπὶ</span> <span class='ocrx_word' id='word_1_418' title='bbox 388 4791 481 4844; x_wconf 81' lang='grc' dir='ltr'>τὸν</span> <span class='ocrx_word' id='word_1_419' title='bbox 504 4791 633 4844; x_wconf 78' lang='grc' dir='ltr'>ναὸν</span> <span class='ocrx_word' id='word_1_420' title='bbox 658 4790 866 4844; x_wconf 87' lang='grc' dir='ltr'>ἐκεῖνον</span> <span class='ocrx_word' id='word_1_421' title='bbox 898 4789 991 4843; x_wconf 83' lang='grc' dir='ltr'>τὸν</span> <span class='ocrx_word' id='word_1_422' title='bbox 1015 4790 1269 4860; x_wconf 80' lang='grc' dir='ltr'>ἄμωμον.</span> <span class='ocrx_word' id='word_1_423' title='bbox 1292 4788 1391 4841; x_wconf 86' lang='grc' dir='ltr'>Διά</span> <span class='ocrx_word' id='word_1_424' title='bbox 1417 4785 1578 4839; x_wconf 80' lang='grc' dir='ltr'>τοῦτο</span> <span class='ocrx_word' id='word_1_425' title='bbox 1601 4785 1746 4848; x_wconf 82' lang='grc' dir='ltr'>οὐδὲ,</span> 
     </span>
    </p>
   </div>
   <div class='ocr_carea' id='block_1_54' title="bbox 150 4868 1751 4949">
    <p class='ocr_par' dir='ltr' id='par_1_54' title="bbox 150 4868 1751 4949">
     <span class='ocr_line' id='line_1_54' title="bbox 150 4868 1751 4949; baseline -0.007 -17"><span class='ocrx_word' id='word_1_426' title='bbox 150 4879 288 4949; x_wconf 73' lang='grc' dir='ltr'>ἣξει,</span> <span class='ocrx_word' id='word_1_427' title='bbox 319 4871 624 4941; x_wconf 79' lang='grc' dir='ltr'>εἶπεν,ἀλλ’</span> <span class='ocrx_word' id='word_1_428' title='bbox 645 4873 1167 4927; x_wconf 63' lang='grc' dir='ltr'>ἐπαναπαιύσεται·</span> <span class='ocrx_word' id='word_1_429' title='bbox 1193 4870 1382 4948; x_wconf 83' lang='grc' dir='ltr'>ἐπειδὴ</span> <span class='ocrx_word' id='word_1_430' title='bbox 1417 4868 1588 4923; x_wconf 85' lang='grc' dir='ltr'>ἐλθὼν</span> <span class='ocrx_word' id='word_1_431' title='bbox 1616 4869 1751 4939; x_wconf 87' lang='grc' dir='ltr'>παρ-</span> 
     </span>
    </p>
   </div>
   <div class='ocr_carea' id='block_1_55' title="bbox 155 4945 1749 5032">
    <p class='ocr_par' dir='ltr' id='par_1_55' title="bbox 155 4945 1749 5032">
     <span class='ocr_line' id='line_1_55' title="bbox 155 4945 1749 5032; baseline -0.006 -19"><span class='ocrx_word' id='word_1_432' title='bbox 155 4945 359 5032; x_wconf 81' lang='grc' dir='ltr'>έμεινε,</span> <span class='ocrx_word' id='word_1_433' title='bbox 395 4958 493 5012; x_wconf 79' lang='grc' dir='ltr'>καὶ</span> <span class='ocrx_word' id='word_1_434' title='bbox 548 4957 650 5011; x_wconf 83' lang='grc' dir='ltr'>οὐκ</span> <span class='ocrx_word' id='word_1_435' title='bbox 696 4956 934 5027; x_wconf 77' lang='grc' dir='ltr'>ἀπέστη.</span> <span class='ocrx_word' id='word_1_436' title='bbox 970 4957 1036 5008; x_wconf 89' lang='grc' dir='ltr'>Ὅ</span> <span class='ocrx_word' id='word_1_437' title='bbox 1068 4955 1124 5008; x_wconf 84' lang='grc' dir='ltr'>δὲ</span> <span class='ocrx_word' id='word_1_438' title='bbox 1158 4955 1252 5007; x_wconf 77' lang='grc' dir='ltr'>καὶ</span> <span class='ocrx_word' id='word_1_439' title='bbox 1291 4956 1319 5007; x_wconf 88' lang='lat'>6</span> <span class='ocrx_word' id='word_1_440' title='bbox 1355 4945 1749 5032; x_wconf 78' lang='grc' dir='ltr'>εὐαγγελιστὴς</span> 
     </span>
    </p>
   </div>
   <div class='ocr_carea' id='block_1_56' title="bbox 153 5029 1750 5113">
    <p class='ocr_par' dir='ltr' id='par_1_56' title="bbox 153 5029 1750 5113">
     <span class='ocr_line' id='line_1_56' title="bbox 153 5029 1750 5113; baseline -0.008 -14"><span class='ocrx_word' id='word_1_441' title='bbox 153 5029 414 5113; x_wconf 79' lang='grc' dir='ltr'>Ἰωάννης</span> <span class='ocrx_word' id='word_1_442' title='bbox 443 5040 619 5112; x_wconf 84' lang='grc' dir='ltr'>δηλῶν</span> <span class='ocrx_word' id='word_1_443' title='bbox 659 5040 874 5109; x_wconf 73' lang='grc' dir='ltr'>ἔλεγεν·</span> <span class='ocrx_word' id='word_1_444' title='bbox 911 5038 1062 5108; x_wconf 77' lang='grc' dir='ltr'>Ἐγὼ</span> <span class='ocrx_word' id='word_1_445' title='bbox 1088 5038 1365 5106; x_wconf 82' lang='grc' dir='ltr'>τεθέαμαι</span> <span class='ocrx_word' id='word_1_446' title='bbox 1405 5036 1474 5088; x_wconf 88' lang='grc' dir='ltr'>τὸ</span> <span class='ocrx_word' id='word_1_447' title='bbox 1505 5029 1750 5102; x_wconf 80' lang='grc' dir='ltr'>Πνεῦμα</span> 
     </span>
    </p>
   </div>
   <div class='ocr_carea' id='block_1_57' title="bbox 155 5118 1750 5192">
    <p class='ocr_par' dir='ltr' id='par_1_57' title="bbox 155 5118 1750 5192">
     <span class='ocr_line' id='line_1_57' title="bbox 155 5118 1750 5192; baseline -0.004 -11"><span class='ocrx_word' id='word_1_448' title='bbox 155 5122 516 5182; x_wconf 82' lang='grc' dir='ltr'>καταϐαῖνον</span> <span class='ocrx_word' id='word_1_449' title='bbox 531 5123 676 5178; x_wconf 87' lang='grc' dir='ltr'>ὠσεί</span> <span class='ocrx_word' id='word_1_450' title='bbox 697 5122 1078 5192; x_wconf 82' lang='grc' dir='ltr'>περιστερὰν,</span> <span class='ocrx_word' id='word_1_451' title='bbox 1097 5121 1195 5174; x_wconf 82' lang='grc' dir='ltr'>καί</span> <span class='ocrx_word' id='word_1_452' title='bbox 1213 5120 1404 5190; x_wconf 83' lang='grc' dir='ltr'>μένον</span> <span class='ocrx_word' id='word_1_453' title='bbox 1425 5120 1519 5171; x_wconf 83' lang='grc' dir='ltr'>ἐπ’</span> <span class='ocrx_word' id='word_1_454' title='bbox 1538 5118 1750 5174; x_wconf 74' lang='grc' dir='ltr'>αὐτόν.</span> 
     </span>
    </p>
   </div>
   <div class='ocr_carea' id='block_1_58' title="bbox 157 5201 1747 5281">
    <p class='ocr_par' dir='ltr' id='par_1_58' title="bbox 157 5201 1747 5281">
     <span class='ocr_line' id='line_1_58' title="bbox 157 5201 1747 5281; baseline -0.008 -16"><span class='ocrx_word' id='word_1_455' title='bbox 157 5213 228 5266; x_wconf 81' lang='grc' dir='ltr'>Οὐ</span> <span class='ocrx_word' id='word_1_456' title='bbox 261 5207 704 5281; x_wconf 85' lang='grc' dir='ltr'>παρεσιώπησαν</span> <span class='ocrx_word' id='word_1_457' title='bbox 737 5207 794 5260; x_wconf 84' lang='grc' dir='ltr'>δὲ</span> <span class='ocrx_word' id='word_1_458' title='bbox 828 5205 951 5260; x_wconf 78' lang='grc' dir='ltr'>οὐδὲ</span> <span class='ocrx_word' id='word_1_459' title='bbox 987 5204 1099 5276; x_wconf 86' lang='grc' dir='ltr'>τὴν·</span> <span class='ocrx_word' id='word_1_460' title='bbox 1130 5201 1487 5274; x_wconf 82' lang='grc' dir='ltr'>γνώμηντὴν</span> <span class='ocrx_word' id='word_1_461' title='bbox 1524 5201 1747 5254; x_wconf 84' lang='grc' dir='ltr'>Ἰουδαῖ-</span> 
     </span>
    </p>
   </div>
   <div class='ocr_carea' id='block_1_59' title="bbox 159 5282 1748 5366">
    <p class='ocr_par' dir='ltr' id='par_1_59' title="bbox 159 5282 1748 5366">
     <span class='ocr_line' id='line_1_59' title="bbox 159 5282 1748 5366; baseline -0.008 -19"><span class='ocrx_word' id='word_1_462' title='bbox 159 5298 278 5366; x_wconf 77' lang='grc' dir='ltr'>κὴν,</span> <span class='ocrx_word' id='word_1_463' title='bbox 306 5295 376 5366; x_wconf 80' lang='grc' dir='ltr'>ἦν</span> <span class='ocrx_word' id='word_1_464' title='bbox 415 5286 770 5354; x_wconf 76' lang='grc' dir='ltr'>’ἐπεδείξαντο</span> <span class='ocrx_word' id='word_1_465' title='bbox 789 5288 909 5358; x_wconf 78' lang='grc' dir='ltr'>ἃμα</span> <span class='ocrx_word' id='word_1_466' title='bbox 931 5288 1215 5357; x_wconf 82' lang='grc' dir='ltr'>τεχθέντος</span> <span class='ocrx_word' id='word_1_467' title='bbox 1239 5284 1408 5340; x_wconf 80' lang='grc' dir='ltr'>αὑτοῦ</span> <span class='ocrx_word' id='word_1_468' title='bbox 1428 5302 1440 5316; x_wconf 88' lang='grc'><strong>·</strong></span> <span class='ocrx_word' id='word_1_469' title='bbox 1461 5287 1489 5337; x_wconf 90' lang='grc' dir='ltr'>ὁ</span> <span class='ocrx_word' id='word_1_470' title='bbox 1517 5284 1616 5355; x_wconf 85' lang='grc' dir='ltr'>μὲν</span> <span class='ocrx_word' id='word_1_471' title='bbox 1638 5282 1748 5354; x_wconf 85' lang='grc' dir='ltr'>γὰρ</span> 
     </span>
    </p>
   </div>
   <div class='ocr_carea' id='block_1_60' title="bbox 161 5367 1744 5444">
    <p class='ocr_par' dir='ltr' id='par_1_60' title="bbox 161 5367 1744 5444">
     <span class='ocr_line' id='line_1_60' title="bbox 161 5367 1744 5444; baseline -0.008 -12"><span class='ocrx_word' id='word_1_472' title='bbox 161 5376 439 5439; x_wconf 82' lang='grc' dir='ltr'>Ματθαίός</span> <span class='ocrx_word' id='word_1_473' title='bbox 487 5389 652 5444; x_wconf 86' lang='grc' dir='ltr'>φησιν</span> <span class='ocrx_word' id='word_1_474' title='bbox 671 5389 686 5402; x_wconf 75' lang='grc'><strong><em>⁸</em></strong></span> <span class='ocrx_word' id='word_1_475' title='bbox 713 5373 1003 5437; x_wconf 80' lang='grc' dir='ltr'>Ἀκούσας</span> <span class='ocrx_word' id='word_1_476' title='bbox 1039 5370 1108 5424; x_wconf 86' lang='grc' dir='ltr'>δὲ</span> <span class='ocrx_word' id='word_1_477' title='bbox 1135 5370 1387 5439; x_wconf 82' lang='grc' dir='ltr'>Ἡρώδης</span> <span class='ocrx_word' id='word_1_478' title='bbox 1426 5367 1744 5437; x_wconf 86' lang='grc' dir='ltr'>ἐταράχθη,</span> 
     </span>
    </p>
   </div>
   <div class='ocr_carea' id='block_1_61' title="bbox 161 5451 1748 5525">
    <p class='ocr_par' dir='ltr' id='par_1_61' title="bbox 161 5451 1748 5525">
     <span class='ocr_line' id='line_1_61' title="bbox 161 5451 1748 5525; baseline -0.009 -10"><span class='ocrx_word' id='word_1_479' title='bbox 161 5463 256 5517; x_wconf 78' lang='grc' dir='ltr'>καί</span> <span class='ocrx_word' id='word_1_480' title='bbox 297 5459 471 5518; x_wconf 77' lang='grc' dir='ltr'>πᾶσα</span> <span class='ocrx_word' id='word_1_481' title='bbox 509 5454 893 5525; x_wconf 70' lang='grc' dir='ltr'>Ἰεροσόλυμα</span> <span class='ocrx_word' id='word_1_482' title='bbox 913 5455 1040 5524; x_wconf 85' lang='grc' dir='ltr'>μετ’</span> <span class='ocrx_word' id='word_1_483' title='bbox 1085 5453 1272 5508; x_wconf 80' lang='grc' dir='ltr'>αὐτοῦ</span> <span class='ocrx_word' id='word_1_484' title='bbox 1294 5468 1308 5482; x_wconf 76' lang='grc' dir='ltr'><strong>ο</strong></span> <span class='ocrx_word' id='word_1_485' title='bbox 1347 5453 1376 5503; x_wconf 97' lang='lat'>6</span> <span class='ocrx_word' id='word_1_486' title='bbox 1417 5451 1476 5503; x_wconf 86' lang='grc' dir='ltr'>δὲ</span> <span class='ocrx_word' id='word_1_487' title='bbox 1517 5451 1748 5512; x_wconf 84' lang='grc' dir='ltr'>Ἠσαῒας</span> 
     </span>
    </p>
   </div>
   <div class='ocr_carea' id='block_1_62' title="bbox 163 5533 1744 5609">
    <p class='ocr_par' dir='ltr' id='par_1_62' title="bbox 163 5533 1744 5609">
     <span class='ocr_line' id='line_1_62' title="bbox 163 5533 1744 5609; baseline -0.01 -9"><span class='ocrx_word' id='word_1_488' title='bbox 163 5548 391 5600; x_wconf 78' lang='grc' dir='ltr'>ἄκουσον</span> <span class='ocrx_word' id='word_1_489' title='bbox 423 5540 541 5604; x_wconf 83' lang='grc' dir='ltr'>πῶς</span> <span class='ocrx_word' id='word_1_490' title='bbox 568 5541 662 5594; x_wconf 80' lang='grc' dir='ltr'>καὶ</span> <span class='ocrx_word' id='word_1_491' title='bbox 687 5538 844 5592; x_wconf 78' lang='grc' dir='ltr'>τοῦτο</span> <span class='ocrx_word' id='word_1_492' title='bbox 871 5537 1076 5593; x_wconf 82' lang='grc' dir='ltr'>ἀνωθεν</span> <span class='ocrx_word' id='word_1_493' title='bbox 1116 5535 1490 5609; x_wconf 72' lang='grc' dir='ltr'>πρωνεφώνει</span> <span class='ocrx_word' id='word_1_494' title='bbox 1533 5533 1708 5604; x_wconf 87' lang='grc' dir='ltr'>λέγων</span> <span class='ocrx_word' id='word_1_495' title='bbox 1730 5549 1744 5562; x_wconf 69' lang='grc' dir='ltr'><strong>ν</strong></span> 
     </span>
    </p>
   </div>
   <div class='ocr_carea' id='block_1_63' title="bbox 165 5618 1747 5696">
    <p class='ocr_par' dir='ltr' id='par_1_63' title="bbox 165 5618 1747 5696">
     <span class='ocr_line' id='line_1_63' title="bbox 165 5618 1747 5696; baseline -0.007 -16"><span class='ocrx_word' id='word_1_496' title='bbox 165 5627 546 5696; x_wconf 67' lang='grc' dir='ltr'>θελήσουσιν</span> <span class='ocrx_word' id='word_1_497' title='bbox 570 5626 624 5676; x_wconf 89' lang='grc' dir='ltr'>εἰ</span> <span class='ocrx_word' id='word_1_498' title='bbox 649 5620 1031 5691; x_wconf 73' lang='grc' dir='ltr'>ἐγενήθησαν</span> <span class='ocrx_word' id='word_1_499' title='bbox 1047 5623 1450 5691; x_wconf 77' lang='grc' dir='ltr'>πυρίκαυστοι</span> <span class='ocrx_word' id='word_1_500' title='bbox 1471 5636 1484 5649; x_wconf 86' lang='grc'><strong>·</strong></span> <span class='ocrx_word' id='word_1_501' title='bbox 1505 5618 1594 5672; x_wconf 85' lang='grc' dir='ltr'>ὅτι</span> <span class='ocrx_word' id='word_1_502' title='bbox 1613 5633 1747 5670; x_wconf 81' lang='grc' dir='ltr'>παι-</span> 
     </span>
    </p>
   </div>
   <div class='ocr_carea' id='block_1_64' title="bbox 162 5700 1747 5780">
    <p class='ocr_par' dir='ltr' id='par_1_64' title="bbox 162 5700 1747 5780">
     <span class='ocr_line' id='line_1_64' title="bbox 162 5700 1747 5780; baseline -0.009 -15"><span class='ocrx_word' id='word_1_503' title='bbox 162 5714 288 5766; x_wconf 82' lang='grc' dir='ltr'>δίον</span> <span class='ocrx_word' id='word_1_504' title='bbox 340 5708 632 5780; x_wconf 70' lang='grc' dir='ltr'>ἐγεννήθη</span> <span class='ocrx_word' id='word_1_505' title='bbox 671 5705 838 5774; x_wconf 77' lang='grc' dir='ltr'>ἡμῖν,</span> <span class='ocrx_word' id='word_1_506' title='bbox 874 5705 1004 5771; x_wconf 82' lang='grc' dir='ltr'>υίὸς</span> <span class='ocrx_word' id='word_1_507' title='bbox 1059 5705 1159 5758; x_wconf 80' lang='grc' dir='ltr'>καί</span> <span class='ocrx_word' id='word_1_508' title='bbox 1211 5703 1388 5771; x_wconf 80' lang='grc' dir='ltr'>ἐδόθη</span> <span class='ocrx_word' id='word_1_509' title='bbox 1430 5702 1596 5771; x_wconf 75' lang='grc' dir='ltr'>ἡμῖν,</span> <span class='ocrx_word' id='word_1_510' title='bbox 1647 5700 1747 5753; x_wconf 77' lang='grc' dir='ltr'>καὶ</span> 
     </span>
    </p>
   </div>
   <div class='ocr_carea' id='block_1_65' title="bbox 164 5785 1747 5859">
    <p class='ocr_par' dir='ltr' id='par_1_65' title="bbox 164 5785 1747 5859">
     <span class='ocr_line' id='line_1_65' title="bbox 164 5785 1747 5859; baseline -0.009 -9"><span class='ocrx_word' id='word_1_511' title='bbox 164 5795 429 5850; x_wconf 78' lang='grc' dir='ltr'>καλεῖται</span> <span class='ocrx_word' id='word_1_512' title='bbox 454 5794 518 5845; x_wconf 87' lang='grc' dir='ltr'>τὸ</span> <span class='ocrx_word' id='word_1_513' title='bbox 557 5792 746 5859; x_wconf 80' lang='grc' dir='ltr'>ὄνομα</span> <span class='ocrx_word' id='word_1_514' title='bbox 783 5789 971 5846; x_wconf 69' lang='grc' dir='ltr'>αὑτοῦ</span> <span class='ocrx_word' id='word_1_515' title='bbox 996 5790 1267 5859; x_wconf 76' lang='grc' dir='ltr'>μεγάλης</span> <span class='ocrx_word' id='word_1_516' title='bbox 1300 5787 1544 5854; x_wconf 80' lang='grc' dir='ltr'>,βουλῆς</span> <span class='ocrx_word' id='word_1_517' title='bbox 1574 5785 1747 5854; x_wconf 75' lang='grc' dir='ltr'>ἅγγε-</span> 
     </span>
    </p>
   </div>
   <div class='ocr_carea' id='block_1_66' title="bbox 163 5869 1745 5949">
    <p class='ocr_par' dir='ltr' id='par_1_66' title="bbox 163 5869 1745 5949">
     <span class='ocr_line' id='line_1_66' title="bbox 163 5869 1745 5949; baseline -0.006 -15"><span class='ocrx_word' id='word_1_518' title='bbox 163 5882 288 5948; x_wconf 75' lang='grc' dir='ltr'>λος,</span> <span class='ocrx_word' id='word_1_519' title='bbox 321 5876 671 5949; x_wconf 79' lang='grc' dir='ltr'>θαυμαστὸς</span> <span class='ocrx_word' id='word_1_520' title='bbox 708 5875 1075 5945; x_wconf 80' lang='grc' dir='ltr'>σύμϐουλος,</span> <span class='ocrx_word' id='word_1_521' title='bbox 1104 5872 1248 5938; x_wconf 78' lang='grc' dir='ltr'>Θεὸς</span> <span class='ocrx_word' id='word_1_522' title='bbox 1276 5870 1547 5942; x_wconf 79' lang='grc' dir='ltr'>ἰσχυρὸς,</span> <span class='ocrx_word' id='word_1_523' title='bbox 1573 5869 1745 5935; x_wconf 79' lang='grc' dir='ltr'>ἐξου-</span> 
     </span>
    </p>
   </div>
   <div class='ocr_carea' id='block_1_67' title="bbox 698 421 1749 491">
    <p class='ocr_par' dir='ltr' id='par_1_67' title="bbox 698 421 1749 483">
     <span class='ocr_line' id='line_1_67' title="bbox 698 421 1749 483; baseline -0.009 0"><span class='ocrx_word' id='word_1_524' title='bbox 698 425 978 483; x_wconf 75' lang='lat' dir='ltr'><strong>CONTRA</strong></span> <span class='ocrx_word' id='word_1_525' title='bbox 1024 423 1317 482; x_wconf 67' lang='grc' dir='ltr'>ΜΠ)Ᾱίοὸ</span> <span class='ocrx_word' id='word_1_526' title='bbox 1356 423 1445 482; x_wconf 84' lang='grc' dir='ltr'>ΕΤ</span> <span class='ocrx_word' id='word_1_527' title='bbox 1485 421 1749 477; x_wconf 63' lang='grc' dir='ltr'>(ΞΕΝΤΙΗ</span> 
     </span>
    </p>
   </div>
   <div class='ocr_carea' id='block_1_68' title="bbox 1851 421 2874 491">
    <p class='ocr_par' dir='ltr' id='par_1_68' title="bbox 1851 421 2874 491">
     <span class='ocr_line' id='line_1_68' title="bbox 1851 421 2874 491; baseline 0.003 -13"><span class='ocrx_word' id='word_1_528' title='bbox 1851 463 1853 478; x_wconf 57' lang='grc' dir='ltr'>ι</span> <span class='ocrx_word' id='word_1_529' title='bbox 1891 421 2083 491; x_wconf 87' lang='lat' dir='ltr'>QUOD</span> <span class='ocrx_word' id='word_1_530' title='bbox 2123 427 2476 487; x_wconf 75' lang='lat' dir='ltr'>CHRISTUS</span> <span class='ocrx_word' id='word_1_531' title='bbox 2515 426 2627 483; x_wconf 88' lang='lat' dir='ltr'>SIT</span> <span class='ocrx_word' id='word_1_532' title='bbox 2667 425 2874 483; x_wconf 86' lang='lat' dir='ltr'>DEUS.</span> 
     </span>
    </p>
   </div>
   <div class='ocr_carea' id='block_1_69' title="bbox 3343 423 3453 481">
    <p class='ocr_par' dir='ltr' id='par_1_69' title="bbox 3343 423 3453 481">
     <span class='ocr_line' id='line_1_69' title="bbox 3343 423 3453 481; baseline -0.018 0"><span class='ocrx_word' id='word_1_533' title='bbox 3343 423 3453 481; x_wconf 79' lang='grc'>816</span> 
     </span>
    </p>
   </div>
   <div class='ocr_carea' id='block_1_70' title="bbox 1861 542 3459 617">
    <p class='ocr_par' dir='ltr' id='par_1_70' title="bbox 1861 542 3459 617">
     <span class='ocr_line' id='line_1_70' title="bbox 1861 542 3459 617; baseline 0.002 -24"><span class='ocrx_word' id='word_1_534' title='bbox 1861 544 2146 613; x_wconf 79' lang='grc' dir='ltr'>σιαστὴς,</span> <span class='ocrx_word' id='word_1_535' title='bbox 2180 546 2384 617; x_wconf 78' lang='grc' dir='ltr'>ἄρχων</span> <span class='ocrx_word' id='word_1_536' title='bbox 2421 545 2669 615; x_wconf 84' lang='grc' dir='ltr'>εἰρήνης</span> <span class='ocrx_word' id='word_1_537' title='bbox 2691 583 2708 609; x_wconf 91' lang='grc'>,</span> <span class='ocrx_word' id='word_1_538' title='bbox 2742 542 2942 612; x_wconf 82' lang='grc' dir='ltr'>πατὴρ</span> <span class='ocrx_word' id='word_1_539' title='bbox 2977 542 3086 596; x_wconf 89' lang='grc' dir='ltr'>τοῦ</span> <span class='ocrx_word' id='word_1_540' title='bbox 3119 542 3459 613; x_wconf 72' lang='grc' dir='ltr'>μέλλοντος</span> 
     </span>
    </p>
   </div>
   <div class='ocr_carea' id='block_1_71' title="bbox 1857 623 3459 702">
    <p class='ocr_par' dir='ltr' id='par_1_71' title="bbox 1857 623 3459 702">
     <span class='ocr_line' id='line_1_71' title="bbox 1857 623 3459 702; baseline 0.001 -24"><span class='ocrx_word' id='word_1_541' title='bbox 1857 623 2096 692; x_wconf 83' lang='grc' dir='ltr'>αἰῶνος.</span> <span class='ocrx_word' id='word_1_542' title='bbox 2125 630 2248 682; x_wconf 78' lang='grc' dir='ltr'>Ὀτι</span> <span class='ocrx_word' id='word_1_543' title='bbox 2269 631 2328 684; x_wconf 88' lang='grc' dir='ltr'>δέ</span> <span class='ocrx_word' id='word_1_544' title='bbox 2352 631 2482 702; x_wconf 77' lang='grc' dir='ltr'>περὶ</span> <span class='ocrx_word' id='word_1_545' title='bbox 2501 627 2792 699; x_wconf 84' lang='grc' dir='ltr'>ἀνθρώπου</span> <span class='ocrx_word' id='word_1_546' title='bbox 2818 627 2918 680; x_wconf 83' lang='grc' dir='ltr'>οὐκ</span> <span class='ocrx_word' id='word_1_547' title='bbox 2933 626 3000 697; x_wconf 75' lang='grc' dir='ltr'>ἂν</span> <span class='ocrx_word' id='word_1_548' title='bbox 3019 644 3104 691; x_wconf 90' lang='grc' dir='ltr'>τις</span> <span class='ocrx_word' id='word_1_549' title='bbox 3134 628 3280 681; x_wconf 85' lang='grc' dir='ltr'>είποι</span> <span class='ocrx_word' id='word_1_550' title='bbox 3296 626 3459 680; x_wconf 81' lang='grc' dir='ltr'>τοῦτο</span> 
     </span>
    </p>
   </div>
   <div class='ocr_carea' id='block_1_72' title="bbox 1857 708 3453 783">
    <p class='ocr_par' dir='ltr' id='par_1_72' title="bbox 1857 708 3453 783">
     <span class='ocr_line' id='line_1_72' title="bbox 1857 708 3453 783; baseline 0.003 -22"><span class='ocrx_word' id='word_1_551' title='bbox 1857 708 2038 778; x_wconf 70' lang='grc' dir='ltr'>ψιλοῦ,</span> <span class='ocrx_word' id='word_1_552' title='bbox 2063 711 2288 783; x_wconf 75' lang='grc' dir='ltr'>εὔδηλον</span> <span class='ocrx_word' id='word_1_553' title='bbox 2325 714 2423 768; x_wconf 75' lang='grc' dir='ltr'>καὶ</span> <span class='ocrx_word' id='word_1_554' title='bbox 2453 714 2568 775; x_wconf 83' lang='grc' dir='ltr'>τοίς</span> <span class='ocrx_word' id='word_1_555' title='bbox 2591 710 2801 781; x_wconf 91' lang='grc' dir='ltr'>σφόδρα</span> <span class='ocrx_word' id='word_1_556' title='bbox 2829 709 3157 779; x_wconf 82' lang='grc' dir='ltr'>φιλονεικεῖν</span> <span class='ocrx_word' id='word_1_557' title='bbox 3186 709 3453 765; x_wconf 88' lang='grc' dir='ltr'>ἐθέλουσι.</span> 
     </span>
    </p>
   </div>
   <div class='ocr_carea' id='block_1_73' title="bbox 1856 789 3457 867">
    <p class='ocr_par' dir='ltr' id='par_1_73' title="bbox 1856 789 3457 867">
     <span class='ocr_line' id='line_1_73' title="bbox 1856 789 3457 867; baseline 0 -23"><span class='ocrx_word' id='word_1_558' title='bbox 1856 791 1990 855; x_wconf 78' lang='grc' dir='ltr'>Θεὸς</span> <span class='ocrx_word' id='word_1_559' title='bbox 2011 793 2122 866; x_wconf 80' lang='grc' dir='ltr'>γὰρ</span> <span class='ocrx_word' id='word_1_560' title='bbox 2173 794 2394 867; x_wconf 78' lang='grc' dir='ltr'>ἰσχυρὸς</span> <span class='ocrx_word' id='word_1_561' title='bbox 2429 794 2607 857; x_wconf 77' lang='grc' dir='ltr'>οὐδεὶς</span> <span class='ocrx_word' id='word_1_562' title='bbox 2649 791 2956 864; x_wconf 77' lang='grc' dir='ltr'>ἀνθρώπιον</span> <span class='ocrx_word' id='word_1_563' title='bbox 2993 793 3189 865; x_wconf 88' lang='grc' dir='ltr'>ἐλέχθη</span> <span class='ocrx_word' id='word_1_564' title='bbox 3220 790 3331 846; x_wconf 80' lang='grc' dir='ltr'>ἀπὸ</span> <span class='ocrx_word' id='word_1_565' title='bbox 3359 789 3457 845; x_wconf 79' lang='grc' dir='ltr'>τοῦ</span> 
     </span>
    </p>
   </div>
   <div class='ocr_carea' id='block_1_74' title="bbox 1854 873 3460 949">
    <p class='ocr_par' dir='ltr' id='par_1_74' title="bbox 1854 873 3460 949">
     <span class='ocr_line' id='line_1_74' title="bbox 1854 873 3460 949; baseline 0.001 -24"><span class='ocrx_word' id='word_1_566' title='bbox 1854 873 2076 940; x_wconf 79' lang='grc' dir='ltr'>αἰῶνος,</span> <span class='ocrx_word' id='word_1_567' title='bbox 2116 876 2237 930; x_wconf 81' lang='grc' dir='ltr'>οὐδὲ</span> <span class='ocrx_word' id='word_1_568' title='bbox 2267 879 2453 949; x_wconf 79' lang='grc' dir='ltr'>ἄρχων</span> <span class='ocrx_word' id='word_1_569' title='bbox 2489 876 2717 948; x_wconf 76' lang='grc' dir='ltr'>εἰρήνης</span> <span class='ocrx_word' id='word_1_570' title='bbox 2743 873 3003 947; x_wconf 83' lang='grc' dir='ltr'>τοιαύτης</span> <span class='ocrx_word' id='word_1_571' title='bbox 3022 893 3034 905; x_wconf 90' lang='grc'><strong>·</strong></span> <span class='ocrx_word' id='word_1_572' title='bbox 3084 874 3208 941; x_wconf 81' lang='grc' dir='ltr'>Τῆς</span> <span class='ocrx_word' id='word_1_573' title='bbox 3240 874 3353 943; x_wconf 84' lang='grc' dir='ltr'>γὰρ</span> <span class='ocrx_word' id='word_1_574' title='bbox 3377 876 3460 927; x_wconf 82' lang='grc' dir='ltr'>εἰ·</span> 
     </span>
    </p>
   </div>
   <div class='ocr_carea' id='block_1_75' title="bbox 1849 954 3458 1031">
    <p class='ocr_par' dir='ltr' id='par_1_75' title="bbox 1849 954 3458 1031">
     <span class='ocr_line' id='line_1_75' title="bbox 1849 954 3458 1031; baseline -0.004 -17"><span class='ocrx_word' id='word_1_575' title='bbox 1849 954 2049 1026; x_wconf 80' lang='grc' dir='ltr'>ρήνης</span> <span class='ocrx_word' id='word_1_576' title='bbox 2072 959 2282 1024; x_wconf 84' lang='grc' dir='ltr'>αὐτοῦ,</span> <span class='ocrx_word' id='word_1_577' title='bbox 2305 961 2490 1031; x_wconf 64' lang='grc' dir='ltr'>φησιν,</span> <span class='ocrx_word' id='word_1_578' title='bbox 2509 961 2624 1013; x_wconf 83' lang='grc' dir='ltr'>οὐκ</span> <span class='ocrx_word' id='word_1_579' title='bbox 2642 958 2818 1012; x_wconf 80' lang='grc' dir='ltr'>ἐστιν</span> <span class='ocrx_word' id='word_1_580' title='bbox 2833 957 3020 1025; x_wconf 87' lang='grc' dir='ltr'>ὅριον.</span> <span class='ocrx_word' id='word_1_581' title='bbox 3044 957 3157 1012; x_wconf 74' lang='grc' dir='ltr'>Καὶ</span> <span class='ocrx_word' id='word_1_582' title='bbox 3175 956 3329 1025; x_wconf 85' lang='grc' dir='ltr'>δηλοῖ</span> <span class='ocrx_word' id='word_1_583' title='bbox 3348 955 3458 1010; x_wconf 85' lang='grc' dir='ltr'>τῶν</span> 
     </span>
    </p>
   </div>
   <div class='ocr_carea' id='block_1_76' title="bbox 1858 1039 3458 1112">
    <p class='ocr_par' dir='ltr' id='par_1_76' title="bbox 1858 1039 3458 1112">
     <span class='ocr_line' id='line_1_76' title="bbox 1858 1039 3458 1112; baseline 0.001 -22"><span class='ocrx_word' id='word_1_584' title='bbox 1858 1041 2202 1112; x_wconf 82' lang='grc' dir='ltr'>πραγμάτων</span> <span class='ocrx_word' id='word_1_585' title='bbox 2227 1043 2261 1112; x_wconf 81' lang='grc' dir='ltr'><strong>ἡ</strong></span> <span class='ocrx_word' id='word_1_586' title='bbox 2293 1043 2477 1111; x_wconf 80' lang='grc' dir='ltr'>φύσις,</span> <span class='ocrx_word' id='word_1_587' title='bbox 2506 1042 2589 1095; x_wconf 82' lang='grc' dir='ltr'>ὅτι</span> <span class='ocrx_word' id='word_1_588' title='bbox 2617 1043 2802 1094; x_wconf 82' lang='grc' dir='ltr'>πᾶσαν</span> <span class='ocrx_word' id='word_1_589' title='bbox 2824 1040 3029 1110; x_wconf 84' lang='grc' dir='ltr'>ἐπῆλθε</span> <span class='ocrx_word' id='word_1_590' title='bbox 3052 1039 3152 1110; x_wconf 85' lang='grc' dir='ltr'>τὴν</span> <span class='ocrx_word' id='word_1_591' title='bbox 3186 1039 3314 1109; x_wconf 82' lang='grc' dir='ltr'>γῆν,</span> <span class='ocrx_word' id='word_1_592' title='bbox 3345 1039 3458 1092; x_wconf 77' lang='grc' dir='ltr'>πᾶ-</span> 
     </span>
    </p>
   </div>
   <div class='ocr_carea' id='block_1_77' title="bbox 1859 1123 3456 1194">
    <p class='ocr_par' dir='ltr' id='par_1_77' title="bbox 1859 1123 3456 1194">
     <span class='ocr_line' id='line_1_77' title="bbox 1859 1123 3456 1194; baseline 0 -20"><span class='ocrx_word' id='word_1_593' title='bbox 1859 1137 1959 1175; x_wconf 59' lang='grc' dir='ltr'>σαν</span> <span class='ocrx_word' id='word_1_594' title='bbox 1986 1124 2284 1189; x_wconf 89' lang='grc' dir='ltr'>θάλατταν,</span> <span class='ocrx_word' id='word_1_595' title='bbox 2320 1128 2505 1179; x_wconf 81' lang='grc' dir='ltr'>πᾶσαν</span> <span class='ocrx_word' id='word_1_596' title='bbox 2539 1123 2890 1194; x_wconf 84' lang='grc' dir='ltr'>οἰκουμένην,</span> <span class='ocrx_word' id='word_1_597' title='bbox 2939 1125 3123 1176; x_wconf 78' lang='grc' dir='ltr'>πᾶσαν</span> <span class='ocrx_word' id='word_1_598' title='bbox 3175 1123 3456 1193; x_wconf 87' lang='grc' dir='ltr'>ἀοίκητον,</span> 
     </span>
    </p>
   </div>
   <div class='ocr_carea' id='block_1_78' title="bbox 1860 1205 3458 1280">
    <p class='ocr_par' dir='ltr' id='par_1_78' title="bbox 1860 1205 3458 1280">
     <span class='ocr_line' id='line_1_78' title="bbox 1860 1205 3458 1280; baseline -0.003 -17"><span class='ocrx_word' id='word_1_599' title='bbox 1860 1208 1953 1264; x_wconf 71' lang='grc' dir='ltr'>καὶ</span> <span class='ocrx_word' id='word_1_600' title='bbox 1974 1207 2074 1280; x_wconf 77' lang='grc' dir='ltr'>ὅρη</span> <span class='ocrx_word' id='word_1_601' title='bbox 2101 1209 2196 1263; x_wconf 74' lang='grc' dir='ltr'>καὶ</span> <span class='ocrx_word' id='word_1_602' title='bbox 2235 1209 2415 1272; x_wconf 85' lang='grc' dir='ltr'>νάπας</span> <span class='ocrx_word' id='word_1_603' title='bbox 2443 1207 2792 1278; x_wconf 68' lang='grc' dir='ltr'>καὶιβουνοὺς</span> <span class='ocrx_word' id='word_1_604' title='bbox 2821 1205 2929 1260; x_wconf 78' lang='grc' dir='ltr'>ἀπὸ</span> <span class='ocrx_word' id='word_1_605' title='bbox 2948 1207 3050 1277; x_wconf 81' lang='grc' dir='ltr'>τῆς</span> <span class='ocrx_word' id='word_1_606' title='bbox 3076 1206 3287 1278; x_wconf 78' lang='grc' dir='ltr'>ἡμέρας</span> <span class='ocrx_word' id='word_1_607' title='bbox 3313 1205 3458 1260; x_wconf 87' lang='grc' dir='ltr'>ἐκεί-</span> 
     </span>
    </p>
   </div>
   <div class='ocr_carea' id='block_1_79' title="bbox 1856 1287 3458 1364">
    <p class='ocr_par' dir='ltr' id='par_1_79' title="bbox 1856 1287 3458 1364">
     <span class='ocr_line' id='line_1_79' title="bbox 1856 1287 3458 1364; baseline -0.002 -19"><span class='ocrx_word' id='word_1_608' title='bbox 1856 1309 1975 1362; x_wconf 89' lang='grc' dir='ltr'>νης,</span> <span class='ocrx_word' id='word_1_609' title='bbox 1999 1291 2094 1361; x_wconf 85' lang='grc' dir='ltr'>ἀφ’</span> <span class='ocrx_word' id='word_1_610' title='bbox 2123 1287 2192 1364; x_wconf 80' lang='grc' dir='ltr'>ἦς</span> <span class='ocrx_word' id='word_1_611' title='bbox 2229 1291 2558 1364; x_wconf 81' lang='grc' dir='ltr'>ἀνέρχεσθαι</span> <span class='ocrx_word' id='word_1_612' title='bbox 2592 1291 2826 1362; x_wconf 85' lang='grc' dir='ltr'>μέλλων,</span> <span class='ocrx_word' id='word_1_613' title='bbox 2857 1291 2998 1362; x_wconf 87' lang='grc' dir='ltr'>πρὸς</span> <span class='ocrx_word' id='word_1_614' title='bbox 3022 1291 3152 1353; x_wconf 78' lang='grc' dir='ltr'>τοὺς</span> <span class='ocrx_word' id='word_1_615' title='bbox 3206 1289 3458 1361; x_wconf 85' lang='grc' dir='ltr'>μαθητὰς</span> 
     </span>
    </p>
   </div>
   <div class='ocr_carea' id='block_1_80' title="bbox 1856 1371 3457 1445">
    <p class='ocr_par' dir='ltr' id='par_1_80' title="bbox 1856 1371 3457 1445">
     <span class='ocr_line' id='line_1_80' title="bbox 1856 1371 3457 1445; baseline -0.001 -18"><span class='ocrx_word' id='word_1_616' title='bbox 1856 1371 2010 1428; x_wconf 77' lang='grc' dir='ltr'>εἶπεν</span> <span class='ocrx_word' id='word_1_617' title='bbox 2029 1392 2042 1405; x_wconf 89' lang='grc'><strong>·</strong></span> <span class='ocrx_word' id='word_1_618' title='bbox 2074 1374 2344 1444; x_wconf 81' lang='grc' dir='ltr'>Εἰρήνην</span> <span class='ocrx_word' id='word_1_619' title='bbox 2375 1375 2492 1445; x_wconf 78' lang='grc' dir='ltr'>τὴν</span> <span class='ocrx_word' id='word_1_620' title='bbox 2518 1374 2676 1444; x_wconf 79' lang='grc' dir='ltr'>ἐμὴν</span> <span class='ocrx_word' id='word_1_621' title='bbox 2704 1375 2914 1444; x_wconf 88' lang='grc' dir='ltr'>δίδωμι</span> <span class='ocrx_word' id='word_1_622' title='bbox 2947 1374 3110 1443; x_wconf 82' lang='grc' dir='ltr'>ὑμῖν,</span> <span class='ocrx_word' id='word_1_623' title='bbox 3149 1376 3222 1427; x_wconf 86' lang='grc' dir='ltr'>οὐ</span> <span class='ocrx_word' id='word_1_624' title='bbox 3259 1372 3457 1437; x_wconf 81' lang='grc' dir='ltr'>καθὼς</span> 
     </span>
    </p>
   </div>
   <div class='ocr_carea' id='block_1_81' title="bbox 1856 1455 3458 1526">
    <p class='ocr_par' dir='ltr' id='par_1_81' title="bbox 1856 1455 3458 1526">
     <span class='ocr_line' id='line_1_81' title="bbox 1856 1455 3458 1526; baseline -0.002 -16"><span class='ocrx_word' id='word_1_625' title='bbox 1856 1459 1890 1510; x_wconf 89' lang='grc' dir='ltr'>ό</span> <span class='ocrx_word' id='word_1_626' title='bbox 1915 1458 2147 1526; x_wconf 66' lang='grc' dir='ltr'>κόσμος</span> <span class='ocrx_word' id='word_1_627' title='bbox 2172 1457 2406 1522; x_wconf 88' lang='grc' dir='ltr'>δίδωσι,</span> <span class='ocrx_word' id='word_1_628' title='bbox 2447 1457 2660 1526; x_wconf 88' lang='grc' dir='ltr'>δίδωμι</span> <span class='ocrx_word' id='word_1_629' title='bbox 2685 1458 2851 1526; x_wconf 82' lang='grc' dir='ltr'>ὑμῖν.</span> <span class='ocrx_word' id='word_1_630' title='bbox 2876 1457 2944 1509; x_wconf 92' lang='grc' dir='ltr'>Τί</span> <span class='ocrx_word' id='word_1_631' title='bbox 2972 1457 3174 1526; x_wconf 87' lang='grc' dir='ltr'>δήποτε</span> <span class='ocrx_word' id='word_1_632' title='bbox 3193 1455 3250 1507; x_wconf 84' lang='grc' dir='ltr'>δὲ</span> <span class='ocrx_word' id='word_1_633' title='bbox 3281 1455 3458 1513; x_wconf 76' lang='grc' dir='ltr'>οὕτως</span> 
     </span>
    </p>
   </div>
   <div class='ocr_carea' id='block_1_82' title="bbox 1855 1536 3458 1613">
    <p class='ocr_par' dir='ltr' id='par_1_82' title="bbox 1855 1536 3458 1613">
     <span class='ocr_line' id='line_1_82' title="bbox 1855 1536 3458 1613; baseline -0.001 -20"><span class='ocrx_word' id='word_1_634' title='bbox 1855 1536 2011 1595; x_wconf 72' lang='grc' dir='ltr'>εἶπεν</span> <span class='ocrx_word' id='word_1_635' title='bbox 2037 1542 2067 1594; x_wconf 90' lang='lat'>6</span> <span class='ocrx_word' id='word_1_636' title='bbox 2097 1543 2362 1612; x_wconf 86' lang='grc' dir='ltr'>Χριστός;</span> <span class='ocrx_word' id='word_1_637' title='bbox 2403 1543 2442 1611; x_wconf 83' lang='grc' dir='ltr'>ή</span> <span class='ocrx_word' id='word_1_638' title='bbox 2469 1542 2567 1611; x_wconf 87' lang='grc' dir='ltr'>μὲν</span> <span class='ocrx_word' id='word_1_639' title='bbox 2593 1539 2703 1613; x_wconf 81' lang='grc' dir='ltr'>γὰρ</span> <span class='ocrx_word' id='word_1_640' title='bbox 2725 1541 2833 1594; x_wconf 84' lang='grc' dir='ltr'>τῶν</span> <span class='ocrx_word' id='word_1_641' title='bbox 2864 1540 3174 1610; x_wconf 87' lang='grc' dir='ltr'>ἀνθρώπων</span> <span class='ocrx_word' id='word_1_642' title='bbox 3217 1537 3458 1591; x_wconf 81' lang='grc' dir='ltr'>εὐκατά-</span> 
     </span>
    </p>
   </div>
   <div class='ocr_carea' id='block_1_83' title="bbox 1853 1622 3455 1695">
    <p class='ocr_par' dir='ltr' id='par_1_83' title="bbox 1853 1622 3455 1695">
     <span class='ocr_line' id='line_1_83' title="bbox 1853 1622 3455 1695; baseline -0.001 -19"><span class='ocrx_word' id='word_1_643' title='bbox 1853 1624 2012 1688; x_wconf 83' lang='grc' dir='ltr'>λυτός</span> <span class='ocrx_word' id='word_1_644' title='bbox 2041 1627 2179 1691; x_wconf 89' lang='grc' dir='ltr'>ἐστι,</span> <span class='ocrx_word' id='word_1_645' title='bbox 2196 1627 2292 1679; x_wconf 76' lang='grc' dir='ltr'>καὶ</span> <span class='ocrx_word' id='word_1_646' title='bbox 2321 1625 2528 1688; x_wconf 84' lang='grc' dir='ltr'>πολλὰς</span> <span class='ocrx_word' id='word_1_647' title='bbox 2552 1625 2665 1695; x_wconf 82' lang='grc' dir='ltr'>ἕχει</span> <span class='ocrx_word' id='word_1_648' title='bbox 2697 1625 2798 1687; x_wconf 86' lang='grc' dir='ltr'>τὰς</span> <span class='ocrx_word' id='word_1_649' title='bbox 2821 1622 3131 1695; x_wconf 84' lang='grc' dir='ltr'>μεταϐολάς</span> <span class='ocrx_word' id='word_1_650' title='bbox 3148 1639 3163 1654; x_wconf 88' lang='grc'><strong>·</strong></span> <span class='ocrx_word' id='word_1_651' title='bbox 3182 1624 3216 1693; x_wconf 81' lang='grc' dir='ltr'><strong>ἡ</strong></span> <span class='ocrx_word' id='word_1_652' title='bbox 3245 1622 3301 1674; x_wconf 84' lang='grc' dir='ltr'>δὲ</span> <span class='ocrx_word' id='word_1_653' title='bbox 3323 1623 3455 1692; x_wconf 82' lang='grc' dir='ltr'>παρ’</span> 
     </span>
    </p>
   </div>
   <div class='ocr_carea' id='block_1_84' title="bbox 1854 1705 3454 1779">
    <p class='ocr_par' dir='ltr' id='par_1_84' title="bbox 1854 1705 3454 1779">
     <span class='ocr_line' id='line_1_84' title="bbox 1854 1705 3454 1779; baseline -0.002 -19"><span class='ocrx_word' id='word_1_654' title='bbox 1854 1707 2018 1761; x_wconf 82' lang='grc' dir='ltr'>αὐτοῦ</span> <span class='ocrx_word' id='word_1_655' title='bbox 2049 1707 2262 1777; x_wconf 88' lang='grc' dir='ltr'>βεϐαία,</span> <span class='ocrx_word' id='word_1_656' title='bbox 2297 1709 2575 1779; x_wconf 77' lang='grc' dir='ltr'>ἀκίνητος,</span> <span class='ocrx_word' id='word_1_657' title='bbox 2617 1707 2820 1778; x_wconf 79' lang='grc' dir='ltr'>παγῐα,</span> <span class='ocrx_word' id='word_1_658' title='bbox 2863 1707 3114 1778; x_wconf 89' lang='grc' dir='ltr'>μόνιμος,</span> <span class='ocrx_word' id='word_1_659' title='bbox 3161 1705 3454 1767; x_wconf 87' lang='grc' dir='ltr'>ἀθάνατος,</span> 
     </span>
    </p>
   </div>
   <div class='ocr_carea' id='block_1_85' title="bbox 1852 1789 3456 1862">
    <p class='ocr_par' dir='ltr' id='par_1_85' title="bbox 1852 1789 3456 1862">
     <span class='ocr_line' id='line_1_85' title="bbox 1852 1789 3456 1862; baseline -0.001 -20"><span class='ocrx_word' id='word_1_660' title='bbox 1852 1790 2006 1855; x_wconf 84' lang='grc' dir='ltr'>τέλος</span> <span class='ocrx_word' id='word_1_661' title='bbox 2033 1789 2133 1844; x_wconf 84' lang='grc' dir='ltr'>οὐκ</span> <span class='ocrx_word' id='word_1_662' title='bbox 2161 1791 2383 1861; x_wconf 79' lang='grc' dir='ltr'>ἔχουσα,</span> <span class='ocrx_word' id='word_1_663' title='bbox 2405 1791 2505 1845; x_wconf 77' lang='grc' dir='ltr'>καὶ</span> <span class='ocrx_word' id='word_1_664' title='bbox 2531 1790 2706 1846; x_wconf 79' lang='grc' dir='ltr'>ταῦτα</span> <span class='ocrx_word' id='word_1_665' title='bbox 2730 1790 2943 1862; x_wconf 88' lang='grc' dir='ltr'>μυρίων</span> <span class='ocrx_word' id='word_1_666' title='bbox 2972 1789 3229 1859; x_wconf 88' lang='grc' dir='ltr'>πολέμων</span> <span class='ocrx_word' id='word_1_667' title='bbox 3256 1805 3456 1843; x_wconf 88' lang='grc' dir='ltr'>παντα-</span> 
     </span>
    </p>
   </div>
   <div class='ocr_carea' id='block_1_86' title="bbox 1853 1871 3456 1947">
    <p class='ocr_par' dir='ltr' id='par_1_86' title="bbox 1853 1871 3456 1947">
     <span class='ocr_line' id='line_1_86' title="bbox 1853 1871 3456 1947; baseline -0.002 -21"><span class='ocrx_word' id='word_1_668' title='bbox 1853 1873 2013 1943; x_wconf 84' lang='grc' dir='ltr'>χόθεν</span> <span class='ocrx_word' id='word_1_669' title='bbox 2066 1874 2598 1947; x_wconf 79' lang='grc' dir='ltr'>ἀναῤῥιπισθέντων,</span> <span class='ocrx_word' id='word_1_670' title='bbox 2643 1874 2740 1928; x_wconf 78' lang='grc' dir='ltr'>καὶ</span> <span class='ocrx_word' id='word_1_671' title='bbox 2780 1872 2903 1927; x_wconf 86' lang='grc' dir='ltr'>καθ’</span> <span class='ocrx_word' id='word_1_672' title='bbox 2957 1873 3199 1942; x_wconf 73' lang='grc' dir='ltr'>ἑκάστην</span> <span class='ocrx_word' id='word_1_673' title='bbox 3239 1871 3456 1942; x_wconf 82' lang='grc' dir='ltr'>ἡμέραν</span> 
     </span>
    </p>
   </div>
   <div class='ocr_carea' id='block_1_87' title="bbox 1857 1954 3453 2028">
    <p class='ocr_par' dir='ltr' id='par_1_87' title="bbox 1857 1954 3453 2028">
     <span class='ocr_line' id='line_1_87' title="bbox 1857 1954 3453 2028; baseline -0.001 -20"><span class='ocrx_word' id='word_1_674' title='bbox 1857 1956 2069 2028; x_wconf 88' lang='grc' dir='ltr'>μυρίων</span> <span class='ocrx_word' id='word_1_675' title='bbox 2099 1958 2401 2011; x_wconf 86' lang='grc' dir='ltr'>ἐπιϐουλῶν</span> <span class='ocrx_word' id='word_1_676' title='bbox 2453 1957 2780 2028; x_wconf 76' lang='grc' dir='ltr'>γινομένων.</span> <span class='ocrx_word' id='word_1_677' title='bbox 2823 1957 2964 2010; x_wconf 78' lang='grc' dir='ltr'>Ἀλλ’</span> <span class='ocrx_word' id='word_1_678' title='bbox 2992 1957 3020 2009; x_wconf 88' lang='lat'>6</span> <span class='ocrx_word' id='word_1_679' title='bbox 3058 1956 3236 2008; x_wconf 83' lang='grc' dir='ltr'>πάντα</span> <span class='ocrx_word' id='word_1_680' title='bbox 3274 1954 3453 2009; x_wconf 83' lang='grc' dir='ltr'>ἀνύων</span> 
     </span>
    </p>
   </div>
   <div class='ocr_carea' id='block_1_88' title="bbox 1853 2038 3273 2112">
    <p class='ocr_par' dir='ltr' id='par_1_88' title="bbox 1853 2038 3273 2112">
     <span class='ocr_line' id='line_1_88' title="bbox 1853 2038 3273 2112; baseline 0.001 -20"><span class='ocrx_word' id='word_1_681' title='bbox 1853 2039 2018 2092; x_wconf 80' lang='grc' dir='ltr'>αὐτοῦ</span> <span class='ocrx_word' id='word_1_682' title='bbox 2052 2039 2210 2098; x_wconf 73' lang='grc' dir='ltr'>λόγος</span> <span class='ocrx_word' id='word_1_683' title='bbox 2234 2041 2330 2095; x_wconf 69' lang='grc' dir='ltr'>καὶ</span> <span class='ocrx_word' id='word_1_684' title='bbox 2350 2040 2528 2102; x_wconf 23' lang='grc' dir='ltr'>τοῦτον</span> <span class='ocrx_word' id='word_1_685' title='bbox 2546 2042 2714 2112; x_wconf 67' lang='grc' dir='ltr'>ἤνυσε</span> <span class='ocrx_word' id='word_1_686' title='bbox 2748 2041 2897 2111; x_wconf 80' lang='grc' dir='ltr'>μετὰ</span> <span class='ocrx_word' id='word_1_687' title='bbox 2925 2038 3035 2093; x_wconf 87' lang='grc' dir='ltr'>τῶν</span> <span class='ocrx_word' id='word_1_688' title='bbox 3075 2038 3273 2093; x_wconf 80' lang='grc' dir='ltr'>ἄλλων.</span> 
     </span>
    </p>
   </div>
   <div class='ocr_carea' id='block_1_89' title="bbox 1922 2289 3455 2363">
    <p class='ocr_par' dir='ltr' id='par_1_89' title="bbox 1922 2289 3455 2363">
     <span class='ocr_line' id='line_1_89' title="bbox 1922 2289 3455 2363; baseline 0 -20"><span class='ocrx_word' id='word_1_689' title='bbox 1922 2295 1993 2357; x_wconf 85' lang='grc' dir='ltr'>γ’.</span> <span class='ocrx_word' id='word_1_690' title='bbox 2027 2290 2101 2343; x_wconf 84' lang='grc' dir='ltr'>Οὐ</span> <span class='ocrx_word' id='word_1_691' title='bbox 2132 2289 2293 2361; x_wconf 88' lang='grc' dir='ltr'>μόνον</span> <span class='ocrx_word' id='word_1_692' title='bbox 2325 2290 2382 2342; x_wconf 85' lang='grc' dir='ltr'>δὲ</span> <span class='ocrx_word' id='word_1_693' title='bbox 2414 2291 2495 2343; x_wconf 86' lang='grc' dir='ltr'>ὅτι</span> <span class='ocrx_word' id='word_1_694' title='bbox 2528 2292 2815 2363; x_wconf 78' lang='grc' dir='ltr'>ἄνθρωπος</span> <span class='ocrx_word' id='word_1_695' title='bbox 2842 2289 3014 2356; x_wconf 80' lang='grc' dir='ltr'>ἔσται,</span> <span class='ocrx_word' id='word_1_696' title='bbox 3047 2290 3184 2344; x_wconf 88' lang='grc' dir='ltr'>ἀλλά</span> <span class='ocrx_word' id='word_1_697' title='bbox 3218 2289 3316 2346; x_wconf 78' lang='grc' dir='ltr'>καὶ</span> <span class='ocrx_word' id='word_1_698' title='bbox 3351 2289 3455 2359; x_wconf 79' lang='grc' dir='ltr'>τῆς</span> 
     </span>
    </p>
   </div>
   <div class='ocr_carea' id='block_1_90' title="bbox 1851 2371 3454 2444">
    <p class='ocr_par' dir='ltr' id='par_1_90' title="bbox 1851 2371 3454 2444">
     <span class='ocr_line' id='line_1_90' title="bbox 1851 2371 3454 2444; baseline 0.002 -21"><span class='ocrx_word' id='word_1_699' title='bbox 1851 2372 2157 2441; x_wconf 87' lang='grc' dir='ltr'>παρουσίας</span> <span class='ocrx_word' id='word_1_700' title='bbox 2219 2372 2388 2426; x_wconf 80' lang='grc' dir='ltr'>αὐτοῦ</span> <span class='ocrx_word' id='word_1_701' title='bbox 2439 2373 2532 2427; x_wconf 87' lang='grc' dir='ltr'>τὸν</span> <span class='ocrx_word' id='word_1_702' title='bbox 2582 2374 2788 2444; x_wconf 89' lang='grc' dir='ltr'>τρόπον</span> <span class='ocrx_word' id='word_1_703' title='bbox 2821 2376 3261 2444; x_wconf 86' lang='grc' dir='ltr'>προεφήτευσαν.</span> <span class='ocrx_word' id='word_1_704' title='bbox 3302 2371 3454 2444; x_wconf 70' lang='grc'>[561]</span> 
     </span>
    </p>
   </div>
   <div class='ocr_carea' id='block_1_91' title="bbox 1864 2455 3454 2528">
    <p class='ocr_par' dir='ltr' id='par_1_91' title="bbox 1864 2455 3454 2528">
     <span class='ocr_line' id='line_1_91' title="bbox 1864 2455 3454 2528; baseline 0.001 -20"><span class='ocrx_word' id='word_1_705' title='bbox 1864 2455 2083 2526; x_wconf 81' lang='grc' dir='ltr'>Ἐπειδὴ</span> <span class='ocrx_word' id='word_1_706' title='bbox 2139 2455 2249 2528; x_wconf 84' lang='grc' dir='ltr'>γὰρ</span> <span class='ocrx_word' id='word_1_707' title='bbox 2298 2455 2495 2522; x_wconf 78' lang='grc' dir='ltr'>ἔμελλε</span> <span class='ocrx_word' id='word_1_708' title='bbox 2542 2457 2965 2526; x_wconf 88' lang='grc' dir='ltr'>παραγίνεσθαι,</span> <span class='ocrx_word' id='word_1_709' title='bbox 3015 2459 3115 2514; x_wconf 77' lang='grc' dir='ltr'>οὐκ</span> <span class='ocrx_word' id='word_1_710' title='bbox 3162 2456 3454 2526; x_wconf 86' lang='grc' dir='ltr'>ἀστραπὰς</span> 
     </span>
    </p>
   </div>
   <div class='ocr_carea' id='block_1_92' title="bbox 1850 2538 3453 2610">
    <p class='ocr_par' dir='ltr' id='par_1_92' title="bbox 1850 2538 3453 2610">
     <span class='ocr_line' id='line_1_92' title="bbox 1850 2538 3453 2610; baseline 0.001 -20"><span class='ocrx_word' id='word_1_711' title='bbox 1850 2538 2057 2606; x_wconf 75' lang='grc' dir='ltr'>ἀφιεὶς,</span> <span class='ocrx_word' id='word_1_712' title='bbox 2086 2539 2147 2592; x_wconf 85' lang='grc' dir='ltr'>ού</span> <span class='ocrx_word' id='word_1_713' title='bbox 2178 2540 2478 2609; x_wconf 79' lang='grc' dir='ltr'>κεραυνοὺς</span> <span class='ocrx_word' id='word_1_714' title='bbox 2507 2539 2717 2594; x_wconf 82' lang='grc' dir='ltr'>ἀνωθεν</span> <span class='ocrx_word' id='word_1_715' title='bbox 2740 2581 2756 2605; x_wconf 93' lang='grc'>,</span> <span class='ocrx_word' id='word_1_716' title='bbox 2786 2540 2847 2590; x_wconf 84' lang='grc' dir='ltr'>οὐ</span> <span class='ocrx_word' id='word_1_717' title='bbox 2897 2539 3060 2594; x_wconf 90' lang='grc' dir='ltr'>σείων</span> <span class='ocrx_word' id='word_1_718' title='bbox 3093 2540 3191 2610; x_wconf 87' lang='grc' dir='ltr'>τὴν</span> <span class='ocrx_word' id='word_1_719' title='bbox 3221 2539 3328 2610; x_wconf 84' lang='grc' dir='ltr'>γῆν</span> <span class='ocrx_word' id='word_1_720' title='bbox 3346 2580 3362 2604; x_wconf 93' lang='grc'>,</span> <span class='ocrx_word' id='word_1_721' title='bbox 3388 2539 3453 2592; x_wconf 73' lang='grc' dir='ltr'>οὐ</span> 
     </span>
    </p>
   </div>
   <div class='ocr_carea' id='block_1_93' title="bbox 1850 2621 3454 2693">
    <p class='ocr_par' dir='ltr' id='par_1_93' title="bbox 1850 2621 3454 2693">
     <span class='ocr_line' id='line_1_93' title="bbox 1850 2621 3454 2693; baseline 0 -19"><span class='ocrx_word' id='word_1_722' title='bbox 1850 2622 2059 2674; x_wconf 86' lang='grc' dir='ltr'>κλονῶν</span> <span class='ocrx_word' id='word_1_723' title='bbox 2089 2622 2185 2676; x_wconf 77' lang='grc' dir='ltr'>τὸν</span> <span class='ocrx_word' id='word_1_724' title='bbox 2212 2622 2466 2692; x_wconf 80' lang='grc' dir='ltr'>οὐρανὸν,</span> <span class='ocrx_word' id='word_1_725' title='bbox 2501 2623 2603 2674; x_wconf 83' lang='grc' dir='ltr'>οὐκ</span> <span class='ocrx_word' id='word_1_726' title='bbox 2638 2621 2937 2692; x_wconf 82' lang='grc' dir='ltr'>ἐκπλήξεις</span> <span class='ocrx_word' id='word_1_727' title='bbox 2963 2623 3119 2686; x_wconf 83' lang='grc' dir='ltr'>τινὰς</span> <span class='ocrx_word' id='word_1_728' title='bbox 3148 2622 3454 2693; x_wconf 77' lang='grc' dir='ltr'>ἐργαζόμε-</span> 
     </span>
    </p>
   </div>
   <div class='ocr_carea' id='block_1_94' title="bbox 1849 2699 3452 2777">
    <p class='ocr_par' dir='ltr' id='par_1_94' title="bbox 1849 2699 3452 2777">
     <span class='ocr_line' id='line_1_94' title="bbox 1849 2699 3452 2777; baseline -0.001 -18"><span class='ocrx_word' id='word_1_729' title='bbox 1849 2723 1961 2770; x_wconf 90' lang='grc' dir='ltr'>νος,</span> <span class='ocrx_word' id='word_1_730' title='bbox 1997 2699 2113 2760; x_wconf 80' lang='grc' dir='ltr'>ἀλλ’</span> <span class='ocrx_word' id='word_1_731' title='bbox 2134 2706 2376 2776; x_wconf 69' lang='grc' dir='ltr'>ἀψοφητὶ</span> <span class='ocrx_word' id='word_1_732' title='bbox 2404 2706 2498 2760; x_wconf 79' lang='grc' dir='ltr'>καὶ</span> <span class='ocrx_word' id='word_1_733' title='bbox 2518 2705 2749 2777; x_wconf 84' lang='grc' dir='ltr'>μηδενὸς</span> <span class='ocrx_word' id='word_1_734' title='bbox 2775 2706 2977 2767; x_wconf 83' lang='grc' dir='ltr'>εἰδότος</span> <span class='ocrx_word' id='word_1_735' title='bbox 3006 2706 3064 2758; x_wconf 89' lang='grc' dir='ltr'>ἐν</span> <span class='ocrx_word' id='word_1_736' title='bbox 3089 2707 3239 2776; x_wconf 82' lang='grc' dir='ltr'>οἰκίᾳ</span> <span class='ocrx_word' id='word_1_737' title='bbox 3260 2706 3452 2759; x_wconf 84' lang='grc' dir='ltr'>τέκτο-</span> 
     </span>
    </p>
   </div>
   <div class='ocr_carea' id='block_1_95' title="bbox 1848 2788 3457 2859">
    <p class='ocr_par' dir='ltr' id='par_1_95' title="bbox 1848 2788 3457 2859">
     <span class='ocr_line' id='line_1_95' title="bbox 1848 2788 3457 2859; baseline 0.001 -18"><span class='ocrx_word' id='word_1_738' title='bbox 1848 2805 1940 2852; x_wconf 84' lang='grc' dir='ltr'>νος</span> <span class='ocrx_word' id='word_1_739' title='bbox 1977 2790 2173 2859; x_wconf 84' lang='grc' dir='ltr'>ἐτέχθη</span> <span class='ocrx_word' id='word_1_740' title='bbox 2201 2829 2216 2854; x_wconf 94' lang='grc'>,</span> <span class='ocrx_word' id='word_1_741' title='bbox 2259 2791 2316 2841; x_wconf 91' lang='grc' dir='ltr'>ἐν</span> <span class='ocrx_word' id='word_1_742' title='bbox 2363 2788 2514 2859; x_wconf 80' lang='grc' dir='ltr'>οἰκίᾳ</span> <span class='ocrx_word' id='word_1_743' title='bbox 2557 2789 2760 2859; x_wconf 84' lang='grc' dir='ltr'>ἀσήμῳ</span> <span class='ocrx_word' id='word_1_744' title='bbox 2813 2790 2910 2841; x_wconf 82' lang='grc' dir='ltr'>καὶ</span> <span class='ocrx_word' id='word_1_745' title='bbox 2944 2789 3174 2853; x_wconf 78' lang='grc' dir='ltr'>εὐτελεῖ,</span> <span class='ocrx_word' id='word_1_746' title='bbox 3219 2789 3457 2843; x_wconf 78' lang='grc' dir='ltr'>ἄκουσον</span> 
     </span>
    </p>
   </div>
   <div class='ocr_carea' id='block_1_96' title="bbox 1849 2869 3459 2942">
    <p class='ocr_par' dir='ltr' id='par_1_96' title="bbox 1849 2869 3459 2942">
     <span class='ocr_line' id='line_1_96' title="bbox 1849 2869 3459 2942; baseline 0.001 -19"><span class='ocrx_word' id='word_1_747' title='bbox 1849 2870 1968 2935; x_wconf 86' lang='grc' dir='ltr'>πῶς</span> <span class='ocrx_word' id='word_1_748' title='bbox 1987 2872 2111 2924; x_wconf 84' lang='grc' dir='ltr'>οὑδέ</span> <span class='ocrx_word' id='word_1_749' title='bbox 2141 2870 2301 2924; x_wconf 82' lang='grc' dir='ltr'>τοῦτο</span> <span class='ocrx_word' id='word_1_750' title='bbox 2322 2869 2752 2942; x_wconf 85' lang='grc' dir='ltr'>παρεσιώπησεν</span> <span class='ocrx_word' id='word_1_751' title='bbox 2776 2872 2804 2923; x_wconf 89' lang='lat'>6</span> <span class='ocrx_word' id='word_1_752' title='bbox 2824 2869 2991 2924; x_wconf 77' lang='grc' dir='ltr'>Δαυῒδ</span> <span class='ocrx_word' id='word_1_753' title='bbox 3021 2870 3193 2924; x_wconf 88' lang='grc' dir='ltr'>εἰπών</span> <span class='ocrx_word' id='word_1_754' title='bbox 3217 2887 3232 2901; x_wconf 85' lang='lat'><strong><em>°</em></strong></span> <span class='ocrx_word' id='word_1_755' title='bbox 3264 2875 3459 2925; x_wconf 84' lang='grc' dir='ltr'>Κατα-</span> 
     </span>
    </p>
   </div>
   <div class='ocr_carea' id='block_1_97' title="bbox 1849 2952 3455 3024">
    <p class='ocr_par' dir='ltr' id='par_1_97' title="bbox 1849 2952 3455 3024">
     <span class='ocr_line' id='line_1_97' title="bbox 1849 2952 3455 3024; baseline 0.001 -19"><span class='ocrx_word' id='word_1_756' title='bbox 1849 2953 2100 3024; x_wconf 81' lang='grc' dir='ltr'>ϐήσεται</span> <span class='ocrx_word' id='word_1_757' title='bbox 2131 2953 2213 3018; x_wconf 88' lang='grc' dir='ltr'>ὡς</span> <span class='ocrx_word' id='word_1_758' title='bbox 2241 2952 2420 3018; x_wconf 87' lang='grc' dir='ltr'>ὑετὸς</span> <span class='ocrx_word' id='word_1_759' title='bbox 2447 2955 2545 3006; x_wconf 77' lang='grc' dir='ltr'>ἐπὶ</span> <span class='ocrx_word' id='word_1_760' title='bbox 2570 2955 2786 3016; x_wconf 81' lang='grc' dir='ltr'>πόκον,</span> <span class='ocrx_word' id='word_1_761' title='bbox 2819 2954 2879 3006; x_wconf 85' lang='grc' dir='ltr'>τὸ</span> <span class='ocrx_word' id='word_1_762' title='bbox 2908 2954 3208 3024; x_wconf 79' lang='grc' dir='ltr'>ἀτάραχον,</span> <span class='ocrx_word' id='word_1_763' title='bbox 3235 2954 3298 3006; x_wconf 90' lang='lat'>16</span> <span class='ocrx_word' id='word_1_764' title='bbox 3316 2955 3455 3024; x_wconf 77' lang='grc' dir='ltr'>ἥσυ-</span> 
     </span>
    </p>
   </div>
   <div class='ocr_carea' id='block_1_98' title="bbox 1849 3026 3452 3109">
    <p class='ocr_par' dir='ltr' id='par_1_98' title="bbox 1849 3026 3452 3109">
     <span class='ocr_line' id='line_1_98' title="bbox 1849 3026 3452 3109; baseline 0.001 -21"><span class='ocrx_word' id='word_1_765' title='bbox 1849 3054 1944 3109; x_wconf 84' lang='grc' dir='ltr'>χον</span> <span class='ocrx_word' id='word_1_766' title='bbox 1977 3035 2066 3090; x_wconf 84' lang='grc' dir='ltr'>διὰ</span> <span class='ocrx_word' id='word_1_767' title='bbox 2095 3035 2286 3090; x_wconf 87' lang='grc' dir='ltr'>τούτου</span> <span class='ocrx_word' id='word_1_768' title='bbox 2325 3035 2522 3106; x_wconf 86' lang='grc' dir='ltr'>δηλῶν.</span> <span class='ocrx_word' id='word_1_769' title='bbox 2555 3036 2630 3090; x_wconf 81' lang='grc' dir='ltr'><strong>Οὐ</strong></span> <span class='ocrx_word' id='word_1_770' title='bbox 2659 3035 2819 3089; x_wconf 80' lang='grc' dir='ltr'>τοῦτο</span> <span class='ocrx_word' id='word_1_771' title='bbox 2857 3036 2915 3089; x_wconf 85' lang='grc' dir='ltr'>δὲ</span> <span class='ocrx_word' id='word_1_772' title='bbox 2958 3026 3152 3104; x_wconf 79' lang='grc' dir='ltr'>μόνον,</span> <span class='ocrx_word' id='word_1_773' title='bbox 3183 3032 3325 3090; x_wconf 82' lang='grc' dir='ltr'>ἀλλᾶ</span> <span class='ocrx_word' id='word_1_774' title='bbox 3358 3039 3452 3090; x_wconf 56' lang='grc' dir='ltr'>καὶ</span> 
     </span>
    </p>
   </div>
   <div class='ocr_carea' id='block_1_99' title="bbox 1847 3118 3455 3191">
    <p class='ocr_par' dir='ltr' id='par_1_99' title="bbox 1847 3118 3455 3191">
     <span class='ocr_line' id='line_1_99' title="bbox 1847 3118 3455 3191; baseline 0 -19"><span class='ocrx_word' id='word_1_775' title='bbox 1847 3120 1950 3188; x_wconf 83' lang='grc' dir='ltr'>τῆς</span> <span class='ocrx_word' id='word_1_776' title='bbox 1971 3119 2095 3172; x_wconf 86' lang='grc' dir='ltr'>τότε</span> <span class='ocrx_word' id='word_1_777' title='bbox 2125 3118 2264 3188; x_wconf 82' lang='grc' dir='ltr'>μετὰ</span> <span class='ocrx_word' id='word_1_778' title='bbox 2306 3119 2526 3175; x_wconf 86' lang='grc' dir='ltr'>πάντων</span> <span class='ocrx_word' id='word_1_779' title='bbox 2552 3119 2719 3172; x_wconf 82' lang='grc' dir='ltr'>αὐτοῦ</span> <span class='ocrx_word' id='word_1_780' title='bbox 2746 3119 3028 3190; x_wconf 84' lang='grc' dir='ltr'>διαγωγῆς</span> <span class='ocrx_word' id='word_1_781' title='bbox 3065 3118 3126 3172; x_wconf 85' lang='lat'>16</span> <span class='ocrx_word' id='word_1_782' title='bbox 3154 3121 3332 3191; x_wconf 82' lang='grc' dir='ltr'>πρᾶον</span> <span class='ocrx_word' id='word_1_783' title='bbox 3362 3120 3455 3172; x_wconf 78' lang='grc' dir='ltr'>καὶ</span> 
     </span>
    </p>
   </div>
   <div class='ocr_carea' id='block_1_100' title="bbox 1850 3200 3480 3273">
    <p class='ocr_par' dir='ltr' id='par_1_100' title="bbox 1850 3200 3480 3273">
     <span class='ocr_line' id='line_1_100' title="bbox 1850 3200 3480 3273; baseline 0.001 -19"><span class='ocrx_word' id='word_1_784' title='bbox 1850 3202 2102 3264; x_wconf 80' lang='grc' dir='ltr'>ἐπιεικὲς</span> <span class='ocrx_word' id='word_1_785' title='bbox 2144 3200 2425 3271; x_wconf 82' lang='grc' dir='ltr'>ἐμφαίνων</span> <span class='ocrx_word' id='word_1_786' title='bbox 2470 3200 2630 3264; x_wconf 77' lang='grc' dir='ltr'>ἄλλος</span> <span class='ocrx_word' id='word_1_787' title='bbox 2685 3202 2974 3272; x_wconf 85' lang='grc' dir='ltr'>προφήτης</span> <span class='ocrx_word' id='word_1_788' title='bbox 3025 3202 3129 3273; x_wconf 86' lang='grc' dir='ltr'>ὅρα</span> <span class='ocrx_word' id='word_1_789' title='bbox 3167 3203 3221 3255; x_wconf 91' lang='grc' dir='ltr'>τί</span> <span class='ocrx_word' id='word_1_790' title='bbox 3262 3219 3480 3272; x_wconf 62' lang='grc' dir='ltr'>φησινμ</span> 
     </span>
    </p>
   </div>
   <div class='ocr_carea' id='block_1_101' title="bbox 1847 3283 3453 3357">
    <p class='ocr_par' dir='ltr' id='par_1_101' title="bbox 1847 3283 3453 3357">
     <span class='ocr_line' id='line_1_101' title="bbox 1847 3283 3453 3357; baseline 0.002 -22"><span class='ocrx_word' id='word_1_791' title='bbox 1847 3283 2070 3354; x_wconf 80' lang='grc' dir='ltr'>Ἐπειδὴ</span> <span class='ocrx_word' id='word_1_792' title='bbox 2082 3284 2195 3356; x_wconf 82' lang='grc' dir='ltr'>γὰρ</span> <span class='ocrx_word' id='word_1_793' title='bbox 2206 3283 2398 3356; x_wconf 79' lang='grc' dir='ltr'>ὑϐριζό</span> <span class='ocrx_word' id='word_1_794' title='bbox 2403 3301 2586 3354; x_wconf 87' lang='grc' dir='ltr'>μενος,</span> <span class='ocrx_word' id='word_1_795' title='bbox 2604 3286 2818 3354; x_wconf 88' lang='grc' dir='ltr'>ἐμπτυό</span> <span class='ocrx_word' id='word_1_796' title='bbox 2825 3303 3005 3356; x_wconf 80' lang='grc' dir='ltr'>μενος,</span> <span class='ocrx_word' id='word_1_797' title='bbox 3020 3285 3260 3357; x_wconf 80' lang='grc' dir='ltr'>λοιδορού</span> <span class='ocrx_word' id='word_1_798' title='bbox 3269 3303 3453 3355; x_wconf 86' lang='grc' dir='ltr'>μενος,</span> 
     </span>
    </p>
   </div>
   <div class='ocr_carea' id='block_1_102' title="bbox 1847 3368 3456 3439">
    <p class='ocr_par' dir='ltr' id='par_1_102' title="bbox 1847 3368 3456 3439">
     <span class='ocr_line' id='line_1_102' title="bbox 1847 3368 3456 3439; baseline -0.001 -18"><span class='ocrx_word' id='word_1_799' title='bbox 1847 3368 2271 3439; x_wconf 74' lang='grc' dir='ltr'>ἀτιμαζόμενος,</span> <span class='ocrx_word' id='word_1_800' title='bbox 2299 3368 2721 3438; x_wconf 77' lang='grc' dir='ltr'>μαστιζόμενος,</span> <span class='ocrx_word' id='word_1_801' title='bbox 2748 3369 3060 3433; x_wconf 84' lang='grc' dir='ltr'>τελευταῖον</span> <span class='ocrx_word' id='word_1_802' title='bbox 3086 3370 3181 3422; x_wconf 74' lang='grc' dir='ltr'>καὶ</span> <span class='ocrx_word' id='word_1_803' title='bbox 3207 3386 3456 3439; x_wconf 77' lang='grc' dir='ltr'>σταυρωο</span> 
     </span>
    </p>
   </div>
   <div class='ocr_carea' id='block_1_103' title="bbox 1850 3449 3454 3520">
    <p class='ocr_par' dir='ltr' id='par_1_103' title="bbox 1850 3449 3454 3520">
     <span class='ocr_line' id='line_1_103' title="bbox 1850 3449 3454 3520; baseline 0.001 -19"><span class='ocrx_word' id='word_1_804' title='bbox 1850 3449 1966 3514; x_wconf 78' lang='grc' dir='ltr'>θεὶς</span> <span class='ocrx_word' id='word_1_805' title='bbox 1991 3451 2183 3505; x_wconf 82' lang='grc' dir='ltr'>οὐδένα</span> <span class='ocrx_word' id='word_1_806' title='bbox 2226 3452 2336 3504; x_wconf 85' lang='grc' dir='ltr'>τῶν</span> <span class='ocrx_word' id='word_1_807' title='bbox 2365 3451 2542 3505; x_wconf 77' lang='grc' dir='ltr'>ταῦτα</span> <span class='ocrx_word' id='word_1_808' title='bbox 2580 3452 2968 3520; x_wconf 84' lang='grc' dir='ltr'>πεποιηκότων</span> <span class='ocrx_word' id='word_1_809' title='bbox 2994 3451 3297 3520; x_wconf 56' lang='grc' dir='ltr'>ἠμύνατο,</span> <span class='ocrx_word' id='word_1_810' title='bbox 3333 3451 3454 3503; x_wconf 83' lang='grc' dir='ltr'>ἀλλ’</span> 
     </span>
    </p>
   </div>
   <div class='ocr_carea' id='block_1_104' title="bbox 1848 3529 3453 3606">
    <p class='ocr_par' dir='ltr' id='par_1_104' title="bbox 1848 3529 3453 3606">
     <span class='ocr_line' id='line_1_104' title="bbox 1848 3529 3453 3606; baseline 0.001 -20"><span class='ocrx_word' id='word_1_811' title='bbox 1848 3532 2045 3606; x_wconf 72' lang='grc' dir='ltr'>ἔφερεν</span> <span class='ocrx_word' id='word_1_812' title='bbox 2096 3533 2313 3587; x_wconf 77' lang='grc' dir='ltr'>ἅπαντα</span> <span class='ocrx_word' id='word_1_813' title='bbox 2370 3533 2743 3606; x_wconf 88' lang='grc' dir='ltr'>μακροθύμως</span> <span class='ocrx_word' id='word_1_814' title='bbox 2797 3534 2891 3586; x_wconf 81' lang='grc' dir='ltr'>καὶ</span> <span class='ocrx_word' id='word_1_815' title='bbox 2939 3535 3154 3604; x_wconf 81' lang='grc' dir='ltr'>πράως,</span> <span class='ocrx_word' id='word_1_816' title='bbox 3195 3529 3308 3586; x_wconf 78' lang='grc' dir='ltr'>οἷον</span> <span class='ocrx_word' id='word_1_817' title='bbox 3351 3533 3453 3598; x_wconf 85' lang='grc' dir='ltr'>τὰς</span> 
     </span>
    </p>
   </div>
   <div class='ocr_carea' id='block_1_105' title="bbox 1848 3615 3454 3688">
    <p class='ocr_par' dir='ltr' id='par_1_105' title="bbox 1848 3615 3454 3688">
     <span class='ocr_line' id='line_1_105' title="bbox 1848 3615 3454 3688; baseline -0.001 -17"><span class='ocrx_word' id='word_1_818' title='bbox 1848 3617 2095 3688; x_wconf 87' lang='grc' dir='ltr'>ἀτιμίας,</span> <span class='ocrx_word' id='word_1_819' title='bbox 2119 3617 2220 3680; x_wconf 84' lang='grc' dir='ltr'>τὰς</span> <span class='ocrx_word' id='word_1_820' title='bbox 2262 3617 2576 3681; x_wconf 82' lang='grc' dir='ltr'>ἐπιϐουλὰς,</span> <span class='ocrx_word' id='word_1_821' title='bbox 2627 3616 2726 3688; x_wconf 81' lang='grc' dir='ltr'>τὴν</span> <span class='ocrx_word' id='word_1_822' title='bbox 2777 3616 3000 3688; x_wconf 91' lang='grc' dir='ltr'>μανίαν,</span> <span class='ocrx_word' id='word_1_823' title='bbox 3034 3615 3128 3670; x_wconf 80' lang='grc' dir='ltr'>τὸν</span> <span class='ocrx_word' id='word_1_824' title='bbox 3157 3616 3331 3687; x_wconf 82' lang='grc' dir='ltr'>θυμὸν</span> <span class='ocrx_word' id='word_1_825' title='bbox 3360 3615 3454 3669; x_wconf 87' lang='grc' dir='ltr'>τὸν</span> 
     </span>
    </p>
   </div>
   <div class='ocr_carea' id='block_1_106' title="bbox 1848 3699 3455 3771">
    <p class='ocr_par' dir='ltr' id='par_1_106' title="bbox 1848 3699 3455 3771">
     <span class='ocr_line' id='line_1_106' title="bbox 1848 3699 3455 3771; baseline -0.001 -15"><span class='ocrx_word' id='word_1_826' title='bbox 1848 3701 2077 3771; x_wconf 77' lang='grc' dir='ltr'>ἄκαιρον</span> <span class='ocrx_word' id='word_1_827' title='bbox 2107 3701 2315 3754; x_wconf 82' lang='grc' dir='ltr'>ἐκείνου</span> <span class='ocrx_word' id='word_1_828' title='bbox 2333 3699 2428 3752; x_wconf 84' lang='grc' dir='ltr'>τοῦ</span> <span class='ocrx_word' id='word_1_829' title='bbox 2458 3699 2654 3769; x_wconf 85' lang='grc' dir='ltr'>δήμου,</span> <span class='ocrx_word' id='word_1_830' title='bbox 2686 3701 2785 3765; x_wconf 86' lang='grc' dir='ltr'>τάς</span> <span class='ocrx_word' id='word_1_831' title='bbox 2811 3699 3058 3769; x_wconf 84' lang='grc' dir='ltr'>ἐφόδους,</span> <span class='ocrx_word' id='word_1_832' title='bbox 3083 3699 3256 3753; x_wconf 82' lang='grc' dir='ltr'>ταῦτα</span> <span class='ocrx_word' id='word_1_833' title='bbox 3273 3699 3455 3754; x_wconf 87' lang='grc' dir='ltr'>πάντα</span> 
     </span>
    </p>
   </div>
   <div class='ocr_carea' id='block_1_107' title="bbox 1847 3778 3451 3854">
    <p class='ocr_par' dir='ltr' id='par_1_107' title="bbox 1847 3778 3451 3854">
     <span class='ocr_line' id='line_1_107' title="bbox 1847 3778 3451 3854; baseline -0.001 -18"><span class='ocrx_word' id='word_1_834' title='bbox 1847 3783 2024 3854; x_wconf 84' lang='grc' dir='ltr'>δηλῶν</span> <span class='ocrx_word' id='word_1_835' title='bbox 2065 3783 2247 3852; x_wconf 81' lang='grc' dir='ltr'>ἐλεγε·</span> <span class='ocrx_word' id='word_1_836' title='bbox 2279 3781 2569 3852; x_wconf 62' lang='grc' dir='ltr'>Κάλαμον</span> <span class='ocrx_word' id='word_1_837' title='bbox 2601 3778 3120 3851; x_wconf 81' lang='grc' dir='ltr'>συντετριμμένον</span> <span class='ocrx_word' id='word_1_838' title='bbox 3141 3783 3213 3836; x_wconf 83' lang='grc' dir='ltr'>οὐ</span> <span class='ocrx_word' id='word_1_839' title='bbox 3235 3781 3451 3836; x_wconf 81' lang='grc' dir='ltr'>κατεά-</span> 
     </span>
    </p>
   </div>
   <div class='ocr_carea' id='block_1_108' title="bbox 1847 3864 3452 3934">
    <p class='ocr_par' dir='ltr' id='par_1_108' title="bbox 1847 3864 3452 3934">
     <span class='ocr_line' id='line_1_108' title="bbox 1847 3864 3452 3934; baseline -0.001 -14"><span class='ocrx_word' id='word_1_840' title='bbox 1847 3866 1960 3932; x_wconf 76' lang='grc' dir='ltr'>ξει,</span> <span class='ocrx_word' id='word_1_841' title='bbox 1984 3866 2084 3923; x_wconf 80' lang='grc' dir='ltr'>καί</span> <span class='ocrx_word' id='word_1_842' title='bbox 2120 3868 2301 3921; x_wconf 75' lang='grc' dir='ltr'>λίνον</span> <span class='ocrx_word' id='word_1_843' title='bbox 2337 3867 2682 3934; x_wconf 74' lang='grc' dir='ltr'>τυφόμενον</span> <span class='ocrx_word' id='word_1_844' title='bbox 2715 3867 2791 3919; x_wconf 86' lang='grc' dir='ltr'>οὐ</span> <span class='ocrx_word' id='word_1_845' title='bbox 2825 3864 3034 3918; x_wconf 91' lang='grc' dir='ltr'>σϐέσει</span> <span class='ocrx_word' id='word_1_846' title='bbox 3059 3905 3074 3930; x_wconf 93' lang='grc'>,</span> <span class='ocrx_word' id='word_1_847' title='bbox 3106 3865 3218 3932; x_wconf 79' lang='grc' dir='ltr'>ἕως</span> <span class='ocrx_word' id='word_1_848' title='bbox 3252 3864 3329 3918; x_wconf 83' lang='grc' dir='ltr'>ἂν</span> <span class='ocrx_word' id='word_1_849' title='bbox 3353 3866 3452 3918; x_wconf 81' lang='grc' dir='ltr'>ἐκ-</span> 
     </span>
    </p>
   </div>
   <div class='ocr_carea' id='block_1_109' title="bbox 1848 3946 3450 4017">
    <p class='ocr_par' dir='ltr' id='par_1_109' title="bbox 1848 3946 3450 4017">
     <span class='ocr_line' id='line_1_109' title="bbox 1848 3946 3450 4017; baseline -0.001 -14"><span class='ocrx_word' id='word_1_850' title='bbox 1848 3949 2004 4017; x_wconf 77' lang='grc' dir='ltr'>ϐάλῃ</span> <span class='ocrx_word' id='word_1_851' title='bbox 2033 3951 2120 4015; x_wconf 89' lang='grc' dir='ltr'>εἰς</span> <span class='ocrx_word' id='word_1_852' title='bbox 2143 3949 2316 4015; x_wconf 84' lang='grc' dir='ltr'>νῖκος</span> <span class='ocrx_word' id='word_1_853' title='bbox 2337 3948 2454 4016; x_wconf 81' lang='grc' dir='ltr'>τὴν</span> <span class='ocrx_word' id='word_1_854' title='bbox 2480 3949 2708 4016; x_wconf 81' lang='grc' dir='ltr'>κρίσιν,</span> <span class='ocrx_word' id='word_1_855' title='bbox 2733 3948 2833 4002; x_wconf 83' lang='grc' dir='ltr'>καί</span> <span class='ocrx_word' id='word_1_856' title='bbox 2856 3949 2950 4002; x_wconf 81' lang='grc' dir='ltr'>ἐπ’</span> <span class='ocrx_word' id='word_1_857' title='bbox 2978 3946 3140 4013; x_wconf 84' lang='grc' dir='ltr'>αὐτῷ</span> <span class='ocrx_word' id='word_1_858' title='bbox 3159 3948 3306 4013; x_wconf 71' lang='grc' dir='ltr'>ἔθνη</span> <span class='ocrx_word' id='word_1_859' title='bbox 3345 3949 3450 4001; x_wconf 67' lang='grc' dir='ltr'>ἐλ-</span> 
     </span>
    </p>
   </div>
   <div class='ocr_carea' id='block_1_110' title="bbox 1847 4023 3450 4104">
    <p class='ocr_par' dir='ltr' id='par_1_110' title="bbox 1847 4023 3450 4104">
     <span class='ocr_line' id='line_1_110' title="bbox 1847 4023 3450 4104; baseline -0.001 -18"><span class='ocrx_word' id='word_1_860' title='bbox 1847 4033 2120 4090; x_wconf 74' lang='grc' dir='ltr'>πιοῦσιν.</span> <span class='ocrx_word' id='word_1_861' title='bbox 2142 4032 2448 4104; x_wconf 77' lang='grc' dir='ltr'>Ἕτερος.δέ</span> <span class='ocrx_word' id='word_1_862' title='bbox 2475 4031 2638 4084; x_wconf 85' lang='grc' dir='ltr'>πάλιν</span> <span class='ocrx_word' id='word_1_863' title='bbox 2668 4029 2762 4084; x_wconf 77' lang='grc' dir='ltr'>καὶ</span> <span class='ocrx_word' id='word_1_864' title='bbox 2788 4030 2881 4083; x_wconf 84' lang='grc' dir='ltr'>τὸν</span> <span class='ocrx_word' id='word_1_865' title='bbox 2907 4030 3098 4092; x_wconf 86' lang='grc' dir='ltr'>τόπον,</span> <span class='ocrx_word' id='word_1_866' title='bbox 3117 4031 3176 4083; x_wconf 89' lang='grc' dir='ltr'>ἐν</span> <span class='ocrx_word' id='word_1_867' title='bbox 3195 4023 3450 4102; x_wconf 81' lang='grc' dir='ltr'>ᾧέμελλε</span> 
     </span>
    </p>
   </div>
   <div class='ocr_carea' id='block_1_111' title="bbox 1845 4113 3449 4186">
    <p class='ocr_par' dir='ltr' id='par_1_111' title="bbox 1845 4113 3449 4186">
     <span class='ocr_line' id='line_1_111' title="bbox 1845 4113 3449 4186; baseline 0.001 -18"><span class='ocrx_word' id='word_1_868' title='bbox 1845 4115 2163 4179; x_wconf 66' lang='grc' dir='ltr'>τίκτεσθιιν</span> <span class='ocrx_word' id='word_1_869' title='bbox 2183 4116 2337 4186; x_wconf 78' lang='grc' dir='ltr'>ἆηλοῖ</span> <span class='ocrx_word' id='word_1_870' title='bbox 2362 4114 2508 4170; x_wconf 75' lang='grc' dir='ltr'>οὕτω</span> <span class='ocrx_word' id='word_1_871' title='bbox 2528 4114 2704 4183; x_wconf 85' lang='grc' dir='ltr'>λέγων</span> <span class='ocrx_word' id='word_1_872' title='bbox 2721 4130 2736 4145; x_wconf 75' lang='grc' dir='ltr'><strong><em>ο</em></strong></span> <span class='ocrx_word' id='word_1_873' title='bbox 2771 4113 2883 4168; x_wconf 75' lang='grc' dir='ltr'>Καὶ</span> <span class='ocrx_word' id='word_1_874' title='bbox 2909 4113 3013 4180; x_wconf 86' lang='grc' dir='ltr'>σὺ,</span> <span class='ocrx_word' id='word_1_875' title='bbox 3049 4113 3345 4183; x_wconf 74' lang='grc' dir='ltr'>Βηθλεὲμ,</span> <span class='ocrx_word' id='word_1_876' title='bbox 3369 4115 3449 4184; x_wconf 75' lang='grc' dir='ltr'>γῆ</span> 
     </span>
    </p>
   </div>
   <div class='ocr_carea' id='block_1_112' title="bbox 1860 4192 3450 4274">
    <p class='ocr_par' dir='ltr' id='par_1_112' title="bbox 1860 4192 3450 4274">
     <span class='ocr_line' id='line_1_112' title="bbox 1860 4192 3450 4274; baseline -0.001 -21"><span class='ocrx_word' id='word_1_877' title='bbox 1860 4199 2052 4253; x_wconf 83' lang='grc' dir='ltr'>Ἰούδα</span> <span class='ocrx_word' id='word_1_878' title='bbox 2074 4239 2089 4264; x_wconf 93' lang='grc'>,</span> <span class='ocrx_word' id='word_1_879' title='bbox 2139 4199 2418 4274; x_wconf 71' lang='grc' dir='ltr'>οὐδαμῶς</span> <span class='ocrx_word' id='word_1_880' title='bbox 2463 4198 2763 4267; x_wconf 76' lang='grc' dir='ltr'>ἐλαχίστη</span> <span class='ocrx_word' id='word_1_881' title='bbox 2792 4192 2852 4250; x_wconf 78' lang='grc' dir='ltr'>εἰ</span> <span class='ocrx_word' id='word_1_882' title='bbox 2875 4197 2947 4249; x_wconf 87' lang='grc' dir='ltr'>ἐν</span> <span class='ocrx_word' id='word_1_883' title='bbox 2996 4195 3125 4263; x_wconf 87' lang='grc' dir='ltr'>τοῖς</span> <span class='ocrx_word' id='word_1_884' title='bbox 3155 4198 3450 4266; x_wconf 75' lang='grc' dir='ltr'>ἡγεμόσιν</span> 
     </span>
    </p>
   </div>
   <div class='ocr_carea' id='block_1_113' title="bbox 1860 4279 3445 4351">
    <p class='ocr_par' dir='ltr' id='par_1_113' title="bbox 1860 4279 3445 4351">
     <span class='ocr_line' id='line_1_113' title="bbox 1860 4279 3445 4351; baseline -0.001 -15"><span class='ocrx_word' id='word_1_885' title='bbox 1860 4281 2051 4336; x_wconf 75' lang='grc' dir='ltr'>Ἰούδα</span> <span class='ocrx_word' id='word_1_886' title='bbox 2070 4298 2082 4313; x_wconf 88' lang='grc'>·</span> <span class='ocrx_word' id='word_1_887' title='bbox 2113 4281 2184 4335; x_wconf 84' lang='grc' dir='ltr'>ἐκ</span> <span class='ocrx_word' id='word_1_888' title='bbox 2219 4281 2336 4336; x_wconf 89' lang='grc' dir='ltr'>σοῦ</span> <span class='ocrx_word' id='word_1_889' title='bbox 2360 4280 2472 4351; x_wconf 76' lang='grc' dir='ltr'>γάρ</span> <span class='ocrx_word' id='word_1_890' title='bbox 2509 4296 2614 4350; x_wconf 87' lang='grc' dir='ltr'>μοι</span> <span class='ocrx_word' id='word_1_891' title='bbox 2657 4279 3050 4345; x_wconf 76' lang='grc' dir='ltr'>ἐξελεύσεται</span> <span class='ocrx_word' id='word_1_892' title='bbox 3076 4279 3445 4349; x_wconf 74' lang='grc' dir='ltr'>ἡγούμενος,</span> 
     </span>
    </p>
   </div>
   <div class='ocr_carea' id='block_1_114' title="bbox 1850 4361 3448 4435">
    <p class='ocr_par' dir='ltr' id='par_1_114' title="bbox 1850 4361 3448 4435">
     <span class='ocr_line' id='line_1_114' title="bbox 1850 4361 3448 4435; baseline 0.001 -18"><span class='ocrx_word' id='word_1_893' title='bbox 1850 4364 2020 4431; x_wconf 88' lang='grc' dir='ltr'>ὅστις</span> <span class='ocrx_word' id='word_1_894' title='bbox 2042 4365 2325 4435; x_wconf 81' lang='grc' dir='ltr'>ποιμανεῖ</span> <span class='ocrx_word' id='word_1_895' title='bbox 2347 4365 2458 4417; x_wconf 81' lang='grc' dir='ltr'>τὸν</span> <span class='ocrx_word' id='word_1_896' title='bbox 2487 4365 2643 4418; x_wconf 71' lang='grc' dir='ltr'>λαόν</span> <span class='ocrx_word' id='word_1_897' title='bbox 2670 4381 2791 4433; x_wconf 92' lang='grc' dir='ltr'>μου</span> <span class='ocrx_word' id='word_1_898' title='bbox 2822 4361 2931 4415; x_wconf 81' lang='grc' dir='ltr'>τὸν</span> <span class='ocrx_word' id='word_1_899' title='bbox 2965 4361 3230 4430; x_wconf 76' lang='grc' dir='ltr'>Ἰσραὴλ,</span> <span class='ocrx_word' id='word_1_900' title='bbox 3261 4363 3360 4418; x_wconf 83' lang='grc' dir='ltr'>καί</span> <span class='ocrx_word' id='word_1_901' title='bbox 3386 4367 3448 4418; x_wconf 76' lang='lat' dir='ltr'><strong><em>al</em></strong></span> 
     </span>
    </p>
   </div>
   <div class='ocr_carea' id='block_1_115' title="bbox 1848 4441 3449 4516">
    <p class='ocr_par' dir='ltr' id='par_1_115' title="bbox 1848 4441 3449 4516">
     <span class='ocr_line' id='line_1_115' title="bbox 1848 4441 3449 4516; baseline -0.002 -14"><span class='ocrx_word' id='word_1_902' title='bbox 1848 4448 2049 4514; x_wconf 75' lang='grc' dir='ltr'>ἔξοδοι</span> <span class='ocrx_word' id='word_1_903' title='bbox 2075 4448 2264 4503; x_wconf 86' lang='grc' dir='ltr'>αὑτοῦ</span> <span class='ocrx_word' id='word_1_904' title='bbox 2289 4447 2391 4502; x_wconf 83' lang='grc' dir='ltr'>ἀπ’</span> <span class='ocrx_word' id='word_1_905' title='bbox 2411 4446 2609 4516; x_wconf 83' lang='grc' dir='ltr'>ἀρχῆς</span> <span class='ocrx_word' id='word_1_906' title='bbox 2636 4448 2706 4512; x_wconf 81' lang='grc' dir='ltr'>ἐξ</span> <span class='ocrx_word' id='word_1_907' title='bbox 2740 4444 2980 4515; x_wconf 87' lang='grc' dir='ltr'>ήμερῶν</span> <span class='ocrx_word' id='word_1_908' title='bbox 3004 4442 3241 4512; x_wconf 82' lang='grc' dir='ltr'>αἰῶνος.</span> <span class='ocrx_word' id='word_1_909' title='bbox 3278 4441 3449 4511; x_wconf 78' lang='grc' dir='ltr'>Οὗτος</span> 
     </span>
    </p>
   </div>
   <div class='ocr_carea' id='block_1_116' title="bbox 1849 4527 3450 4603">
    <p class='ocr_par' dir='ltr' id='par_1_116' title="bbox 1849 4527 3450 4603">
     <span class='ocr_line' id='line_1_116' title="bbox 1849 4527 3450 4603; baseline -0.004 -18"><span class='ocrx_word' id='word_1_910' title='bbox 1849 4532 1945 4586; x_wconf 72' lang='grc' dir='ltr'>καὶ</span> <span class='ocrx_word' id='word_1_911' title='bbox 1975 4533 2074 4602; x_wconf 78' lang='grc' dir='ltr'>τὴν</span> <span class='ocrx_word' id='word_1_912' title='bbox 2096 4531 2327 4603; x_wconf 88' lang='grc' dir='ltr'>θεότητα</span> <span class='ocrx_word' id='word_1_913' title='bbox 2354 4531 2450 4586; x_wconf 72' lang='grc' dir='ltr'>καὶ</span> <span class='ocrx_word' id='word_1_914' title='bbox 2476 4531 2577 4601; x_wconf 84' lang='grc' dir='ltr'>τὴν</span> <span class='ocrx_word' id='word_1_915' title='bbox 2622 4530 3024 4601; x_wconf 88' lang='grc' dir='ltr'>ἁνθρωπότητα</span> <span class='ocrx_word' id='word_1_916' title='bbox 3063 4527 3304 4582; x_wconf 87' lang='grc' dir='ltr'>δείκνυσι</span> <span class='ocrx_word' id='word_1_917' title='bbox 3323 4545 3339 4561; x_wconf 72' lang='grc' dir='ltr'>ι</span> <span class='ocrx_word' id='word_1_918' title='bbox 3368 4528 3450 4600; x_wconf 80' lang='grc' dir='ltr'>τῷ</span> 
     </span>
    </p>
   </div>
   <div class='ocr_carea' id='block_1_117' title="bbox 1852 4612 3450 4686">
    <p class='ocr_par' dir='ltr' id='par_1_117' title="bbox 1852 4612 3450 4686">
     <span class='ocr_line' id='line_1_117' title="bbox 1852 4612 3450 4686; baseline 0.001 -18"><span class='ocrx_word' id='word_1_919' title='bbox 1852 4617 1954 4686; x_wconf 87' lang='grc' dir='ltr'>μὲν</span> <span class='ocrx_word' id='word_1_920' title='bbox 1971 4616 2081 4686; x_wconf 85' lang='grc' dir='ltr'>γὰρ</span> <span class='ocrx_word' id='word_1_921' title='bbox 2101 4617 2300 4682; x_wconf 86' lang='grc' dir='ltr'>εἰπεῖν,</span> <span class='ocrx_word' id='word_1_922' title='bbox 2329 4617 2399 4669; x_wconf 81' lang='grc' dir='ltr'>Αἰ</span> <span class='ocrx_word' id='word_1_923' title='bbox 2420 4614 2620 4679; x_wconf 72' lang='grc' dir='ltr'>ἔξοδοι</span> <span class='ocrx_word' id='word_1_924' title='bbox 2647 4613 2836 4671; x_wconf 84' lang='grc' dir='ltr'>αὐτοῦ</span> <span class='ocrx_word' id='word_1_925' title='bbox 2871 4613 2972 4667; x_wconf 82' lang='grc' dir='ltr'>ἀπ’</span> <span class='ocrx_word' id='word_1_926' title='bbox 2989 4612 3186 4682; x_wconf 83' lang='grc' dir='ltr'>ἀρχῆς</span> <span class='ocrx_word' id='word_1_927' title='bbox 3207 4613 3277 4678; x_wconf 80' lang='grc' dir='ltr'>ἐξ</span> <span class='ocrx_word' id='word_1_928' title='bbox 3307 4614 3450 4682; x_wconf 50' lang='grc' dir='ltr'>ήμεέ</span> 
     </span>
    </p>
   </div>
   <div class='ocr_carea' id='block_1_118' title="bbox 1841 4696 3450 4770">
    <p class='ocr_par' dir='ltr' id='par_1_118' title="bbox 1841 4696 3450 4770">
     <span class='ocr_line' id='line_1_118' title="bbox 1841 4696 3450 4770; baseline -0.002 -18"><span class='ocrx_word' id='word_1_929' title='bbox 1841 4696 1971 4768; x_wconf 86' lang='grc' dir='ltr'>ρῶν</span> <span class='ocrx_word' id='word_1_930' title='bbox 2004 4697 2221 4765; x_wconf 83' lang='grc' dir='ltr'>αἰῶνος</span> <span class='ocrx_word' id='word_1_931' title='bbox 2241 4740 2257 4764; x_wconf 91' lang='grc'>,</span> <span class='ocrx_word' id='word_1_932' title='bbox 2305 4699 2404 4770; x_wconf 80' lang='grc' dir='ltr'>τὴν</span> <span class='ocrx_word' id='word_1_933' title='bbox 2434 4697 2763 4768; x_wconf 72' lang='grc' dir='ltr'>πρωιὼνιον</span> <span class='ocrx_word' id='word_1_934' title='bbox 2803 4697 3039 4768; x_wconf 87' lang='grc' dir='ltr'>ἐδήλωσε</span> <span class='ocrx_word' id='word_1_935' title='bbox 3075 4696 3340 4769; x_wconf 83' lang='grc' dir='ltr'>ὓπαρξιν·</span> <span class='ocrx_word' id='word_1_936' title='bbox 3367 4698 3450 4769; x_wconf 82' lang='grc' dir='ltr'>τῷ</span> 
     </span>
    </p>
   </div>
   <div class='ocr_carea' id='block_1_119' title="bbox 1850 4779 3492 4854">
    <p class='ocr_par' dir='ltr' id='par_1_119' title="bbox 1850 4779 3492 4854">
     <span class='ocr_line' id='line_1_119' title="bbox 1850 4779 3492 4854; baseline -0.001 -20"><span class='ocrx_word' id='word_1_937' title='bbox 1850 4782 1909 4835; x_wconf 89' lang='grc' dir='ltr'>δέ</span> <span class='ocrx_word' id='word_1_938' title='bbox 1937 4784 2135 4848; x_wconf 87' lang='grc' dir='ltr'>εἰπεῖν,</span> <span class='ocrx_word' id='word_1_939' title='bbox 2178 4781 2594 4846; x_wconf 76' lang='grc' dir='ltr'>Ἐξελεύσεται</span> <span class='ocrx_word' id='word_1_940' title='bbox 2623 4782 2979 4850; x_wconf 76' lang='grc' dir='ltr'>ἡγούμενος,</span> <span class='ocrx_word' id='word_1_941' title='bbox 3027 4779 3198 4845; x_wconf 83' lang='grc' dir='ltr'>ὅστις</span> <span class='ocrx_word' id='word_1_942' title='bbox 3235 4794 3451 4854; x_wconf 76' lang='grc' dir='ltr'>ποιμα-</span> <span class='ocrx_word' id='word_1_943' title='bbox 3489 4787 3492 4790; x_wconf 82' lang='grc'><strong>’</strong></span> 
     </span>
    </p>
   </div>
   <div class='ocr_carea' id='block_1_120' title="bbox 1842 4861 3447 4935">
    <p class='ocr_par' dir='ltr' id='par_1_120' title="bbox 1842 4861 3447 4935">
     <span class='ocr_line' id='line_1_120' title="bbox 1842 4861 3447 4935; baseline -0.003 -15"><span class='ocrx_word' id='word_1_944' title='bbox 1842 4867 1944 4920; x_wconf 75' lang='grc' dir='ltr'>’νεῖ</span> <span class='ocrx_word' id='word_1_945' title='bbox 1980 4867 2089 4920; x_wconf 83' lang='grc' dir='ltr'>τὸν</span> <span class='ocrx_word' id='word_1_946' title='bbox 2118 4867 2275 4921; x_wconf 74' lang='grc' dir='ltr'>λαόν</span> <span class='ocrx_word' id='word_1_947' title='bbox 2305 4883 2427 4935; x_wconf 91' lang='grc' dir='ltr'>μου</span> <span class='ocrx_word' id='word_1_948' title='bbox 2456 4865 2565 4918; x_wconf 80' lang='grc' dir='ltr'>τὸν</span> <span class='ocrx_word' id='word_1_949' title='bbox 2602 4863 2890 4931; x_wconf 75' lang='grc' dir='ltr'>Ἰσραὴλ,</span> <span class='ocrx_word' id='word_1_950' title='bbox 2930 4863 3031 4933; x_wconf 81' lang='grc' dir='ltr'>τὴν</span> <span class='ocrx_word' id='word_1_951' title='bbox 3074 4861 3221 4916; x_wconf 87' lang='grc' dir='ltr'>κατά</span> <span class='ocrx_word' id='word_1_952' title='bbox 3266 4863 3447 4934; x_wconf 74' lang='grc' dir='ltr'>σάρκα</span> 
     </span>
    </p>
   </div>
   <div class='ocr_carea' id='block_1_121' title="bbox 1851 4945 3444 5021">
    <p class='ocr_par' dir='ltr' id='par_1_121' title="bbox 1851 4945 3444 5021">
     <span class='ocr_line' id='line_1_121' title="bbox 1851 4945 3444 5021; baseline -0.003 -18"><span class='ocrx_word' id='word_1_953' title='bbox 1851 4950 2126 5019; x_wconf 84' lang='grc' dir='ltr'>γέννησιν.</span> <span class='ocrx_word' id='word_1_954' title='bbox 2156 4949 2269 5004; x_wconf 73' lang='grc' dir='ltr'>Καὶ</span> <span class='ocrx_word' id='word_1_955' title='bbox 2294 4945 2409 5021; x_wconf 65' lang='grc' dir='ltr'>’δρα</span> <span class='ocrx_word' id='word_1_956' title='bbox 2448 4947 2610 5003; x_wconf 88' lang='grc' dir='ltr'>πάλιν</span> <span class='ocrx_word' id='word_1_957' title='bbox 2651 4948 2746 5004; x_wconf 75' lang='grc' dir='ltr'>καὶ</span> <span class='ocrx_word' id='word_1_958' title='bbox 2786 4947 2981 5017; x_wconf 71' lang='grc' dir='ltr'>ἑτέραν</span> <span class='ocrx_word' id='word_1_959' title='bbox 3034 4945 3270 5000; x_wconf 82' lang='grc' dir='ltr'>ἐνταῦθα</span> <span class='ocrx_word' id='word_1_960' title='bbox 3306 4949 3444 5017; x_wconf 79' lang='grc' dir='ltr'>π’ρο-</span> 
     </span>
    </p>
   </div>
   <div class='ocr_carea' id='block_1_122' title="bbox 1854 5030 3447 5104">
    <p class='ocr_par' dir='ltr' id='par_1_122' title="bbox 1854 5030 3447 5104">
     <span class='ocr_line' id='line_1_122' title="bbox 1854 5030 3447 5104; baseline -0.002 -18"><span class='ocrx_word' id='word_1_961' title='bbox 1854 5034 2082 5104; x_wconf 87' lang='grc' dir='ltr'>φητείαν</span> <span class='ocrx_word' id='word_1_962' title='bbox 2109 5033 2544 5101; x_wconf 80' lang='grc' dir='ltr'>διαλάμπουσαν.</span> <span class='ocrx_word' id='word_1_963' title='bbox 2576 5033 2651 5086; x_wconf 78' lang='lat'><em>06</em></span> <span class='ocrx_word' id='word_1_964' title='bbox 2679 5032 2791 5103; x_wconf 87' lang='grc' dir='ltr'>γὰρ</span> <span class='ocrx_word' id='word_1_965' title='bbox 2825 5031 2986 5102; x_wconf 89' lang='grc' dir='ltr'>μόνον</span> <span class='ocrx_word' id='word_1_966' title='bbox 3012 5032 3093 5085; x_wconf 79' lang='grc' dir='ltr'>ὅτι</span> <span class='ocrx_word' id='word_1_967' title='bbox 3121 5030 3447 5103; x_wconf 83' lang='grc' dir='ltr'>τεχθήσεται</span> 
     </span>
    </p>
   </div>
   <div class='ocr_carea' id='block_1_123' title="bbox 1855 5113 3446 5186">
    <p class='ocr_par' dir='ltr' id='par_1_123' title="bbox 1855 5113 3446 5186">
     <span class='ocr_line' id='line_1_123' title="bbox 1855 5113 3446 5186; baseline 0 -17"><span class='ocrx_word' id='word_1_968' title='bbox 1855 5113 2029 5179; x_wconf 85' lang='grc' dir='ltr'>εἶπεν,</span> <span class='ocrx_word' id='word_1_969' title='bbox 2051 5116 2264 5171; x_wconf 86' lang='grc' dir='ltr'>ἀλλ’ὅτι</span> <span class='ocrx_word' id='word_1_970' title='bbox 2291 5118 2385 5170; x_wconf 76' lang='grc' dir='ltr'>καὶ</span> <span class='ocrx_word' id='word_1_971' title='bbox 2423 5115 2696 5186; x_wconf 88' lang='grc' dir='ltr'>ἐπίσημον</span> <span class='ocrx_word' id='word_1_972' title='bbox 2731 5116 2885 5168; x_wconf 80' lang='grc' dir='ltr'>ἐσται</span> <span class='ocrx_word' id='word_1_973' title='bbox 2922 5115 2985 5168; x_wconf 89' lang='lat'>16</span> <span class='ocrx_word' id='word_1_974' title='bbox 3016 5115 3236 5186; x_wconf 84' lang='grc' dir='ltr'>χωρίον,</span> <span class='ocrx_word' id='word_1_975' title='bbox 3268 5115 3446 5169; x_wconf 84' lang='grc' dir='ltr'>καίτοι</span> 
     </span>
    </p>
   </div>
   <div class='ocr_carea' id='block_1_124' title="bbox 1854 5196 3449 5272">
    <p class='ocr_par' dir='ltr' id='par_1_124' title="bbox 1854 5196 3449 5272">
     <span class='ocr_line' id='line_1_124' title="bbox 1854 5196 3449 5272; baseline -0.001 -17"><span class='ocrx_word' id='word_1_976' title='bbox 1854 5203 2071 5266; x_wconf 83' lang='grc' dir='ltr'>εὐτελὲς</span> <span class='ocrx_word' id='word_1_977' title='bbox 2094 5201 2152 5256; x_wconf 80' lang='grc' dir='ltr'>ὃν</span> <span class='ocrx_word' id='word_1_978' title='bbox 2181 5203 2275 5255; x_wconf 76' lang='grc' dir='ltr'>καὶ</span> <span class='ocrx_word' id='word_1_979' title='bbox 2322 5201 2548 5272; x_wconf 78' lang='grc' dir='ltr'>μικρόν·</span> <span class='ocrx_word' id='word_1_980' title='bbox 2576 5199 2864 5269; x_wconf 81' lang='grc' dir='ltr'>Οὐδαμῶς</span> <span class='ocrx_word' id='word_1_981' title='bbox 2898 5200 3010 5272; x_wconf 84' lang='grc' dir='ltr'>γὰρ</span> <span class='ocrx_word' id='word_1_982' title='bbox 3054 5200 3351 5269; x_wconf 71' lang='grc' dir='ltr'>ἐλαχίστη</span> <span class='ocrx_word' id='word_1_983' title='bbox 3391 5196 3449 5253; x_wconf 74' lang='grc' dir='ltr'>εί</span> 
     </span>
    </p>
   </div>
   <div class='ocr_carea' id='block_1_125' title="bbox 1851 5283 2803 5357">
    <p class='ocr_par' dir='ltr' id='par_1_125' title="bbox 1851 5283 2803 5357">
     <span class='ocr_line' id='line_1_125' title="bbox 1851 5283 2803 5357; baseline -0.005 -16"><span class='ocrx_word' id='word_1_984' title='bbox 1851 5289 1920 5341; x_wconf 89' lang='grc' dir='ltr'>ἐν</span> <span class='ocrx_word' id='word_1_985' title='bbox 1947 5287 2070 5352; x_wconf 83' lang='grc' dir='ltr'>τοῖς</span> <span class='ocrx_word' id='word_1_986' title='bbox 2092 5287 2389 5357; x_wconf 77' lang='grc' dir='ltr'>ἡγεμόσιν</span> <span class='ocrx_word' id='word_1_987' title='bbox 2414 5283 2622 5351; x_wconf 85' lang='grc' dir='ltr'>Ἰούδα,</span> <span class='ocrx_word' id='word_1_988' title='bbox 2647 5286 2803 5353; x_wconf 88' lang='grc' dir='ltr'>φησί.</span> 
     </span>
    </p>
   </div>
   <div class='ocr_carea' id='block_1_126' title="bbox 1921 5521 3445 5599">
    <p class='ocr_par' dir='ltr' id='par_1_126' title="bbox 1921 5521 3445 5599">
     <span class='ocr_line' id='line_1_126' title="bbox 1921 5521 3445 5599; baseline -0.004 -16"><span class='ocrx_word' id='word_1_989' title='bbox 1921 5530 2080 5583; x_wconf 81' lang='grc' dir='ltr'>Πᾶσα</span> <span class='ocrx_word' id='word_1_990' title='bbox 2117 5529 2296 5580; x_wconf 88' lang='grc' dir='ltr'>τοίνυν</span> <span class='ocrx_word' id='word_1_991' title='bbox 2341 5529 2376 5599; x_wconf 83' lang='grc' dir='ltr'><strong>ή</strong></span> <span class='ocrx_word' id='word_1_992' title='bbox 2410 5527 2702 5598; x_wconf 87' lang='grc' dir='ltr'>οἰκουμένη</span> <span class='ocrx_word' id='word_1_993' title='bbox 2742 5526 3023 5596; x_wconf 81' lang='grc' dir='ltr'>συντρέχει</span> <span class='ocrx_word' id='word_1_994' title='bbox 3055 5524 3150 5578; x_wconf 79' lang='grc' dir='ltr'>νῦν</span> <span class='ocrx_word' id='word_1_995' title='bbox 3187 5526 3314 5578; x_wconf 79' lang='grc' dir='ltr'>ἰδεῖν</span> <span class='ocrx_word' id='word_1_996' title='bbox 3346 5521 3445 5592; x_wconf 81' lang='grc' dir='ltr'>τὴν</span> 
     </span>
    </p>
   </div>
   <div class='ocr_carea' id='block_1_127' title="bbox 1851 5599 3445 5684">
    <p class='ocr_par' dir='ltr' id='par_1_127' title="bbox 1851 5599 3445 5684">
     <span class='ocr_line' id='line_1_127' title="bbox 1851 5599 3445 5684; baseline -0.003 -20"><span class='ocrx_word' id='word_1_997' title='bbox 1851 5613 2133 5684; x_wconf 86' lang='grc' dir='ltr'>Βηθλεέμ,</span> <span class='ocrx_word' id='word_1_998' title='bbox 2184 5611 2314 5665; x_wconf 79' lang='grc' dir='ltr'>ἐνθα</span> <span class='ocrx_word' id='word_1_999' title='bbox 2365 5599 2576 5682; x_wconf 73' lang='grc' dir='ltr'>τεχθεὶς</span> <span class='ocrx_word' id='word_1_1000' title='bbox 2626 5611 2822 5682; x_wconf 86' lang='grc' dir='ltr'>ἐτέθη,</span> <span class='ocrx_word' id='word_1_1001' title='bbox 2872 5610 3171 5680; x_wconf 79' lang='grc' dir='ltr'>οὐδαμόθεν</span> <span class='ocrx_word' id='word_1_1002' title='bbox 3223 5607 3445 5661; x_wconf 73' lang='grc' dir='ltr'>ἄλλοθεν</span> 
     </span>
    </p>
   </div>
   <div class='ocr_carea' id='block_1_128' title="bbox 1851 5691 3448 5768">
    <p class='ocr_par' dir='ltr' id='par_1_128' title="bbox 1851 5691 3448 5768">
     <span class='ocr_line' id='line_1_128' title="bbox 1851 5691 3448 5768; baseline -0.005 -17"><span class='ocrx_word' id='word_1_1003' title='bbox 1851 5697 1964 5751; x_wconf 81' lang='grc' dir='ltr'>ἀλλ’</span> <span class='ocrx_word' id='word_1_1004' title='bbox 2011 5697 2045 5768; x_wconf 79' lang='grc' dir='ltr'>ἢ</span> <span class='ocrx_word' id='word_1_1005' title='bbox 2093 5697 2342 5750; x_wconf 80' lang='grc' dir='ltr'>ἐντεῦθεν</span> <span class='ocrx_word' id='word_1_1006' title='bbox 2380 5697 2560 5767; x_wconf 90' lang='grc' dir='ltr'>μόνον.</span> <span class='ocrx_word' id='word_1_1007' title='bbox 2596 5695 2788 5758; x_wconf 78' lang='grc' dir='ltr'>Ἀλλος</span> <span class='ocrx_word' id='word_1_1008' title='bbox 2839 5695 2997 5750; x_wconf 76' lang='grc' dir='ltr'>πάλιν</span> <span class='ocrx_word' id='word_1_1009' title='bbox 3036 5695 3130 5747; x_wconf 70' lang='grc' dir='ltr'>καὶ</span> <span class='ocrx_word' id='word_1_1010' title='bbox 3179 5691 3271 5745; x_wconf 78' lang='grc' dir='ltr'>τὸν</span> <span class='ocrx_word' id='word_1_1011' title='bbox 3322 5710 3448 5745; x_wconf 89' lang='grc' dir='ltr'>και-</span> 
     </span>
    </p>
   </div>
   <div class='ocr_carea' id='block_1_129' title="bbox 1855 5772 3446 5853">
    <p class='ocr_par' dir='ltr' id='par_1_129' title="bbox 1855 5772 3446 5853">
     <span class='ocr_line' id='line_1_129' title="bbox 1855 5772 3446 5853; baseline -0.006 -19"><span class='ocrx_word' id='word_1_1012' title='bbox 1855 5782 1963 5853; x_wconf 84' lang='grc' dir='ltr'>ρὸν,</span> <span class='ocrx_word' id='word_1_1013' title='bbox 2017 5781 2074 5833; x_wconf 84' lang='grc' dir='ltr'>ἐν</span> <span class='ocrx_word' id='word_1_1014' title='bbox 2216 5779 2410 5851; x_wconf 70' lang='grc' dir='ltr'>ἔμελλε</span> <span class='ocrx_word' id='word_1_1015' title='bbox 2457 5779 2900 5851; x_wconf 85' lang='grc' dir='ltr'>παραγίνεσθαι,</span> <span class='ocrx_word' id='word_1_1016' title='bbox 2945 5777 3214 5848; x_wconf 78' lang='grc' dir='ltr'>ἐδήλωσεν</span> <span class='ocrx_word' id='word_1_1017' title='bbox 3271 5773 3446 5837; x_wconf 79' lang='grc' dir='ltr'>οὕτως</span> 
     </span>
    </p>
   </div>
   <div class='ocr_carea' id='block_1_130' title="bbox 1854 5854 3446 5934">
    <p class='ocr_par' dir='ltr' id='par_1_130' title="bbox 1854 5854 3446 5934">
     <span class='ocr_line' id='line_1_130' title="bbox 1854 5854 3446 5934; baseline -0.006 -16"><span class='ocrx_word' id='word_1_1018' title='bbox 1854 5861 2055 5919; x_wconf 79' lang='grc' dir='ltr'>εἰπών’</span> <span class='ocrx_word' id='word_1_1019' title='bbox 2121 5865 2245 5925; x_wconf 77' lang='grc' dir='ltr'>Οὐκ</span> <span class='ocrx_word' id='word_1_1020' title='bbox 2302 5863 2571 5934; x_wconf 72' lang='grc' dir='ltr'>ἐκλείψει</span> <span class='ocrx_word' id='word_1_1021' title='bbox 2640 5862 2841 5934; x_wconf 80' lang='grc' dir='ltr'>ἅρχων</span> <span class='ocrx_word' id='word_1_1022' title='bbox 2895 5862 2963 5929; x_wconf 81' lang='grc' dir='ltr'>ἐξ</span> <span class='ocrx_word' id='word_1_1023' title='bbox 3029 5859 3254 5928; x_wconf 79' lang='grc' dir='ltr'>Ἰούδα,</span> <span class='ocrx_word' id='word_1_1024' title='bbox 3302 5854 3446 5914; x_wconf 70' lang='grc' dir='ltr'>οὐδὲ</span> 
     </span>
    </p>
   </div>
  </div>
