4186 6326
275 413 390 468 81⁸7

273 550 356 601 de
387 544 660 616 femoribus
701 545 808 615 ejus
827 545 858 608 ,'
883 544 1041 597 donec
1080 543 1246 596 veniat
1275 523 1356 617 cui
1384 543 1660 612 repositum
1687 553 1794 608 est,
1824 553 1874 597 et

271 640 393 705 ipse
431 635 736 704 exspectatio
789 632 1024 688 Gentium
1055 649 1076 689 :
1103 634 1270 704 ligans
1315 635 1385 686 ad
1433 632 1628 686 vineam
1674 633 1872 703 pullum

269 743 451 792 suum,
475 735 522 780 ct
547 725 624 778 ad.
643 724 855 778 ltelicem
879 724 1079 794 pullum
1106 723 1414 797 asinwsuc.
1444 721 1657 776 Lavabit
1682 726 1736 776 in
1758 723 1872 777 uino

265 818 465 870 stolam
487 832 653 882 suam,
683 824 730 869 et
753 815 805 868 in
832 814 1079 885 sanguine
1103 829 1213 867 um
1234 809 1450 884 pallium
1474 829 1643 865 suum.
1669 810 1872 866 lucun-

268 910 447 960 diores
483 905 621 960 oculi
659 905 769 975 ejus
799 904 944 971 vino,
984 912 1030 956 et
1067 902 1386 956 candidiores
1411 902 1583 955 dentes
1605 901 1713 971 ejus
1742 902 1872 955 lacte

264 997 433 1068 (Gen.
461 997 551 1051 49.
583 995 650 1051 10
677 996 824 1066 42).
851 995 984 1050 Vide
1021 993 1159 1048 hanc
1186 994 1345 1048 etiam
1377 992 1708 1063 prophetiam
1737 1007 1870 1047 con-

265 1101 490 1156 gruere.
521 1085 654 1139 Nam
695 1093 823 1138 tunc
853 1084 1087 1148 advenit,
1116 1098 1238 1137 cum
1260 1083 1374 1152 jam
1403 1081 1696 1140 deﬁcerent
1721 1082 1870 1152 prin-

263 1177 657 1246 cipes-Iudaici
681 1218 696 1241 ,
740 1185 796 1230 et
841 1185 1053 1246 sceptro
1082 1176 1442 1232 Romanorum
1472 1174 1871 1229 subderentur:

260 1279 336 1324 et
378 1270 454 1324 sic
491 1269 810 1339 implebatur
836 1267 1117 1340 prophetia
1138 1309 1154 1334 ,
1181 1283 1301 1337 qua:
1325 1267 1452 1321 dicit
1476 1306 1491 1331 ,
1524 1264 1649 1320 Non
1673 1264 1872 1333 deﬁciet

263 1343 513 1428 princeps
539 1360 602 1412 de
626 1358 664 1412 Ι
668 1359 792 1424 uda,
824 1369 871 1412 et
900 1360 1008 1412 dua:
1033 1360 1096 1435 de
1125 1357 1399 1428 fautoribus
1427 1359 1558 1429 ejus,
1587 1357 1746 1411 donec
1782 1371 1869 1409 ve-

263 1452 425 1530 niat,
455 1452 538 1504 cui
570 1451 847 1520 repositum
888 1459 982 1515 est,
1024 1449 1095 1504 de
1142 1449 1356 1504 Christo
1381 1450 1584 1504 scilicet
1621 1449 1866 1518 loquens.

264 1540 411 1595 Nam
450 1543 629 1595 statim
658 1552 818 1611 atque
848 1550 1002 1595 natus
1027 1544 1138 1604 est,
1168 1549 1223 1595 et
1250 1541 1538 1610 descriptio
1564 1541 1652 1595 illa
1699 1539 1868 1609 prima

266 1633 414 1687 facta
461 1641 581 1698 est,
630 1633 1014 1701 imperantibus
1041 1632 1298 1685 Romanis
1339 1631 1644 1685 Judzeornm
1690 1629 1865 1700 genti,

266 1737 399 1776 cum
427 1737 520 1776 eos
543 1723 640 1777 sub
662 1723 866 1790 imperii
894 1725 974 1776 sui
992 1722 1176 1792 jugum
1199 1723 1450 1791 egissent.
1470 1722 1706 1792 Itemque
1726 1720 1867 1775 aliud

265 1815 605 1885 significatur
624 1815 703 1868 his
722 1815 917 1879 verbis,
941 1825 986 1867 et
1007 1814 1114 1882 ipse
1136 1815 1442 1883 exspectatio
1456 1811 1707 1866 Gentium.
1733 1810 1867 1865 Cum

261 1907 574 1960 advenisset
615 1907 787 1971 enim,
835 1920 1024 1959 omnes
1068 1905 1267 1960 Gentes
1309 1905 1550 1961 attraxit.
1594 1891 1864 1970 Herodes,

264 1997 456 2050 Jcsum
493 2005 672 2050 natum
702 1997 1014 2065 perquirens
1033 2036 1049 2062 ,
1072 2010 1276 2070 pueros
1296 2011 1361 2049 eo
1391 1996 1441 2048 in
1468 1995 1586 2049 loco
1615 1995 1868 2048 interem-

260 2098 465 2158 pturus
498 2097 649 2142 erat:
673 2098 726 2141 et
772 2103 947 2158 neque
991 2087 1094 2141 hoc
1137 2088 1400 2142 siluerunt
1429 2087 1702 2156 propheta:
1723 2127 1738 2149 ,
1771 2085 1866 2140 sed

264 2180 457 2232 multis
485 2187 639 2232 antea
667 2179 995 2247 temporibus
1024 2179 1385 2258 praedixerunt
1413 2178 1496 2231 his
1525 2179 1731 2232 verbis:
1756 2176 1868 2232 Vox

257 2271 324 2322 in
367 2269 531 2322 Rama
568 2271 745 2323 audita
769 2281 878 2334 est,
922 2273 1088 2324 luctus
1112 2313 1127 2336 ,
1171 2272 1322 2340 ﬂetus
1351 2280 1396 2324 et
1425 2272 1617 2324 clamor
1643 2271 1830 2342 multus
1848 2285 1868 2324 :

266 2361 474 2417 Rachel
491 2363 698 2431 plorans
723 2363 857 2429 filios
876 2379 1013 2426 suos,
1045 2354 1093 2415 et
1123 2362 1286 2415 noluit
1318 2363 1591 2427 consolari,
1619 2363 1736 2431 quia
1763 2343 1866 2415 non

261 2464 391 2508 sunt
428 2452 558 2524 (Jer.
587 2455 676 2508 δι.
709 2454 820 2523 15).
852 2454 932 2507 Ex
965 2454 1196 2523 Egypto
1224 2454 1491 2508 rediturus
1520 2463 1656 2519 erat,
1690 2466 1744 2507 et
1764 2453 1866 2508 hoc

263 2546 698 2614 praenuntiarunt
747 2544 988 2598 dicentes
1023 2563 1036 2597 :
1069 2543 1156 2597 Ea:
1203 2544 1434 2613 /Egypto
1478 2546 1650 2597 vocavi
1698 2545 1866 2612 ﬁlium

263 2655 442 2692 meum
463 2636 615 2707 (Osee
665 2638 751 2690 11.
783 2637 861 2708 1).
891 2636 1193 2706 Conspicua
1223 2638 1272 2690 in
1301 2638 1413 2691 loca
1442 2647 1698 2706 venturus
1725 2646 1861 2701 erat,

264 2738 329 2783 ut
368 2728 542 2781 statim
571 2728 641 2782 ibi
673 2728 821 2796 signa
860 2727 1063 2782 faceret
1091 2737 1145 2781 et
1169 2727 1418 2781 doceret:
1441 2736 1496 2781 et
1521 2727 1625 2781 hoc
1653 2741 1865 2797 quoque

262 2817 686 2888 praenuntiatum
735 2816 1024 2881 est;_audi
1071 2818 1211 2870 enim
1268 2816 1511 2869 llesaiam
1559 2816 1860 2870 dicentem:

262 2903 433 2976 Regio
457 2905 709 2970 Z:.bulon,
739 2915 873 2958 terra
901 2904 1256 2975 Nepltt/talim,
1287 2907 1526 2976 populus,
1553 2906 1641 2976 qui
1662 2905 1865 2958 sedebat

259 3000 320 3053 in
355 2998 584 3063 tenebris,
615 2999 737 3050 vidit
767 2999 931 3051 lucem
959 3015 1196 3067 magnam
1220 3014 1239 3051 :
1261 2999 1546 3063 sedentibus
1565 2999 1616 3049 in
1648 2998 1864 3050 tenebris

264 3102 320 3144 et
353 3092 405 3144 in
439 3093 618 3144 umbra
655 3091 830 3144 mortis
875 3091 968 3144 lux
992 3101 1102 3143 orta
1131 3101 1204 3144 est
1233 3089 1438 3158 (Hesai.
1469 3088 1522 3143 9.
1548 3091 1622 3159 1).
1661 3089 1864 3156 Quibus

259 3182 596 3252 signiﬁcatur
613 3181 871 3235 adventus
891 3180 1006 3248 ejus
1024 3182 1076 3233 in
1097 3181 1187 3234 illa
1208 3182 1343 3244 loca,
1367 3181 1604 3235 doctrina
1629 3197 1858 3251 quoque,

259 3274 500 3340 cognitio
521 3312 536 3338 ,
584 3287 741 3342 quam
771 3288 800 3324 a
831 3272 1102 3324 miraculis
1132 3282 1472 3339 acceperunt.
1517 3272 1722 3326 Deinde
1762 3273 1863 3326 alia

259 3379 526 3420 enarrans
566 3363 859 3429 miracula,
890 3363 1283 3431 ostendensque
1329 3363 1596 3431 quomodo
1644 3363 1863 3416 claudos

258 3453 570 3518 curaverit,
614 3467 786 3505 ctecos
816 3451 1103 3514 sanaverit,
1137 3461 1313 3504 mutos
1343 3451 1486 3520 loqui
1514 3451 1715 3516 fecerit,
1748 3452 1821 3504 ait
1847 3469 1860 3505 :

258 3543 414 3599 Tunc
442 3544 727 3612 aperientur
752 3541 888 3593 oculi
911 3557 1180 3605 caecorum,
1221 3549 1266 3594 et
1295 3557 1445 3594 aures
1465 3541 1738 3594 surdorum
1763 3558 1860 3593 au-

258 3635 407 3686 dient
452 3631 604 3700 (Hes.
634 3632 722 3684 35’.
747 3632 840 3700 5);
873 3631 1097 3699 aliisque
1135 3629 1492 3700 interpositis,
1525 3630 1665 3684 Tunc
1694 3632 1860 3698 saliet,

258 3723 460 3792 inquit,
488 3724 614 3777 sicut
640 3739 812 3776 cervus
841 3723 1071 3787 claudus,
1104 3732 1150 3775 et
1175 3722 1317 3775 clara
1341 3724 1432 3775 erit
1456 3738 1553 3777 vos;
1577 3723 1861 3777 balbutien-

260 3815 396 3866 tium
431 3811 541 3883 (Ib.
574 3827 621 3864 v.
655 3811 709 3877 6)
737 3828 750 3863 :
775 3811 917 3880 quod
950 3811 1153 3864 scilicet
1185 3827 1472 3880 numquam
1513 3812 1709 3866 factum
1739 3823 1856 3878 est,

257 3904 373 3958 nisi
403 3904 454 3956 in
483 3903 711 3956 adventu
734 3902 900 3956 illius.
945 3901 1230 3971 Signorum
1259 3903 1385 3956 item
1413 3903 1708 3972 aliquorum
1735 3919 1860 3973 spe-

257 3994 450 4049 ciatim
483 3993 842 4047 meminerunt
868 4008 882 4045 :
910 3992 1180 4060 ingressus
1208 4001 1291 4046 est
1319 3993 1461 4046 enim
1491 3993 1775 4061 aliquando
1807 3993 1860 4047 in

256 4085 524 4154 templum
546 4127 561 4150 ,
594 4095 654 4139 et
681 4086 828 4154 pueri
855 4085 1030 4138 adhuc
1057 4086 1350 4162 lactentes,
1396 4085 1861 4154 inexpeditamque

254 4178 442 4232 adhuc
475 4177 732 4231 habentes
760 4177 990 4246 linguam
1016 4178 1326 4231 cecinerunt
1350 4177 1402 4230 in
1432 4177 1579 4230 illum
1604 4179 1854 4247 hymnos,

254 4273 347 4326 sic
376 4270 634 4335 dicentes,
669 4268 919 4322 Hosanna
949 4271 1004 4321 in
1035 4269 1246 4322 excelsis
1267 4286 1286 4322 :
1308 4269 1593 4322 benedictus
1618 4272 1702 4339 qui
1728 4271 1860 4323 venit

253 4367 313 4415 in
341 4361 541 4414 nomine
557 4359 762 4412 Domini
784 4359 992 4429 (Matth.
1013 4360 1102 4413 2L
1126 4361 1179 4429 9)
1201 4360 1331 4414 :hoc
1353 4361 1518 4413 multo
1545 4371 1701 4413 antea
1725 4376 1861 4429 prze-

255 4453 477 4505 dixerat
501 4449 757 4518 propheta
779 4491 792 4514 ,
828 4448 911 4503 Ex
940 4466 1024 4502 ore
1045 4489 1062 4515 ,
1096 4451 1342 4517 inquiens
1361 4490 1376 4516 ,
1407 4451 1681 4518 infantium
1705 4461 1749 4504 et
1777 4452 1858 4503 la-

257 4542 501 4596 ctentium
542 4541 796 4611 perfecisti
845 4541 1078 4605 laudem,
1125 4550 1184 4592 ut
1222 4541 1454 4594 destruas
1504 4541 1764 4595 inimicum
1812 4551 1859 4595 et

255 4637 480 4688 ultorem
505 4631 727 4704 (Psalm.
749 4633 806 4687 8.
831 4632 908 4695 '5).
928 4632 1117 4687 Viden’
1134 4633 1401 4704 quomodo
1422 4642 1607 4688 contra
1626 4634 1856 4702 seipSam

255 4723 546 4779 decertans
593 4731 781 4777 natura
825 4723 1070 4791 opificem
1113 4724 1462 4792 praedicaret,
1507 4731 1561 4778 et
1600 4725 1857 4779 innocens

257 4824 416 4882 aetas,
461 4812 688 4866 necdum
736 4812 1069 4865 articulatam
1113 4828 1299 4867 vocem
1342 4815 1588 4869 emittere
1632 4814 1854 4884 valens,

258 4907 618 4978 apostolicam.
631 4905 1061 4975 prazdicationem
1091 4907 1386 4975 susciperet
1404 4908 1428 4960 ?

333 4999 387 5051 4.
427 4997 637 5050 Judwos
663 4998 888 5066 ingratos
915 5001 1024 5068 fore
1045 4997 1344 5066 prwdictum
1362 5008 1453 5051 est.
1477 5029 1547 5038 —
1567 4997 1702 5065 Quia
1725 5013 1852 5053 vero

257 5104 385 5145 cum
415 5088 616 5142 Judaeis
643 5088 928 5156 aliquando
955 5089 1230 5142 disserens
1271 5089 1340 5143 ob
1367 5089 1633 5159 ingratum
1664 5106 1850 5145 eorum

256 5181 498 5234 animum
537 5179 704 5232 multa
733 5179 1062 5233 subobscure
1093 5181 1242 5248 quiasi
1273 5181 1326 5233 in
1353 5181 1635 5250 aenigmate
1663 5191 1716 5236 et
1755 5197 1850 5250 pa-

257 5274 441 5328 rabola
493 5271 809 5341 loquuturus
836 5283 970 5338 erat,
1020 5272 1249 5342 idipsum
1297 5288 1509 5349 quoque
1557 5274 1648 5328 diu
1694 5285 1850 5330 antea

259 5364 573 5435 praedictum
623 5371 705 5416 est
746 5379 760 5414 :
815 5361 1018 5432 Loquar
1071 5363 1435 5433 prepositiones
1481 5381 1512 5416 a
1555 5365 1852 5434 fundatione

255 5455 457 5520 mundi,
490 5453 723 5506 eructabo
770 5453 1063 5505 abscondita
1090 5453 1150 5504 ab
1193 5453 1337 5505 initio
1375 5453 1598 5521 (Psalm.
1635 5455 1722 5507 77.
1769 5456 1848 5525 2).

253 5544 399 5611 Quin
425 5552 479 5598 et
505 5544 819 5613 sapientiam
849 5544 966 5611 ejus
997 5543 1050 5596 in
1093 5543 1461 5598 concionando
1490 5545 1663 5614 longis
1693 5556 1849 5600 antea

251 5633 590 5702 temporibus
639 5634 1001 5700 prtenuntians
1045 5633 1300 5701 propheta
1342 5633 1598 5688 diccbat:
1645 5633 1849 5700 Di/fusa

247 5733 327 5778 est
353 5726 517 5793 gratia
538 5724 590 5776 in
613 5723 759 5776 labiis
785 5724 882 5776 tuis
911 5723 1136 5796 (Psalm.
1162 5725 1251 5778 44.
1278 5727 1334 5794 5)
1361 5743 1373 5778 :
1405 5735 1462 5781 et
1486 5726 1623 5779 alius
1651 5726 1846 5781 iterum

247 5813 555 5884 propheta:
589 5815 720 5872 Ecce
745 5816 989 5888 intelliget
1026 5834 1152 5887 puer
1177 5834 1335 5886 meus,
1365 5829 1410 5872 et
1439 5819 1765 5886 exaltabitur,
1795 5830 1841 5875 et

857 428 1132 486 CONTRA
1171 429 1457 487 JUDEOS
1493 432 1581 488 ET
1620 431 1981 502 GENTILES,
2023 435 2209 503 QUOD
2245 437 2576 500 CHRISTUS
2613 445 2722 503 SIT
2759 447 2961 506 DEUS.
3003 400 3011 406 -

1983 538 2373 641 gloriﬁaabitur,
2415 565 2464 606 et
2504 554 2652 610 valde
2689 558 2918 616 sublimis
2945 538 3039 616 erit
3085 563 3288 633 (Hesai.
3319 567 3411 623 52.
3453 558 3567 641 i3).

1987 635 2264 692 Adventus
2311 650 2489 696 autem
2536 645 2705 714 ipsius
2748 650 3007 718 praetora
3051 663 3198 724 gesta
3237 673 3360 714 cum
3401 635 3572 731 signis

1977 730 2146 795 edita,
2161 736 2315 801 quasi
2328 736 2662 805 compendio
2683 755 2965 807 eilarrans,
2987 747 3178 797 iterum
3200 749 3245 801 is
3264 750 3383 819 ipse
3400 730 3558 806 drxtt:

1975 820 2207 890 Spiritus
2223 823 2434 889 Domini
2455 845 2610 916 super
2631 847 2732 892 me.
2750 831 3030 901 propt'Erea
3049 839 3200 891 unxit
3221 855 3324 916 nte,
3345 859 3566 916 evange-

1974 913 2078 966 liza
2087 933 2142 968 re
2151 917 2472 986 pauperibus
2490 912 2629 975 misit
2642 941 2724 977 me
2738 939 2755 977 :
2769 927 3063 994 praedicare
3073 912 3564 998 captivis-immissio-

1971 1024 2109 1072 nem,
2135 1017 2186 1061 et
2205 1010 2357 1061 carcis
2375 1011 2518 1063 visus
2548 1008 2935 1070 restitutionem
2958 1018 3162 1082 (Hesai.
3182 1022 3273 1074 61.
3301 1029 3379 1090 ι).
3406 1019 3562 1088 0υά-

1969 1099 2114 1152 niam
2134 1097 2307 1177 Judaei
2329 1110 2407 1154 tot
2424 1101 2492 1154 ab
2521 1116 2588 1154 eo
2605 1102 2884 1158 beneficiis
2904 1106 3083 1161 affecti
3103 1108 3304 1166 frustra
3324 1122 3563 1168 temere-

1967 1201 2075 1255 qtte
2100 1189 2276 1271 ipsum
2313 1191 2614 1243 aversaturi
2644 1201 2824 1250 erant.
2846 1195 2973 1248 licet
2992 1211 3118 1250 eum
3139 1214 3239 1253 nec
3254 1200 3309 1265 in
3336 1216 3559 1271 magno,
3637 1191 3639 1194 ﬁ

1976 1279 2077 1320 nec
2097 1267 2155 1320 in
2188 1283 2354 1336 parvo
2397 1283 2620 1339 possent
2643 1289 2892 1346 arguere,
2921 1280 3051 1336 illud
3103 1299 3317 1354 quoque
3361 1267 3561 1358 priedi-

1975 1365 2120 1410 ctum
2147 1358 2282 1414 fuit:
2313 1362 2436 1416 audi
2458 1364 2716 1421 Davidem
2745 1368 2846 1424 hoc
2876 1371 3051 1441 ipsum
3077 1377 3460 1436 vaticinantem
3482 1383 3571 1439 his

1974 1449 2155 1542 verbis
2193 1467 2209 1505 τ
2241 1450 2370 1506 Cum
2409 1453 2490 1520 iis,
2536 1457 2624 1526 qui
2650 1459 2863 1516 oderant
2907 1481 3104 1533 pacem,
3131 1485 3268 1522 eram
3300 1445 3566 1542 paciﬁcus,

1974 1555 2088 1631 cum
2114 1540 2352 1606 loquebar
2378 1545 2519 1631 illis,
2541 1548 2911 1631 impugnabant
2934 1573 3013 1611 me
3039 1561 3202 1628 gratis
3235 1540 3548 1631 (Psalaﬂ9

1977 1628 2052 1701 7).
2082 1633 2252 1687 Asino
2297 1645 2484 1692 vectus
2517 1626 2866 1710 ingressurus
2890 1658 3005 1700 erat
3028 1626 3324 1718 civitatem,
3356 1664 3408 1709 ct
3439 1632 3568 1711 illud

1975 1736 2188 1789 quoque
2226 1722 2431 1793 jamdiu
2468 1733 2882 1796 pramuntiatum
2913 1735 3087 1792 fuerat
3131 1755 3162 1793 a
3201 1741 3455 1801 Zacharia
3491 1747 3572 1801 sic

1974 1811 2232 1904 loquente
2270 1833 2286 1869 :
2337 1816 2520 1874 Gaude
2557 1823 2792 1890 multum,
2842 1827 2954 1894 ﬁlia
2984 1828 3155 1895 Sion;
3186 1834 3430 1900 prtedica,
3460 1838 3572 1904 ﬁlia

1973 1900 2261 1989 Jerusalem
2303 1922 2323 1960 :
2349 1925 2463 1963 ecce
2485 1928 2578 1966 rex
2602 1922 2718 1967 tuus
2743 1917 2873 1969 venit
2925 1919 3014 1970 tibi
3043 1933 3352 1990 mansuetus,
3404 1900 3572 1982 vectus

1971 2010 2129 2087 supra
2167 1999 2486 2069 subjugalent
2532 2015 2579 2056 et
2625 2006 2822 2075 pullum
2853 2009 3094 2079 juvenem
3152 2013 3339 2082 (Zaclt.
3388 2017 3442 2071 9.
3488 2018 3569 2087 9).

1977 2084 2143 2154 Ejecit
2169 2089 2462 2146 vendentes
2487 2095 2764 2151 columbas
2797 2109 2850 2152 et
2877 2103 3288 2171 nummularios,
3315 2110 3457 2176 quod
3481 2084 3572 2166 ille

1972 2175 2201 2232 faciebat
2240 2182 2358 2236 zelo
2405 2184 2598 2241 domus
2642 2190 2854 2245 Domini
2883 2193 3094 2261 ductus,
3127 2207 3180 2251 ct
3207 2209 3264 2252 ut
3291 2175 3449 2257 simul
3476 2219 3570 2258 os-

1972 2268 2218 2325 tenderet
2253 2287 2311 2325 se
2339 2290 2445 2329 non
2471 2292 2591 2332 esse
2612 2284 2949 2336 Contrarium
2981 2286 3111 2351 Deo,
3139 2289 3233 2342 sed
3263 2306 3386 2346 cum
3413 2292 3573 2349 Patre

1973 2364 2395 2420 consentientem
2422 2385 2436 2420 :
2460 2383 2625 2436 quare
2649 2370 2866 2426 domum
2895 2375 3220 2442 vindicabat,
3253 2383 3396 2449 quod
3428 2383 3481 2436 in
3504 2401 3568 2439 ea

1973 2449 2278 2520 hujusmodi
2309 2459 2596 2525 negotiatio
2621 2460 2771 2515 fieret
2798 2479 2814 2517 :
2859 2481 3032 2533 neque
3060 2467 3163 2522 hoc
3187 2470 3404 2526 silentio
3427 2489 3569 2541 prae-

1974 2545 2276 2598 tertnissum
2307 2555 2407 2612 est,
2442 2549 2538 2604 sed
2566 2551 2795 2620 idipsum
2827 2556 3082 2624 propheta
3115 2559 3279 2614 David
3310 2564 3568 2620 vaticina—

1976 2641 2060 2687 tus
2089 2645 2190 2699 est,
2214 2646 2267 2689 et
2293 2653 2394 2705 qua
2425 2649 2602 2695 mente
2624 2641 2763 2698 hanc
2785 2657 3096 2714 sumpturus
3111 2650 3398 2707 vindictam
3415 2665 3562 2709 esset

1975 2727 2351 2792 prtennntiavit
2389 2727 2572 2785 dicens
2617 2749 2630 2785 :
2679 2732 2834 2787 Zelus
2876 2735 3056 2790 domus
3101 2747 3201 2792 tua:
3237 2744 3454 2796 comedit
3493 2761 3571 2799 me

1975 2817 2194 2887 (Psalm.
2224 2819 2310 2873 68.
2346 2821 2455 2891 10).
2482 2822 2618 2889 Quid
2660 2824 2764 2880 hoc
2796 2828 3132 2884 manifestius
3157 2829 3363 2887 fuerit?
3400 2834 3570 2890 Futu-

1970 2925 2087 2962 rum
2111 2920 2224 2964 crat
2249 2923 2304 2962 ut
2335 2914 2670 2979 proderetur,
2702 2925 2756 2970 et
2783 2934 2985 2973 mensa:
3010 2922 3152 2976 illius
3182 2939 3408 2979 consors
3437 2943 3566 2995 pro-

1971 3000 2228 3054 ditionem
2255 3004 2470 3056 faceret.
2500 3005 2630 3059 Vide
2652 3010 2922 3076 quomodo
2946 3011 3048 3066 hoc
3077 3013 3236 3067 etiam
3262 3017 3570 3084 pra>dixerit

1971 3091 2057 3145 hic
2084 3092 2199 3158 ipse
2224 3095 2479 3161 propheta
2506 3095 2693 3151 dicens
2717 3116 2730 3151 :
2765 3099 2866 3165 Qui
2891 3101 3067 3154 edebat
3089 3121 3248 3173 panes
3269 3123 3427 3172 meos,
3460 3125 3570 3161 ma-

1968 3182 2227 3252 gniﬁcavit
2262 3200 2415 3251 super
2441 3202 2520 3238 me
2559 3187 3026 3257 supplantationem
3065 3192 3287 3264 (Psalm.
3318 3197 3407 3252 40.
3437 3200 3526 3268 10)
3552 3217 3568 3264 ;

1970 3272 2334 3327 animadverte
2379 3274 2505 3328 item
2560 3280 2903 3348 evangelista:
2957 3287 3413 3341 consonantiam:
3468 3290 3570 3356 Qui

1970 3363 2195 3425 intinait,
2226 3365 2415 3432 inquit,
2446 3382 2642 3419 mecum
2674 3382 2878 3422 manum
2913 3389 3060 3425 suam
3081 3374 3134 3427 in
3160 3377 3352 3442 catino,
3387 3379 3468 3431 hic
3492 3397 3570 3433 me

1972 3452 2132 3504 tradet
2163 3452 2374 3525 (Matt/1.
2403 3455 2496 3508 26.
2520 3456 2636 3524 >23).
2665 3457 2781 3512 Non
2817 3460 2975 3514 modo
3006 3463 3231 3518 traditur
3263 3466 3353 3521 ille
3392 3468 3568 3537 ipsum

1970 3544 2275 3611 proditurus
2301 3554 2436 3612 erat,
2470 3547 2562 3600 sed
2585 3549 2744 3603 etiam
2771 3553 3087 3621 sanguinem
3114 3558 3406 3624 pretiosum
3437 3576 3568 3615 ven-

1969 3633 2198 3697 diturus,
2232 3645 2455 3704 accepta
2487 3653 2580 3705 pro
2603 3638 2702 3693 hac
2729 3656 2787 3693 re
2814 3645 3039 3710 pecunia
3066 3661 3080 3697 :
3122 3663 3296 3717 neque
3326 3651 3459 3705 illud
3483 3662 3569 3706 ta-

1969 3722 2077 3776 cuit
2121 3725 2398 3792 propheta,
2438 3727 2532 3781 sed
2581 3729 2908 3798 impudentia
2944 3734 3152 3790 illorum
3183 3749 3333 3806 pacta
3362 3751 3419 3796 et
3447 3758 3566 3798 ser-

1969 3830 2156 3869 mones
2185 3856 2200 3881 ,
2249 3832 2385 3885 quos
2417 3818 2554 3873 inter
2607 3835 2667 3874 se
2711 3821 3108 3894 conferebant,
3153 3833 3356 3887 retulit.
3411 3833 3567 3906 [Nam

1968 3905 2059 3960 ille
2083 3907 2314 3974 dicebat,
2353 3909 2489 3975 Quid
2513 3912 2663 3965 vultis
2703 3914 2826 3966 nti/ti
2866 3917 3009 3981 dare,
3053 3927 3100 3971 et
3126 3935 3217 3989 ego
3243 3924 3380 3977 vobis
3414 3905 3566 3980 illum

1967 3997 2210 4060 tradam;
2251 4000 2337 4053 isti
2387 4017 2516 4054 vero
2547 4005 2961 4072 responderunt,
3007 4007 3241 4079 Triginta
3279 4026 3562 4085 argenteos.
3597 4015 3599 4018 ⁴

1968 4089 2025 4142 in
2053 4092 2334 4158 aenigmate
2361 4093 2490 4147 dicit
2518 4094 2582 4166 ¹,]
2610 4094 2752 4149 Deus
2791 4098 2995 4151 laudem
3043 4119 3205 4155 meam
3230 4121 3292 4158 ne
3321 4112 3559 4176 tacueris,

1965 4181 2084 4250 quia
2123 4197 2178 4235 os
2208 4187 2484 4250 peccatoris
2529 4195 2575 4238 et
2621 4203 2676 4239 os
2706 4187 2873 4240 dolosi
2911 4207 3065 4260 super
3091 4210 3171 4246 me
3212 4207 3444 4265 apertum
3489 4212 3565 4255 est

1966 4272 2191 4331 (Psalm.
2228 4277 2350 4330 108.
2382 4277 2456 4344 1).
2490 4277 2537 4330 ls
2566 4278 2681 4346 ipse
2708 4283 2950 4348 proditor
2972 4284 3188 4339 demum
3215 4289 3285 4342 ob
3316 4299 3462 4346 tanta
3485 4292 3561 4345 fa-

1968 4363 2150 4417 cinora
2199 4366 2432 4434 seipsum
2481 4368 2775 4436 damnans,
2808 4387 2929 4426 cum
2976 4387 3260 4445 argenteos
3311 4382 3558 4450 proiecit,

1965 4462 2076 4507 tum
2110 4455 2174 4508 ad
2207 4457 2450 4525 laqueum
2483 4473 2726 4524 currens,
2760 4464 2831 4516 ita
2862 4465 3027 4519 vitam
3055 4467 3285 4524 clausit:
3314 4473 3559 4528 viduam-

1963 4559 2069 4612 que
2115 4561 2360 4612 uxorem,
2407 4559 2462 4602 et
2508 4551 2644 4604 filios
2683 4555 2914 4622 pupillos
2945 4558 3196 4627 reliquit,
3228 4561 3558 4634 domumque

1963 4634 2254 4690 desertam.
2287 4639 2419 4693 Vide
2455 4642 2724 4709 quomodo
2769 4653 2825 4698 et
2855 4646 2993 4700 hanc
3034 4649 3396 4707 calamitatem
3447 4664 3532 4711 tra

1963 4726 2079 4818 gice
2123 4729 2380 4796 propheta
2411 4733 2728 4798 prfenuntiet
2759 4733 2842 4789 his
2881 4738 3059 4792 verbis
3090 4757 3105 4794 :
3135 4738 3296 4795 Fiant
3319 4744 3417 4811 filii
3444 4748 3560 4818 ejus

1963 4817 2202 4885 orpltani,
2229 4828 2274 4871 et
2297 4835 2426 4872 uxor
2450 4823 2558 4886 eius
2582 4823 2736 4876 vidua
2762 4836 3035 4881 :nutantes
3063 4835 3441 4902 transferantur
3459 4817 3558 4903 ﬁlii

1962 4908 2089 5000 ejus,
2108 4918 2155 5000 et
2169 4909 2438 5000 ejiciantur
2457 4911 2519 4965 de
2534 4913 2922 4993 habitationibus
2938 4921 3042 4972 suis
3057 4921 3075 4990 (
3085 4921 3230 4976 Psal.
3254 4925 3558 5000 108.9.10).

1961 4997 2088 5050 Post
2111 4999 2256 5052 illum
2284 4999 2531 5055 Matthias
2552 5001 2722 5059 factus
2749 5015 2832 5060 est
2850 5010 3144 5076 apostolus,
3168 5022 3223 5067 et
3249 5013 3351 5070 hoc
3373 4997 3552 5085 ipsum

1961 5090 2049 5143 ille
2077 5091 2326 5159 praefatus
2347 5103 2427 5147 est
2455 5093 2538 5148 his
2567 5096 2746 5152 verbis
2771 5117 2786 5152 :
2810 5097 3174 5168 Epismpatum
3201 5107 3313 5170 eius
3337 5109 3558 5178 accipiat

1960 5184 2086 5235 alter
2112 5182 2216 5254 (Ib.
2251 5201 2298 5238 v.
2335 5186 2413 5257 8).
2450 5187 2669 5252 Tradito
2697 5198 2752 5244 et
2777 5195 3173 5263 comprehenso
3199 5198 3327 5254 Jesu
3355 5201 3558 5259 libente

1958 5290 2021 5328 ac
2047 5279 2279 5340 volente,
2308 5288 2551 5333 coactum
2585 5293 2667 5335 est
2692 5283 2980 5338 concilium
3009 5287 3288 5356 iniquitate
3311 5292 3554 5360 plenum,

1958 5366 2262 5422 Judazorum
2305 5371 2463 5424 simul
2502 5386 2566 5425 ac
2607 5372 2898 5435 Gentilium
2947 5394 2960 5429 :
3017 5378 3141 5432 vide
3180 5371 3452 5447 quomodo
3502 5386 3555 5440 id

1957 5459 2116 5512 etiam
2151 5460 2456 5527 prmdixerit
2485 5463 2745 5530 propheta
2777 5463 2963 5518 dicens
2993 5484 3006 5519 :
3044 5468 3217 5531 Quare
3243 5471 3557 5536 fremuerunt

1959 5547 2161 5614 Gentes,
2209 5563 2252 5604 et
2292 5553 2474 5620 populi
2518 5554 2745 5606 meditati
2783 5565 2902 5609 sunt
2944 5557 3117 5611 inania
3157 5559 3329 5630 (Psal.
3370 5563 3425 5615 2.
3461 5563 3558 5636 i)?

2019 5707 2034 5738 ¹
2072 5716 2182 5763 Quae
2205 5708 2495 5777 clauduntur
2511 5710 2588 5760 hic
2604 5713 2794 5777 uncinis
2815 5727 3049 5777 nusquam
3079 5716 3321 5768 habentur
3341 5722 3387 5769 in
3415 5730 3554 5772 textu

1953 5775 2144 5878 ᾖ·ῗὲλῖ
2195 5782 2286 5818 nec
2329 5775 2376 5819 in
2420 5774 2636 5829 Editmne
2676 5775 2815 5825 savii.
2859 5774 2951 5824 Sed
2995 5778 3073 5828 illa
3122 5792 3266 5832 vetus
3309 5789 3556 5845 lnterpres

2007 5844 2069 5892 δι
2150 5865 2164 5879 .
