4186 6326
668 412 779 468 819

671 523 859 594 Neque
881 533 1088 579 tantum
1119 522 1218 577 ista
1265 521 1711 591 pramuntiarunt,
1756 519 1854 573 sed
1895 518 2056 572 etiam
2098 517 2258 572 silen-

673 617 829 683 tium,
853 615 994 686 quod
1015 615 1196 669 multis
1215 614 1411 668 habitis
1439 612 1806 677 sermonibus,
1830 611 2130 679 oblatisque
2155 612 2264 664 cri-

674 708 1056 764 minationibus
1079 706 1170 762 ille
1195 706 1462 770 servabat,
1509 704 1759 775 praedixit
1784 703 2005 759 Hesaias
2030 702 2116 756 his
2139 715 2264 756 ver-

672 799 801 856 bis:
833 799 983 856 Sicut
1008 799 1114 852 ovis
1141 798 1211 852 ad
1233 798 1539 853 occisionem
1562 796 1746 850 ductus
1772 803 1865 859 est,
1885 803 1938 847 et
1957 788 2265 860 sicut‘agnus

668 906 847 945 coram
872 888 1109 944 tondente
1132 898 1322 954 mutus,
1354 889 1429 942 sic
1454 903 1557 940 non
1573 886 1778 954 aperuit
1795 900 1855 937 es
1884 899 2033 952 suum
2055 880 2261 953 (Hesai.

674 983 766 1037 55.
797 980 877 1052 7).
905 980 1096 1035 Postea
1127 987 1440 1047 corruptum
1457 976 1721 1046 judicium
1747 973 2052 1037 declamas,
2075 970 2144 1024 In
2171 972 2267 1024 bu-

672 1072 907 1137 uu'litats,
949 1069 1146 1140 inquit,
1188 1069 1446 1139 judicium
1486 1068 1598 1138 ejus
1635 1063 2037 1128 sublatunrest;
2076 1061 2132 1116 id
2153 1072 2264 1126 est,

673 1161 853 1217 nullus
881 1159 948 1214 de
978 1159 1095 1227 ipso
1119 1159 1264 1227 justo
1304 1141 1584 1227 judicavit.
1615 1153 1817 1210 Deinde
1854 1167 2074 1208 causam
2104 1152 2267 1206 cadis

675 1251 951 1321 patefacit.
980 1249 1115 1304 Nam
1141 1249 1266 1320 quia
1306 1263 1414 1302 non
1458 1234 1797 1317 peccatorum
1840 1257 2059 1298 suorum
2103 1255 2267 1296 causa

672 1357 870 1414 passus
887 1351 988 1407 est,
1020 1341 1328 1409 inculpatus
1347 1339 1494 1394 enim
1526 1347 1581 1392 et
1610 1336 1863 1390 innoxius
1883 1343 2021 1398 erat,
2053 1333 2148 1386 sed
2173 1346 2267 1400 pro

673 1432 860 1490 mundi
892 1433 1047 1488 malis
1078 1432 1305 1486 traditus
1331 1440 1451 1494 est;
1500 1429 1625 1484 vide
1654 1428 1924 1498 quomodo
1964 1425 2079 1478 haec
2107 1424 2268 1478 ambo

674 1525 1132 1589 subindicaverit,
1158 1538 1280 1577 cum
1309 1521 1444 1575 dixit
1480 1538 1493 1573 :
1549 1520 1650 1587 Qui
1692 1522 1953 1588 peccatum
1978 1531 2083 1569 non
2124 1515 2264 1586 fecit,

673 1635 768 1673 nec
790 1609 1019 1672 iuventus
1047 1624 1118 1669 est
1155 1615 1305 1669 dolus
1328 1615 1381 1667 in
1402 1630 1488 1667 ore
1514 1614 1624 1682 ejus
1667 1610 1870 1680 (Hesai.
1907 1609 1996 1664 55;
2027 1607 2088 1678 9)
2129 1625 2142 1659 :
2173 1621 2269 1676 per

675 1713 782 1765 hoc
826 1711 968 1765 enim
1009 1709 1164 1777 cujus
1190 1709 1266 1762 rei
1297 1721 1456 1761 causa
1483 1705 1695 1759 occisus
1738 1704 1809 1756 sit
1832 1701 2144 1756 declaravit.
2174 1699 2270 1753 Se-

677 1801 859 1869 quitur
881 1807 938 1853 et
964 1798 1067 1850 alia
1094 1811 1257 1851 causa
1285 1813 1297 1849 :
1340 1795 1448 1848 Pro
1463 1793 1837 1861 iniquitatibus,
1871 1791 2060 1861 inquit,
2093 1790 2270 1859 populi

677 1892 777 1944 mei
804 1890 1109 1943 admonens
1138 1887 1272 1940 uenit
1310 1883 1514 1955 (Hesai.
1543 1886 1632 1939 55.
1673 1883 1754 1955 5).
1786 1882 1972 1952 Neque
1995 1897 2127 1935 vero
2154 1869 2272 1934 tan-

680 1990 796 2035 tum
815 1994 1035 2033 causam
1061 1977 1248 2042 caedis,
1273 1975 1368 2031 sed
1384 1977 1545 2030 etiam
1567 1975 1692 2043 quid
1715 1974 1854 2028 lucri
1875 1989 1940 2028 ex
1954 1987 2113 2027 cruce
2132 1980 2184 2025 et
2205 1986 2270 2025 ex

683 2070 833 2124 cazde
858 2069 954 2123 illa
966 2067 1256 2122 accesserit
1269 2065 1554 2121 ostendere
1566 2065 1775 2129 volens,
1790 2063 1911 2116 vide
1930 2061 2199 2131 quomodo
2218 2060 2270 2114 id

675 2149 1000 2233 prainuntiet
1041 2159 1122 2212 his
1152 2157 1368 2212 verbis:
1406 2155 1593 2209 Omnes
1625 2156 1753 2230 sicut
1789 2170 1902 2208 oues
1944 2153 2223 2207 movimus
2245 2166 2266 2204 :

679 2224 829 2305 immo
857 2252 912 2304 in
939 2251 1019 2303 via
1043 2266 1137 2303 sua
1177 2249 1426 2302 abas-abit
1450 2264 1468 2300 :
1491 2224 1764 2316 disciplina
1795 2246 1934 2316 pacis
1962 2253 2147 2298 nostra
2188 2260 2275 2296 su-

674 2359 766 2413 per
803 2357 916 2396 eunt
940 2357 958 2395 :
985 2342 1141 2394 livore
1178 2343 1291 2409 ejus
1315 2337 1407 2392 n‘os
1433 2354 1609 2392 omnes
1633 2337 1800 2391 sanati
1827 2352 2022 2388 sumus.
2053 2333 2263 2388 Deinde

673 2436 1007 2504 quia'pmuas
1029 2432 1205 2486 daturi
1231 2440 1385 2486 erant
1400 2430 1571 2484 ,ιυᾱωί
1593 2429 1910 2498 ﬂagitiorum
1939 2426 2263 2496 hujusmodi,

675 2526 804 2580 illud
827 2540 1039 2595 quoque
1065 2524 1300 2579 declarat
1327 2523 1468 2576 idem
1495 2520 1752 2590 propheta
1782 2534 1903 2573 cum
1926 2519 2054 2572 dicit
2077 2535 2091 2570 :
2121 2515 2268 2570 Dabo

675 2617 932 2686 improbos
975 2630 1068 2684 pro
1110 2615 1370 2682 sepultura
1400 2613 1531 2682 ejus,
1573 2621 1619 2665 et
1645 2611 1820 2664 diuites
1861 2627 1952 2680 pro
1977 2620 2136 2663 morte
2161 2610 2272 2677 ejus

674 2708 798 2776 (Id.
843 2723 894 2761 υ.
938 2707 1027 2773 9).
1060 2705 1265 2759 Rursus
1294 2703 1459 2757 David
1485 2718 1606 2757 cum
1635 2702 1874 2764 dixisset,
1905 2701 2218 2769 Abjiciamus
2237 2716 2270 2752 a

677 2797 1019 2867 nobisjugum
1047 2798 1274 2865 ipsorum
1302 2795 1474 2865 (Psal.
1503 2795 1568 2865 ‘2.
1598 2796 1678 2864 3),
1708 2779 1923 2864 adjecit,
1955 2795 2056 2859 Qui
2082 2795 2272 2847 habitat

680 2889 890 2943 ἰιιιαειὶι
909 2888 1137 2953 irridebit
1167 2873 1249 2942 eos
1274 2904 1291 2941 :
1315 2897 1432 2941 tunc
1457 2889 1684 2958 loquetur
1710 2887 1777 2939 ad
1799 2903 1882 2940 eos
1901 2889 1954 2939 in
1977 2888 2055 2938 ira
2079 2903 2192 2951 sua,
2225 2897 2272 2940 et

681 2981 738 3034 in
753 2982 929 3048 furore
955 2995 1047 3032 suo
1069 2978 1384 3054 conturbabit
1411 2995 1494 3031 eos
1518 2993 1536 3030 :
1559 2977 1751 3047 quibus
1771 2976 2032 3046 signiﬁcat
2063 2976 2274 3054 disper-

682 3069 885 3125 sionem
907 3053 1104 3122 eorum
1120 3083 1215 3137 per
1241 3077 1408 3123 totum
1429 3077 1690 3122 terrarum
1709 3067 1893 3121 orbem
1913 3083 1928 3131 ;
1953 3067 2094 3136 quod
2111 3053 2272 3122 etiam

683 3162 796 3232 ipse
836 3157 1079 3214 Christus
1121 3160 1175 3221 in
1212 3160 1513 3228 Evangeliis
1541 3159 1819 3214 declarans
1863 3146 2115 3213 dicebai:
2166 3159 2272 3214 Eos

675 3265 847 3309 autem
866 3252 953 3321 qui
983 3267 1062 3304 nte
1086 3252 1354 3305 noluerunt
1377 3267 1590 3322 regnare
1617 3267 1767 3321 super
1789 3266 1862 3316 se,
1892 3251 2124 3304 abducite
2148 3251 2267 3319 huc,

676 3349 728 3394 et
766 3343 978 3395 occidite
1021 3358 1106 3395 eos
1155 3341 1316 3412 (Luc.
1338 3327 1426 3396 19.
1470 3341 1584 3409 27).
1629 3340 1895 3394 Praeterea
1919 3340 1986 3395 de
2013 3340 2162 3395 cxcde
2186 3341 2270 3394 lo-

677 3433 852 3506 quuti,
881 3433 1099 3487 modum
1126 3436 1244 3500 ejus
1273 3448 1379 3487 non
1409 3433 1695 3498 siluerunt,
1724 3431 1816 3486 sed
1846 3433 1994 3485 illum
2021 3432 2274 3486 indicavit

681 3525 844 3579 David
886 3526 956 3578 ita
1010 3519 1236 3594 loquens
1276 3543 1290 3580 :
1341 3524 1606 3578 Foderunt
1645 3540 1824 3579 manus
1863 3539 2002 3578 meas
2031 3533 2077 3577 et
2121 3525 2272 3594 pedes

672 3630 835 3679 meos,
879 3614 1319 3668 dinumeraoerunt
1340 3614 1512 3666 omnia
1534 3629 1648 3667 ossa
1671 3629 1783 3666 mea
1819 3609 2270 3681 (Ρε.21.17;18);

678 3719 780 3759 nec
808 3704 1141 3772 iniquitatem
1169 3711 1290 3773 post
1326 3711 1555 3758 mortem
1586 3712 1969 3771 consequutam
2010 3702 2268 3757 reticuit:

677 3808 802 3848 nam
847 3792 1021 3847 dicit:
1067 3792 1357 3846 Diuiserunt
1403 3791 1498 3845 sibi
1526 3793 1816 3868 vestimenta
1861 3807 1993 3856 mea,
2032 3800 2079 3844 et
2119 3807 2272 3862 super

677 3892 860 3938 uestem
888 3900 1053 3937 meam
1078 3885 1322 3937 miserunt
1348 3892 1532 3936 sortem
1562 3881 1738 3952 (Psal.
1760 3881 1852 3937 21.
1878 3883 1992 3952 19).

752 3971 1032 4042 Sepultum
1079 3971 1266 4026 Christi
1288 3971 1860 4043 praedium—Deinde
1902 3975 2042 4047 quod
2087 3974 2268 4044 sepule

680 4075 818 4121 tum
841 4066 1130 4121 tradendus
1156 4074 1304 4121 esset
1329 4064 1614 4138 declaravit
1641 4065 1722 4119 his
1741 4065 1918 4120 verbis
1943 4085 1956 4120 :
1982 4065 2271 4121 Posuerunt

678 4176 758 4216 tlte
800 4164 856 4214 in
898 4159 1016 4213 lacu
1059 4158 1290 4228 inferiori
1310 4199 1325 4224 ,
1355 4157 1409 4210 in
1431 4158 1698 4211 tenebrosis
1727 4167 1773 4211 et
1797 4158 1851 4211 in
1888 4159 2068 4211 umbra
2096 4159 2269 4212 mortis

678 4249 855 4321 (Psal.
883 4251 973 4305 87.
1008 4250 1097 4319 7).
1145 4249 1278 4302 Cum
1317 4257 1495 4302 autem
1523 4257 1916 4303 resurrecturus
1943 4258 2119 4316 esset,
2149 4250 2270 4304 vide

679 4340 957 4411 quomodo
1006 4341 1109 4394 hoc
1153 4339 1521 4409 prmnuntiarit
1550 4356 1564 4393 :
1598 4337 1721 4392 Non
1772 4339 2121 4409 derelinques,
2159 4341 2267 4406 ait,

669 4436 910 4493 animum
928 4449 1090 4486 meam
1107 4432 1160 4484 in
1177 4429 1398 4502 inferno,
1425 4447 1511 4484 nec
1527 4430 1669 4484 dabis
1693 4441 1924 4484 sanctum
1943 4442 2084 4484 tuum
2103 4432 2272 4486 videre

681 4525 1056 4593 cbrruptionent
1104 4521 1274 4595 (Psal.
1301 4523 1390 4578 15.
1421 4522 1529 4592 10)
1564 4505 1595 4575 ί
1608 4522 1712 4576 alio
1741 4522 1866 4576 item
1897 4522 2056 4577 modo
2085 4522 2136 4577 id
2168 4522 2272 4577 He-

681 4617 824 4673 saias
851 4615 1089 4670 declarat
1120 4612 1232 4666 :\Et
1275 4612 1561 4676 Dominus,
1589 4613 1796 4683 inquit,
1846 4614 2013 4680 ipsum
2040 4613 2142 4666 uult
2171 4630 2269 4683 pu-

681 4707 887 4776 riﬁcare
907 4722 940 4758 a
960 4706 1110 4775 plaga
1124 4747 1138 4770 ,
1158 4705 1419 4758 ostendere
1439 4705 1483 4757 ei
1512 4707 1680 4758 lumen
1704 4746 1719 4770 ,
1742 4705 2028 4772 justiﬁcare
2052 4705 2268 4774 iustum,

682 4799 794 4865 quis
821 4797 995 4851 multis
1036 4797 1155 4849 bene
1192 4795 1376 4849 serviat
1423 4794 1630 4865 (Hesai.
1673 4795 1762 4849 55.
1811 4795 1899 4848 10.
1936 4792 2058 4866 11
2117 4791 2270 4859 Quod

683 4887 806 4955 ejus
841 4888 1019 4941 cades
1058 4895 1398 4955 peccatorum
1441 4887 1714 4940 hominum
1748 4886 1942 4939 solutio
1967 4885 2156 4952 fuerit,
2187 4885 2269 4939 id-

684 4980 857 5050 ipsum
884 4979 1042 5032 etiam
1066 4978 1316 5040 indicavit
1344 4979 1425 5031 his
1450 4979 1626 5031 verbis
1660 4997 1672 5031 :
1697 4977 1763 5030 Et
1789 4978 1895 5047 ipse
1915 4964 2273 5047 peccata-mul-

684 5081 852 5123 torum
903 5070 1014 5122 tulit
1043 5063 1220 5140 (ibid.
1277 5086 1325 5122 υ.
1373 5068 1486 5137 li).
1540 5069 1691 5136 Quod
1737 5069 2034 5122 homincsa
2065 5069 2269 5123 daemo-

683 5157 1126 5214 nibus'liberarit
1162 5178 1185 5214 ι
1208 5158 1274 5213 Et
1305 5159 1550 5228 fortium,
1598 5159 1809 5228 inquit,
1861 5159 2042 5212 dividet
2082 5161 2266 5227 spolia.

683 5249 837 5316 Quod
883 5249 1009 5303 illud
1053 5250 1225 5318 ipsum
1254 5264 1348 5318 per
1390 5248 1924 5313 mortem'elfecerit,
1954 5249 2005 5303 id
2037 5265 2141 5302 non
2187 5259 2269 5302 ta-

683 5341 828 5404 cuit,
859 5340 952 5394 sed
977 5341 1051 5394 ait
1082 5359 1104 5414 εἴ
1132 5339 1237 5393 Pro
1266 5357 1322 5394 eo
1347 5340 1482 5410 quod
1510 5342 1563 5393 in
1600 5351 1814 5394 mortem
1837 5342 2023 5394 tradita
2052 5351 2124 5394 est
2151 5323 2267 5393 ani-

682 5448 776 5491 ma.
794 5433 901 5500 ejus
927 5433 944 5501 (
968 5432 1131 5501 Ibid.)
1161 5422 1311 5498 Quod
1341 5433 1433 5486 toti
1463 5434 1577 5487 orbi
1617 5433 1984 5502 praeﬁciendus
2011 5444 2151 5488 esset
2191 5434 2268 5488 sic

683 5522 974 5577 declaravit
999 5541 1011 5575 :
1045 5525 1108 5576 Et
1139 5529 1247 5594 ipse
1275 5524 1549 5576 hereditate
1579 5525 1847 5592 possidebit
1874 5525 2055 5578 multos
2078 5524 2262 5594 (Ibid‘.)

685 5613 886 5668 Deinde
911 5607 1159 5684 quOniant
1203 5630 1322 5668 cum
1356 5614 1406 5667 iu
1435 5614 1698 5668 infernum
1725 5615 2120 5680 descendisset,
2145 5625 2267 5668 um-

684 5707 768 5759 nia
795 5706 1058 5769 turbavit,
1101 5709 1323 5775 strepitu
1363 5716 1520 5777 atque
1551 5708 1773 5762 tumultu
1819 5709 2061 5774 universa
2091 5710 2267 5778 reple-

689 5797 794 5863 vit,
821 5811 1107 5867 arcemque
1132 5796 1426 5864 destruxit;
1462 5800 1598 5853 hanc
1623 5814 1733 5854 rem
1758 5813 1862 5859 non
1895 5798 2105 5863 silentio
2130 5814 2267 5870 pra:—

1416 409 1477 464 S.
1507 405 1785 464 JOANNIS
1817 399 2296 461 CIIRYSOSTOMI
2336 403 2658 461 A-BCHIEP.
2684 405 3226 463 CONSTANTINOP.

3863 408 3968 468 890

2370 526 2600 584 tereuut,
2642 517 2740 572 sed
2786 519 2948 573 modo
2969 519 3135 574 David
3155 518 3326 576 dicit:
3353 520 3579 576 Attollite
3603 530 3790 591 portas.
3815 526 3962 592 πει-

2369 609 2506 679 cipes
2549 617 2761 674 uestras,
2788 619 2839 663 et
2862 609 3126 664 eleoamini
3155 621 3317 681 ρον-ιω
3342 618 3626 678 celeritates,
3654 622 3706 668 et
3740 613 3966 670 introibit

2367 715 2460 753 rea:
2477 699 2658 770 gloriae
2678 698 2852 768 (Psat.
2877 697 2966 754 25.
2996 697 3063 771 7)
3087 717 3103 766 ;
3131 701 3292 756 modo
3319 690 3541 758 llesaias
3565 703 3718 765 aliter
3734 745 3750 771 ,
3767 697 3974 759 ‘Portas'

2368 805 2531 843 meas
2553 781 2876 860 confringant
2905 831 2921 855 ,
2950 800 2998 844 et
3033 775 3194 846 vectes
3231 794 3422 863 ferreos
3447 803 3730 860 conteram,
3755 806 3804 850 et
3832 812 3965 867 ape-

2369 881 2501 933 riam
2522 879 2612 933 tibi
2637 882 2899 958 thesauros
2922 881 3226 946 tenebrosos,
3247 885 3491 958 occultos,
3509 884 3779 941 invisibiles
3798 896 3940 941 astat
3953 917 3967 924 -

2366 970 2492 1023 dam
2517 971 2606 1024 tibi
2632 956 2838 1042 (Hesai.
2867 972 2962 1026 45.
2991 971 3048 1043 2)
3079 991 3092 1027 :
3121 974 3198 1028 sic
3223 973 3500 1044 appellans
3523 975 3810 1031 infernum.
3830 977 3964 1032 Nam

2367 1061 2580 1116 etiamsi
2611 1062 2850 1117 infernus
2869 1073 3043 1129 esset,
3082 1075 3137 1118 at
3165 1075 3377 1120 sanctas
3397 1063 3602 1122 animas
3621 1077 3676 1124 et
3693 1084 3818 1124 vasa
3839 1085 3963 1141 pre-

2373 1141 2508 1209 tiosa
2563 1156 2839 1222 servabat,
2891 1172 3086 1228 nempe
3139 1159 3446 1228 Abraham,
3475 1160 3619 1216 Isaac
3665 1173 3720 1216 et
3758 1163 3962 1221 Jacob.

2370 1251 2658 1319 propterea
2693 1248 2976 1304 thesauros
3003 1251 3340 1321 appellabat,
3384 1253 3698 1308 tenebrosus
3739 1264 3960 1319 autem,

2373 1340 2494 1408 quia
2521 1340 2758 1395 nondum
2779 1340 2858 1395 sol
2882 1332 3104 1409 justiiize
3129 1342 3201 1396 ibi
3223 1342 3470 1408 fulserat,
3502 1360 3674 1421 neque
3694 1345 3761 1400 de
3781 1361 3964 1406 resur-

2371 1430 2609 1485 rectione
2634 1431 3036 1501 przedicaverat.
3059 1432 3214 1499 Quod
3239 1440 3360 1502 post
3389 1436 3837 1490 resurrectionem
3857 1453 3965 1491 non

2372 1536 2495 1576 cum
2522 1522 2727 1592 angelis
2757 1524 3092 1578 constiturus
3114 1533 3292 1591 esset,
3326 1541 3432 1580 non
3457 1540 3579 1580 cum
3608 1527 3964 1598 archangelis,

2375 1628 2481 1666 non
2509 1628 2631 1667 cum
2658 1613 2760 1666 alia
2792 1607 3245 1670 administratoria
3270 1616 3469 1670 virtute
3495 1658 3510 1682 ,
3538 1616 3633 1670 sed
3679 1617 3732 1670 in
3774 1616 3967 1672 throno

2374 1703 2522 1772 regio
2545 1717 2799 1757 sessurus
2820 1744 2836 1770 ,
2884 1705 3008 1758 audi
3035 1705 3308 1775 quomodo
3333 1706 3498 1760 David
3522 1705 3758 1762 declaret
3785 1724 3798 1760 :
3822 1707 3967 1762 Dixit

2376 1792 2624 1845 Dominus
2678 1782 2918 1847 Domino'
2948 1809 3091 1857 meo,
3135 1792 3272 1849 Sede
3311 1811 3344 1848 a
3383 1795 3574 1850 dextris
3622 1798 3779 1864 meis,
3811 1797 3968 1851 donec

2377 1901 2563 1953 ponam
2587 1885 2820 1938 inimicos
2861 1894 2972 1940 tuos
3008 1887 3287 1941 scabellum
3320 1888 3511 1957 pedum
3539 1897 3744 1942 tuorum
3772 1890 3792 1960 (
3819 1888 3964 1943 Psal.

2378 1974 2501 2029 409.
2530 1976 2606 2045 1).
2935 1976 2937 1978 ·

2455 2070 2508 2125 5.
2532 2067 2710 2123 Missio
2729 2072 2853 2124 item
2875 2067 3596 2139 apostolorum—Missum
3627 2080 3810 2140 postea
3853 2086 3971 2127 erat

2378 2158 2687 2226 apostolos,
2727 2167 2780 2212 et
2827 2159 2930 2213 hoc
2965 2160 3211 2228 praedixit
3258 2161 3482 2216 Hesaias
3517 2162 3701 2216 dicens
3741 2181 3755 2217 :
3800 2163 3967 2230 Quam

2380 2249 2591 2318 speciosi
2617 2249 2768 2318 pedes
2793 2250 3244 2319 euangelizandum
3269 2268 3445 2320 pacem
3468 2292 3483 2315 ,
3509 2238 3970 2322 euangelizandum

2376 2339 2510 2392 bona
2535 2340 2552 2407 (
2574 2338 2755 2392 Hesai.
2778 2340 2866 2394 52.
2897 2341 2976 2409 7).
3024 2342 3104 2394 En
3129 2340 3342 2410 qualem
3374 2340 3554 2397 laudat
3577 2344 3819 2412 corporis
3845 2359 3969 2411 par-

2379 2441 2521 2493 tem,
2572 2430 2768 2498 pedes,
2816 2431 2906 2500 qui
2961 2431 3080 2486 illos
3125 2433 3320 2501 ubique
3366 2435 3672 2501 portabant.
3719 2435 3802 2489 Ad
3858 2435 3974 2490 hare

2377 2507 2761 2574 commembrat
2793 2520 2957 2574 David
2986 2521 3254 2590 quomodo
3284 2523 3659 2591 praevaluerint
3699 2526 3929 2594 apostoli
3954 2566 3970 2587 ,

2378 2611 2564 2665 dicens
2589 2630 2602 2666 :
2632 2610 2884 2665 Dominus
2909 2613 3047 2665 dabit
3073 2612 3276 2666 uerbum
3307 2614 3764 2683 euangelizantibus
3789 2616 3976 2671 virtuts

2378 2703 2538 2755 multa
2571 2701 2766 2776 (Ρωιᾷ
2787 2703 2876 2756 67.
2907 2703 3018 2773 12).
3045 2703 3159 2756 Νοη
3180 2686 3323 2757 enim
3353 2705 3514 2758 armis
3533 2746 3548 2770 ,
3574 2719 3678 2759 non
3711 2707 3974 2773 pecuniis,

2379 2807 2485 2845 non
2515 2793 2708 2846 robore
2738 2792 2980 2860 corporis
3004 2833 3019 2856 ,
3055 2808 3162 2846 non
3195 2793 3536 2848 exercituum
3564 2795 3735 2862 c0piis
3755 2803 3777 2856 ,‘
3799 2810 3976 2864 neque

2341 2873 2344 2876 ’
2376 2884 2480 2936 alio
2504 2882 2664 2935 simili
2695 2883 2857 2936 modo
2895 2892 3252 2951 superarunt,
3299 2883 3395 2937 sed
3423 2884 3591 2938 verbo
3617 2885 3884 2953 simplici,
3915 2895 3968 2939 et

2376 2974 2600 3029 multam
2632 2973 2865 3029 habente
2901 2976 3162 3052 virtutem
3184 3016 3199 3040 ,
3236 2974 3614 3029 miraculorum
3641 2978 3839 3045 'nempe
3881 2993 3976 3030 os-

2378 3074 2605 3120 tentum.
2655 3065 2985 3120 Crucilixum
3018 3068 3166 3121 enim
3197 3065 3584 3136 prmdicantés’,
3617 3078 3673 3123 et
3719 3071 3977 3124 miracula

2379 3165 2655 3224 patrautes
2675 3196 2691 3220 ,
2721 3157 2802 3211 sic
2818 3158 3008 3218 orbem
3041 3157 3389 3226 subegerunt.
3421 3156 3547 3212 ideo
3571 3160 3647 3212 ait
3675 3176 3690 3212 :
3722 3159 3978 3214 Dominus

2377 3245 2744 3300 dabit-uerbum
2785 3247 3244 3317 euangelizantibus
3273 3244 3456 3302 virtute
3477 3249 3669 3315 multa,
3701 3251 3781 3305 sic
3807 3251 3979 3306 mira-

2377 3339 2494 3393 cula
2521 3353 2740 3394 vocans.
2759 3339 3206 3394 Nam‘inelfabilis
3230 3340 3400 3394 virtus
3439 3349 3576 3407 erat,
3609 3342 3934 3411 piscatorem
3953 3385 3968 3408 ,

2380 3432 2723 3501 publicanum
2745 3474 2773 3503 ,_
2804 3434 3154 3487 tentoriorum
3201 3419 3479 3503 opiﬁcem,
3525 3435 3641 3489 solo
3702 3446 3980 3505 praecepto

2378 3532 2620 3577 moctuos
2658 3523 2945 3594 suscitare,
2977 3525 3250 3581 dzemones
3275 3526 3539 3596 expellere
3563 3567 3580 3593 ,
3603 3537 3833 3582 mortem
3856 3530 3978 3583 abi-

2376 3627 2540 3680 gere,
2573 3612 3014 3684 philosophorum
3058 3615 3290 3684 linguam
3341 3615 3650 3681 refrenare,
3690 3617 3975 3673 rhetorum

2377 3718 2470 3758 ora
2497 3691 2797 3769 consuere,
2821 3720 2975 3775 reges
3003 3692 3066 3759 ac
3099 3697 3370 3776 principes
3397 3707 3612 3761 vincere
3636 3749 3650 3770 ,
3682 3706 3931 3763 barbaris
3959 3751 3975 3772 ,

2373 3793 2614 3861 ϐιηθεὶς,
2661 3796 2913 3864 omnique
2956 3795 3156 3849 nationi
3197 3777 3483 3865 imperare.
3524 3798 3592 3851 Et
3627 3797 3873 3866 apposite
3900 3801 3983 3854 sic

2376 3883 2627 3954 loquutus
2652 3894 2771 3940 est:
2796 3899 2920 3939 nam
2946 3877 3062 3940 haec
3087 3884 3268 3940 omnia
3297 3873 3463 3941 verbo
3489 3887 3582 3941 illo
3609 3887 3974 3955 perfecerunt,

2377 3985 2432 4029 et
2456 3975 2655 4030 virtute
2684 3978 2848 4031 multa
2883 3986 3123 4032 mortuos
3150 3978 3202 4032 in
3246 3978 3396 4033 vivos
3439 3985 3747 4046 mutarunt,
3781 3993 3976 4052 pecca-

2380 4077 2525 4128 tores
2553 4069 2603 4124 in
2625 4067 2800 4136 iustos
2822 4108 2837 4132 ,
2863 4082 3036 4124 caecos
3061 4070 3113 4122 in
3143 4068 3386 4124 videntes
3405 4109 3420 4133 ,
3451 4069 3669 4124 morbos
3693 4079 3974 4125 naturaet

2377 4161 2570 4213 anima:
2614 4161 2904 4228 nequitiam
2936 4161 3285 4229 expellentes.
3316 4159 3516 4214 Deinde
3543 4159 3683 4229 quod
3711 4161 3822 4213 hac
3859 4162 3976 4214 vir-

2380 4264 2465 4307 tus
2491 4253 2598 4307 illis
2622 4267 2650 4306 a
2677 4252 2878 4321 Spiritu
2909 4261 3095 4306 sancto
3116 4251 3428 4313 accederet,
3463 4249 3588 4304 hinc
3613 4248 3925 4304 declaratur
3957 4269 3970 4304 :

2379 4346 2612 4415 Spiritu,
2642 4345 2852 4414 inquit,
2897 4354 3071 4397 sancto
3118 4342 3294 4412 repleti
3319 4350 3462 4396 erant
3493 4341 3642 4409 (Act.
3667 4342 3723 4396 2.
3753 4340 3824 4412 4)
3856 4358 3873 4406 ;
3919 4352 3974 4398 et

2379 4440 2478 4493 viri
2510 4438 2668 4492 simul
2693 4445 2852 4506 atque
2881 4436 3133 4490 mulieres
3156 4427 3564 4504 prophetabant.
3586 4434 3801 4505 Lingua:
3828 4436 3973 4504 ignis

2377 4527 2543 4581 forma
2591 4528 2721 4580 visae
2763 4520 3016 4580 sederunt
3054 4541 3214 4594 supra
3258 4539 3688 4595 unumquemque
3729 4538 3923 4581 eorum
3958 4545 3971 4580 :

2376 4626 2429 4672 et
2455 4617 2557 4671 hoc
2581 4616 2697 4671 Joel
2728 4616 2818 4670 diu
2861 4624 2984 4670 ante
3021 4615 3394 4685 przenuntiavit
3421 4615 3606 4670 dicens
3635 4633 3649 4668 :
3689 4614 3972 4680 Effundam

2376 4709 2438 4760 de
2459 4708 2656 4776 Spiritu
2684 4723 2792 4759 meo
2829 4723 2982 4774 super
3008 4723 3207 4760 omnem
3231 4723 3434 4759 carnem
3452 4747 3467 4770 ,
3496 4715 3546 4759 et
3590 4707 3967 4777 prophetabssnt

2377 4802 2473 4869 ﬁlii
2494 4801 2676 4864 vestri,
2721 4811 2767 4853 ct
2805 4801 2928 4870 filiae
2965 4810 3140 4854 vestrm
3176 4801 3396 4854 uisiones
3419 4801 3691 4865 uidebunt,
3719 4809 3766 4854 et
3789 4801 3972 4855 adole-

2376 4901 2563 4945 scentes
2591 4891 2740 4943 vestri
2765 4892 2958 4949 somnia
2985 4891 3303 4944 somniabunt
3335 4907 3354 4944 :
3375 4900 3422 4943 et
3448 4889 3651 4959 quidem
3679 4907 3829 4962 super
3853 4907 3972 4946 ser-

2371 4997 2462 5034 uos
2491 4998 2656 5046 meos,
2685 4990 2731 5034 et
2771 4997 2924 5049 super
2969 4981 3182 5034 ancillas
3221 4980 3519 5051 effundant,
3544 4982 3837 5050 priusquam
3889 4999 3974 5037 ue-

2377 5075 2482 5125 niat
2524 5072 2630 5124 dies
2662 5071 2866 5124 Domini
2911 5087 3124 5141 magnus
3174 5080 3221 5123 et
3261 5069 3677 5141 illustris(Joel.
3697 5070 3752 5124 2.
3793 5070 3866 5124 23
3903 5071 3920 5141 )
3956 5089 3968 5123 :

2376 5178 2624 5232 magnum
2655 5173 2712 5215 et
2740 5163 3000 5215 illustrem
3044 5160 3243 5215 vocans
3268 5160 3411 5216 diem
3437 5161 3699 5215 adventus
3733 5159 3973 5229 Spiritus

2376 5255 2582 5320 sancti,
2613 5262 2847 5307 nec‘n‘on
2891 5269 3010 5308 eum
3032 5295 3047 5318 ,
3098 5254 3189 5324 qui
3228 5255 3283 5307 in
3311 5254 3770 5308 consummatione
3793 5267 3972 5307 saecu-

2378 5344 2550 5397 lorum
2573 5343 2783 5397 futurus
2811 5353 2912 5397 est.
2960 5342 3104 5399 Idem
3134 5339 3404 5413 vero'ipse
3438 5342 3690 5412 propheta
3736 5343 3970 5398 salutem

2377 5446 2470 5504 per
2500 5426 2657 5488 ﬁdem
2709 5436 3109 5503 prmnuntians,
3159 5449 3331 5503 neque
3371 5435 3512 5489 enim
3562 5435 3708 5488 illam
3757 5436 3967 5500 tacuit,

2375 5526 2448 5578 ait
2480 5542 2493 5576 :
2524 5525 2589 5578 Et
2620 5527 2746 5590 erit,
2773 5527 2934 5578 omnis
2963 5528 3372 5594 qui.inuocaverit
3396 5541 3575 5580 nomen
3601 5510 3832 5591 Domini,
3855 5528 3968 5582 sal—

2373 5633 2461 5668 vus
2484 5618 2574 5668 erit
2601 5615 2620 5685 (
2645 5615 2782 5668 Ibid.
2807 5633 2852 5669 υ.
2888 5617 2998 5685 32).

2446 5707 2498 5761 6.
2535 5707 2717 5761 Petrus
2743 5718 2791 5762 et
2820 5707 3017 5760 Paulus
3035 5707 3234 5778 regibus
3260 5710 3498 5779 majores.
3520 5738 3592 5748 ——
3620 5707 3826 5777 Ubique
3857 5717 3964 5763 ter-

2377 5815 2557 5858 rarum
2583 5815 2860 5871 praecones
2884 5799 3072 5870 mittit,
3102 5815 3165 5856 ac
3187 5808 3346 5856 nemo
3370 5810 3453 5856 est
3478 5800 3604 5870 quin
3626 5801 3803 5855 audiat
3821 5814 3963 5868 pra:-
