4178 6324
691 489 1243 564 προαναπεφώνηται.
1298 492 1496 545 Ἀκουε
1541 489 1650 564 γὰρ
1694 489 1788 544 τοῦ
1825 488 1990 543 Δαυτδ
2028 489 2283 558 λέγοντος

690 575 849 631 τοῦτο
873 575 968 630 καὶ
992 575 1446 648 προφητεύοντος·
1476 579 1580 642 Εἰς
1602 574 1812 629 πᾶσαν
1826 573 1944 642 τὴν
1966 573 2084 644 γῆν
2103 572 2288 642 ἐξῆλ-

690 662 796 714 θεν
835 665 867 714 ό
894 663 1155 731 φθόγγος
1184 657 1404 724 αὐτῶν,
1441 660 1538 712 καί
1567 660 1653 724 εἰς
1694 657 1767 711 τὰ
1795 658 2022 725 πέρατα
2055 653 2165 723 τῆς
2200 657 2285 709 οἰ·-

689 744 994 814 κουμένης
1027 743 1099 796 τὰ
1131 741 1372 812 ῥήματα
1412 741 1632 796 αὐτῶν.
1667 736 1800 794 Εἶτα
1830 741 2044 804 δεικνὺς
2083 740 2176 793 καὶ
2203 739 2285 792 ὃτι

691 829 831 900 μετὰ
865 829 1113 895 ἐξουσίας
1144 829 1462 899 ἐκήρυττον,
1495 827 1591 880 καὶ
1617 826 1724 880 τῶν
1747 824 1817 879 τά
1854 826 2157 897 διαδήματα
2187 842 2287 878 πε-

689 913 1098 984 ριϐεϐλημένων
1149 911 1512 983 δυνατώτεροι
1557 907 1720 982 ἦσαν,
1773 909 2010 980 ἀλλαχοῦ
2052 910 2216 963 πάλιν
2257 911 2286 962 ὁ

685 999 846 1062 αὐτὸς
903 998 1084 1067 λέγει·
1132 997 1552 1063 Καταστήσεις
1601 996 1824 1061 αὐτοὺς
1856 995 2158 1064 ἄρχοντας
2186 993 2286 1047 ἐπὶ

686 1082 894 1138 πᾶσαν
931 1083 1047 1152 τὴν
1085 1082 1223 1152 γῆν.
1256 1082 1379 1134 Ὅτι
1417 1081 1473 1134 δὲ
1519 1079 1614 1135 καὶ
1645 1079 1910 1149 βασιλέων
1957 1078 2160 1148 μᾶλλον
2190 1079 2286 1132 καὶ

684 1169 962 1238 ἀρχόντων
1020 1168 1304 1236 κρείττους
1355 1165 1602 1236 ὑπῆρχον
1646 1163 1853 1236 Πέτρος
1904 1164 2000 1215 καὶ
2045 1160 2281 1228 Παῦλος,

682 1252 832 1322 δηλοῖ
863 1252 925 1304 τὰ
960 1250 1286 1322 πράγματα.
1315 1249 1377 1302 Οί
1403 1248 1534 1317 γοῦν
1561 1247 1671 1300 τῶν
1707 1245 1974 1318 βασιλέων
2001 1246 2159 1316 νόμοι
2189 1247 2284 1301 καὶ

684 1335 901 1400 ζώντων
923 1336 1104 1389 αὐτῶν
1126 1333 1508 1398 καταλύονται,
1539 1335 1586 1385 οί
1608 1332 1665 1385 δέ
1688 1331 1798 1384 τῶν
1828 1331 2031 1386 ἁλιέων
2057 1331 2282 1384 ἐκείνων

683 1420 778 1473 καὶ
814 1419 1200 1473 ἀποθανόντων
1241 1418 1525 1485 πεπήγασι
1562 1416 1658 1470 καὶ
1694 1416 1951 1486 μένουσιν
1997 1414 2278 1486 ἀκίνητοι,

681 1503 776 1558 καὶ
815 1503 988 1557 ταῦτα
1020 1504 1115 1557 καὶ
1152 1502 1425 1572 δαιμόνων
1468 1501 1563 1554 καὶ
1594 1497 1886 1570 συνηθείας
1909 1497 2152 1568 χρονίου,
2187 1500 2282 1551 καὶ

682 1587 879 1649 κακίας
902 1587 994 1639 καὶ
1017 1585 1209 1657 ἡδονῆς
1234 1584 1328 1638 καί
1346 1584 1558 1656 μυρίων
1581 1582 1784 1652 ἐτέρων
1809 1581 2282 1651 ἐπιχειρησάντων

683 1671 880 1734 αὐτοὺς
898 1671 1000 1722 ἀνα
1009 1667 1320 1740 μοχλεῦσαι.
1342 1667 1532 1736 Δηλῶν
1552 1667 1608 1719 δὲ
1625 1664 1789 1724 πάλιν
1810 1665 1892 1737 δτι
1911 1665 2280 1730 καταστάντες

682 1756 941 1826 ἄρχοντες
971 1755 1126 1806 αὐτοὶ
1149 1754 1212 1824 δὴ
1240 1744 1388 1804 οὗτοι
1415 1749 1713 1821 ἐπέραστοι
1746 1749 1883 1803 πᾶσι
1914 1750 2009 1803 καὶ
2040 1748 2282 1802 ποθεινοὶ

681 1838 914 1902 ἔσονται,
950 1837 1199 1907 ἐπήγαγε
1237 1834 1436 1903 λέγων,
1472 1833 1578 1886 Διὰ
1614 1833 1793 1887 τοῦτο
1825 1833 1962 1886 λαοὶ
1996 1831 2284 1899 ἐξομολο-

680 1921 975 1989 γήσονταί
1007 1935 1108 1974 σοι
1135 1921 1224 1985 εἰς
1259 1920 1368 1972 τὸν
1395 1915 1604 1979 αἰῶνα,
1655 1915 1958 1980 τουτέστιν,
1993 1911 2147 1986 [566]
2194 1915 2282 1966 εὑ-

680 2003 1076 2076 χαριστήσουσί
1124 2018 1234 2063 σοι,
1291 2001 1387 2054 καὶ
1434 2001 1595 2072 χάριν
1637 1999 1876 2052 εἴσονται
1927 1997 2152 2066 πολλὴν,
2200 1997 2280 2050 ὅτι

681 2087 958 2149 τοιούτους
992 2087 1261 2156 ἄρχοντας
1286 2084 1514 2146 ἔδωκας.
1554 2083 1679 2136 Ὅτι
1706 2081 1762 2135 δὲ
1793 2082 1889 2134 καὶ
1924 2080 1984 2134 τὸ
2015 2083 2281 2151 κήρυγμα

682 2170 962 2239 πανταχοῦ
1008 2169 1302 2242 κρατήσει,
1364 2165 1934 2238 προαναπεφὼνηται.
1993 2165 2138 2235 Ὅρα
2187 2165 2281 2218 τὸν

682 2255 848 2308 Δαυῖδ
878 2253 1039 2306 τοῦτό
1085 2271 1163 2306 σοι
1210 2251 1566 2323 παρίστῶντα
1612 2251 1678 2303 δι’
1713 2243 1787 2302 ὧν
1822 2249 2280 2318 λέγει·Αἵτησαι

681 2342 827 2410 παρ’
851 2339 1018 2410 ἐμοῦ,
1054 2338 1149 2390 καί
1190 2335 1363 2389 δώσω
1396 2352 1495 2388 σοι
1539 2335 1685 2401 ἔθνη
1721 2334 1836 2402 τὴν
1867 2337 2283 2403 κληρονομίαν

681 2442 820 2484 σου,
847 2423 943 2477 καί
969 2422 1084 2489 τὴν
1111 2419 1490 2488 κατάσχεσιν
1511 2433 1628 2472 σου
1651 2417 1723 2470 τὰ
1752 2417 1980 2485 πέρατα
2006 2416 2115 2486 τῆς
2147 2417 2278 2487 γῆς.

682 2510 792 2560 Καὶ
828 2506 991 2560 πάλιν
1037 2503 1274 2572 ἀλλαχοῦ
1309 2503 1499 2572 ἕτερος
1549 2502 1842 2572 προφήτης
1883 2501 2018 2570 φησὶ
2051 2501 2110 2553 τὸ
2151 2503 2283 2554 αὐτὸ

680 2592 884 2660 δηλῶν·
919 2587 1349 2656 Πλησθήσεται
1384 2588 1422 2654 ἡ
1455 2587 1755 2654 σύμπασα
1798 2584 1877 2654 γῆ
1911 2584 2019 2638 τοῦ
2059 2585 2282 2654 γνῶναι

681 2677 789 2729 τὸν
819 2675 1058 2742 Κύριον,
1092 2673 1175 2737 ὠς
1209 2671 1366 2738 ὕδωρ
1395 2669 1553 2724 πολὺ
1593 2669 2017 2737 κατακαλύψαι
2051 2668 2281 2722 θαλάσ-

681 2777 818 2825 σας.
845 2760 1046 2811 Σκόπει
1074 2757 1172 2810 καὶ
1201 2755 1263 2808 τὸ
1295 2754 1516 2808 εὔκολον
1542 2754 1644 2821 τῆς
1670 2753 1919 2823 ὑπακοῆς
1942 2771 1955 2784 ·
1983 2755 2067 2807 Οὐ
2086 2753 2173 2822 μὴ
2196 2752 2282 2806 δι-

682 2845 949 2908 δάξωσιν
988 2841 1248 2905 ἕκαστος
1291 2838 1400 2892 τὸν
1438 2838 1708 2904 πλησίον
1747 2837 1957 2901 αὐτοῦ,
2012 2838 2108 2889 καὶ
2145 2837 2282 2890 ἕκα-

681 2944 827 2994 στος
849 2927 956 2979 τὸν
972 2923 1242 2993 ἀδελφὸν
1262 2921 1447 2976 αὑτοῦ
1470 2920 1681 2990 λέγων,
1703 2919 1896 2974 Γνῶθι
1919 2920 2025 2973 τὸν
2040 2921 2279 2987 Κύριον,

680 3012 770 3065 ὅτι
806 3009 1031 3074 πάντες
1051 3006 1376 3074 εἰδήσουσί
1387 3022 1464 3075 με
1491 3006 1612 3059 ἀπὸ
1640 3002 1852 3072 μικροῦ
1875 3002 1989 3067 ἕως
2007 3001 2281 3072 μεγάλου

681 3094 900 3149 αὐτῶν.
934 3093 1006 3144 Τὸ
1035 3091 1277 3163 ἀρραγές
1298 3089 1396 3159 τῆς
1426 3087 1774 3159 Ἐκκλησίας·
1807 3087 2026 3140 Ἔσται
2050 3087 2120 3140 ἐν
2148 3087 2282 3153 ταῖς

680 3179 969 3247 ἐσχάταις
993 3175 1242 3244 ἡμέραις
1263 3172 1526 3242 ἐμφανὲς
1543 3171 1609 3225 τὸ
1635 3171 1773 3239 ὄρος
1789 3169 2034 3237 Κυρίου,
2055 3171 2154 3223 καὶ
2187 3171 2280 3223 ἐπ’

681 3263 868 3330 ἄκρον
901 3259 1020 3313 τῶν
1048 3257 1232 3327 ὀρέων
1269 3261 1302 3311 ό
1328 3253 1491 3321 οἶκος
1526 3255 1782 3322 Κυρίου..
1819 3253 1918 3306 καὶ
1953 3253 2281 3321 ὑψωθήσε-

679 3366 774 3400 ται
803 3344 1080 3413 ὑπεράνω
1104 3343 1222 3396 τῶν
1239 3340 1508 3406 βουνῶν,
1534 3339 1631 3392 καί
1658 3337 1920 3406 ἥξουσιν
1952 3337 2045 3390 ἐπ’
2079 3338 2226 3392 αὐτὸ
2253 3351 2279 3380 ι

681 3432 817 3486 λαοί
858 3428 1081 3483 πολλοὶ
1126 3427 1223 3480 καὶ
1263 3426 1410 3490 ἔθνη
1453 3421 1673 3476 πολλά.
1709 3423 1820 3475 Καὶ
1856 3421 1938 3473 ὅτι
1993 3421 2053 3473 ού
2104 3422 2279 3490 παγία

681 3515 835 3568 ἔσται
883 3513 1044 3584 μόνον
1081 3511 1178 3564 καὶ
1226 3509 1484 3578 ἀκίνητος
1539 3504 1635 3559 καὶ
1687 3504 1963 3578 ἀρραγὴς,
2007 3505 2141 3559 ἀλλὰ
2185 3507 2280 3560 καὶ

684 3600 885 3669 πολλὴν
929 3593 1292 3668 πρυτανεύσει
1337 3595 1404 3663 τῇ
1452 3591 1751 3661 οἰκουμένῃ
1796 3591 2046 3661 εἰρήνην,
2095 3592 2190 3643 καὶ
2221 3592 2278 3645 αἰ

685 3686 785 3755 μὲν
815 3681 957 3736 κατὰ
990 3681 1174 3743 πόλεις
1203 3675 1529 3748 πσλυαρχίαι
1569 3672 2044 3742 καταλυθήσονται
2093 3673 2187 3749 κα).
2223 3677 2277 3728 αἰ

687 3765 997 3837 μοναρχίαι,
1035 3763 1132 3833 μία
1158 3762 1214 3814 δέ
1246 3777 1330 3823 τις
1355 3759 1508 3811 ἔσται
1543 3755 1790 3827 βασιλεία
1820 3756 1901 3820 εἰς
1929 3758 2137 3819 πάντας
2173 3757 2277 3827 ἀρ-

683 3852 860 3911 θεῖσα,
899 3849 993 3903 καὶ⁸
1026 3847 1085 3900 τὸ
1110 3845 1271 3898 πλέον
1294 3844 1464 3912 αὐτῆς
1499 3843 1557 3894 ἐν
1581 3841 1772 3918 είρδήνῃ
1805 3839 1980 3906 ἔσται,
2017 3842 2077 3893 ού
2106 3839 2278 3893 καθά-

683 3951 790 4005 περ
833 3931 1143 4004 ἔμπροσθεν
1171 3945 1185 3959 ο
1211 3928 1288 3981 ’τὸ
1334 3928 1432 3997 μὲν
1479 3925 1591 4015 γὰρ
1643 3923 1876 4015 παλαιὸν
1908 3923 2276 4015 *χεέροτέχναι

686 4020 886 4080 πάντες
916 4016 1011 4068 καὶ
1047 4015 1276 4083 ῥήτορες
1300 4011 1442 4064 ὅπλα
1483 4009 1745 4072 ἐτίθεντο,
1776 4007 1874 4060 καὶ
1905 4007 2278 4078 ἐπΐπαρατά-

685 4097 820 4166 ξεως
871 4099 1238 4167 εἱστήκεσαν·
1290 4093 1386 4146 τοῦ
1432 4091 1669 4163 Χριστοῦ
1715 4091 1771 4144 δέ
1826 4091 2276 4162 παραγενομένου

685 4185 863 4238 πάντα
893 4183 1077 4236 ἐκεῖνα
1103 4177 1340 4247 διελύθη,
1372 4177 1467 4230 καὶ
1505 4176 1586 4237 εἰς
1616 4173 1781 4244 μέρος
1817 4173 2177 4244 διωρισμένον
2206 4173 2278 4226 τὰ

683 4268 792 4321 τῶν
822 4266 1074 4334 πολέμων
1106 4261 1371 4332 περιέστη
1397 4273 1410 4287 ⁸
1440 4259 1536 4312 καὶ
1561 4255 1720 4310 τοῦτο
1747 4255 1812 4327 δὴ
1853 4257 2142 4327 προφήτης
2180 4256 2277 4328 δη-

684 4352 790 4407 λῶν
823 4368 905 4412 τις
930 4349 1079 4416 ἔλεγε
1102 4364 1116 4378 ·
1147 4346 1255 4400 Καὶ
1282 4345 1672 4413 συγκόψουσι
1702 4341 1812 4407 τὰς
1835 4340 2138 4408 μαχαίρας
2166 4342 2276 4394 αὺ-

683 4433 803 4489 τῶν
835 4435 922 4498 είς
952 4431 1191 4499 ἄροτρα,
1231 4428 1329 4482 καί
1370 4428 1477 4491 τὰς
1514 4424 1752 4490 ᾇὸύνας
1787 4421 1989 4479 αὐτῶν
2029 4425 2116 4488 είς
2147 4423 2277 4492 δρέ-

683 4532 866 4580 πανα,
899 4515 996 4569 καὶ
1021 4515 1093 4568 οὐ
1125 4512 1384 4581 λήψεται
1405 4510 1582 4576 ἔθνος
1607 4507 1699 4561 ἐπ’
1736 4506 1913 4572 ἔθνος
1946 4506 2273 4576 μάχαιραν,

682 4602 784 4656 καὶ
810 4602 881 4655 οὐ
899 4598 985 4667 μὴ
1002 4596 1277 4667 μάθωσιν
1298 4595 1385 4673 ξτι
1407 4592 1714 4662 πολεμεῖν.
1740 4590 2016 4673 Πρότερον
2045 4590 2144 4661 μὲν
2167 4591 2276 4663 γὰρ

683 4687 743 4738 ἐν
771 4683 981 4750 τούτοις
1012 4679 1150 4745 ἔζων
1178 4671 1440 4740 ἅπαντες,
1471 4675 1589 4729 νυνὶ
1614 4675 1669 4728 δέ
1695 4673 1790 4726 καὶ
1816 4671 1916 4742 τῆς
1953 4673 2149 4744 τέχνης
2174 4675 2274 4726 αύ-

682 4768 783 4837 τῆς
815 4763 1160 4827 ἐπελάθοντο,
1202 4761 1398 4832 μᾶλλον
1425 4759 1482 4812 δὲ
1507 4760 1556 4813 οἰ
1582 4759 1802 4820 πλείους
1824 4755 1944 4809 οὐδὲ
1980 4756 2276 4824 ἐγεύσαντο

680 4854 780 4924 τὴν
809 4852 984 4924 ἀρχήν
1009 4864 1022 4878 ο
1061 4850 1110 4900 εἰ
1141 4847 1197 4900 δέ
1234 4861 1378 4908 τινες
1417 4845 1512 4897 καὶ
1545 4838 1684 4902 εἷεν.
1714 4843 1884 4910 ὀλίγοι
1930 4841 2025 4894 καὶ
2053 4842 2113 4894 ού
2150 4858 2277 4896 συν-

682 4940 825 5006 εχεῖς
857 4933 980 4988 οὐδὲ
1025 4925 1226 4994 πολλοὶ,
1275 4928 1463 4998 ὥσπερ
1509 4928 1566 4980 ἐν
1611 4927 1753 4998 ἀρχῇ
1791 4924 1938 4980 κατά
1971 4927 2076 4978 πᾶν
2125 4924 2276 4989 ἔθνος

687 5019 896 5090 μυρίων
940 5013 1363 5095 ἐπαναστάσεων
1395 5010 1716 5095 γινομένων.
1753 5007 1887 5095 Εἶτα
1921 5009 2137 5095 δεικνύς
2179 5011 2274 5095 καὶ

683 5103 849 5156 πόθεν
890 5092 1217 5168 συστήσεται
1251 5097 1285 5167 ἡ
1343 5093 1670 5164 Ἐκκλησία,
1720 5092 1997 5164 προλέγει.
2053 5092 2272 5164 Ἐπειδὴ

681 5188 795 5258 γάρ
827 5186 927 5238 οὐκ
962 5180 1226 5248 ἐπιεικεῖς
1248 5169 1531 5250 ’ἄνθρωποι
1565 5177 1745 5248 μόνον,
1776 5177 1898 5230 οὐδὲ
1935 5176 2138 5246 ἥμεροι
2173 5177 2272 5258 καὶ

682 5256 934 5341 χρηστοὶ,
967 5265 1105 5321 ἀλλὰ
1136 5265 1231 5318 καὶ
1251 5286 1260 5299 ·-
1273 5264 1454 5336 ἄγριοι
1486 5263 1582 5317 καὶ
1613 5260 1993 5331 ἀπάνθρωποι,
2031 5261 2126 5313 καὶ
2161 5256 2272 5314 οἷόν

682 5370 826 5415 τινες
856 5351 1008 5406 λύκοι
1049 5350 1143 5404 καὶ
1181 5348 1393 5412 λέοντες
1423 5347 1515 5402 καὶ
1537 5345 1728 5417 ταῦροι
1773 5345 1916 5398 κατά
1948 5344 2040 5397 τὸν
2069 5344 2270 5416 τρόπον

684 5436 908 5507 ἔμελλον
937 5430 1404 5502 συναγελάζεσθαι
1439 5429 1641 5495 αὐτοῖς,
1674 5429 1767 5482 καὶ
1801 5427 2004 5491 πάντες
2043 5429 2272 5499 Ἐκκλη-

685 5521 778 5577 σία
809 5518 1055 5590 γὶνεσθαι
1095 5517 1212 5588 μία,
1245 5517 1477 5570 ἄκουσον
1506 5513 1623 5577 πῶς
1642 5513 1705 5566 τὸ
1737 5511 1981 5566 ποικίλον
2011 5511 2114 5582 τῆς
2139 5510 2265 5581 ἀγέα

681 5607 780 5678 λης
810 5603 1013 5672 ταύτης
1032 5603 1060 5656 ὁ
1086 5597 1373 5673 προφήτης
1403 5597 1672 5668 ἐδήλωσεν
1696 5594 1866 5650 εἰπών
1890 5611 1904 5625 ⁸
1937 5594 2080 5678 Τότε
2111 5611 2270 5678 συμέ

681 5677 1128 5756 ϐοσκηθήσεται
1178 5685 1370 5751 λύκος
1401 5679 1554 5754 μετὰ
1597 5679 1819 5750 ἀρνὸς,
1861 5678 1924 5733 τὸ
1978 5677 2124 5733 λιτὸν
2180 5677 2270 5734 διὰ

738 5858 757 5886 ·
783 5858 921 5912 ωδ.
948 5858 1021 5913 ἐπ’
1042 5856 1189 5921 αὐτῷ.

1393 373 1455 428 S.
1494 369 1780 428 JOANNIS
1817 366 2305 427 CHRYSOSTOMI
2344 368 2669 428 ARCHIEP.
2709 369 3263 432 CONSTANTINOP.

3881 140 4131 214 ’ψ’-Ι

3898 381 4010 438 893

2392 490 2585 544 τούτου
2619 495 2719 564 τῆς
2752 493 2964 565 διαίτης
2992 495 3102 546 τῶν
3139 493 3409 564 βασιλέων
3441 495 3742 566 ἐμφαίνων.
3786 496 3918 551 ’Ότι
3950 499 4013 554 δὲ

2387 576 2446 627 ού
2490 577 2618 646 περὶ
2654 577 2859 647 θηρίων
2903 578 3021 630 ἐστὶ
3064 577 3260 642 ταῦτα,
3304 578 3517 632 εἰπάτω
3559 580 3814 645 Ἰουδαῖος
3858 582 4013 634 πότε

2387 658 2545 711 τοῦτο
2575 659 2832 727 γέγονεν·
2865 660 3122 714 οὐδέποτε
3158 662 3267 732 γὰρ
3295 661 3461 727 λύκος
3497 663 3637 732 μετά
3669 665 3834 734 ἀρνὸς
3872 666 4011 718 ἐϐο-

2389 741 2600 811 σκήθη·
2628 745 2676 794 εἰ
2701 742 2756 796 δέ
2786 742 2882 796 καὶ
2921 743 3117 813 ἔμελλε
3152 744 3482 814 βόσκεσθαι,
3514 747 3568 798 τί
3599 747 3757 800 τοῦτο
3791 748 3859 800 τὸ
3885 747 4008 799 τῶν

2387 823 2690 894 ἀνθρώπων
2713 825 2914 893 ὠφέλει
2941 827 3130 894 γένος;
3174 827 3334 880 Ἀλλά
3365 829 3637 898 περὶτῶν
3665 830 3875 900 ἀγρίων
3906 830 4008 883 τὸν

2387 907 2590 976 τρόπον
2610 907 2918 979 ἀνθρώπων
2940 909 3115 978 λέγει,
3143 913 3274 982 περὶ
3305 911 3552 976 Σκυθῶν,
3581 913 3708 983 περὶ
3732 913 4003 984 Θρᾳκῶν,

2388 1001 2520 1071 περὶ
2549 999 2819 1072 Μαύρων,
2852 1001 2983 1072 περὶ
3031 1001 3230 1068 Ἰνδῶν,
3263 1003 3394 1073 περὶ
3423 1003 3818 1074 Σαυρομάτων,
3854 1005 4000 1073 περὶ

2388 1083 2636 1156 Περσῶν.
2673 1085 2799 1140 ’Ότι
2824 1086 2882 1139 δὲ
2906 1084 3081 1140 ταῦτα
3111 1086 3290 1140 πάντα
3327 1085 3397 1138 τὰ
3423 1085 3551 1156 ἔθνη
3594 1085 3697 1138 ὑπὸ
3729 1087 3826 1138 ἕνα
3859 1088 4004 1154 ἄγε-

2385 1185 2486 1220 ται
2509 1165 2695 1236 ζυγὺν,
2734 1168 2830 1221 καὶ
2873 1167 3033 1231 ἄλλος
3082 1169 3372 1240 προφήτης
3413 1168 3590 1239 δηλῶν
3631 1169 3819 1237 ἔλεγε·
3880 1169 4003 1223 Καὶ

2386 1251 2841 1306 δουλεύσουσιν
2867 1249 3031 1316 αὐτῷ
3056 1251 3174 1305 ὑπὸ
3209 1249 3389 1321 ζυγὸν
3420 1251 3552 1315 ἕνα,
3585 1253 3682 1306 καί
3719 1258 4003 1320 προσκυ-

2385 1332 2698 1399 νήσουσιν
2746 1332 2911 1399 αὐτῷ
2955 1334 3218 1400 ἕκαστος
3261 1336 3331 1389 ἐκ
3381 1335 3492 1390 τοῦ
3537 1335 3727 1388 τόπου
3774 1335 3998 1388 αὐτοῦ.

2386 1417 2608 1482 Οὐκέτι,
2651 1419 2838 1489 φησὶν,
2874 1419 2931 1471 ἐν
2973 1418 3373 1489 Ἰεροσολύμοις
3401 1417 3584 1489 μόνον,
3611 1417 3748 1471 άλλά
3782 1435 4003 1471 παντα-

2385 1502 2483 1572 χσῦ
2531 1503 2634 1571 τῆς
2683 1501 3045 1574 οἰκουμένης·
3093 1502 3278 1556 οὐκέτι
3333 1503 3444 1574 γὰρ
3495 1505 3576 1566 εἰς
3641 1502 3998 1573 Ἱεροσόλυμα

2385 1585 2700 1639 κελεύονται
2732 1584 3012 1657 ἄνθρωποι
3047 1585 3293 1648 ἀπιέναι.
3325 1585 3440 1639 ἀλλ’
3470 1586 3703 1648 ἕκαστος
3726 1586 3863 1637 οἷκον.
3890 1585 4001 1655 μέο

2384 1685 2512 1734 νων,
2538 1670 2636 1740 τὴν
2665 1670 2926 1741 λατρείαν
2957 1670 3165 1741 ταύτην
3200 1670 3462 1726 ἐπιτελεῖ.
3528 1691 3534 1696 ·

2457 1814 2610 1889 [567]
2653 1816 2718 1881 ζ’.
2749 1817 2867 1870 Ὀτι
2895 1815 3121 1886 ἔμελλον
3159 1816 3408 1872 Ἰουδαῖοι
3439 1813 3800 1870 ἐκϐάλλεσθαι
3819 1855 3833 1878 ,
3864 1814 4001 1866 οὐδὲ

2385 1901 2545 1954 τοῦτο
2571 1901 2859 1971 σεσίγηται
2884 1917 2899 1930 ·
2929 1900 3025 1953 καὶ
3054 1900 3156 1970 ὅρα
3188 1899 3308 1963 πῶς
3337 1899 3433 1962 καὶ
3462 1898 3621 1952 τοῦτο
3667 1899 3935 1968 προεῖπεν
3969 1899 4002 1949 ὁ

2388 1986 2700 2056 προφήτης·
2739 1982 2895 2038 Ἰδοὺ
2924 1984 2995 2038 ὲν
3012 1984 3156 2053 ὑμῖν
3168 1981 3760 2054 συγκλεισθήσονται
3781 1983 3959 2048 θύραι
3980 2021 3998 2045 ,

2386 2069 2485 2122 καί
2524 2071 2635 2122 οὐκ
2676 2067 2948 2136 ἀνάψετε
2991 2068 3057 2120 τὸ
3087 2066 3532 2135 θυσιαστήριον
3572 2084 3693 2134 μου
3733 2063 3994 2132 δωρεάν.

2385 2153 2496 2206 Καὶ
2529 2151 2674 2215 τίνες
2707 2152 2960 2221 μέλλουσι
2997 2150 3351 2222 θεραπεύειν,
3385 2150 3480 2203 καὶ
3510 2150 3641 2202 αὐτὸ
3672 2165 4002 2221 προαναπε-

2386 2235 2651 2306 φώνηται.
2709 2236 2845 2289 Ἀπὸ
2887 2234 3208 2294 ἀνατολῶν
3238 2236 3446 2302 ἡλίου,
3477 2233 3632 2304 φησὶ,
3663 2234 3843 2302 μέχρι
3887 2232 4002 2287 δυο

2384 2318 2557 2386 σμῶν
2577 2319 2642 2373 τὸ
2660 2317 2851 2388 ὄνομά
2873 2336 2991 2387 μου
3017 2318 3376 2382 δεδόξασται
3400 2317 3470 2371 ἐν
3485 2316 3609 2383 τοῖς
3629 2319 3833 2371 ἔθνεσι
3851 2333 3870 2348 ο
3895 2319 4005 2370 καὶ

2386 2401 2569 2466 πάλιν,
2625 2403 2728 2454 Ἐν
2757 2401 2938 2454 παντί
2967 2403 3130 2468 τόπῳ
3175 2403 3442 2470 θυμίαμα
3485 2400 3859 2469 προσάγεται
3885 2418 4000 2469 μοι

2383 2485 2483 2538 καί
2517 2485 2700 2538 θυσία
2729 2483 2980 2552 καθαρά.
3017 2480 3170 2546 Εἶδες
3200 2486 3319 2547 πῶς
3356 2486 3454 2555 τῆς
3485 2484 3746 2555 λατρείας
3779 2483 3878 2554 τὴν
3900 2483 4002 2537 εὑ-

2384 2569 2600 2637 γένειαν
2643 2568 3034 2638 παρεδήλωσε;
3073 2568 3190 2632 πῶς
3223 2569 3286 2621 τὸ
3320 2568 3601 2638 ἐξαίρετον
3647 2568 3741 2620 καὶ
3774 2567 4002 2640 παρηλ-

2384 2651 2654 2723 λαγμένον
2674 2669 2689 2717 ς
2710 2653 2804 2704 καὶ
2820 2653 2901 2705 ὅτι
2921 2652 3021 2704 οὑκ
3044 2652 3103 2704 ἐν
3128 2652 3302 2721 τόπῳ,
3325 2651 3441 2704 ἀλλ’
3459 2655 3518 2704 ἐν
3542 2651 3751 2723 τρόπῳ,
3781 2650 3903 2703 ούδέ
3933 2653 4002 2704 ἐν

2385 2739 2581 2806 κνίσσῃ
2608 2737 2700 2789 καὶ
2725 2735 2942 2805 καπνῷ,
2967 2735 3084 2788 ἀλλ’
3109 2737 3166 2789 ἐν
3193 2737 3358 2806 ἐτέρᾳ
3383 2735 3609 2807 λατρεία
3635 2735 3873 2788 ἔσταιτά
3887 2733 4001 2802 τῆς

2385 2818 2710 2892 θεραπείας;
2735 2821 2844 2871 Καὶ
2865 2819 2979 2881 πῶς
2996 2818 3239 2884 τούτους,
3263 2820 3450 2888 φησιν,
3478 2821 3726 2880 ἅπαντας
3751 2818 4001 2870 ἐπεσπά-

2386 2922 2549 2957 σαντο
2568 2906 2614 2956 οἰ
2633 2903 2922 2956 ἀπόστολοι
2943 2919 2956 2966 ;
2988 2906 3015 2956 ὁ
3049 2904 3178 2972 μίαν
3203 2903 3453 2970 γλῶτταν
3479 2901 3618 2972 ἔχων
3638 2901 3737 2972 τὴν
3760 2901 4004 2953 Ἰουδαῖ-

2385 2987 2510 3056 κὴν,
2528 2987 2643 3049 πῶς
2656 2985 2744 3038 τὸν
2758 2985 2974 3054 Σκύθην
2992 2986 3190 3039 καὶτὸν
3221 2985 3381 3038 Ἰνδὸν
3400 2986 3495 3038 καὶ
3512 2986 3606 3039 τὸν
3625 2983 4003 3054 Σαυρομάτην

2385 3070 2481 3124 καὶ
2504 3069 2594 3123 τὸν
2612 3069 2806 3140 Θρᾷκα
2824 3069 3032 3134 Emtae;
3055 3068 3253 3123 Λαϐὼν
3273 3069 3428 3139 παρά
3442 3068 3540 3139 τῆς
3551 3068 3648 3120 τοῦ
3672 3067 3812 3121 Πνεύ
3823 3083 4003 3138 ματος

2384 3155 2592 3225 δωρεᾶς
2619 3154 2718 3224 τὴν
2743 3153 2901 3224 χάριν
2927 3155 3026 3223 τῆς
3059 3153 3407 3222 πολυφωνίας
3434 3154 3662 3223 ταύτης.
3700 3152 3812 3205 Καὶ
3834 3151 4006 3205 τοῦτο

2388 3238 2488 3307 μὲν
2535 3237 2662 3307 περὶ
2705 3236 2813 3288 τῶν
2861 3235 3050 3288 ἐθνῶν·
3085 3237 3212 3306 περὶ
3263 3237 3328 3290 δὲ’
3365 3237 3460 3290 τοῦ
3507 3235 3747 3307 Ἰσραὴλ,
3789 3235 3852 3288 τὸ
3884 3235 4004 3288 τῶν

2385 3320 2646 3388 γλωσσῶν
2684 3319 2954 3390 χάρισμα.
2997 3318 3111 3372 Καὶ
3155 3319 3238 3371 ὅτι
3273 3319 3395 3372 οὐδὲ
3441 3319 3596 3373 τοῦτο
3638 3320 4006 3375 ἐπεσπάσατο

2384 3405 2511 3467 τοὺς
2564 3402 2871 3468 Ἰουδαίους,
2925 3404 3092 3458 ἄκουε
3141 3403 3258 3467 πῶς
3305 3403 3579 3457 δείκνυσιν
3626 3405 3654 3456 ὁ
3702 3404 4006 3472 προφήτης

2384 3487 2587 3554 λέγων·
2639 3486 2742 3540 Ἐν
2773 3486 3252 3555 ἑτερογλώσσοις
3290 3486 3402 3556 γὰρ
3446 3487 3544 3539 καὶ
3590 3487 3662 3540 ἐν
3717 3489 4005 3556 χείλεσιν

2382 3570 2606 3638 ἑτέροις
2647 3568 2904 3635 λαλήσω
2944 3566 3026 3634 τῷ
3068 3567 3196 3634 λαῷ
3235 3572 3446 3636 τούτῳ,
3497 3570 3594 3623 καί
3647 3569 3776 3622 οὐδ’
3802 3570 4001 3637 οὕτως

2381 3654 2854 3707 εἰσακούσονταί
2889 3670 3032 3722 μου,
3062 3651 3226 3720 λέγει
3269 3651 3510 3722 Κύριος.
3558 3652 3623 3705 Τί
3661 3652 3853 3705 τούτου
3899 3669 4001 3704 σα-

2382 3738 2644 3808 φέστερον
2674 3737 2774 3789 ῐδοι
2827 3753 2914 3800 τις
2959 3737 3058 3800 av;
3111 3734 3376 3805 Ἐμελλον
3426 3736 3670 3789 Ἰουδαῖοι
3717 3737 4002 3812 άπιστεῖν,

2380 3821 2450 3873 τά
2501 3821 2558 3872 δέ
2603 3819 2731 3891 ἐθνη
2783 3819 3172 3890 προστρέχειν·
3225 3822 3319 3872 καὶ
3366 3818 3528 3872 τοῦτο
3573 3818 3998 3889 προεκηρύχθη.

2385 3907 2587 3957 Ἀκουε
2626 3903 2720 3955 τοῦ
2765 3901 2988 3955 Ἦσαῖου
3037 3901 3198 3954 τοῦτο
3247 3901 3534 3970 δηλοῦντος
3571 3903 3666 3955 καὶ
3705 3903 3957 3968 λέγοντος
3981 3917 3998 3930 ⁸

2376 3986 2647 4055 Εὑρέθην
2686 3983 2812 4051 τοῖς
2858 3984 2963 4054 ἐμὲ
2994 3984 3080 4054 μὴ
3125 3984 3440 4053 ζητοῦσιν·
3481 3985 3758 4055 ἐμφανὴς
3790 3987 4004 4054 ἐγενό-

2375 4089 2501 4141 μην
2545 4071 2670 4137 τοῖς
2711 4069 2816 4140 ἐμὲ
2857 4069 2944 4138 μὴ
2984 4068 3380 4137 ἐπερωτῶσιν.
3426 4065 3632 4134 Εἶπον,
3670 4067 3816 4123 Ἰδού
3850 4072 3998 4138 εἰμι,

2380 4153 2460 4219 τῷ
2489 4153 2670 4218 ἔθνει,
2696 4153 2754 4207 οἳ
2777 4153 2888 4207 οὐκ
2922 4152 3230 4206 ἐκάλεσαν
3254 4152 3320 4206 τὸ
3353 4153 3540 4222 ὄνομά
3583 4166 3724 4222 μου.
3763 4154 3902 4222 Περὶ
3933 4153 3999 4206 δὲ

2379 4239 2474 4292 τοῦ
2496 4238 2734 4310 Ἰσραὴλ,
2762 4238 2950 4305 Ὅλην
2972 4236 3090 4305 τὴν
3111 4236 3342 4306 ἡμέραν
3364 4237 3705 4302 ἐξεπέτασα
3731 4238 3838 4303 τὰς
3869 4239 4000 4305 χεῖ-

2371 4324 2490 4390 ράς
2513 4339 2634 4392 μου
2661 4320 2812 4390 πρὸς
2840 4321 2997 4374 λαὸν
3026 4321 3394 4375 ἀπειθοῦντα
3429 4321 3525 4374 καὶ
3553 4321 3953 4390 ἀντιλέγοντα
3972 4337 3991 4349 ·

2380 4407 2476 4460 καὶ
2507 4407 2688 4472 πάλιν,
2731 4405 3188 4475 Ἀνηγγείλαμεν
3212 4405 3373 4471 αὐτῷ
3403 4406 3485 4470 ὡς
3515 4403 3703 4468 παιδὶ,
3739 4406 3818 4471 ὡς
3851 4402 3996 4473 ῥίζα

2378 4491 2449 4544 ἐν
2475 4489 2552 4560 γῇ
2584 4488 2860 4559 διψώσῃ·
2912 4489 3005 4542 καὶ
3050 4489 3236 4553 πάλιν,
3281 4489 3482 4557 Κύριε,
3528 4490 3619 4554 τίς
3659 4490 3996 4542 ἐπίστευσε

2379 4573 2453 4643 τῇ
2493 4572 2648 4642 ἀκοῇ
2673 4573 2883 4643 ἡμῶν;
2908 4574 3005 4627 καί
3041 4575 3074 4626 ὁ
3110 4573 3390 4642 ,ϐραχίων
3433 4573 3659 4642 Κυρίου
3712 4573 3830 4626 τίνι
3871 4574 3995 4626 ἀπ-

2378 4659 2690 4726 εκαλύφθη
2709 4673 2730 4721 ;
2770 4658 2882 4710 Ούκ
2915 4653 3060 4734 εἷπε,
3093 4658 3160 4727 τῇ
3189 4657 3510 4728 διδασκαλίᾳ
3539 4656 3718 4728 ήμῶν,
3754 4657 3995 4711 ἐνταῦθα

2378 4741 2615 4808 δεικνὺς,
2657 4742 2739 4794 ὅτι
2781 4741 2880 4793 οὐκ
2922 4733 3138 4794 οῐκοθέν
3180 4759 3232 4794 τι
3279 4741 3632 4812 ἐφθέγγοντο,
3681 4741 3796 4794 ἀλλ’
3838 4742 3992 4813 ἅπερ

2378 4827 2622 4898 ήκουσαν
2671 4825 2837 4897 παρὰ.
2867 4825 2962 4878 τοῦ
3006 4824 3166 4891 Θεοῦ,
3213 4825 3387 4880 ταῦτα
3440 4825 3805 4897 ἀπήγγειλαν.
3859 4825 3990 4879 Ὀτι

2379 4909 2752 4981 προτιμᾶσθαι
2786 4909 2868 4962 δεῖ
2901 4909 3063 4963 πάλιν
3091 4908 3163 4962 τὰ
3190 4909 3437 4979 ἡμέτερα
3466 4909 3574 4962 τῶν
3614 4909 3858 4971 ἐκείνων,
3888 4912 3990 4965 καὶ

2378 4993 2559 5064 πολλῷ
2606 4994 2908 5063 τιμιώτερα
2949 4991 3216 5060 γίνεσθαι,
3271 4995 3368 5046 καὶ
3417 4994 3576 5046 τοῦτο
3627 4993 3989 5064 παρεδήλωσε

2376 5090 2618 5160 Μωῡσῆς
2644 5087 2844 5142 εἰπών·
2875 5087 3292 5159 Παραζηλώσω
3323 5089 3482 5159 ὑμᾶς
3521 5089 3615 5143 ἐπ’
3654 5092 3766 5144 οὐκ
3799 5091 3988 5158 ἔθνει,

2374 5173 2474 5226 ὲπί
2507 5172 2664 5225 ἔθνει
2705 5172 2984 5235 ἀσυνέτῳ
3029 5171 3332 5242 παροργιῶ
3360 5172 3537 5242 ὑμᾶς,
3578 5174 3678 5245 τὴν
3709 5174 3988 5245 προτέραν

2377 5255 2654 5308 εὐτέλειαν
2696 5255 2790 5308 τοῦ
2836 5254 2968 5309 λαοῦ
3007 5255 3181 5324 λέγων
3222 5254 3310 5309 διὰ
3341 5255 3459 5320 τοῦ,
3518 5257 3638 5310 Ἐπ’
3669 5259 3782 5311 οὐκ
3821 5257 3985 5314 ἔθνει

2375 5340 2551 5392 εἰπεῖν
2579 5357 2588 5367 ·
2633 5338 2758 5391 οὐδὲ
2784 5338 2893 5410 γὰρ
2923 5338 3076 5402 ἔθνος
3109 5334 3252 5393 εἶναι
3279 5339 3559 5410 ἐνομίζετο
3589 5340 3676 5394 διὰ
3714 5340 3987 5411 ﬁxi-1:9).-

2374 5422 2472 5493 λὴν
2518 5421 2834 5489 εὐτέλειαν,
2882 5422 2970 5475 διὰ
3026 5423 3124 5492 τὴν
3179 5421 3428 5494 μωρίαν,
3477 5423 3566 5477 διὰ
3613 5425 3715 5485 τὴν
3760 5425 3986 5488 ἄνοιαν,

2373 5506 2488 5559 ἀλλ’
2521 5505 2630 5560 ἀπὸ
2663 5506 2764 5576 τῆς
2799 5507 3035 5580 πίστεως
3075 5506 3312 5579 τοσαύτη
3353 5508 3579 5576 γέγονεν
3611 5510 3645 5579 ὴ
3685 5508 3988 5583 μεταϐολὴ,

2372 5588 2447 5652 ὡς
2486 5590 2712 5642 ἐκείνων
2745 5589 2854 5642 τῶν
2895 5589 3226 5660 τιμωμένων
3258 5589 3440 5662 πολλῷ
3485 5593 3842 5664 τιμιωτέρους
3876 5610 3988 5661 φα-

2374 5673 2554 5742 νῆναι.
2603 5671 2728 5727 Ὅτι
2779 5672 2974 5743 ἔμελλε
3015 5673 3235 5730 δάκνειν
3285 5673 3573 5738 Ἰουδαίους
3616 5675 3774 5729 τοῦτο
3821 5676 3983 5745 αὐτὸ,

2376 5758 2470 5811 καί
2495 5760 2560 5812 ἐκ
2591 5756 2782 5810 τούτου
2819 5756 3064 5825 βελτίους
3089 5756 3360 5835 γίνεσθαι,
3401 5760 3497 5813 καὶ
3528 5757 3689 5812 τοῦτο
3728 5758 3985 5814 ἐντεῦθεν

2375 5839 2650 5912 δηλοῦται.
2714 5840 2790 5894 Οὐ
2839 5841 2951 5916 γὰρ
3014 5841 3200 5908 ἁπλῶς
3255 5837 3374 5898 εἷπε
3397 5883 3413 5912 ,
3447 5845 3798 5918 Προτιμήσω,
3859 5844 3982 5901 ἀλλ’
