4178 6324
229 420 334 476 Sil

232 545 599 606 dicationem;
633 549 690 597 et
730 539 832 594 hoc
879 538 1050 608 ipsum
1093 533 1504 604 prmnuutiatum
1541 535 1625 581 est
1653 517 1778 577 audi
1811 534 1825 571 :

235 640 344 694 hoc
373 636 688 709 prophetice
731 632 996 687 dicentem
1047 626 1300 682 Davidem
1332 641 1345 676 :
1380 621 1446 675 In
1476 635 1675 675 onmem
1725 627 1826 709 ter-

239 707 538 784 ram—exiuit
577 739 736 785 sonus
764 737 934 776 eorum
959 761 973 785 ,
1003 727 1048 771 et
1091 718 1142 769 in
1168 715 1293 784 ﬁnes
1336 712 1470 766 orbis
1497 720 1647 764 terra:
1684 707 1832 785 verba

235 836 418 874 eorum
443 817 616 889 (Psal.
649 813 735 870 18.
763 813 796 868 5
823 813 864 880 ).
909 809 990 864 Ad
1020 808 1134 862 haec
1154 847 1170 874 ,
1198 803 1338 876 quod
1367 817 1486 856 eum
1517 800 1835 854 auctoritate

236 909 586 982 praedicarim
606 949 621 972 ,
643 917 698 962 et
722 904 849 974 ipsis
870 902 1084 972 regibus
1112 897 1440 968 potentiores
1468 893 1692 982 iuerint,
1719 890 1834 959 ipse

235 980 376 1053 alibi
421 996 578 1050 docet
619 993 861 1062 inquiens
893 1007 907 1043 :
943 987 1226 1042 Constitues
1263 999 1347 1036 eos
1401 980 1653 1050 principes
1683 993 1835 1046 super

235 1104 444 1142 omnem
469 1095 656 1139 terram
692 1079 862 1151 (Psal.
895 1079 986 1134 44.
1020 1075 1131 1146 l7).
1161 1073 1311 1142 Quod
1343 1072 1555 1141 regibus
1599 1083 1663 1124 ac
1691 1069 1835 1137 prino

240 1179 460 1250 cipibus
485 1178 717 1246 majores
746 1173 942 1228 fuerint
969 1171 1158 1225 Petrus
1188 1177 1244 1224 et
1265 1166 1494 1231 Paulus,
1542 1160 1834 1250 declaravit

240 1279 494 1325 eventus.
537 1266 670 1321 Nam
720 1278 908 1334 regum
959 1263 1105 1331 leges
1151 1257 1312 1334 etiam
1361 1253 1492 1326 ipsis
1533 1249 1834 1308 viventibus

237 1359 576 1428 abrogantur
606 1374 622 1411 :
648 1356 790 1424 leges
835 1367 964 1408 vero
1009 1353 1336 1422 piscatorum
1385 1347 1631 1410 illorum,
1674 1344 1834 1398 etiam

240 1460 586 1504 mortuorum
619 1446 786 1500 firma:
825 1452 979 1514 sunt),
1007 1453 1061 1496 et
1103 1441 1338 1495 immotas
1378 1443 1625 1501 manent;
1674 1433 1834 1504 idque

238 1541 376 1596 licet
405 1537 736 1593 daemonibus
755 1576 772 1601 ,
804 1536 1052 1590 diuturna
1083 1529 1470 1588 consuetudine
1489 1571 1504 1594 ,
1535 1528 1666 1584 vltio
1690 1569 1704 1592 ,
1743 1541 1836 1581 vo-

242 1629 455 1700 luptate
501 1626 899 1695 innumerisque
942 1623 1062 1680 aliis
1109 1624 1224 1688 illas
1263 1621 1558 1692 refringere
1595 1617 1838 1674 conanti-

242 1721 372 1774 bus.
410 1701 482 1775 ‘Ut
508 1718 754 1773 ostendat
775 1726 953 1771 autem
982 1729 1076 1771 eos
1103 1713 1245 1784 ipsos
1270 1713 1538 1784 principes
1573 1705 1835 1767 constitu-

245 1821 358 1876 tos,
378 1811 634 1865 amabiles
669 1809 916 1864 omnibus
944 1803 1430 1874 desiderabilesque
1446 1805 1562 1858 fore
1578 1844 1593 1870 ,
1617 1801 1798 1857 subdit
1821 1818 1834 1856 :

247 1901 534 1970 Propterea
561 1899 737 1970 populi
765 1899 1134 1967 confitebuntur
1163 1896 1255 1952 tibi
1283 1896 1336 1950 in
1373 1892 1616 1949 saxulum
1658 1892 1836 1964 (Ibid.

247 2007 300 2045 υ.
345 1992 471 2063 i8);
519 1990 572 2045 id
609 2000 724 2057 est,
781 1990 978 2060 gratias
1021 1987 1117 2043 tibi
1159 1997 1316 2058 agent
1358 1987 1650 2056 plurimas,
1697 1986 1839 2056 quod

250 2086 394 2137 tales
417 2083 684 2152 principes
718 2080 950 2136 dederis.
979 2076 1132 2148 Quod
1163 2075 1468 2149 prmdicatio
1498 2079 1692 2148 ubique
1717 2083 1868 2147 pro-‘

249 2172 496 2244 paganda
532 2173 640 2238 sit,
689 2171 741 2226 id
788 2185 1002 2241 quoque
1045 2169 1514 2240 przesignillcatum
1557 2177 1640 2223 est
1675 2166 1841 2222 :audi

253 2263 512 2319 Davident
543 2263 596 2318 id
622 2263 713 2317 tibi
731 2263 1086 2317 declarantem
1105 2262 1186 2316 his
1206 2262 1383 2316 verbis
1407 2273 1422 2312 :'
1447 2259 1662 2315 Postulo
1683 2277 1714 2313 a
1740 2275 1838 2329 me,

249 2365 300 2409 et
327 2354 458 2408 dabo
506 2355 595 2407 tibi
623 2365 795 2426 gentes
826 2353 1158 2406 hereditatem
1184 2362 1324 2405 suam
1345 2393 1360 2418 ,
1388 2361 1434 2405 et
1476 2351 1842 2421 possessionem

250 2454 397 2497 suam
422 2446 659 2498 terminos
684 2453 831 2498 terre
859 2445 878 2515 (
906 2442 1050 2498 Psal.
1079 2443 1134 2497 2.
1165 2442 1262 2513 8).
1294 2442 1523 2512 ldipsum
1555 2442 1682 2497 item
1702 2441 1843 2498 alius

250 2536 514 2606 prepheta
543 2536 738 2591 alicubi
784 2537 860 2591 sic
890 2536 1129 2590 enuntiat
1159 2553 1171 2588 ε
1204 2531 1507 2604 Implebitur
1532 2537 1694 2588 omnis
1738 2543 1840 2588 ter»

250 2642 314 2679 ra
340 2627 548 2680 scientia
577 2626 805 2693 Domini,
825 2636 872 2680 et
897 2628 1025 2681 sicut
1055 2643 1186 2696 aqua
1213 2627 1519 2696 multaque?
1546 2626 1708 2696 operit
1734 2629 1845 2679 ma-

252 2717 336 2770 ria
366 2715 567 2787 (IIesai.
597 2716 685 2770 Η.
716 2716 795 2787 9).
846 2717 911 2771 Ει
947 2717 1070 2771 vide
1121 2717 1428 2771 facilitatem
1477 2713 1796 2770 obedientim
1827 2735 1839 2770 :

256 2805 390 2860 Non
432 2807 658 2874 docebit,
707 2809 812 2875 ait,
862 2808 1209 2880 unusquisque
1259 2809 1548 2878 proximum
1578 2824 1762 2873 suum,
1796 2817 1844 2862 et

254 2900 603 2969 unusquisque
650 2904 861 2969 fratrem
904 2917 1088 2967 suum,
1141 2902 1311 2955 dicens
1340 2900 1638 2972 :Cognosce
1665 2900 1844 2954 Domi—

254 3007 383 3044 nam
413 3006 431 3043 :
453 2992 571 3061 quia
591 3006 762 3045 omnes
787 3001 1084 3061 cognoscent
1108 3009 1185 3047 me
1210 3009 1241 3045 a
1267 2992 1473 3045 minimo
1497 2993 1701 3046 illorum
1717 2999 1736 3056 ’,
1761 3008 1848 3046 us-

254 3098 355 3153 que
371 3084 441 3134 ad
461 3084 739 3136 maximum
766 3083 968 3136 illorum
992 3082 1048 3154 (Ι
1051 3101 1121 3136 er.
1153 3086 1240 3139 51.
1262 3085 1375 3155 54).
1395 3084 1644 3138 Firmitas
1661 3083 1846 3138 Eccle-

258 3172 356 3226 siae
393 3173 475 3226 his
510 3173 812 3227 declaratur
839 3191 851 3227 :
879 3173 997 3227 Erit
1019 3175 1069 3227 in
1102 3176 1386 3231 novissimis
1432 3174 1606 3229 diebus
1644 3175 1848 3244 conspi-

255 3278 388 3316 cuus
417 3278 561 3317 mons
589 3262 795 3316 Domini
821 3278 978 3333 supra
1001 3266 1232 3318 verticem
1272 3267 1516 3317 montium
1541 3265 1719 3319 domus
1743 3264 1848 3320 Do-

259 3354 387 3409 mitti
405 3393 424 3419 ,
456 3365 502 3407 es
526 3354 799 3408 eleuabitur
830 3372 983 3426 super
1009 3356 1162 3409 colles
1184 3398 1197 3420 ,
1232 3366 1279 3410 et
1303 3356 1499 3410 venient
1527 3357 1596 3408 ad
1618 3373 1728 3410 eam
1757 3373 1849 3427 po-

260 3445 371 3513 μιιλ
395 3445 542 3499 multi
588 3455 636 3499 st
677 3454 863 3516 genus.
889 3447 1061 3500 mlta!
1093 3447 1294 3518 (Hssai.
1336 3447 1391 3501 2.
1436 3446 1517 3517 2).
1542 3448 1694 3515 Quod
1723 3437 1850 3504 vero

260 3551 373 3591 non
401 3537 550 3591 firma
582 3545 817 3602 tantum,
840 3537 1008 3592 solida
1035 3548 1088 3593 ct
1117 3538 1404 3593 immobilis
1425 3539 1598 3594 futura
1628 3540 1698 3593 si't
1717 3581 1730 3602 ,
1754 3540 1849 3595 sed

259 3629 426 3681 etiam
452 3627 675 3681 multam
695 3627 811 3682 orbi
853 3643 1038 3698 pacem
1081 3629 1151 3684 sit
1175 3629 1522 3684 conciliatura
1542 3671 1558 3695 ,
1601 3630 1850 3700 quodque

262 3729 391 3773 tunc
434 3721 722 3775 multorum
766 3722 1092 3791 principatus
1117 3762 1132 3787 ,
1183 3731 1292 3777 tum
1339 3722 1664 3777 monarchia:
1703 3722 1853 3778 aufe-

262 3810 447 3864 rendae
470 3812 579 3865 sint
603 3829 617 3864 :
644 3827 806 3866 unum
837 3823 1018 3867 autem
1045 3812 1099 3867 in
1126 3827 1314 3868 omnes
1338 3828 1560 3884 regnum
1590 3813 1848 3880 futurum,

260 3918 322 3959 et
361 3905 733 3961 abundantiori
773 3921 904 3976 pace
940 3906 1224 3962 fruiturum
1250 3947 1264 3970 ,
1304 3921 1411 3962 non
1457 3907 1596 3962 sicut
1653 3908 1801 3978 prius
1834 3927 1847 3962 :

263 4014 388 4052 nam
436 3999 631 4068 priscis.
651 3997 982 4068 temporibus
1005 3999 1237 4054 artiﬁces
1275 4014 1466 4054 omnes
1512 4009 1568 4055 et
1607 4000 1852 4056 rhetores

261 4091 429 4144 armis
451 4090 692 4144 instructi
718 4098 903 4154 erant,
930 4098 987 4146 et
1010 4091 1064 4144 in
1091 4091 1206 4145 acie
1228 4090 1440 4145 stabant
1471 4109 1484 4145 :
1514 4101 1635 4162 post
1653 4092 1852 4147 adven-

265 4189 377 4233 tum
403 4195 532 4234 vero
559 4179 756 4234 Christi
797 4179 913 4236 hzec
939 4181 1117 4250 omnia
1144 4181 1314 4236 soluta
1351 4191 1512 4250 sunt,
1538 4193 1594 4239 et
1633 4183 1769 4239 bella
1798 4186 1849 4239 in

263 4271 609 4324 constitutam
654 4281 858 4340 partem
899 4272 1122 4326 seorsim
1152 4283 1571 4340 concesserunt;
1612 4275 1726 4330 hoc
1750 4274 1849 4329 do-

264 4375 395 4415 cens
420 4361 681 4430 propheta
708 4361 920 4430 quidam
947 4362 1156 4417 dicebat
1175 4380 1193 4417 :
1217 4359 1286 4416 Et
1312 4364 1630 4434 confringent
1649 4363 1852 4440 gladios

260 4468 383 4510 suos
407 4453 460 4506 in
489 4468 710 4507 uomeres
730 4495 745 4520 ,
776 4463 824 4507 et
843 4454 1043 4508 lanceas
1068 4470 1192 4508 suas
1217 4454 1269 4508 in
1299 4455 1456 4524 falces
1484 4471 1503 4508 :
1532 4465 1579 4510 et
1616 4473 1718 4509 non
1759 4473 1852 4509 su-

264 4554 364 4599 met
387 4562 510 4617 gens
538 4555 929 4616 contragentem
947 4547 1178 4618 gladium
1195 4589 1211 4614 ,
1233 4559 1281 4602 et
1307 4564 1407 4602 non
1426 4549 1615 4603 discent
1633 4549 1854 4620 amplius

266 4636 456 4690 bellum
485 4636 648 4708 (Ibid.
672 4654 722 4694 v.
747 4638 824 4709 4).
856 4638 986 4693 Nam
1013 4638 1160 4707 prius
1201 4639 1252 4692 in
1288 4639 1393 4694 illis
1412 4653 1600 4695 omnes
1628 4655 1851 4696 exerce-

265 4726 460 4780 bantur
492 4741 672 4781 :nunc
699 4737 876 4782 autem
907 4729 1036 4783 artis
1073 4728 1189 4798 ejus
1211 4729 1360 4784 obliti
1397 4740 1552 4796 sunt;
1601 4729 1711 4785 imo
1739 4731 1852 4800 plu-

266 4835 354 4875 res
381 4835 500 4875 eam
529 4837 598 4876 ne
623 4822 706 4876 vel
742 4822 1016 4876 minimum
1043 4830 1169 4877 sunt
1197 4823 1402 4892 experti
1434 4841 1448 4877 :
1477 4823 1617 4894 quod
1643 4824 1688 4879 si
1730 4824 1852 4895 qui-

265 4912 390 4966 dam
419 4911 556 4976 sint,
584 4912 662 4966 illi
683 4913 969 4967 admodum
997 4913 1151 4983 pauci
1175 4923 1334 4980 sunt;
1367 4922 1422 4968 at
1440 4915 1566 4969 olim
1600 4919 1651 4969 in
1678 4915 1854 4969 omni-

269 5003 370 5056 bus
386 5003 638 5072 gentibus
653 5014 919 5060 sexcenta:
934 5006 1225 5060 seditiones
1243 5005 1632 5062 excitabantur.
1651 5007 1856 5064 Deinde

266 5104 323 5148 et
354 5094 494 5149 unde
521 5095 894 5150 constituenda
914 5097 981 5151 sit
1006 5097 1240 5152 Ecclesia
1266 5097 1526 5166 praedicit.
1547 5099 1679 5164 Quia
1708 5099 1854 5153 enim

272 5201 376 5238 non
410 5185 682 5241 musueti
709 5197 910 5241 tantum
933 5228 947 5251 ,
979 5187 1138 5242 mites
1160 5197 1216 5242 et
1240 5187 1424 5242 urbani
1454 5187 1731 5254 homines;
1763 5188 1856 5243 sed

268 5278 430 5333 etiam
473 5277 582 5332 feri
615 5287 669 5334 et
695 5279 969 5334 inhumani
995 5319 1012 5346 ,
1053 5281 1400 5351 moribusque
1438 5281 1641 5337 similes
1679 5282 1854 5351 lupis,

269 5357 513 5423 leonibus
536 5375 596 5423 et
637 5371 838 5434 tauris,
882 5385 1002 5425 cum
1051 5371 1181 5440 ipsis
1228 5373 1539 5427 conventori
1582 5381 1736 5428 erant
1759 5415 1774 5436 ,
1806 5381 1862 5427 et

272 5473 464 5537 omnes
500 5477 659 5515 unam
690 5462 986 5518 Ecelesiam
1017 5464 1352 5519 eonstituturi
1375 5505 1391 5532 ,
1433 5465 1556 5520 audi
1593 5466 1862 5537 quomodo

273 5552 451 5622 gregis
483 5550 628 5606 illius
654 5552 962 5608 varietatem
989 5554 1247 5624 propheta
1276 5555 1628 5611 declaraverit
1655 5573 1668 5609 :
1697 5557 1856 5623 Tunc,

277 5642 447 5712 inquit
466 5683 482 5707 ,
516 5651 784 5712 pascentur
807 5645 961 5699 simul
987 5647 1137 5716 lupus
1157 5663 1270 5700 cum
1291 5645 1640 5718 agno(Hesai.
1665 5649 1752 5703 Η.
1775 5647 1858 5719 6),

281 5747 389 5802 quo
416 5732 678 5803 frugalem
703 5749 886 5805 regum
914 5737 1077 5791 vitam
1114 5737 1330 5792 indicat.
1361 5738 1513 5805 Quod
1542 5750 1718 5794 autem
1747 5739 1863 5796 haec

283 5835 392 5876 non
409 5821 480 5879 de
505 5823 634 5882 feris
659 5825 801 5883 dicta
821 5829 926 5883 sint
949 5869 965 5897 ,
988 5829 1130 5885 dicat
1156 5830 1374 5888 Judaeus
1403 5831 1740 5902 quandonam
1760 5833 1862 5888 hoc

845 417 1114 477 CONTRA
1154 411 1437 472 JUD/EOS
1475 409 1560 464 ΕΤ
1601 401 1845 462 GENTII.

1951 443 1958 465 ι
1997 401 2182 472 QUOD
2217 405 2554 466 CHRISTUS
2591 404 2698 461 SIT
2738 403 2937 461 DEUS.

3431 404 3535 459 εΞέ

1941 520 2137 577 factum
2181 523 2249 577 sit
2281 540 2297 580 :
2327 538 2616 592 numquam
2646 523 2787 578 enim
2828 522 2986 593 lupus
3035 536 3156 578 cum
3207 538 3344 594 agno
3388 538 3536 578 eom-

1941 630 2169 683 pascuus
2195 612 2294 668 fuit
2327 633 2339 666 :
2368 615 2510 684 quod
2561 615 2606 668 si
2638 615 2799 670 etiam
2848 614 3085 668 futurum
3115 624 3299 679 esset,
3332 624 3389 668 ut
3415 629 3538 670 cum

1939 705 2032 759 illo
2059 714 2367 774 pasceretur
2388 747 2402 771 ,
2433 705 2558 776 quid
2589 704 2692 761 hoc
2714 706 2948 760 humano
2989 706 3169 777 generi
3201 706 3538 776 profuturum

1938 797 2123 852 esset?
2146 795 2251 851 Sed
2281 795 2346 850 de
2377 796 2503 851 feris
2534 796 2840 852 hominibus
2871 795 2923 852 id
2949 796 3148 851 dictum
3179 806 3282 863 εει,
3315 784 3382 852 de
3402 797 3540 871 Scyg

1941 885 2046 940 this
2071 929 2085 949 ,
2131 886 2458 954 Thracibus,
2505 887 2701 943 Mauris
2722 929 2737 954 ,
2788 884 2930 942 Indis
2951 929 2964 953 ,
2997 887 3361 952 Sauromatis,
3411 889 3540 943 Per-

1940 979 2034 1034 sis.
2067 979 2217 1047 Quod
2249 991 2427 1036 autem
2471 995 2658 1035 omnes
2688 981 2790 1035 illa:
2816 990 3004 1051 gentes
3043 981 3144 1035 sub
3171 995 3278 1036 uno
3303 981 3431 1052 jugo
3461 981 3541 1035 fu-

1943 1080 2075 1124 turae
2115 1081 2299 1126 essent
2325 1114 2338 1136 ,
2390 1072 2527 1126 alius
2555 1071 2817 1142 prOphcta
2865 1071 3157 1127 declaravit
3201 1070 3284 1126 his
3313 1072 3537 1127 verbis:

1941 1161 2007 1216 Et
2037 1155 2249 1217 servient
2277 1164 2322 1218 ei
2347 1165 2435 1219 sub
2451 1165 2583 1236 jngo
2612 1180 2713 1218 uno
2732 1205 2747 1230 ,
2775 1173 2823 1219 et
2866 1165 3153 1218 adorabunt
3189 1165 3336 1219 illum
3377 1182 3541 1221 unus-
3607 1200 3609 1202 -

1939 1254 2146 1323 quisque
2173 1271 2200 1307 e
2228 1253 2338 1308 loco
2363 1271 2453 1309 suo
2488 1253 2745 1326 (Sep/ton.
2775 1255 2828 1311 3.
2863 1253 2938 1328 9).
2968 1255 3087 1311 Non
3115 1257 3252 1311 ultra
3272 1298 3286 1324 ,
3329 1257 3536 1328 inquit,

1939 1344 2289 1416 Jerosolymis
2343 1345 2558 1414 solum,
2605 1345 2699 1402 sed
2769 1343 2965 1419 ubique
3014 1357 3297 1404 terrarum.
3357 1350 3542 1420 Neque

1939 1434 2082 1489 enim
2112 1443 2296 1503 postea
2339 1433 2726 1507 Jerosolymam
2750 1436 3081 1507 jubebuntur
3106 1437 3354 1494 homines
3367 1439 3538 1503 adire,

1941 1524 2039 1580 sed
2049 1525 2292 1600 ‘t'juisque
2319 1517 2465 1584 domi
2491 1521 2721 1586 manens
2747 1531 2891 1588 huuc
2911 1534 3110 1588 cultum
3143 1535 3438 1604 prtestabit.

1949 1622 1956 1628 ’
2015 1619 2066 1673 7.
2095 1619 2401 1675 Ιαάωοηιηι
2449 1609 2628 1692 ejectio
2653 1623 2921 1694 pradicta.
2952 1655 3025 1665 —-
3048 1626 3201 1692 Quod
3238 1625 3408 1681 Judzei
3437 1627 3538 1696 eji-

1940 1709 2116 1765 ciendi
2146 1720 2348 1780 essent,
2373 1726 2547 1784 neque
2572 1713 2673 1769 hoc
2697 1718 3121 1784 praetermissum
3153 1717 3370 1772 silenlio
3401 1717 3538 1773 fuit:

1941 1803 2062 1860 vide
2105 1805 2376 1875 quomodo
2426 1816 2481 1860 et
2526 1806 2628 1861 hoc
2654 1807 2961 1878 praedixerit
2988 1809 3244 1878 propheta
3280 1827 3293 1864 :
3331 1809 3458 1864 Ecce
3487 1812 3542 1865 in

1943 1897 2081 1951 vobis
2109 1895 2475 1962 concludentur
2487 1899 2670 1968 januce
2687 1940 2701 1964 ,
2735 1907 2903 1954 etnon
2930 1901 3214 1957 accendatis
3240 1903 3404 1956 altare
3432 1919 3541 1957 me-

1945 2006 2030 2043 um
2058 1990 2218 2061 gratis
2247 1990 2503 2061 (Malm-It.
2537 1991 2725 2063 1.10).
2775 1992 3004 2062 Quinam
3048 2009 3210 2064 porro
3250 1997 3392 2050 hunc
3429 1996 3544 2051 cul-

1946 2089 2056 2136 tum
2083 2080 2367 2136 exhibituri
2394 2092 2575 2156 essent
2613 2083 2691 2139 sic
2717 2086 3130 2156 prmnuntiatunt
3157 2098 3278 2142 est:
3313 2087 3388 2142 Ab
3440 2090 3544 2142 ori-

1944 2164 2058 2224 ente
2084 2171 2206 2224 solis
2235 2186 2393 2240 usque
2416 2172 2486 2225 ad
2509 2174 2850 2242 occidentem;
2870 2190 3053 2230 nomen
3083 2193 3247 2230 meum
3268 2177 3533 2247 gloriﬁca-

1947 2269 2054 2314 tum
2079 2270 2152 2316 est
2172 2261 2223 2314 in
2251 2260 2482 2332 gentibus
2503 2278 2523 2318 :
2547 2273 2596 2318 et
2623 2264 2676 2318 in
2705 2265 2844 2319 omni
2867 2265 2978 2321 loco
3006 2267 3271 2322 incensum
3311 2269 3437 2322 milii
3461 2272 3543 2340 of-

1947 2353 2209 2422 [σιω-,ἐι
2239 2355 2411 2408 hostia
2435 2371 2569 2425 pura
2585 2353 2752 2423 (Ibid.
2769 2353 2886 2428 11).
2900 2355 3067 2412 Vides
3077 2359 3352 2427 quomodo
3367 2357 3543 2412 cultus

1949 2441 2277 2499 nobilitatem
2307 2443 2634 2500 declaravit?
2664 2445 2935 2515 quomodo
2948 2448 3321 2503 excellentiam
3345 2457 3398 2504 et
3420 2465 3542 2502 mu—

1948 2535 2200 2592 tationem
2227 2535 2382 2605 ejus?
2410 2535 2562 2604 Quod
2615 2552 2720 2592 non
2747 2537 2799 2592 in
2831 2537 2980 2604 loco,
3021 2537 3116 2606 sed
3165 2539 3218 2592 in
3264 2539 3541 2604 moribus,

1949 2641 2125 2698 neque
2155 2627 2207 2682 in
2233 2627 2424 2684 nidore
2449 2636 2503 2683 et
2534 2628 2700 2695 fumo,
2729 2629 2824 2685 sed
2855 2630 2907 2685 in
2929 2631 3035 2685 alio
3059 2631 3204 2686 cultu
3231 2641 3414 2688 nostra
3456 2633 3539 2687 luo

1950 2728 2065 2774 tura
2093 2721 2201 2776 sint
2229 2719 2543 2775 ministeria.
2587 2721 2653 2776 Et
2678 2722 2949 2793 quomodo
2983 2721 3104 2778 illos
3145 2737 3366 2788 omnes,
3400 2721 3546 2779 dicet

1949 2811 2210 2882 quispiam
2233 2851 2248 2875 ,
2294 2819 2628 2866 attraxerunt
2671 2813 2941 2882 apostoli?
2965 2812 3068 2881 Qui
3095 2829 3199 2868 non
3234 2814 3334 2867 nisi
3381 2829 3543 2868 unam

1950 2903 2182 2972 linguam
2213 2901 2479 2968 habebat,
2521 2915 2717 2973 nempe
2752 2901 3020 2973 judaicam
3047 2944 3063 2970 ,
3109 2903 3380 2973 quomodo
3406 2902 3544 2974 Scy-

1951 2985 2120 3057 tham,
2145 2990 2330 3046 Indum
2360 3001 2409 3047 et
2438 2990 2812 3047 Sauromatam
2840 2989 3038 3048 docere
3065 2995 3282 3063 potuit?
3310 2995 3547 3064 Accepto

1952 3097 2145 3152 nempe
2185 3097 2281 3153 per
2319 3081 2573 3152 Spiritum
2623 3093 2866 3138 sanctum
2907 3083 3208 3154 linguarum
3257 3087 3548 3140 multarum

1951 3171 2114 3228 dono.
2143 3172 2211 3226 Et
2235 3171 2340 3227 hoc
2382 3172 2596 3243 quidem
2639 3173 2708 3228 de
2746 3173 3006 3229 Gentibus
3038 3191 3051 3228 :
3079 3175 3147 3230 de
3187 3174 3382 3229 lsraele
3421 3175 3549 3230 item

1951 3263 2154 3319 donum
2179 3263 2477 3334 linguarum
2512 3283 2524 3319 :
2557 3265 2697 3335 quod
2720 3275 2898 3320 autem
2930 3283 3105 3336 neque
3135 3267 3236 3322 hoc
3272 3268 3552 3323 attraxerit

1953 3355 2166 3412 Judzeos
2188 3397 2203 3423 ,
2231 3354 2357 3410 audi
2378 3370 2488 3425 quo
2515 3365 2666 3426 pacto
2693 3356 2932 3412 declaret
2963 3357 3221 3427 propheta
3243 3358 3429 3414 dicens
3452 3356 3552 3414 :In

1952 3447 2106 3500 uariis
2133 3446 2320 3518 linguis
2348 3455 2395 3500 et
2423 3446 2541 3500 aliis
2570 3445 2714 3500 labiis
2742 3448 2922 3517 loquar
2944 3448 3134 3518 populo
3174 3449 3291 3501 huic
3316 3490 3331 3514 ,
3363 3459 3411 3502 et
3452 3466 3546 3504 ne-

1952 3553 2048 3607 que
2074 3537 2148 3591 sic
2170 3537 2379 3590 audient
2405 3552 2484 3590 me
2501 3577 2516 3602 ,
2541 3537 2661 3590 dicit
2703 3536 2950 3590 Dominus
2974 3536 3127 3607 (Hes.
3155 3538 3246 3593 28.
3273 3538 3391 3608 Η).
3413 3538 3552 3606 Quid

1956 3626 2058 3682 hoc
2088 3626 2422 3681 manifestius
2450 3627 2620 3681 videri
2651 3628 2860 3697 possit?
2891 3627 3058 3682 Erant
3084 3627 3252 3683 Judaei
3286 3629 3550 3685 increduli

1955 3717 2118 3774 futuri
2138 3759 2153 3785 ,
2179 3727 2233 3774 et
2252 3719 2450 3775 Gentes
2469 3719 2536 3774 ad
2561 3719 2718 3775 ﬁdem
2740 3719 3103 3776 advolaturus:
3129 3731 3184 3778 et
3209 3722 3312 3777 hoc
3338 3739 3554 3793 quoque

1955 3811 2424 3883 pmignincatum
2463 3821 2548 3869 est
2580 3829 2593 3865 :
2626 3813 2750 3867 audi
2799 3811 3046 3868 Hesaiam
3096 3813 3196 3869 hoc
3245 3815 3317 3868 ita
3367 3815 3550 3900 deela-

1955 3913 2162 3959 rantem
2197 3921 2211 3957 :
2244 3903 2488 3958 Inventus
2506 3919 2620 3959 sum
2649 3903 2712 3956 ab
2755 3904 2817 3958 iis
2841 3943 2856 3971 ,
2884 3904 2974 3975 qui
3014 3919 3096 3957 me
3137 3921 3238 3958 non
3281 3915 3510 3974 quarunt
3532 3920 3554 3961 :

1955 3998 2312 4069 manifestata
2335 4012 2449 4050 sum
2472 3995 2536 4049 iis
2556 4036 2571 4061 ,
2599 3995 2688 4066 qui
2707 4010 2788 4048 me
2817 4011 2917 4048 non
2940 3995 3219 4066 inquirunt.
3256 3995 3382 4050 Dixi
3401 4038 3416 4064 ,
3440 4013 3556 4052 eccs

1955 4103 2049 4158 ego
2074 4103 2186 4141 sum
2205 4127 2220 4153 ,
2247 4087 2317 4138 ad
2340 4095 2538 4157 gentem
2562 4125 2576 4152 ,
2612 4101 2727 4155 qua
2754 4101 2855 4139 non
2900 4085 3144 4140 invocavit
3173 4102 3355 4140 nomen
3386 4103 3554 4164 meum

1957 4181 2161 4252 (Hesai.
2190 4181 2280 4237 65.
2305 4181 2380 4249 Ι).
2410 4181 2489 4236 De
2515 4180 2707 4236 lsraele
2723 4189 2900 4236 autem
2921 4196 2934 4233 :
2957 4179 3085 4235 Tota
3096 4181 3179 4235 die
3204 4181 3427 4250 respondi
3445 4198 3555 4237 ma-

1956 4289 2052 4326 nus
2078 4287 2217 4326 meas
2253 4270 2326 4325 ad
2357 4281 2554 4342 gentem
2599 4287 2701 4325 non
2725 4270 3008 4325 credentem
3035 4279 3086 4326 et
3124 4273 3548 4326 contradicentem

1960 4360 2218 4434 (Ibid.2);
2236 4378 2299 4416 ac
2320 4377 2536 4418 rursum
2559 4360 3042 4418 :Annuntiavimus
3055 4361 3105 4416 ei
3119 4370 3348 4432 utpuero
3377 4380 3396 4417 :
3420 4365 3551 4418 sicut

1955 4453 2112 4508 radix
2139 4452 2198 4506 in
2233 4461 2366 4506 terra
2409 4452 2598 4506 sitienti
2637 4450 2746 4522 (Id.
2775 4453 2866 4509 55.
2902 4453 3002 4524 2);
3038 4467 3103 4507 ac
3143 4468 3358 4508 rursum
3383 4495 3396 4518 ,
3439 4452 3552 4507 Do-

1956 4544 2092 4597 mine
2108 4582 2125 4608 ,
2153 4545 2271 4613 quis
2295 4543 2507 4597 credidit
2536 4543 2737 4596 auditui
2754 4552 2927 4597 nostro
2948 4544 2975 4597 ?
2997 4541 3065 4597 Et
3084 4542 3348 4598 brachium
3370 4543 3552 4598 Domi-

1914 4651 1917 4654 ί
1959 4636 2013 4690 ni
2061 4637 2142 4692 cui
2189 4635 2465 4690 revelatum
2504 4644 2578 4689 est
2628 4634 2795 4705 (Ibid.
2829 4652 2881 4690 υ.
2913 4622 3010 4707 i)?
3040 4634 3155 4690 Non
3194 4634 3328 4690 dixit
3352 4634 3552 4690 doctri-

1959 4743 2042 4782 nae
2071 4737 2268 4782 nostra:
2290 4768 2305 4793 ,
2335 4727 2424 4781 ubi
2454 4727 2687 4782 ostendit
2707 4741 2801 4781 eos
2824 4740 2929 4780 non
2957 4742 3024 4780 ex
3045 4743 3105 4781 se
3131 4727 3382 4797 loquutus
3405 4741 3550 4794 esse,

1958 4819 2051 4875 sed
2078 4835 2140 4874 ea
2160 4859 2176 4884 ,
2205 4835 2324 4890 qua:
2347 4833 2379 4872 a
2407 4819 2516 4872 Deo
2541 4817 2820 4872 audierant
2865 4819 3230 4874 annuntiasse.
3260 4818 3413 4886 Quod
3456 4833 3555 4875 nov

1959 4918 2069 4965 stra
2098 4909 2335 4965 Judaicis
2361 4908 2692 4982 prazfereuds
2719 4922 2784 4963 ac
2814 4908 2983 4962 multo
3003 4911 3372 4978 pnestantiora
3402 4910 3513 4965 sint
3536 4949 3554 4977 ,

1960 5001 2254 5060 declaravit
2273 5001 2483 5073 Moyses
2512 5002 2597 5055 his
2621 5000 2800 5055 verbis
2830 5016 2844 5053 τ
2877 4998 2944 5054 1η
2984 5000 3360 5054 mulationem
3394 5000 3556 5054 dedu-

1961 5111 2074 5148 cam
2097 5111 2183 5148 vos
2201 5097 2255 5148 in
2294 5110 2396 5147 non
2418 5103 2602 5165 gente:
2625 5094 2680 5147 in
2724 5101 2872 5165 gente
2914 5092 3184 5163 insipiente
3226 5092 3438 5146 irritabo
3469 5107 3558 5148 vos

1958 5186 2140 5258 (Deut.
2189 5185 2280 5240 32.
2330 5185 2733 5257 2i):prlorcm
2779 5185 2961 5255 populi
2996 5185 3258 5239 vilitatem
3307 5183 3555 5238 indicans

1963 5294 2085 5335 cum
2115 5278 2285 5345 dicit,
2317 5276 2386 5332 In
2428 5294 2532 5333 non
2555 5286 2700 5350 gente
2729 5294 2748 5331 :
2776 5291 2882 5332 non
2919 5277 3061 5333 enim
3109 5291 3241 5346 gens
3273 5276 3560 5346 putabatur

1965 5385 2086 5426 esse
2105 5371 2176 5426 ob
2199 5353 2456 5426 vilitatem
2485 5372 2704 5426 nimiam
2725 5412 2742 5438 ,
2769 5369 2840 5424 ob
2865 5369 3222 5440 insipientiam
3244 5408 3258 5430 .
3285 5369 3356 5423 ob
3373 5383 3559 5422 amen-

1968 5465 2116 5520 tiam.
2143 5463 2249 5520 Sed
2280 5464 2673 5519 mutatiotanta
2691 5478 2722 5517 a
2751 5463 2855 5517 ﬁde
2879 5461 3018 5517 facta
3047 5469 3131 5516 est
3153 5501 3169 5526 ,
3213 5469 3272 5516 ut
3300 5459 3354 5514 hi
3383 5460 3558 5514 honoo

1968 5557 2258 5614 rabiliorss
2283 5564 2575 5628 appareant
2594 5556 2659 5611 iis
2677 5595 2694 5622 ,
2721 5555 2811 5624 qui
2837 5564 2964 5609 tunc
3001 5552 3420 5608 lionorabantur.
3446 5551 3561 5606 Hoc

1969 5667 2112 5722 aegre
2156 5649 2359 5704 laturos
2406 5647 2624 5704 Iudaeos
2649 5689 2665 5712 ,
2705 5656 2760 5701 et
2790 5646 2912 5701 inde
2941 5645 3193 5700 meliores
3221 5645 3458 5708 futuros.
3496 5655 3564 5697 ex

1972 5742 2056 5797 his
2093 5741 2642 5796 etiam‘deelaratur:
2688 5753 2795 5793 non
2840 5735 3347 5806 cnim.sisnpliciter
3401 5735 3560 5804 dixit,

1973 5845 2326 5906 anteponam;
2358 5831 2453 5908 sed
2479 5831 2637 5887 simul
2663 5829 2766 5886 hoc
2792 5829 2968 5901 ipsum
2997 5827 3276 5885 declarans
3299 5867 3314 5893 ,
3353 5836 3410 5882 et
3427 5841 3566 5901 qua-
