4178 6324
645 334 765 392 “823

654 475 989 544 lentcumque
1013 469 1135 525 hinc
1158 467 1391 525 futuram
1418 468 1845 533 emendationem
1872 462 2136 531 indicans,
2167 463 2233 518 In

651 564 1046 626 Iemulationem,
1070 562 1238 631 inquit
1254 602 1270 627 ,
1293 560 1541 614 deducam
1563 576 1647 613 vos
1686 559 1737 611 in
1758 575 1859 612 nou
1886 568 2029 638 gente
2058 555 2235 625 (Deut.

650 651 741 710 32.
765 654 857 728 Si)
887 673 902 722 ;
942 669 1004 709 ac
1030 654 1331 719 sitdiceret,
1356 648 1529 706 Tanta
1547 651 1685 706 dabo
1714 651 1840 720 ipsis
1862 643 1999 705 bona
2020 691 2036 716 ,
2067 660 2124 702 ut
2146 662 2239 703 vos

652 741 992 802 :emulatione
1013 744 1397 813 corripiamini,
1432 752 1486 798 et
1507 753 1563 797 ut
1593 741 1964 797 mordeamini.
1989 740 2106 796 Hoc
2135 740 2235 794 ita-

650 854 755 911 que
793 840 1044 897 meliores
1075 839 1219 910 ipsos
1244 836 1493 893 reddidit.
1524 833 1655 891 Nam
1684 835 1777 907 qui
1803 835 2027 890 divisum
2052 848 2230 900 mare,

646 935 841 987 scissas
871 942 1079 1002 petras,
1111 944 1291 985 aerem
1320 936 1582 983 mutatum
1601 967 1623 995 ,
1652 937 1706 981 et
1733 934 1811 981 tot
1838 934 2087 996 tantaque
2109 940 2234 995 pro-

645 1024 784 1095 digia
813 1024 1083 1085 viderant;
1110 1022 1216 1075 imo
1239 1035 1362 1077 vero
1387 1020 1476 1090 qui
1500 1019 1636 1073 filios
1657 1033 1782 1073 suos
1806 1016 2232 1083 immolaverant,

629 1117 733 1188 qui
766 1114 865 1183 ipsi
891 1113 1222 1184 Beelphegor
1266 1112 1456 1167 initiati
1486 1111 1700 1166 fuerant
1722 1152 1736 1175 ,
1771 1112 2060 1181 multisque
2091 1126 2228 1181 prae-

645 1206 819 1275 stigiis
872 1221 1090 1277 operam
1117 1202 1404 1269 dederant;
1438 1202 1494 1258 hi
1533 1209 1811 1273 postquam
1860 1216 1959 1257 nos
1996 1201 2230 1257 accessi-

644 1312 794 1363 mus,
827 1296 1087 1366 longeque
1136 1292 1555 1364 praestantiores‘
1578 1294 1689 1349 suis
1718 1308 1809 1348 res
1855 1292 2227 1357 exhibuimus,

643 1376 979 1443 a'mulatione
1018 1387 1202 1453 ducti,
1233 1395 1288 1442 et
1314 1386 1561 1442 meliores
1587 1382 1759 1441 ell'ecti
1791 1394 1953 1451 sunt,
1983 1394 2141 1453 atque
2172 1398 2231 1438 se

640 1464 1053 1547 continuerunt;
1081 1481 1152 1535 ita
1178 1490 1237 1535 ut
1265 1495 1328 1536 ea
1352 1494 1473 1557 quae
1499 1493 1597 1535 nec
1626 1478 2008 1550 prephetarum
2051 1476 2227 1530 moni-

642 1574 746 1640 tls,
796 1589 897 1628 nec
926 1572 1288 1643 predigiorum
1328 1571 1553 1628 ostentis
1584 1569 1755 1625 territi
1797 1567 2034 1623 fecerant
2058 1609 2073 1633 ,
2111 1569 2225 1636 jam

640 1665 978 1719 aemulatione
1009 1664 1175 1719 nostri
1198 1670 1341 1717 recte
1371 1660 1583 1715 faciant.
1614 1660 1783 1715 Nemo
1810 1660 1988 1729 itaque
2014 1659 2223 1713 illorum

634 1756 744 1826 jam
773 1753 907 1811 ﬁlios
931 1754 1191 1820 immolat,
1216 1767 1374 1813 nemo
1402 1752 1473 1807 ad
1491 1751 1632 1831 idola
1653 1751 1878 1833 accedit,
1900 1751 1985 1807 vel
2000 1750 2223 1807 vitulum

624 1846 841 1919 adurat.
892 1846 1221 1917 Virginitatis
1251 1845 1415 1903 decor
1459 1846 1512 1905 iu
1542 1844 1721 1902 Veteri
1770 1846 2113 1901 Testamento
2157 1860 2225 1900 ne

637 1939 1013 1999 nominabatur
1059 1938 1315 2009 quidem;
1353 1953 1477 1993 cum
1506 1946 1683 1992 autem
1726 1938 1779 1991 in
1804 1937 1955 1992 Novo
1989 1936 2225 2005 splendi-

633 2032 735 2085 dus
767 2016 1165 2097 futurus'esset,
1194 2029 1314 2085 vide
1339 2028 1608 2099 quomodo
1634 2028 1684 2083 id
1727 2028 1979 2098 prmdicat
2007 2025 2175 2083 David
2204 2044 2219 2081 :

624 2106 919 2190 VAﬂ'erentur
945 2124 1053 2194 regi
1076 2122 1294 2194 virgines
1326 2110 1439 2192 post
1464 2137 1573 2175 eam
1593 2162 1608 2187 ,
1641 2120 1958 2173 adducentur
1997 2119 2050 2173 in
2092 2128 2216 2173 tem-

631 2216 771 2285 plum
799 2214 928 2283 regis
958 2212 1129 2284 (Psal.
1161 2214 1249 2269 44.
1277 2211 1385 2282 16).
1411 2210 1517 2267 Sed
1547 2226 1717 2282 neque
1746 2210 2082 2265 Sacerdotum
2120 2225 2218 2265 no-

630 2320 753 2359 men
806 2304 1007 2369 tacuit,
1055 2304 1430 2375 episcoporum
1474 2302 1595 2357 dico
1644 2320 1657 2355 :
1711 2301 2025 2355 Coustituam
2082 2301 2216 2354 enim

632 2396 883 2465 principes
932 2406 1042 2449 tuos
1080 2396 1133 2450 in
1168 2411 1321 2466 pace,
1374 2403 1422 2448 et
1469 2396 1729 2464 episcopos
1772 2403 1883 2447 tuos
1918 2392 1972 2446 in
2014 2392 2219 2463 justitia

632 2486 836 2558 (Ilesai.
865 2487 951 2542 60.
982 2485 1095 2558 17).

696 2578 751 2633 8.
783 2577 975 2632 Judicii
1014 2578 1223 2633 extremi
1266 2579 1638 2646 pra:dictia.—
1661 2576 1928 2633 Venturus
1974 2584 2091 2633 erat
2130 2592 2215 2631 ra-

626 2673 838 2725 tionem
861 2680 1146 2725 exacturus
1171 2672 1239 2727 ab
1277 2672 1551 2726 hominum
1582 2686 1781 2741 genere
1803 2710 1817 2735 ,
1854 2679 1907 2725 et
1938 2670 2213 2741 speciatim

627 2778 657 2818 a
684 2761 915 2826 Iudaeis;
944 2762 1160 2816 attende
1186 2762 1459 2832 quomodo
1489 2772 1543 2817 et
1569 2762 1672 2817 hoc
1711 2761 1884 2832 ipsum
1918 2761 2213 2816 vaticiuen-

624 2862 712 2909 tur
736 2864 847 2909 tum
880 2854 1062 2920 David,
1095 2863 1203 2909 tum
1233 2854 1539 2922 Malacliias,
1568 2856 1655 2923 qui
1678 2855 1757 2910 sic
1780 2855 1892 2911 ait:
1923 2854 1989 2908 Et
2016 2855 2213 2925 ingres-

621 2964 709 3002 sus
754 2956 825 3001 est
866 2946 993 3001 sicut
1039 2948 1421 3017 conﬂatorium,
1475 2947 1602 3000 sicut
1646 2946 1799 3000 herba
1849 2946 2132 3017 fullonum,
2167 2955 2213 2999 et

625 3041 859 3109 purgabit
903 3047 1167 3109 argentum
1204 3048 1251 3092 et
1293 3055 1472 3091 aurum
1498 3039 1522 3102 (
1544 3038 1773 3091 Malach.
1816 3038 1872 3091 '5.
1916 3035 1990 3107 ὅ)
2021 3058 2035 3090 :
2063 3036 2211 3091 Pauli

620 3132 799 3187 verbis
826 3130 1003 3185 aliiuia
1026 3132 1277 3202 loquitur,
1302 3132 1487 3201 quisic
1503 3130 1671 3185 habet
1695 3150 1705 3183 :
1738 3130 1862 3184 Dies
1886 3131 2018 3184 enim
2042 3130 2213 3184 decla.

620 3226 772 3290 rabit,
798 3226 918 3296 quia
942 3228 993 3279 in
1016 3226 1135 3295 igne
1155 3227 1407 3280 revelatur
1422 3226 1500 3295 (L
1524 3224 1642 3280 Cor.
1664 3226 1715 3279 '5.
1739 3225 1851 3295 15).
1878 3225 2044 3280 David
2062 3240 2207 3291 vero,

622 3317 761 3371 Deus
788 3319 1049 3387 manifeste
1084 3319 1242 3372 veniet
1265 3316 1469 3389 .(Psal.
1514 3318 1604 3373 19.
1635 3317 1705 3387 3)
1725 3360 1738 3381 ,
1771 3316 2062 3371 secundum
2090 3317 2211 3387 ejus

619 3409 907 3464 adventum
958 3408 1302 3479 praedicans:
1346 3425 1468 3463 nam
1520 3410 1720 3479 primus
1768 3408 2034 3463 adventus
2082 3424 2208 3465 cum

622 3494 784 3557 mttlta
806 3504 1254 3573 attemperatione
1283 3503 1379 3557 fuit
1402 3545 1417 3570 ,
1448 3501 1714 3558 secundus
1755 3517 1861 3556 non
1895 3503 2071 3569 item;
2112 3503 2208 3559 sed

622 3594 860 3649 horroris
891 3595 1217 3664 terrorisque
1247 3595 1439 3665 plenus
1471 3592 1605 3661 erit,
1635 3594 1841 3664 angelis
1860 3610 2206 3666 praecurren-

622 3686 787 3751 tibus,
816 3684 1039 3755 ejusque
1058 3687 1336 3755 prazsentia
1362 3701 1460 3741 ceu
1489 3685 1665 3755 fulgur
1690 3686 1869 3740 omnia
1890 3695 2204 3757 occupante.

617 3777 749 3835 Nam
774 3780 905 3834 sicut
942 3780 1135 3849 fulgur,
1179 3778 1380 3847 inquit,
1410 3778 1514 3831 eicit
1544 3777 1861 3843 ala-oriente,
1910 3786 1958 3830 et
1997 3788 2208 3847 apparet

616 3869 881 3939 usquead
924 3869 1259 3934 occidentem,
1304 3868 1375 3920 ita
1423 3868 1513 3920 erit
1558 3867 1802 3921 adventus
1840 3866 1967 3921 Filii
1991 3868 2207 3923 hominis

616 3964 638 4034 (
663 3962 850 4018 lauti.
880 3962 973 4017 24.
1000 3961 1069 4015 27
1088 3962 1111 4032 ⁷)
1140 3979 1152 4015 :
1180 3974 1289 4031 quo
1316 3959 1621 4015 declaratur
1662 3960 1783 4029 ejus
1809 3950 2084 4030 splelldor,
2116 3961 2205 4029 qui

616 4054 962 4123 semetipsum
987 4052 1304 4106 annunciat.
1328 4049 1456 4106 -Hoc
1484 4050 1649 4105 David
1680 4050 1923 4105 iudiCans
1962 4051 2203 4119 dicebat,

618 4145 753 4199 Deus
779 4145 1041 4213 manifeste
1062 4142 1226 4197 ueniet
1257 4142 1275 4213 (
1302 4140 1447 4196 Psal.
1476 4142 1567 4198 49.
1598 4144 1633 4198 5
1652 4142 1697 4213 )-
1738 4142 1943 4198 Deinde
1961 4143 2203 4199 futurum

614 4236 732 4305 ejus
768 4235 1026 4305 judicium
1070 4233 1375 4303 significans
1412 4234 1490 4288 sic
1538 4234 1922 4304 prosequitur:
1958 4234 2104 4305 Ignis
2152 4236 2206 4290 in

614 4336 883 4399 conspectu
908 4330 1014 4399 ejus
1046 4326 1332 4381 exardescet
1354 4367 1370 4393 ,
1401 4336 1448 4380 et
1486 4327 1537 4380 in
1564 4328 1776 4381 circuitu
1805 4329 1914 4399 ejus
1941 4337 2206 4395 tempestas

616 4422 784 4474 valida
808 4420 1015 4489 (lbid.).
1048 4418 1321 4491 Supplicia
1336 4419 1697 4482 memoravit,
1731 4419 2070 4489 splendorem
2091 4421 2203 4490 jam

618 4515 834 4572 indicat.
864 4514 1137 4569 Advocabit
1176 4514 1355 4569 cretum
1380 4513 1679 4581 desursum,
1708 4524 1753 4569 et
1792 4525 1979 4569 terram
2007 4515 2202 4570 discer-

616 4627 733 4667 nere
761 4610 1007 4680 populum
1035 4624 1181 4662 suum
1201 4606 1374 4678 (Ib.v.
1393 4608 1447 4678 4)
1469 4608 1586 4663 ε’ὴὶο
1613 4617 1809 4663 terram
1846 4619 2004 4665 vocat
2033 4626 2204 4680 genus

616 4702 907 4759 humanum
930 4742 946 4767 ,
977 4701 1078 4756 sub
1117 4700 1233 4755 btec
1274 4715 1397 4755 cum
1429 4708 1541 4755 toto
1580 4700 1853 4757 hominum
1880 4718 2079 4773 genere
2106 4703 2200 4757 Ju-

614 4794 771 4851 εἰκοσι
808 4808 1168 4851 aunumerans
1198 4811 1212 4845 :
1245 4808 1367 4849 nam
1414 4793 1484 4849 ad
1532 4794 1655 4849 illos
1694 4809 1905 4864 quoque
1951 4796 2200 4865 respicit;

619 4888 734 4941 hac
757 4884 1032 4955 subiungit
1057 4901 1071 4937 :
1099 4882 1409 4956 Congregete
1428 4884 1511 4939 illi
1528 4894 1731 4939 sanctos
1753 4886 1865 4955 ejus
1884 4927 1899 4951 ,
1941 4888 2027 4955 qui
2065 4888 2205 4941 ordi-

618 4984 739 5029 nant
756 4984 1111 5035 testamentum
1138 4975 1247 5040 ejus
1266 4990 1422 5043 super
1444 4976 1697 5045 sacriﬁcia
1715 4992 1737 5029 :
1758 4986 1810 5031 et
1838 4978 2205 5032 annuntiabunt

616 5066 729 5120 cali
738 5066 990 5137 justitiam
1017 5048 1425 5137 eju}:quoniam
1441 5059 1753 5131 Deusjudea:
1766 5072 1838 5117 est
1854 5063 2213 5137 (Ib.v.5.)Ad~

617 5167 778 5216 ventu
808 5171 906 5213 suo
930 5143 1314 5215 sacrificio-rum
1352 5157 1553 5213 cultum
1584 5158 1893 5214 sublaturus
1929 5170 1982 5215 et
2012 5175 2203 5229 repro-

619 5251 838 5306 baturus
866 5259 1010 5314 erat,
1046 5258 1101 5303 ut
1130 5250 1373 5305 uestrum
1403 5250 1506 5306 hoc
1536 5252 1857 5306 sacriﬁcium
1888 5252 2199 5315 induceret;

620 5343 742 5398 audi
769 5342 1037 5413 quomodo
1078 5350 1133 5397 et
1175 5342 1291 5397 haec
1329 5342 1584 5413 praedicta
1628 5344 1737 5398 sint
1764 5360 1776 5397 :
1807 5342 2132 5412 Sacriﬁcium
2156 5352 2203 5397 et

618 5434 919 5490 oblationem
945 5434 1149 5488 noluisti
1180 5450 1200 5488 :
1222 5450 1409 5504 corpus
1434 5444 1599 5489 autem
1641 5435 1825 5505 optasti
1853 5436 1978 5491 mihi
2015 5436 2199 5505 (Psal.

616 5529 706 5586 39.
740 5527 808 5599 7)
834 5544 853 5581 :
878 5528 1018 5597 quod
1046 5527 1205 5581 etiam
1233 5526 1596 5581 alibi-dicebat
1623 5544 1637 5582 :
1668 5525 1902 5596 Populus
1926 5543 2073 5599 quem
2099 5542 2199 5581 non

614 5622 822 5691 cognoui
866 5619 1062 5673 servivit
1106 5618 1260 5684 mihi,
1309 5618 1363 5671 in
1408 5617 1587 5670 auditu
1632 5618 1773 5672 auris
1814 5617 2033 5672 obcdivit
2078 5619 2201 5673 mihi

620 5708 788 5783 (Psal.
823 5711 909 5766 1⁸1.
933 5711 1023 5780 45)
1042 5751 1055 5778 ,
1079 5705 1131 5763 id
1155 5717 1257 5774 est,
1281 5724 1389 5763 non
1411 5724 1557 5763 mare
1582 5708 1809 5764 divisum
1828 5751 1841 5774 ,
1872 5725 1981 5764 non
2022 5718 2201 5777 petras

614 5798 811 5856 scisSas
834 5802 1057 5871 videns,
1100 5801 1195 5857 sed
1237 5800 1461 5859 audiens
1497 5801 1771 5872 apostolos
1813 5814 1981 5857 meos.
2016 5802 2082 5857 Et
2111 5800 2196 5857 hic

1298 300 1301 301 ν
1366 352 1424 408 S.
1462 347 1741 413 JOANNIS
1778 345 2251 406 CilRYSOSTOMl
2291 347 2614 410 ARCRIEP.
2652 350 3186 416 ΟΟΝΒΤΑΝἸῚΝΟΡ.

3850 364 3964 423 Sil

2349 480 2562 521 rursum
2585 510 2602 535 ,
2636 466 2831 539 Corpus
2854 480 3022 527 autem
3046 473 3247 541 optasti
3284 472 3425 527 υιὶΙιί.
3458 473 3585 532 Post
3624 476 3737 532 hac
3766 482 3957 535 statim

2344 557 2556 626 adjecit,
2593 558 2734 613 Tunc
2760 561 2867 614 dixi
2889 604 2903 627 ,
2933 579 3048 618 ecce
3071 566 3237 619 senio.
3265 563 3333 619 In
3363 566 3528 635 capite
3548 568 3671 622 libri
3696 572 3959 641 scriptum

2344 658 2415 701 est
2441 649 2504 702 de
2526 666 2604 703 me
2629 649 2802 722 (Psal.
2829 652 2917 707 39.
2945 653 3054 723 10).
3091 654 3205 710 Duo
3236 664 3415 711 autem
3439 658 3526 713 hic
3547 660 3871 731 indicantur,
3898 674 3959 719 et

2345 750 2629 796 venturum
2657 758 2797 809 esse,
2825 756 2876 800 ct
2910 755 3035 824 tunc
3054 757 3337 804 venturum
3364 765 3513 819 esse,
3537 768 3657 808 cum
3681 757 3954 812 sacriﬁcia

2344 830 2542 915 rejeeta
2572 832 2809 901 fuerint,
2842 837 2983 905 quod
3015 846 3141 892 tunc
3166 840 3423 911 contigit,
3461 858 3582 898 cum
3612 844 3953 915 principatus

2339 914 2593 976 Iudaicus
2622 922 2675 977 in
2708 923 3017 981 Romanum
3054 931 3281 989 transiit.
3302 930 3614 995 Invenimus
3637 936 3948 1011 etiam/Ba-

2340 1012 2468 1066 rucb
2510 1013 2578 1068 de
2614 1014 2845 1071 adventu
2891 1019 3009 1088 ejus
3055 1020 3128 1081 ita
3168 1022 3475 1093 loquentem
3506 1043 3521 1082 :
3547 1026 3614 1083 In
3643 1037 3777 1084 terra
3800 1032 3949 1085 visus

2338 1111 2432 1168 est,
2453 1112 2632 1157 etcum
2654 1105 2935 1161 hominibus
2952 1121 3272 1167 conversatus
3286 1125 3361 1168 est
3380 1114 3604 1187 (Bartsch
3639 1119 3693 1175 5.
3715 1120 3827 1191 38).
3849 1124 3946 1176 Ait

2338 1207 2549 1263 quoque
2575 1194 2783 1267 Moyses
2818 1215 2830 1255 :
2864 1198 3179 1270 Praphetam
3220 1204 3357 1259 vobis
3401 1208 3639 1263 excitabit
3682 1192 3943 1265 Dominus

2338 1281 2474 1337 Deus
2516 1301 2579 1339 ea:
2620 1286 2861 1354 fratribus
2903 1293 3078 1345 vestris
3118 1294 3247 1348 sicut
3277 1312 3357 1349 me
3380 1312 3399 1350 :
3424 1298 3591 1366 ipsum
3629 1302 3843 1354 audietis
3883 1303 3943 1355 in

2336 1374 2585 1429 omnibus.
2618 1371 2685 1430 Et
2715 1380 2827 1445 erit,
2860 1381 3023 1435 omnis
3052 1383 3255 1451 anima,
3287 1402 3404 1457 quia
3430 1386 3530 1441 non
3558 1392 3777 1446 audierit
3813 1412 3941 1460 pro-

2334 1466 2538 1535 phelam
2558 1468 2721 1536 illum,
2754 1474 3166 1530 exterminabitur
3192 1476 3255 1531 de
3288 1481 3480 1549 papula
3504 1500 3594 1536 suo
3625 1482 3815 1552 (Deut.
3840 1488 3934 1543 18.

2334 1557 2447 1629 18).
2481 1558 2642 1616 Vides
2673 1561 2776 1618 hoc
2804 1565 2855 1618 in
2884 1566 3031 1621 nullo
3058 1568 3165 1624 alio
3193 1570 3507 1641 impletum,
3540 1590 3697 1645 quam
3736 1576 3793 1632 in
3828 1578 3936 1633 hoc

2334 1659 2559 1706 tantum.
2583 1653 2717 1710 Nam
2740 1658 2899 1711 multi
2923 1660 3197 1732 prophetae
3220 1677 3585 1733 surrexerunt,
3609 1679 3659 1723 et
3681 1670 3935 1725 omnibus

2331 1742 2745 1815 inobsequentes
2773 1748 3008 1820 fuerunt,
3035 1753 3273 1825 nihilque
3296 1768 3577 1828 propterea
3609 1764 3748 1830 passi
3778 1766 3928 1818 sunt.

2332 1834 2466 1891 Huic
2495 1847 2673 1892 autem
2714 1838 2837 1910 quia
2877 1858 2983 1900 non
3015 1844 3335 1903 obedierunt
3361 1850 3565 1919 Judaei,
3598 1854 3883 1923 palabundi
3912 1896 3930 1921 ,

2328 1937 2608 1995 errantes,
2668 1928 2913 2002 fugitivi,
2966 1938 3180 1993 exsules
3224 1940 3421 2011 ubique
3470 1954 3744 2015 vagantur.
3792 1947 3931 2005 Vide

2327 2030 2557 2087 namque
2587 2023 2856 2090 quomodo
2881 2025 3085 2083 exclusi
3125 2029 3233 2083 sint
3256 2045 3285 2083 a
3313 2032 3563 2103 civitate,
3592 2046 3752 2107 atque
3776 2052 3805 2091 a
3832 2055 3932 2110 pa-

2326 2112 2491 2166 ternis
2521 2111 2727 2183 legibus
2756 2124 2815 2170 et
2850 2120 3330 2178 consuetudinibus
3354 2165 3371 2190 ,
3422 2140 3544 2179 cum
3590 2128 3882 2195 ignominia
3904 2173 3924 2196 ,

2327 2202 2685 2271 turpitudine,
2717 2214 2775 2261 et
2802 2208 3021 2263 ultionis
3056 2225 3232 2281 pmna.
3262 2213 3394 2281 Quae
3435 2231 3565 2272 vero
3591 2219 3692 2274 sub
3726 2220 3929 2289 Vespa-

2324 2292 2477 2349 siano
2502 2304 2555 2349 et
2580 2296 2700 2351 Tito
2724 2300 2866 2368 passi
2896 2310 3037 2367 sunt,
3074 2317 3140 2358 ne
3164 2307 3403 2361 enarrari
3434 2308 3649 2379 quidem
3674 2323 3927 2381 possunt,

2322 2383 2393 2438 ita
2421 2400 2636 2441 omnem
2668 2390 3024 2447 calamitatem
3055 2396 3269 2451 excedit
3299 2397 3387 2457 illa
3419 2402 3699 2470 tragcedia.
3726 2404 3792 2459 Et
3819 2405 3930 2459 imo

2322 2474 2523 2545 pletum
2555 2488 2637 2535 est
2664 2481 3036 2551 propheticum
3069 2485 3198 2539 illud
3224 2506 3239 2541 :
3266 2486 3445 2545 Omnis
3466 2494 3555 2563 qui
3582 2511 3684 2547 non
3702 2496 3928 2551 audierit

2322 2572 2620 2640 praplietam
2641 2574 2809 2641 illum,
2831 2580 3263 2637 exterminabitur.
3292 2581 3417 2638 ideo
3438 2585 3577 2656 apud
3603 2586 3721 2642 illos
3742 2590 3927 2643 omnia

2323 2661 2377 2715 in
2406 2662 2747 2720 solitudinem
2774 2682 2948 2735 versa,
2973 2672 3095 2740 quia
3134 2673 3451 2743 prOphetam
3496 2676 3645 2731 illum
3687 2694 3791 2733 non
3819 2695 3926 2734 au-

2318 2752 2551 2809 dierunt.
2596 2756 2749 2822 Quod
2793 2761 3207 2819 resuscitaturus
3255 2766 3328 2819 sit
3371 2780 3599 2835 omnes,
3628 2768 3926 2827 declaravit

2320 2845 2540 2902 Hessias
2572 2848 2654 2904 his
2683 2851 2859 2906 verbis
2890 2870 2903 2905 :
2932 2852 3216 2925 Resurgent
3241 2860 3426 2913 mortui
3448 2900 3466 2925 ,
3492 2870 3539 2913 et
3568 2861 3927 2915 excitabuiuur

2318 2938 2405 3007 qui
2442 2940 2495 2993 in
2534 2940 2781 3011 sepulcris
2819 2952 2957 2999 sunt.
2987 2945 3253 3009 Ras-enini
3276 2950 3363 3020 qui
3388 2967 3420 3004 α
3444 2960 3493 3007 te
3516 2953 3767 3009 medicina
3792 2957 3926 3026 ipsis

2319 3038 2390 3081 est
2420 3029 2624 3101 (Hesai.
2650 3033 2742 3094 26.
2762 3032 2878 3108 19).
2904 3035 3089 3107 Neque
3118 3038 3220 3096 hoc
3247 3051 3481 3109 tantum,
3504 3048 3600 3100 sed
3627 3046 3769 3117 quod
3798 3060 3925 3117 post

2316 3136 2531 3178 crucem
2557 3166 2573 3192 ,
2603 3136 2721 3195 post
2747 3127 2949 3184 caedem
2976 3130 3230 3188 clariores
3260 3149 3351 3190 res
3381 3134 3500 3205 ejus
3542 3136 3734 3193 futura:
3773 3141 3920 3207 sint,

2316 3213 2565 3285 quodque
2604 3226 2725 3287 post
2771 3222 3222 3297 resurrectionem
3264 3224 3421 3280 latius
3465 3230 3801 3299 propaganda
3848 3232 3924 3286 sit

2317 3307 2626 3376 praedicatio
2668 3309 3023 3382 (przcdictum
3052 3314 3186 3385 est).
3214 3314 3347 3384 Quia
3384 3318 3527 3373 enim
3575 3319 3768 3391 ligatus
3796 3332 3882 3377 est
3903 3364 3920 3387 ,

2314 3398 2558 3468 proditus
2599 3416 2631 3455 a
2670 3400 2933 3473 discipulo
2956 3446 2973 3472 ,
3003 3407 3177 3477 sputis
3202 3415 3257 3462 et
3286 3411 3625 3467 contumeliis
3658 3411 3919 3482 affectus,

2313 3490 2649 3557 verberatus,
2679 3495 2991 3562 crucifixus,
3028 3505 3082 3551 et
3108 3508 3367 3567 quantum
3398 3501 3450 3555 in
3483 3502 3586 3556 illis
3616 3501 3713 3557 fuit
3737 3520 3805 3558 ne
3838 3520 3923 3560 se-

2314 3585 2545 3652 pultura:
2569 3584 2784 3654 quidem
2814 3588 3038 3644 traditus
3058 3632 3072 3656 ,
3101 3605 3165 3647 ac
3191 3593 3508 3652 vestimenta
3550 3596 3667 3665 ejus
3711 3596 3920 3654 divise-

2312 3684 2439 3728 runt
2462 3676 2682 3742 milites,
2710 3677 2831 3746 quia
2861 3677 2913 3732 in
2944 3681 3306 3749 suspicionem
3338 3686 3636 3755 tyrannidis
3668 3696 3914 3755 vocatus,

2312 3776 2367 3820 et
2398 3767 2548 3836 quasi
2574 3767 2919 3838 blasphemus
2948 3769 3115 3837 obiit;
3142 3772 3328 3843 (quasi
3356 3782 3618 3845 tyrannus
3641 3778 3847 3834 scilicet
3871 3782 3918 3855 ),

2316 3858 2494 3912 Omnis
2536 3860 2667 3913 enim
2692 3902 2707 3925 ,
2744 3862 2830 3931 qui
2866 3878 2921 3915 se
2962 3879 3132 3933 regem
3166 3866 3327 3935 facit,
3378 3869 3682 3923 contradicit
3723 3870 3920 3926 (Σωδαή

2312 3947 2495 4019 (Joan.
2522 3950 2609 4004 19.
2633 3951 2759 4020 1‘2);
2785 3967 2997 4007 rursum
3023 3955 3200 4025 (quasi
3229 3956 3597 4029 blasphemus)
3626 3960 3762 4015 Ecce
3781 4004 3796 4027 ,
3824 3978 3916 4017 eos

2310 4040 2524 4094 audistis
2549 4040 2916 4112 blasphemiam
2942 4046 3055 4115 ejus
3082 4046 3102 4117 (
3125 4045 3313 4101 Matth.
3354 4048 3446 4103 36.
3476 4051 3546 4106 65
3573 4052 3625 4121 );
3651 4054 3795 4121 quia,
3821 4052 3914 4108 in-

2311 4148 2470 4203 quam
2490 4176 2507 4200 ,
2552 4134 2669 4189 haec
2711 4129 2889 4191 omnia
2930 4138 3189 4194 eventura
3216 4150 3370 4195 erant
3390 4182 3406 4207 ,
3436 4142 3737 4198 auditorem
3769 4148 3916 4201 exci-

2312 4232 2456 4293 tans,
2480 4235 2533 4281 et
2556 4226 2623 4281 ad
2654 4226 2899 4283 ﬁduciam
2926 4244 3268 4299 praeparans;
3300 4246 3373 4287 ne
3395 4233 3671 4303 timueris,
3705 4237 3911 4307 inquit,

2312 4319 2501 4374 horum
2534 4335 2692 4375 causa
2720 4339 2735 4376 :
2766 4320 2911 4377 illius
2941 4322 3101 4389 enim,
3137 4324 3228 4395 qui
3250 4324 3559 4393 cruciﬁxus,
3589 4327 3911 4401 ﬂagellatus,

2309 4426 2337 4464 a
2370 4412 2670 4467 latronibus
2696 4414 3024 4469 contumelia
3063 4415 3287 4496 affectus
3308 4459 3324 4484 ,
3358 4418 3411 4473 in
3442 4418 3793 4489 blasphemia:
3820 4438 3909 4477 su-

2310 4506 2603 4574 Spicionem
2626 4517 2847 4563 vocatus
2870 4507 3082 4565 occisus
3109 4520 3191 4566 est
3211 4529 3226 4579 ;
3256 4511 3421 4580 illius,
3446 4514 3684 4584 inquam,
3711 4501 3800 4571 res
3822 4518 3912 4571 tali

2310 4597 2615 4653 conditione
2640 4609 2762 4669 post
2784 4611 3013 4656 mortem
3033 4611 3228 4677 etpost
3254 4608 3709 4663 resurrectionem
3730 4619 3907 4676 erunt,

2312 4700 2369 4743 ut
2392 4705 2551 4743 nemo
2573 4692 2847 4762 negaverit
2876 4700 2997 4749 eum
3023 4693 3230 4751 honore
3260 4713 3458 4767 magno
3480 4699 3741 4769 repletum
3766 4716 3905 4757 esse.

2310 4779 2425 4836 Hoc
2452 4781 2635 4852 utique
2665 4783 2743 4839 sic
2766 4785 3025 4855 contigit,
3057 4786 3203 4857 quod
3240 4787 3333 4845 diu
3370 4799 3499 4846 ante
3542 4794 3907 4861 pramuntians

2312 4874 2569 4945 propheta
2599 4876 2847 4934 dicebat:
2877 4876 2992 4962 Erit
3015 4881 3167 4936 radis;
3188 4870 3386 4949 lassae,
3416 4892 3461 4937 et
3479 4884 3565 4954 qui
3585 4895 3818 4957 usurpet
3847 4896 3905 4940 ut

2309 4968 2519 5037 imperet
2551 4967 2793 5025 Gentibus
2815 4986 2835 5026 :
2860 4972 2913 5025 in
2951 4972 3062 5042 ipso
3091 4971 3275 5029 Gentes
3296 4974 3605 5045 sperabunt,
3630 4985 3678 5029 et
3705 4978 3800 5030 erit
3822 4994 3906 5033 re-

2310 5059 2450 5128 quies
2474 5060 2585 5133 cjus
2613 5063 2775 5115 honor
2801 5062 2821 5131 (
2844 5061 3021 5116 Hesai.
3054 5064 3142 5117 11.
3172 5064 3315 5135 10);
3344 5079 3408 5121 ac
3446 5065 3490 5119 si
3530 5064 3736 5122 diceret
3762 5086 3776 5121 :
3806 5067 3907 5124 hoc

2310 5164 2479 5219 genus
2507 5152 2697 5208 mortis
2723 5152 3030 5209 diademate
3073 5153 3443 5211 honorabilius
3471 5166 3573 5211 est.
3607 5156 3905 5229 Imperato-o

2311 5256 2399 5298 res
2426 5244 2569 5298 enim
2598 5246 2773 5315 posito
2798 5244 3133 5315 diademate,
3164 5262 3378 5305 crucem
3409 5249 3729 5321 suscipiunt,
3761 5266 3907 5325 sym-

2310 5336 2490 5391 bolum
2519 5338 2709 5393 mortis
2739 5339 2919 5394 illius:
2947 5340 3002 5395 in
3034 5355 3267 5410 purpura
3297 5357 3429 5397 crux
3454 5384 3469 5409 ,
3512 5336 3906 5404 in-diademate

2308 5444 2460 5496 crux,
2495 5431 2547 5485 in
2576 5431 2827 5500 precibus
2849 5446 3001 5499 crux;
3025 5433 3077 5487 in
3100 5435 3263 5489 armis
3288 5448 3443 5502 crux,
3468 5436 3520 5491 in
3542 5451 3693 5491 sacra
3721 5453 3905 5495 mensa

2300 5535 2459 5586 crux,
2484 5529 2539 5575 et
2563 5522 2757 5592 ubique
2786 5530 3048 5578 terrarum
3070 5538 3202 5580 crux
3228 5524 3347 5597 plus
3372 5541 3531 5597 quam
3554 5528 3633 5582 sol
3656 5528 3903 5600 refulget.

2310 5612 2377 5671 Et
2405 5615 2498 5668 erit
2522 5615 2714 5684 requies
2735 5616 2845 5681 ejus
2868 5616 3049 5670 honor.

2383 5707 2436 5761 9.
2469 5710 2535 5761 At
2565 5722 2672 5762 non
2700 5707 3007 5778 bujusmodi
3034 5719 3160 5765 sunt
3184 5720 3273 5766 res
3296 5709 3565 5782 humanae,
3598 5716 3709 5772 imo
3733 5712 3785 5768 in
3813 5715 3902 5770 bis

2316 5810 2500 5858 contra
2524 5817 2745 5873 prorsus
2768 5802 2979 5861 accidit.
3002 5802 3136 5865 Nam
3163 5804 3463 5861 viventibus
3486 5808 3551 5863 iis
3574 5849 3593 5878 ,
3618 5807 3708 5880 qui
3735 5806 3901 5876 gloria
