4150 6352
206 377 328 434 89.5

214 496 493 561 fruuntur,
519 508 605 549 res
626 506 812 547 eorum
834 490 1060 558 ﬂorent;
1086 490 1148 545 iis
1170 505 1300 545 vero
1324 490 1568 554 mortuis,
1595 501 1817 559 pereunt

216 598 279 643 et
307 589 505 643 omnia.
532 585 683 652 Quod
707 600 812 639 non
844 585 897 640 in
922 585 1085 640 divite
1104 625 1120 649 ,
1152 600 1328 655 neque
1354 585 1406 639 in
1435 583 1675 654 principe
1706 593 1821 639 tan-

222 691 362 748 tum,
386 681 481 737 sed
510 681 565 734 in
594 682 709 751 ipso
737 678 1065 749 lmperatore
1088 678 1500 734 animadvertas.
1527 680 1735 734 Etenim
1766 688 1819 733 et

221 774 374 847 leges
415 788 601 828 eorum
645 773 992 842 abrogantur,
1034 780 1089 827 et
1130 772 1385 841 imagines
1428 774 1817 841 obscurantur,

219 862 488 917 memoria
529 877 715 917 eorum
746 862 1128 931 exstinguitur,
1158 877 1351 917 nomen
1400 864 1451 917 in
1494 863 1818 919 oblivionem

221 957 393 1020 venit,
424 955 645 1010 clientes
666 957 1070 1025 despiciuntur:
1101 958 1309 1011 illorum
1331 958 1537 1012 scilicet
1560 958 1646 1027 qui
1678 960 1820 1027 prius

220 1062 376 1101 arma
408 1056 705 1114 moverant,
734 1049 823 1118 qui
854 1059 983 1102 nutu
1012 1049 1130 1103 solo
1156 1050 1380 1118 populos
1400 1092 1413 1113 ,
1446 1050 1603 1104 urbes
1629 1065 1821 1118 resque

223 1139 470 1208 publicas
491 1148 845 1207 mutaverant,
871 1140 1061 1209 quibus
1084 1140 1276 1203 licebat
1298 1150 1350 1195 et
1375 1140 1641 1208 occidero,
1675 1151 1729 1195 et
1754 1142 1819 1196 ad

220 1234 545 1303 supplicium
584 1233 772 1287 ductos
816 1247 847 1286 a
894 1240 1067 1287 morte
1115 1233 1361 1288 liberare.
1408 1236 1662 1288 Attamen
1707 1233 1822 1289 lucc

221 1328 407 1380 omnia
455 1333 710 1395 pereunt,
753 1326 875 1380 licet
920 1335 1077 1380 antea
1123 1311 1420 1382 floruerint.
1458 1328 1527 1382 At
1571 1343 1727 1383 secus
1767 1328 1819 1383 in

220 1417 445 1472 Christo
472 1435 486 1469 :
518 1434 641 1472 nam
668 1426 792 1472 ante
814 1433 1028 1472 crucem
1059 1419 1111 1473 in
1144 1418 1287 1471 luctu
1316 1434 1401 1473 res
1441 1431 1594 1474 erant
1614 1466 1628 1482 ,
1657 1420 1821 1476 Judas

225 1508 496 1576 prodidit,
533 1508 719 1562 Petrus
751 1509 992 1578 negavit,
1025 1509 1212 1578 reliqui
1244 1508 1523 1579 fugerunt,
1554 1512 1700 1565 solus
1731 1512 1821 1566 ille

223 1599 371 1652 inter
397 1599 642 1654 inimicos
666 1601 1086 1670 comprehensus
1130 1610 1246 1666 est,
1291 1602 1441 1656 multi
1489 1619 1554 1657 ex
1602 1604 1698 1669 iis,
1731 1604 1819 1673 qui

222 1691 603 1758 crediderant,
656 1703 951 1748 retrorsum
1001 1694 1263 1750 abierunt.
1306 1696 1595 1767 Postquam
1642 1708 1821 1752 autent

223 1784 439 1839 occisus
468 1786 628 1840 vitam
657 1786 868 1851 clausit,
900 1794 956 1841 ut
986 1788 1159 1844 discas
1201 1804 1323 1843 eum
1343 1832 1357 1856 ,
1399 1789 1488 1859 qui
1529 1792 1821 1848 cruciﬁxus

223 1885 334 1941 est,
367 1890 473 1929 non
506 1891 693 1944 purum
722 1876 993 1930 hominem
1029 1876 1230 1943 fuisse,
1262 1893 1349 1933 res
1384 1881 1499 1949 ejus
1527 1881 1783 1936 clariores
1803 1924 1818 1949 ,

224 1969 547 2023 illustriores
589 1984 651 2022 ac
695 1970 1033 2023 sublimiores
1075 1980 1383 2027 evaserunt.
1424 1973 1563 2026 Ante
1607 1988 1821 2029 crucem

228 2062 481 2131 princeps
497 2062 885 2133 apostolorum,
912 2078 979 2118 ne
1000 2062 1230 2119 ostiaria:
1250 2065 1463 2133 quidem
1487 2067 1660 2121 minas
1682 2069 1819 2132 tulit,

223 2153 326 2209 sed
350 2164 472 2223 post
504 2162 701 2207 tantam
735 2155 1087 2211 initiationem
1110 2199 1125 2224 ,
1154 2157 1329 2212 aiebat
1365 2174 1423 2213 se
1462 2162 1671 2214 nescire
1702 2162 1821 2229 quis

226 2254 375 2297 esset
401 2262 415 2298 :
446 2254 564 2313 post
584 2259 797 2299 crucem
822 2262 951 2302 vero
978 2248 1163 2303 orbem
1197 2258 1455 2303 terrarum
1484 2253 1818 2320 peragravit:

227 2338 355 2391 hinc
385 2337 652 2391 innumeri
680 2339 860 2408 pepuli
890 2349 1182 2412 martyrum
1223 2342 1449 2412 jugulati
1493 2356 1637 2411 sunt,
1686 2360 1824 2414 prte-

224 2435 475 2494 optantes
500 2428 704 2494 occidi,
737 2445 892 2498 quam
921 2446 982 2484 ea
1013 2432 1157 2502 loqui
1183 2474 1197 2499 ,
1227 2450 1345 2503 qua:
1377 2434 1626 2505 loquutus
1653 2435 1825 2491 fuerat

229 2518 479 2587 princeps
505 2520 891 2589 apostolorum,
923 2522 1082 2577 unius
1106 2524 1337 2578 ostiaria:
1361 2534 1567 2580 terrore
1604 2542 1825 2596 supera-

227 2622 335 2665 tus.
367 2611 501 2665 Hinc
532 2628 719 2667 omnes
745 2614 1009 2682 regiones,
1038 2622 1093 2669 et
1121 2628 1308 2670 omnes
1337 2616 1603 2683 civitates,
1628 2617 1817 2674 deser-

227 2712 370 2766 tum,
404 2701 636 2757 habitata
669 2713 719 2758 et
747 2704 1037 2759 inhabitata
1067 2714 1243 2771 terra,
1275 2708 1589 2762 cruciﬁxum
1631 2711 1823 2779 przedi-

224 2808 436 2848 camus.
480 2794 653 2864 Reges
675 2833 692 2862 ,
740 2796 931 2863 duces,
984 2798 1279 2867 principes,
1309 2796 1556 2854 consules
1579 2841 1593 2867 ,
1628 2801 1819 2869 liberi,

226 2894 392 2951 sem,
418 2884 617 2953 idiotze,
641 2888 928 2955 sapientes,
954 2887 1289 2956 insipientes,
1314 2888 1547 2957 barbari,
1568 2892 1822 2962 variaque

228 2974 506 3029 hominum
528 2991 745 3045 genera,
770 2977 985 3033 demum
1012 2980 1280 3047 universa,
1301 2997 1457 3049 quam
1480 2982 1560 3037 sol
1584 2984 1819 3052 respicit,

231 3076 372 3121 terra
418 3080 524 3122 tam
557 3071 731 3139 ampla
761 3070 865 3126 hoc
896 3074 1112 3127 nomine
1138 3084 1191 3129 et
1222 3075 1337 3144 ejus
1365 3076 1679 3133 adoratione
1718 3078 1822 3133 fre-

228 3168 536 3226 quentatur,
560 3170 619 3214 ut
647 3160 821 3217 discas
851 3164 977 3232 quid
1009 3165 1115 3228 sit,
1148 3160 1260 3218 Erit
1286 3168 1479 3237 requies
1502 3170 1611 3239 ejus
1637 3170 1818 3224 honor.

226 3247 402 3303 Locus
428 3258 631 3317 autem,
663 3253 752 3321 qui
781 3268 976 3323 corpus
1003 3254 1130 3309 illud
1159 3257 1398 3311 occisum
1426 3260 1625 3328 recepit
1650 3303 1665 3327 ,
1700 3261 1822 3315 licet

225 3340 519 3395 admodum
547 3358 741 3411 parvus
768 3351 821 3397 et
847 3353 1122 3415 angustus,
1156 3347 1452 3405 innumeris
1478 3367 1660 3420 regum
1686 3354 1823 3409 aulis

224 3432 605 3499 venerabilior,
635 3433 869 3505 ipsisque
909 3438 1121 3507 regibus
1147 3442 1431 3507 pretiosior
1461 3458 1479 3494 ι
1507 3442 1576 3495 Et
1617 3446 1708 3497 erit
1736 3464 1820 3500 re-

223 3524 367 3592 quia
393 3525 502 3594 ejus
528 3525 710 3579 honor.
738 3528 998 3597 Quodque
1028 3530 1271 3586 mirabile
1301 3532 1445 3587 dictu
1476 3544 1559 3589 est
1588 3555 1600 3589 :
1634 3537 1683 3590 id
1715 3554 1819 3592 non

225 3611 327 3684 ipsi
360 3622 585 3680 tantum,
618 3616 713 3671 sed
740 3618 899 3671 etiam
927 3619 1207 3690 discipulis
1236 3622 1354 3691 ejus
1394 3626 1617 3696 contigit
1649 3645 1661 3680 :
1698 3643 1819 3683 nam

225 3704 797 3773 quividucebanturct
820 3709 1339 3782 circumagebantur,
1364 3720 1680 3787 contempti,
1706 3720 1823 3773 vin-

223 3798 321 3863 cti,
354 3797 654 3855 innumeris
682 3802 837 3855 malis
865 3803 1041 3859 allecti
1068 3846 1081 3870 ,
1113 3817 1235 3875 post
1262 3819 1488 3863 mortem
1522 3812 1650 3879 ipsis
1678 3815 1818 3883 regi-

226 3890 328 3943 bus
359 3889 781 3948 honorabiliores
810 3902 952 3949 sunt.
984 3894 1037 3950 ld
1066 3898 1336 3966 quomodo
1374 3901 1464 3954 ﬁat
1506 3904 1773 3972 perpende
1803 3924 1813 3958 :

223 3981 277 4035 in
309 3983 451 4052 regia
482 3983 616 4037 urbe
640 3984 828 4051 Roma,
862 3985 1041 4042 missis
1068 3988 1188 4043 aliis
1216 3990 1468 4046 omnibus
1488 4034 1502 4059 ,
1536 3993 1602 4047 ad
1642 3997 1818 4064 sepul-

223 4086 317 4128 cra
349 4074 629 4143 piscatoris
659 4086 713 4131 ct
755 4078 1107 4134 tentoriorum
1145 4082 1351 4152 Opiﬁcis
1381 4098 1670 4141 accurrunt
1718 4089 1819 4144 lm-

224 4177 518 4236 peratores,
548 4171 817 4235 consules,
852 4174 1182 4247 exercituum
1214 4177 1376 4232 duces
1401 4197 1414 4232 :
1439 4180 1817 4237 Constantino-

223 4258 333 4327 poli
378 4274 509 4313 vero
540 4261 556 4292 ί
599 4276 705 4316 non
753 4264 919 4332 prope
964 4268 1235 4334 apostolos
1258 4311 1275 4333 ,
1323 4271 1417 4326 sed
1446 4272 1578 4328 foris
1609 4276 1675 4329 ad
1705 4276 1815 4346 ipsa

225 4348 409 4404 limina
458 4361 777 4421 optaverunt
820 4356 885 4420 ii,
934 4357 1025 4427 qui
1070 4359 1369 4417 diademate
1415 4364 1811 4435 redimiuntur,

218 4457 450 4511 corpora
482 4459 574 4499 sua
602 4447 820 4515 sepeliri
848 4467 861 4501 :
886 4458 1047 4521 atque
1083 4452 1154 4506 ita
1204 4453 1557 4524 Imperatores
1585 4459 1818 4527 piscato-

222 4547 341 4587 rum
363 4536 565 4589 ostiarii
594 4537 717 4591 facti
749 4549 872 4594 sunt
894 4542 1008 4615 :‘sic
1037 4543 1089 4597 in
1112 4544 1257 4597 obitu
1286 4545 1385 4601 hoc
1413 4562 1518 4602 non
1540 4549 1813 4618 dedecori,

222 4625 319 4678 sed
350 4624 539 4681 honori
568 4628 671 4683 sibi
698 4646 817 4685 esse
844 4640 1034 4700 putant
1063 4649 1167 4688 non
1192 4637 1363 4690 solum
1389 4638 1511 4707 ipsi,
1536 4641 1627 4695 sed
1653 4640 1813 4696 etiam

224 4732 410 4771 eorum
431 4732 672 4789 nepotes.
696 4722 758 4775 Et
775 4724 889 4790 erit,
911 4724 1100 4794 inquit,
1125 4729 1318 4797 requies
1335 4732 1443 4801 ejus
1460 4730 1641 4785 honor.
1666 4733 1814 4788 Tune

224 4808 444 4864 honoris
458 4814 872 4881 magnitudinem
890 4817 1115 4884 videbis,
1135 4836 1254 4875 cum
1275 4823 1462 4878 mortis
1477 4825 1590 4893 ejus
1606 4828 1814 4897 symbo-

223 4902 332 4956 lum
378 4904 629 4960 didiceris
656 4925 668 4960 :
696 4908 884 4961 mortis
904 4951 919 4973 ,
965 4909 1179 4980 inquam
1206 4954 1219 4978 ,
1262 4915 1560 4969 maledicta:
1580 4959 1595 4983 ,
1627 4920 1813 4973 mortis

225 4996 460 5050 omnium
491 4997 1028 5067 ignominiosissimze.
1062 5002 1172 5057 lloc
1198 5006 1393 5074 quippe
1420 5008 1593 5061 solum
1624 5010 1812 5065 mortis

221 5102 391 5156 genus
434 5089 718 5145 maledicto
748 5092 1040 5149 obnoxium
1071 5106 1203 5150 erat.
1236 5098 1479 5168 Exempli
1508 5117 1667 5156 causa
1690 5146 1703 5169 ,
1736 5105 1811 5158 fa-

219 5179 589 5235 cinorosorum
613 5183 737 5235 olim
765 5183 852 5237 alii
882 5185 1354 5253 comburebantur,
1383 5192 1471 5244 alii
1498 5192 1811 5261 lapidaban-

223 5279 328 5337 tur,
376 5271 463 5324 alii
516 5273 621 5326 alio
669 5275 913 5344 supplicii
968 5293 1164 5345 genere
1218 5280 1377 5333 vitam
1432 5282 1806 5338 claudebant:

222 5362 510 5418 cruciﬁxus
554 5372 755 5431 autem,
804 5367 855 5420 in
904 5368 1047 5436 ligno
1097 5354 1354 5439 pendens,
1388 5391 1492 5429 non
1534 5376 1587 5430 id
1635 5381 1807 5436 solum

222 5453 347 5505 ntali
374 5454 698 5524 patiebatur,
727 5460 871 5527 quod
898 5475 1016 5513 eam
1045 5463 1249 5517 subiret
1270 5465 1690 5536 damnationem,
1714 5475 1807 5527 scd

285 5615 301 5645 ⁸
337 5622 407 5691 pe
434 5615 747 5691 Ecclesiass.
776 5618 1124 5691 Apostolorum,
1165 5624 1211 5669 in
1237 5624 1373 5686 cujus
1409 5628 1594 5691 porticu
1633 5630 1811 5691 sepulti

222 5682 732 5747 erantulmperatorCS,
750 5694 1013 5747 _quannj_u_e
1036 5684 1114 5732 alii
1132 5697 1169 5732 a’
1182 5682 1504 5747 Constantino,
1528 5703 1557 5738 a
1579 5682 1807 5740 mitts-ian-

222 5740 293 5787 (ω
313 5736 393 5789 alii
427 5736 657 5791 structam
688 5736 868 5802 volunt,
910 5736 1019 5794 vide
1052 5749 1280 5809 (Langium
1321 5751 1369 5797 in
1406 5736 1808 5817 Constantinopoli

225 5810 334 5847 sua.

797 374 1068 434 CONTRA
1105 372 1386 432 JUDA‘ZOS
1424 370 1510 429 ΕΤ
1550 368 1914 435 GENTILES.
1954 369 2141 438 QUOD
2177 373 2517 435 CHRISTUS
2553 377 2662 434 Sl'l'
2700 378 2895 437 DEUS.

3418 379 3539 433 8ἰεί

1926 489 2079 558 quod.
2093 490 2407 547 maledictus
2427 502 2604 549 esset:
2628 494 2681 547 Μ
2688 492 2930 550 aledictus
2955 497 3119 563 enim,
3140 497 3329 569 inquit,
3353 501 3518 555 omnis

1923 583 2009 651 qui
2034 586 2217 652 pendet
2244 585 2295 637 in
2324 585 2482 661 ligno.
2515 585 2691 654 (Deut.
2726 588 2815 641 2!.
2840 587 2953 659 23).
2995 590 3245 644 Attamen
3295 589 3517 646 maledi-

1922 683 2065 727 ctum
2097 674 2227 729 illud
2252 678 2609 743 exsecrabile,
2640 680 2867 734 extremi
2898 682 3144 750 supplicii
3177 682 3509 753 symbolum,

1923 781 2064 820 nunc
2089 765 2444 824 desiderabile
2469 770 2808 840 amabileque
2834 772 3029 827 factum
3054 782 3157 829 est.

1992 855 2172 913 Crucis
2213 860 2346 931 signi
2374 858 2496 915 usus
2544 864 2724 933 ubique
2769 865 3219 934 frequentissimus.
3257 897 3330 909 -——
3374 870 3515 925 Nihil

1923 949 2066 1004 enim
2109 951 2506 1021 imperatoriam
2552 970 2803 1009 coronam
2854 958 2931 1013 sic
2978 970 3234 1026 exornat,
3292 971 3349 1016 ut
3386 978 3514 1018 crux

1925 1042 2175 1097 universo
2223 1044 2421 1099 mundo
2472 1046 2760 1117 pretiosior
2800 1066 2813 1102 :
2859 1059 2914 1105 et
2956 1050 3098 1120 quod
3145 1068 3335 1109 omnes
3386 1056 3515 1109 olim

1924 1132 2373 1189 exborrescebant
2393 1176 2408 1201 ,
2436 1136 2551 1206 ejus
2582 1152 2723 1192 nunc
2763 1140 2926 1211 ﬁgura
2954 1142 3022 1195 ita
3052 1147 3296 1201 certatim
3326 1148 3518 1215 exqui-

1922 1224 2057 1278 ritur
2086 1226 2154 1280 ab
2186 1228 2452 1295 omnibus,
2495 1237 2552 1283 ut
2581 1230 2775 1301 ubique
2804 1234 3115 1301 reperiatur,
3143 1237 3279 1304 apud
3318 1238 3515 1306 princi-

1925 1332 2020 1387 pes
2045 1328 2097 1373 et
2133 1319 2374 1377 subditos
2395 1363 2409 1389 ,
2442 1323 2582 1392 apud
2612 1325 2861 1379 mulieres
2884 1335 2937 1380 et
2967 1327 3143 1394 viros,
3189 1330 3326 1398 apud
3355 1331 3519 1403 virgi-

1924 1429 2017 1467 nes
2033 1422 2087 1469 et
2114 1426 2327 1485 nuptas,
2350 1417 2491 1487 apud
2515 1434 2699 1473 servos
2715 1428 2766 1474 et
2787 1420 2982 1475 liberos
3009 1441 3021 1474 :
3047 1438 3167 1475 nam
3188 1422 3312 1477 illud
3331 1440 3519 1478 omnes

1924 1507 2129 1576 signum
2159 1506 2466 1577 frequenter
2482 1509 2792 1579 imprimunt
2814 1512 2864 1566 in
2885 1514 3248 1567 membrorum
3270 1514 3517 1569 nobiliori

1924 1607 2111 1667 parte;
2140 1608 2193 1653 et
2223 1600 2273 1652 in
2306 1598 2479 1654 fronte
2499 1616 2599 1655 ceu
2618 1602 2669 1655 in
2696 1602 2941 1656 columna
2969 1603 3249 1673 ﬁguratum
3276 1606 3521 1675 quotidie

1924 1689 2328 1744 circumferunt.
2382 1691 2493 1746 lloc
2525 1692 2577 1746 in
2608 1708 2760 1748 sacra
2790 1709 2972 1748 mensa
2998 1736 3013 1759 ,
3051 1696 3152 1750 hoc
3187 1696 3237 1748 in
3268 1697 3519 1751 sacerdo-

1927 1788 2036 1834 tum
2065 1782 2510 1849 ordinationibus,
2543 1784 2643 1838 hoc
2675 1797 2889 1840 rursum
2919 1800 3037 1840 cum
3067 1802 3293 1855 corpore
3323 1788 3521 1845 Christi

1926 1873 1979 1927 in
2023 1874 2246 1944 mystica
2290 1889 2443 1929 cmna
2483 1875 2726 1945 refulget.
2784 1878 2894 1932 [loc
2949 1880 3142 1949 ubique
3190 1881 3517 1937 celebratum

1924 1962 2105 2018 videre
2147 1975 2262 2032 est,
2297 1966 2348 2019 in
2374 1965 2654 2034 domibus,
2700 1968 2750 2021 in
2776 1968 2923 2034 foro,
2953 1970 3003 2024 in
3036 1970 3282 2036 desertis,
3316 1974 3365 2025 in
3397 1975 3517 2040 viis,

1926 2054 1981 2107 in
2028 2056 2333 2123 montibus,
2388 2058 2440 2111 in
2486 2058 2741 2125 saltibus,
2790 2060 2840 2113 in
2885 2061 3144 2129 collibus,
3176 2063 3227 2116 in
3259 2065 3431 2131 mari,
3467 2066 3519 2119 in

1925 2148 2170 2212 navibus,
2204 2149 2254 2202 in
2286 2149 2492 2213 insulis,
2515 2152 2566 2205 in
2593 2152 2764 2218 lectis,
2791 2154 2841 2207 in
2869 2155 3216 2220 vestimentis,
3254 2156 3305 2211 in
3329 2160 3518 2225 armis,

1927 2237 1980 2291 in
2010 2238 2275 2303 thalamis,
2310 2242 2360 2294 in
2388 2243 2664 2309 conviviis,
2695 2245 2746 2297 in
2780 2246 2918 2299 vasis
2938 2248 3204 2316 argenteis
3234 2258 3289 2302 et
3317 2251 3518 2315 aureis,

1927 2329 1981 2384 in
1997 2335 2324 2404 margaritis,
2343 2332 2677 2401 inparielum
2694 2336 2944 2406 picturis,
2970 2340 3020 2390 in
3045 2340 3361 2407 Corporibus
3386 2342 3519 2395 bru-

1927 2429 2101 2475 torum
2122 2422 2257 2476 male
2280 2422 2505 2491 allectis,
2536 2426 2584 2479 in
2608 2430 2921 2495 corporibus
2941 2443 2968 2480 a
2992 2429 3235 2484 (Ῐίιξηὶοιιθ
3263 2432 3518 2497 obsessis,

1927 2510 1979 2563 in
2005 2496 2189 2576 bellis,
2223 2512 2277 2565 in
2310 2527 2473 2582 pace,
2501 2515 2553 2567 in
2584 2514 2801 2581 diebus,
2834 2517 2884 2569 in
2915 2518 3177 2584 noctibus,
3228 2520 3276 2573 in
3309 2496 3520 2575 choreis

1928 2600 2325 2670 tripudiantium
2351 2644 2365 2668 ,
2409 2604 2460 2657 in
2491 2604 2749 2659 sodalitiis
2776 2621 2894 2661 sese
2922 2611 3303 2663 maccrantium
3332 2629 3345 2675 ;
3388 2595 3528 2667 adeo

1927 2694 2171 2748 certatim
2222 2695 2420 2749 donum
2464 2695 2566 2751 hoc
2608 2698 2889 2764 mirabile,
2935 2700 3157 2770 ejusque
3197 2702 3519 2759 ineffabilem

1925 2787 2149 2855 gratiam
2194 2802 2382 2842 onmes
2425 2790 2755 2858 perquirunt.
2805 2790 2972 2845 Nemo
3016 2792 3220 2865 pudore
3264 2795 3519 2863 afﬁcitur,

1928 2877 2008 2931 vel
2035 2877 2306 2932 erubescit
2335 2877 2460 2933 dum
2492 2881 2685 2949 cogitat
2714 2876 2815 2935 h'oe
2842 2882 3137 2937 maledictae
3164 2888 3352 2941 mortis
3377 2902 3523 2958 sym-

1928 2968 2108 3021 bolum
2138 2983 2288 3036 esse;
2319 2969 2413 3024 sed
2444 2971 2535 3025 illo
2564 2986 2751 3027 omnes
2782 2976 2948 3043 magis
2976 2991 3332 3043 exornamur,
3363 2994 3520 3047 quam

1926 3062 2140 3115 coronis
2159 3103 2175 3128 ,
2215 3063 2625 3132 diadematibus,
2655 3074 2709 3121 et
2736 3067 2880 3121 mille
2908 3070 3312 3138 margaritarum
3345 3074 3517 3127 moni-

1928 3152 2108 3207 libus:
2142 3154 2213 3208 ita
2258 3170 2363 3209 non
2407 3155 2567 3211 modo
2619 3173 2725 3211 non
2770 3174 3079 3215 aversantur
3124 3178 3375 3230 crucem,
3428 3167 3523 3220 scd

1926 3245 2087 3299 etiam
2132 3247 2376 3302 amabilis
2423 3248 2509 3303 illa
2559 3248 3037 3322 desiderabilisquc
3089 3254 3335 3309 omnibus
3390 3266 3518 3310 est:

1926 3334 2122 3403 ubique
2152 3336 2241 3390 illa
2266 3335 2469 3407 fulget,
2499 3339 2549 3391 in
2578 3340 2870 3407 parietibus
2894 3342 3172 3396 domorum
3198 3386 3212 3409 ,
3257 3344 3310 3398 in
3343 3347 3518 3411 tectis,

1926 3428 1979 3481 in
2015 3428 2163 3484 libris
2185 3470 2199 3493 ,
2244 3431 2297 3484 in
2325 3431 2545 3487 urbibus
2567 3475 2581 3499 ,
2626 3433 2679 3487 in
2708 3435 2838 3489 vicis
2859 3476 2873 3501 ,
2918 3435 2969 3489 in
3002 3436 3213 3492 incultis
3237 3480 3251 3503 ,
3286 3438 3338 3492 in
3366 3440 3523 3493 cultis

1926 3520 2080 3574 locis.
2114 3520 2209 3576 llic
2250 3522 2478 3578 libenter
2501 3523 2765 3579 Gentilem
2795 3527 3175 3597 interrogarem
3203 3572 3217 3596 ,
3252 3530 3521 3585 undenam

1928 3609 1985 3663 lit
2010 3653 2025 3677 ,
2054 3619 2110 3664 ut
2137 3612 2494 3667 damnationis
2530 3615 2930 3685 maledictznque
2969 3621 3154 3673 mortis
3194 3622 3518 3692 symbolum,

1926 3701 2173 3755 omnibus
2199 3703 2269 3756 ita
2298 3704 2524 3759 amabile
2554 3706 2891 3776 Optabileque
2921 3708 3027 3762 sit?

1999 3791 2087 3846 lO.
2132 3794 2284 3859 Quod
2321 3796 2364 3848 si
2414 3796 2544 3850 nihil
2575 3798 2675 3851 hoc
2702 3814 2821 3853 esse
2849 3809 3003 3869 putas
3028 3842 3043 3865 ,
3074 3800 3118 3855 si
3146 3803 3321 3859 adhuc
3352 3807 3525 3875 impu-

1926 3883 2057 3939 dens
2089 3901 2303 3952 manes,
2333 3889 2717 3965 veritatemque
2746 3893 3030 3959 aversaris,
3061 3904 3218 3964 atque
3246 3898 3309 3950 ad
3340 3899 3518 3953 lumen

1926 3977 2140 4031 caacutis
2176 3995 2189 4031 :
2222 3992 2320 4047 age
2367 3978 2462 4033 tibi
2505 3980 2609 4035 alio
2648 3992 2963 4051 argumento
3012 4000 3517 4058 commonstramns,

1925 4075 2180 4135 quantum
2212 4070 2294 4144 _sit
2333 4070 2481 4125 illud.
2539 4072 2705 4139 Quale
2752 4074 2882 4129 illud
2928 4081 3339 4147 argumentum?
3385 4083 3519 4137 Sunt

1920 4156 2189 4226 judicibus
2218 4160 2386 4213 multa
2427 4163 2807 4231 suppliciorum
2845 4182 3041 4235 genera
3063 4210 3075 4233 ,
3110 4169 3306 4238 lignum
3336 4214 3347 4235 ,
3382 4173 3515 4238 lora,

1927 4263 2150 4318 ungues,
2181 4250 2471 4319 plumbata,
2501 4254 2694 4323 quibus
2721 4272 2947 4326 corpora
2976 4258 3210 4313 lacerant
3234 4304 3246 4323 ,
3280 4263 3517 4318 membra

1924 4338 2235 4409 discerpunt
2277 4350 2434 4411 atque
2461 4345 2793 4412 suspendunt
2822 4366 2833 4400 :
2866 4350 3107 4418 quisnam
3137 4354 3297 4406 vellet
3322 4356 3435 4409 hinc
3465 4358 3518 4410 in

1922 4430 2141 4486 domum
2161 4446 2311 4487 suam
2342 4433 2585 4489 inferre?
2610 4437 2741 4503 Quis
2759 4440 2915 4493 vellet
2940 4440 3204 4495 carnilicis
3222 4442 3335 4497 hmo
3356 4460 3518 4514 agen-

1925 4522 1990 4574 tis
2030 4537 2248 4576 manum
2288 4526 2635 4595 contingere,
2692 4528 2775 4582 vel
2822 4538 2878 4583 ut
2925 4530 2975 4584 id
3017 4531 3249 4597 videret,
3299 4538 3517 4604 propius

1922 4611 2213 4667 accedere?
2257 4614 2449 4669 Annon
2491 4617 2732 4687 plerique
2762 4618 2873 4673 lucc
2900 4631 3249 4677 exsecrantur
3271 4666 3285 4689 ,
3319 4627 3518 4696 aliique

1921 4700 2044 4757 hinc
2071 4704 2212 4758 male
2239 4708 2544 4761 ominantur
2564 4749 2577 4774 ,
2610 4723 2671 4763 ac
2701 4726 2870 4780 neque
2895 4721 3089 4767 tactum
3110 4756 3123 4777 ,
3158 4731 3329 4785 neque
3357 4733 3514 4787 ηενρ-

1921 4801 2064 4847 ctum
2092 4793 2307 4849 ferunt?
2348 4799 2540 4854 Annon
2566 4798 2725 4854 etiam
2764 4803 2957 4870 procul
2977 4801 3214 4873 fugiunt,
3246 4816 3297 4860 et
3327 4810 3512 4862 oculos

1920 4888 2200 4942 avertunt?
2229 4888 2373 4943 Talis
2390 4891 2516 4945 olim
2542 4906 2673 4947 crux
2691 4903 2827 4957 erat,
2856 4894 2962 4948 imo
2978 4895 3078 4949 illis
3096 4898 3262 4951 multo
3276 4900 3513 4968 gravior.

1920 4976 2083 5043 Nam,
2117 4988 2175 5033 ut
2211 4990 2333 5035 ante
2375 4982 2521 5047 dixi,
2573 4998 2681 5038 non
2712 4994 2913 5040 tantum
2945 4990 3129 5041 mortis
3155 5032 3169 5055 ,
3214 4991 3306 5045 sed
3352 4993 3513 5047 etiam

1921 5068 2220 5123 maledicta:
2266 5072 2452 5126 mortis
2492 5073 2791 5143 symbolum
2833 5086 2966 5130 erat.
3024 5077 3175 5134 Unde
3217 5096 3383 5150 ergo,
3428 5084 3516 5137 die

1921 5160 2089 5226 mihi,
2136 5162 2244 5231 jam
2294 5164 2364 5217 ita
2416 5164 2788 5221 desiderabilis
2825 5169 3175 5240 optabilisque
3221 5172 3353 5226 facta
3402 5186 3507 5241 est,

1921 5255 2277 5325 omnibusque
2307 5259 2637 5312 antefertur?

2001 5347 2143 5403 Vera:
2165 5351 2326 5403 crucis
2358 5351 2617 5418 particula:
2644 5352 2707 5405 ab
2732 5354 2959 5407 omnibus
2980 5355 3255 5422 exquisita.
3272 5386 3341 5395 ——-
3375 5357 3505 5413 llltnl

1920 5455 2048 5494 vero
2088 5441 2259 5508 ipsum
2303 5443 2539 5512 lignum,
2581 5444 2632 5496 in
2673 5460 2779 5513 quo
2818 5459 3025 5498 sacrum
3066 5460 3263 5513 corpus
3294 5462 3513 5516 passum

1922 5541 1975 5584 et
2004 5532 2315 5586 cruciﬁxum
2358 5542 2472 5599 est,
2518 5550 2613 5587 cur
2638 5534 2879 5589 certatim
2911 5550 3097 5590 omnes
3136 5537 3376 5591 adeunt?
3411 5536 3518 5593 Cur

1923 5623 2237 5690 particulam
2274 5624 2389 5690 ejus
2427 5624 2579 5677 multi
2611 5634 2883 5679 sumentes
2909 5640 3039 5679 auro
3068 5628 3324 5682 inclusam
3349 5670 3364 5693 ,
3400 5638 3510 5683 tum

1921 5716 2018 5769 viri
2052 5726 2161 5769 tum
2210 5717 2461 5771 mulieres
2494 5734 2521 5770 a
2560 5717 2699 5771 collo
2734 5719 3065 5787 suspendunt
3104 5720 3170 5774 ad
3212 5733 3457 5776 ornatum
3493 5741 3507 5775 :

1923 5808 2021 5863 ctsi
2058 5808 2413 5863 damnationis
2457 5818 2510 5863 ct
2558 5810 2774 5865 ultionis
2822 5811 3119 5882 symbolum
3168 5812 3267 5868 hoc
3309 5814 3505 5885 lignum
