4178 6324
678 333 781 386 8'27

1384 343 1442 400 S.
1480 342 1753 399 JOANNIS
1792 342 2263 403 CllRYSOSTOMI

673 455 873 512 fuerit?
899 458 966 512 At
993 455 1077 528 qui
1109 456 1282 512 omnia
1309 457 1451 522 facit,
1480 467 1534 512 et
1559 435 1796 511 immutat
1823 473 1885 512 ea
1904 499 1919 522 ,
1952 458 2040 528 qui
2069 459 2255 513 orbem

674 564 739 604 ex
769 557 910 602 tanta
942 549 1174 617 nequitia
1204 547 1506 612 transtulit,
1537 557 1591 602 et
1618 557 1811 602 terram
1839 550 2026 603 carlum
2056 549 2255 614 effecit,

673 642 830 695 etiam
856 655 966 694 rem
991 639 1125 694 hanc
1146 639 1402 707 \ituperio
1429 639 1660 708 plenam,
1689 650 1742 694 et
1767 651 1992 695 mortem
2022 641 2256 694 omnium

674 731 1232 802 ignominiosissimam
1263 746 1420 800 supra
1460 731 1620 785 cmlos
1649 732 1884 786 adduxit.
1939 733 2060 788 Haec
2101 733 2260 802 igitur

670 826 848 878 omnia
894 823 1191 894 pr.cvidens
1233 825 1490 894 propheta
1532 823 1744 880 dicebat
1772 843 1785 878 :
1815 825 1882 879 Et
1932 827 2024 880 erit
2061 826 2256 894 requies

670 917 777 983 ejus
801 915 982 968 honor.
1011 914 1121 968 lloc
1147 915 1338 984 quippe
1365 915 1550 969 mortis
1572 916 1892 986 symbolum.
1917 933 2089 987 neque
2115 917 2256 972 enim

671 1009 829 1058 tinem
861 1005 1049 1058 laciam
1074 1004 1143 1057 ita
1167 1003 1438 1073 loquendi,
1478 1005 1660 1059 multis
1689 1004 2073 1060 benedictionis
2097 1021 2260 1076 argn-

670 1106 906 1149 mentum
929 1093 1173 1148 eﬁ‘cctum
1204 1103 1304 1160 est,
1335 1102 1388 1148 et
1411 1094 1733 1148 omnimodae
1760 1095 2024 1150 ﬁrmitatis
2053 1112 2258 1161 murus,

668 1185 866 1239 diaboli
914 1183 1158 1239 lethifera
1212 1185 1384 1253 plaga,
1434 1184 1739 1240 dmmonum
1780 1186 2024 1249 frzcnum,
2076 1201 2260 1242 camus

668 1278 1096 1330 adversariarum
1141 1277 1414 1330 virtutum.
1457 1277 1570 1331 Hoc
1611 1286 1837 1332 mortem
1882 1278 2116 1345 sustulit,
2156 1278 2260 1334 hoc

671 1367 862 1423 inferni
915 1378 1094 1437 portas
1138 1383 1304 1423 aereas
1331 1369 1628 1439 confregit,
1676 1383 1855 1425 vectes
1901 1370 2104 1425 ferreos
2131 1385 2260 1424 con-

671 1458 850 1524 trivit,
881 1458 1075 1512 diaboli
1105 1474 1281 1513 arcem
1309 1459 1571 1514 destruxit
1597 1502 1612 1523 ,
1649 1461 1850 1529 peccati
1885 1475 2082 1520 nervos
2111 1462 2259 1515 exci-

670 1549 785 1614 dit,
839 1558 1004 1604 totum
1062 1550 1247 1604 orbem
1302 1549 1631 1604 damnationi
1685 1550 1981 1620 subjectum
2039 1551 2253 1619 eripuit,

671 1641 962 1694 immissam
1008 1641 1261 1695 divinitus
1311 1650 1512 1695 natura:
1558 1651 1753 1694 nostra:
1784 1642 1988 1712 plagam
2035 1643 2258 1697 curavit.

671 1731 807 1796 Quid
846 1730 1002 1785 dico?
1033 1730 1184 1796 Quod
1225 1747 1331 1784 non
1373 1738 1597 1800 potuere
1624 1745 1771 1785 mare
1798 1730 2028 1786 divisum
2052 1773 2066 1797 ,
2096 1742 2260 1801 petra:

671 1821 887 1887 scissze,
930 1836 1023 1875 aer
1064 1828 1336 1888 mutatus,
1379 1835 1572 1875 manna
1615 1821 1961 1892 quadraginta
2001 1824 2153 1876 annis
2187 1831 2264 1876 tot

673 1914 948 1970 hominum
978 1913 1209 1968 millibus
1236 1921 1509 1982 erogatum
1530 1954 1544 1978 ,
1573 1912 1656 1966 lex
1683 1922 1736 1968 et
1761 1913 1865 1968 alia
1890 1915 2039 1984 signa
2060 1929 2180 1968 cum
2209 1915 2260 1968 in

671 2005 886 2058 deserto
910 2045 924 2068 ,
967 2011 1078 2056 tum
1116 2003 1166 2056 in
1200 2002 1480 2056 Palaestina
1527 2003 1658 2055 facta
1682 2043 1696 2067 ,
1747 2002 1861 2057 haec
1904 2006 2075 2073 potuit
2110 2019 2260 2070 crux,

673 2111 779 2148 non
811 2095 860 2147 in
898 2108 1000 2146 uua
1031 2101 1222 2162 gente,
1269 2092 1362 2147 sed
1404 2093 1454 2145 in
1484 2101 1594 2147 toto
1621 2093 1782 2158 orbe;
1815 2107 1943 2148 crux
1967 2137 1985 2158 ,
2025 2095 2264 2164 inquam,

674 2187 1010 2241 maledictum
1044 2185 1340 2256 symbolum
1361 2225 1376 2249 ,
1421 2185 1666 2238 omnibus
1695 2185 2043 2252 horrendum,
2093 2185 2266 2241 omni-

672 2278 772 2332 bus
797 2276 1201 2339 exsecrandum,
1231 2283 1348 2345 post
1377 2275 1617 2330 cruciﬁxi
1645 2285 1869 2330 mortem
1894 2278 2062 2344 potuit
2085 2277 2264 2332 omnia

673 2371 818 2424 nullo
849 2369 1063 2440 negotio
1095 2368 1371 2437 perlicere.
1411 2366 1594 2437 Neque
1623 2366 1737 2422 lizec
1761 2367 2096 2422 solummodo
2122 2409 2137 2433 ,
2168 2367 2262 2424 sed

673 2477 760 2526 ea,
784 2476 901 2531 qua:
931 2467 1111 2530 postea
1138 2468 1357 2529 sequuta
1379 2468 1522 2524 sunt,
1546 2459 1661 2526 ejus
1689 2459 1937 2512 virtutem
1961 2458 2260 2514 declarant.

675 2552 870 2608 Orbem
901 2552 1041 2606 enim
1092 2559 1349 2605 terrarum
1375 2591 1392 2616 ,
1439 2551 1528 2620 qui
1569 2549 1741 2619 quoad
1786 2550 2034 2605 virtutem
2069 2551 2265 2606 sterilis

674 2652 823 2708 erat,
870 2657 969 2696 nec
1013 2641 1201 2696 melius
1231 2656 1290 2696 se
1315 2639 1581 2706 habebat,
1617 2655 1773 2710 quam
1805 2640 2073 2696 desertum
2101 2683 2114 2707 ,
2145 2657 2264 2695 cum

678 2748 782 2787 non
811 2741 990 2799 posset
1029 2730 1298 2800 quidpiam
1333 2730 1456 2784 boni
1490 2746 1677 2800 parere
1701 2773 1715 2796 ,
1749 2733 1929 2785 statim
1960 2732 2262 2802 paradisum

675 2833 730 2877 et
774 2831 999 2877 matrem
1043 2822 1472 2877 fecundissimam
1509 2822 1702 2877 effecit.
1753 2824 1819 2878 Et
1865 2823 1968 2878 hoc
2008 2823 2099 2877 diu
2141 2834 2264 2878 ante

676 2913 1050 2983 pramuntiavit
1103 2911 1358 2983 prepheta
1408 2911 1489 2966 his
1536 2913 1714 2968 verbis
1757 2931 1770 2967 :
1806 2911 2035 2981 Lwtare,
2059 2915 2262 2978 sterilis,

673 3021 788 3075 qua:
828 3022 928 3058 non
960 3005 1139 3074 paris:
1169 3021 1375 3075 erumpe
1401 3014 1446 3057 et
1476 3005 1660 3072 clama,
1718 3020 1833 3075 qutc
1875 3022 1977 3059 non
2016 3007 2261 3077 parturis,

674 3097 795 3163 quia
823 3096 966 3148 multi
1007 3095 1100 3165 ﬁlii
1137 3094 1343 3149 desertae
1383 3095 1542 3164 magis
1567 3135 1581 3160 ,
1623 3111 1774 3164 quam
1815 3094 1926 3163 ejus
1963 3111 2077 3164 qua:
2119 3094 2265 3149 habet

673 3187 837 3239 virum
855 3184 929 3258 (Η
936 3186 1055 3238 esai.
1073 3185 1160 3240 54.
1179 3186 1251 3254 l).
1269 3184 1418 3256 Quod
1438 3200 1564 3239 vero
1578 3199 1700 3240 cum
1718 3185 1874 3240 talem
1896 3200 2012 3240 eam
2030 3184 2262 3248 fecisset,

675 3277 845 3345 legem
887 3275 986 3344 ipsi
1032 3272 1238 3328 dederit
1283 3274 1448 3328 multo
1488 3275 1911 3343 prmstantiorem
1961 3274 2162 3344 priori,
2211 3274 2262 3328 id

679 3367 900 3421 minime
937 3374 1212 3419 tacuerunt
1240 3365 1510 3433 prophetae
1543 3383 1556 3418 :
1584 3380 1647 3419 ac
1677 3365 1797 3419 vide
1823 3364 1949 3435 quid
1981 3365 2258 3433 praesigni-

679 3458 951 3513 licaverint
986 3474 999 3512 :
1032 3455 1313 3527 Disponam
1339 3457 1410 3511 eis
1440 3465 1787 3510 testamentum
1818 3471 2000 3508 novum
2020 3495 2035 3520 ,
2063 3472 2163 3508 non
2189 3471 2269 3508 se-

677 3548 898 3601 cundum
925 3557 1269 3601 testamentum
1295 3588 1310 3613 ,
1342 3545 1474 3618 quod
1507 3546 1736 3616 disposui
1761 3545 1992 3616 patribus
2013 3561 2185 3601 eorum
2213 3545 2265 3598 in

679 3641 760 3693 die
784 3655 882 3708 qua
910 3655 1118 3691 manum
1148 3654 1316 3692 eorum
1353 3637 1696 3707 apprehendi,
1729 3646 1782 3690 ut
1812 3636 2070 3690 educerem
2092 3651 2175 3690 eos
2206 3636 2268 3691 de

679 3740 812 3782 terra
839 3727 1235 3798 Egyptiwuia
1277 3727 1376 3796 ipsi
1416 3743 1516 3780 non
1553 3736 1846 3780 manserunt
1881 3728 1934 3780 in
1975 3736 2267 3781 testamento

678 3839 790 3875 meo
813 3862 829 3887 ,
874 3829 918 3874 et
949 3837 1039 3891 ego
1078 3821 1270 3893 neglext
1307 3836 1391 3874 eos
1411 3860 1426 3886 ,
1467 3820 1589 3872 dicit
1618 3818 1889 3873 Dominus.
1926 3819 2057 3884 Quia
2083 3819 2177 3872 hoc
2198 3827 2268 3872 est

681 3925 1026 3970 testamentum
1045 3915 1175 3987 quod
1200 3913 1464 3982 disponam
1485 3912 1576 3977 eis,
1596 3911 1723 3965 dans
1744 3912 1874 3982 leges
1894 3912 2096 3987 meas
2110 3920 2271 3964 mente

679 4023 884 4072 eorum,
923 4016 968 4059 et
997 3984 1228 4058 in—corde
1261 4019 1430 4058 eorum
1466 4003 1734 4060 inscribam
1765 4018 1848 4055 eas
1874 4000 2004 4074 (λετ.
2034 3984 2122 4056 ἐι.
2153 3999 2267 4072 5‘2).

686 4097 884 4153 Deinde
911 4096 1136 4150 subitam
1164 4094 1511 4147 mutationem
1539 4101 1593 4146 et
1619 4092 1912 4147 doctrinam
1941 4091 2149 4148 facilem
2171 4092 2263 4148 de-

681 4189 890 4242 elarans
915 4189 1030 4241 ait:
1064 4184 1130 4238 Et
1171 4201 1271 4240 non
1313 4184 1557 4238 docebunt
1595 4185 1933 4255 unusquisque
1980 4185 2268 4253 proximum

682 4294 848 4342 suum,
890 4287 934 4331 et
968 4276 1306 4345 unusquisque
1349 4274 1557 4344 fratrem
1583 4291 1728 4327 suum
1748 4317 1760 4339 ,
1792 4269 1996 4341 dicens,
2026 4291 2269 4345 cognosce

684 4370 960 4423 Dominum
981 4408 994 4432 ,
1023 4368 1142 4436 quia
1167 4381 1337 4419 omnes
1357 4366 1508 4418 scient
1539 4381 1617 4421 me
1637 4381 1666 4416 a
1689 4381 1841 4436 parvo
1862 4364 2087 4434 ipsorum
2115 4381 2269 4435 usque

683 4461 750 4512 ad
779 4475 1015 4530 magnum
1035 4457 1275 4529 ipsorum.
1300 4453 1451 4522 Quod
1480 4455 1533 4515 in.
1553 4454 1778 4510 adventu
1801 4470 1897 4510 suo
1925 4463 2265 4544 peccatorum

684 4551 890 4603 veniam
916 4548 1134 4602 daturus
1163 4556 1322 4610 esset,
1349 4545 1448 4599 hoc
1477 4545 1599 4602 item
1630 4545 1706 4599 sic
1733 4546 2112 4613 prmnunciavit
2139 4561 2265 4615 pro-

687 4642 844 4710 pheta
872 4659 884 4692 :
924 4639 1031 4692 Hoc
1059 4639 1150 4691 erit
1185 4639 1305 4709 ipsis
1327 4656 1355 4688 (ι
1383 4654 1459 4690 me
1484 4647 1828 4694 testamentum
1849 4679 1864 4703 ,
1897 4653 2012 4690 cum
2037 4642 2267 4708 auferam

683 4733 971 4801 iniquitates
1005 4730 1226 4800 ipsorum
1249 4769 1263 4792 ,
1303 4737 1348 4782 et
1386 4737 1700 4797 peccatorum
1740 4744 1913 4780 eorum
1957 4745 2057 4781 non
2097 4745 2266 4781 recor-

687 4823 845 4875 dabor
869 4819 1087 4889 amplius
1120 4817 1253 4890 (Jer.
1283 4819 1370 4872 3|.
1398 4817 1508 4887 54).
1559 4816 1694 4882 Quid
1726 4816 1823 4870 hac
1853 4833 1911 4874 re
1935 4816 2268 4872 manifestius

685 4929 804 4967 esse
832 4911 1038 4982 pOSsil?
1066 4909 1410 4964 Vocationem
1438 4910 1630 4978 quippe
1661 4909 1892 4978 gentium
1913 4950 1928 4976 ,
1962 4925 2112 4963 novae
2141 4910 2270 4979 legis

686 5019 844 5074 supra
862 5012 1095 5056 veterem
1117 4999 1503 5064 excellentiam,
1534 4997 1833 5053 facilitatem
1854 5014 2122 5067 accessus,
2152 5015 2270 5057 cre-

685 5095 923 5147 dentium
970 5093 1188 5162 gratiam
1210 5133 1224 5158 ,
1269 5099 1322 5144 et
1355 5090 1554 5148 donum
1592 5090 1642 5144 in
1671 5089 1935 5162 baptismo
1965 5090 2156 5145 factum
2190 5092 2271 5146 his

688 5185 952 5242 vaticiniis
981 5181 1316 5254 signiﬁcavit.

762 5280 847 5333 ll.
889 5276 1037 5343 Quod
1069 5289 1196 5329 vero
1223 5274 1310 5344 qui
1341 5273 1456 5330 haec
1495 5272 1650 5340 fecit,
1689 5273 1732 5326 is
1758 5272 1870 5343 ipse
1900 5281 2081 5341 postea
2107 5272 2269 5341 judex

687 5371 966 5422 adfuturus
991 5367 1092 5432 sit,
1126 5365 1394 5436 perpende
1417 5365 1680 5435 quomodo
1708 5377 1756 5418 et
1782 5366 1881 5419 hoc
1905 5367 2271 5435 prtenuneient

691 5459 968 5529 Propheta:
995 5499 1008 5524 ,
1050 5472 1221 5526 neque
1263 5457 1405 5511 enim
1452 5455 1500 5509 id
1540 5457 1749 5510 silentio
1794 5457 2268 5525 prietermiseruut,

691 5552 778 5604 alii
808 5549 1017 5618 quidem
1047 5548 1287 5602 videntes
1308 5562 1428 5601 eum
1457 5547 1507 5598 in
1532 5562 1596 5601 eo
1622 5547 1737 5616 ipso
1767 5548 1978 5614 habitu,
2007 5565 2111 5617 quo
2139 5565 2270 5601 ven-

693 5657 838 5698 turus
881 5650 1032 5704 erat;
1080 5640 1168 5694 alii
1216 5639 1394 5694 verbis
1431 5655 1551 5693 eum
1595 5640 2086 5709 pnesigniﬁcantcs.
2139 5642 2270 5696 Nam

690 5731 869 5787 tumicl
903 5732 1056 5789 etiam
1091 5731 1139 5783 in
1179 5729 1353 5786 medio
1385 5729 1726 5784 barbarorum
1759 5730 2164 5801 Babyloniorum
2194 5734 2268 5790 vi-

2305 343 2623 400 ARClllEP.
2664 347 3202 408 CONSTANTINOP.

3858 357 3967 414 828

2366 455 2454 510 det
2481 457 2650 526 ipsum
2674 460 2726 513 in
2752 462 2977 519 nubibus
3001 465 3297 520 venientem
3325 465 3483 521 :audi
3513 466 3653 522 illius
3674 467 3968 538 PrOpheL'c

2368 548 2527 602 verba
2555 565 2569 603 :
2600 550 2914 618 Aspicicbam
2934 596 2947 620 ,
2976 557 3176 625 inquit,
3207 565 3255 611 et
3275 574 3385 611 ecce
3408 561 3550 628 quasi
3581 562 3716 629 ﬁlius
3737 564 3968 616 hominis

2369 639 2568 691 veniens
2597 641 2647 692 in
2684 643 2897 696 nubibus
2917 686 2930 708 ,
2961 655 3006 697 et
3031 649 3252 714 pervenit
3279 665 3434 720 usque
3459 649 3526 702 ad
3545 653 3802 718 antiquum
3835 653 3959 704 die-

2366 745 2479 781 rum
2500 771 2512 792 ,
2539 741 2586 782 et
2613 742 2732 784 ante
2762 750 2873 785 eum
2903 735 3101 790 oblatus
3129 747 3217 791 est.
3252 739 3319 791 Et
3345 742 3490 792 datus
3519 754 3590 794 est
3617 744 3660 795 ei
3690 745 3964 811 principa-

2367 828 2445 871 tus
2474 829 2520 872 et
2546 837 2751 888 regnum
2776 833 2822 875 et
2860 841 3030 878 omnes
3076 827 3275 893 populi,
3307 829 3482 894 tribus,
3517 831 3700 901 lingua'
3721 834 3821 901 ipsi
3847 850 3964 887 ser-

2367 909 2496 961 vient
2522 909 2680 977 (Dan.
2708 911 2758 962 7.
2795 909 2904 979 15).
2941 909 3298 980 Etjudicium
3330 919 3445 987 ejus
3488 919 3560 972 ita
3607 922 3911 976 subindicat
3949 939 3964 974 :

2368 999 2679 1068 Aspiciebam
2707 1003 2864 1056 donec
2889 1005 3055 1058 throni
3077 1008 3226 1074 positi
3245 1018 3382 1076 sunt,
3416 1020 3462 1063 et
3487 1011 3601 1064 libri
3620 1015 3783 1080 aperti
3804 1027 3967 1068 sunt:

2367 1100 2414 1142 et
2461 1092 2644 1159 ﬂuvius
2691 1094 2867 1162 igneus
2918 1098 3156 1151 manabat
3203 1101 3256 1152 in
3303 1113 3570 1171 conspectu
3618 1105 3722 1174 ejus
3752 1120 3772 1157 :
3813 1106 3967 1159 mille

2368 1181 2528 1233 millia
2573 1184 2921 1238 ministrabant
2965 1188 3009 1240 ei
3033 1228 3046 1251 ,
3099 1199 3146 1241 et
3193 1189 3354 1244 decies
3400 1192 3582 1246 millies
3620 1195 3749 1247 dena
3791 1196 3966 1247 millia

2366 1271 2658 1324 assistebant
2696 1275 2760 1327 ei.
2811 1274 2990 1345 Neque
3031 1279 3130 1332 hoc
3159 1289 3361 1334 tantum
3399 1293 3616 1350 narrat,
3662 1284 3753 1338 sed
3795 1301 3968 1354 quem

2364 1359 2491 1424 justi
2522 1362 2747 1417 habituri
2773 1377 2895 1419 sunt
2922 1367 3178 1422 honorem
3203 1370 3279 1423 sic
3309 1370 3596 1425 describit:
3619 1372 3680 1425 Et
3700 1375 3966 1444 judicium

2368 1450 2505 1503 dedit
2534 1454 2716 1508 sanctis
2741 1455 2984 1510 Altissimi
3011 1499 3025 1523 ,
3070 1469 3117 1511 et
3161 1475 3370 1529 regnum
3413 1463 3729 1517 obtinuerunt
3769 1469 3964 1521 sancti.

2369 1537 2653 1594 Malachias
2685 1558 2811 1597 vero
2843 1544 2945 1600 hoc
2966 1546 3223 1614 judicium
3254 1564 3345 1617 per
3370 1550 3543 1620 ignem
3572 1551 3806 1608 futurum
3836 1571 3968 1610 esse

2369 1627 2604 1683 declarat
2644 1632 2726 1686 his
2770 1634 2945 1687 verbis
2978 1653 2990 1688 :
3021 1635 3152 1690 Ecce
3190 1641 3296 1708 ipse
3336 1640 3614 1710 ingreditur
3655 1645 3784 1696 sicut
3825 1646 3972 1714 ignis

2369 1720 2676 1787 conﬂatorii,
2711 1731 2757 1774 et
2779 1724 2905 1775 sicut
2933 1724 3084 1777 herba
3104 1727 3358 1794 fullonum
3394 1729 3644 1801 (.llalach.
3673 1733 3724 1786 '5.
3758 1733 3835 1806 2).
3875 1735 3971 1788 Vi-

2371 1808 2548 1862 distin‘
2588 1812 2963 1880 prophetarum
3002 1818 3426 1885 accurationem,
3459 1821 3725 1890 quomodo
3753 1824 3966 1887 omnia,

2370 1915 2489 1968 qua:
2525 1900 2702 1956 futura
2749 1912 2904 1971 sunt,
2954 1908 3268 1962 annuntiare
3309 1912 3768 1980 praeoccuparint?
3813 1913 3970 1980 Quo-

2371 1990 2530 2045 modo
2551 2007 2679 2062 ergo
2711 1994 2885 2048 adhuc
2913 1995 3217 2052 incredulus
3255 2015 3472 2056 manere
3516 2003 3681 2057 audes
3704 2044 3718 2069 ,
3767 2005 3972 2058 talibus

2371 2083 2605 2152 acceptis
2644 2084 2760 2153 ejus
2799 2086 3011 2141 virtutis
3039 2089 3618 2156 demonstrationibus,
3646 2108 3764 2147 cum
3795 2096 3972 2149 verbo

2371 2170 2555 2226 videas
2583 2174 2780 2227 tamdiu
2808 2184 2932 2229 ante
2956 2179 3307 2247 praenuntiata
3332 2220 3347 2245 ,
3388 2195 3578 2250 resque
3605 2182 3782 2236 videas
3814 2185 3971 2238 acci-

2372 2262 2500 2319 dere
2544 2265 2722 2318 verbis
2766 2280 3028 2321 consonas
3052 2309 3068 2335 ,
3115 2268 3184 2323 ita
3213 2279 3269 2323 ut
3298 2270 3432 2324 nihil
3471 2274 3688 2326 omnino
3713 2273 3974 2329 excidat?

2371 2355 2629 2426 Quodque
2647 2357 2759 2411 haec
2785 2372 2888 2412 non
2909 2359 3157 2429 ﬁgmenta
3181 2370 3360 2416 nostra
3382 2363 3508 2428 sint,
3535 2364 3880 2418 testiﬁcantur
3906 2366 3970 2431 ii,

2371 2448 2458 2516 qui
2490 2448 2643 2516 primi
2667 2448 2832 2504 libros
2857 2460 3201 2520 acceperunt,
3225 2460 3280 2506 et.
3306 2457 3595 2507 etiamnum
3618 2464 3970 2519 conservant,

2374 2538 2572 2593 inimici
2621 2541 2829 2606 nostri,
2877 2540 3276 2612 abnepotesque
3320 2559 3505 2598 eorum
3538 2544 3624 2613 qui
3677 2545 3974 2601 Dominum

2373 2631 2747 2684 crucifixerunt
2785 2649 2798 2684 :
2830 2633 2918 2702 qui
2960 2633 3125 2688 libros
3149 2676 3166 2701 ,
3202 2635 3447 2704 inquam,
3476 2634 3614 2704 apud
3644 2651 3702 2689 se
3730 2637 3976 2690 retinent

2373 2729 2428 2774 et
2471 2730 2809 2774 conservant.
2866 2723 2933 2776 Et
2971 2723 3059 2792 qui
3100 2723 3214 2777 ﬁeri
3259 2725 3460 2793 possit,
3505 2725 3646 2780 dicet
3674 2727 3972 2796 quispiam,

2376 2821 2434 2866 ut
2463 2812 2626 2866 libros
2649 2812 2907 2867 habentes
2927 2830 3030 2868 non
3057 2815 3311 2869 credant?
3340 2815 3471 2882 Quia
3491 2825 3612 2870 tunc
3635 2820 3815 2882 etiam,
3837 2834 3974 2872 cum

2373 2919 2494 2958 eum
2514 2904 2770 2958 mirabilia
2795 2915 3107 2974 operantem
3138 2905 3400 2973 viderent,
3435 2923 3538 2962 non
3569 2909 3914 2963 crediderunt
3947 2929 3961 2964 :

2375 2995 2468 3049 sed
2501 2994 2601 3048 hoc
2641 3010 2746 3048 non
2786 3005 2867 3050 est
2895 2998 3096 3051 crimen
3145 2997 3258 3066 ejus
3285 2997 3507 3053 cuinon
3547 3000 3814 3065 creditur,
3863 3003 3969 3056 sed

2375 3099 2557 3139 eormn
2581 3085 2769 3155 magis,
2794 3087 2881 3154 qui
2910 3087 2961 3140 in
2988 3087 3210 3141 meridie
3236 3090 3542 3144 caecutiunt.
3575 3089 3705 3143 Nam
3733 3102 3788 3145 et
3819 3092 3978 3150 hunc

2376 3176 2628 3230 mundum
2682 3176 2732 3228 in
2779 3175 2958 3229 medio
3001 3177 3313 3246 preposuit,
3363 3179 3771 3234 instrumentum
3817 3184 3975 3237 omni

2375 3267 2732 3322 Concinnitate
2760 3267 3113 3332 elaboratum,
3141 3283 3326 3323 vocem
3356 3269 3588 3339 undique
3615 3270 3890 3337 emitteus,
3911 3283 3975 3327 et
4005 3329 4014 3336 ,

2377 3369 2674 3414 creatorem
2722 3359 3016 3426 praedicans
3059 3378 3071 3412 :
3115 3369 3167 3414 et
3221 3370 3396 3414 tamen
3446 3361 3659 3430 quidam
3718 3363 3984 3419 homines.

2376 3460 2517 3516 sunt,
2551 3450 2640 3519 qui
2670 3449 2752 3503 vel
2783 3458 3051 3504 automata
3091 3465 3209 3505 esse
3234 3450 3448 3517 dicunt,
3480 3453 3564 3507 vel
3593 3453 3782 3506 horum
3812 3470 3975 3509 crea-

2378 3542 2573 3595 tionem
2617 3550 2774 3610 atque
2827 3541 3213 3611 providentiam
3264 3541 3569 3597 hominibus
3616 3547 3974 3612 adscribunt;

2376 3633 2462 3687 alii
2495 3649 2618 3687 vero
2648 3633 2868 3687 fortuna:
2891 3676 2905 3699 ,
2940 3633 3065 3700 fato,
3095 3635 3296 3704 genesi,
3326 3635 3408 3689 vel
3434 3637 3703 3690 stellarum
3734 3653 3974 3692 conver-

2376 3726 2633 3780 sionibus.
2679 3725 2873 3779 Verum
2924 3725 3025 3780 hoc
3054 3727 3255 3780 crimen
3301 3742 3406 3781 non
3439 3728 3490 3780 in
3519 3728 3765 3797 opificem
3797 3731 3973 3793 cadit,

2377 3818 2471 3872 sed
2503 3818 2552 3870 in
2585 3833 2708 3883 eos,
2740 3819 2828 3887 qui
2855 3819 2992 3871 inter
3032 3827 3109 3871 tot
3149 3818 3382 3872 remedia
3410 3818 3583 3874 adhuc
3607 3822 3864 3875 extremis
3896 3823 3978 3876 la-

2377 3908 2568 3967 borant
2609 3909 2824 3962 morbis.
2877 3909 3332 3976 Quemadmodum
3377 3910 3519 3963 enim
3569 3911 3703 3965 bene
3745 3897 4011 3968 allectus~

2377 4001 2586 4056 animus
2630 4000 2754 4069 quid
2786 4000 2923 4054 facto
2945 4016 3079 4069 opus
3106 4002 3173 4055 sit
3214 4001 3395 4069 videt,
3426 4018 3526 4057 nec
3556 4004 3736 4057 multis
3765 4004 3830 4057 ad
3866 4009 3976 4060 hoc

2372 4100 2496 4162 eget
2525 4092 2844 4161 adjumentis
2869 4109 2881 4154 ;
2916 4092 2991 4145 sic
3037 4090 3345 4161 imprudens
3371 4108 3432 4146 ac
3458 4093 3724 4163 stupidus,
3754 4095 3974 4150 etiamsi

2377 4185 2685 4240 innumeros
2733 4183 2922 4236 haheat
2962 4184 3274 4253 magistros,
3320 4183 3593 4240 affectibus
3623 4201 3973 4257 prmoccupa-

2379 4284 2483 4340 tus,
2517 4277 2568 4330 in
2599 4277 2836 4330 caecitate
2856 4283 3180 4344 perseverat.
3215 4275 3325 4329 Hoc
3351 4276 3511 4345 igitur
3527 4293 3738 4347 semper
3756 4277 3974 4346 videas,

2377 4383 2483 4421 non
2516 4368 2567 4421 in
2599 4366 2696 4420 hac
2723 4382 2780 4420 re
2810 4367 3000 4429 solum,
3027 4367 3118 4420 sed
3151 4367 3202 4419 in
3231 4366 3351 4419 aliis
3380 4381 3612 4437 quoque.
3655 4367 3794 4434 Quot
3817 4370 3971 4423 enim

2378 4468 2533 4523 sunt,
2567 4458 2800 4528 quicum
2845 4457 3041 4513 nullam
3082 4457 3352 4513 audissent
3387 4459 3554 4528 legem
3582 4500 3596 4522 ,
3644 4461 3863 4515 honeste
3905 4476 3975 4517 ac

2377 4549 2610 4619 legitime
2651 4548 2936 4602 vixerunt?
2982 4549 3082 4602 Alii
3115 4564 3241 4602 vero
3266 4564 3295 4602 a
3327 4550 3548 4617 pueritia
3579 4549 3644 4604 ad
3670 4561 3972 4606 extremam

2377 4626 2548 4708 usque
2587 4647 2914 4693 senectutem
2966 4639 3017 4692 in
3068 4639 3271 4707 legibus
3300 4639 3546 4706 educati,
3587 4656 3678 4695 eas
3729 4641 3974 4697 violandi

2379 4746 2662 4800 numquam
2693 4731 2850 4783 ﬁnem
2881 4729 3138 4784 fecerunt.
3192 4729 3316 4790 llmc
3346 4739 3400 4785 et
3436 4731 3574 4801 apud
3606 4740 3808 4786 veteres
3831 4746 3975 4786 con-

2381 4822 2652 4890 tigerunt:
2685 4836 2804 4873 nam
2840 4820 3009 4874 Juda:i
3057 4820 3352 4874 innumeris
3394 4821 3556 4894 signis
3596 4832 3649 4875 et
3696 4822 3979 4875 miraculis

2381 4930 2486 4967 non
2533 4913 2780 4970 meliores
2807 4913 2980 4967 effecti
3025 4921 3186 4976 sunt;
3237 4912 3479 4968 Ninivitac
3504 4929 3634 4966 vero
3663 4928 3762 4966 una
3793 4913 3977 4968 solum

2381 5006 2555 5059 audita
2589 5022 2715 5060 voce
2744 5006 3079 5076 resipucrunt
3100 5045 3115 5071 ,
3161 5015 3214 5060 et
3243 5021 3270 5058 a
3300 5007 3529 5074 peccatis
3577 5007 3777 5062 liberati
3818 5019 3975 5062 sunt.

2385 5096 2496 5150 lloc
2525 5097 2682 5150 etiam
2711 5096 2891 5150 videre
2936 5105 3010 5149 est
3058 5113 3162 5149 non
3204 5097 3256 5150 in
3287 5096 3554 5157 nobilibus
3581 5105 3781 5150 tantum
3811 5096 3974 5164 viris,

2382 5186 2477 5241 sed
2518 5187 2677 5240 etiam
2726 5186 2778 5240 in
2828 5187 3055 5240 obscuro
3095 5187 3213 5242 loco
3265 5188 3423 5241 natis.
3472 5188 3677 5255 Quanta
3726 5187 3978 5253 doctrina

2385 5291 2489 5330 non
2521 5277 2750 5330 imbutus
2774 5285 2855 5330 est
2879 5276 3086 5330 Judas?
3114 5286 3166 5330 et
3199 5286 3372 5334 tamen
3404 5277 3644 5346 proditor
3674 5277 3839 5332 factus
3858 5290 3978 5334 est.

2381 5371 2547 5435 Quam
2591 5369 3005 5424 admonitionem
3039 5371 3220 5424 habuit
3262 5371 3438 5425 latro?
3476 5381 3707 5426 attamen
3737 5373 3785 5426 in
3811 5387 3984 5429 cruce

2381 5459 2648 5514 Christum
2675 5463 2949 5516 confessus
2973 5471 3054 5516 est
3076 5505 3088 5527 ,
3137 5471 3192 5516 et
3231 5479 3452 5533 regnum
3493 5464 3610 5531 ejus
3641 5462 3975 5532 praulicavit.

2382 5551 2458 5605 Ne
2489 5553 2644 5621 igitur
2673 5570 2698 5604 a
2727 5564 3097 5622 corruptorum
3132 5553 3405 5607 hominum
3447 5563 3625 5609 mente
3670 5569 3844 5607 rerum
3886 5555 3983 5622 ju-

2383 5641 2580 5696 dicium
2623 5644 2778 5696 facias
2807 5660 2820 5708 ;
2866 5644 2956 5698 sed
2990 5645 3055 5697 ab
3085 5645 3194 5713 ipsa
3225 5661 3402 5698 rerum
3431 5645 3651 5699 veritate
3675 5658 3985 5714 congruen-

2387 5747 2492 5791 tctn
2538 5736 2795 5790 calculum
2849 5753 3010 5806 ponas
3039 5737 3101 5791 de
3149 5738 3247 5802 iis,
3299 5737 3385 5806 qui
3417 5747 3559 5790 recta
3588 5736 3804 5792 consilia
3851 5744 3981 5796 sunt
