4150 6352
218 406 335 463 827

222 522 545 591 τιμωρίας)
595 513 736 569 Ἀλλ’
771 514 800 568 6
836 513 1014 569 πάντα
1060 512 1230 568 ποιῶν
1270 513 1361 566 καὶ
1399 511 1826 583 μετασκευάζων

224 589 393 668 αὐτὰ,
412 604 440 655 ό
463 589 559 671 τήν
584 598 913 669 οἰκουμένην
932 599 997 650 ἐκ
1017 597 1289 667 τοσαύτης
1318 596 1519 660 κακίας
1546 595 1825 667 μεταθεὶς,

225 689 327 741 καί⁵
352 688 452 757 τὴν
480 685 586 754 γῆν
619 682 849 754 οὐρανὸν
872 682 1269 753 ἐργασάμενος,
1289 674 1443 743 0610;
1474 681 1567 733 καὶ
1591 679 1652 732 τὸ
1688 678 1829 749 πρᾶ-

225 789 351 841 γμα
382 768 542 823 τοῦτο
572 766 938 819 ἐπονείδιστον
966 764 1025 818 ὃν
1066 763 1163 818 καὶ
1203 766 1422 818 πάντων
1462 763 1709 816 θανάτων
1740 759 1825 812 αἴ-

228 870 454 924 σχιστον
471 851 612 922 ὑπὲρ
633 848 743 902 τῶν
768 848 1015 918 οὐρανῶν
1041 848 1311 920 ἀνήγαγε.
1329 845 1493 899 Ταῦτ’
1506 841 1599 898 οὖν
1614 844 1832 898 ἅπαντα

230 936 486 1009 προορῶν
513 936 542 987 6
582 934 871 1007 προφήτης
911 932 1066 1000 ἔλεγε
1091 950 1103 963 ⁸
1132 930 1243 986 Καὶ
1272 930 1447 984 ἔσται
1476 931 1513 997 ἡ
1558 926 1832 983 ἀνάπαυ-

229 1036 337 1087 σις
376 1019 562 1073 αὑτοῦ
591 1015 749 1087 τιμή.
792 1012 965 1068 Τοῦτο
993 1014 1103 1087 γὰρ
1137 1014 1199 1067 τὸ
1236 1012 1330 1067 τοῦ
1359 1012 1593 1066 θανάτου
1623 1010 1831 1082 σύμϐο-

227 1104 328 1157 λον
352 1102 433 1169 (οὐ
461 1102 571 1173 γὰρ
599 1101 882 1171 παύσομαι
916 1098 1158 1169 συνεχῶς
1200 1096 1360 1151 τοῦτο
1383 1096 1581 1166 λέγων)
1616 1095 1834 1165 ἐγένετο

230 1184 492 1256 εὐλογίας
518 1183 773 1246 ὑπόθεσις
795 1182 1019 1253 πολλῆς,
1036 1183 1132 1236 καὶ
1160 1181 1509 1251 παντοδαπῆς
1531 1180 1834 1248 ἀσφαλείας

229 1273 440 1342 τεῖχος,
459 1259 707 1324 διαϐόλου
739 1266 933 1339 καιρία
961 1264 1169 1337 πληγὴ,
1188 1264 1462 1335 δαιμόνων
1488 1263 1725 1334 χαλινὸς.
1746 1280 1837 1332 κη-

232 1354 344 1426 μὸς
375 1354 474 1425 τῆς
510 1351 620 1405 τῶν
640 1349 1037 1421 ἀντικειμένων
1066 1345 1354 1418 δυνάμεως
1372 1363 1385 1377 ·
1416 1345 1576 1400 τοῦτο
1606 1346 1836 1400 θάνατον

226 1438 440 1503 ἀνεῖλε,
474 1434 634 1489 τοῦτο
657 1433 754 1488 τοῦ
789 1433 918 1505 ᾅδου
942 1433 1044 1496 τάς
1069 1431 1279 1501 χαλκᾶς
1313 1429 1490 1494 πύλας
1514 1429 1833 1494 συνέκλασε,

225 1524 367 1585 τοὺς
407 1519 659 1591 σιδηροῦς
705 1518 935 1588 μοχλοὺς
968 1514 1293 1577 συνέθλασε,
1317 1514 1413 1568 τοῦ
1453 1514 1703 1567 διαϐόλου
1737 1513 1837 1584 τήν

228 1604 536 1678 ἀκρόπολιν
565 1602 853 1659 κατέλυσε.
886 1600 985 1671 τῆς
1019 1600 1298 1670 ἁμαρτίας
1335 1598 1405 1651 τὰ
1439 1598 1610 1669 νεῦρα
1656 1597 1838 1663 ἐξέκο-

228 1690 364 1759 ψεν,
392 1688 496 1743 ὐπὸ
516 1686 816 1757 καταδίκην
848 1684 1110 1755 κειμένην
1136 1683 1236 1755 τὴν
1253 1682 1583 1753 οἰκουμένην
1619 1681 1838 1735 ἃπασαν

231 1775 545 1845 ἐξήρπασε,
573 1770 834 1842 θεήλατον
856 1768 1164 1839 φερομένην
1190 1765 1333 1820 κατὰ
1363 1765 1466 1835 τῆς
1507 1763 1721 1833 φύσεως
1741 1764 1839 1834 τῆς

229 1859 516 1931 ἡμετέρας
533 1855 749 1927 πληγὴν
771 1851 1070 1908 ἀνέστειλε.
1085 1852 1150 1904 Τί
1168 1850 1311 1920 λέγω
1331 1866 1345 1915 ;
1364 1849 1507 1921 άπερ
1527 1849 1629 1902 οὐκ
1652 1848 1838 1919 ἴσχυσε

231 1934 836 2011 Θάλασσασχιζομένη,
870 1936 1071 2007 πέτραι
1115 1933 1476 2006 ῥηγνύμεναι,
1510 1933 1619 2003 ἀὴρ
1671 1949 1840 2003 μετα-

231 2028 591 2098 ϐαλλόμενος,
622 2023 718 2077 καὶ
756 2022 931 2094 μάννα
974 2019 1068 2073 ἐπὶ
1110 2018 1525 2089 τεσσαράκοντα
1557 2016 1703 2069 έτεσι
1737 2032 1842 2068 το·-

234 2113 472 2175 σαύταις
511 2107 716 2182 χιλιάσι
754 2105 1141 2176 διαδιδόμενον,
1193 2104 1289 2157 καὶ
1320 2102 1514 2173 νόμος,
1548 2100 1641 2155 καὶ
1675 2100 1840 2170 ἕτερα

234 2198 448 2268 σημεῖα
483 2194 571 2247 καὶ
613 2194 672 2245 ἐν
714 2191 910 2265 ἐρήμῳ
944 2190 1038 2243 καὶ
1071 2189 1129 2241 ἐν
1158 2184 1498 2268 Παλαιστίνῃ
1526 2184 1799 2268 γενόμενα
1822 2222 1839 2246 ,

232 2265 417 2335 ταῦτα
472 2278 693 2348 ἴσχυσεν
736 2275 765 2327 6
807 2272 1061 2343 σταυρὸς,
1103 2270 1205 2325 οὐκ
1231 2271 1291 2324 ἐν
1321 2270 1402 2323 ἐνί
1431 2267 1597 2333 ἔθνει,
1634 2265 1751 2320 ἀλλ’
1783 2266 1845 2319 ἐν

233 2365 394 2436 πάσῃ
416 2364 484 2434 τῇ
522 2359 840 2430 οἰκουμένῃ,
880 2355 1114 2427 σταυρὸς
1150 2354 1211 2408 τὸ
1239 2354 1515 2425 ἐπάρατον
1547 2350 1841 2436 σύμϐολον,

230 2450 299 2504 τὸ
334 2435 469 2502 πᾶσι
497 2443 750 2516 φευκτὸν,
767 2442 830 2495 τδ
854 2442 1020 2495 πᾶσιν
1048 2438 1342 2498 ἀπευκτὸν.
1369 2436 1431 2489 τὸ
1453 2435 1840 2500 ἐπονείδιστον,

236 2533 456 2604 ἴσχυσε,
476 2528 615 2602 μετά
642 2527 705 2580 τὸ
733 2524 1063 2595 τελευτῆσαι
1092 2523 1185 2576 τὸν
1226 2520 1631 2604 σταυρωθέντα,
1663 2518 1843 2604 πάντα

233 2602 482 2678 εὐκόλως
500 2610 860 2684 ἐργάσασθαι.
885 2609 959 2662 Οὐ
978 2606 1155 2660 ταῦτα
1175 2605 1233 2659 δὲ
1270 2604 1457 2675 μόνον,
1486 2603 1623 2657 ἀλλά
1646 2603 1741 2655 καὶ
1773 2602 1843 2656 τὰ

238 2698 387 2771 μετά
417 2696 591 2751 ταῦτα
612 2695 888 2748 δείκνυσιν
920 2689 1085 2745 αὐτοῦ
1121 2687 1222 2760 τήν
1254 2686 1438 2771 ἰσχύν.
1463 2684 1585 2771 Τὴν,
1614 2686 1724 2771 γάρ
1766 2685 1844 2738 οί-

236 2767 519 2850 κουμένην
559 2779 752 2847 ἄγονον
780 2771 946 2829 οὖσαν
980 2772 1124 2828 κατά
1151 2772 1244 2824 τὸν
1284 2771 1384 2840 τῆς
1418 2769 1623 2840 ἀρετῆς
1660 2767 1842 2837 λόγον,

236 2867 339 2921 καὶ
365 2865 575 2936 ἐρήμου
607 2862 710 2932 γῆς
740 2859 893 2913 οὐδὲν
932 2858 1156 2927 ἄμεινον
1196 2853 1571 2924 διακειμένην,
1605 2851 1845 2936 οὐδέείς

236 2951 303 3004 τὸ
331 2951 510 3003 τεκεῖν
548 2965 599 3000 τι
625 2942 864 3017 χρηστὸν
897 2938 1320 3011 προσδοκῶσαν,
1343 2936 1540 3006 ἀθρόον
1585 2935 1845 3007 παράδει-

239 3052 338 3090 σον
356 3032 450 3087 1101
482 3029 695 3103 μητέρα
722 3024 1027 3080 πολύπαιδα
1053 3022 1345 3092 πεποίηκε.
1369 3020 1481 3073 Καὶ
1504 3018 1662 3072 τοῦτο
1702 3018 1843 3103 ἀνω-

238 3119 336 3174 θεν
360 3102 736 3188 προεδήλωσεν
763 3112 792 3165 6
829 3109 1119 3182 προφήτης
1156 3107 1301 3161 οὐτω
1330 3105 1541 3188 λέγωνξ
1579 3102 1845 3188 Εὐφράν-

236 3186 657 3269 θητιξστεῐρα,
685 3196 723 3264 ἡ
762 3196 835 3249 οὺ
861 3194 1170 3247 τίκτουσα·
1193 3188 1393 3259 ῥῆξον
1437 3187 1537 3240 καὶ
1578 3186 1843 3254 βόησον,

234 3286 275 3352 ἠ
302 3286 415 3339 οὐκ
441 3281 766 3341 ὠδίνουσα,
797 3278 887 3331 ὅτι
924 3274 1128 3330 πολλὰ
1151 3273 1224 3327 τὰ
1254 3272 1440 3326 τέκνα
1466 3270 1579 3338 τῆς
1617 3269 1844 3337 ἐρήμου

236 3366 500 3432 μᾶλλον,
536 3364 575 3433 ἢ
604 3362 716 3431 τῆς
752 3361 1022 3431 ἐχούσης
1058 3356 1167 3411 τὸν
1196 3356 1408 3423 ἄνδρα.
1436 3354 1561 3407 Ὅτι
1586 3353 1845 3424 τοιαύτην

237 3450 640 3523 ἐργασάμενος,
672 3446 836 3517 νόμον
854 3444 1055 3497 ἔδωκεν
1082 3441 1221 3512 αὐτῇ
1251 3437 1433 3509 πολλῷ
1455 3437 1549 3490 τοῦ
1575 3437 1844 3523 προτέρου

236 3521 511 3606 βελτίονα,
549 3530 671 3585 οὐδέ
709 3529 867 3583 τοῦτο
894 3526 1157 3597 ἐσίγησαν
1193 3526 1244 3577 οἱ
1285 3523 1561 3596 προφῆται
1587 3538 1600 3551 ”
1628 3521 1723 3575 1101
1743 3522 1846 3606 ὅρα

236 3603 292 3673 τί
344 3612 866 3689 προαναφωνοῦντες
904 3613 1161 3682 εἰρήκασι
1188 3625 1202 3640 ο
1240 3606 1610 3676 Διαθήσομαι
1639 3603 1847 3689 αὐτοῖς

236 3688 543 3769 διαθήκην
579 3698 820 3766 καινὴν,
851 3698 923 3750 οὐ
961 3695 1113 3750 κατά
1140 3693 1257 3761 τὴν
1287 3691 1587 3759 διαθήκην
1615 3688 1695 3758 ἣν
1728 3688 1847 3742 διε-

238 3787 433 3857 θέμην
460 3784 586 3850 τοῖς
618 3781 922 3853 πατράσιν
955 3777 1177 3843 αὐτῶν,
1220 3777 1290 3831 ἐν
1332 3775 1523 3846 ἡμέρᾳ
1564 3774 1844 3828 ἐπιλαϐο-

238 3856 432 3941 μένου
460 3887 580 3940 μου
614 3867 726 3935 τὴς
774 3864 975 3935 χειρὸς
1016 3862 1218 3916 αὐτῶν
1259 3858 1580 3930 ἐξαγαγεῖν
1622 3856 1847 3923 αὐτοὺς

238 3956 314 4010 ἐκ
350 3953 464 4023 γῆς
510 3952 813 4021 Αίγύπτου
848 3966 862 3981 ο
900 3948 992 4002 ὅτι
1039 3947 1211 4000 αὐτοὶ
1257 3946 1370 4000 οὐκ
1421 3941 1739 4012 ἐνέμειναν
1777 3941 1848 3994 ἐν

242 4037 320 4107 τῇ
343 4035 598 4104 διαθήκῃ
617 4051 757 4102 μου,
774 4031 937 4102 κάγὼ
965 4030 1249 4102 ἠμέλησα
1275 4027 1477 4082 αὐτῶν
1497 4067 1510 4091 ,
1542 4025 1706 4095 λέγει
1728 4024 1847 4107 Κύ-

240 4106 396 4188 ριος.
434 4121 565 4174 Ὅτι
584 4118 736 4185 αὕτη
754 4118 794 4186 ἠ
812 4112 1095 4183 διαθήκη,
1126 4112 1208 4181 ἣν
1233 4109 1596 4179 διαθήσομαι
1616 4106 1843 4173 αὐτοῖς,

241 4204 456 4270 διδοὺς
488 4204 713 4272 νόμους
748 4217 870 4270 μου
908 4201 996 4264 εις
1040 4196 1157 4265 τὴν
1182 4194 1460 4249 διάνοιαν
1492 4190 1715 4255 αὐτῶν,
1748 4189 1849 4244 καὶ

243 4288 345 4341 ἐπὶ
387 4286 641 4355 καρδίαν
678 4283 880 4339 αὐτῶν
921 4278 1234 4351 ἐπιγράψω
1274 4278 1519 4343 αὐτούς.
1563 4272 1700 4331 Εἶτα
1753 4274 1846 4328 καὶ

243 4372 346 4444 τὴν
376 4370 576 4443 ἀθρόαν
615 4367 948 4440 μεταϐολὴν,
978 4368 1074 4420 καὶ
1113 4366 1215 4436 τὴν
1256 4362 1373 4434 μετ’
1416 4359 1680 4444 εὐκολίας
1701 4358 1848 4412 6160-

245 4441 480 4509 σκαλίαν
515 4451 841 4524 παραδηλῶν
888 4451 1043 4519 έλεγε
1077 4466 1089 4480 ·
1119 4448 1227 4502 Καὶ
1270 4448 1342 4499 οὐ
1382 4443 1469 4514 μὴ
1518 4441 1851 4506 διδάξωσιν

246 4540 508 4606 ἕκαστος
555 4538 662 4592 τὸν
718 4536 987 4604 πλησίον
1018 4532 1204 4587 αὺτοῦ
1230 4574 1245 4598 ,
1290 4529 1387 4583 καὶ
1435 4529 1697 4592 ἕκαστος
1742 4524 1851 4579 τὸν

246 4621 523 4693 ἀδελφὸν
541 4619 751 4685 αὐτοῦ,
768 4618 985 4689 λέγων,
1004 4615 1198 4671 Γνῶθι
1213 4614 1321 4667 τὸν
1336 4614 1576 4680 Κύριον,
1596 4609 1687 4663 ὅτι
1706 4608 1851 4693 πάν-

248 4724 354 4773 τες
392 4692 713 4773 εἰδήσουσί
731 4720 807 4772 με
831 4701 951 4757 ἀπὸ
976 4699 1195 4771 μικροῦ
1217 4697 1415 4752 αὐτῶν
1446 4696 1556 4761 ἕως
1577 4692 1849 4765 μεγάλου

251 4786 477 4847 αὐτῶν.
508 4788 630 4842 Ὅτι
661 4786 1074 4859 ἁμαρτημάτων
1106 4782 1300 4853 ἔμελλε
1332 4779 1534 4833 διδόναι
1570 4774 1852 4859 συγχώρη-

256 4892 344 4929 σιν
375 4874 543 4927 ἆπασι
570 4857 1033 4940 παραγενόμενος,
1048 4868 1143 4920 x01
1166 4865 1326 4919 10610
1348 4863 1511 4917 πάλιν
1531 4857 1853 4933 προανεφώ-

250 4972 419 5027 νησεν
445 4957 473 5009 ὁ
493 4954 781 5026 προφήτης
806 4952 978 5014 οὕτως
998 4951 1198 5005 είπώψ
1227 4949 1386 5017 Αὕτη
1414 4944 1621 5011 αὐτοῖς
1644 4945 1684 5009 ἡ
1714 4942 1852 5009 παρ’

251 5038 400 5109 ἐμοῦ
430 5036 709 5105 διαθήκη,
742 5036 889 5089 ὅταν
931 5034 1241 5104 ἀφέλωμαι
1288 5032 1396 5098 τὰς
1445 5028 1702 5109 ἀνομίας
1743 5028 1853 5080 αὐ-

252 5108 395 5184 τῶν,
424 5120 522 5174 καί
547 5118 666 5174 τῶν
697 5118 997 5189 ἁμαρτιῶν
1013 5116 1212 5172 αὐτῶν
1234 5116 1307 5169 οὐ
1344 5112 1430 5183 μὴ
1457 5108 1713 5183 μνησθῶ
1744 5108 1851 5162 ἔτι.

253 5206 323 5270 Τί
346 5204 539 5259 τούτου
584 5203 919 5275 σαφέστερον
954 5200 1155 5270 γένοιτ’
1183 5199 1249 5253 ἀν
1284 5216 1298 5265 ;
1334 5197 1447 5269 Τὴν
1499 5196 1694 5265 κλῆσιν
1746 5192 1854 5265 γὰρ

252 5288 366 5343 τῶν
410 5286 601 5352 ἐθνῶν,
635 5287 737 5358 τὴν
772 5284 1045 5357 ὑπεροχὴν
1096 5282 1191 5337 τοῦ
1227 5280 1415 5336 καινοῦ
1448 5279 1585 5351 πρὸς
1624 5278 1718 5331 τὸν
1762 5292 1859 5329 πα-

252 5372 408 5427 λαιὸν
440 5371 627 5442 νόμον,
655 5371 755 5440 τήν
787 5369 1038 5424 εὐκολίαν
1067 5372 1166 5438 τῆς
1197 5366 1591 5438 προσαγωγῆς,
1620 5361 1728 5416 τῶν
1765 5378 1857 5442 πιτ

256 5440 603 5510 στευσάντων
630 5453 728 5524 τὴν
753 5452 937 5524 χάριν,
972 5452 1066 5506 καὶ
1116 5450 1214 5521 τὴν
1254 5448 1461 5520 δωρεάν
1493 5447 1594 5518 τὴν
1634 5444 1724 5498 διὰ
1761 5440 1857 5495 106

257 5539 635 5610 βαπτίσματος
649 5536 970 5609 γενομένην,
983 5534 1071 5590 διὰ
1085 5535 1291 5588 τούτων
1311 5533 1540 5603 ἐνέφηνε
1559 5530 1669 5583 τῶν
1689 5530 1860 5601 προρ-

300 5624 495 5693 ήσεων.

300 5630 495 5693 ήσεων.

260 5630 293 5699 ῤ
334 5704 485 5777 [575]
510 5707 729 5760 ια’.Ὅτι
753 5705 913 5770 αὐτὸς
938 5700 1321 5768 οῦτοςὸταῦτα
1343 5698 1739 5773 ἐργασάμενος,
1766 5694 1862 5748 αὐ·-

258 5788 353 5851 16;
378 5790 645 5859 παρέσται
671 5790 764 5841 καὶ
786 5788 977 5861 κριτὴς
1005 5788 1143 5858 μετά
1157 5786 1348 5851 ταῦτα,
1365 5787 1467 5857 ὅρα
1483 5784 1598 5846 πῶς
1618 5782 1709 5835 καὶ
1729 5778 1862 5831 αὐτὸ

263 5872 716 5940 προαναφωνοῦσι
743 5890 755 5903 ·
786 5874 880 5925 καὶ
918 5874 1028 5945 γὰρ
1060 5873 1179 5925 οὐδὲ
1212 5869 1371 5925 τοῦτο
1415 5868 1785 5941 παρέδραμον.
1810 5864 1855 5915 οἱ

265 5956 368 6029 μὲν
406 5958 639 6028 ὁρῶντες
685 5959 843 6013 αὐτὸν
878 5960 933 6012 ἐν
985 5957 1133 6031 αὐτῷ
1181 5957 1259 6029 τῷ
1297 5959 1564 6029 σχήματι,
1593 5946 1637 6021 ᾧ
1670 5948 1849 6022 μέλλει

801 398 1079 456 CONTRA
1116 397 1406 455 JUDzEOS
1447 396 1535 453 ET
1576 394 1844 453 GENTILI

1980 398 2559 475 (10001110131155
2597 402 2705 460 sn
2744 403 2947 462 unus.

3419 404 3535 462 δὲ’-8

1932 514 2354 584 παραγίνεσθαι,
2386 518 2433 569 02
2465 517 2522 570 δὲ
2552 515 2642 571 διά
2681 519 2943 589 ῥημάτων
2979 515 3159 570 αὐτῶν
3202 534 3530 589 προαναφω-

1929 597 2165 661 νοῦντες.
2211 599 2270 653 Ὀ
2295 601 2395 670 μὲν
2418 601 2526 671 γάρ
2555 601 2775 673 Δανιὴλ,
2799 601 2895 655 καὶ
2923 600 3097 655 ταῦτα
3133 603 3189 654 ἐν
3217 600 3369 672 μέσῳ
3396 602 3516 673 βαρ-

1932 682 2116 753 ϐάρων
2137 683 2244 737 τῶν
2279 679 2660 743 Βαϐυλωνίων,
2686 687 2788 757 ὁρᾷ
2822 684 2984 738 αὐτὸν
3022 686 3114 738 ἐπὶ
3151 684 3260 738 τῶν
3288 685 3530 755 νεφελῶν

1931 766 2225 838 ἐρχόμενον
2249 784 2260 797 ·
2296 767 2391 821 καὶ
2421 768 2586 822 ἄκουε
2622 769 2729 822 τῶν
2756 768 3019 841 ῥημάτων
3054 769 3236 821 αὐτῶν
3266 767 3360 822 τοῦ
3392 786 3531 838 προ-

1933 851 2127 921 φήτου·
2174 851 2525 920 Ἐθεώρουν,
2556 853 2709 925 φησὶ,
2744 852 2843 905 καὶ
2875 851 3006 906 ἰδοὺ
3028 852 3109 918 ώς
3146 852 3280 919 Υἱὸς
3309 852 3534 919 ἀνθρώ-

1934 948 2053 990 που
2094 936 2417 1005 ἐρχόμενος
2460 936 2558 991 ἐπὶ
2611 936 2733 990 τῶν
2779 934 3088 1005 νεφελῶν,
3116 938 3213 991 καί
3262 937 3535 1006 ἔφθασεν

1932 1017 2045 1085 ἕως
2082 1018 2189 1073 τοῦ
2229 1020 2501 1075 Παλαιοῦ
2533 1018 2655 1073 τῶν
2686 1017 2945 1088 ἡμερῶν,
2991 1020 3088 1073 καί
3123 1018 3384 1073 ἐνώπιον
3428 1021 3535 1073 αὺ-

1934 1102 2043 1157 τοῦ
2081 1103 2471 1174 προσηνέχθη
2497 1145 2511 1169 ,
2544 1102 2644 1157 καὶ
2683 1102 2844 1168 αὐτῷ
2874 1102 3053 1171 ἐδόθη
3095 1104 3129 1172 ἠ
3163 1102 3322 1172 ἀρχὴ
3352 1102 3451 1156 καί
3493 1105 3532 1172 ἡ

1929 1185 2243 1249 βασιλεία,
2288 1188 2385 1241 καὶ
2433 1184 2657 1252 πάντες
2703 1190 2756 1241 02
2802 1187 2965 1250 λαοὶ,
2999 1185 3189 1255 φυλαὶ
3209 1226 3225 1249 ,
3258 1185 3534 1256 γλῶσσαι

1936 1266 2099 1333 αὐτῷ
2127 1268 2563 1323 δουλεύσουσι.
2592 1268 2700 1323 K01
2728 1269 2791 1322 τὺ
2826 1270 3106 1341 κριτήριον
3126 1268 3186 1321 δὲ
3210 1268 3377 1322 06106
3410 1270 3536 1321 ὐπο-

1936 1351 2165 1423 γράφων
2196 1352 2358 1424 φησίν
2380 1368 2394 1382 '
2444 1352 2773 1421 Ἐθεώρουν
2794 1336 2907 1419 ἕως
2944 1336 3087 1406 ὅτου
3115 1352 3316 1421 θρόνοι
3342 1352 3539 1419 ἐτέθηι
3642 1336 3649 1349 κ

1938 1449 2081 1501 σαν,
2117 1436 2218 1489 καὶ
2257 1437 2461 1500 βίϐλοι
2493 1434 2893 1503 ἀνεῴχθησαν
2918 1451 2932 1464 ⁶
2974 1434 3075 1489 καὶ
3126 1435 3392 1505 ποταμὸς
3431 1452 3538 1489 πυ-

1930 1516 2045 1585 ρὸς
2089 1513 2296 1573 εἷλκεν
2342 1518 2689 1588 ἔμπροσθεν
2734 1517 2925 1572 αὐτοῦ
2956 1533 2972 1549 ⁸
3018 1517 3208 1588 χίλιαι
3263 1516 3534 1587 χιλιάδες

1938 1601 2362 1672 ἐλειτούργουν
2403 1602 2594 1667 αὐτῷ,
2628 1602 2729 1656 καί
2765 1603 2973 1671 μύριαι
3009 1599 3299 1671 μυριάδες
3336 1615 3537 1670 παρει-

1939 1683 2279 1752 στήκεισαν
2304 1683 2485 1750 αὐτῷ.
2522 1686 2597 1738 Οὐ
2628 1685 2790 1756 μόνον
2821 1685 2898 1745 δέ,
2926 1683 3065 1738 ἀλλά
3098 1684 3194 1737 καὶ
3226 1685 3327 1757 τὴν
3370 1685 3537 1755 τιμὴν

1938 1767 2234 1833 δείκνυσιν,
2257 1770 2325 1841 ἣν
2362 1769 2649 1840 μέλλουσιν
2685 1768 2828 1840 ἔχειν
2850 1768 2901 1822 οί
2922 1767 3122 1822 δίκαιοι
3144 1806 3160 1830 ,
3188 1766 3361 1836 λέγων
3387 1786 3400 1797 ·
3423 1768 3536 1820 Καὶ

1940 1852 2005 1905 τὸ
2040 1852 2220 1922 κρῖμα
2248 1852 2473 1906 ἔδωκεν
2502 1853 2695 1923 ἁγίοις
2726 1853 3044 1920 Ὑψίστου,
3072 1850 3173 1904 καὶ
3217 1851 3335 1919 τὴν
3357 1851 3541 1916 ,ϐασι-

1937 1937 2115 1991 λείαν
2139 1938 2441 2006 κατέσχον
2477 1938 2531 1990 οἱ
2561 1936 2736 2006 ἅγιοι.
2780 1936 2837 1988 Ὀ
2869 1936 2925 1988 δέ
2962 1935 3252 2005 Μαλαχίας
3274 1976 3286 1997 ,
3324 1935 3421 1987 καὶ
3455 1935 3539 1988 ὅτι

1939 2019 2027 2074 διά
2054 2020 2228 2093 πυρὸς
2276 2019 2428 2074 ἔσται
2480 2020 2545 2073 τὺ
2589 2018 2941 2089 δικαστήριον
2988 2018 3188 2081 ἐκεῖνο,
3234 2018 3538 2090 παρίστησι

1940 2103 2143 2173 λέγων·
2186 2102 2343 2160 Ἰδοὺ
2375 2102 2563 2170 αὐτὸς
2593 2102 3012 2170 εἰσπορεύεται
3048 2102 3130 2169 ὡς
3159 2102 3281 2170 πῦρ
3322 2120 3542 2171 χωνευ-

1940 2191 2170 2258 τηρίου,
2209 2188 2308 2243 καί
2347 2189 2428 2255 ὡς
2468 2190 2589 2241 πόα
2629 2188 3010 2241 πλυνόντων.
3057 2182 3212 2250 Εἶδες
3251 2186 3541 2256 ἀκρίϐειαν

1944 2271 2261 2344 προφητῶν,
2306 2272 2425 2336 πῶς
2455 2272 2672 2326 ἅπαντα
2698 2269 3066 2341 προλαϐόντες
3096 2270 3439 2341 άνεκήρυξαν
3472 2270 3541 2323 τά

1945 2356 2322 2428 συμϐήσεσθαι
2348 2355 2616 2428 μέλλοντα
2638 2372 2653 2420 ;
2675 2351 2801 2416 Πῶς
2822 2349 2915 2407 οῦν
2936 2353 3016 2407 ἔτι
3038 2354 3244 2426 τολμᾷς
3264 2355 3539 2417 ἀπιστεῖν,

1941 2441 2198 2506 τοιαύτας
2237 2440 2419 2495 λαϐὼν
2457 2436 2624 2493 αὐτοῦ
2656 2437 2961 2504 ἀποδείξεις
2987 2438 3087 2508 τῆς
3114 2430 3418 2508 δυνάμεως,
3445 2438 3543 2509 ῥή-

1947 2542 2095 2598 ματα
2120 2525 2227 2597 πρὸ
2254 2524 2509 2577 τοσούτου
2547 2522 2743 2593 χρόνου
2778 2521 3229 2591 ἀναφωνηθέντα,
3263 2521 3359 2574 καὶ
3400 2522 3544 2590 πρά-

1942 2626 2134 2680 γματα
2185 2610 2297 2671 τοῖς
2332 2608 2542 2679 ῥήμασι
2582 2605 2950 2676 συμϐαίνοντα
3003 2604 3238 2674 βλέπων,
3265 2605 3358 2658 καὶ
3389 2604 3543 2657 οὐδὲν

1942 2694 2080 2757 ὅλως
2105 2691 2391 2755 διαπεσόν;
2414 2690 2524 2743 Καὶ
2552 2690 2633 2742 ὅτι
2656 2690 2716 2742 οὐ
2744 2687 3043 2759 πλάσματα
3069 2688 3314 2759 ἡμέτερα
3337 2706 3546 2759 μαρτυ-

1946 2776 2133 2850 ροῦσιν
2167 2776 2218 2829 οἱ
2262 2774 2332 2828 τά
2376 2773 2555 2844 βιϐλία
2601 2773 2698 2826 x01
2739 2771 2948 2842 πρῶτοι
2989 2770 3275 2841 δεξάμενοι
3314 2772 3409 2824 καὶ
3447 2769 3545 2823 νῦν

1946 2860 2292 2930 κατέχοντες,
2321 2857 2505 2928 ἐχθροί
2541 2874 2601 2909 τε
2647 2855 2819 2919 ὄντες,
2851 2856 2947 2908 καὶ
2977 2854 3088 2907 τῶν
3114 2854 3545 2926 ἐσταυρωκότων

1945 2942 2181 3011 ἔκγονοι,
2221 2942 2315 2995 καὶ
2345 2940 2440 2995 νῦν
2474 2940 2615 2994 αὐτὰ
2653 2939 2979 3010 κατέχοντες
3008 2938 3104 2992 καὶ
3131 2937 3541 3010 διατηροῦντες.

1946 3027 2057 3080 Καὶ
2081 3025 2199 3089 πῶς
2229 3026 2291 3078 οὐ
2341 3024 2682 3091 πιστεύουσι,
2720 3024 2885 3094 φησὶν
2910 3065 2925 3089 ,
2957 3022 3174 3093 ἔχοντες
3205 3022 3275 3076 τὰ
3317 3021 3500 3092 βιϐλία
3527 3039 3543 3087 ;

1947 3111 2071 3164 Ὀτι
2102 3111 2197 3164 καὶ
2224 3109 2346 3163 τότε
2388 3108 2912 3179 θαυματουργοῦντα
2956 3106 3246 3176 βλέποντες
3275 3109 3377 3161 οὐκ
3424 3108 3548 3162 ἐπί·
3574 3145 3579 3149 -

1948 3210 2155 3248 στευον.
2191 3192 2354 3246 Ἀλλά
2380 3190 2542 3246 τοῦτο
2583 3194 2645 3246 οὐ
2677 3191 2772 3246 τοῦ
2812 3190 3220 3261 ἀπιστουμένου
3265 3192 3543 3265 ἔγκλημα,

1946 3277 2084 3333 ἀλλά
2125 3277 2235 3330 τῶν
2281 3276 2340 3330 ἐν
2375 3276 2697 3348 μεσημϐρίᾳ
2729 3275 2873 3348 μέσῃ
2920 3275 3343 3345 τυφλωττόντων
3368 3294 3381 3309 ο
3423 3278 3548 3332 ἐπεὶ

1946 3362 2040 3416 καὶ
2076 3360 2169 3414 τὸν
2195 3361 2399 3431 κόσμον
2437 3358 2627 3413 τοῦτον
2665 3361 2746 3422 εἰς
2797 3360 2959 3430 μέσον
2996 3359 3292 3431 προέθηκε,
3336 3377 3549 3431 παναρ-

1950 3447 2135 3517 μόνιον
2170 3445 2425 3517 ὄργανον,
2459 3444 2645 3514 φωνάς
2678 3444 3017 3514 πανταχόθεν
3053 3442 3303 3512 ἀφιέντα,
3331 3444 3551 3498 καὶτὸν

1945 3530 2279 3601 δημιουργὸν
2307 3527 2787 3599 ἀνακηρύττοντα’
2822 3529 2918 3582 καὶ
2953 3528 3105 3598 ὅμως
3137 3529 3282 3592 τινὲς
3318 3528 3429 3583 τῶν
3454 3530 3550 3583 ἀν-

1948 3613 2183 3685 θρώπων
2214 3613 2350 3665 εἰσὶν
2379 3615 2426 3666 οἱ
2460 3611 2558 3682 μὲν
2595 3611 2880 3682 αὐτόματα
2918 3612 3097 3666 πάντα
3118 3611 3392 3680 λέγοντες,
3423 3614 3549 3669 οίδὲ

1947 3696 2220 3767 ἀγέννητοι
2260 3696 2330 3748 τὰ
2357 3694 2640 3767 ὁρώμενα,
2666 3696 2714 3747 οἱ
2754 3695 2813 3748 δὲ
2853 3695 3101 3767 δαίμοσιν
3145 3697 3549 3767 ἐπιγράφοντες

1946 3783 2046 3851 τὴν
2075 3779 2280 3834 τούτων
2295 3778 2654 3851 δημιουργίαν
2685 3778 2782 3832 καὶ
2808 3776 3088 3849 πρόνοιαν,
3112 3779 3262 3833 ἄλλοι
3290 3779 3431 3852 τύχῃ
3453 3781 3549 3835 καὶ

1948 3863 2292 3935 εἱμαρμένῃ,
2341 3863 2438 3916 καὶ
2489 3862 2739 3931 γενέσει,
2776 3862 2869 3915 καὶ
2920 3862 3138 3933 ἄστρων
3194 3866 3542 3933 περιφοραῖς.

1961 3949 2099 4003 Ἀλλ’
2125 3949 2339 4002 οὐδέπω
2363 3945 2523 4001 τοῦτο
2557 3949 2651 4001 τοῦ
2674 3947 3026 4021 ’δημιουργοῦ
3050 3948 3305 4019 ἔγκλημα
3325 3989 3338 4011 ,
3370 3948 3487 4003 ἀλλ’
3512 3951 3547 4021 ή

1948 4032 2253 4105 κατηγορία
2298 4032 2409 4086 τῶν
2452 4032 2591 4102 μετά
2620 4032 2857 4085 τοσαῦτα
2898 4032 3169 4103 φάρμακα
3205 4033 3263 4085 ἐν
3289 4032 3549 4103 ἐσχάταις

1948 4116 2217 4189 κειμένων
2249 4115 2448 4178 νόσοις.
2482 4116 2695 4187 Ὥσπερ
2722 4115 2832 4184 γάρ
2876 4116 3003 4169 ὅταν
3040 4115 3340 4187 εὐγνώμων
3447 4117 3551 4185 ψυ-

1949 4202 2042 4271 χὴ,
2075 4200 2136 4253 τὸ
2162 4200 2281 4253 δέον
2321 4200 2542 4271 συνορᾷ,
2571 4199 2632 4252 οὐ
2673 4198 2888 4271 πολλῶν
2925 4198 3149 4271 δεομένη
3184 4198 3551 4270 βοηθημάτων

1949 4285 2029 4347 είς
2054 4282 2215 4337 τοῦτο
2229 4300 2244 4315 ·
2270 4281 2414 4337 οὕτω
2429 4283 2493 4354 δὴ
2522 4284 2615 4337 x01
2634 4283 2763 4337 ὅταν
2784 4283 3058 4354 ἀγνώμων
3078 4284 3175 4337 x01
3197 4282 3548 4354 ἀναίσθητος,

1949 4366 2054 4423 κᾶν
2072 4366 2301 4439 μυρίους
2331 4366 2432 4440 ἔχῃ
2459 4367 2586 4431 τοὺς
2614 4367 3116 4445 χειραγωγοῦντας,
3136 4366 3549 4437 προκατειλημ-

1954 4450 2091 4522 μένη
2135 4451 2367 4515 πάθεσι,
2407 4450 2561 4520 μένει
2600 4450 3007 4519 τυφλώττουσα.
3039 4452 3183 4521 Ὅρα
3226 4449 3358 4519 γοῦν
3391 4449 3552 4502 τοῦτο

1951 4534 2229 4605 πανταχοῦ
2261 4533 2578 4605 συμϐαῖνον,
2602 4536 2705 4588 οὐκ
2727 4534 2819 4588 ἐπὶ
2854 4536 2952 4605 τῆς
2978 4534 3289 4597 ὑποθέσεως
3318 4533 3546 4604 ταύτης,

1951 4618 2088 4671 ἀλλά
2104 4617 2200 4672 καὶ
2228 4616 2482 4689 ἀλλαχοῦ.
2513 4618 2677 4673 Πόσοι
2697 4618 2829 4687 γοῦν
2860 4619 3042 4689 νόμων
3068 4619 3167 4673 οὐκ
3190 4618 3547 4682 ἀκούσαντες,

1954 4701 2327 4773 ἐννομώτατον
2345 4702 2655 4761 διετέλεσαν
2687 4701 3126 4773 ἐπιδεικνύμενοι
3157 4702 3470 4773 βίον;άλλοι
3494 4702 3549 4756 δέ

1956 4785 2258 4857 ἐκπρώτης
2289 4786 2506 4857 ήλικίας
2545 4788 2732 4851 αὐτοῖς
2770 4786 3172 4861 συντραφέντες
3209 4789 3288 4851 είς
3325 4786 3552 4857 ἔσχατον

1954 4871 2025 4941 γῆ
2035 4888 2131 4942 ρας
2146 4872 2259 4934 τοῖς
2291 4871 2500 4941 νόμοις.
2514 4873 2615 4926 οὐκ
2631 4871 2943 4926 ἐπαύσαντο
2963 4872 3163 4935 αὐτοὺς
3188 4871 3551 4939 παραϐαίνον-

1952 4971 2064 5017 τες.
2081 4953 2269 5006 Ταῦτα
2291 4956 2386 5009 καὶ
2414 4957 2504 5009 ἐπὶ
2524 4955 2632 5010 τῶν
2653 4955 2898 5010 παλαιῶν
2925 4955 3225 5009 συνέϐαινε.
3242 4957 3354 5008 K01
3379 4956 3487 5026 γὰρ
3503 4957 3552 5009 οε

1961 5038 2059 5108 μὲν
2088 5036 2349 5103 Ἰουδαῖοι,
2370 5039 2465 5092 καὶ
2490 5039 2732 5109 σημείων
2746 5041 2838 5094 καὶ
2867 5039 3161 5110 θαυμάτων
3191 5039 3401 5110 μυρίων
3419 5040 3529 5094 ἀπο

1958 5121 2257 5185 λαύσαντες
2277 5162 2289 5183 ,
2318 5122 2419 5175 οὐκ
2446 5124 2695 5191 ἐγένοντο
2730 5123 3003 5194 βελτίους·
3040 5124 3321 5177 Νινευῖται
3342 5123 3397 5176 δὲ
3426 5125 3553 5193 μιᾶς

1961 5205 2132 5277 μόνης
2165 5206 2349 5275 φωνῆς
2378 5205 2716 5272 ἀκούσαντες
2746 5208 3160 5277 μετεϐάλλοντο,
3194 5208 3288 5261 καὶ
3318 5208 3418 5276 τῆς
3452 5226 3557 5263 x0-

1958 5288 2084 5353 κίας
2115 5288 2266 5363 [574]
2292 5289 2713 5360 ἀπηλλάγησαν.
2742 5291 2913 5344 Τοῦτο
2942 5291 3035 5345 καὶ
3075 5292 3161 5344 ἐπ’
3196 5291 3407 5363 ἀνδρῶν
3457 5292 3557 5345 ῐδοι

1956 5390 2040 5437 τις
2080 5374 2146 5426 ἂν
2176 5373 2473 5444 συμϐαῖνον
2506 5374 2759 5439 εὐτελῶν,
2795 5376 2895 5428 οὐκ
2926 5377 3213 5446 ἐπισήμων
3242 5375 3422 5447 μόνον.
3455 5375 3559 5429 Πό-

1961 5472 2062 5526 σης
2111 5455 2461 5521 διδασκαλίας
2508 5458 2609 5511 οὐκ
2651 5457 2958 5513 ἀπέλαυσεν
3000 5458 3222 5524 Ἰούδας,
3268 5459 3363 5513 καὶ
3408 5460 3561 5530 ὅμως

1961 5538 2229 5610 προδότης
2261 5539 2507 5608 ἐγένετοῑ
2542 5541 2703 5606 ποίας
2735 5542 2790 5595 δέ
2833 5543 3209 5614 παραινέσεως
3252 5542 3563 5596 ἀπέλαυσεν

1962 5622 1990 5674 6
2023 5621 2247 5693 λῃστὴς,
2287 5622 2405 5676 ἀλλ’
2440 5625 2498 5678 ἐν
2530 5625 2749 5697 σταυρῷ
2779 5626 2939 5680 αὐτὸν
2964 5626 3308 5697 ὡμολόγησε,
3349 5628 3441 5680 καὶ
3461 5626 3563 5696 τὴν

1967 5704 2243 5774 βασιλείαν
2277 5708 2580 5779 ἀνεκήρυξε
2604 5710 2704 5779 τὴν
2730 5711 2960 5765 ἐκείνουι
2986 5710 3079 5780 Μὴ
3106 5710 3285 5764 τοίνυν
3317 5710 3428 5764 ἀπὸ
3449 5710 3562 5763 τῶν

1964 5789 2377 5862 διεφθαρμένων
2414 5792 2513 5855 τὰς
2550 5792 2776 5864 γνώμας
2823 5795 2922 5857 τὰς
2976 5794 3188 5866 κρίσεις
3247 5793 3567 5852 ποιοῦτῶν

1970 5874 2331 5945 πραγμάτων,
2364 5875 2478 5928 ἀλλ’
2519 5877 2628 5930 ἀπὸ
2663 5879 2761 5948 τῆς
2799 5879 2907 5932 τῶν
2942 5879 3283 5950 πραγμάτων
3309 5876 3563 5949 ἀληθείας

1963 5958 2063 6029 τήν
2101 5959 2486 6031 προσήκουσαν
2509 5957 2908 6039 ψῆφονίὲκφερε
2950 5964 3072 6035 περὶ
3099 5964 3203 6019 τῶν
3227 5961 3400 6035 ὀρθῶς
3436 5960 3561 6031 βου-
