4178 6324
657 390 760 446 εει)
1354 386 1411 442 S.
1450 382 1737 441 JOANNIS
1776 380 2266 440 CHRYSOSTOMI
2313 380 2636 437 ARCIIIEP.
2678 381 3239 439 CONSTANTINOP.
3846 386 3959 443 830

655 505 1020 577 λευσαμένων.
1046 506 1160 560 Ούκ
1181 504 1507 557 ἐπίστευσαν
1532 506 1581 557 οἰ
1626 503 1885 568 Ἰουδαῖοι,
1912 504 1959 557 οἰ
1989 502 2047 567 ἐξ
2074 498 2243 554 ἐθνῶν

653 591 1001 645 ἐπίστευσαν.
1053 589 1163 642 Καὶ
1210 587 1332 641 ούδέ
1374 589 1535 640 τοῦτο
1580 588 1886 657 σεσίγηται,
1933 585 2047 639 ἀλλ’
2092 583 2245 637 ἔνθεν

653 675 760 746 μὲν
782 677 811 728 ὁ
834 672 998 727 Δαυῖδ
1020 672 1381 743 προφητεύων
1410 672 1536 743 βοᾷ’
1583 672 1703 725 Υἱοὶ
1731 672 2035 745 ἀλλότριοι
2061 667 2246 736 ἐψεύ-

652 760 851 812 σαγτό
863 773 961 825 με,
987 755 1105 809 υἱοί
1130 756 1448 823 ἀλλότριοι
1465 753 1955 827 ἐπαλαιώθησαν,
1986 752 2081 805 καὶ
2104 749 2248 819 ἐχώ-

655 846 855 896 .Im‘ar
884 840 1001 894 ἀπὸ
1026 837 1145 891 τῶν
1177 840 1392 906 τρίϐων
1417 837 1651 893 αὐτῶν·
1678 838 1831 891 ἐνθεν
1862 838 1919 890 δὲ
1952 840 1980 890 ό
2020 835 2248 897 Ἡσαΐας

657 925 852 991 λέγων,
882 924 1081 990 Κύριε,
1104 922 1193 987 τίς
1223 922 1553 975 ἐπίστευσε
1586 920 1663 989 τῇ
1687 920 1841 989 ἀκοῇ
1867 918 2057 989 ἡμῶν,
2089 918 2187 972 καί
2214 920 2248 971 ὁ

657 1009 927 1076 βραχίων
972 1006 1195 1073 Κιιρίου
1250 1006 1368 1059 τίνι
1418 1006 1859 1073 ἁπεκαλύςρθης
1905 1005 2014 1058 Καὶ
2062 1002 2246 1065 πάλιν,

654 1091 924 1159 Εὑρέθην
946 1090 1071 1155 τοῖς
1092 1089 1198 1159 ἐμὲ
1214 1090 1301 1157 μὴ
1329 1087 1632 1157 ζητοῦσιν,
1658 1088 1935 1157 ἐμφανὴς
1954 1088 2250 1157 ἐγενόμην

656 1175 783 1241 τοῖς
812 1173 919 1243 ἐμὲ
944 1172 1032 1244 μὴ
1064 1173 1421 1241 ἐπερωτῶσι.
1460 1174 1572 1225 Καὶ
1601 1175 1657 1225 ἐν
1690 1174 1824 1243 αὐτῇ
1854 1171 1911 1224 δὲ
1940 1174 2007 1242 τῇ
2037 1188 2249 1243 παρου-

658 1258 752 1329 σίᾳ
795 1258 961 1311 αὐτοῦ
1010 1257 1295 1311 Χαναναία
1331 1257 1426 1309 καὶ
1456 1258 1789 1328 Σαμαρεῖτις
1820 1256 1960 1327 γυνὴ
1998 1256 2251 1309 ἐπίστευ-

658 1356 790 1396 σαν·
828 1344 995 1412 ἰερεῖς
1036 1342 1094 1395 δέ
1140 1342 1235 1393 καὶ
1264 1340 1527 1411 ἄρχοντες
1570 1340 1874 1410 ἐπολέμουν
1902 1344 1995 1395 καί⁵
2019 1340 2250 1395 ἐπεϐού-

556 1436 559 1439 ‘
656 1426 836 1488 λευον,
864 1426 959 1477 καὶ
988 1425 1115 1488 τοὺς
1144 1423 1337 1487 ἀλλους
1363 1424 1628 1494 ἀπεῖργον
1662 1425 1757 1477 κα)⁵
1786 1425 2249 1493 ἀποσυναγώγους

658 1509 879 1561 ἐποίουν
901 1507 1256 1569 πιστεύοντας
1282 1510 1361 1567 είς
1384 1507 1568 1563 αὐτόν.
1594 1507 1776 1577 Μηδὲν
1794 1508 1975 1561 τοίνυν
1999 1506 2251 1573 ξενιζέτω

660 1608 718 1644 σε
750 1591 943 1645 ταῦτα.
970 1589 1188 1644 Πολλῶν
1220 1589 1605 1660 ἐμπέπλησται
1627 1591 1882 1643 τοιούτων
1916 1591 2251 1662 ὐποδειγμάκ

656 1693 767 1728 των
797 1676 827 1727 ό
853 1675 968 1745 βίος
1002 1674 1162 1745 ἡμῶν
1196 1674 1291 1725 καὶ
1320 1675 1379 1726 ἐν
1405 1673 1483 1743 τῷ
1516 1674 1640 1727 καθ’
1674 1675 1823 1744 ἡμᾶς
1846 1674 2047 1746 χρόνῳ,
2076 1676 2173 1728 καὶ
2193 1675 2253 1729 ἐν

656 1761 771 1823 τοῖς
801 1747 1113 1829 ἔμπροσθεν
1141 1752 1291 1811 οὖσιν
1312 1773 1326 1787 ⁸
1360 1757 1537 1822 ἄλλως
1564 1757 1641 1821 δέ,
1690 1760 1741 1811 εί
1784 1760 1877 1812 καὶ
1910 1760 1987 1830 μὴ
2026 1760 2249 1825 πάντες,

657 1842 797 1897 ἀλλά
834 1843 1019 1896 πολλοὶ
1046 1843 1140 1895 καὶ
1174 1843 1231 1908 ἐξ
1268 1842 1537 1895 Ἰουδαίων
1586 1843 1682 1895 καὶ
1722 1843 1843 1897 τότε
1886 1846 1979 1898 καὶ
2007 1842 2104 1898 νῦν
2133 1845 2255 1899 ἐπί-

659 1945 921 1981 στευσαν’
962 1927 1093 1980 εἰδέ
1132 1926 1206 1999 μὴ
1248 1927 1470 1991 πάντες,
1509 1927 1664 1981 οὐδὲν
1702 1929 1889 1981 καινὸν
1915 1930 2039 1983 ούδέ
2073 1929 2255 2000 παράο

656 2013 807 2079 δοξον
826 2060 836 2069 .
858 2013 1108 2067 Τοιοῦτον
1127 2012 1236 2083 γὰρ
1264 2014 1297 2083 ἠ
1320 2011 1707 2083 ἀγνωμοσύνη,
1730 2012 1971 2066 τοιοῦτον
1995 2015 2027 2084 ἡ
2067 2013 2254 2082 ἀλόγι-

658 2112 783 2157 στος
808 2096 1037 2159 διάνοια,
1060 2096 1297 2149 τοιοῦτον
1317 2097 1350 2166 ἠ
1372 2096 1477 2148 ὑπὸ
1506 2095 1695 2149 παθῶν
1720 2096 2068 2167 κρατουμένη
2085 2096 2251 2165 ψυχή.

748 2179 889 2232 Ἀλλ’
922 2179 1107 2247 ἐπειδὴ
1132 2178 1231 2242 τὰς
1258 2179 1386 2250 περὶ
1415 2178 1581 2231 αὑτοῦ
1610 2181 1948 2250 προφητείας
1978 2182 2127 2251 παρὰ
2146 2180 2257 2233 τῶν

660 2264 958 2333 προφητῶν
985 2262 1305 2335 εἰρημένας,
1331 2264 1424 2315 καὶ
1459 2264 1563 2334 πρὸ
1586 2263 1858 2317 τοσούτων
1888 2265 2096 2335 χρόνων
2124 2265 2255 2319 ἀνα-

659 2347 1031 2418 κηρυχθείσας
1087 2348 1412 2417 εἰρήκαμεν,
1450 2346 1585 2416 φέρε
1648 2347 1742 2399 καὶ
1783 2346 1885 2410 τὰς
1922 2350 2015 2401 ὑπ’
2066 2347 2253 2415 αὑτοῦ,

538 2433 543 2438 ’
658 2433 826 2502 ἡνίκα
854 2429 1166 2502 περιεπόλει
1206 2432 1305 2501 τὴν
1345 2430 1449 2499 γῆν
1476 2430 1570 2482 καὶ
1607 2430 1720 2493 τοῖς
1766 2429 2076 2503 ἀνθρώποις
2128 2450 2257 2486 συν-

658 2517 1049 2586 ανεστρέφετο,
1099 2514 1229 2585 περὶ
1273 2514 1578 2583 μελλόντων
1612 2514 1916 2584 εἰρημένας
1952 2517 2032 2579 εἰς
2090 2515 2257 2587 μέσον

661 2600 984 2669 ἀγάγωμεν,
1043 2598 1131 2651 ἵνα
1179 2596 1473 2650 κάντεῦθεν
1528 2596 1696 2649 αὑτοῦ
1732 2597 1912 2670 μάθῃς
1941 2598 2042 2669 τὴν
2077 2600 2252 2670 ίσχύν.

664 2684 1120 2753 Παραγενόμενος
1180 2682 1287 2751 γὰρ
1348 2681 1488 2743 τότε,
1528 2680 1622 2733 καὶ
1657 2679 1755 2751 τὴν
1792 2680 1903 2734 τῶν
1952 2682 2258 2753 ἀνθρώπιον

661 2767 1190 2838 πραγματευόμενος
1248 2764 1545 2834 σωτηρίαν,
1580 2762 1689 2815 τῶν
1730 2781 1790 2817 τε
1843 2766 1965 2818 κατ’
2015 2766 2261 2832 ἐκείνους

660 2851 830 2903 ὄντων
860 2853 987 2909 τοὺς
1030 2850 1275 2921 χρόνους,
1316 2848 1426 2900 τῶν
1456 2864 1516 2901 τε
1552 2847 1779 2917 ὕστερον
1816 2849 2113 2920 ἐσομένων,
2145 2869 2260 2905 ποι-

662 2936 829 2997 κίλως
859 2935 1030 3003 αὐτὴν
1074 2932 1465 3003 μεταχειρίξει.
1503 2933 1613 2985 Καὶ
1666 2933 1771 3004 ὅρα
1813 2933 1869 2986 τί
1918 2934 2081 2989 ποιεί.
2111 2934 2256 2988 Θαύ-
2290 2928 2295 2931 Ἴ

666 3035 815 3087 ματα
860 3018 1178 3087 ἐργάζεται,
1231 3016 1327 3069 καὶ
1383 3014 1643 3085 προλέγει
1695 3016 1820 3069 τινὰ
1871 3018 1981 3071 τῶν
2022 3022 2259 3091 μακροῖς

628 3140 631 3143 λ
663 3102 893 3173 ὕστερον
929 3102 1141 3172 χρόνοις
1176 3100 1588 3170 ἐκϐησομένων,
1618 3099 1707 3154 διά
1747 3099 1848 3170 μὲν
1885 3102 1996 3156 τῶν
2023 3102 2147 3156 τότε
2175 3118 2261 3172 γι-

662 3185 906 3254 νομένων
944 3184 1043 3255 τὴν
1083 3184 1341 3254 ἀλήθειαν
1372 3184 1483 3237 τῶν
1516 3184 1654 3253 μετά
1678 3183 1848 3238 πολὺν
1872 3186 2067 3256 χρόνον
2093 3187 2261 3259 ἐκϐη-

666 3267 909 3337 σομένων
933 3266 1281 3337 ἐγγυώμενος
1310 3266 1463 3338 παρά
1492 3266 1603 3332 τοῖς
1636 3266 1760 3321 τότε
1794 3268 2116 3341 ἀκροαταῖς,
2146 3273 2261 3335 τοῖς

661 3368 722 3404 τε
749 3351 886 3420 μετά
914 3350 1086 3403 ταῦτα
1113 3350 1391 3419 ἐσομένοις
1420 3352 1485 3404 ἐκ
1509 3351 1621 3403 τῶν
1644 3347 1952 3424 εἰρημένων
1980 3354 2261 3410 ἐκϐἀσεων

662 3434 953 3500 ἀξιόπιστα
981 3434 1197 3497 δεικνὺς
1232 3432 1327 3493 καί
1357 3432 1425 3487 τὰ
1456 3436 1515 3487 ἐν
1553 3435 1750 3503 ἐκείνῳ
1783 3434 1859 3506 τῷ
1892 3436 2069 3507 χρόνῳ
2096 3455 2257 3507 γεγε-

662 3514 1173 3588 νημέναρθαύματα,
1205 3518 1298 3570 καὶ
1328 3517 1436 3570 ἀπὸ
1458 3517 1557 3588 τῆς
1586 3517 1783 3588 διπλῆς
1810 3518 2017 3590 ταύτης
2046 3520 2262 3575 ἀποδεί-

664 3601 801 3666 ξεως
836 3606 931 3655 κα⁵ν⁸
949 3601 1019 3654 τὰ
1040 3602 1167 3671 περί
1192 3600 1294 3669 τῆς
1328 3601 1607 3668 βασιλείας
1643 3603 2025 3675 πιστούμενος.

740 3687 827 3741 ιϐ’.
850 3686 959 3740 Καὶ
979 3685 1089 3757 γάρ
1114 3686 1302 3763 διπλαῖ
1322 3686 1487 3738 αὑτοῦ
1509 3688 1565 3739 αἰ
1588 3687 1885 3761 πορρήσεις
1901 3684 2061 3761 ἦσαν,
2080 3693 2136 3745 αἰ
2162 3692 2261 3763 μὲν

666 3771 809 3824 κατά
836 3770 928 3823 τὸν
971 3760 1215 3840 παρόντᾶ
1250 3770 1587 3839 ὲκϐήσεσθαι
1622 3760 1913 3841 μέλλουσαι
1941 3774 2076 3843 βίον.
2108 3760 2174 3829 αἱ-
2202 3777 2260 3832 δέ

668 3853 807 3924 μετὰ
837 3853 940 3923 τὴν
975 3853 1287 3905 συντέλειαν
1310 3854 1509 3923 αὐτηνθ
1546 3856 1640 3927 καὶ
1664 3851 1868 3922 θατέρα
1896 3858 1997 3929 τὴν
2024 3857 2262 3932 θατέραν

667 3938 890 4009 συνίστη
951 3938 1047 3992 καὶ
1097 3938 1308 3991 ἐδείκνυ
1352 3939 1492 4007 μετά
1530 3938 1734 4008 πολλῆς
1792 3936 1893 4010 τῆς
1943 3944 2262 4014 περιουσίας

666 4020 1060 4091 ἀληθεύουσαν.
1087 4016 1212 4074 Οἷὸν
1232 4038 1285 4073 τι
1310 4021 1487 4089 λέγωο
1512 4023 1608 4074 καὶ
1637 4020 1748 4093 γάρ
1772 4023 1990 4095 ἀσαφὴς
2018 4028 2047 4078 ό
2080 4025 2259 4096 λόγος,

663 4105 746 4157 διὸ
770 4105 863 4158 καὶ
908 4104 1249 4176 σαφέστερον
1292 4104 1456 4157 αὑτὸν
1498 4107 1723 4175 ποιῆσαι
1756 4108 2128 4179 πειράσομαι·
2157 4110 2263 4163 δώ-

664 4188 797 4244 δεκα
841 4184 983 4259 ἦσαν
1022 4188 1279 4258 ἑπόμενοι
1309 4186 1459 4257 αὐτῷ
1511 4188 1786 4260 μαθηταί’
1835 4188 2170 4263 Ἑκκλησίας
2202 4195 2261 4249 δὲ

666 4272 902 4341 πρᾶγμα
944 4271 1066 4324 οὐδὲ
1104 4273 1184 4335 εἰς
1222 4269 1348 4325 νοῦν
1385 4288 1471 4335 τις
1503 4270 1780 4341 ἐλάμϐανε
1817 4274 1959 4337 τότε,
1989 4275 2106 4329 ἀλλ’
2138 4277 2260 4331 ούδέ

665 4356 839 4425 ὄνομα
858 4371 871 4385 ·
904 4356 935 4423 ἡ
964 4352 1073 4425 γάρ
1108 4354 1401 4422 συναγωγὴ
1428 4350 1497 4425 ἦν
1528 4356 1766 4410 ἁνθοῦσα
1789 4352 1887 4413 ἔτι.
1924 4359 1990 4411 Τί
2017 4357 2111 4413 οῦν
2140 4352 2261 4414 εἰπε

666 4440 763 4493 καὶ
801 4435 1158 4508 προεφιωησε
1200 4438 1299 4507 τῆς
1324 4438 1656 4509 οἰκουμένης
1689 4441 1874 4511 σχεδὸν
1913 4441 2133 4514 ἀπάσης
2154 4444 2261 4498 ὑπὸ

665 4521 923 4583 ἀσεϐείας
948 4520 1354 4591 κατεχομένης;
1393 4522 1517 4574 Ἐπί
1547 4523 1735 4591 ταύτῃ
1774 4523 1850 4593 τῇ
1884 4525 2073 4594 πέτρᾳ
2103 4529 2262 4581 οζχο-

664 4604 914 4673 δεμήσω
934 4621 1054 4673 μου
1084 4603 1202 4672 τὴν
1242 4605 1628 4673 Ἐκκλησίαν,
1664 4607 1765 4660 καί
1802 4609 1991 4663 πύλαι
2017 4610 2166 4675 ᾅδου
2189 4613 2261 4665 οὐ

666 4688 1159 4756 κατισχύσουσιν
1191 4687 1404 4755 αὐτῆς.
1459 4690 1545 4752 Ὠς
1581 4689 1761 4759 βούλει
1806 4690 1965 4744 τοῦτο
2001 4692 2258 4763 βασάνιζε

666 4773 729 4824 τὸ
757 4772 932 4842 ῥῆμα,
984 4771 1080 4823 καὶ
1126 4771 1249 4841 δψει
1299 4772 1716 4844 διαλάμπουσαν
1740 4773 1907 4849 [575]
1947 4777 2113 4830 αὑτοῦ
2161 4780 2297 4850 τὴν

667 4855 950 4925 ἀλήθειαν.
982 4856 1055 4909 Ού
1088 4854 1195 4926 γὰρ
1225 4855 1290 4923 δὴ
1327 4855 1487 4909 τοῦτο
1545 4854 1859 4929 θαυμαστόν
1910 4862 2028 4913 ἐστι
2077 4862 2258 4931 μόνον,

666 4940 749 4992 ὅτι
780 4934 1133 5010 ᾠκοδόμησεν
1161 4940 1333 5009 αὐτὴν
1360 4940 1502 4993 κατά
1534 4944 1634 5013 τὴν
1662 4943 1991 5013 οἰκουμένην
2019 4945 2259 5012 ἃπασαν,

668 5023 783 5077 ἀλλ’
821 5023 904 5075 ὅτι
956 5025 1050 5076 καὶ
1090 5022 1390 5094 ἀχείρωτον
1455 5024 1773 5097 εἰργάσατο,
1816 5029 1911 5082 καὶ
1964 5030 2261 5101 ἀχείρωτον

668 5109 774 5161 ύπὺ
815 5106 1090 5160 τοσούτων
1120 5107 1515 5178 ἐνοχλουμένην
1558 5110 1812 5181 πολέμων
1833 5128 1846 5143 ο
1887 5112 1950 5165 τὸ
1983 5114 2111 5185 γὰρ,
2143 5115 2262 5168 Πύ-

665 5196 767 5246 λαι
796 5190 948 5257 ᾅδου
981 5193 1053 5244 οὐ
1083 5194 1569 5260 κατισχύσουσιν
1596 5194 1813 5263 αὐτῆς,
1852 5194 2086 5253 κίνδυνοι
2115 5199 2263 5252 ἐστιν

670 5277 751 5337 εἰς
785 5274 920 5345 ᾅδην
961 5274 1313 5341 κατάγοντες.
1371 5272 1524 5340 Εἶδες
1570 5280 1931 5349 προρρήσεως
1961 5280 2256 5351 ἀλήθειανς

670 5357 811 5421 εἶδες
837 5358 1119 5419 ἐκϐάσεως
1157 5357 1345 5428 ίσχύν;
1379 5353 1517 5423 εἰδες
1558 5362 1783 5431 ῥήματα
1815 5364 1907 5415 ἐπὶ
1957 5363 2066 5417 τῶν
2114 5381 2261 5436 πρα-

668 5442 898 5512 γμάτων
948 5441 1347 5510 διαλάμποντα,
1399 5444 1495 5496 καὶ
1549 5443 1783 5514 δύναμιν
1842 5448 2055 5517 ἀμαχον
2086 5448 2262 5502 πάντα

670 5526 933 5579 ποιοῦσαν
959 5526 1223 5591 εύκόλως;
1252 5526 1344 5596 Μὴ
1378 5526 1486 5597 γάρ
1515 5529 1701 5599 ἐπειδὴ
1731 5529 1886 5600 ρῆμά
1918 5531 2033 5585 ἐστι
2063 5530 2261 5603 βραχὺ,

668 5611 751 5672 τὸ,
788 5610 1193 5679 Οἰκοδομήσω
1219 5628 1337 5679 μου
1371 5610 1488 5673 τὴν
1539 5614 1930 5680 Ἐκκλησίαν,
1981 5616 2263 5688 παραδρά-

672 5708 781 5768 μῃς
808 5693 1015 5757 ἁπλῶς,
1052 5694 1165 5746 ἀλλ’
1201 5693 1511 5760 ἀνάπτυξον
1559 5697 1624 5765 τῇ
1676 5697 1905 5768 διανοίᾳ,
1956 5699 2051 5750 καὶ
2084 5701 2265 5769 ἐννόη-

671 5796 764 5833 σον
794 5778 983 5850 ἡλίκον
1016 5780 1131 5832 ἐστὶ
1156 5779 1255 5850 τὴν
1286 5781 1374 5849 ὑφ’
1407 5780 1543 5850 ἡλίῳ
1574 5780 1835 5851 κειμένην
1881 5782 2100 5837 ἃπασαν
2135 5785 2261 5836 Ἐκ·-

672 5864 909 5930 αλησιῶν
939 5868 995 5919 ἐν
1031 5866 1205 5935 χρόνῳ
1244 5864 1438 5937 βραχεῖ
1470 5866 1736 5920 τοσούτων
1791 5867 2094 5939 ἐμπλῆσαι,
2126 5868 2252 5941 ἔθνη

2356 499 2673 569 μεταθεῖναι
2705 499 2965 563 τοσαῦτα.
3005 504 3335 571 μεταπεῖσαι
3380 501 3611 571 δήμους,
3641 500 3739 571 ἔθη
3780 519 3967 556 κατα-

2346 581 2797 655 λῦσαι-πατρῷα,
2844 582 3134 655 συνήθειαν
3165 584 3567 655 ’ἐρριζωμένην
3609 584 3963 652 ἀνασπάσαι,

2346 649 2546 737 ἡδονῆς
2574 649 2888 737 τυραννίδα,
2925 649 3125 731 κακίας
3162 649 3317 737 ίσχῦν
3346 649 3536 740 ὥσπερ
3564 670 3713 723 κόνιν
3740 649 3950 725 ἀπελάέ

2351 768 2462 812 σαι,
2489 752 2578 803 καί
2605 751 2824 822 βωμοὺς
2852 752 2949 804 καὶ
2966 753 3130 815 ναοὺς
3148 752 3242 804 καί
3276 751 3439 815 ξόανα
3462 754 3558 805 καὶ
3584 752 3833 817 τελετὰς,
3859 755 3966 808 καὶ

2349 832 2449 895 τὰς
2478 834 2693 901 ἐναγεῖς
2726 834 2942 905 ἑορτὰς,
2985 833 3080 887 καὶ
3108 834 3207 887 τὴν
3224 834 3535 904 ἀκάθαρτον
3580 836 3808 889 κνίσσαν
3845 836 3965 888 ὦσ-

2351 932 2458 986 περ
2482 918 2691 969 καπνόν
2708 935 2826 970 τινα
2850 918 3130 985 ἀφανίσαι,
3158 922 3251 971 καὶ
3280 918 3559 988 πανταχοῦ
3584 920 3965 991 θυσιαστήρια

2352 999 2683 1069 ἀναστῆσαι,
2716 1003 2772 1053 ἐν
2791 1004 2856 1071 τῇ
2891 1000 3182 1070 Ῥωμαίων
3217 1000 3393 1073 χώρᾳ,
3425 1004 3484 1055 ἐν
3512 1004 3579 1073 τῇ
3609 1004 3861 1074 Περσῶν,
3899 1004 3963 1057 ἐν

2350 1086 2417 1153 τῇ
2454 1083 2702 1147 Σκυθῶν,
2732 1086 2792 1137 ἐν
2830 1087 2897 1156 τῇ
2930 1083 3195 1154 Μαύρων,
3228 1086 3287 1137 ἐν
3314 1088 3380 1156 τῇ
3428 1086 3637 1139 Ἰνδῶνο
3665 1089 3718 1140 τί
3767 1089 3960 1157 λέγως

2353 1165 2498 1236 ὑπὲρ
2552 1167 2654 1239 τὴν
2697 1167 3032 1236 οἰκουμένην
3079 1167 3181 1238 τὴν
3226 1167 3348 1220 καθ’
3380 1171 3547 1239 ἡμᾶς.
3584 1171 3695 1223 Καὶ
3727 1170 3841 1241 γὰρ
3900 1173 3959 1223 αἱ

2353 1250 2682 1321 Βρετανικαὶ
2729 1252 2904 1322 νῆσοι,
2941 1254 2995 1304 αἱ
3050 1250 3151 1321 τῆς
3183 1251 3456 1323 θαλάττης
3500 1254 3660 1316 ἐκτὸς
3696 1256 3961 1325 κείμεναι

2352 1332 2578 1405 ταύτης,
2617 1337 2710 1387 καὶ
2760 1337 2819 1389 ἐν
2866 1335 3016 1405 αύτῷ
3062 1332 3220 1390 οὖσαι
3266 1337 3346 1409 τῷ
3373 1337 3623 1410 ὠκεανῷ,
3654 1339 3756 1409 τῆς
3788 1339 3962 1393 δυνά-

2358 1434 2505 1488 μεως
2536 1417 2630 1470 τοῦ
2666 1420 2913 1489 ῥήματος
2942 1418 3205 1490 ᾔσθοντο·
3240 1423 3333 1473 καὶ
3363 1419 3473 1493 γὰρ
3514 1424 3677 1475 κάκεῖ
3725 1421 3963 1491 Ἐκκλη-

2357 1501 2471 1554 σίαι
2504 1503 2597 1554 καὶ
2633 1502 3000 1573 θυσιαστήρια
3047 1506 3383 1576 πεπήγασιν.
3428 1508 3635 1559 Ἐκεῖνο
3666 1507 3726 1559 τὸ
3775 1507 3961 1577 ῥῆμα,

2355 1584 2494 1656 ὅπερ
2540 1586 2849 1655 ἐφθέγξατο
2878 1590 3021 1648 τότε,
3054 1588 3216 1642 τοῦτο
3253 1592 3312 1642 ἐν
3340 1592 3462 1653 ταῖς
3491 1592 3748 1645 ἁπάντων
3781 1591 3966 1660 πεφύ-

2354 1685 2545 1721 τευται
2574 1669 2795 1739 ψυχαῖς,
2830 1672 2889 1722 ἐν
2912 1674 3023 1734 τοῖς
3046 1673 3305 1725 ἁπάντων
3346 1674 3580 1743 στόμασι
3609 1677 3809 1727 κεῖται.
3843 1674 3966 1726 Καὶ

2358 1754 2530 1816 πᾶσαν
2560 1754 2637 1817 ὼς
2666 1756 2864 1820 εἰπεῖν,
2898 1757 2931 1825 ή
2958 1756 3031 1824 γῆ
3072 1756 3414 1828 ἐξεωθάρθη
3455 1758 3709 1811 ἀκανθῶν
3742 1758 3968 1829 πεπληο

2360 1836 2601 1909 ρωμένη,
2616 1838 2711 1891 καὶ
2731 1838 2952 1909 καθαρά
2974 1840 3200 1909 γέγονεν
3212 1842 3441 1912 ἄρουρα,
3463 1843 3558 1895 καί⁸
3574 1842 3640 1895 τὰ
3659 1842 3969 1914 σπέρματα

2358 1921 2458 1991 τῆς
2490 1922 2775 1986 εὐσεϐείας
2817 1924 3057 1987 ἐδέξατο.
3094 1924 3255 1993 Μέγα
3297 1925 3399 1996 μέν
3436 1922 3550 1989 οὖν,
3581 1927 3751 1990 ὅντως
3788 1928 3967 1997 μέγα,

2364 2007 2568 2077 μᾶλλον
2598 2008 2655 2060 δὲ
2686 2009 2955 2078 μεγέθους
2996 2009 3307 2080 ὑπερϐολὴν
3349 2009 3447 2064 καί
3494 2010 3646 2075 θείας
3673 2012 3969 2082 δυνάμεως

2360 2090 2637 2156 ἀπόδειξιν
2670 2092 2816 2162 ἔχον,
2840 2092 2903 2146 τὸ
2945 2094 3039 2145 καὶ
3077 2094 3306 2165 μηδενὸς
3335 2096 3701 2167 ἐνοχλοῦντος,
3736 2097 3851 2150 ἀλλ’
3884 2100 3969 2149 είσ

2364 2178 2534 2247 ρήνης
2570 2175 2760 2245 οὔσης,
2802 2178 2899 2231 καὶ
2933 2177 3149 2231 πολλῶν
3192 2179 3303 2231 τῶν
3349 2183 3815 2251 συμπραττόντων
3844 2200 3969 2235 κει-

2366 2260 2565 2329 μένων,
2596 2260 3015 2330 ἐναντιουμένου
3040 2261 3098 2314 δέ
3126 2261 3378 2333 μηδενὸς,
3407 2263 3705 2334 δυνηθῆναι
3755 2267 3968 2318 τοσαύ-

2363 2362 2463 2415 την
2498 2344 2827 2419 οἰκουμένην
2852 2345 3049 2417 ἀθρόον
3081 2346 3391 2411 ἀπαλλάξαι
3424 2350 3531 2418 μὲν
3552 2348 3653 2419 τῆς
3688 2350 3745 2401 ἐν
3769 2347 3972 2402 τοσού-

2361 2444 2439 2495 τῳ
2495 2418 2675 2499 χρόνῳ
2730 2428 3241 2499 προκατειληφυίας
3286 2432 3461 2502 αὐτὴν
3537 2434 3785 2503 πονηρᾶς
3833 2450 3972 2486 συν-

2360 2508 2569 2580 ηθείας,
2600 2509 2914 2579 μεταθεῖναι
2938 2512 2996 2564 δὲ
3025 2515 3107 2575 εἰς
3144 2514 3339 2583 ἐτέραν
3362 2516 3495 2568 πολὺ
3524 2515 3968 2587 δυσκολωτέραν.

2362 2596 2438 2646 UO
2475 2594 2585 2666 γᾲρ
2610 2594 2872 2666 συνηθείᾳ
2911 2596 3072 2666 μόνον
3097 2597 3442 2665 ἠναντιοῦτο,
3474 2597 3613 2651 ἀλλά
3643 2598 3737 2651 καὶ
3768 2599 3975 2670 ἡδονὴν

2362 2679 2605 2747 κατεῖχε,
2635 2674 2729 2730 δύο
2762 2679 3065 2751 τυραννικά
3104 2682 3429 2751 πράγματα.
3464 2684 3531 2735 Ἀ
3555 2683 3662 2755 γὰρ
3692 2684 3801 2736 ἀπὸ
3838 2684 3977 2736 πολ-

2362 2762 2470 2815 λῶν
2492 2761 2626 2814 ἐτῶν
2650 2762 2803 2834 παρά
2835 2764 3088 2834 πατέρων
3117 2766 3213 2819 καὶ
3235 2767 3479 2820 πάππων
3500 2769 3597 2820 καὶ
3624 2760 3975 2823 ἐπιπάππων

2362 2848 2459 2899 καὶ
2490 2846 2602 2898 τῶν
2627 2846 2890 2918 ἀνωτέρω
2926 2850 3231 2919 προγόνων,
3266 2853 3359 2903 καὶ
3388 2851 3696 2922 φιλοσόφων
3738 2854 3835 2906 καὶ
3864 2856 3977 2924 ρη-

2359 2931 2537 3001 τόρων
2603 2925 2745 3002 ἦσαν
2795 2932 3221 3003 παρειληφότες,
3262 2934 3439 2989 ταῦτα
3496 2936 3783 2989 ἐπείθοντο
3831 2938 3979 2991 ἀετο-

2364 3015 2557 3068 πτύειν
2574 3032 2589 3047 ·
2617 3016 2821 3086 καίπερ
2836 3014 2905 3088 ἦν
2921 3017 3356 3085 δυσκολώτατον,
3380 3020 3474 3074 καὶ
3501 3021 3695 3093 ἐτέραν
3711 3022 3978 3091 δέχεσθαι

2365 3099 2656 3170 συνήθειαν
2694 3100 2890 3170 καινὴν
2934 3102 3383 3169 ἐπεισελθοῦσαν,
3410 3105 3594 3158 καὶτὸ
3616 3106 3680 3176 δὴ
3721 3107 3981 3177 χαλεπώ-

2361 3202 2544 3255 τερον,
2568 3185 2701 3238 πολὺ
2726 3186 2785 3239 τὸ
2810 3185 3070 3239 ἐπίπονον
3087 3187 3340 3258 ἔχουσαν,
3370 3189 3576 3259 ’Δπῆγε
3600 3190 3709 3261 γάρ
3730 3193 3978 3263 τρυφῆς,

2364 3271 2459 3322 καὶ
2485 3269 2684 3338 ἐνῆγεν
2710 3270 2790 3333 εἰς
2818 3269 3103 3338 νηστείαν·
3134 3271 3319 3341 ἀπῆγε
3364 3272 3827 3345 φιλοχρηματίας,
3873 3277 3981 3329 καὶ

2365 3353 2562 3422 ἐνῆγεν
2617 3355 2699 3417 εἰς
2744 3353 3178 3425 ἀκτημοσύνην*
3228 3356 3445 3427 ἀπῆγεν
3494 3357 3809 3427 ἀσελγείας,
3873 3364 3983 3416 καὶ

2363 3437 2560 3507 ἐνῆγεν
2583 3437 2665 3500 εἰς
2690 3437 3075 3508 σωφροσύνην·
3102 3438 3286 3509 ἀπῆγε
3316 3438 3511 3509 θυμοῦ,
3534 3441 3631 3493 καὶ
3661 3441 3856 3511 ἐνῆγεν
3888 3446 3983 3509 εἰς

2366 3521 2653 3591 πραότητα
2674 3537 2687 3549 ’
2720 3522 2901 3592 ἀπῆγε
2930 3521 3153 3590 φθόνου,
3182 3523 3495 3597 καὶένῆγεν
3520 3525 3604 3589 είς
3645 3524 3983 3596 φιλοφροσύ-

2364 3622 2463 3676 νην
2487 3622 2500 3634 ·
2536 3605 2719 3675 ἀπῆγε
2760 3605 2859 3675 τῆς
2887 3604 3155 3669 πλατείας
3204 3606 3325 3660 ὁδοῦ
3361 3609 3457 3661 καὶ
3497 3609 3837 3681 εύρυχὼρου,
3875 3614 3981 3666 καὶ

2364 3687 2562 3757 ἐνῆγεν
2586 3690 2665 3750 εἰς
2692 3687 2794 3759 τὴν
2824 3689 3021 3759 στενὴν
3041 3689 3134 3742 καὶ
3154 3690 3526 3763 τεθλιμμένην
3574 3696 3672 3769 καὶ
3726 3696 3981 3769 ἀπόχρη·

2368 3789 2521 3843 μνον,
2562 3769 2658 3825 καί
2682 3771 2888 3846 ἐνῆγεῖ
2912 3772 2989 3835 ὡς
3018 3773 3332 3843 τραφέντας
3359 3778 3426 3847 τῇ
3456 3766 3706 3849 πλατείᾳ.
3744 3780 3821 3832 Οὐ

2362 3855 2428 3927 δὴ
2459 3855 2654 3917 ἄλλους
2684 3854 3007 3927 ἀνθρώπους
3031 3855 3213 3910 λαϐὼν
3257 3856 3363 3922 ἔξω
3392 3859 3493 3929 τῆς
3519 3861 3848 3935 οίκουμένης
3870 3867 3977 3920 καὶ

2363 3940 2466 4010 τῆς
2499 3939 2793 4011 συνηθείας
2819 3939 3047 4009 ταύτης,
3086 3941 3203 3994 ἀλλ’
3242 3942 3443 4007 αὐτοὺς
3477 3945 3724 4010 ἐκείνους
3752 3951 3884 4013 τοὺς
3911 3951 3975 4003 ἐν

2364 4022 2576 4085 τούτοις
2610 4023 3037 4087 κατασαπέντος
3070 4026 3163 4078 καί
3199 4025 3375 4097 πηλοῦ
3420 4029 3755 4099 γενομένους
3792 4034 3977 4102 μαλα-

2365 4106 2665 4178 κωτέρους,
2697 4105 2923 4171 τούτους
2956 4108 3214 4162 ἐκέλευσε
3256 4109 3355 4182 τὴν
3390 4113 3585 4184 στενὴν
3624 4116 3719 4168 καὶ
3743 4116 3979 4189 τεθλιμ-

2368 4188 2538 4259 μένην
2578 4189 2788 4242 ὁδεύειν
2823 4192 2966 4254 ὁδὸν,
3012 4193 3114 4263 τὴν
3157 4197 3419 4265 τραχεῖαν
3451 4196 3546 4249 καὶ
3578 4196 3847 4268 σκληρὰν,
3878 4188 3980 4255 καὶ

2364 4272 2572 4329 ἔπειθε.
2602 4273 2716 4328 Καὶ
2732 4274 2937 4341 πόσους
2959 4275 3178 4331 ἔπειθεν
3198 4295 3212 4343 ;
3243 4278 3306 4331 ού
3330 4276 3427 4332 δύο
3446 4280 3539 4333 καὶ
3562 4280 3695 4335 δέκα
3717 4283 3979 4338 καίείκοο

2367 4373 2421 4409 σι
2450 4356 2543 4410 καὶ
2564 4357 2785 4423 ἑκατὸν,
2817 4360 2957 4414 ἀλλά
2980 4362 3195 4426 πάντας
3221 4363 3407 4434 σχεδὸν
3427 4364 3556 4428 τοὺς
3583 4365 3682 4437 τὴν
3710 4366 3979 4439 ὑφ’ἤλιον

2364 4439 2671 4505 οἰκοῦντας.
2706 4444 2816 4496 Καὶ
2854 4444 2943 4496 διὰ
2994 4444 3155 4498 τίνων
3180 4444 3403 4513 ἐπειθες
3434 4447 3523 4502 διὰ
3555 4448 3863 4522 ἀνθρώπων
3898 4454 3981 4507 ἐν·

2364 4524 2522 4589 δεκα,
2581 4526 2996 4597 ἀγραμμάτων,
3048 4528 3295 4593 ἰδιωτῶν,
3344 4531 3661 4600 ἀγλώττων,
3712 4534 3974 4605 ἀσήμων,

2368 4609 2639 4679 πενήτων,
2672 4612 2733 4663 ού
2768 4613 3038 4683 πατρίδας
3062 4614 3319 4684 ἐχόντων,
3352 4615 3506 4689 [576]
3542 4618 3606 4672 οὐ
3648 4623 3979 4689 περιουσίας

2366 4694 2692 4764 χρημάτων,
2739 4697 2800 4748 ού
2851 4698 3105 4777 σωματος
3144 4700 3396 4772 δύναμιν,
3446 4704 3505 4757 οὐ
3551 4705 3713 4776 δόξης
3741 4710 3980 4777 περιφά-

2366 4793 2546 4861 νειαν,
2577 4778 2639 4831 οὐ
2666 4773 2962 4861 ,προγόνων
3001 4781 3386 4856 λαμπρότητα,
3442 4787 3503 4839 οὑ
3552 4773 3728 4857 λόγων
3789 4773 3975 4861 ίσχυν,

2367 4860 2429 4912 οὐ
2453 4859 2740 4931 ῥητορείας
2769 4862 3072 4935 δεινότητα,
3103 4868 3163 4919 ού
3186 4867 3285 4938 τὴν
3311 4869 3421 4922 ἀπὸ
3446 4869 3702 4939 γνώσεως
3727 4859 3948 4944 προσ-τα
3965 4905 3980 4916 -

2369 4943 2511 5008 σίαν,
2534 4942 2680 4996 ἀλλὰ
2704 4945 2921 5014 ἀλιέων,
2955 4951 3317 5018 σκηνοποιῶν,
3354 4942 3795 5024 ἐτερογλώσσωνν.
3832 4959 3979 5013 υὺδὲ

2366 5028 2477 5098 γὰρ
2506 5027 2779 5098 ὁμόφωνοι
2803 5033 2915 5093 τοῖς
2944 5033 3289 5103 πειθομένοις
3311 5031 3475 5107 ἦσαν,
3498 5038 3637 5092 ἀλλά
3662 5040 3820 5111 ξένην
3840 5043 3978 5098 τινὰ

2367 5112 2463 5197 καὶ
2490 5111 2959 5197 παρηλλαγμένην
2990 5115 3141 5187 παρά
3176 5118 3357 5182 πάσας
3382 5120 3482 5184 τὰς
3502 5121 3746 5190 γλώττας
3766 5141 3973 5197 κεκτη-

2370 5194 2523 5265 μένοι
2550 5195 2755 5267 φωνὴν,
2793 5198 2893 5267 τὴν
2923 5199 3180 5269 Ἐϐραῖδα
3206 5203 3369 5271 λέγω,
3403 5205 3500 5257 καὶ
3526 5204 3593 5257 δι’
3622 5206 3801 5259 αὐτῶν
3820 5194 3976 5277 ᾠκο-

2366 5278 2573 5349 δόμησε
2598 5279 2699 5350 τὴν
2730 5280 3059 5351 Ἐκκλησίαν
3090 5283 3315 5356 ταύτην,
3341 5286 3444 5358 τὴν
3477 5288 3589 5342 ἀπὸ
3611 5288 3863 5361 περάτων
3888 5293 3977 5354 είς

2370 5362 2586 5433 πέρατα
2625 5365 2950 5435 τεταμένην.

2443 5450 2530 5511 ιγ’.
2547 5445 2658 5497 Καὶ
2694 5447 2755 5500 οὐ
2787 5448 2946 5500 τοῦτο
2979 5450 3142 5519 μόνον
3170 5451 3289 5505 ἐστὶ
3312 5452 3373 5505 τὸ
3389 5451 3725 5524 θαυμαστὸν,
3748 5454 3865 5509 ἀλλ’
3890 5457 3986 5512 ὅτι

2367 5530 2415 5583 οἰ
2452 5528 2663 5584 ἰδιῶται
2689 5530 2752 5601 δὴ
2783 5526 2926 5585 οὗτοι
2956 5536 3050 5587 καὶ
3072 5536 3303 5606 πένητες
3320 5537 3416 5589 καὶ
3437 5536 3611 5605 ὀλίγοι
3638 5539 3736 5591 καὶ
3762 5539 3979 5610 ἄσημοι

2368 5615 2465 5667 καί
2512 5615 2871 5686 ἀγράμματοι
2922 5617 3018 5671 καὶ
3070 5619 3312 5684 εὐτελεῖς
3347 5621 3444 5676 καὶ
3489 5622 3819 5693 ἐτερόφωνοι
3872 5626 3979 5679 καὶ

2369 5701 2865 5771 εὐκαταφρόνητοι,
2904 5704 3002 5773 τῆς
3051 5705 3381 5776 οἰκουμένης
3417 5706 3643 5777 ἀπάσης
3674 5708 3775 5778 τὴν
3819 5708 3978 5780 διόρτ

2370 5782 2538 5838 θωσιν
2566 5786 3020 5857 ἐγχειρισθέντες,
3044 5788 3142 5843 καὶ
3162 5789 3259 5842 ἐπ)⁵
3281 5788 3351 5842 τά
3376 5790 3557 5862 πολλῷ
3587 5791 3979 5864 δυσκολώτερα

2374 5870 2678 5943 πράγματα
2713 5872 2867 5940 ἄγειν
2886 5873 3067 5947 ⁴αὐτὴν
3097 5874 3506 5943 κελευσθέντες,
3547 5878 3667 5932 οὐδὲ
3686 5878 3740 5933 ἐν
3766 5878 3976 5954 εἰρήνη
