4178 6324
128 398 234 457 829

126 525 383 595 amplexi.
414 524 531 580 Non
566 522 912 578 crediderunt
937 519 1143 587 Judaai,
1175 518 1520 574 crediderunt
1547 515 1732 571 Genti-

129 620 226 675 les.
254 617 408 686 Quod
440 617 612 684 ipsum
641 629 748 669 non
778 613 995 668 silentio
1025 612 1448 681 praetermissum
1475 619 1557 663 est
1592 626 1604 661 :
1637 606 1733 661 sed

130 708 297 763 David
325 706 538 776 quidem
567 705 696 759 dicit
726 723 739 758 :
767 702 892 758 Filii
918 704 1070 757 alieni
1100 702 1295 755 mentiti
1318 712 1434 754 sunt
1460 700 1605 765 mihi,
1639 698 1735 767 ﬁlii

126 800 287 852 alieni
314 797 578 850 inveterati
621 804 773 862 sunt,
819 804 867 848 et
892 794 1302 847 cfaudicaverunt
1335 809 1367 844 a
1401 792 1590 844 semitis
1627 792 1734 843 suis

130 889 307 959 (Psal.
342 888 429 942 l7.
462 888 558 958 46)
588 904 604 940 :
635 885 855 940 llesaias
884 899 1013 939 vero
1048 901 1063 938 :
1093 883 1335 947 Domine,
1367 882 1479 952 quis
1519 881 1732 934 credidit

128 979 330 1030 auditui
360 988 566 1039 nostra,
615 986 660 1029 et
699 976 961 1030 brachium
990 974 1197 1028 Domini
1243 974 1327 1027 cui
1355 973 1632 1026 revelatum
1660 982 1731 1039 est

118 1061 333 1133 (Hemi.
358 1060 447 1116 55.
464 1062 518 1132 l)
536 1060 560 1115 τ
579 1058 643 1115 Et
662 1075 883 1116 rursum
910 1077 926 1115 :
951 1057 1203 1114 Inventus
1220 1075 1338 1114 sum
1361 1060 1426 1113 ab
1450 1062 1517 1116 iis
1535 1064 1627 1132 qui
1641 1081 1722 1119 me

117 1172 221 1208 non
249 1151 560 1225 quwrebant
590 1167 609 1206 :
629 1152 942 1220 conspicuus
968 1150 1146 1220 factus
1160 1168 1279 1205 sum
1308 1153 1373 1206 iis
1390 1155 1481 1223 qui
1507 1170 1589 1211 me
1613 1172 1720 1212 non

117 1248 517 1319 interrogabant
550 1245 881 1317 (Hesai.'65.
910 1246 985 1312 l).
1020 1247 1201 1316 Atque
1232 1249 1285 1301 in
1312 1248 1435 1318 ipso
1459 1250 1580 1319 ejus
1618 1253 1719 1307 ad-

128 1347 294 1393 ventu
319 1337 622 1394 Chananaca
650 1345 709 1394 et
730 1336 1065 1394 Samaritana
1108 1336 1303 1393 mulier
1344 1338 1729 1393 crediderunt:

127 1427 438 1482 sacerdOtes
487 1433 668 1481 autem
714 1436 769 1483 et
815 1427 1087 1497 principes
1146 1426 1348 1481 bellum
1404 1427 1732 1497 insidiasque

131 1517 388 1586 parabant
409 1558 425 1583 ,
471 1516 711 1587 aliosque
736 1518 1018 1587 abigebant
1042 1559 1055 1583 ,
1084 1527 1139 1572 et
1174 1532 1241 1571 ex
1270 1532 1537 1588 synagoga
1570 1518 1731 1587 pelle-

130 1608 257 1663 bant
281 1623 376 1663 eos
399 1650 415 1674 ,
454 1608 545 1678 qui
588 1609 641 1663 in
692 1610 864 1680 ipsum
908 1610 1210 1665 crederent.
1258 1610 1336 1664 Ne
1364 1610 1525 1679 igitur
1553 1620 1605 1665 t’e
1631 1611 1731 1665 ista

132 1700 496 1755 conturbent:
526 1699 713 1755 multis
759 1700 1066 1775 bujusmodi
1112 1702 1375 1771 exemplis
1422 1704 1576 1771 plena
1623 1702 1733 1757 vita

133 1801 314 1846 nostra
335 1802 417 1846 est
441 1832 456 1858 ,
488 1800 598 1846 tum
626 1801 811 1847 nostro
839 1804 948 1848 tum
979 1795 1252 1863 praeterito
1280 1803 1538 1864 tempore.
1581 1795 1731 1849 Alio—

131 1882 255 1950 quin
299 1898 427 1937 vero
449 1925 465 1950 ,
500 1882 548 1937 si
582 1897 695 1937 non
734 1884 956 1949 omnes,
1003 1884 1154 1938 multi
1184 1892 1333 1940 certe
1361 1901 1426 1940 ex
1453 1885 1654 1940 Judzeis
1678 1893 1731 1941 et

133 1983 255 2029 tunc
300 1984 353 2030 et
396 1986 584 2030 nostro
628 1986 869 2047 tempore
907 1976 1273 2033 crediderunt.
1327 1978 1479 2046 Quod
1522 1979 1568 2033 si
1624 1994 1731 2032 non

132 2080 317 2121 omnes
360 2068 494 2121 nihil
528 2083 659 2123 sane
698 2083 897 2123 novum
929 2078 1020 2123 aut
1047 2068 1293 2125 mirabile
1325 2088 1339 2124 :
1371 2070 1493 2125 talis
1531 2071 1752 2144 quippe.

130 2167 208 2212 tua
237 2159 475 2230 ingratus
502 2160 712 2215 animus
730 2202 747 2227 ,
788 2161 907 2216 talis
934 2176 1087 2215 mens
1128 2163 1337 2217 ratione
1365 2176 1528 2217 vacua
1550 2204 1567 2231 ,
1612 2164 1730 2219 talis

130 2248 302 2303 anima
331 2248 488 2304 malis
516 2250 793 2305 affectibus
822 2260 1102 2319 occupata.

200 2338 564 2396 Praedictiones
588 2358 621 2394 α
643 2342 845 2397 Christo
870 2345 1087 2412 prolata:
1110 2345 1221 2415 ejus
1254 2346 1531 2414 potentiam
1561 2357 1745 2401 osten-.

130 2430 271 2485 dunt.
296 2460 372 2472 --
407 2431 676 2488 Czeterum
702 2436 825 2504 quia
856 2436 1166 2505 prOphetias
1195 2436 1264 2491 de
1308 2437 1521 2491 Christo
1568 2442 1730 2493 tantis

129 2530 279 2575 antea
314 2524 641 2593 temporibus
660 2540 691 2579 a
718 2526 993 2595 prepbetis
1020 2525 1326 2583 enuntiatae
1356 2529 1679 2597 protulimus
1710 2548 1724 2583 :

128 2628 221 2683 age
243 2615 295 2669 in
325 2618 556 2672 medium
581 2618 869 2674 afferamus
890 2635 1003 2687 eas,
1027 2637 1146 2691 quae
1176 2621 1243 2677 de
1265 2622 1354 2677 illo
1380 2638 1502 2678 cum
1532 2634 1726 2681 terram

128 2705 395 2773 circuiret,
418 2717 607 2763 etcum
627 2709 934 2769 hominibus
958 2725 1369 2768 conversaretur
1388 2715 1544 2770 editae
1562 2726 1688 2771 sunt
1712 2735 1727 2773 :

130 2804 186 2850 ut
216 2795 344 2852 hinc
371 2799 531 2854 etiam
556 2800 671 2870 ejus
719 2804 1009 2871 potentiam
1036 2804 1261 2858 ediscas.
1312 2806 1445 2860 Cum
1473 2808 1727 2863 advenis-

132 2897 209 2941 set
230 2888 425 2958 igitur,
456 2900 512 2945 et
540 2892 728 2947 salutis
759 2893 1035 2948 hominum
1058 2896 1329 2965 negotium
1358 2910 1537 2967 ageret
1565 2942 1579 2966 ,
1613 2908 1724 2954 tum

133 2993 311 3033 eorum
332 3022 347 3045 ,
379 2981 469 3050 qui
502 2991 625 3038 tunc
656 2983 708 3037 in
731 2984 895 3051 vivis,
925 2994 1035 3040 tum
1062 2988 1222 3041 etiam
1250 3004 1458 3052 eorum,
1492 2992 1581 3060 qui
1605 2998 1727 3060 post

135 3069 289 3124 futuri
334 3081 513 3139 erant,
568 3075 730 3130 variis
773 3076 917 3131 illam
959 3079 1133 3133 modis
1176 3082 1514 3149 procurabat.
1569 3083 1721 3150 Vide,

134 3177 347 3230 quaso,
411 3165 539 3235 quid
597 3165 773 3221 faciat.
852 3169 1103 3225 Miracula
1152 3171 1305 3239 edit,
1365 3182 1420 3227 et
1472 3174 1719 3242 quazdam

133 3253 363 3322 praadicit
402 3256 575 3328 longis
617 3270 803 3328 postea
845 3263 1177 3331 temporibus
1204 3274 1498 3333 eventura,
1529 3282 1594 3321 ac
1628 3284 1724 3337 per

136 3360 196 3399 ea
222 3362 339 3417 qua:
367 3358 493 3404 tunc
521 3351 719 3407 fiebant
739 3392 756 3417 ,
787 3355 852 3409 iis
876 3371 996 3425 quae
1026 3357 1117 3411 diu
1146 3366 1329 3426 postea
1367 3358 1542 3414 futura
1571 3371 1726 3418 erant

131 3437 457 3496 auditoribus
506 3446 859 3512 praesentibus
898 3447 1057 3503 fidem
1101 3447 1304 3504 faciens
1334 3468 1348 3506 :
1378 3449 1569 3507 futuris
1593 3468 1728 3522 quo-

130 3542 227 3596 que
259 3546 331 3585 ex
361 3542 556 3589 eventu
587 3536 991 3605 praedictionum
1024 3540 1301 3597 credibilia
1346 3531 1580 3599 reddens
1620 3546 1725 3599 mi-

132 3622 297 3677 racula
350 3626 444 3682 illo
497 3636 742 3699 tempore
788 3632 930 3686 edita
980 3651 994 3687 :
1042 3643 1205 3703 atque
1253 3650 1320 3691 ex
1368 3635 1473 3692 hac
1521 3637 1726 3707 duplici

129 3714 579 3777 demonstratione
619 3723 780 3780 fidem
820 3725 1023 3783 faciens
1068 3728 1171 3794 iis,
1218 3744 1337 3801 quae
1386 3729 1455 3785 ad
1499 3746 1723 3803 regnum

131 3810 483 3875 pertinebant.

195 3900 279 3954 l2.
310 3902 444 3959 Nam
472 3905 716 3976 duplices
753 3920 907 3964 erant
938 3911 1054 3980 ejus
1080 3911 1488 3981 pnedictiones,
1538 3925 1606 3972 et‘
1640 3915 1724 3972 lue

128 3990 332 4058 quidem
374 3994 427 4049 in
467 3999 719 4066 praesenti
759 4000 868 4055 vita
912 4010 1187 4057 eventurze
1226 4013 1415 4072 erant,
1462 4007 1567 4062 illae
1594 4023 1724 4064 vero

129 4090 241 4149 post
283 4084 455 4155 ipsam
501 4092 1023 4148 consummationem
1057 4094 1284 4165 aliaeque
1324 4096 1553 4153 aliarum
1581 4099 1722 4154 veri-

128 4180 281 4229 tatem
327 4176 632 4235 luculenter
675 4185 1191 4239 commonstrabant.
1248 4187 1491 4258 Exempli
1535 4205 1717 4257 causa,

128 4277 240 4319 nam
266 4266 554 4325 obscurum
585 4271 785 4326 dictum
826 4274 1042 4343 planum
1071 4275 1249 4332 facere
1272 4286 1514 4347 satagam
1538 4297 1552 4345 ;
1583 4282 1721 4336 duo-

127 4352 287 4413 decim
318 4360 493 4429 ipsum
522 4361 768 4433 discipuli
814 4367 1179 4436 sequebantur
1207 4386 1220 4421 :
1251 4366 1546 4425 Ecclesiam
1592 4388 1721 4427 vero
1756 4422 1761 4428 .

128 4462 275 4504 nemo
304 4452 388 4507 vel
414 4468 477 4507 re
506 4454 590 4509 vel
617 4457 833 4512 nomine
873 4466 1077 4513 tantum
1107 4471 1330 4516 noverat
1354 4480 1368 4516 :
1400 4477 1523 4516 nam
1550 4462 1723 4535 Syna-

126 4555 245 4612 gnga
276 4544 502 4601 florebat
534 4546 728 4603 adhuc.
785 4550 921 4619 Quid
954 4552 1115 4621 igitur
1158 4555 1321 4620 dixit,
1355 4565 1410 4611 et
1438 4558 1568 4611 orbe
1610 4560 1723 4614 fere

128 4640 229 4688 toto
249 4637 300 4691 in
328 4638 602 4707 impietate
623 4640 839 4696 detento
867 4646 1152 4714 pnedixit?
1179 4647 1350 4718 Super
1372 4650 1504 4703 hanc
1525 4663 1723 4720 petram

124 4725 376 4795 aediﬁcabo
403 4728 686 4785 Ecclesium
796 4751 879 4788 .tm
898 4777 913 4802 ,
945 4746 992 4791 et
1022 4748 1184 4806 porta:
1218 4740 1368 4811 inferi
1396 4758 1498 4795 non
1524 4759 1723 4813 praeva-

125 4815 285 4873 lebunt
320 4821 565 4876 adversus
607 4839 720 4877 eam
768 4825 983 4895 (Matth.
1019 4828 1105 4882 l6.
1136 4830 1253 4899 18).
1310 4832 1567 4907 Examina
1617 4833 1723 4889 hoc

124 4907 313 4967 dictum
339 4914 565 4981 utlibet,
588 4922 643 4969 et
659 4917 941 4973 veritatem
969 4920 1085 4989 ejus
1106 4922 1460 4991 refulgentem
1488 4924 1718 4980 videbis.

129 5000 231 5057 Non
257 5005 403 5059 enim
431 5006 560 5062 illud
608 5008 783 5064 solum
830 5004 1110 5080 mirabile,
1156 5013 1299 5083 quod
1337 5029 1456 5069 eam
1503 5016 1555 5089 in
1603 5017 1723 5071 uni-

126 5106 273 5151 verso
303 5097 436 5152 orbe
474 5094 853 5167 aedificaverit,
902 5102 1000 5157 sed
1044 5104 1187 5173 quod
1227 5105 1478 5162 invictam
1510 5105 1719 5173 fecerit,

128 5196 175 5238 et
200 5197 272 5242 tot
292 5189 546 5259 agitatam
574 5190 731 5247 bellis
757 5193 1029 5249 invictam.
1060 5194 1196 5249 lllud
1220 5196 1362 5251 enim
1395 5215 1409 5251 :
1442 5197 1617 5254 Porta:
1641 5202 1723 5254 in-

130 5277 213 5343 feri
237 5296 339 5333 non
360 5297 502 5351 prter
518 5282 715 5337 dabunt
736 5286 977 5339 adversus
1007 5304 1147 5354 eam,
1180 5289 1421 5357 pericula
1449 5299 1574 5345 sunt
1600 5307 1723 5362 quae

130 5366 174 5419 in
214 5368 481 5426 infernum
510 5372 803 5429 deducunt.
859 5375 1105 5431 Vidistin‘
1132 5379 1497 5448 przedictionis
1522 5384 1722 5436 verita-

131 5459 268 5513 tem?
329 5462 579 5518 Vidistin’
604 5474 827 5521 eventus
869 5468 1073 5522 robur?
1105 5469 1345 5525 Vidistin'
1372 5471 1534 5527 verba
1560 5474 1724 5529 rebus

132 5548 247 5617 ipsis
280 5553 516 5609 lucentia
543 5596 557 5619 ,
584 5563 639 5611 et
663 5557 770 5611 vim
795 5558 1211 5629 insuperabilem
1243 5562 1421 5617 omnia
1451 5564 1596 5618 nullo
1625 5580 1721 5619 ne-

132 5644 263 5707 gotio
308 5644 636 5702 facientem?
686 5648 799 5703 Etsi
824 5652 970 5705 enim
1017 5652 1179 5707 breve
1208 5654 1408 5709 dictum
1452 5656 1523 5710 sit
1569 5657 1721 5724 illud,

131 5732 415 5806 didiﬁcabo
444 5739 727 5795 Ecclesium
748 5761 943 5812 meam,
974 5762 1041 5799 ne
1070 5747 1383 5817 simpliciter
1412 5761 1721 5819 prmtereas,

134 5830 217 5883 sed
244 5830 298 5887 in
336 5845 518 5889 incute
551 5834 764 5893 revolvc
792 5876 809 5906 ,
860 5848 913 5893 et
950 5840 1123 5909 cogita
1168 5856 1427 5911 quantum
1455 5844 1523 5898 sit
1556 5857 1722 5901 totum

670 397 946 455 comas
987 383 1267 451 Jun-£05
1308 395 1396 450 ET
1436 392 1805 463 GENTlLES,
1846 392 2030 461 QUOD
2070 394 2409 451 cnntsws
2447 396 2552 450 επ
2595 394 2797 451 usus.

3345 388 3451 442 850

1846 511 2033 567 orbem
2081 522 2189 568 tam
2218 514 2363 568 brevi
2396 522 2638 583 tempore
2668 508 2925 567 Eeclesiis
2954 499 3249 580 replevisse
3271 552 3283 571 ,
3325 517 3444 560 tan—

1844 613 1924 657 tas
1940 605 2269 659 convertisse
2295 613 2502 674 gentes,
2521 602 2732 673 populis
2746 600 3103 671 persuasisse,
3126 608 3186 655 ut
3206 603 3448 667 paternis

1842 693 2030 748 solutis
2061 694 2264 763 legibus
2311 694 2601 749 radicatam
2640 691 3088 748 consuetudinem
3122 689 3441 756 evellerent,

1842 786 2131 856 voluptatis
2178 786 2553 857 tyrannidem,
2598 784 2851 854 nequitia:
2895 784 3002 838 vim
3031 796 3129 835 seu
3172 782 3445 850 pulverem

1841 876 2132 947 cjicerent,
2166 891 2287 933 aras
2309 918 2325 944 ,
2366 876 2565 945 templa
2591 917 2607 941 ,
2641 874 2781 929 idola
2808 915 2823 939 ,
2855 872 3107 945 mysteria
3136 913 3149 934 ,
3187 871 3442 940 profanas

1840 968 2251 1035 solemnitates,
2304 967 2683 1037 impurumque
2727 964 2996 1027 nidorem,
3039 962 3191 1031 quasi
3236 960 3444 1014 fumum

1841 1060 2124 1130 quemdam
2153 1061 2435 1124 delerent;
2468 1059 2663 1127 ubique
2701 1056 2889 1111 altaria
2920 1054 3246 1117 excitarent,
3275 1053 3329 1105 in
3357 1068 3444 1106 re-

1839 1152 1999 1223 gione
2020 1150 2404 1215 Romanorum,
2427 1150 2729 1211 Persarum,
2744 1145 3086 1216 Seytharum,
3112 1144 3441 1209 Maurorum,

1842 1234 2090 1298 ludorum
2118 1260 2133 1296 :
2161 1241 2288 1311 quid
2317 1241 2475 1295 dico?
2500 1240 2580 1293 vel
2607 1247 2759 1293 extra
2788 1237 2975 1291 orbem
3014 1243 3275 1289 nostrum.
3308 1230 3441 1287 Nam

1840 1343 1896 1388 ct
1921 1333 2237 1387 Britannica:
2269 1332 2487 1397 insulae,
2533 1346 2652 1399 quae
2688 1337 2840 1383 extra
2872 1326 2974 1380 hoc
3003 1329 3151 1380 mar‘e
3176 1325 3293 1378 sita:
3318 1334 3444 1378 sunt

1839 1432 1896 1479 et
1938 1425 1989 1478 in
2038 1424 2155 1493 ipso
2184 1422 2399 1478 Oceano
2419 1462 2434 1486 ,
2473 1420 2580 1474 vim
2624 1418 2775 1473 verbi
2805 1426 3089 1472 senserunt
3120 1434 3133 1469 :
3163 1416 3270 1469 illic
3298 1415 3441 1485 enim

1840 1514 2097 1570 Ecclesia:
2122 1523 2175 1569 et
2194 1513 2389 1568 altaria
2410 1518 2593 1567 erecta
2621 1510 2799 1565 fuere.
2830 1509 3069 1563 Verbum
3108 1506 3236 1561 illud
3257 1547 3271 1571 ,
3299 1505 3445 1575 quod

1840 1613 1967 1661 tunc
1993 1605 2082 1659 ille
2108 1603 2361 1674 protulit,
2394 1604 2447 1657 in
2490 1600 2730 1657 omnium
2774 1599 2970 1654 animis
3012 1599 3309 1667 plantatum
3335 1604 3440 1657 est,

1839 1712 1936 1767 per
1960 1698 2199 1752 omnium
2229 1711 2324 1751 ora
2352 1694 2523 1749 fertur
2554 1710 2569 1746 :
2606 1701 2662 1748 et
2689 1701 2830 1747 terra
2850 1732 2867 1757 ,
2894 1701 2954 1745 ut
2982 1691 3053 1744 ita
3082 1689 3256 1743 dicam
3284 1728 3297 1749 ,
3324 1686 3443 1741 uni-

1838 1803 2013 1853 versa,
2042 1788 2207 1856 spinis
2227 1786 2432 1856 repleta
2449 1784 2736 1841 emundata
2762 1791 2866 1848 est,
2889 1796 3017 1851 ager
3039 1794 3202 1848 purus
3223 1776 3444 1832 effectus

1838 1889 1942 1946 est,
1968 1878 2286 1948 pietatisque
2310 1876 2515 1931 semina
2546 1874 2800 1943 suscepit.
2850 1873 3043 1941 Magna
3069 1885 3199 1922 sane
3220 1884 3307 1922 res
3335 1878 3442 1933 est,

1840 1984 2053 2038 magna,
2086 1970 2300 2039 inquam
2321 2009 2335 2034 ,
2368 1967 2477 2022 imo
2503 1980 2729 2021 summae
2759 1961 3143 2032 ntagnitudinis
3164 1968 3220 2013 et
3245 1959 3443 2014 divinae

1838 2060 2051 2115 virtutis
2077 2068 2448 2129 argumentum
2482 2076 2497 2113 :
2522 2057 2737 2113 nemine
2766 2057 2959 2109 turbas.
2976 2062 3262 2117 movente,
3309 2066 3446 2119 pace

1840 2165 2048 2205 summa
2068 2192 2084 2216 ,
2118 2150 2243 2205 licet
2282 2149 2440 2205 multi
2466 2145 2854 2204 conturbarcnt
2879 2154 2934 2200 et
2960 2159 3120 2198 nemo
3147 2142 3445 2197 reluctare-

1840 2251 1925 2297 tur
1946 2282 1962 2309 ,
2010 2241 2245 2311 potuisse
2289 2248 2495 2299 tantum
2525 2239 2711 2293 orbem
2750 2236 3033 2291 confestim
3060 2248 3091 2287 a
3120 2248 3281 2303 prava
3312 2232 3446 2286 tami

1841 2332 2097 2401 temporis
2140 2330 2532 2385 consuetudine
2580 2328 2834 2393 liberari,
2882 2327 2935 2379 in
2964 2326 3127 2379 aliam
3154 2339 3282 2378 vero
3308 2337 3443 2377 con—

1835 2423 2171 2479 suetudinem
2209 2423 2366 2492 longe
2386 2421 2740 2477 difficiliorem
2764 2419 2987 2473 traduci.
3030 2416 3211 2486 Neque
3237 2424 3443 2469 tantum

1836 2518 2170 2577 consuetudo
2196 2516 2609 2581 adversabatur,
2638 2513 2737 2569 sed
2764 2514 2926 2567 etiam
2958 2511 3205 2580 voluptas
3229 2508 3445 2564 detine-

1836 2613 1961 2679 bat,
2008 2611 2117 2667 duo
2166 2609 2432 2681 tyrannici
2476 2609 2704 2663 obices:
2738 2621 2863 2660 nam
2907 2621 3027 2675 qua:
3074 2620 3105 2657 a
3152 2604 3445 2657 multorum

1835 2720 2099 2760 annorum
2137 2702 2406 2758 curriculo
2428 2717 2461 2758 a
2487 2700 2725 2771 patribus
2747 2740 2761 2764 ,
2790 2698 2905 2752 avis
2929 2738 2943 2762 ,
2973 2697 3157 2751 abavis
3176 2738 3191 2762 ,
3222 2695 3444 2764 majori-

1835 2797 1936 2853 bus
1959 2838 1974 2864 ,
2009 2796 2343 2867 philosophis
2362 2804 2418 2851 et
2439 2793 2747 2849 rhetoribus
2773 2799 3129 2861 acceperant,
3160 2805 3224 2844 ea
3253 2804 3444 2858 respu-

1835 2902 1949 2953 ere,
1980 2902 2099 2957 qua:
2128 2901 2215 2941 res
2244 2878 2531 2957 admodum
2564 2882 2796 2937 dillicilis
2822 2890 2939 2936 erat
2963 2921 2977 2945 ,
3007 2879 3361 2945 ducebantur,
3389 2886 3445 2932 et

1834 2993 2026 3031 novam
2051 2978 2295 3045 accipere
2326 2955 2771 3029 consuetudinem
2796 3013 2811 3037 ,
2855 2986 3083 3040 eamque
3108 3012 3121 3035 ,
3151 2968 3295 3039 quod
3320 2984 3445 3038 gra—

1834 3070 1952 3125 vius
1987 3080 2144 3137 erat,
2177 3069 2333 3123 valde
2361 3068 2552 3123 duram
2580 3075 2635 3121 et
2661 3067 2968 3120 molestam.
3017 3063 3258 3118 Abduxit
3287 3078 3317 3116 a
3344 3078 3443 3116 vo-

1835 3164 2073 3233 luptate,
2121 3171 2177 3218 et
2206 3161 2413 3216 induxit
2457 3161 2513 3214 in
2558 3159 2823 3236 jejunium
2854 3175 2866 3210 :
2900 3157 3125 3212 abduxit
3163 3156 3232 3210 ab
3257 3170 3443 3209 amore

1833 3257 2215 3328 pecuniarum,
2264 3264 2320 3310 et
2357 3253 2565 3309 induxit
2602 3254 2655 3307 in
2705 3260 3108 3323 paupertatem;
3159 3248 3441 3304 abduxita

1834 3346 2051 3401 lascivia
2071 3388 2087 3414 ,
2126 3354 2182 3401 et
2207 3344 2415 3400 induxit
2439 3343 2493 3398 in
2523 3342 2930 3412 temperantiam
2956 3358 2970 3393 :
2995 3339 3217 3394 abduxit
3235 3339 3305 3393 ab
3334 3340 3436 3403 ira,

1831 3446 1888 3493 et
1913 3436 2122 3491 induxit
2148 3437 2204 3491 in
2228 3434 2697 3491 mansuetudinem
2729 3451 2743 3485 :
2776 3432 2999 3487 abduxit
3032 3430 3101 3484 ab
3126 3429 3342 3495 invidia,
3379 3438 3439 3484 et

1833 3530 2042 3584 induxit
2082 3529 2152 3584 in.
2182 3528 2565 3600 benignitatem
2598 3545 2612 3580 :
2642 3524 2863 3581 abduxit
2892 3539 2921 3576 a
2956 3524 3040 3578 via
3072 3524 3178 3577 lata
3213 3531 3271 3579 et
3314 3537 3439 3592 spa~

1833 3623 1988 3688 tiosa,
2022 3632 2073 3677 et
2100 3620 2310 3676 induxit
2333 3622 2388 3675 in
2417 3628 2695 3690 angustam
2718 3661 2733 3686 ,
2775 3626 2978 3672 arctam
3006 3626 3060 3672 et
3090 3624 3438 3687 praeruptam,

1831 3712 2061 3780 induxit,
2111 3714 2328 3783 inquam
2354 3752 2369 3779 ,
2397 3720 2641 3768 assuetos
2670 3711 2768 3765 vim
2795 3710 2939 3764 latae.
2991 3707 3108 3763 Non
3138 3708 3281 3763 enim
3304 3708 3440 3763 alios

1829 3790 2119 3875 assumpsit
2154 3805 2401 3859 homines
2428 3814 2577 3859 extra
2607 3801 2867 3858 mundum
2896 3810 2951 3857 et
2988 3801 3127 3854 hanc
3150 3808 3439 3854 consuetu-

1829 3897 2010 3953 dinem
2037 3899 2305 3963 viventes;
2337 3895 2433 3952 sed
2462 3910 2556 3951 eos
2588 3896 2729 3965 ipsos
2754 3893 2846 3963 qui
2885 3892 2996 3963 jam
3025 3892 3081 3947 in
3122 3907 3185 3946 ea
3211 3906 3437 3960 compu-

1830 4000 2091 4056 truerant,
2110 4000 2164 4045 et
2189 3991 2301 4045 luto
2322 3989 2594 4044 molliores
2608 3996 2784 4053 erant,
2808 3987 2907 4040 hos
2923 3986 3086 4056 jussit
3113 3985 3167 4039 in
3186 3994 3435 4053 angusta,

1828 4097 2020 4153 aspera
2068 4093 2124 4137 et
2169 4090 2319 4137 arcta
2366 4080 2619 4136 incedere
2662 4078 2784 4145 via,
2840 4088 2897 4131 et
2947 4076 3000 4131 id
3039 4076 3305 4147 persuasit
3333 4076 3435 4130 eis.

1828 4175 1972 4243 Quot
1998 4174 2307 4229 hominibus
2351 4172 2404 4228 id
2446 4168 2758 4243 persuasit?
2808 4168 2927 4224 Non
2966 4167 3092 4233 uni,
3121 4167 3204 4221 vel
3225 4167 3434 4233 decem,

1827 4270 1913 4325 vel
1938 4269 2149 4340 viginti,
2178 4268 2261 4323 vel
2286 4274 2500 4322 centum
2524 4262 2855 4329 hominibus,
2876 4262 2973 4318 sed
2998 4260 3251 4316 omnibus
3266 4259 3437 4316 ferme

1828 4361 1930 4417 sub
1958 4360 2075 4416 sole
2116 4358 2499 4413 habitantibus.
2554 4356 2796 4424 Quorum
2826 4368 2991 4425 opera
3028 4352 3083 4407 id
3125 4352 3438 4423 persuasit?

1830 4454 2089 4511 Undecim
2137 4467 2301 4521 opera
2329 4452 2606 4507 hominum
2626 4493 2643 4518 ,
2675 4450 3050 4504 illiteratorum
3073 4489 3087 4514 ,
3122 4447 3435 4510 idiotarum,

1830 4546 2251 4617 ineloquentium
2274 4588 2289 4612 ,
2321 4543 2667 4615 ignobilium,
2698 4556 3013 4612 pauperum,
3045 4539 3238 4610 patria,
3271 4554 3436 4611 epum

1830 4637 2168 4695 facultatibus
2191 4677 2207 4703 ,
2260 4638 2456 4691 robore
2492 4633 2735 4703 corporis
2764 4674 2780 4699 ,
2824 4633 3010 4703 glorite
3048 4632 3432 4703 prazcellentia,

1828 4734 2042 4804 generis
2066 4730 2374 4801 splendore,
2401 4729 2455 4783 vi
2482 4729 2794 4794 verborum,
2827 4728 3124 4781 rhetorices
3147 4725 3432 4796 gravitate,

1828 4824 2066 4881 scientiae
2093 4823 2559 4879 commendatione
2595 4821 2922 4884 carentium;
2965 4818 3061 4874 sed
3089 4819 3435 4888 piscatorum,

1835 4918 2303 4973 tabernaculorum
2330 4914 2581 4987 epilicum
2600 4957 2614 4979 ,
2658 4914 2749 4984 qui
2780 4913 3005 4968 diversa:
3034 4913 3227 4983 lingua:
3259 4922 3438 4974 erant.

1833 5009 2021 5078 Neque
2046 5009 2235 5063 eadem
2261 5008 2333 5062 illi
2354 5022 2458 5077 qua
2483 5006 2757 5061 auditores
2778 5005 2954 5074 lingua
2987 5003 3230 5057 instructi
3260 5013 3438 5070 erant,

1834 5100 1928 5155 sed
1948 5101 2226 5171 peregrina
2248 5109 2408 5169 atque
2423 5100 2491 5154 ab
2501 5099 2620 5153 aliis
2635 5096 2881 5151 omnibus
2899 5096 3117 5152 diversa
3132 5097 3307 5167 lingua
3322 5105 3438 5151 ute-

1833 5194 2048 5259 bantur,
2065 5193 2316 5247 nimirum
2332 5192 2611 5247 llebraica.
2626 5190 2729 5245 Per
2741 5188 2841 5243 hos
2854 5187 2991 5242 hanc
3007 5187 3303 5243 Ecclesiam
3315 5189 3439 5241 ardia

1835 5285 2036 5350 licavit,’
2062 5300 2182 5353 qua:
2211 5298 2242 5337 a
2269 5284 2463 5339 finibus
2484 5296 2651 5353 usque
2679 5280 2746 5334 ad
2768 5279 2904 5335 fines
2932 5288 3089 5334 terra:
3108 5279 3438 5333 extenditur.

1904 5378 1995 5432 15.
2061 5376 2200 5430 Mira
2264 5374 2532 5446 Evangelii
2588 5374 2910 5445 prapagatio.
2962 5400 3035 5412 —-
3093 5371 3277 5441 Neque
3338 5371 3443 5427 hoc

1834 5467 2009 5523 solum
2057 5467 2302 5522 mirabile
2352 5476 2472 5529 est;
2523 5466 2618 5520 sed
2668 5464 2811 5534 quod
2856 5462 3077 5528 idiotze,
3131 5472 3441 5533 pauperes,

1835 5560 2024 5630 pauci,
2087 5558 2389 5630 ignobiles,
2447 5559 2682 5613 illiterati
2731 5573 2795 5612 ac
2848 5556 3011 5621 viles,
3071 5555 3290 5609 alterius
3333 5556 3441 5611 lin-

1839 5674 1989 5729 guze,
2031 5657 2497 5728 despicabilesque
2538 5655 2814 5721 homines,
2861 5653 3054 5723 quibus
3092 5651 3262 5705 totius
3295 5651 3445 5707 orbis

1837 5752 2145 5807 emendatio
2168 5752 2455 5807 commissa
2483 5750 2673 5815 fuerat,
2712 5748 3030 5817 jussutnque
3046 5745 3221 5799 fuerat
3248 5745 3314 5797 ad
3341 5744 3444 5797 dif-

1847 5847 2067 5904 ﬁciliora
2092 5847 2263 5917 ipsum
2296 5845 2571 5902 traducere
2592 5886 2606 5913 ,
2645 5859 2751 5899 non
2778 5842 2903 5898 illud
2928 5843 2979 5896 in
3008 5858 3141 5911 pace
3183 5838 3445 5905 fecerint,
