4178 6324
679 378 773 434 851
1426 381 1484 437 S.
1526 380 1639 437 10A
1650 376 1800 434 NNIS
1836 373 2285 433 CIIRYSOSTOM

2395 372 2662 431 RCH‘IEP.
2703 375 2968 434 CONS'FA
2979 376 3245 438 ΝΤῙΝΟΡ.

688 501 785 555 sed
829 498 1126 555 innumeris
1154 496 1387 567 undique
1416 496 1570 552 bellis
1594 495 1863 566 exagitati.
1898 494 2001 551 Per
2043 491 2281 563 singulas

686 593 885 662 quippe
920 602 1105 662 gentes
1146 599 1200 646 et
1238 591 1432 655 urbes,
1472 599 1527 645 et
1564 590 1689 659 quid
1731 589 1852 643 dico
1906 604 1997 658 per
2046 586 2284 656 singulas

690 693 878 751 gentes
908 690 963 736 et
992 682 1187 737 urbes?
1217 696 1312 751 per
1339 680 1575 750 singulas
1601 680 1761 734 etiam
1781 679 1977 755 domos
1990 677 2127 737 bella
2154 692 2284 732 con—

690 784 769 829 tra
798 775 940 844 ipsos
968 762 1339 829 movebantur.
1390 774 1633 842 Ingresso
1668 788 1896 840 namque
1927 771 2190 835 doctrina,
2221 768 2283 822 ﬁ-

690 863 927 933 liumque
952 878 981 917 a
1010 873 1160 931 patre
1187 878 1330 932 saepe
1359 862 1624 925 dividens,
1656 878 1844 916 nurum
1870 878 1900 916 a
1928 877 2084 916 socru
2103 902 2117 925 ,
2172 860 2281 914 fra-

692 966 828 1011 trem
859 971 889 1009 a
917 954 1102 1021 fratre,
1134 971 1349 1011 servum
1367 955 1650 1022 adomiuo,
1675 955 1942 1010 subditum
1965 970 1994 1007 a
2019 954 2279 1023 principe,

690 1047 862 1100 virum
889 1046 956 1100 ab
985 1061 1172 1112 uxore,
1202 1061 1420 1099 uxorem
1452 1061 1482 1099 a
1510 1046 1642 1110 viro,
1676 1055 1879 1115 patrem
1919 1061 1949 1099 a
1980 1046 2139 1110 ﬁliis;
2173 1061 2279 1099 non

688 1138 830 1193 enim
859 1138 1016 1193 simul
1042 1154 1230 1193 omnes
1247 1138 1569 1206 credebant;
1601 1138 1939 1209 quotidianas
1957 1138 2279 1204 inimicitias,

690 1232 827 1286 bella
856 1230 1176 1301 frequentia,
1221 1232 1365 1286 mille
1392 1241 1593 1287 mortes
1621 1233 1750 1302 ipsis
1798 1231 2118 1297 inducebat,
2167 1231 2283 1286 efﬁ-

689 1324 971 1393 ciebatque
1026 1331 1085 1379 ut
1140 1334 1490 1378 sese'mutuo
1533 1324 1684 1392 quasi
1731 1338 2047 1378 communes
2102 1323 2282 1377 hostes

689 1422 1083 1469 aversarentur.
1110 1414 1323 1469 Etenim
1352 1430 1445 1469 eos
1484 1413 1753 1485 pellebant
1783 1414 2022 1487 universi
2046 1454 2061 1479 ,
2093 1427 2278 1482 reges,

685 1507 979 1578 principes,
1008 1507 1208 1573 idiotis,
1240 1506 1414 1573 liberi,
1444 1507 1607 1573 servi,
1646 1506 1847 1576 populi,
1875 1507 2116 1561 civitates
2141 1522 2156 1559 :
2189 1520 2283 1559 ne-

688 1614 792 1667 que
823 1598 941 1653 illos
973 1606 1200 1667 tantum,
1231 1598 1326 1653 sed
1365 1598 1748 1669 qued‘gravius
1788 1605 1937 1664 erat,
1982 1598 2282 1668 neophytos

689 1691 745 1745 in
795 1690 936 1757 ﬁde,
984 1706 1123 1760 quos
1167 1691 1242 1745 illi
1286 1691 1651 1745 instituebant.
1699 1691 1997 1745 Commune
2051 1705 2283 1760 namque

690 1783 889 1837 bellum
916 1792 970 1837 et
993 1782 1304 1839 doctoribus
1333 1792 1388 1836 et
1413 1782 1687 1851 discipulis
1708 1781 2057 1844 excitabatur,
2088 1782 2284 1851 quippe

689 1889 811 1929 cum
836 1874 1077 1927 doctrina
1110 1873 1199 1928 illa
1228 1883 1282 1928 et
1311 1873 1471 1943 regiis
1497 1874 1861 1928 sanctionibus
1899 1882 1954 1928 et
1994 1882 2283 1928 consuetu-

690 1965 824 2029 dini,
866 1972 923 2019 et
942 1964 1180 2033 paternis
1212 1965 1455 2018 moribus
1481 1964 1755 2019 adversari
1779 1961 2069 2019 videretur.
2102 1963 2284 2033 Siqui-

689 2056 812 2112 dem
840 2057 1193 2128 hortabantur
1222 2066 1280 2111 ut
1299 2058 1367 2112 ab
1395 2057 1550 2112 idolis
1577 2058 1919 2123 absisterent,
1948 2071 2069 2111 aras
2102 2056 2284 2125 despi-

688 2159 896 2214 cerent,
918 2166 1051 2220 quas
1070 2146 1143 2204 iet
1182 2159 1358 2219 patres
1387 2158 1442 2204 ct
1469 2149 1721 2220 majores.
1745 2165 1934 2205 eorum
1985 2151 2281 2218 coluerant,

690 2244 760 2295 ab
791 2242 1011 2311 impuris
1040 2240 1379 2312 dogmatibus
1415 2242 1708 2307 resilirent,
1752 2241 1988 2297 riderent
2032 2243 2288 2298 solemni-

693 2340 851 2396 tates,
884 2333 1209 2388 initiationes
1231 2343 1570 2403 respuerent,
1601 2349 1721 2403 quae
1764 2334 1896 2404 ipsis
1919 2335 2149 2390 maxime
2179 2342 2288 2390 tre—

691 2423 883 2478 menda
913 2433 966 2479 et
989 2422 1347 2479 formidabilis
1378 2424 1736 2480 videbantur:
1793 2441 1891 2495 pro
1928 2426 2121 2496 quibus
2169 2427 2287 2481 ani-

694 2531 836 2567 mam
865 2513 996 2570 dare
1024 2516 1357 2581 maluissent,
1386 2531 1545 2586 quam
1573 2530 1758 2572 comm
1793 2517 1933 2572 dicta
1978 2517 2283 2586 admittere,

694 2616 749 2660 et
780 2606 834 2660 in
858 2615 1041 2661 natum
1070 2623 1134 2663 ex
1158 2607 1321 2661 Maria
1349 2608 1595 2674 credere,
1625 2610 1715 2679 qui
1748 2609 1813 2664 ad
1840 2611 2084 2681 praesidis
2113 2612 2285 2666 tribu-

693 2697 780 2751 nal
800 2697 1015 2762 ductus,
1043 2699 1211 2767 sputis
1230 2697 1637 2765 dehonestatus,
1664 2699 2053 2771 innumeraque
2074 2716 2284 2773 passus,

693 2788 1022 2843 exsecranda
1044 2798 1217 2843 morte
1239 2790 1483 2856 allectus;
1511 2791 1859 2862 sepultusque
1882 2795 2283 2849 resurrexisset.

692 2879 954 2950 Quodque
997 2880 1319 2950 stupendum
1364 2890 1480 2936 erat
1507 2923 1521 2946 ,
1566 2883 1838 2936 cruciatus
1880 2884 2132 2939 omnibus
2176 2885 2288 2939 noti

690 2982 867 3037 erant,
898 2972 1102 3042 ﬂagella
1132 2989 1323 3044 nempe
1342 3017 1357 3041 ,
1386 2974 1621 3044 colaphi,
1645 2976 1989 3031 contumeliae
2005 2977 2114 3031 oris
2132 2986 2289 3047 sputo

694 3065 1056 3134 dehonestati,
1090 3068 1279 3138 plagze,
1308 3083 1437 3123 crux
1459 3110 1475 3135 ,
1524 3068 1771 3123 cachinni
1799 3070 1984 3136 multi,
2025 3071 2288 3127 comoedia

693 3159 944 3214 omnibus
968 3159 1167 3227 oblata,
1198 3161 1470 3235 sepultura
1494 3162 1646 3230 quasi
1677 3162 1860 3232 gratiae
1884 3162 2099 3217 nomine
2128 3165 2291 3233 impe-

695 3260 871 3317 trata;
920 3252 1013 3306 sed
1040 3269 1159 3322 qute
1209 3254 1275 3307 ad
1320 3255 1771 3309 resurrectionem
1823 3255 2136 3325 spectabant
2180 3272 2287 3311 non

694 3341 860 3397 item:
894 3342 997 3395 illis
1023 3343 1166 3397 enim
1210 3344 1353 3399 solis
1375 3353 1493 3413 post
1534 3346 1982 3401 resurrectionem
2020 3348 2286 3416 apparuit.

696 3433 951 3487 Attamen
967 3432 1094 3487 .hacc
1118 3433 1347 3488 dicendo
1369 3434 1782 3503 persuadebant,
1811 3444 1865 3490 et
1890 3436 1967 3491 sic
1994 3436 2288 3491 Eeclesiam

696 3525 1053 3579 :cdiﬁcabant.
1092 3526 1209 3593 Quo
1237 3516 1393 3595 pacto
1423 3536 1476 3581 et
1503 3542 1608 3597 qua
1638 3528 1904 3583 ratione?
1954 3526 2161 3583 Virtute
2200 3528 2288 3598 ju-

695 3618 913 3674 bentis:
947 3619 1059 3689 ipse
1083 3634 1313 3689 namque
1340 3621 1478 3674 viam
1510 3623 1765 3691 parabat,
1798 3621 1911 3691 ipse
1946 3622 2124 3676 omnia
2150 3621 2291 3676 difﬁ—

695 3708 818 3761 cilia
837 3707 1009 3762 facilia
1025 3709 1303 3765 reddebat.
1330 3709 1441 3764 Nisi
1475 3710 1617 3765 enim
1644 3711 1821 3765 divina
1855 3711 2099 3780 quzcdam
2119 3712 2289 3766 virtus

698 3798 815 3853 lucc
833 3809 1211 3868 perpetrasset,
1239 3816 1308 3857 ne
1332 3803 1414 3857 vel
1441 3802 1756 3872 principium
1785 3802 2001 3871 quidem
2027 3813 2115 3857 aut
2133 3818 2292 3858 exor-

698 3890 845 3942 dium
879 3890 992 3943 hazc
1024 3890 1356 3953 habuissent.
1377 3892 1495 3958 Quo
1525 3892 1666 3946 enim
1688 3892 1737 3951 id
1771 3892 1929 3947 modo
1949 3894 2062 3947 ﬁeri
2090 3895 2292 3963 potuis-

696 3980 817 4034 set?
844 3979 1041 4035 Verum
1066 3981 1110 4034 is
1139 3982 1479 4050 quidixerat,
1521 3982 1640 4037 Fiat
1663 3984 1865 4049 uelum,
1902 3992 2105 4053 etopus
2135 3985 2291 4039 exhi-

698 4072 839 4126 buit:
872 4083 947 4137 et,
965 4073 1217 4139 fundetur
1239 4082 1405 4140 terra,
1430 4073 1546 4144 ejus
1558 4059 2193 4144 substantiatn'produxit;
2214 4084 2288 4142 et,

699 4164 876 4220 luceat
908 4165 1011 4233 sol,
1048 4174 1103 4220 et
1126 4175 1331 4219 astrum
1370 4165 1644 4231 ostendit;
1687 4167 1887 4237 quique
1913 4166 2091 4220 omnia
2128 4167 2292 4221 verbo

624 4274 637 4279 -
698 4265 953 4326 operatus
982 4266 1085 4322 est,
1118 4257 1210 4312 ille
1256 4257 1419 4312 etiam
1460 4257 1554 4311 has
1581 4258 1856 4325 ,Ecclesias
1897 4259 2175 4330 plantavit.
2224 4259 2292 4315 Et

701 4348 923 4402 verbum
947 4347 1099 4415 illud,
1125 4347 1199 4401 1E
1205 4349 1425 4417 diﬁcabo
1449 4348 1731 4403 Ecclesiam
1758 4367 1945 4415 meam,
1975 4351 2092 4407 haec
2112 4353 2291 4407 omnia

700 4448 979 4508 operatum
1008 4449 1109 4494 est.
1160 4439 1308 4493 Talia
1352 4441 1552 4510 quippe
1594 4450 1721 4495 sunt
1757 4426 1919 4496 verba
1962 4443 2093 4508 Dei,
2127 4459 2291 4514 opera

698 4531 977 4596 exhibent,
996 4546 1156 4601 opera
1176 4532 1439 4587 mirabilia
1456 4543 1616 4603 atque
1639 4534 1925 4602 stupenda.
1948 4534 2079 4589 Nam
2107 4550 2293 4605 quem-

700 4623 989 4678 admodum
1021 4618 1155 4677 dixit
1180 4640 1193 4676 :
1224 4622 1478 4677 Germinet
1500 4633 1634 4678 terra
1670 4624 1876 4679 herbam
1902 4627 2025 4698 foeni
2049 4626 2209 4697 (Gen.
2236 4629 2288 4682 1.
2312 4648 2315 4653 λ

700 4717 813 4785 11),
865 4724 920 4770 et
964 4716 1143 4770 omnia
1193 4731 1319 4770 mox
1367 4715 1556 4770 hortus
1600 4717 1785 4785 fuere,
1828 4720 2005 4773 omnia
2045 4730 2288 4789 pratum,

700 4817 954 4877 terraque
1010 4807 1317 4863 mandatum
1386 4808 1661 4877 excipiens
1718 4810 1941 4865 inﬁnitis
2003 4813 2295 4867 ornabatur

701 4888 929 4969 plantis;
968 4900 1046 4973 sic
1087 4908 1141 4953 et
1175 4914 1319 4953 nunc
1356 4898 1445 4953 ubi
1485 4900 1639 4967 dixit,
1678 4900 1974 4971 Ediﬁcabo
2010 4901 2297 4957 Ecclesium

703 5009 869 5045 meam
893 5034 907 5058 ,
943 4991 995 5045 id
1040 4991 1189 5046 nullo
1234 4992 1448 5062 negotio
1478 4991 1674 5047 factum
1705 5001 1824 5048 est:
1858 5002 2017 5064 atque
2052 4996 2293 5066 tyrannis

701 5085 961 5139 adversus
1002 5099 1121 5138 eam
1169 5083 1381 5149 bellum
1411 5084 1790 5159 excitantibus,
1840 5087 2096 5142 militibus
2143 5103 2292 5142 arma

702 5175 1061 5241 moventibus,
1080 5176 1290 5246 populis
1303 5176 1472 5231 instar
1489 5174 1627 5247 ignis
1639 5176 1955 5243 furentibus,
1970 5177 2293 5234 adversante

700 5266 1115 5334 consuetudine,
1145 5269 1419 5337 etiamque
1448 5268 1776 5337 rhetoribus,
1800 5271 2079 5339 scphistis,
2124 5269 2293 5323 diviti-

706 5360 832 5425 bus,
876 5360 1080 5421 idiotis,
1128 5360 1498 5430 principibus,
1537 5361 1659 5430 igne
1704 5369 1885 5417 tamen
1919 5361 2292 5417 vehementius

700 5451 923 5506 verbum
948 5453 1133 5521 spinas
1162 5450 1521 5521 consumpsit,
1545 5467 1705 5524 agros
1731 5455 2010 5525 purgavit,
2043 5453 2294 5524 pradica-

704 5546 865 5599 tionis
886 5544 1183 5599 doctrinam
1216 5545 1540 5599 seminavit:
1565 5560 1628 5598 ac
1658 5544 1781 5599 dum
1810 5562 1872 5600 ex
1904 5545 1967 5600 iis
2001 5547 2089 5617 qui
2126 5546 2293 5602 credi-

704 5639 895 5695 derant
924 5636 1015 5693 alii
1043 5638 1094 5691 in
1124 5651 1341 5691 carcere
1368 5636 1690 5702 habitarent,
1730 5638 1819 5690 alii
1852 5638 1903 5691 in
1929 5637 2176 5692 exsilium
2204 5639 2294 5694 ah-

703 5732 848 5788 ducti
877 5740 1078 5796 esseut,
1103 5731 1192 5785 alii
1215 5730 1459 5800 pecuniis
1480 5730 1740 5796 mulctati,
1771 5730 1863 5785 alii
1906 5731 2101 5799 occisi,
2143 5741 2197 5786 et
2237 5734 2291 5787 in

704 5825 875 5887 frusta
892 5825 1113 5895 concisi,
1138 5824 1227 5881 alii
1244 5824 1365 5896 igne
1380 5824 1702 5895 consumpti,
1722 5825 1810 5880 alii
1830 5823 2061 5901 demersi
2084 5835 2286 5895 essent,

3890 384 4003 440 832

2395 489 2485 542 alii
2512 504 2673 545 omne
2695 505 2863 561 genus
2890 495 3134 565 supplicii
3163 497 3431 565 subirent,
3476 498 3770 572 ignominia
3796 504 4005 567 allecti,

2393 581 2561 649 pulsi,
2603 585 2759 652 quasi
2803 599 3119 642 communes
3160 588 3344 644 hostes
3387 592 3620 664 undique
3650 594 3849 665 ejecti;
3898 598 3997 651 alii

2394 689 2627 729 numero.
2669 676 2849 745 plures
2895 691 3279 748 accesserunt,
3322 700 3421 740 nec
3460 688 3623 743 modo
3664 704 3729 743 ex
3760 690 4001 745 aliorum

2392 766 2718 821 cruciatibus
2747 768 2914 822 nihilo
2938 772 3215 840 Segniores
3245 786 3537 830 evaserunt
3562 778 3629 833 ad
3680 781 3841 839 ﬁdem
3884 796 3997 835 am-

2398 858 2758 927 plectendam,
2790 862 2881 915 sed
2907 864 3077 917 multo
3106 866 3395 922 alacriores
3427 868 3660 933 fuerunt,
3685 882 3746 927 et
3774 874 3829 927 in
3875 873 3999 944 pul-

2390 948 2575 1002 chram
2607 948 2745 1005 hanc
2768 960 3045 1022 capturam
3090 954 3427 1021 insilierunt';
3475 960 3658 1030 sicque
3696 976 3726 1014 a
3764 964 4003 1033 piscato-

2392 1040 2539 1094 ribus
2588 1042 2956 1109 capiebantur,
2987 1061 3094 1100 non
3123 1048 3295 1101 coacti
3323 1049 3423 1104 sed
3444 1062 3786 1108 accurrent'es
3807 1096 3824 1121 ,
3876 1070 3989 1125 ςηρ

2393 1132 2626 1203 tiamque
2648 1133 2903 1191 habentes
2930 1137 3015 1203 iis,
3039 1139 3128 1208 qui
3154 1152 3213 1193 se
3243 1139 3295 1194 in
3326 1140 3461 1196 hanc
3490 1158 3603 1197 rem
3622 1143 3985 1219 deducerent,

2390 1239 2453 1279 ac
2465 1240 2586 1279 eum
2609 1228 2926 1297 sanguinum
2947 1238 3214 1287 torrentes
3236 1249 3302 1287 ex
3318 1233 3428 1303 jam
3447 1236 3790 1294 credentibus
3806 1255 3993 1294 erum-

2391 1326 2581 1386 pentes
2625 1330 2951 1387 cernerent,
2995 1323 3353 1380 ferveatiores
3392 1326 3803 1401 ﬁdentioresque
3850 1331 3997 1391 circa

2392 1408 2551 1463 ﬁdem
2582 1419 2753 1465 erant.
2781 1412 3024 1485 Cumque
3042 1430 3148 1469 non
3174 1425 3377 1471 tantum
3405 1419 3677 1490 discipuli,
3707 1422 3801 1478 sed
3829 1424 4001 1481 etiam

2390 1502 2651 1571 magistri,
2683 1502 2771 1557 alii
2801 1503 2984 1570 vincti,
3012 1506 3099 1561 alii
3135 1508 3268 1585 pulsi
3291 1551 3306 1573 ,
3346 1511 3435 1564 alii
3476 1512 3740 1567 verberati
3770 1524 3996 1579 essent,

2389 1593 2479 1646 alii
2508 1592 2724 1647 demum
2748 1594 3026 1652 innumera
3060 1608 3379 1669 paterentur
3402 1603 3538 1656 mala
3564 1646 3579 1671 ,
3608 1604 3861 1676 discipuli
3910 1618 4001 1661 ta-

2392 1700 2515 1739 men
2542 1696 2596 1741 et
2626 1686 2805 1757 plures
2842 1698 2897 1743 et
2940 1689 3297 1747 ferventiores
3338 1684 3556 1750 ﬁebant.
3598 1696 3757 1752 Certe
3795 1698 4003 1754 Paulus

2391 1777 2617 1832 clamat:
2653 1778 2738 1834 Ita
2764 1791 2817 1833 ut
2840 1781 3015 1852 plures
3045 1787 3268 1854 fratrum
3289 1784 3590 1841 in‘Domino
3613 1828 3628 1854 ,
3681 1790 4005 1857 conﬁdentes

2392 1870 2605 1925 vinculis
2630 1872 2775 1937 meis,
2807 1872 3149 1930 abundantius
3166 1876 3416 1933 auderent
3444 1878 3554 1934 sine
3580 1880 3757 1935 timore
3784 1882 4003 1935 verbum

2393 1961 2529 2032 loqui
2560 1961 2817 2033 (Philipp.
2844 1965 2896 2019 1.
2931 1966 3067 2034 14);
3117 1975 3173 2022 et
3222 1967 3351 2022 alibi
3402 1983 3656 2024 rursum:
3695 1969 3807 2026 Vos
3854 1972 4003 2027 enim

2392 2052 2671 2107 imitatores
2690 2055 2813 2125 facti
2834 2056 2955 2110 estis
2986 2054 3336 2112 Ecclesian
3364 2056 3481 2126 Dei,
3510 2076 3622 2129 qua:
3661 2070 3777 2115 sunt
3805 2062 3860 2115 in
3888 2062 4003 2121 Ju—

2394 2145 2529 2210 daza,
2556 2146 2677 2217 quia
2726 2146 2902 2201 eadem
2941 2149 3081 2218 passi
3110 2151 3231 2204 estis
3260 2160 3310 2204 et
3334 2167 3422 2205 vos
3454 2169 3486 2204 a
3513 2154 3884 2208 contribulibus
3916 2171 4006 2209 u-

2391 2237 2529 2301 stris,
2554 2239 2980 2308 quemadmodum
3005 2250 3049 2294 et
3069 2241 3169 2310 ipsi
3184 2259 3215 2295 a
3230 2241 3449 2311 luditis,
3475 2243 3560 2314 qui
3579 2243 3856 2300 Dominum
3877 2264 4007 2303 cru-

2394 2329 2685 2397 ciﬁxerunt,
2716 2339 2762 2383 et
2786 2347 2877 2384 nos
2903 2331 3187 2401 impediunt
3215 2334 3355 2399 loqui
3378 2334 3609 2403 gentibus
3635 2377 3649 2402 ,
3698 2344 3751 2389 ut
3778 2337 3996 2393 salven-

2396 2429 2480 2470 tur
2511 2418 2584 2488 (1.
2610 2418 2791 2473 Thess.
2814 2420 2869 2473 2.
2903 2422 2990 2476 ll.
3010 2422 3154 2494 ΑΒ).
3192 2420 3328 2476 Aliis
3355 2438 3573 2479 rursum
3617 2425 3859 2482 scribens
3920 2429 4007 2484 sic

2396 2508 2670 2579 loquitur:
2702 2509 3132 2566 Rememoramini
3158 2514 3398 2582 pristinos
3430 2515 3567 2582 dies,
3600 2516 3654 2569 in
3670 2518 3846 2586 quibus
3873 2519 4005 2573 illu-

2395 2600 2574 2653 minati
2595 2600 2810 2654 multum
2837 2611 3089 2656 certamen
3110 2604 3423 2659 sustinuistis
3450 2606 3763 2674 passionum,
3782 2606 4005 2665 scientes

2396 2691 2532 2744 vobis
2549 2691 2807 2744 meliorem
2827 2692 3161 2746 substantiam
3177 2694 3229 2747 in
3250 2695 3407 2759 aclis,
3423 2704 3469 2748 et
3488 2705 3776 2750 manentem
3805 2696 4004 2769 (Hebr.

2372 2781 2483 2835 10.
2512 2780 2602 2838 32.
2625 2783 2739 2853 54).
2774 2783 2963 2838 Viden’
2995 2786 3358 2854 priestantiam
3388 2788 3599 2841 virtutis
3640 2788 3755 2857 ejus
3800 2788 3893 2858 qui
3924 2798 4008 2844 ta-

2397 2874 2464 2927 lia
2496 2882 2750 2943 operatus
2776 2876 2893 2931 est?
2926 2877 3058 2934 Nam
3086 2880 3173 2948 qui
3202 2888 3345 2933 tanta
3382 2880 3741 2948 patiebantur,
3772 2896 3879 2935 non
3911 2896 4009 2937 so-

2399 2965 2507 3020 lum
2540 2983 2646 3021 non
2672 2983 2816 3038 aegre
2840 2968 3085 3024 ferebant
3108 2972 3193 3025 vel
3220 2970 3562 3037 deﬁciebant,
3592 2973 3686 3028 sed
3709 2981 3765 3027 et
3790 2972 4008 3043 gaude-

2397 3057 2545 3125 bant,
2578 3059 2897 3127 gestiebant,
2924 3061 3282 3116 exsultabant.
3305 3062 3373 3116 Et
3392 3062 3459 3117 de
3482 3063 3762 3134 discipulis
3780 3065 4007 3134 quidem

2396 3149 2527 3204 dicit
2562 3150 2673 3217 ille,
2705 3152 2847 3221 quod
2875 3153 3183 3207 facultatum
3218 3154 3635 3225 publicationem
3682 3172 3808 3212 cum
3838 3159 4008 3213 volu-

2397 3248 2545 3311 ptate
2578 3243 3015 3312 acceperintzde
3048 3245 3315 3315 magistris
3359 3264 3487 3303 vero
3536 3248 3709 3303 Lucas
3760 3250 3814 3303 in
3861 3250 4013 3307 libro

2397 3336 2638 3392 Actuum,
2657 3332 3021 3403 aposmlorum
3040 3337 3113 3390 ait
3139 3337 3274 3407 (Act.
3295 3339 3346 3394 5.
3368 3337 3480 3410 41),
3501 3354 3596 3394 eos
3613 3355 3861 3395 reversos
3880 3355 4011 3397 esse

2396 3425 2693 3495 gaudentes
2716 3441 2747 3481 a
2775 3438 3067 3498 conspectu
3094 3430 3347 3496 concilii,
3377 3431 3631 3499 quoniam
3653 3431 3797 3502 digni
3831 3433 4009 3488 habiti

2399 3518 2607 3573 fuerant
2637 3534 2734 3589 pro
2760 3520 2976 3575 nomine
3000 3520 3200 3576 Christi
3230 3523 3608 3577 contumeliam
3644 3525 3775 3592 pati.
3805 3524 3883 3579 De
3910 3540 4009 3581 se-

2399 3608 2516 3677 ipse
2540 3624 2755 3664 rursum
2779 3611 2977 3666 Paulus
3002 3630 3015 3667 :
3046 3611 3279 3679 Gaudeo,
3308 3614 3399 3678 ait,
3430 3614 3483 3667 in
3511 3614 3835 3685 passionibus
3850 3618 4007 3682 meis,

2398 3710 2443 3753 et
2465 3701 2724 3769 adimpleo
2752 3717 2867 3771 quae
2892 3702 3072 3773 desunt
3098 3703 3509 3758 tribulationibus
3536 3704 3727 3759 Christi
3766 3707 3821 3759 in
3847 3724 4011 3761 carne

2398 3808 2509 3845 mea
2538 3792 2732 3861 (Catos.
2764 3792 2815 3847 1.
2850 3790 2916 3846 Si
2952 3794 2989 3860 ).
3023 3793 3225 3862 Ecquid
3256 3794 3490 3860 miraris,
3521 3796 3663 3865 quod
3700 3796 3753 3851 in
3793 3798 4011 3866 passio-

2398 3884 2865 3954 nihusgauderet.
2898 3878 3113 3954 quando
3140 3895 3369 3942 mortem
3399 3887 3678 3944 subiturus
3706 3904 3815 3943 non
3839 3891 4008 3945 modo

2397 3976 2697 4045 gaudebat,
2746 3976 2841 4031 sed
2868 3977 3029 4032 etiam
3057 3976 3349 4048 discipulos
3375 3980 3425 4033 in
3456 3980 3634 4050 gaudii
3668 3983 4005 4036 consortium

2398 4070 2643 4135 vocabat,
2694 4070 2835 4139 quod
2882 4080 3000 4126 erat
3048 4072 3209 4126 animi
3262 4086 3424 4142 supra
3472 4073 3692 4128 modum
3726 4064 4002 4131 lattantis:

2401 4160 2631 4229 Gaudeo,
2666 4162 2856 4231 inquit,
2891 4173 2938 4216 et
2981 4164 3311 4233 congratulor
3340 4165 3573 4219 omnibus
3611 4165 3750 4219 vobis
3776 4183 3795 4219 :
3826 4166 4007 4221 itidem

2400 4265 2445 4308 et
2464 4273 2548 4309 vos
2565 4256 2799 4326 gaudete,
2818 4266 2867 4311 et
2884 4257 3309 4326 congratulamini
3347 4258 3472 4312 mihi
3490 4257 3659 4328 (Phil.
3682 4259 3738 4313 2.
3766 4261 3855 4314 17.
3888 4261 4004 4328 18).

2403 4346 2467 4401 Et
2498 4346 2625 4416 quid
2658 4346 2855 4401 factum
2882 4355 2985 4415 est,
3017 4347 3104 4402 die
3133 4348 3287 4414 mihi,
3314 4348 3458 4418 quod
3489 4359 3640 4404 tanto
3668 4351 3867 4419 gaudio
3908 4368 4002 4407 re-

2405 4439 2579 4508 pletus
2609 4454 2669 4494 es
2697 4438 2719 4492 ’ἔ
2746 4436 2875 4510 Ego,
2906 4439 3099 4509 inquit,
3119 4442 3234 4510 jam
3260 4440 3475 4508 delibor,
3499 4451 3549 4497 et
3578 4451 3777 4511 tempus
3798 4443 4004 4498 resolu-

2400 4532 2551 4585 tionis
2582 4547 2707 4585 mea:
2732 4531 2887 4585 instat
2923 4531 3001 4602 (2.
3038 4531 3170 4585 Tim.
3198 4533 3252 4587 4.
3283 4531 3364 4602 6).

2473 4623 2558 4677 14.
2594 4621 2683 4691 Sic
2705 4622 2867 4692 igitur
2891 4639 2987 4693 per
3010 4624 3314 4677 universum
3339 4614 3525 4679 orbein
3550 4624 3844 4680 Ecclesiam
3870 4627 4010 4683 mdi-

2402 4713 2650 4768 ﬁcabant.
2679 4715 2837 4784 Atqui
2870 4729 2937 4769 ne
2974 4715 3229 4783 parietem
3259 4714 3476 4784 quidem
3517 4730 3682 4769 unum
3718 4717 4007 4787 quisquam

2374 4824 2377 4827 ·
2400 4807 2572 4877 possit
2598 4816 2879 4862 exstruere
2908 4798 3171 4875 lapidibus
3191 4814 3247 4860 et
3268 4807 3413 4861 calce
3436 4815 3613 4873 utens,
3638 4808 3684 4861 si
3705 4808 4011 4877 expellatur

2401 4911 2454 4954 et
2480 4899 2801 4969 impediatur
2830 4915 2843 4951 :
2874 4896 2927 4951 hi
2956 4913 3085 4953 vero
3113 4907 3189 4951 tot
3215 4898 3485 4953 Eeclesias
3514 4897 3710 4967 ubique
3738 4906 4008 4955 terrarum

2400 4993 2761 5056 aediﬁcarunt,
2788 4991 3044 5061 percussi,
3080 4989 3263 5055 vincti,
3295 4990 3469 5059 pulsi,
3500 4988 3661 5060 fugati
3683 5033 3699 5058 ,
3731 4989 4007 5046 facultati-

2401 5085 2503 5139 bus
2530 5084 2786 5149 muletati,
2814 5080 3064 5151 ﬂagellati
3088 5124 3102 5147 ,
3131 5082 3355 5152 iugulati
3380 5122 3395 5147 ,
3429 5082 3697 5138 combusti
3722 5125 3737 5151 ,
3768 5083 4006 5141 demersi

2401 5188 2504 5225 una
2528 5185 2647 5225 cum
2671 5168 2966 5238 discipulis.
2993 5167 3059 5221 Et
3084 5166 3443 5233 aediﬁcabant,
3466 5183 3572 5223 non
3600 5168 3884 5238 lapidibus,
3908 5172 4011 5226 sed

2400 5262 2678 5318 animabus
2699 5268 2752 5316 et
2779 5261 3057 5325 institutis,
3081 5260 3220 5329 quod
3244 5261 3403 5330 plane
3426 5260 3697 5316 difﬁcilius
3716 5270 3821 5329 est,
3838 5278 4008 5332 quam

2402 5355 2665 5424 lapidibus
2691 5363 3025 5409 construere.
3056 5352 3170 5408 Non
3199 5352 3343 5407 enim
3373 5368 3469 5423 par
3504 5362 3587 5408 est
3616 5369 3825 5411 murum
3864 5369 4006 5410 con-

2402 5459 2642 5509 struere,
2673 5455 2726 5500 et
2754 5445 2988 5499 animam
3022 5454 3170 5499 tanto
3201 5454 3440 5512 tempore
3467 5458 3497 5496 a
3522 5442 3857 5499 daemonibus
3882 5446 4007 5515 agi-

2404 5549 2565 5609 tatam
2592 5537 2657 5591 ad
2686 5535 3106 5606 resipisceudum
3139 5534 3483 5605 persuadere,
3506 5543 3565 5587 ut
3588 5533 3657 5588 ab
3681 5534 3884 5589 insania
3915 5536 4014 5592 illa

2403 5610 2653 5695 desistat,
2685 5639 2738 5686 et
2764 5629 2830 5683 ad
2858 5638 3057 5683 tantam
3086 5629 3359 5698 perveniat
3386 5628 3814 5698 temperantiam.
3845 5629 4007 5683 Atta-

2403 5743 2524 5781 men
2554 5727 2655 5781 hoc
2677 5731 2965 5795 potuerunt
2985 5722 3109 5777 nudi
3132 5729 3188 5777 et
3207 5720 3399 5775 calceis
3418 5730 3686 5786 carentes,
3706 5736 3806 5775 una
3832 5719 4008 5775 induti

2404 5822 2579 5877 tunica
2610 5836 2701 5892 per
2728 5819 3037 5875 universum
3063 5814 3245 5874 orbem
3270 5814 3707 5870 circumeuntes:
3736 5812 4012 5879 habebant
