4150 6352
139 368 245 426 851

143 496 332 552 ταῦτα
353 497 642 573 ἔπραττον,
699 500 1086 573 ἀλλὰ’μυρίων
1118 503 1461 574 πανταχόθεν
1496 503 1752 575 πολέμων

141 585 340 647 αὐτοῖς
385 582 775 654 ἐγειρομένων.
833 584 992 637 Κατὰ
1038 584 1149 656 γάρ
1181 584 1333 649 ἔθνος
1379 585 1755 650 ἐκαστον,καλ¹

140 666 295 720 κατὰ
344 665 534 718 πόλιν·
571 663 624 719 τί
669 667 813 735 λέγω
857 665 1003 721 κατὰ
1051 667 1204 730 ἔθνος
1238 669 1332 721 καὶ
1385 668 1530 722 κατὰ
1560 668 1753 734 πόλιν;

141 750 298 804 κατά
349 750 529 804 οἰκίαν
562 751 803 821 ἑκάστην
850 751 1090 822 πόλεμος
1127 753 1312 814 αὐτοῖς
1342 752 1754 825 ἀνερριπίζετο.

146 835 417 887 Εἰσιοῦσα
445 826 556 910 γὰρ
594 838 628 906 ή
653 835 996 900 διδασκαλία,
1035 836 1134 891 καί⁸
1179 834 1557 908 ἀποσχίζουσα
1590 838 1759 891 παῖδα

143 918 424 981 πολλάκις
450 919 681 990 πατρὸς,
724 919 820 971 καὶ
869 917 1093 990 νύμφην
1145 919 1438 992 πενθερᾶς,
1476 922 1571 974 καὶ
1604 920 1761 973 ἀδελ-

146 1001 259 1070 φὸν
292 1001 550 1071 ἀδελφοῦ,
583 1003 676 1056 καλ⁸
725 1001 916 1055 δοῦλον
967 1002 1259 1066 δεσπότου,
1314 1004 1410 1056 καὶ
1453 1004 1761 1074 ἀρχόμενον

145 1085 443 1155 ἄρχοντος,
477 1085 572 1140 καὶ
620 1084 795 1156 ἄνδρα
833 1085 1118 1154 γυναικὸς,
1155 1086 1251 1140 καὶ
1278 1089 1516 1154 γυναῖκα
1545 1084 1760 1157 ἀνδρὸς,

147 1167 256 1220 καὶ
288 1169 504 1240 πατέρα
529 1168 760 1232 παίδων,
777 1169 839 1222 ού
868 1169 978 1240 γὰρ
1001 1168 1199 1241 ἀθρόον
1223 1169 1427 1233 πάντες
1457 1169 1761 1233 ἐπείθοντο,

145 1251 540 1326 καθημερινὰς
580 1253 900 1323 ἀπεχθείας,
929 1257 1176 1324 συνεχεῖς
1209 1253 1503 1325 πολέμους,
1536 1253 1766 1326 μυρίους

147 1337 347 1398 αὐτοῖς
374 1337 550 1406 ἐπῆγε
602 1337 893 1402 θανάτους,
923 1339 1020 1391 καὶ
1053 1338 1129 1401 ὡς
1163 1339 1380 1402 κοινοὺς
1409 1339 1642 1410 ἐχθροὺς
1671 1339 1766 1391 καὶ

150 1421 461 1491 πολεμίους
516 1422 966 1494 ἀποστρέφεσθαι
1017 1423 1426 1494 παρεσκεύασε.
1479 1424 1593 1477 Καὶ
1652 1424 1766 1496 γὰρ

131 1502 367 1566 Δπάντες
395 1505 596 1566 αὐτοὺς
625 1504 880 1576 ήλαυνον,
910 1504 1174 1576 βασιλεῖς,
1212 1505 1496 1578 ἄρχοντες,
1531 1506 1763 1574 ἰδιῶται,

150 1588 468 1660 ἐλεύθεροι,
526 1589 725 1655 δοῦλοι,
777 1591 960 1661 δῆμοι,
1009 1589 1229 1654 πόλεις’
1263 1592 1359 1644 καὶ
1413 1591 1515 1644 οὐκ
1569 1590 1770 1653 αὐτοὺς

155 1672 350 1743 μόνον,
387 1672 524 1726 ἀλλὰ
557 1673 619 1726 τὸ
647 1672 712 1744 δή
744 1673 1153 1745 χαλεπώτερον,
1198 1676 1328 1737 τοὺς
1362 1674 1444 1727 ἔτι
1476 1677 1771 1742 νεοπαγεῖς

153 1759 221 1809 ἐν
245 1759 314 1828 τῇ
352 1757 556 1821 πίστει,
596 1760 725 1821 τοὺς
756 1757 849 1811 ὑπ’
872 1757 1053 1813 αὑτῶν
1084 1759 1549 1830 κατηχουμένους.
1576 1757 1771 1821 Κοινὺς

154 1838 274 1910 γάρ
315 1839 553 1911 πόλεμος
582 1841 678 1894 καὶ
702 1843 818 1904 τοῖς
851 1840 1125 1913 μαθηταῖς
1152 1832 1398 1906 καὶτοῖς
1424 1842 1767 1906 διδασκάλοις

157 1923 408 1992 ἐγένετο,
438 1924 536 1978 ατε
576 1925 680 1995 τῆς
715 1924 1066 1989 διδασκαλίας
1099 1926 1435 1991 ἀπεναντίας
1465 1928 1561 1981 καί⁷
1585 1926 1772 1980 διατά-

159 2023 346 2076 γμασι
397 2005 704 2077 βασιλικοῖς
749 2009 846 2061 καὶ
886 2009 1150 2080 συνηθείᾳ
1183 2012 1278 2063 καὶ
1314 2010 1463 2063 ἔθεσι
1494 2008 1774 2082 πατρῴοις

163 2091 529 2163 φαινομένης.
569 2094 860 2166 Παρῄνουν
886 2093 997 2166 γὰρ
1031 2094 1269 2150 εἰδώλων
1319 2096 1647 2168 ἀπέχεσθαι,
1681 2112 1777 2150 κα-

163 2178 461 2247 ταφρονεῖν
499 2175 721 2248 βωμῶν,
754 2176 848 2242 οὓς
877 2180 925 2232 οί
947 2178 1200 2250 ⁴πατέρες
1223 2180 1405 2235 αὐτῶν
1430 2180 1525 2233 καὶ
1553 2180 1604 2233 οἰ
1634 2178 1775 2250 πρό-

165 2274 323 2329 γονοι
362 2259 564 2325 πάντες
611 2261 1016 2334 ἐθεράπευσαν,
1058 2264 1399 2333 ἀφίστασθαι
1437 2265 1550 2318 τῶν
1603 2281 1778 2335 μυσα-

173 2343 287 2415 ρῶν
314 2342 622 2416 δογμάτων,
656 2346 968 2419 καταγελᾷν
998 2349 1223 2419 ἐορτῶν,
1244 2347 1531 2404 διαπτύειν
1559 2349 1659 2411 τὰς
1687 2365 1780 2401 τε-

166 2425 366 2491 λετάς·
400 2428 436 2482 ἂ
466 2430 894 2500 φρικωδέστατα,
919 2431 1096 2485 ἐδόκει
1128 2427 1269 2486 εἶναι
1298 2433 1530 2496 ἐκείνοις
1558 2432 1654 2485 καὶ
1686 2448 1780 2501 φο-

171 2509 491 2582 ϐερώτατα,
518 2513 614 2566 καὶ
650 2513 792 2585 ὑπὲρ
813 2506 888 2568 ὧν
908 2513 976 2568 ἀν
1001 2515 1098 2570 καὶ
1123 2516 1224 2588 τὴν
1239 2515 1420 2588 ψυχὴν
1440 2515 1778 2587 προήκαντο,

171 2591 209 2663 ἢ
231 2595 505 2666 αἱρεῖσθαι
535 2597 604 2650 τὰ
632 2599 762 2668 παρ’
788 2597 972 2650 αὑτῶν
1003 2597 1297 2669 λεγόμενα,
1353 2599 1451 2652 καὶ
1501 2597 1781 2652 πιστεύειν

173 2680 262 2742 είς
283 2680 377 2736 τὸν
405 2679 514 2734 ἀπὸ
539 2681 760 2751 Μαρίας
785 2682 1073 2752 τεχθέντα,
1105 2684 1198 2755 τὸν
1251 2679 1310 2737 ἐν
1343 2683 1665 2755 ἡγεμονικῷ
1701 2681 1784 2734 δι-

175 2765 469 2838 καστηρίῳ
496 2766 876 2835 παραστάντα,
909 2767 1004 2821 τὸν
1034 2768 1436 2839 ἐμπτυσθέντα,
1462 2769 1556 2821 τὸν
1612 2768 1784 2839 μυρία

177 2850 429 2904 παθόντα
460 2850 629 2917 δεινὰ,
658 2851 750 2904 τὸν
781 2852 1014 2923 θάνατον
1065 2853 1341 2924 ἐπάρατον
1389 2853 1782 2924 ὑπομείναντα,

177 2935 276 2988 τὸν
309 2934 573 3003 ταφέντα,
608 2934 700 2988 τὸν
732 2935 1067 2994 ἀναστάντα.
1115 2939 1225 2992 Καὶ
1254 2937 1316 2990 τὸ
1348 2937 1677 3010 παράδοξον,
1706 2938 1788 2990 ὅτι

179 3016 256 3072 τά
289 3017 390 3087 μὲν
428 3017 538 3072 τῶν
577 3017 770 3072 παθῶν
817 3018 952 3090 δῆλα
983 3023 1149 3075 πᾶσιν
1178 3016 1268 3092 ἦν,
1311 3023 1368 3075 αἰ
1411 3007 1700 3093 μάστιγες,
1732 3023 1790 3075 αἱ

182 3101 283 3157 ἐπὶ
313 3103 519 3175 κόρρης
560 3101 791 3174 πληγαὶ,
830 3105 887 3157 αἰ
919 3106 1000 3169 εἰς
1021 3106 1315 3177 πρόσωπον
1349 3106 1537 3178 ὕϐρεις
1566 3106 1654 3161 διά
1681 3106 1791 3160 τῶν
1829 3177 1832 3181 ἴ

185 3186 606 3258 ἐμπτυσμάτων
650 3187 960 3259 γινόμεναι,
996 3188 1066 3243 τὰ
1096 3190 1440 3262 ῥαπίσματα,
1477 3193 1505 3244 ό
1533 3190 1789 3262 σταυρὸς,

185 3274 224 3344 ὴ
254 3270 424 3343 πολλὴ
464 3270 753 3342 χλευασία,
789 3274 822 3344 ἡ
853 3272 1007 3345 παρὰ
1055 3272 1278 3327 πάντων
1323 3274 1608 3345 κωμῳδία,
1644 3278 1672 3329 ό
1704 3275 1792 3330 τά·

189 3372 294 3425 φος
313 3355 342 3407 ὁ
372 3357 429 3408 ὲν
459 3355 616 3427 μέρει
645 3355 870 3427 χάριτος
894 3357 1187 3428 γενόμενος
1205 3373 1217 3386 '
1243 3357 1309 3410 τὰ
1338 3357 1395 3410 δὲ
1422 3358 1525 3427 τῆς
1552 3359 1794 3414 ἀναστάς

190 3454 337 3501 σεως
378 3437 602 3491 οὐκέτν
661 3440 849 3503 αὐτοῖς
891 3439 1002 3512 γὰρ
1061 3439 1247 3511 μόνοις
1302 3440 1545 3504 ἀναστὰς
1580 3441 1793 3512 ἐφάνη·

192 3519 314 3578 ἀλλ’
348 3522 496 3592 ὅμως
518 3521 612 3575 καὶ
640 3516 817 3577 ταῦτα
844 3521 1099 3591 λέγοντες
1129 3522 1369 3590 ἔπειθον,
1402 3524 1495 3577 καὶ
1528 3524 1673 3578 οὕτω
1700 3524 1798 3595 τὴν

207 3604 538 3681 Ἐκκλησίαν
569 3605 903 3679 ᾠκοδόμουν.
938 3607 1062 3672 Πῶς
1085 3608 1181 3662 καὶ⁹
1211 3606 1320 3662 τίνι
1346 3610 1567 3681 τρόπῳ;
1605 3609 1685 3681 Τῇ
1717 3610 1804 3663 δυ-

193 3691 364 3761 νάμει
385 3689 478 3743 τοῦ
503 3691 674 3745 ταῦτα
703 3691 1087 3755 κελεύσαντος’
1113 3693 1274 3756 αὑτὸς
1301 3694 1410 3764 γὰρ
1434 3694 1803 3765 προοδοποιῶν

194 3769 302 3845 ἦν,
328 3776 491 3839 αὐτὸς
540 3776 730 3852 πάντα.
773 3777 871 3830 καὶ
914 3776 982 3829 τά
1019 3776 1259 3829 δύσκολα
1309 3778 1470 3848 ῥᾴδια
1517 3778 1710 3832 ποιῶν.
1741 3779 1803 3831 Et

199 3860 311 3931 γὰρ
353 3858 429 3931 μὴ
460 3860 581 3914 θεία
623 3877 711 3926 τις
761 3858 994 3932 δύναμις
1039 3855 1108 3931 ἦν
1137 3863 1170 3934 ή
1199 3861 1375 3916 ταῦτα
1428 3861 1802 3935 κατορθοῦσα,

199 3942 315 3996 οὐδ’
353 3941 419 3996 ἂν
453 3944 761 4015 προοίμιον,
798 3945 906 3998 οὐδ’
943 3945 1012 3999 ἂν
1046 3946 1224 4018 ἀρχὴν
1255 3946 1430 4001 ταῦτα
1458 3946 1652 4001 ἐλαϐεο
1688 3947 1808 4008 πῶς

200 4028 350 4099 γάρ;
400 4027 539 4081 Ἀλλ’
576 4031 782 4094 ἐκεῖνος
814 4031 844 4083 ό
871 4029 1067 4094 εἰπὼν,
1099 4031 1391 4103 Γενηθήτω
1427 4032 1678 4104 οὑρανὸς,
1714 4034 1810 4086 καὶ

202 4113 389 4179 δείξας
421 4114 481 4166 τὸ
512 4113 672 4187 ἔργον
691 4131 706 4146 ⁸
739 4114 855 4179 καὶ,
890 4115 1294 4188 θεμελιωθήτω
1320 4117 1353 4188 ἡ
1380 4117 1473 4186 γῆ,
1507 4117 1602 4169 καὶ
1629 4134 1811 4190 παρα-

205 4198 398 4268 γαγὼν
419 4199 518 4271 τὴν
537 4199 744 4254 οὐσίαν·
771 4200 885 4266 καὶ,
914 4200 1194 4268 Λαμπέτω
1222 4200 1392 4271 ἥλιος,
1418 4200 1512 4254 καὶ
1542 4199 1723 4265 δείξας
1752 4201 1812 4254 τὸ

206 4282 433 4355 ἄστρον,
472 4286 568 4337 καὶ
620 4283 800 4338 πάντα
862 4286 1240 4356 ἐργασάμενος
1269 4285 1422 4358 [577]
1462 4286 1628 4358 λόγῳ,
1657 4280 1814 4349 οὗτος

207 4366 432 4431 καὶτὰς
479 4367 804 4440 Ἐκκλησίας
834 4367 1040 4431 ταύτας
1086 4367 1382 4437 ἐφύτευσε·
1427 4370 1523 4425 καὶ
1567 4371 1630 4423 τὸ
1659 4371 1814 4442 ῥῆμα

208 4453 416 4518 ἐκεῖνο,
443 4451 526 4519 τὸ,
553 4451 944 4523 Οὶκοδομήσω
971 4471 1093 4523 μου
1120 4453 1238 4522 τὴν
1279 4454 1672 4524 Ἐκκλησίαν,
1699 4453 1816 4506 τοῦ·

207 4554 276 4590 το
300 4536 477 4591 πάντα
500 4538 816 4610 εἰργάσατο.
845 4537 1091 4591 Τοιοῦτοι
1126 4537 1236 4610 γάρ
1261 4539 1312 4590 οί
1349 4539 1444 4592 τοῦ
1474 4537 1610 4592 Θεοῦ
1642 4539 1813 4608 λόγοι,

212 4621 396 4693 ἔργων
430 4621 776 4692 δημιουργοὶ,
827 4621 1390 4692 ἔργωνθαυμαστῶν
1441 4622 1538 4676 καὶ
1574 4622 1818 4694 παραδό-

213 4706 346 4772 ξων.
373 4706 581 4777 Ὥσπερ
609 4705 718 4777 γάρ
752 4702 895 4769 εἰπε,
924 4706 1341 4775 Βλαστησιίτω
1364 4706 1403 4773 ἡ
1440 4704 1516 4778 γῆ
1546 4707 1820 4775 βοτάνην

213 4788 462 4860 χόρτου,
482 4788 576 4843 καὶ
595 4789 773 4844 πάντα
805 4789 1001 4861 ἀθρόον
1033 4791 1361 4863 παράδεισος
1386 4787 1479 4864 ἦν,
1515 4792 1612 4846 καὶ
1640 4792 1820 4845 πάντα

213 4873 508 4944 λειμῶνες,
558 4875 654 4928 καὶ
695 4874 910 4946 μυρίοις
943 4875 1121 4946 ἐκόμα
1155 4877 1343 4944 φυτοῖς
1375 4877 1408 4948 ή
1435 4875 1710 4948 δεξαμένη
1759 4877 1822 4930 τὸ

215 4959 506 5029 ἐπίταγμα
533 4961 637 5030 γῆ·
689 4960 835 5014 οὕτω
884 4960 980 5014 καὶ
1025 4959 1122 5013 νῦν
1171 4955 1364 5016 εἶπενο
1428 4960 1821 5031 Οίκοδομήσω

216 5059 339 5112 μου
382 5041 499 5109 τὴν
563 5043 952 5111 Ἐκκλησίαν,
989 5043 1085 5096 καὶ
1145 5043 1284 5114 μετά
1331 5043 1534 5115 πολλῆς
1565 5044 1822 5108 εὐκολίας

216 5124 386 5179 τοῦτο
414 5123 654 5194 ἐγίνετο·
691 5127 787 5180 καὶ
837 5127 1120 5198 τυράννων
1157 5126 1278 5180 κατ’
1324 5127 1498 5200 αὑτῆς
1535 5127 1824 5199 ὁπλιζομέ-

220 5228 356 5276 νων,
411 5204 508 5269 and).
563 5210 914 5282 στρατιωτῶν
972 5211 1113 5266 ὅπλα
1142 5211 1461 5278 κινούντων,
1503 5214 1600 5267 καὶ
1632 5214 1824 5286 δήμων

223 5296 402 5370 πυρὸς
433 5294 790 5370 σφοδρότερον
818 5296 1185 5368 μαινομένων,
1223 5296 1320 5350 καὶ
1354 5297 1646 5369 συνηθείας
1676 5298 1827 5350 ἀντι-

224 5369 743 5452 παραταττομένης,
798 5380 895 5434 καὶ
931 5380 1199 5452 ρητόρων,
1243 5381 1339 5434 καὶ
1387 5382 1684 5450 σοφιστῶν,
1731 5383 1825 5436 καὶ

224 5462 631 5528 πλουτούντων,
654 5464 750 5518 καὶ
789 5463 1041 5530 ἰδιωτῶν,
1091 5464 1188 5517 καὶ
1217 5464 1496 5535 ἀρχόντων
1526 5467 1827 5536 ἀνισταμέ-

225 5565 358 5612 νων,
391 5547 563 5616 πυρὸς
609 5545 968 5619 σφοδρότερον
1019 5545 1188 5600 ἐπιὼν
1209 5549 1237 5600 ὸ
1263 5547 1420 5616 λόγος
1450 5548 1551 5611 τὰς
1585 5549 1829 5611 ἀκάνθας

231 5629 506 5702 ἀνήλωσε,
566 5629 668 5693 τὰς
710 5629 953 5701 ἀρούρας
1025 5628 1395 5701 ἐξεκάθηρεν,
1451 5631 1674 5704 ἔσπειρε
1732 5632 1828 5686 τοῦ

231 5713 598 5786 κηρύγματος
665 5714 760 5769 τὸν
831 5714 1019 5784 λόγον·
1079 5715 1176 5769 καὶ
1245 5715 1356 5769 τῶν
1417 5716 1831 5773 πιστευσάντων

232 5799 346 5854 τῶν
399 5799 496 5869 μὲν
539 5797 916 5872 δεσμωτήριον
960 5798 1275 5863 οἰκούντων,
1337 5799 1448 5852 τῶν
1504 5800 1561 5852 δὲ
1620 5802 1699 5865 είς
1733 5801 1832 5874 τὴν

233 5883 534 5958 ὑπερορίαν
584 5883 1018 5957 μεθισταμένων,
1042 5878 1155 5939 τῶν
1183 5884 1240 5937 δὲ
1282 5885 1350 5938 τὰ
1384 5885 1644 5956 χρήματα
1668 5887 1834 5956 ἀφαι-

726 377 1007 436 CONTRA
1045 378 1342 437 JUDAEOS
1377 380 1462 436 ET
1503 379 1872 447 GENTILES,
1913 379 2107 448 QUOD
2149 378 2498 439 CHRISTUS
2534 381 2642 438 SIT
2686 380 2890 437 DEUS.

3357 381 3466 437 85?.

1858 505 2064 572 μένων,
2092 503 2202 556 τῶν
2231 503 2289 558 δέ
2319 503 2456 574 πυρὶ
2504 501 2982 574 παραδιδομένων,
3032 498 3142 553 τῶν
3183 498 3240 552 δέ
3292 517 3467 554 κατα-

1859 587 2266 658 ποντιζομένων
2301 587 2398 640 καὶ
2433 588 2541 640 πᾶν
2577 582 2717 648 εἶδος
2752 583 3026 656 τιμωρίας
3057 583 3467 654 ὑπομενόντων,

1859 669 2266 743 ἀτιμουμένων,
2310 670 2710 742 ἐλαυνομένων,
2752 670 2827 732 ὡς
2862 667 3058 722 κοινῶν
3092 666 3304 739 ἐχθρῶν
3345 667 3470 721 διω-

1858 753 2108 823 κομένων
2162 754 2449 818 πάντοθεν,
2503 755 2684 824 ἐτεροι
2736 753 2954 816 πλείους
3003 752 3350 823 προσῄεσαν,
3406 752 3469 804 οὑ

1863 836 2023 907 μόνον
2047 837 2220 904 οὐδὲν,
2247 838 2339 908 ἀφ’
2358 831 2435 891 ὧν
2460 839 2700 908 ἔπασχον
2735 837 2934 909 ἕτεροι,
2968 839 3048 899 εἰς
3074 836 3137 888 τὸ
3175 835 3470 906 πεισθῆναι

1860 923 2216 994 όκνηρότεροι
2244 923 2546 994 γινόμενοι,
2586 922 2725 976 ἀλλὰ
2773 923 2871 975 καί¹
2903 921 3339 992 προθυμότεροι,
3374 918 3474 973 καὶ

1868 1006 2069 1076 μᾶλλον
2103 1007 2478 1078 ἐπιπηδῶντες
2508 1010 2575 1078 τῇ
2608 1007 2749 1078 καλῇ
2780 1006 2957 1078 ταύτῃ
2974 1004 3142 1076 θήρᾳ·
3166 1005 3262 1057 καὶ
3294 1003 3474 1066 οὓτως

1866 1090 2166 1162 ἠλιεύοντο,
2209 1092 2310 1144 οὑκ
2345 1089 2810 1162 ἀναγκαζόμενοι,
2857 1092 2919 1144 οὑ
2959 1086 3295 1159 βιαζόμενοι,
3335 1085 3475 1140 ἀλλά

1869 1175 2320 1246 προστρέχοντες,
2349 1177 2510 1247 χάριν
2541 1178 2743 1240 εἰδότες
2769 1178 2882 1239 τοῖς
2920 1175 3014 1228 ἐπὶ
3047 1173 3208 1226 τοῦτο
3242 1172 3470 1241 άγουσι“

1868 1258 1964 1311 καὶ
1992 1259 2328 1330 χειμάρρους
2357 1260 2607 1330 αἱμάτων
2633 1258 2872 1330 ὁρῶντες
2902 1257 3013 1312 ἀπὸ
3041 1255 3151 1309 τῶν
3175 1255 3273 1327 ήδη
3308 1274 3476 1310 πεπι-

1871 1342 2175 1394 στευκότων
2201 1342 2596 1415 ἀπορρέοντας,
2633 1342 2956 1412 θερμότεροι
2993 1341 3122 1411 περὶ
3158 1339 3258 1410 τὴν
3291 1340 3478 1393 πίστιν

1870 1425 2112 1492 ἐγίνοντο
2142 1425 2238 1478 κα)⁸
2278 1424 2722 1500 θαρσαλεώτεροι
2744 1441 2758 1452 ⁸
2791 1425 2887 1477 καὶ
2917 1423 3037 1493 οὐχ)¹
3073 1422 3184 1475 τῶν
3217 1421 3478 1494 μαθητῶν

1874 1511 2057 1581 μόνον,
2094 1510 2231 1564 ἀλλὰ
2273 1513 2367 1565 καὶ
2402 1510 2510 1566 τῶν
2554 1510 2918 1574 διδασκάλων,
2968 1508 3079 1561 τῶν
3119 1509 3217 1579 μὲν
3255 1507 3480 1578 δεδεμέ-

1872 1611 2000 1656 νων,
2037 1594 2145 1646 τῶν
2176 1595 2234 1648 δὲ
2262 1594 2663 1666 ἐλαυνομένων,
2696 1593 2806 1647 τῶν
2828 1593 2886 1646 δὲ
2907 1591 3345 1664 μαστιζομένων,
3367 1590 3478 1644 τῶν

1872 1675 1930 1729 δὲ
1969 1678 2136 1749 ἔτερα
2171 1671 2343 1748 μυρία
2379 1678 2701 1749 πασχόντων
2740 1676 2909 1739 κακά,
2953 1675 3174 1738 πλείους
3208 1675 3256 1727 οί
3303 1673 3483 1744 μαθη-

1872 1761 2156 1832 τευόμενοι
2195 1765 2291 1818 καὶ
2336 1763 2750 1834 σπουδαιότεροι
2802 1759 3009 1833 μᾶλλον
3052 1758 3318 1828 ἐγίνοντο.
3371 1758 3483 1810 Καὶ

1878 1847 1977 1916 βοᾷ
2042 1846 2258 1910 Παῦλος
2308 1846 2518 1915 λέγων·
2573 1847 2756 1907 Ὥστε
2811 1844 2957 1911 τοὺς
3014 1845 3308 1909 πλείονας
3360 1838 3482 1894 τῶν

1876 1929 2158 1999 ἀδελφῶν
2181 1931 2253 1985 ἐν
2278 1932 2495 2000 Κιρίῳ,
2524 1930 2888 1996 πεποιθότας
2917 1929 3044 1996 τοῖς
3069 1927 3318 1997 δεσμοῖς
3338 1942 3481 1995 μου,

1875 2013 2321 2083 περισσοτέρως
2353 2013 2588 2084 τολμᾷν
2621 2013 2861 2082 ἀφόϐως
2886 2012 2995 2085 τὸν
3023 2012 3213 2082 λόγον
3242 2008 3480 2064 λαλεῖν.

1878 2098 1988 2153 Καὶ
2017 2097 2254 2169 ἀλλαχοῦ
2295 2098 2479 2163 πάλιν,
2514 2098 2700 2167 Ὑμεῖς
2735 2098 2845 2173 γᾶρ
2867 2097 3117 2167 μιμηταὶ
3159 2093 3486 2164 ἐγενήθητε

1875 2179 1998 2235 τῶν
2060 2181 2434 2250 Ἐκκλησιῶν
2487 2183 2596 2236 τοῦ
2656 2182 2805 2236 Θεοῦ
2864 2180 2986 2235 τῶν
3035 2177 3243 2235 οὐσῶν
3293 2178 3364 2234 ἐν
3406 2175 3483 2245 τῇ

1891 2263 2163 2332 Ἰουδαίᾳ,
2192 2264 2281 2318 ὅτι
2305 2266 2378 2320 τὰ
2399 2268 2554 2321 αὐτὰ
2582 2264 2833 2319 ἐπάθετε
2864 2263 2965 2318 καί
2999 2263 3170 2333 ὑμεῖς
3199 2262 3320 2317 ὑπὸ
3360 2259 3484 2314 τῶν

1881 2345 2048 2401 ἰδίων
2095 2350 2526 2419 συμφυλετῶν,
2581 2349 2778 2414 καθὼς
2825 2349 2923 2403 καί
2967 2347 3138 2402 αὐτοὶ
3189 2347 3311 2402 ὑπὸ
3360 2342 3482 2398 τῶν

1892 2431 2191 2486 Ἰουδαίων
2235 2432 2352 2487 τῶν
2402 2434 2504 2488 καί
2553 2433 2661 2487 τὸν
2702 2434 2925 2501 Κύριον
2969 2429 3481 2488 ἀποκτεινάντων.

1881 2515 1979 2569 καί
2011 2513 2169 2585 ’ἡμᾶς
2198 2517 2561 2571 κωλυόντων
2612 2516 2740 2582 τοῖς
2791 2516 2998 2570 ἔθνεσι
3038 2513 3338 2584 λαλῆσαι,
3383 2512 3487 2566 ἵνα

1883 2599 2184 2654 σωθῶσιν.
2227 2600 2468 2672 Ἐτέροις
2499 2600 2558 2654 δὲ
2605 2600 2768 2654 πάλιν
2792 2601 3024 2674 γράφων
3060 2599 3233 2663 οὕτως
3260 2598 3448 2667 ἔλεγεν
3467 2614 3482 2628 ·

1899 2649 2464 2754 ῐέαᾘιέλιὶήιῖκὲἑὸὲ
2500 2649 3240 2752 ἑξις”ἷιρέ›τέέὲἷκέ“ἦμέρίἓξ’,
3265 2649 3350 2734 ιι
3363 2649 3375 2667 '
3390 2675 3488 2747 αῖς
3605 2649 3612 2654 “

1885 2767 2287 2836 φωτισθέντες
2317 2767 2562 2836 πολλὴν
2600 2767 2867 2835 ἄθλησιν
2891 2767 3253 2836 ὑπεμείνατε
3294 2767 3488 2832 παθηο

1883 2849 2111 2920 μάτων,
2161 2851 2566 2921 γινώσκοντες
2605 2850 2846 2917 ἑαυτοῖς
2879 2852 3195 2918 κρείττονα
3223 2847 3492 2917 ὕπαρξιν

1889 2935 1962 2989 ἐν
2022 2936 2323 3005 οὐρανοῖς,
2398 2936 2496 2990 καί
2563 2936 2906 3007 μένουσαν.
2987 2931 3145 3000 Εἶδες
3207 2933 3494 3004 δυνάμεως

1893 3019 2200 3091 ὑπερϐολὴν
2232 3019 2336 3074 τοῦ
2361 3020 2537 3073 ταῦτα
2570 3021 2984 3091 ἐργασαμένου;
3045 3019 3120 3071 υὺ
3169 3018 3280 3090 γὰρ
3334 3018 3495 3087 μόνον

1893 3103 1992 3156 οὑκ
2028 3104 2296 3176 ἠθύμουν,
2348 3105 2471 3158 οὑδὲ
2507 3104 2667 3175 μόνον
2710 3104 2811 3156 οὑκ
2857 3102 3135 3176 ἐθλίϐοντο
3177 3103 3353 3156 ταῦτα
3385 3100 3496 3153 πά·

1898 3171 2152 3258 σχόντες,
2183 3188 2322 3242 ἀλλὰ
2359 3189 2454 3243 καὶ
2489 3171 2735 3260 ἔχαιρον,
2779 3171 3075 3260 ἐσκίρτων,
3110 3187 3349 3258 ἐπήδων.
3385 3185 3500 3239 Καὶ

1898 3291 1964 3327 πε
1975 3274 2027 3346 pl
2053 3275 2149 3346 μὲν
2174 3273 2382 3327 τούτων
2414 3267 2568 3337 οὗτος
2597 3271 2772 3326 ταῦτα
2805 3271 2975 3341 λέγει,
3003 3272 3085 3324 ὅτι
3109 3271 3207 3342 τὴν
3233 3270 3501 3342 δήμευσιν

1897 3359 1996 3429 τῆς
2023 3358 2211 3421 οὐσίας
2248 3357 2368 3429 μεθ’
2398 3357 2596 3429 ἡδονῆς
2626 3356 2914 3421 ἐδέξαντο*
2964 3355 3094 3427 περὶ
3127 3355 3184 3408 δὲ
3216 3354 3324 3407 τῶν
3355 3354 3503 3408 διδα-

1902 3442 2116 3496 σκάλων
2155 3444 2182 3496 ό
2217 3443 2434 3506 Λουκᾶς
2485 3442 2542 3494 ἐν
2590 3443 2655 3512 τῇ
2698 3440 2807 3494 τῶν
2859 3439 3120 3511 Πράξεων
3181 3437 3370 3510 βίϐλῳ,
3421 3441 3506 3492 ὅτι

1903 3526 2245 3598 ὑπέστρεφον
2287 3527 2352 3579 ἐκ
2396 3523 2693 3598 προσώπου
2730 3515 2825 3577 τοῦ
2852 3522 3163 3593 συνεδρίου
3196 3523 3503 3598 χαίροντες,

1903 3611 1986 3664 ὅτι
2015 3595 2451 3680 κατηξιώθησαν
2497 3608 2640 3678 ὑπὲρ
2672 3605 2768 3660 τοῦ
2813 3607 3080 3678 ὀνόματος
3123 3606 3218 3658 τοῦ
3265 3595 3508 3677 Χριστοῦ

1905 3694 2293 3766 ἀτιμασθῆναι.
2320 3693 2457 3764 Περὶ
2487 3692 2545 3746 δέ
2573 3689 2770 3745 ἐαυτοῦ
2796 3692 2958 3745 πάλιν
2983 3691 3012 3742 ὁ
3035 3689 3282 3753 Παῦλος⁸
3314 3689 3511 3758 Χαίρω

1906 3776 1976 3833 ὲν
2024 3778 2152 3843 τοῖς
2209 3776 2526 3846 παθήμασί
2582 3792 2725 3845 μου,
2789 3775 2890 3828 καὶ
2933 3771 3380 3843 ἀνταναπληρῶ
3439 3775 3512 3826 τὰ

1906 3862 2291 3932 ὑστερήματα
2319 3861 2436 3915 τῶν
2459 3861 2728 3929 θλίψεων
2747 3859 2853 3913 τοῦ
2874 3857 3135 3926 Χριστοῦ
3150 3857 3218 3911 ἐν
3242 3855 3318 3926 τῇ
3331 3854 3515 3926 σαρκί

1903 3966 2044 4018 μου.
2080 3948 2189 4001 Καὶ
2215 3947 2268 3999 τί
2298 3945 2624 4017 θαυμάζεις,
2655 3946 2703 3998 εἰ
2735 3946 2830 3997 καὶ
2861 3944 2955 3996 ἐπὶ
3001 3941 3331 4012 παθήμασιν
3359 3939 3515 4011 ἔχαι-

1912 4050 2028 4108 ρεν,
2065 4033 2199 4086 ὅπου
2229 4048 2293 4100 γε
2327 4031 2424 4084 καὶ
2459 4030 2692 4084 θάνατον
2734 4027 2948 4099 μέλλων
2989 4026 3286 4097 ὑπομένειν
3320 4026 3380 4078 ού
3420 4024 3513 4108 μόο

1913 4134 2002 4170 νον
2056 4115 2300 4186 ἔχαιρεν,
2349 4114 2487 4168 ἀλλὰ
2521 4113 2618 4175 καὶ
2650 4114 2778 4176 τοὺς
2832 4109 3086 4182 μαθητάς
3115 4111 3196 4173 εἰς
3225 4107 3518 4163 κοινωνίαν

1912 4201 2012 4270 τῆς
2031 4199 2375 4271 εὐφροσύνης
2414 4197 2635 4261 ἐκάλει,
2671 4197 2809 4267 ὅπερ
2839 4191 2907 4267 ἦν
2949 4192 3102 4271 [578]
3156 4191 3511 4263 ὑπερϐαλλόν-

1914 4303 2023 4349 τως
2054 4270 2493 4354 εὑφραινομένης
2532 4281 2736 4352 ψυχῆς,
2778 4279 2923 4332 οὕτω
2949 4270 3156 4346 λέγων·
3197 4277 3391 4344 Χαίρω
3422 4277 3521 4330 καί

1916 4369 2226 4438 συγχαίρω
2242 4366 2436 4421 πᾶσιν
2454 4363 2617 4435 ὑμῖν,
2637 4364 2704 4417 τὸ
2723 4362 2791 4415 δὲ
2812 4363 2960 4417 αὐτὸ
2979 4362 3080 4415 καί
3101 4359 3273 4430 ὑμεῖς
3285 4361 3521 4430 χαίρετε

1919 4453 2020 4507 καὶ
2053 4449 2414 4521 συγχαίρετέ
2443 4467 2568 4519 μοι.
2596 4448 2662 4501 Τί
2690 4447 2938 4519 γέγονεν,
2973 4445 3114 4508 εἰπὲ,
3144 4445 3225 4498 ὅτι
3245 4444 3522 4516 τοσαύτης

1918 4535 2258 4608 ἐνεπλήσθης
2291 4537 2501 4607 χαράςς
2553 4533 2718 4602 Ἐγὼ,
2759 4532 2925 4602 φησὶν
2947 4572 2961 4594 ,
3013 4528 3130 4598 ἤδη
3161 4528 3522 4598 σπένδομαι,

1919 4619 2019 4675 καί
2067 4623 2101 4674 ὀ
2138 4619 2345 4687 καιρὸς
2391 4616 2501 4686 τῆς
2547 4614 2698 4686 ἐμῆς
2752 4614 3111 4680 ἀναλύσεως
3159 4613 3522 4682 ἐφέστηκεν.

1969 4791 2030 4844 ιδ’
2038 4788 2222 4843 ,Οὕτω
2234 4783 2414 4840 τοίνυν
2428 4781 2742 4856 ᾠκοδόμουν
2754 4781 2853 4855 τὴν
2867 4779 3143 4852 πανταχοῦ
3161 4781 3494 4852 Ἐκκλησίαν
3504 4822 3519 4836 .

1922 4874 2117 4929 Καίτοι
2147 4890 2210 4942 γε
2240 4875 2418 4941 τοῖχον
2436 4869 2534 4922 ἕνα
2551 4868 2727 4931 οὐδεὶς
2754 4865 2820 4920 ἂν
2839 4866 3097 4937 δυνηθείη
3128 4865 3510 4936 οἰκοδομῆσαι,

1921 4959 2011 5013 διὰ
2037 4957 2185 5012 λίθου
2203 4953 2575 5010 καὶάσϐέστου
2599 4950 2870 5013 συντιθεὶς
2895 4950 2994 5021 τὴν
3018 4949 3334 5020 οἰκοδομὴν,
3364 4948 3526 5002 ἐλαυ-

1923 5042 2169 5114 νόμενος,
2197 5038 2571 5108 κωλυόμενος·
2612 5027 2760 5087 οὗτοι
2796 5033 2854 5086 δέ
2888 5033 3221 5103 Ἐκκλησίας
3254 5032 3526 5098 τοσαύτας

1925 5123 2203 5196 πανταχοῦ
2225 5125 2325 5194 τῆς
2348 5119 2674 5192 οἰκουμένης
2697 5119 3080 5191 ᾠκοδόμησαν,
3108 5117 3527 5188 κατακοπτόμε-

1924 5229 2027 5276 νοι,
2045 5207 2245 5281 δεσμού
2255 5223 2428 5279 μενοι,
2447 5203 2794 5274 διωκόμενοι,
2817 5201 3270 5273 φυγαδευόμενοι,
3289 5202 3527 5272 δημευό-

1929 5312 2103 5366 μενοι,
2125 5289 2574 5364 μαστιγούμενοι,
2606 5287 2992 5357 σφαττόμενοι,
3021 5285 3327 5355 καιόμενοι,
3353 5302 3526 5339 κατα-

1928 5379 2301 5448 ποντιζόμενοι
2335 5373 2473 5446 μετὰ
2500 5373 2609 5426 τῶν
2647 5370 2928 5443 μαθητῶν⁶
2964 5370 3058 5424 καλ⁹
3080 5370 3438 5443 ᾠκοδόμησαν
3459 5371 3524 5424 οὑ

1926 5463 2014 5518 διὰ
2039 5463 2221 5528 λίθων,
2255 5459 2393 5517 ἀλλὰ
2417 5457 2505 5512 διὰ
2545 5457 2735 5527 ψυχῶν
2788 5456 2884 5510 καί⁸
2932 5455 3332 5527 προαιρέσεων,
3385 5455 3525 5525 ὅπερ

1927 5547 2333 5617 δυσκολώτερον
2364 5540 2550 5613 πολλῷ
2588 5542 2681 5596 τοῦ
2716 5539 2806 5593 διά
2845 5539 3012 5594 λίθων
3038 5538 3414 5607 οἰκοδομῆσαι.
3445 5539 3525 5592 Οὐ

1929 5635 2038 5706 γάρ
2097 5633 2250 5684 ἐστιν
2303 5629 2418 5682 ἴσον
2479 5626 2754 5681 συνθεῖναι
2803 5625 3004 5693 τοῖχον,
3059 5623 3152 5676 καὶ
3201 5622 3380 5706 ψυχὴν
3432 5621 3531 5674 ἐπὶ

1931 5701 2207 5779 τοσούτοις
2239 5713 2455 5785 χρόνοις
2488 5709 2594 5765 ὑπὸ
2619 5709 2893 5778 δαιμόνων
2923 5701 3390 5777 ἐκϐακχευοεῖσαν
3413 5709 3530 5762 πεῖ-

1936 5819 2026 5856 σαι
2065 5798 2421 5871 μεταστῆναι,
2445 5795 2542 5849 καὶ
2575 5796 2673 5865 τῆς
2717 5792 2912 5864 μανίας
2944 5793 3251 5861 ἀποστῆναι
3286 5792 3528 5861 ἐκείνης,
3558 5786 3570 5794 ’

1936 5883 2194 5956 καὶπρὸς
2227 5882 2495 5952 τοσαύτην
2541 5879 2714 5932 ἐλθεῖν
2769 5876 3148 5949 σωφροσύνην.
3197 5876 3338 5929 Ἀλλ’
3380 5876 3532 5947 ὅμως

236 5969 553 6040 ρουμένων,
608 5969 718 6025 τῶν
770 5969 827 6024 δὲ
884 5969 1297 6041 ἀναιρουμένων
1341 5970 1437 6025 καὶ
1491 5985 1838 6025 κατακοπτο-
1942 5971 2172 6038 ἴσχυσαν
2198 5968 2398 6037 γυμνοὶ
2427 5965 2525 6023 καὶ
2555 5961 2892 6028 ἀνυπόδετοι,
2929 5961 3287 6034 μονοχίτωνες
3315 5960 3414 6027 τὴν
3442 5962 3525 6016 οἰ-
