4150 6352
729 384 832 438 855

730 497 1003 564 κουμένην
1053 495 1357 566 περιιόντες
1400 497 1648 552 ἃπασαν·
1688 495 1833 570 εἶχον
1873 502 1984 575 γάρ
2028 504 2320 576 σύμμαχον

727 578 822 658 καὶ
856 577 1052 649 βοηθὸν
1075 579 1173 648 τὴν
1200 580 1412 649 ἄμαχον
1433 579 1663 650 δύναμιν
1691 585 1786 637 τοῦ
1831 575 2140 658 εἰρηκότος,
2195 575 2321 642 Ἐνπί

727 656 805 730 τῇ
826 663 1013 731 πέτρᾳ
1033 665 1220 731 ταύτῃ
1242 665 1618 735 οἰκοδομήσω
1637 686 1759 735 μου
1785 656 1901 738 τὴκ
1934 656 2319 741 Ἐκκλησίαν,

727 748 828 800 καὶ
860 749 1048 800 πύλαι
1075 747 1224 812 ᾅδου
1252 751 1326 827 οὐ
1358 752 1852 819 κατισχύσουσιν
1897 756 2117 824 αὐτῆς.
2168 757 2319 828 Ἀρί-

729 828 941 900 θμησον
977 831 1106 898 γοῦν
1130 831 1286 884 πόσοι
1315 832 1571 905 τύραννοι
1602 836 1660 902 ἐξ
1692 836 1902 890 ἐκείνου
1944 839 2322 910 παρετάξαντο

728 913 868 982 πρὸς
923 915 1114 978 αὐτὴν,
1174 916 1330 968 πόσοι
1380 917 1653 988 διωγμοὺς
1691 920 1954 990 ἐκίνησαν
1998 923 2322 992 χαλεπωτά-

725 1014 873 1060 τους,
896 997 1014 1061 πῶς
1040 999 1131 1052 τὸν
1156 999 1467 1071 ἔμπροσθεν
1495 1002 1709 1067 ἅπαντα
1740 1003 1973 1059 διέκειτο
2000 1007 2190 1078 χρόνον
2232 1009 2322 1062 ὅτε

726 1082 987 1151 νεόφυτος
1030 1079 1159 1154 ἦνὴ
1187 1085 1388 1149 πίστις,
1436 1086 1524 1138 ὅτε
1577 1087 1929 1159 ἀπαλώτεραι
1983 1091 2040 1142 αί
2089 1090 2321 1145 διάνοιαι

725 1166 834 1217 τῶν
858 1165 957 1217 ἀνθ
969 1164 1188 1234 ρώπων.

709 1265 714 1271 ·
799 1255 879 1301 ιε’.
911 1250 1172 1321 Ἕλληνες
1199 1246 1364 1387 ἕσαν
1402 1251 1661 1321 βασιλεῖς,
1687 1253 2018 1323 Αὔγουστος,
2049 1257 2318 1330 Τιϐέριος,

727 1333 907 1387 Γάϊος.
947 1335 1160 1387 Νέρων.
1249 1333 1630 1387 ῦεσπασιανὸε.
1667 1338 1846 1387 Τίτος.
1886 1340 1981 1387 καὶ
2019 1343 2136 1387 μετ’
2174 1343 2318 1387 ἐκεῖ-

727 1333 907 1397 Γάῖος,
947 1335 1160 1404 Νέρων,
1199 1333 1630 1400 Οὐεσπασιανὸς,
1667 1338 1846 1402 Τίτος,
1886 1340 1981 1392 καὶ
2017 1343 2136 1411 μετ’
2174 1343 2319 1394 ἐκεῖ·

728 1433 817 1469 νον
847 1416 1086 1479 ἀπαντες
1103 1418 1205 1480 ἕως
1218 1419 1325 1482 τῶν
1339 1418 1433 1470 τοῦ
1465 1420 1738 1491 μακαρίου
1762 1422 2174 1476 Κωνσταντίνου
2192 1425 2320 1496 χρό-

727 1519 833 1554 νων
865 1501 960 1553 τοῦ
994 1501 1258 1568 βασιλέως
1281 1516 1294 1528 ⁸
1331 1503 1424 1554 καὶ
1451 1503 1655 1566 πάντες
1684 1499 1830 1557 οὗτοι
1851 1507 1912 1557 .οί
1947 1506 2044 1576 μὲν
2074 1507 2317 1572 ἔλαττον,

726 1586 775 1636 οἰ
803 1585 862 1637 δὲ
890 1584 1248 1654 σφοδρότερον
1271 1585 1577 1654 ἐπολέμουν
1599 1587 1697 1657 τὴν
1744 1579 2094 1657 Ἐκκλησίαν,
2125 1589 2318 1643 ἐπολέ-

728 1684 866 1740 μουν
892 1670 935 1722 δ’
953 1664 1047 1721 οὖν
1080 1671 1230 1738 ὅμως
1261 1671 1519 1732 ἅπαντες.
1546 1672 1608 1722 Εἰ
1635 1671 1690 1722 δέ
1711 1688 1853 1734 τινες
1869 1672 2050 1726 αὐτῶν
2073 1674 2167 1728 καὶ
2193 1675 2323 1744 ἠσυ-

689 1787 692 1789 -
728 1753 862 1822 χάζε
872 1771 917 1804 ιν
942 1752 1148 1816 ἔδοξαν,
1180 1753 1308 1804 αὐτὸ
1328 1752 1486 1804 τοῦτο
1504 1752 1564 1804 τὸ
1581 1754 1708 1816 τοὺς
1729 1753 2109 1823 βασιλεύοντας
2149 1775 2322 1811 καταο

727 1838 918 1908 δήλους
936 1834 1184 1890 εἷναιέπὶ
1216 1837 1459 1907 ἀσεϐείᾳ,
1501 1838 1758 1899 ὑπόθεσις
1791 1839 2044 1910 πολέμων
2073 1841 2316 1909 ἐγίνετο,

727 1922 836 1975 τῶν
852 1922 1027 1977 ἀλλων
1053 1921 1460 1975 κολακευόντων
1488 1922 1708 1984 αὐτοὺς,
1731 1921 2144 1994 θεραπευόντων
2165 1926 2223 1977 ἐν
2243 1924 2322 1994 τῷ

725 2010 825 2076 τῆς
866 2006 1198 2076 Ἑκκλησίας
1230 2005 1474 2075 πολέμῳ.
1512 2005 1652 2056 Ἀλλ’
1685 2007 1835 2075 ὅμως
1872 2009 2046 2060 πᾶσαι
2075 2002 2236 2061 αὗται
2264 2010 2321 2061 αἰ.

725 2089 1011 2144 ἐπιϐουλαὶ
1039 2089 1327 2161 καὶίέφοδοι
1345 2089 1588 2158 ἀράχνης
1605 2088 1972 2161 εὐκολώτερον
1985 2090 2322 2162 διεσπάσθη-

727 2191 847 2239 σαν,
887 2172 1097 2226 καπνοῦ
1147 2171 1341 2225 θᾶττον
1378 2170 1726 2240 διελύθησαν,
1770 2175 2052 2244 κονιορτοῦ
2087 2175 2320 2246 ταχύτε-

727 2275 820 2328 ρον
843 2255 1138 2328 παρῆλθον.
1175 2254 1252 2306 Δι’
1285 2251 1361 2308 ῶν
1391 2254 1501 2324 γὰρ
1521 2255 1945 2322 ἐπεϐούλευσαν,
1977 2259 2143 2314 πολὺν
2177 2277 2320 2331 μαρ-

725 2342 902 2413 τύρων
927 2341 1088 2426 χορὸν
1118 2339 1510 2426 ἐργασάμενοι,
1547 2341 1641 2426 καὶ
1678 2341 1802 2404 τοὺς
1835 2331 2140 2406 ἀθανάτους
2171 2343 2321 2396 ἐκεί-

724 2446 845 2492 νους
862 2430 960 2498 τῆς
984 2423 1312 2494 Ἑκκλησίας
1336 2423 1566 2491 ἀφέντες
1589 2424 1914 2495 θησαυροὺς,
1929 2427 2056 2489 τοὺς
2072 2426 2318 2491 στύλους,

724 2513 850 2574 τοὺς
880 2509 1144 2582 πύργους,
1170 2508 1290 2577 οὐχὶ
1317 2506 1518 2572 ζῶντες
1547 2508 1729 2578 μόνον,
1764 2509 1899 2561 ἀλλά
1941 2511 2036 2562 καὶ
2065 2510 2320 2580 τελευτή-

726 2615 921 2660 σαντες
959 2594 1201 2665 μεγάλης
1222 2592 1494 2659 ὼφελείας
1516 2596 1624 2655 τοῖς
1663 2593 1888 2664 ὕστερον
1922 2593 2178 2657 ὑπόθεσις
2199 2595 2320 2662 ἐγέ-

725 2699 895 2734 νοντο.
927 2677 1080 2742 Εἶδες
1114 2678 1475 2748 προρρήσεως
1513 2676 1825 2746 ίσχὺνίΚαί
1848 2678 2036 2731 πύλαι
2068 2677 2218 2745 ᾅδου
2244 2679 2318 2731 οὐ

726 2764 1216 2833 κατισχύσουσιν
1247 2759 1471 2828 αὺτῆς;
1518 2760 1653 2813 Ἀπὸ
1697 2760 1902 2814 τούτων
1934 2761 2156 2814 πίστευε
2190 2761 2319 2832 περὶ

728 2847 833 2901 τῶν
863 2847 1186 2916 μελλόντων,
1218 2844 1312 2898 καὶ
1339 2845 1419 2896 ὅτι
1450 2843 1627 2906 οὐδεὶς
1671 2844 1848 2897 αὐτῶν
1896 2846 2206 2915 περιέσται.
2251 2844 2318 2899 Εἰ

727 2927 837 2996 γὰρ
859 2929 946 2979 ὅτε
973 2925 1030 2991 ἐξ
1058 2924 1254 2991 ὀλίγων
1282 2924 1623 2993 συνεπήχει,
1656 2924 1743 2975 ὅτε
1772 2925 2125 2995 καινοτομίας
2142 2926 2317 2986 ἐδόκει

725 3006 865 3064 εἶναι.
902 3008 964 3061 τὸ
1011 3008 1264 3076 πρᾶγμα.
1313 3004 1400 3055 ὅτε
1449 3003 1724 3072 νεοπαγὴς
1765 3006 1800 3074 η
1831 3005 2170 3068 διδασκαλία,
2228 3009 2317 3061 ὅτε

725 3089 957 3143 τοιοῦτοι
1009 3089 1058 3140 οἰ
1099 3084 1362 3152 πόλεμοι,
1424 3082 1520 3136 καὶ
1569 3083 1826 3134 τοσαῦται
1877 3085 1934 3135 αἰ
1980 3086 2320 3156 πανταχόθεν

725 3165 1221 3238 ἀναρριπιζόμεναι
1283 3160 1474 3230 μάχαι,
1525 3162 1625 3214 οὐκ
1655 3161 1904 3231 ἴσχυσαν,
1960 3163 2022 3216 06
2067 3162 2325 3233 περιεγέ-

725 3265 896 3309 νοντο,
944 3243 1123 3314 πολλῷ
1169 3240 1368 3312 μᾶλλον
1401 3241 1501 3310 τὴν
1537 3240 1863 3311 οἰκουμένην
1899 3242 2120 3296 ἀπασαν
2156 3261 2320 3297 καταο

725 3325 997 3396 λαϐούσης
1028 3323 1197 3392 αὐτῆς
1226 3320 1320 3373 καὶ
1353 3318 1518 3372 τόπον
1557 3317 1794 3383 ἅπαντα,
1829 3322 1925 3373 καὶ
1945 3321 2068 3393 ὄρη.
2098 3323 2194 3376 καὶ
2223 3324 2320 3377 νά·-

726 3403 858 3472 πας,
893 3406 988 3457 καὶ
1031 3399 1273 3473 βουνούς.
1321 3400 1430 3452 Καὶ
1477 3397 1586 3466 γάρ
1633 3400 1728 3451 καὶ
1767 3397 2059 3465 θάλατταν,
2102 3400 2195 3454 καὶ
2251 3400 2320 3454 τά

710 3488 818 3554 ,ὑφ’
865 3485 1000 3554 ἡλίῳ
1051 3482 1281 3552 κείμενα
1336 3478 1465 3547 ἔθνη
1502 3478 1680 3531 πάντα
1737 3478 2023 3541 κατέλαϐε,
2074 3482 2168 3534 καὶ
2219 3480 2318 3549 τῆς

726 3563 982 3626 ἀσεϐείας
1024 3563 1102 3622 εἰς
1148 3558 1363 3625 ὀλίγους
1408 3556 1691 3625 προϐάσης
1725 3557 1934 3619 λοιπὸν,
1967 3559 2060 3611 καὶ
2095 3559 2317 3628 βωμῶν,

727 3646 822 3697 καὶ
852 3643 1015 3703 ναῶν,
1037 3641 1132 3693 καὶ
1158 3636 1415 3698 εἰδώλων,
1447 3637 1542 3688 καὶ
1567 3637 1785 3689 πάντων
1805 3637 2192 3708 ἀνῃρημένων,
2225 3640 2320 3692 καὶ

729 3721 954 3792 ἑορτῶν,
998 3720 1093 3772 καὶ
1124 3713 1380 3778 τελετῶν,
1418 3716 1513 3767 καὶ
1541 3715 1754 3792 καπνοῦ
1801 3717 1896 3768 καὶ
1938 3717 2184 3788 κνίσσης,
2225 3719 2319 3772 καὶ

729 3789 1090 3871 πανηγύρεων
1130 3796 1358 3864 ἐναγῶν.
1385 3793 1511 3855 Πῶς
1541 3789 1636 3847 οὖν
1659 3794 1913 3848 τοσοῦτον
1949 3797 2042 3848 καὶ
2067 3797 2320 3868 τηλικοῦ-

727 3899 821 3935 τον
844 3881 1098 3950 πρᾶγμα,
1141 3875 1282 3946 μετά
1312 3872 1581 3926 τοσούτων
1620 3873 1961 3943 κωλυμάτων
2008 3875 2101 3928 καὶ
2146 3877 2320 3946 πέρας

732 3957 886 4028 ἔσχεν
909 3956 1051 4008 οὕτω
1073 3952 1348 4025 λαμπρὸν,
1375 3952 1468 4004 καὶ
1497 3951 1722 4004 ἔκϐασιν
1756 3951 1905 4024 [579]
1933 3955 2320 4026 μαρτυροῦσαν

730 4041 794 4108 τῇ
827 4034 1076 4105 ἀληθείᾳ,
1106 4034 1155 4086 εἰ
1189 4032 1262 4102 μὴ
1294 4030 1414 4082 θεία
1454 4047 1537 4092 τις
1589 4030 1685 4082 καὶ
1724 4029 1934 4100 ἄμαχος
1984 4034 2213 4104 δύναμις
2251 4030 2319 4105 ἦν

730 4117 823 4172 τοῦ
868 4114 1042 4168 ταῦτα
1098 4111 1453 4182 προειπόντος
1503 4110 1598 4162 καὶ
1641 4108 1989 4176 τελέσαντος;
2039 4113 2224 4176 Οὐδεὶς
2252 4113 2319 4167 ἀν

731 4199 869 4269 πρὸς
895 4196 1068 4249 ταῦτα
1093 4190 1360 4255 ἀντείποι,
1384 4191 1434 4241 εί
1459 4190 1533 4260 μὴ
1569 4190 1777 4260 σφόδρα
1802 4206 1886 4252 τις
1924 4191 2032 4243 τῶν
2061 4193 2323 4264 μαινομέ.

731 4294 837 4330 νων
896 4275 992 4327 καὶ
1051 4270 1422 4341 ἐξεστηκότων
1476 4270 1582 4340 εἴη,
1648 4270 1742 4322 καὶ
1795 4269 1904 4323 τῶν
1957 4272 2098 4325 κατὰ
2157 4272 2320 4342 φύσιν

729 4353 1177 4426 ἀπεστερημένος
1225 4348 1461 4420 φρενῶν.
1506 4348 1618 4418 Οὐχ
1665 4342 1828 4402 αὗται
1866 4349 1924 4407 δὲ
1970 4350 2148 4419 μόνον,
2183 4351 2320 4406 ἀλλά

730 4438 826 4490 καὶ
873 4435 1058 4504 ἕτεραι
1102 4431 1437 4503 προρρήσεις
1487 4427 1958 4498 ἀνακηρύττουσιν
2003 4429 2171 4483 αὐτοῦ
2219 4431 2319 4501 τὴν

728 4516 947 4586 ἄμαχον
970 4513 1222 4582 δύναμιν.
1249 4511 1359 4562 Καὶ
1389 4508 1499 4580 γάρ
1528 4510 1756 4580 προεῖπε
1789 4508 1859 4561 τά
1887 4508 2150 4576 μέλλοντα
2177 4511 2318 4580 μετὰ

729 4594 992 4664 ἀληθείας
1014 4594 1236 4661 ἀπάσης
1263 4591 1358 4641 καὶ
1383 4590 1462 4650 εἰς
1495 4587 1647 4650 τέλος
1666 4589 1844 4659 ἤγαγε
1865 4601 1886 4619 τ
1917 4589 2011 4641 καὶ
2037 4590 2319 4659 ἀμήχανόν

727 4691 783 4728 τι
811 4673 1091 4725 διαπεσεῖν
1118 4671 1230 4723 τῶν
1275 4669 1403 4737 παρ’
1438 4666 1650 4719 ἐκείνου
1694 4665 2013 4736 λεχθέντων,
2059 4667 2174 4720 ἀλλ’
2223 4669 2316 4721 εὖ-

730 4751 1035 4822 κολώτερον
1079 4751 1178 4821 τὴν
1218 4749 1323 4819 γῆν
1359 4746 1724 4817 ἀφανισθῆναι
1753 4745 1963 4800 καὶτὸν
1993 4747 2242 4819 οὐρανὸν,
2281 4747 2315 4818 ἢ

728 4831 836 4883 τῶν
886 4830 1148 4901 ῥημάτων
1177 4845 1229 4880 τι
1258 4826 1367 4881 τῶν
1401 4825 1612 4880 ἐκείνου
1663 4824 1760 4877 καὶ
1802 4825 1910 4878 τῶν
1957 4827 2318 4897 προρρήσεων

727 4910 1051 4978 ἐλεγχθῆναι
1081 4907 1291 4978 ψευδῶς
1313 4905 1625 4976 εἰρημένον.
1660 4903 1753 4955 Διὸ
1785 4903 1880 4956 καὶ
1908 4904 2070 4968 αὐτὸς
2093 4905 2189 4958 καὶ
2212 4906 2318 4977 πρὸ

727 4989 828 5058 τῆς
866 4988 975 5040 τῶν
1013 4987 1356 5058 πραγμάτων
1397 4982 1678 5046 ἐκϐάσεως
1726 4981 1886 5037 τοῦτο
1934 4984 2067 5037 αὐτὸ
2117 4983 2314 5055 δηλῶν,

727 5067 872 5121 οὓτω
925 5067 1112 5134 σαφῶς
1154 5065 1475 5135 ἀπεφήνατο
1534 5061 1662 5134 περί
1697 5063 1806 5115 τῶν
1847 5063 2153 5133 εἰρημένων
2185 5065 2316 5136 παρ’

727 5147 917 5208 αὐτοῦ,
946 5145 1148 5213 λέγων’
1197 5145 1249 5197 '0
1275 5141 1532 5211 ἆύρανὸς
1559 5142 1658 5194 καὶ
1687 5141 1729 5208 ὴ
1757 5139 1832 5210 γῆ
1856 5143 2314 5210 παρελεύσεται,

727 5229 782 5279 οἰ
811 5224 880 5277 δὲ
901 5226 1068 5294 λόγοι
1089 5241 1208 5293 μου
1237 5220 1419 5292 οὺιὶῂ
1449 5221 1813 5290 παρέλθωσι.
1841 5222 1952 5274 Καὶ
1984 5222 2132 5292 μάλα
2172 5224 2317 5276 εἰκό-

728 5322 855 5368 τως.
899 5305 972 5358 Οὐ
1016 5306 1126 5374 γὰρ
1161 5303 1308 5370 λόγοι
1342 5297 1507 5366 ξείσὶν,
1557 5301 1694 5354 ἀλλά
1733 5300 1870 5354 Θεοῦ
1925 5302 2092 5370 λόγοι,
2136 5303 2318 5373 ἔργων

726 5383 1076 5455 δημιουργοί·
1117 5383 1261 5435 οὕτω
1303 5383 1394 5435 τὸν
1434 5381 1668 5453 ,οὐρανὸν
1708 5381 1983 5451 ἐποίησεν,
2017 5382 2157 5435 οὕτω
2217 5385 2316 5455 τὴν

726 5465 852 5535 γῆν,
884 5464 1027 5516 οὕτω
1047 5462 1147 5534 τὴν
1172 5461 1466 5527 θάλασσαν,
1495 5460 1639 5514 οὓτω
1681 5461 1772 5513 τὸν
1815 5459 1987 5532 ἥλιον,
2019 5461 2158 5514 οὕτω
2189 5465 2316 5527 τοὺς

724 5542 842 5596 τῶν
896 5543 1149 5611 ἀγγέλων
1205 5542 1431 5612 δήμους,
1484 5539 1628 5594 οὕτω
1680 5542 1778 5605 τὰς
1832 5541 1996 5604 ἄλλας
2055 5543 2316 5614 ἀοράτους

727 5623 1006 5693 δυνάμεις.
1055 5623 1164 5675 Καὶ
1216 5621 1377 5674 τοῦτο
1407 5621 1780 5692 σαφὲς-ποιῶν
1808 5625 1843 5676 ό
1873 5623 2159 5694 Προφήτης
2199 5623 2316 5675 ἐλε-

727 5719 851 5770 γεν·
899 5701 1098 5766 Αὐτὸς
1124 5697 1274 5764 εἷπε,
1312 5701 1411 5754 καί
1440 5700 1842 5770 ἐγενήθησαν,
1877 5705 2058 5768 αὐτὸς
2096 5704 2314 5756 ἐνετεί-

725 5786 895 5846 λατο,
927 5783 1027 5836 καὶ
1073 5783 1468 5850 ἐκτίσθησαν,
1501 5783 1629 5853 περὶ
1667 5784 1848 5853 πάσης
1884 5781 2020 5852 ὁμοῦ
2068 5783 2168 5851 τῆς
2201 5782 2314 5834 κτίο

727 5876 890 5924 σεως,
919 5861 1016 5931 τῆς
1051 5863 1180 5927 ἀνω,
1213 5863 1311 5933 τῆς
1333 5864 1504 5924 κάτω,
1533 5862 1633 5930 τῆς
1662 5863 1945 5933 αίσθητῆς,
1974 5863 2072 5932 τῆς
2094 5863 2307 5934 νοερᾶς,

723 5943 823 6012 τῆς
851 5944 908 5994 ἐν
939 5942 1172 6012 σώματι,
1203 5944 1302 6011 τῆς
1332 5945 1625 6014 ἀσωμάτου
1665 5942 1838 5996 ταῦτα
1879 5944 2071 6012 λέγων.
2103 5942 2308 6008 Ἔδειξε

730 6021 829 6086 μὲν
861 6018 974 6088 06v,
1005 6024 1142 6092 ὅπερ
1173 6023 1342 6093 ἔφθην
1385 6023 1573 6092 εἰπὼν,
1602 6024 1696 6079 καὶ
1723 6026 1753 6093 ἡ
1782 6025 1908 6092 περὶ
1948 6025 2047 6089 τῆς
2071 6022 2310 6093 ,Ἐκκλη-

1420 379 1475 434 S.
1517 378 1808 436 JUANMS
1844 380 2339 441 CHRYSOSTOHI
2378 389 2708 447 ARCHIEP.
2749 396 3305 459 CONSTANTl-NOP.

3915 412 3976 458 RF.
3989 414 4015 464 ι

2427 509 2545 598 σίας
2580 516 3038 598 προαναφώνησις
3081 522 3181 593 τῆς
3232 523 3488 594 ἀληθείας
3534 522 3727 587 αὐτοῦ,
3755 523 3854 595 τῆς
3889 542 4015 598 προ-

2424 590 2591 675 νοίας,
2620 595 2720 664 τῆς
2745 599 3102 670 ἀγαθότητος,
3139 590 3251 674 τῆς
3298 590 3628 675 κηδεμονίας
3666 604 3729 657 τὸ
3769 590 4013 674 μέγεθος.

2423 670 2514 723 τὸν
2541 671 2727 739 όγκον,
2756 678 2855 747 τὴν
2890 670 3219 751 ὑπερϐολήν.

2496 751 2591 834 Eg":
2612 754 2748 834 φέρε
2765 754 2858 809 οὖν
2870 758 2964 810 καὶ
2983 761 3177 830 ἑτέραν
3191 762 3494 834 πρόρρησιν
3510 763 4016 834 μεταχειρισώμεθα

2424 827 2517 880 τοῦ
2543 831 2696 913 ἡλίου
2733 835 2935 913 μᾶλλον
2963 827 3406 910 διαλάμπουσαν,
3432 827 3528 893 καί
3555 827 3907 913 τῆςΠάκτῖνος
3929 858 4018 911 φα-

2424 909 2732 992 νερωτέραν
2777 910 2964 980 οὖσαν,
3008 919 3103 970 καὶ
3133 909 3264 988 πρὸ
3309 919 3410 989 τῆς
3454 909 3713 973 ἁπάντων
3761 909 4014 992 κετμένην

2423 984 2743 1072 δψεωςηιαὶ
2780 993 2984 1058 πάσαις
3028 997 3148 1060 ταῖς
3185 984 3323 1067 μετά
3358 984 3533 1052 ταῦτα
3568 1003 3785 1066 γενεαῖς
3816 984 4012 1072 παρεκ-

2422 1069 2764 1151 τεινομένην,
2808 1072 2999 1144 ὥσπερ
3028 1076 3123 1129 καὶ
3150 1077 3250 1147 τὴν
3277 1079 3572 1150 προτέραν.
3613 1079 3877 1132 Τοιαῦται
3898 1069 4011 1151 ’γὰρ

2425 1144 2590 1230 αὐτοῦ
2617 1151 2692 1230 αἰ-
2707 1153 3044 1224 προρρήσεις
3066 1156 3121 1208 αἰ
3147 1144 3384 1222 πλείους.
3415 1144 3494 1212 O6
3515 1158 3695 1228 χρόνῳ
3716 1159 3829 1229 γὰρ
3860 1144 4013 1230 περέ-

2422 1224 2639 1304 τοῦνται
2670 1228 2880 1300 βραχεῖ,
2922 1233 3045 1285 οὐδὲ
3074 1237 3154 1298 εἰς
3203 1236 3334 1304 μίαν
3372 1224 3750 1291 συντελοῦνται
3798 1224 4011 1304 γενεάν,

2422 1303 2560 1356 ἀλλά
2589 1309 2724 1360 πᾶσι
2751 1313 2866 1372 τοῖς
2893 1303 3210 1382 ἀνθρώποις
3239 1316 3352 1377 τοῖς
3383 1332 3443 1368 τε
3479 1311 3621 1381 οὖσι,
3662 1318 3777 1378 τοῖς
3814 1303 3874 1368 τε
3903 1317 4016 1368 ἐσο-

2427 1383 2611 1450 μένοις
2637 1384 2812 1450 αὗθις,
2850 1393 2965 1454 τοῖς
2997 1394 3114 1461 μετ’
3137 1393 3401 1457 ἐκείνους,
3435 1398 3528 1448 καὶ
3563 1397 3677 1458 τοῖς
3716 1394 3859 1464 μετά
3898 1394 4017 1448 τούς

2422 1477 2550 1525 τους
2587 1467 2748 1522 πάλιν
2781 1470 2876 1522 καὶ
2906 1471 3011 1533 ἕως
3034 1471 3136 1541 τῆς
3174 1474 3485 1539 συντελείας
3507 1474 4016 1544 παρεκτεινομένοις

2424 1544 2559 1623 πᾶσι
2587 1547 2888 1618 παρέχουσι
2917 1552 3357 1622 καταμανθάνειν
3395 1554 3494 1623 τῆς
3523 1554 3731 1616 οἰκείας
3764 1553 4020 1620 ἀληθείας

2422 1619 2519 1704 τὴν
2546 1625 2720 1695 ἰσχὺν,
2745 1626 2934 1704 ὥσπερ
2962 1619 3199 1686 οὖν’και
3232 1634 3265 1704 ἡ
3314 1619 3578 1703 προτέρα.
3620 1634 3731 1685 Καὶ
3761 1619 3872 1702 γὰρ
3911 1631 4022 1687 ἀπὸ

2422 1703 2523 1806 τῖλε
2573 1705 2791 1806 ἡμέρας
2821 1697 3163 1806 ἧςᾳέιριθην
3198 1697 3380 1806 ,μικιι
3571 1697 3897 1806 σξδνῑξεὶέίσίς,
3923 1711 4016 1806 ῗ⁰⁵

2423 1780 2639 1846 αἰῶνος,
2663 1785 2865 1858 ἕστηκε
2898 1780 3094 1860 βεϐαία
3126 1780 3227 1843 καῖ
3261 1780 3542 1862 ἀκίνητος,
3595 1791 3850 1853 ἀνθοῦσα,
3879 1790 4020 1860 λάμ-

2423 1876 2622 1923 πουσα,
2651 1865 2773 1917 καθ’
2801 1867 3041 1938 ἐκάστην
3074 1869 3403 1940 ἀκμάζουσα
3443 1869 3541 1940 τὴν
3573 1872 3812 1940 ἡμέραν,
3846 1869 4018 1933 αὐξα-

2423 1941 2654 2020 νομένη,
2715 1945 2853 2015 πρὸς
2915 1949 3139 2018 μείζονα
3198 1949 3510 2002 ὲπιδιδοῦσα
3567 1949 3834 2020 δύναμιν,
3885 1952 4020 2004 πᾶσι

2422 2019 2744 2101 παρέχουσα
2775 2027 2891 2088 τοῖς
2937 2027 2996 2093 ἐξ
3044 2030 3255 2082 ἐκείνου
3306 2030 3468 2101 μέχρι
3499 2030 3602 2099 τῆς
3634 2019 3729 2081 τοῦ
3777 2028 4018 2099 Χριστοῦ

2422 2100 2728 2179 πειρουσίας
2756 2102 3040 2175 ἐσομένοις
3069 2108 3137 2160 τά
3174 2100 3424 2179 μέγιστα
3447 2107 3793 2179 καρποῦσθαι
3825 2107 3883 2171 ἐξ
3922 2108 4023 2160 αὐ·-

2421 2175 2522 2260 της
2548 2179 2750 2260 ἀγαθά,
2777 2184 2872 2237 καὶ
2898 2185 3106 2252 ἄφατον
3135 2175 3436 2259 δρέπεσθαι
3465 2175 3565 2260 την
3591 2189 3881 2258 ὠφέλειαν.
3909 2189 4025 2241 Καὶ

2422 2254 2532 2338 γὰρ
2555 2259 2649 2311 καὶ
2680 2262 2729 2313 οἰ
2756 2264 2863 2333 πρὸ
2890 2266 3070 2336 ἡμῶν,
3105 2254 3199 2320 καὶ
3225 2270 3274 2321 οἰ
3308 2269 3413 2338 πρὸ
3443 2254 3689 2330 ἐκείνων,
3719 2268 3814 2319 καὶ
3837 2267 3887 2318 οἱ
3913 2266 4024 2337 πρὸ

2422 2334 2628 2417 τούτων
2676 2334 2954 2412 ἀνωτέρω,
3021 2334 3363 2412 ἐπέγνωσαν-
3399 2346 3571 2417 αὐτῆς
3617 2347 3718 2416 τὴν
3763 2334 4020 2415 δύναμιν,

2420 2415 2685 2498 τοὺςᾉμέν
2712 2421 2984 2492 πολέμους
3015 2425 3251 2494 ὁρῶντες
3298 2415 3554 2488 ἐπιόντας
3592 2415 3754 2498 αὐτῇ,
3782 2427 4024 2489 καὶτοὺς

2422 2495 2722 2576 κινδύνους-
2748 2502 2844 2554 καὶ
2887 2502 2989 2566 τὰς
3027 2505 3291 2575 ταραχὰς,
3335 2507 3462 2568 τοὺς
3493 2495 3759 2576 θορύϐοῦς
3814 2505 3906 2558 καὶ
3954 2505 4026 2557 τὰ

2422 2573 2645 2644 κύματα
2695 2582 2789 2633 καὶ
2829 2583 2960 2644 τοὺς
3005 2573 3317 2653 χειμῶνας·
3373 2573 3645 2654 αὑτὴν-δὲ
3691 2584 3930 2654 ὁρῶντες
3959 2586 4024 2637 οὐ

2422 2659 2984 2731 καταποντιζομένην,
3027 2663 3089 2714 06
3126 2664 3461 2734 νικωμένην,
3503 2664 3563 2716 o6
3613 2662 4024 2734 κρατουμένην,

2421 2734 2484 2787 ού
2508 2735 2902 2810 σϐεννυμένην,
2945 2741 3083 2795 ἀλλά
3125 2743 3419 2810 ἀνθοῦσαν,
3455 2743 3855 2813 αὐξανομένην,
3883 2744 4026 2814 πρὸς

2423 2814 2611 2893 μεῖζον
2665 2816 2799 2886 ὕψος
2839 2820 3221 2893 ἐγειρομένην.
3275 2823 3389 2876 Καὶ
3435 2823 3574 2893 αὕτη
3621 2822 3698 2889 δὲ,
3741 2824 3807 2892 ἢν
3843 2820 4027 2891 μέλλω

2421 2892 2517 2947 νῦν
2553 2897 2720 2966 ἐρεῖν,
2748 2897 2976 2970 τοιαύτη
3005 2901 3088 2962 τίς
3117 2892 3267 2954 ἐστιν
3297 2905 3378 2965 εἰς
3415 2903 3475 2955 τὸ
3505 2892 3675 2966 δεῖξαι
3725 2902 3893 2956 αὐτοῦ
3921 2901 4026 2972 τὴν

2425 2974 2580 3043 ἰσχὺν
2604 2977 2699 3029 καὶ
2732 2979 2834 3049 τὴν
2875 2980 3134 3051 ἀλήθειαν
3164 2981 3273 3033 τῶν
3308 2981 3637 3052 εἰρημένων.
3671 2982 3767 3045 Τίς
3791 2982 3850 3033 δέ
3867 2983 4025 3033 ἐστιν

2420 3052 2596 3124 αῦτη;
2632 3056 2908 3112 Εἰσελθὼν
2960 3077 3091 3113 ποτε
3138 3062 3218 3124 εἰς
3266 3060 3357 3114 τὸν
3405 3061 3530 3116 ναὸν
3563 3062 3656 3114 τὸν
3701 3061 4021 3123 Ἰουδαϊκὸν,

2421 3134 2688 3190 ἀνθοῦντα
2715 3139 2836 3192 τότε
2869 3141 2962 3192 καὶ
2992 3142 3174 3212 πολλῷ
3203 3141 3470 3194 πάντοθεν
3519 3141 4025 3210 καταλαμπόμενον

2419 3213 2498 3284 τῷ
2527 3218 2735 3288 χρυσίῳ
2764 3219 2857 3272 καὶ
2887 3219 3071 3273 κάλλει
3097 3223 3190 3274 καί
3223 3221 3444 3291 μεγέθει
3464 3221 3782 3289 οἰκοδομῶν,
3824 3220 4026 3289 ἔχοντα

2421 3294 2515 3375 καὶ
2545 3296 2644 3365 τὴν
2673 3297 2840 3369 ἀλλην
2881 3299 3100 3352 ἀπασαν
3140 3302 3292 3375 [580]
3338 3300 3711 3363 πολυτέλειαν,
3765 3301 3865 3371 τὴν
3907 3301 4022 3354 ἀπὸ

2419 3373 2522 3441 τῆς
2552 3376 2769 3446 τέχνης,
2798 3378 2896 3447 τὴν
2925 3380 3033 3432 ἀπὸ
3061 3379 3162 3448 τῆς
3186 3373 3339 3452 ὕλης,
3378 3383 3470 3436 καὶ
3497 3381 3605 3434 τῶν
3639 3380 3900 3452 μαθητῶν
3926 3382 4026 3435 ἐκ·

2422 3453 2829 3526 πληττομένων,
2853 3459 2904 3511 τί
2939 3453 3135 3530 φησιν;
3169 3463 3291 3530 Οὐχ
3333 3459 3508 3529 ὁρᾶτε
3550 3461 3738 3514 ταῦτα
3775 3458 3981 3512 πάντα
4001 3475 4025 3523 ;

2433 3535 2613 3605 Ἀμὴν
2648 3540 2804 3609 λέγω
2837 3540 3002 3609 ὑμῖν,
3041 3543 3114 3595 οὐ
3135 3540 3222 3610 μὴ
3243 3541 3422 3609 μείνῃ
3449 3534 3565 3594 ὧδε
3591 3542 3762 3604 λίθος
3792 3539 3893 3592 ἐπὶ
3927 3538 4024 3592 ,ιιο

2422 3617 2560 3667 θον·
2595 3617 2693 3686 τὴν
2724 3620 2862 3687 μετά
2879 3621 3054 3674 ταῦτα
3092 3620 3259 3674 αὑτοῦ
3296 3620 3656 3690 κατασκαφὴν
3691 3618 3890 3689 δηλῶν,
3921 3619 4025 3688 τὴν

2423 3696 2832 3767 πανωλεθρίαν,
2869 3701 2970 3770 τὴν
3017 3700 3278 3770 ἐρημίαν,
3313 3701 3373 3753 τὸ
3418 3700 3660 3772 ἐρείπιον
3702 3700 3763 3751 τὸ
3804 3697 3902 3750 νῦν
3961 3701 4026 3751 ἐν

2433 3771 2833 3846 Ἰεροσολύμοις
2854 3794 2866 3806 ⁸
2903 3777 3001 3830 καὶ
3032 3778 3142 3850 γάρ
3178 3780 3422 3848 ἐρείπιον
3454 3771 3645 3833 ἐκεῖνα
3678 3778 3750 3830 τὰ
3781 3778 4026 3847 λαμπρὰ

2422 3855 2517 3906 καὶ
2544 3859 2818 3929 περιφανῆ
2862 3860 3086 3926 γέγονεν
3124 3861 3536 3931 οἰκοδομήματα
3575 3861 3809 3914 ἃπαντα.
3863 3858 4025 3922 Εἶδες

2420 3933 2479 3984 ἐν
2510 3934 2759 4006 ἐκατέρῳ
2791 3938 3033 4007 μεγάλην
3059 3938 3223 3991 αὑτοῦ
3254 3941 3348 3992 καὶ
3383 3940 3590 4007 ἄφατον
3615 3939 3714 4008 τὴν
3749 3938 3930 4005 ἰσχὺν,
3961 3938 4026 3990 ἐν

2422 4012 2500 4082 τῷ
2521 4015 2647 4078 τοὺς
2678 4015 3086 4087 θεραπεύοντας
3131 4018 3292 4072 αὐτὸν
3340 4019 3640 4089 οἰκοδομεῖν
3684 4018 3777 4068 καὶ
3804 4016 4024 4083 αὔξειν,

2421 4091 2480 4143 ἐν
2502 4093 2580 4164 τῷ
2606 4095 2733 4158 τοὺς
2769 4098 3282 4166 προσκεκρουκότας
3307 4100 3386 4160 εἰς
3409 4097 3572 4150 αὑτὸν
3599 4093 3893 4150 ταπεινοῦν
3923 4097 4028 4148 καὶ

2419 4171 2631 4226 όλλύειν
2663 4175 2755 4229 καὶ
2792 4177 3127 4248 προρρίζους
3158 4178 3439 4246 ἀνασπᾷν;
3494 4176 3626 4228 Οὑδέ
3681 4175 3790 4246 γὰρ
3822 4169 3898 4244 ἦν
3930 4174 4027 4228 06-

2419 4249 2609 4322 δαμῶς
2647 4253 2675 4306 ὀ
2720 4254 2847 4318 ναὸς
2900 4256 3161 4320 τοιοῦτος,
3216 4256 3339 4309 οὐδὲ
3398 4253 3570 4318 οὕτως
3614 4255 3877 4324 ἀοίδιμος,
3922 4256 4026 4308 καὶ

2420 4333 2692 4405 τοσαύτης
2722 4335 3016 4390 ἀπολαύων
3045 4336 3362 4407 θεραπείας.
3388 4338 3451 4390 Oi
3472 4337 3580 4408 γάρ
3607 4333 3885 4405 πανταχοῦ
3915 4337 4026 4405 γῆς

2419 4412 2697 4477 οἰκοῦντες
2746 4415 3011 4481 Ἰουδαῖοι,
3064 4417 3158 4471 καὶ
3205 4416 3345 4487 πρὸς
3385 4416 3526 4469 αὐτὰ
3551 4418 3648 4487 τῆς
3683 4417 3786 4484 γῆς
3809 4414 3880 4467 τὰ
3915 4417 4023 4468 πέ-

2423 4508 2579 4573 ρατα,
2617 4493 2798 4548 ἐκεῖσε
2840 4497 3170 4565 ἀφικνοῦντο
3197 4496 3258 4549 τὸ
3285 4496 3534 4572 παλαιὸν,
3580 4496 3730 4566 δῶρα
3777 4495 3875 4548 καὶ
3911 4496 4024 4573 *θυ-

2421 4571 2544 4634 σίας
2581 4573 2677 4625 καὶ
2724 4577 3043 4646 προσφορὰς
3093 4578 3189 4631 καὶ
3228 4565 3488 4646 ἀπαρχὰς
3520 4576 3615 4629 καί
3648 4565 3818 4628 πολλὰ
3844 4566 4025 4646 ἕτερα

2421 4650 2702 4721 φέροντες,
2746 4655 2843 4708 καὶ
2871 4655 2950 4726 τῷ
2981 4657 3082 4727 τῆς
3122 4655 3448 4726 οἰκουμένης
3485 4655 3701 4724 πλούτῳ
3733 4654 4025 4710 καλλωπίο

2420 4732 2605 4803 ζοντες
2635 4734 2727 4786 τὸν
2765 4735 2893 4788 ναόν
2913 4754 2926 4765 ν
2981 4736 3076 4789 καὶ
3105 4736 3305 4800 πάντες
3341 4737 3458 4790 ἐκεῖ
3485 4734 3773 4808 συνέρρεον
3801 4736 3849 4786 οἰ
3881 4738 4023 4792 παν»

2417 4812 2646 4882 ταχόθεν
2693 4813 2935 4867 Ἰουδαῖοι
2966 4815 3319 4886 προσήλυτοι,
3355 4815 3448 4869 καὶ
3480 4814 3616 4867 πολὺ
3647 4809 3716 4885 ἧν
3746 4814 3808 4866 τὸ
3835 4813 4024 4887 ὄνομα

2418 4892 2512 4943 τοῦ
2545 4893 2732 4957 τόπου,
2771 4894 2906 4963 πρὸς
2932 4894 3101 4958 αὐτὰς
3130 4895 3227 4964 τῆς
3265 4893 3588 4967 οἰκουμένης
3616 4893 3714 4955 τὰς
3749 4895 4020 4962 ἐσχατιὰς

2419 4971 2640 5039 φθάνον.
2699 4974 2838 5026 Ἀλλ’
2873 4974 2930 5026 ἓν
2980 4976 3132 5046 ρῆμα
3164 4973 3260 5026 τοῦ
3294 4975 3531 5044 Χριστοῦ
3589 4971 3766 5026 πάντα
3821 4973 4019 5028 ἐκεῖνα

2419 5053 2654 5122 ἠφάνισε
2694 5055 2790 5107 καὶ
2828 5054 3102 5119 ἀπώλεσε,
3144 5056 3240 5108 καὶ
3293 5049 3484 5125 ὥσπερ
3519 5053 3794 5122 κονιορτὸν
3823 5052 3892 5103 ἐκ
3928 5055 4024 5122 μέ-

2421 5149 2513 5184 σου
2568 5133 2824 5202 γενέσθαι
2882 5134 3146 5202 ἐποίησε·
3205 5133 3302 5186 καὶ
3365 5132 3494 5185 ἔνθα
3547 5130 3671 5185 οὐδὲ
3735 5131 4024 5196 Ἰουδαίοις

2419 5214 2615 5278 ἆπασι,
2649 5212 2849 5283 μᾶλλον
2878 5211 2935 5265 δὲ
2972 5213 3091 5265 ούδέ
3129 5215 3244 5276 τοῖς
3287 5209 3494 5282 ἱερεῦσι
3543 5212 3732 5274 πᾶσιν,
3769 5208 3886 5262 ἀλλ’
3937 5212 4025 5264 ἐνὶ

2422 5292 2570 5363 μόνῳ
2603 5293 2682 5362 τῷ
2717 5291 2817 5364 τὴν
2847 5291 3262 5364 ἀρχιερωσύνην
3313 5293 3532 5362 λαχόντι
3577 5293 3806 5345 εἰσιέναι
3857 5288 4021 5363 ἐξῆν,

2418 5373 2515 5424 καὶ
2545 5371 2706 5425 τοῦτο
2732 5373 2882 5437 ἅπαξ
2909 5373 3002 5426 τοῦ
3027 5371 3278 5426 ἐνιαυτοῦ
3311 5373 3473 5440 μόνον
3503 5370 3640 5441 μετά
3682 5371 3876 5440 στολῆς
3920 5372 4025 5426 καὶ

2419 5453 2698 5520 στεφάνων
2729 5454 2822 5506 καὶ
2856 5452 3074 5524 μίτρας,
3118 5453 3212 5505 καὶ
3250 5451 3447 5522 ἐτέρας
3486 5451 3632 5513 τινὸς
3682 5450 3914 5521 ἐσθῆτος
3945 5454 4024 5506 ἰε-

2421 5533 2541 5603 ρᾶς,
2576 5535 2673 5586 νῦν
2705 5534 2801 5586 καὶ
2837 5533 3056 5604 πόρνοις
3091 5534 3188 5587 καὶ
3223 5531 3490 5602 μαλακοῖς
3543 5533 3641 5585 καὶ
3678 5533 4020 5602 ἡταιρηκόσι

2417 5613 2510 5665 καὶ
2537 5615 2746 5682 μοιχοῖς
2775 5613 2983 5678 ἔξεστιν
3007 5613 3329 5668 ἐπιϐαίνειν.
3369 5612 3465 5664 καὶ
3486 5613 3515 5664 ὁ
3545 5611 3772 5664 κωλύων
3800 5611 3984 5677 οὐδείς
4001 5630 4018 5645 ·

2416 5692 2476 5744 τὸ
2501 5693 2611 5763 γὰρ
2635 5694 2788 5763 ῥῆμα
2821 5697 2998 5746 ἐκεῖνο
3031 5693 3258 5746 ἐπελθὸν
3280 5692 3456 5746 πάντα
3473 5693 3702 5763 ἠφάνισε
3734 5692 3830 5744 καὶ
3850 5695 4022 5748 κατέ-

2417 5770 2572 5824 λυσε·
2604 5775 2701 5826 καὶ
2737 5775 2992 5829 τοσοῦτον
3028 5776 3181 5844 μένει
3215 5773 3310 5826 τοῦ
3342 5772 3492 5835 ναοῦ,
3523 5774 3648 5835 ὅσον
3678 5773 3849 5839 δεῖξαι
3883 5776 4021 5831 ἔνθα

2418 5847 2486 5923 ἦν
2516 5853 2545 5904 ὁ
2575 5854 2700 5916 ναὸς
2727 5854 2790 5907 τὸ
2820 5855 3066 5909 παλαιόν.

2510 5947 2793 6015 Ἐννόησον
2816 5947 2998 6001 τοίνυν
3041 5948 3216 6018 πόσης
3242 5948 3338 6002 καὶ
3375 5947 3534 6001 τοῦτο
3585 5949 3896 6021 δυνάμεως.
3950 5954 4017 6005 ΟΞ

2421 6026 2528 6096 γάρ
2556 6029 2795 6082 τοσαῦτα
2844 6027 3186 6095 δυνηθέντες,
3244 6032 3338 6084 καὶ⁵
3391 6028 3560 6084 ἐθνῶν
3613 6031 3707 6086 καὶ
3742 6039 4020 6106 βνσιλέων
