4178 6324
295 379 403 433 833

299 519 449 573 enim
476 515 918 570 comntilitantem
948 514 1064 582 ejus
1090 515 1340 568 virtutem
1362 555 1376 576 ,
1401 513 1490 582 qui
1521 513 1654 566 dixit
1683 530 1695 565 :
1727 512 1896 583 Super

299 607 432 659 hanc
457 615 652 676 petram
675 605 936 671 wdiﬁcabo
963 603 1242 658 Ecclesiam
1268 620 1427 656 meam
1450 644 1477 676 ,ἱ
1493 614 1539 655 et
1566 613 1726 672 portae
1747 603 1897 674 inferi

299 712 403 749 non
430 673 772 762 p‘rtevalebuut
789 695 1023 747 adversus
1052 710 1161 747 eam
1186 693 1396 763 (Matth.
1422 673 1507 747 id.
1532 693 1643 760 t8).
1667 673 1896 746 Numera

298 793 432 853 quot
458 786 671 853 tyranni
697 786 765 838 ab
791 785 882 837 illo
906 792 1148 851 tempore
1173 784 1431 838 adversus
1456 783 1599 835 illam
1622 784 1893 837 instruxe-

303 886 430 930 runt
461 880 630 930 aciem
656 918 671 942 ,
699 886 833 946 ‘quot
858 877 1195 945 gravissimas
1226 877 1662 944 persequutiones
1691 877 1893 930 excita-

302 976 464 1022 runt:
482 984 589 1037 quo
613 969 663 1021 in
687 980 827 1022 statu
849 969 978 1023 fides
1002 969 1158 1024 fuerit
1179 978 1291 1022 toto
1317 969 1425 1030 illo,
1449 969 1590 1038 quod
1614 969 1889 1037 prteteriit,

302 1066 550 1127 tempore
573 1076 586 1110 :
611 1059 825 1128 quando
849 1074 1035 1113 recens
1066 1060 1296 1126 plantata
1325 1068 1440 1113 erat
1464 1101 1477 1124 ,
1505 1059 1718 1129 quando
1741 1069 1890 1114 tene-

301 1148 481 1204 riores
505 1158 659 1204 erant
685 1149 957 1203 hominum
990 1158 1215 1204 mentes.

382 1241 470 1294 15.
496 1241 834 1310 Imperatores
857 1258 1025 1296 omnes
1046 1252 1220 1295 contra
1243 1241 1554 1296 Christianos
1576 1243 1757 1297 bellum
1779 1247 1892 1314 fru-

304 1339 419 1382 stra
435 1340 778 1400 susceperunt.
799 1331 1126 1385 —Gentiles
1151 1325 1299 1386 erant
1326 1333 1698 1401 Imperatores,
1719 1333 1896 1403 Augu-

302 1430 443 1487 stus,
463 1422 728 1488 Tiberius,
746 1420 922 1487 Caius,
941 1422 1102 1488 Nero,
1121 1423 1499 1492 Vespasianus,
1520 1424 1687 1489 Titus,
1709 1432 1762 1478 et
1781 1433 1900 1492 post

303 1511 454 1565 illum
485 1529 672 1567 onines
703 1528 868 1582 usque
895 1515 959 1566 ad
1000 1522 1209 1582 tempus
1248 1515 1388 1568 beati
1427 1512 1758 1569 Constantini
1787 1516 1892 1569 lm-

303 1603 609 1669 peratoris;
638 1618 927 1672 omnesque
955 1604 1050 1668 illi,
1080 1604 1166 1656 alii
1193 1606 1388 1668 minus,
1418 1605 1505 1658 alii
1528 1605 1896 1659 vehementius

306 1692 604 1746 Ecclesium
643 1694 1051 1764 oppugnabant;
1080 1695 1454 1764 oppugnabant
1485 1706 1660 1749 tamen
1686 1711 1895 1750 omnes.

301 1784 460 1848 Quod
489 1785 532 1837 si
562 1786 648 1853 qui
678 1799 862 1838 eorum
891 1785 986 1838 visi
1021 1794 1145 1838 sunt
1174 1786 1353 1838 mitius
1383 1800 1558 1856 agere,
1594 1785 1697 1841 hoc
1726 1787 1895 1856 ipsum

300 1889 486 1931 tamen
514 1878 654 1947 quod
683 1872 1035 1946 Imperatores
1071 1878 1244 1948 palam
1267 1880 1318 1932 in
1347 1880 1614 1947 impietate
1636 1880 1895 1946 viverent,

303 1969 528 2021 materia
552 1967 810 2022 bellorum
833 1977 966 2033 erat,
985 1984 1106 2022 cum
1129 1970 1240 2033 alii,
1259 1970 1347 2037 qui
1371 1969 1498 2038 ipsis
1518 1968 1894 2036 adulabantur,

300 2058 529 2126 gratiam
560 2057 775 2112 illorum
804 2068 1079 2128 captantes
1107 2060 1355 2113 Ecclesiae
1388 2058 1583 2113 bellum
1616 2059 1897 2113 inferrent.

301 2152 561 2205 Attamen
595 2166 782 2204 omnes
813 2151 1113 2220 hujusmodi
1142 2152 1348 2206 insidias
1378 2161 1535 2221 atque
1560 2153 1806 2205 incursus
1827 2151 1902 2203 fa-

301 2243 464 2295 cilius
499 2257 659 2312 quam
701 2257 909 2297 araneae
950 2243 1054 2298 tela
1089 2243 1329 2312 dissipati
1365 2253 1521 2310 sunt,
1550 2245 1705 2298 citius
1743 2259 1900 2313 quam

303 2333 486 2387 fumus
514 2334 675 2388 soluti
705 2343 850 2400 sunt,
887 2337 1125 2389 velocius
1158 2351 1316 2405 quam
1347 2337 1516 2405 pulvis
1554 2337 1901 2391 transierunt.

299 2422 441 2478 Nam
482 2440 604 2478 cum
645 2425 849 2479 insidiis
891 2427 999 2480 suis
1040 2427 1296 2495 majorem
1337 2437 1630 2499 martyrum
1677 2429 1902 2484 chorum

296 2515 605 2584 effecerint,
630 2517 1068 2588 immortalesque
1095 2519 1213 2572 illos
1235 2519 1489 2574 Ecclesia:
1516 2520 1792 2575 thesauros
1818 2537 1902 2575 re-

304 2607 597 2675 liquerint,
629 2609 905 2663 columnas
949 2620 1108 2679 atque
1150 2619 1323 2664 turres
1349 2651 1364 2676 ,
1401 2612 1473 2665 illi
1519 2627 1622 2665 non
1664 2613 1902 2667 viventes

301 2698 506 2765 modo,
537 2699 630 2754 sed
670 2700 831 2754 etiam
873 2703 1106 2765 mortui,
1139 2702 1366 2770 posteris
1410 2718 1615 2772 magna:
1655 2703 1895 2756 utilitatis

302 2792 530 2843 materia
561 2789 682 2844 facti
709 2801 851 2844 sunt.
890 2792 1114 2846 Videsne
1142 2793 1245 2846 vim
1281 2793 1675 2861 praedictionis?
1699 2793 1764 2845 Et
1785 2809 1903 2862 por-

303 2889 376 2933 ιω
404 2882 551 2950 inferi
580 2899 680 2935 non
708 2884 1041 2951 prevalebunt
1068 2883 1306 2938 adversus
1335 2901 1466 2937 eam.
1495 2886 1576 2937 Ab
1606 2884 1690 2938 his
1721 2885 1786 2938 de
1817 2884 1899 2937 fu-

306 2975 444 3027 turis
469 2974 650 3039 crede,
683 2975 882 3028 nullum
912 2976 1026 3030 fore
1051 2976 1139 3045 qui
1166 2976 1408 3029 obsistat.
1434 2976 1488 3031 Si
1517 2978 1657 3030 enim
1686 2991 1804 3030 eum
1836 2991 1902 3029 ex

303 3067 494 3135 paucis
522 3075 796 3120 constaret
821 3108 836 3134 ,
868 3083 988 3120 rum
1021 3083 1155 3120 nova
1184 3082 1270 3121 res
1299 3083 1418 3121 esse
1445 3067 1714 3122 videretur
1738 3110 1751 3132 ,
1780 3083 1902 3121 eum

304 3171 481 3224 nuper
504 3158 735 3226 plantata
757 3158 993 3211 doctrina
1018 3166 1179 3223 esset,
1205 3174 1325 3211 cum
1356 3167 1431 3211 tot
1458 3158 1594 3212 bella
1621 3158 1896 3222 instarent,

303 3257 391 3302 tot
418 3248 650 3318 undique
686 3251 968 3304 commissa
997 3251 1178 3318 prielia
1216 3248 1344 3302 nihil
1375 3257 1698 3318 potuerunt,
1730 3263 1902 3318 neque

302 3340 737 3409 praevaluerunt;
780 3351 980 3410 quanto
1031 3341 1200 3410 magis
1244 3355 1386 3395 nunc
1432 3355 1553 3394 cum
1598 3340 1900 3394 universam

304 3439 503 3484 terram
534 3439 794 3502 occupat,
826 3447 1146 3501 omnemque
1187 3431 1383 3496 locum,
1412 3440 1623 3486 montes
1645 3473 1660 3497 ,
1692 3431 1857 3486 saltus
1884 3473 1898 3496 ,

300 3523 508 3588 colles;
547 3524 744 3578 etenim
783 3506 839 3578 et
877 3527 1046 3578 maria
1084 3533 1137 3578 et
1178 3532 1365 3594 gentes
1402 3525 1502 3578 sub
1542 3525 1658 3579 sole
1699 3526 1899 3594 positas

300 3626 495 3666 omnes
528 3613 910 3682 apprehendit;
941 3629 1063 3668 eum
1105 3615 1348 3684 impietas
1389 3616 1529 3684 apud
1566 3631 1762 3684 paucos
1790 3615 1898 3684 jam

301 3703 584 3768 obtineat,
627 3711 787 3773 atque
830 3721 971 3770 am,
1016 3707 1248 3775 templa,
1289 3706 1429 3762 idola
1470 3709 1649 3760 omnia
1693 3707 1898 3761 sublata

301 3792 524 3858 fuerint,
556 3794 689 3850 festa
716 3797 862 3863 item,
895 3797 1251 3863 initiationes,
1284 3796 1480 3864 fumus,
1511 3800 1667 3853 nidor
1691 3807 1744 3853 et
1771 3813 1898 3868 pro-

303 3886 448 3941 fana:
475 3888 777 3943 conciones.
821 3890 1099 3956 Quomodo
1131 3891 1290 3961 igitur
1321 3892 1440 3945 talis
1481 3901 1730 3961 tantaque
1771 3907 1858 3946 res
1882 3932 1898 3958 ,

301 3984 391 4030 tot
415 3977 606 4033 oblatis
635 3979 1029 4048 impedimentis
1054 4021 1070 4046 ,
1103 3989 1210 4035 tam
1237 3983 1583 4051 conspicuum
1611 3983 1771 4037 ﬁnem
1801 3981 1898 4037 ha-

303 4067 503 4133 buerit,
526 4077 580 4122 et
605 4069 804 4123 exitum
831 4070 1038 4124 veritati
1071 4069 1229 4126 iidem
1257 4070 1560 4138 facientem,
1585 4073 1686 4126 nisi
1711 4073 1893 4126 divina

299 4161 548 4230 quaedam
578 4169 634 4216 et
659 4161 854 4216 invicta
882 4164 1050 4217 virtus
1075 4173 1216 4218 esset
1240 4164 1376 4232 ejus,
1402 4165 1492 4233 qui
1520 4167 1634 4218 1ΙὶΕο
1656 4165 1899 4235 praedixit

300 4259 360 4305 et
392 4252 648 4320 perfecit?
675 4244 844 4308 Nemo
872 4269 1002 4308 sane
1031 4254 1111 4308 his
1141 4256 1542 4321 contradixerit,
1576 4257 1678 4311 nisi
1708 4257 1890 4310 admo-

245 4358 248 4360 ‘
301 4341 436 4395 dum
467 4343 723 4409 insaniat,
758 4359 821 4399 ac
846 4355 1024 4401 mente
1072 4355 1258 4416 captus
1294 4348 1382 4401 sit.
1420 4347 1602 4417 Neque
1637 4349 1751 4403 haec
1781 4357 1897 4403 tan-

301 4443 424 4488 tum
447 4475 462 4500 ,
491 4435 587 4490 sed
614 4436 775 4490 etiam
806 4437 906 4490 alia
937 4438 1183 4493 vaticinia
1213 4439 1328 4506 ejus
1364 4439 1613 4492 invictam
1643 4440 1897 4494 virtutem

300 4528 685 4597 pramuntiant.
717 4527 846 4582 Nam
873 4543 993 4583 cum
1021 4529 1168 4584 omni
1189 4531 1412 4584 veritate
1440 4529 1611 4584 futura
1634 4532 1897 4600 praedixit,

302 4629 365 4674 et
405 4618 468 4672 ad
511 4620 670 4674 finem
701 4619 962 4687 deduxit,
996 4637 1171 4691 neque
1201 4623 1312 4676 fieri
1343 4632 1518 4693 potest
1545 4631 1601 4677 ut
1630 4623 1899 4693 quidpiam

299 4727 371 4766 ex
418 4710 573 4766 dictis
621 4712 736 4782 ejus
776 4714 1005 4768 excidat.
1055 4714 1167 4768 lmo
1205 4715 1362 4768 citius
1401 4717 1592 4784 peribit
1629 4716 1817 4771 ezelum
1847 4725 1902 4770 et

302 4811 474 4867 terra,
493 4816 650 4872 quam
675 4803 889 4874 aliquod
916 4806 1200 4859 verborum
1229 4813 1321 4860 aut
1348 4806 1747 4875 pnedictionum
1776 4808 1893 4877 ejus

301 4893 430 4955 falsi
459 4895 911 4964 arguatur.Quod
943 4897 1114 4966 ipsum
1157 4896 1247 4951 ille
1275 4906 1397 4951 ante
1435 4913 1613 4951 rerum
1652 4905 1900 4953 eventum

300 4997 596 5051 enuntians
617 5039 632 5061 ,
665 4997 743 5050 sic
785 4996 930 5051 clare
958 4996 1027 5051 de
1056 4997 1232 5051 verbis
1259 4997 1370 5052 suis
1407 4998 1640 5067 loquitur
1667 5016 1680 5050 :
1708 4997 1901 5053 Caelum

300 5098 355 5144 et
397 5098 530 5142 terra
571 5089 886 5154 transibunt,
922 5088 1070 5143 verba
1114 5097 1281 5142 autem
1321 5105 1434 5142 mea
1475 5106 1576 5143 non
1618 5091 1902 5145 transibunt

301 5185 322 5252 (
350 5179 539 5234 Matth.
568 5180 659 5234 24.
687 5178 812 5253 55).
841 5178 1003 5249 quue
1022 5180 1146 5249 jure
1170 5179 1360 5235 merito
1389 5198 1402 5235 :
1431 5195 1536 5234 non
1565 5181 1709 5236 enim
1739 5181 1900 5237 verba

300 5281 691 5340 tantum‘sunt,
724 5273 818 5328 sed
849 5274 939 5328 Dei
968 5273 1131 5328 verba
1150 5313 1165 5337 ,
1197 5287 1293 5343 per
1320 5288 1439 5342 quas
1464 5289 1552 5328 res
1581 5273 1898 5328 conduntur.

298 5365 400 5423 Sic
427 5366 617 5420 celum
643 5364 789 5432 fecit,
822 5364 900 5420 sic
920 5373 1138 5430 terram,
1168 5379 1337 5431 mare,
1364 5364 1552 5431 solem,
1585 5366 1662 5420 sic
1687 5365 1902 5435 angelo-

299 5475 428 5516 rum
457 5458 671 5525 cboros,
705 5459 783 5514 sic
809 5458 942 5512 alias
969 5457 1261 5512 invisibiles
1287 5457 1530 5520 virtutes,
1556 5457 1698 5527 quod
1723 5457 1902 5512 decla-

297 5567 435 5611 rans
462 5553 725 5622 pmpheta
754 5549 965 5605 dicebat
991 5566 1004 5602 :
1036 5548 1156 5619 Ipse
1185 5549 1334 5616 dixit,
1366 5558 1413 5602 et
1441 5553 1581 5620 facta
1608 5558 1764 5614 sunt;
1793 5550 1902 5620 ipse

295 5643 589 5711 mandavit,
613 5652 660 5696 et
685 5651 851 5696 creata
875 5652 988 5694 sunt
1013 5639 1181 5712 (Psat.
1209 5640 1334 5695 148.
1360 5639 1414 5710 5)
1444 5657 1458 5694 :
1482 5640 1549 5696 de
1574 5641 1720 5694 omni
1741 5639 1900 5694 simul

293 5745 574 5801 creatura,
591 5744 704 5790 tum
727 5748 977 5807 superna,
1002 5742 1110 5788 tum
1133 5731 1268 5788 infra
1284 5732 1474 5804 posita,
1500 5741 1618 5788 tum
1635 5731 1896 5796 sensibili,

301 5840 428 5887 tum
441 5826 789 5884 intellectuali
811 5866 830 5894 ,
853 5834 964 5882 tum
993 5839 1248 5896 corporea
1269 5866 1285 5893 ,
1315 5834 1424 5880 tum
1456 5825 1765 5896 incorporea
1786 5865 1802 5891 ,
1833 5838 1896 5879 ea

880 395 1154 454 CONTRA
1191 393 1473 450 JUDAEOS
1513 398 1598 452 ET
1637 396 1992 464 GENTILES,
2034 397 2218 466 QUOD
2257 400 2596 458 CHRISTUS
2633 403 2735 458 Sl'l‘
2778 405 2972 460 DEUS.

3485 402 3593 456 854

2007 514 2376 582 pronuntians.
2402 514 2529 569 Illud
2553 517 2711 587 igitur
2731 518 2797 574 de
2821 519 3053 574 Ecclesia
3077 521 3381 576 vaticinium
3409 533 3589 577 osten-

2003 604 2098 668 dit,
2120 613 2175 657 ut
2198 620 2356 671 supra
2385 605 2514 671 dixi,
2542 608 2800 674 veritatis,
2832 609 3200 679 providentim,
3227 611 3480 666 bonitatis
3500 628 3598 666 cu-

2004 709 2182 764 raeque
2206 696 2321 763 ejus
2347 696 2758 765 magnitudinem
2789 707 2845 753 et
2872 700 3271 754 excellentiam.

2077 784 2160 838 16.
2205 787 2316 852 Age
2353 801 2481 856 ergo
2519 795 2575 841 et
2615 789 2770 842 aliam
2813 792 3212 860 przedictionem
3259 800 3548 846 tractemus
3574 833 3590 858 ,

2003 889 2122 944 qua
2148 877 2260 930 sole
2291 877 2360 929 sit
2385 878 2600 942 clarior,
2630 879 2897 949 radiisque
2923 882 3038 950 ejus
3064 883 3414 952 splendidior,
3445 899 3594 953 quar-

2001 982 2107 1036 que
2131 975 2258 1021 ante
2285 968 2522 1022 omnium
2555 970 2740 1024 oculos
2770 973 2869 1025 sita
2893 1014 2906 1036 ,
2938 973 3004 1026 ad
3042 988 3230 1029 omnes
3259 974 3466 1029 futuras
3494 991 3591 1044 gen

2003 1058 2307 1111 nerationes
2332 1060 2664 1125 extendatur,
2694 1061 2831 1116 sicut
2858 1073 2909 1116 et
2937 1064 3099 1130 prior.
3129 1064 3273 1119 Talia
3298 1065 3438 1119 enim
3465 1077 3591 1121 sunt

2007 1146 2255 1216 rleraque
2280 1149 2396 1216 ejus
2416 1151 2662 1205 vaticinia
2693 1169 2705 1204 :
2732 1169 2836 1205 non
2861 1153 3013 1207 brevi
3041 1163 3281 1224 tempore
3303 1160 3595 1209 terminan-

2005 1231 2122 1301 tur,
2154 1252 2324 1306 neque
2362 1239 2413 1292 in
2446 1255 2553 1322 una.
2576 1243 2922 1310 generatione
2946 1244 3319 1313 complentur;
3349 1245 3443 1299 sed
3473 1260 3594 1300 om-

2005 1326 2162 1380 nibus
2192 1328 2494 1383 bominibus
2514 1371 2529 1395 ,
2561 1340 2670 1385 tum
2702 1334 3001 1390 viventibus
3020 1376 3034 1400 ,
3067 1346 3179 1389 tum
3213 1352 3337 1389 mox
3367 1337 3555 1390 futuris
3574 1376 3594 1403 ,

2007 1424 2117 1470 tum
2159 1419 2500 1487 sequentibus
2527 1463 2542 1486 ,
2574 1431 2628 1475 et
2657 1423 2746 1492 qui
2785 1439 2953 1493 usque
2981 1426 3046 1479 ad
3079 1427 3594 1480 consummationem

2005 1519 2182 1573 erunt,
2209 1511 2446 1565 veritatis
2465 1514 2576 1567 sum
2599 1515 2837 1569 notitiam
2862 1517 3119 1584 praebent,
3144 1518 3593 1588 quemadmodum

2005 1609 2058 1653 et
2089 1603 2233 1669 prius
2263 1603 2587 1658 vaticinium.
2616 1605 2749 1660 Nam
2779 1621 2807 1660 a
2838 1623 2939 1675 qua
2973 1609 3059 1662 die
3086 1609 3282 1662 dictum
3312 1618 3396 1663 est
3426 1626 3596 1678 usque

2006 1690 2071 1742 ad
2099 1692 2614 1748 consummationem
2645 1698 2824 1751 saeculi
2851 1697 3002 1751 ﬁrma
3029 1699 3350 1769 immotaque
3377 1701 3594 1766 mansit,

2006 1781 2222 1848 florens,
2243 1784 2468 1854 fulgens,
2491 1788 2540 1840 in
2563 1788 2677 1842 dies
2696 1804 2964 1854 crescens,
2981 1791 3098 1860 plus
3119 1792 3326 1845 roboris
3349 1807 3594 1853 sumens,

2005 1881 2058 1925 et
2085 1874 2330 1927 omnibus
2355 1877 2442 1944 qui
2473 1877 2540 1931 ab
2567 1877 2658 1931 illo
2679 1878 2766 1933 die
2789 1894 2952 1949 usque
2979 1881 3043 1934 ad
3075 1881 3282 1935 Domini
3305 1881 3592 1937 adventum

2007 1961 2164 2016 futuri
2214 1975 2338 2019 sunt
2384 1977 2645 2034 przestans
2670 2011 2684 2036 ,
2717 1979 2772 2022 ut
2811 1971 3072 2025 maximos
3103 1973 3225 2026 inde
3264 1975 3501 2037 fructus,
3542 1984 3598 2027 et
3662 1952 3676 1962 δ

2005 2052 2329 2108 ineffabilem
2370 2057 2647 2113 utilitatem
2679 2061 2911 2128 capiant.
2938 2062 3069 2115 Nam
3096 2063 3184 2132 qui
3215 2073 3338 2116 ante
3380 2079 3478 2118 nos
3498 2106 3513 2129 ,
3545 2075 3598 2118 et

2005 2145 2094 2212 qui
2126 2155 2250 2200 ante
2277 2149 2395 2202 illos
2419 2190 2435 2216 ,
2467 2161 2521 2204 et
2550 2151 2638 2220 qui
2670 2152 2826 2221 longe
2856 2155 3100 2223 superius
3127 2155 3272 2208 fuere
3293 2197 3308 2220 ,
3338 2156 3455 2224 ejus
3486 2158 3596 2209 vir-

2009 2243 2175 2289 tutem
2202 2250 2587 2308 cognoverunt,
2612 2241 2749 2296 bella
2780 2242 3022 2297 videntes
3052 2246 3102 2298 in
3128 2261 3245 2298 eam
3275 2246 3595 2319 ingruentia,

2007 2326 2241 2406 pericula
2262 2368 2277 2392 ,
2307 2329 2559 2385 tumultus
2580 2371 2596 2397 ,
2628 2332 2881 2400 strepitus
2903 2373 2918 2397 ,
2945 2332 3137 2387 ﬂuetus
3161 2374 3176 2398 ,
3207 2343 3552 2403 tempestates
3583 2351 3596 2388 :

2008 2416 2177 2486 ipsam
2215 2433 2343 2474 vero
2371 2436 2545 2489 neque
2573 2422 2650 2476 sic
2680 2424 2971 2494 submergi,
3004 2425 3162 2487 vinci,
3197 2425 3472 2494 superari,
3503 2436 3598 2480 aut

2007 2509 2306 2578 exstingui;
2337 2511 2432 2564 sed
2469 2510 2663 2567 ﬂorere
2684 2554 2698 2578 ,
2729 2528 2974 2568 crescere
2996 2555 3011 2581 ,
3043 2515 3109 2568 ad
3141 2516 3398 2585 majorem
3427 2516 3598 2570 subli-

2009 2601 2244 2655 mitatem
2272 2604 2421 2673 erigi.
2451 2605 2518 2657 Et
2542 2604 2646 2659 hoc
2665 2607 2992 2669 vaticinium,
3020 2607 3161 2676 quod
3189 2624 3330 2662 nunc
3355 2609 3600 2664 dicturus

2008 2707 2146 2756 sum,
2172 2693 2420 2747 idoneum
2448 2703 2529 2748 est
2555 2696 2619 2749 ad
2647 2696 2908 2750 dictorum
2931 2689 3038 2752 vim
3065 2707 3118 2752 et
3145 2700 3421 2754 veritatem
3450 2715 3600 2755 com-

2009 2784 2430 2840 monstrandam.
2469 2787 2746 2854 Quodnam
2789 2800 2870 2862 est
2911 2789 3039 2843 illud
3083 2791 3431 2845 vaticinium?
3467 2793 3599 2847 Cum

2008 2878 2277 2949 ingressus
2307 2883 2593 2943 aliquando
2618 2893 2757 2938 esset
2787 2887 2838 2938 in
2869 2886 3120 2955 templum
3148 2886 3446 2954 Judaicum,
3473 2895 3600 2943 tunc

2006 2971 2223 3036 florens,
2251 2987 2387 3028 auro
2408 2975 2643 3044 fulgens,
2665 2989 2880 3032 necnon
2906 2975 3302 3046 pulchritudine
3335 2981 3600 3049 magnitu-

2007 3062 2236 3133 dineque
2277 3064 2620 3119 :edificiorum
2645 3107 2660 3133 ,
2698 3067 2799 3120 alia
2839 3083 3051 3136 quoque
3093 3069 3405 3124 instructum
3451 3073 3598 3126 omni

2006 3151 2214 3206 artiﬁcii
2248 3154 2592 3224 maternaque
2619 3158 2875 3210 varietate
2895 3198 2908 3221 ,
2939 3157 3253 3214 mirantibus
3283 3160 3559 3229 discipulis
3581 3203 3596 3225 ,

2006 3242 2130 3311 quid
2160 3242 2326 3296 dixit?
2348 3242 2534 3298 Nonne
2557 3245 2731 3298 uidetis
2748 3250 2855 3298 hac
2881 3247 3049 3299 omnia
3068 3247 3093 3299 ?
3118 3249 3273 3301 Amen
3302 3249 3413 3300 dico
3437 3252 3601 3315 vobis,

2007 3348 2107 3384 non
2134 3335 2351 3387 manebit
2378 3335 2508 3403 lapis
2535 3351 2688 3403 super
2712 3335 2936 3403 lapidem
2963 3339 2980 3403 (
3004 3337 3193 3390 Matth.
3221 3327 3310 3391 94.
3340 3338 3375 3390 2
3396 3338 3415 3407 )
3433 3379 3447 3402 ,
3480 3341 3604 3410 ejus

2006 3423 2424 3480 destructionem
2453 3424 2681 3483 futuram
2709 3427 2984 3481 declarans
3006 3471 3018 3491 ,
3049 3429 3435 3483 desolationem
3456 3470 3473 3495 ,
3501 3445 3598 3480 va-

2006 3517 2238 3569 stitatem
2260 3557 2274 3579 ,
2303 3517 2510 3569 ruinam
2529 3559 2545 3583 ,
2578 3533 2696 3587 quae
2722 3533 2863 3572 nunc
2888 3518 3235 3589 Jerosolymis
3265 3529 3346 3573 est
3375 3537 3388 3572 :
3417 3520 3596 3573 omnia

2006 3608 2146 3662 enim
2177 3607 2398 3661 aedificia
2429 3609 2511 3661 illa
2547 3611 2804 3679 praeclara
2834 3612 3226 3680 eonspieuaque
3252 3612 3423 3665 diruta
3449 3623 3596 3665 sunt.

2008 3697 2168 3751 Vides
2198 3698 2250 3752 in
2288 3709 2516 3768 utroque
2542 3716 2788 3769 magnam
2825 3711 2878 3755 et
2909 3702 3227 3757 ineffabilem
3258 3702 3375 3773 ejus
3402 3715 3594 3773 poten-

2007 3787 2154 3853 tiam,
2187 3788 2238 3841 in
2265 3803 2331 3843 eo
2357 3789 2498 3859 quod
2532 3804 2590 3845 se
2628 3792 2868 3846 colentes
2901 3794 3246 3848 aedificaverit
3282 3805 3336 3849 et
3369 3796 3598 3861 auxerit,

2004 3888 2058 3932 et
2083 3879 2135 3932 in
2163 3894 2228 3933 eo
2252 3880 2392 3948 quod
2415 3881 2658 3937 inimicos
2682 3899 2810 3938 suos
2836 3884 3192 3939 humiliaverit
3209 3928 3223 3951 ,
3250 3886 3596 3953 destruxerit,

2005 3969 2364 4040 radicitusqne
2402 3974 2715 4027 sustulerit?
2753 3974 3027 4045 Nusquam
3067 3978 3210 4030 enim
3258 3977 3381 4032 huic
3423 3978 3599 4034 simile

2005 4061 2260 4129 templum
2290 4070 2406 4114 erat
2436 4070 2543 4115 tam
2570 4063 2783 4118 celebre
2805 4105 2823 4130 ,
2857 4074 3001 4120 tante
3031 4067 3173 4119 cultu
3206 4067 3432 4136 insigne.
3465 4067 3598 4122 Nam

2005 4161 2263 4221 quotquot
2291 4152 2491 4224 ubique
2512 4169 2608 4222 per
2636 4155 2820 4209 orbem
2848 4166 3001 4214 erant
3027 4156 3227 4220 Judazi,
3256 4158 3416 4212 etiam
3447 4161 3499 4214 in
3533 4161 3595 4212 li-

2005 4244 2160 4298 nibus
2201 4254 2356 4300 terrae
2386 4247 2566 4315 positi,
2594 4232 2730 4302 istuc
2754 4249 2880 4302 olim
2913 4245 3405 4317 proﬁciscebantur,
3430 4250 3593 4316 dona,

2004 4335 2226 4404 hostias,
2260 4337 2556 4393 oblationes
2575 4379 2592 4406 ,
2619 4340 2881 4408 primitias
2911 4349 2964 4394 et
2994 4340 3159 4394 multa
3188 4342 3286 4394 alia
3319 4342 3554 4396 ferentes
3577 4385 3594 4408 ,

2005 4427 2259 4497 orbisque
2297 4427 2496 4484 divitiis
2534 4430 2787 4498 templum
2827 4430 3177 4495 decorantes,
3209 4415 3503 4501 omnesque
3531 4447 3597 4486 eo

2007 4517 2239 4586 undique
2264 4519 2606 4574 confluebant
2634 4520 2801 4575 Judzei
2833 4520 3071 4574 advenae.
3101 4521 3319 4575 Multum
3350 4531 3467 4575 erat
3496 4522 3598 4576 loci

2007 4624 2221 4675 nomen,
2254 4618 2309 4663 et
2345 4625 2512 4680 usque
2548 4609 2614 4664 ad
2653 4621 2895 4664 estrcma
2932 4611 3078 4665 orbis
3117 4619 3451 4680 pervenerat.
3492 4608 3598 4665 Sed

2009 4718 2169 4756 unum
2200 4702 2399 4757 Christi
2435 4703 2652 4758 verbum
2692 4703 2778 4757 illa
2817 4704 2992 4758 omnia
3024 4703 3220 4757 delevit
3244 4713 3297 4757 et
3325 4702 3554 4772 perdidit
3577 4741 3596 4768 ,

2005 4809 2069 4850 ac
2102 4803 2370 4865 tamquam
2402 4796 2676 4866 pulverem
2715 4796 2782 4850 de
2820 4795 2996 4850 medio
3032 4796 3261 4850 sustulit.
3292 4796 3369 4850 Ac
3398 4811 3503 4864 quo
3530 4811 3600 4849 ne

2005 4885 2202 4941 Judteis
2223 4887 2433 4956 quidem
2452 4887 2717 4954 omnibus,
2740 4887 2844 4942 imo
2860 4902 2960 4940 nec
2978 4885 3364 4950 sacerdotibus,
3385 4885 3481 4940 sed
3498 4887 3598 4940 soli

2006 4993 2215 5032 summo
2240 4978 2500 5033 sacerdoti
2528 4979 2728 5049 ingredi
2759 4978 2972 5044 licebat,
2998 4979 3156 5048 idque
3185 4978 3349 5032 semel
3378 4978 3430 5031 in
3455 4992 3599 5032 anno

2008 5078 2210 5124 tantum
2235 5113 2250 5137 ,
2280 5086 2400 5125 cum
2435 5073 2569 5126 stola
2595 5112 2609 5138 ,
2642 5071 2854 5126 coronis
2893 5079 2947 5124 et
2982 5071 3139 5124 mitra
3159 5111 3174 5135 ,
3205 5070 3416 5140 alioque
3443 5085 3598 5124 sacro

2005 5163 2358 5227 vestimento;
2395 5177 2535 5216 nunc
2560 5170 2612 5216 et
2639 5162 2849 5225 scortis,
2878 5169 2931 5214 et
2960 5160 3212 5217 mollibus
3238 5170 3292 5215 et
3315 5160 3601 5214 etTemina-

2008 5254 2075 5308 tis
2103 5264 2157 5309 et
2181 5255 2402 5310 moechis
2424 5263 2571 5325 patet
2591 5254 2766 5309 aditus
2791 5253 3000 5307 nemine
3025 5253 3359 5323 prohibente.
3384 5252 3518 5306 Nam
3542 5263 3601 5307 ut

2009 5347 2229 5402 verbum
2263 5347 2388 5401 illud
2418 5345 2652 5412 advenit,
2684 5347 2860 5400 omnia
2891 5346 3087 5400 delevit
3114 5354 3169 5400 et
3195 5345 3404 5400 sustulit
3437 5361 3451 5396 :
3479 5354 3598 5400 tan-

2007 5446 2227 5507 tumque
2270 5437 2338 5492 de
2384 5438 2582 5508 templo
2623 5445 2905 5506 superest,
2951 5443 3206 5506 quantum
3243 5437 3375 5490 Satis
3415 5445 3500 5491 est
3541 5444 3601 5489 ut

2006 5531 2340 5594 ostendatur,
2368 5529 2584 5584 ubinam
2614 5529 2866 5600 templum
2896 5530 3023 5584 olim
3054 5538 3218 5584 esset.

2075 5623 2245 5680 Judaei
2258 5625 2496 5695 templum
2507 5633 2789 5679 restaurare
2802 5638 2901 5674 non
2914 5619 3462 5705 potuerunt—Cogita
3471 5634 3602 5689 ergo

2007 5729 2221 5791 quanta:
2256 5730 2312 5775 et
2338 5721 2438 5774 hoc
2475 5719 2545 5772 sit
2585 5719 2814 5794 virtutis.
2847 5715 3056 5772 Etenim
3083 5715 3172 5783 qui
3201 5713 3328 5768 olim
3359 5721 3466 5765 tam
3497 5725 3596 5779 po-

2010 5821 2184 5868 tentes
2210 5820 2382 5879 erant,
2409 5811 2499 5882 qui
2527 5818 2712 5881 gentes
2737 5818 2790 5864 et
2817 5821 2976 5892 reges
2988 5802 3341 5876 superabant,
3357 5802 3449 5873 qui
3463 5800 3588 5856 abs-
