4178 6324
190 394 333 451 835

193 506 659 578 περιγενόμενοι,
681 508 776 563 καὶ
808 510 1081 582 ἀναιμωτὶ
1106 511 1374 585 πολλαχοῦ
1404 515 1658 587 πολέμων
1678 534 1816 589 κρα-

187 596 511 666 τήσαντες,
544 596 636 677 καὶ
670 599 907 671 τρόπαια
955 605 1127 674 μυρία
1168 604 1468 677 στήσαντες
1508 608 1673 662 καινά
1721 608 1816 662 καὶ

190 688 527 760 παράδοξα,
559 673 708 744 οῦτοι
737 691 865 746 ναὸν
898 693 997 747 ἕνα
1034 673 1096 759 ἐξ
1126 673 1338 750 ἐκείνου
1372 697 1535 770 μέχρι
1579 693 1680 769 τῆς
1717 700 1816 771 σή-

192 793 392 850 μερον
427 781 783 852 οἰκοδομῆσαι
810 783 911 836 οὐκ
942 784 1171 854 ἴσχυσαν
1192 804 1206 820 ·
1250 789 1346 842 καὶ
1394 782 1571 843 ταῦτα
1620 790 1813 843 τοσού-

189 886 334 923 των
357 864 627 942 βασιλέων
654 874 964 945 γενομένων
989 880 1082 931 καὶ
1117 882 1582 951 συμπραττόντων
1605 882 1810 948 αὐτοῖς,

190 963 317 1015 καὶ
352 961 587 1033 πλήθους
614 966 871 1019 τοσούτου
923 969 1067 1023 κατά
1112 969 1211 1042 τήν
1255 973 1583 1044 οἰκουμένην
1650 991 1813 1044 κεχυ-

192 1054 410 1123 μένον,
459 1056 555 1109 καὶ
599 1057 899 1134 χρημάτων
954 1062 1226 1117 τοσούτων
1273 1065 1455 1128 αὐτοῖς
1503 1065 1805 1137 παρόντων.

187 1140 375 1210 Εἶδες
410 1146 530 1210 πῶς
564 1147 709 1221 ἅπερ
750 1150 1124 1224 ᾠκοδόμησεν,
1182 1155 1359 1220 οὐδεὶς
1405 1157 1659 1224 καθεῖλε,
1713 1158 1809 1212 καὶ

189 1236 364 1308 ἅπερ
397 1239 667 1304 καθεῖλεν,
698 1242 873 1307 οὐδεὶς
914 1244 1293 1320 ᾠκοδόμησεν;
1341 1249 1672 1322 ᾨκοδόμησε
1706 1250 1808 1323 τὴν

201 1327 579 1401 Ἐκκλησίαν,
608 1334 703 1386 καὶ
738 1335 915 1400 οὐδεὶς
953 1338 1124 1409 αὐτὴν
1166 1339 1416 1395 καθελεῖν
1468 1340 1672 1396 δύναιτ’
1700 1342 1767 1397 ἄν
1788 1358 1802 1372 ·

192 1422 480 1475 κατέλυσε
500 1423 593 1476 τὸν
617 1424 765 1493 ναὸν,
801 1428 895 1481 καὶ
910 1429 1089 1493 οὐδεὶς
1119 1432 1283 1485 αὐτὸν
1309 1434 1614 1505 ἀναστῆσαι
1643 1434 1806 1490 δύνα-

189 1527 327 1575 ται,
366 1508 662 1569 καὶταῦτα
706 1519 765 1571 ἐν
803 1520 981 1593 χρόνῳ
1014 1521 1159 1575 οὕτω
1215 1524 1433 1597 μακρῷ.
1486 1527 1679 1581 Καίτοι
1708 1528 1804 1582 καὶ

189 1601 419 1674 ταύτην
466 1605 743 1684 καθελεῖν
771 1610 1156 1683 ἐπεχείρησαν,
1212 1615 1327 1669 ἀλλ’
1388 1616 1490 1671 οὐκ
1546 1616 1800 1691 ἴσχυσαν·

193 1695 465 1749 κάκεῖνον
509 1699 811 1772 ἀναστῆσαι
870 1704 1231 1774 ἐσπούδασαν,
1280 1707 1399 1763 ἀλλ’
1452 1708 1553 1765 οὐκ
1612 1711 1803 1786 ἐδυνή-

197 1786 405 1859 θησαν.

281 1923 641 1998 Συνεχωρήθη
666 1927 723 1983 δέ
751 1930 848 1984 καὶ
876 1931 1035 1986 τοῦτο
1052 1973 1067 1999 ,
1107 1934 1194 1988 ἴνα
1236 1936 1426 2007 μηδεὶς
1452 1936 1548 2011 ἔχῃ
1576 1939 1755 2010 λέγειν
1780 1982 1797 2008 ,

201 2012 298 2067 ὃτι
331 2016 377 2067 εἰ
403 2017 767 2090 ἐπεχείρησαν
788 2060 803 2085 ,
837 2021 1063 2092 ίσχυσαν
1103 2024 1186 2079 ἄν.
1230 2023 1363 2079 Ἰδοὺ
1400 2029 1531 2097 γοῦν
1555 2032 1650 2084 καὶ
1673 2034 1801 2086 ἐπε-

207 2107 489 2179 χείρησαν,
535 2114 630 2167 καὶ
673 2114 826 2167 οὐδὲν
863 2109 1228 2189 ἠδυνήθησαν.
1261 2120 1370 2173 Καὶ
1402 2121 1512 2193 γὰρ
1556 2122 1649 2175 ἐπὶ
1698 2121 1801 2193 τῆς

202 2202 400 2269 γενεᾶς
424 2204 526 2274 τῆς
559 2206 833 2277 ήμετέρας
853 2209 882 2261 6
922 2210 1131 2275 πάντας
1159 2213 1239 2277 εἰς
1266 2212 1520 2267 ἀσέϐειαν
1567 2216 1798 2286 νικήσας

195 2290 464 2363 βασιλεὺς
504 2297 597 2350 καὶ
643 2292 845 2354 ἔδωκεν
894 2301 1145 2367 ἐξουσίαν
1184 2306 1307 2359 τότε
1336 2307 1430 2359 καὶ
1463 2307 1793 2377 συνέπραξε,

176 2385 298 2457 καὶ
340 2386 439 2441 τοῦ
487 2388 647 2461 ἔργου
675 2392 903 2463 ἥψαντο,
938 2396 1032 2449 καὶ
1062 2396 1186 2451 ούδέ
1236 2399 1435 2470 μικρὸν
1474 2398 1795 2473 προσελθεῖν

189 2478 578 2549 ἠδυνήθησαν,
607 2485 738 2539 ἀλλά
772 2486 885 2559 πῦρ
906 2488 1014 2541 ἀπὸ
1044 2489 1152 2542 τῶν
1184 2488 1451 2560 θεμελίων
1475 2493 1794 2563 ἐκπηδῆσαν

190 2570 418 2635 πάντας
445 2574 644 2639 αὐτοὺς
673 2578 974 2649 ἀπήλασεν.
1016 2581 1141 2635 Ὀτι
1173 2584 1231 2637 δὲ
1262 2583 1665 2655 ἠϐουλήθησαν,
1698 2585 1793 2640 καὶ

190 2663 390 2717 τούτου
422 2665 621 2735 δεῖγμά
644 2670 789 2722 ἐστιν
821 2671 926 2735 ἕως
951 2672 1043 2726 τοῦ
1079 2674 1173 2728 νῦν
1211 2674 1281 2729 τὰ
1321 2675 1550 2747 θεμέλια
1569 2694 1794 2749 γυμνω-

189 2751 383 2819 θέντα,
424 2756 511 2810 ἴνα
559 2759 725 2830 εἰδῇς,
759 2762 841 2814 ὅτι
870 2763 1237 2836 ἐπεχείρησαν
1266 2767 1366 2837 μὲν
1407 2768 1791 2840 διασκάπτειν,

188 2845 551 2918 οἰκοδομῆσαι
575 2849 632 2903 δὲ
658 2852 758 2905 οὐκ
797 2853 1047 2924 ἴσχυσαν,
1085 2855 1189 2927 τῆς
1217 2858 1546 2928 ἀποφάσεως
1582 2861 1791 2933 ταύτης

188 2937 663 3012 ἀντιπραττούσης
695 2944 898 3008 αὐτοῖς.
938 2946 1132 3000 Καίτοι
1161 2965 1225 3017 γε
1256 2950 1350 3003 καὶ
1382 2950 1482 3023 ήδη
1513 2953 1785 3027 κατελύθη

194 3027 228 3080 6
246 3029 372 3092 ναὸς
391 3022 563 3097 οὗτος,
582 3032 676 3086 καὶ
696 3034 836 3104 μετὰ
857 3034 1228 3108 ἐϐδομήκοντα
1244 3040 1338 3113 ἐτη
1357 3022 1783 3111 ἐπανελθόντων,

199 3118 405 3184 εὐθέως
430 3122 649 3195 ἀνέστη,
686 3127 780 3184 καὶ
823 3128 1202 3201 λαμπρότερος
1257 3132 1351 3185 τοῦ
1401 3135 1668 3207 προτέρου
1694 3138 1785 3205 γέ-

195 3228 327 3279 γονε
346 3226 358 3238 ·
386 3216 475 3267 καὶ
518 3215 738 3285 λέγουσι
774 3218 935 3273 τοῦτο
954 3262 968 3285 ,
1002 3220 1154 3295 [581]
1202 3227 1297 3279 καὶ
1329 3230 1783 3298 προαναφωνοῦσι

191 3302 327 3372 πρὶν
359 3304 611 3372 γενέσθαι
651 3309 703 3361 οἱ
735 3312 1033 3383 προφῆται.
1077 3316 1192 3370 Νῦν
1220 3317 1278 3370 δὲ
1330 3321 1782 3391 τετρακοσιοστὸν

182 3392 314 3458 ἔτος
345 3395 618 3471 ὑπερέϐη,
660 3400 757 3455 καὶ
783 3402 904 3457 οὐδέ
929 3403 1108 3461 ἐννοιά
1148 3425 1254 3473 τις,
1298 3410 1421 3465 οὐδὲ
1459 3412 1778 3482 προσδοκία,

176 3486 307 3541 οὐδὲ
339 3487 492 3553 ἐλπὶς
528 3491 623 3545 τοῦ
658 3494 942 3561 φανεῖσθαι
989 3498 1154 3553 πάλιν
1190 3502 1375 3557 αὐτόν.
1406 3503 1600 3559 Καίτοι
1631 3506 1686 3560 τί
1717 3508 1779 3563 τὸ

178 3578 401 3633 κωλῦον
425 3576 513 3654 ῆν.
540 3584 588 3637 εί
616 3584 690 3656 μή
718 3586 838 3642 θεία
859 3588 1089 3661 δύναμις
1112 3588 1181 3664 ἦν
1200 3597 1231 3666 ή
1252 3594 1686 3668 ἀντιπίπτουσα;
1713 3600 1776 3655 οὐ

172 3672 487 3743 χρημάτων
540 3679 829 3749 περιουσία
881 3683 1049 3755 πολλὴ
1089 3687 1219 3758 παρ’
1271 3689 1495 3757 αύτοῖς;
1547 3694 1608 3746 ού
1650 3695 1777 3761 τοὺς

169 3763 445 3819 ἁπάντων
490 3770 832 3841 πανταχόθεν
881 3773 1081 3846 φόρους
1131 3779 1380 3850 συνάγων
1433 3785 1461 3837 ό
1503 3786 1775 3859 πατριάρ-

170 3869 332 3925 χης,
358 3852 623 3927 ἀπείρους
659 3858 925 3933 κέκτηται
958 3863 1305 3938 θησαυρούς;
1349 3871 1449 3926 οὐκ
1491 3852 1682 3947 ἰταμὸν
1708 3852 1772 3930 τὸ

166 3941 359 4007 ἔθνος,
387 3945 491 3999 οὐκ
510 3948 886 4020 ἀναίσχυντον,
916 3955 975 4007 οὐ
1019 3956 1340 4026 φιλόνεικον,
1373 3962 1434 4017 οὒ
1464 3941 1734 4036 προπετὲς
1752 4007 1768 4035 ,

162 4032 241 4085 οὗ
278 4033 685 4106 πολεμοποιόν;
727 4041 788 4095 οὐ
831 4043 1017 4098 πολλοὶ
1058 4048 1199 4103 κατά
1229 4050 1330 4122 τήν
1368 4032 1766 4130 Παλαιστίνηνξ
1860 4082 1863 4085 ·

159 4123 240 4176 οὐ
276 4124 461 4180 πολλοὶ
494 4130 637 4183 κατά
678 4132 778 4204 τήν
812 4135 1097 4210 Φοινίκην;
1128 4141 1188 4193 οὐ
1231 4143 1418 4198 πολλοὶ
1452 4123 1764 4220 πανταχοῦξ

163 4215 307 4279 Πῶς
340 4213 430 4272 οῦν
454 4220 556 4275 οὐκ
588 4221 813 4294 ἴσχυσαν
846 4227 950 4283 ἕνα
964 4232 1270 4305 ἀναστῆσαι
1298 4238 1444 4305 ναὸν,
1470 4242 1563 4295 καὶ
1590 4244 1766 4300 ταῦτα

156 4305 414 4376 ὁρῶντες
464 4311 565 4383 τὴν
629 4314 884 4399 λατρείαν
910 4320 1119 4391 ιαῦτοῖς
1170 4325 1419 4383 ἐντεῦθεν
1484 4334 1763 4405 πανταχοῦ

138 4397 580 4494 ,πεπεδημένηλ
610 4407 704 4460 καὶ
729 4409 799 4463 τὰ
837 4397 1103 4469 Ἶουδαῖκά
1136 4415 1232 4488 ἔθη
1260 4420 1627 4494 ήφανισμένα,
1666 4397 1764 4483 καὶ

154 4486 241 4542 τὰ
270 4488 379 4542 τῶν
405 4491 625 4561 θυσιῶν,
649 4499 743 4552 καὶ
768 4500 838 4554 τά
881 4502 991 4557 τῶν
1022 4511 1369 4581 προσφορῶν,
1419 4514 1514 4568 καὶ
1559 4517 1628 4571 τά
1653 4519 1761 4575 τῶν

154 4575 347 4633 ἄλλων
388 4582 496 4636 τῶν
542 4587 800 4643 τοιούτων
846 4593 1093 4666 νομίμων
1149 4600 1493 4673 ἀνῃρημένα,
1548 4626 1763 4664 πεπαυο

161 4673 493 4745 μέναςούτε
526 4678 635 4753 γὰρ
663 4682 859 4753 στῆσαι
889 4685 1094 4758 βωμὸν,
1127 4691 1251 4746 οῦτε
1295 4694 1494 4763 θυσίαν,
1538 4701 1759 4775 ἀνενεγ-

156 4767 311 4831 κεῖν,
347 4768 408 4821 οὐ
442 4773 680 4841 σπεῖσαι,
703 4774 763 4828 οὐ
786 4777 1053 4847 πρόϐατον
1082 4783 1367 4851 ἐπιθεῖναι,
1391 4789 1450 4841 ού
1484 4767 1753 4865 θυμίαμα,

150 4856 268 4911 οὐκ
323 4858 631 4930 ἀναγνῶναι
682 4866 864 4938 νόμον,
900 4872 999 4943 οὐχ
1031 4874 1225 4948 ἐορτήν
1279 4881 1610 4954 ἐπιτελέσαι,
1654 4888 1754 4944 οὐκ

150 4948 294 5002 ἄλλο
326 4967 379 5005 τι
415 4952 524 5006 τῶν
559 4957 818 5015 τοιούτων
868 4963 1055 5029 αὐτοῖς
1084 4968 1242 5034 ἐκτὸς
1290 4971 1400 5029 τῶν
1456 4978 1748 5054 προθύρων

145 5042 390 5097 ἐκείνων
412 5045 561 5118 ἐξῆν.

228 5179 317 5245 ιζ’.
338 5180 497 5259 Ἀλλά
516 5186 607 5240 καὶ
625 5190 684 5242 ἐν
697 5189 979 5251 Βαϐυλῶνί
996 5214 1126 5251 ποτε
1145 5202 1446 5273 γεινόμενοι,
1464 5213 1560 5266 καὶ
1578 5212 1747 5283 ἀναγ-

138 5275 447 5345 καζόμενοι
471 5279 626 5351 παρά
661 5282 769 5335 τῶν
814 5285 1092 5358 πολεμίων
1131 5291 1389 5361 ψάλλειν,
1426 5300 1526 5354 οὐκ
1554 5275 1739 5371 εἶξαν,

135 5367 273 5422 οὐδὲ
326 5368 663 5441 ὑπήκουσαν,
699 5377 1037 5448 αἰχμάλωτοι
1086 5385 1181 5436 καὶ
1222 5386 1398 5443 δοῦλοι
1429 5391 1580 5458 ὅντες
1616 5367 1737 5461 τοῖς

134 5458 437 5524 δεσπόταις
485 5468 872 5523 κακοποιοῦσιν
908 5472 1135 5537 αὐτούς·
1174 5475 1311 5531 ἀλλά
1352 5482 1444 5533 καὶ
1480 5487 1737 5555 πατρίδος

797 395 1076 454 CONTRA
1115 396 1410 456 JUDEOS
1447 396 1539 455 ET
1574 398 1940 468 GENTILES,
1981 401 2175 470 QUOD
2213 401 2567 461 CHRISTUS
2607 404 2718 460 SIT
2759 404 2965 463 DEUS.

3406 408 3511 461 836

1923 519 2045 583 τῶν
2074 519 2359 589 ποταμῶν
2402 519 2768 587 Βαϐυλῶνος
2805 521 2935 575 ἐκεῖ
2975 520 3367 590 ἐκαθίσαμίν,
3415 523 3515 575 καί

1921 611 2329 682 ἐκλαύσαμεν,
2370 612 2458 666 ὅτι
2491 612 2891 681 ἐπηρώτησαν
2928 611 3087 681 ἡμᾶς
3123 615 3179 666 οἱ
3216 613 3517 681 αἰχμαλω-

1921 704 2247 770 τεύσαντες
2274 703 2435 775 ἡμᾶς
2466 705 2691 775 λόγους
2728 703 2917 771 ᾠδῶν.
2965 703 3097 771 Πῶς
3133 703 3364 774 ᾷσομεν
3398 703 3519 772 τὴν

1919 791 2087 862 ᾠδὴν
2136 794 2361 863 Κυρίου
2390 795 2490 848 ἐπὶ
2540 794 2655 864 τῆς
2688 795 3014 863 ἀλλοτρίας
3034 812 3053 858 ;
3100 795 3210 848 Καὶ
3247 796 3367 848 οὐδὲ
3403 794 3516 865 ἔχει

1918 901 2002 948 τις
2030 887 2226 951 εἰπεῖν,
2264 886 2346 939 ὅτι
2384 885 2475 940 διὰ
2514 886 2613 957 τὴν
2652 888 2888 959 ἀπορίαν
2921 886 3028 939 τῶν
3066 888 3314 958 ὀργάνων
3353 887 3517 941 τοῦτο

1919 978 2171 1031 ἐποίουν·
2215 980 2311 1032 καὶ
2343 978 2453 1052 γὰρ
2486 979 2643 1033 αὐτοὶ
2673 980 2951 1034 τεθείκασι
2975 979 3071 1051 τὴν
3106 978 3286 1033 αἰτίαν
3333 980 3494 1034 εἰπόν

1916 1087 2008 1133 τες
2027 1087 2041 1099 ·
2068 1069 2204 1137 Πῶς
2226 1069 2460 1141 ᾷσομεν
2489 1071 2606 1141 τὴν
2628 1071 2795 1141 ᾠδὴν
2816 1074 3039 1141 Κυρίου
3061 1071 3159 1125 ἐπὶ
3192 1070 3307 1141 γῆς
3325 1072 3514 1126 ἀλλο-

1915 1160 2119 1227 τρίας;
2151 1160 2262 1213 Καὶ
2290 1160 2362 1214 τὰ
2395 1161 2603 1233 ὄργανα
2651 1162 2707 1215 δέ
2747 1164 2865 1235 μετ’
2909 1162 3088 1217 αὐτῶν
3123 1157 3213 1233 ἦν.
3254 1163 3352 1213 Ἐν
3398 1162 3510 1232 γὰρ

1912 1252 2045 1318 ταῖς
2068 1252 2251 1321 ἰτέαις
2270 1255 2341 1308 ἐν
2354 1254 2524 1325 μέσῳ
2541 1254 2741 1311 αὐτῶν
2756 1255 3177 1335 ἐκρεμάσαμεν
3193 1256 3264 1310 τὰ
3286 1256 3511 1326 ὄργανα

1911 1342 2104 1413 ἡμῶν,
2134 1346 2319 1417 φησίν.
2374 1346 2514 1401 Ἀλλ’
2549 1348 2671 1401 ούδέ
2713 1348 2974 1420 νηστείαν
3020 1348 3306 1419 νηστεύειν
3349 1348 3500 1419 ἐξῆν.

1912 1436 2025 1491 Καὶ
2051 1437 2211 1493 τοῦτο
2238 1440 2416 1512 δηλῶν
2438 1441 2630 1506 ,αὐτοῖς
2659 1444 2687 1495 6
2716 1445 3003 1514 προφήτης
3034 1442 3187 1512 ἔλεγε
3209 1460 3223 1474 ·
3261 1443 3316 1498 Μ
3324 1446 3361 1514 ἡ
3407 1463 3508 1514 νην

1911 1527 2125 1581 στειαν
2151 1531 2597 1598 νενηστεύκατέ
2619 1549 2723 1601 μοι
2757 1531 2863 1601 ἔτη
2886 1533 3320 1602 ἐϐδομήκοντα,
3344 1535 3510 1604 λέγει

1908 1619 2126 1687 Κύριος
2142 1634 2163 1684 ;
2192 1621 2316 1675 Ὀτι
2366 1621 2425 1674 δὲ
2477 1622 2601 1677 ούδέ
2653 1623 2837 1689 θύειν,
2871 1625 2995 1679 οὐδὲ
3054 1625 3304 1679 σπένδειν
3354 1625 3505 1697 ἐξῆν,

1908 1710 2144 1767 ἄκουσον
2176 1713 2285 1767 τῶν
2307 1714 2475 1785 τριῶν
2515 1715 2724 1770 παίδων
2749 1716 3039 1787 λεγόντων,
3062 1721 3185 1774 Οὐκ
3206 1719 3382 1774 ἐστιν
3402 1720 3507 1789 dp-

1906 1822 2052 1873 χων,
2087 1804 2233 1859 οὐδὲ
2259 1806 2595 1876 προφήτης,
2650 1809 2794 1863 οὐδὲ
2843 1812 3201 1881 ἡγούμενος,
3228 1812 3373 1866 οὐδὲ
3416 1813 3508 1866 τό-

1907 1914 2023 1965 πος
2057 1899 2165 1954 τοῦ
2194 1900 2506 1969 καρπῶσαι
2532 1900 2792 1956 ἐνώπιόν
2819 1918 2937 1958 σου
2964 1904 3066 1958 καί
3089 1904 3287 1973 εὑρεῖν
3304 1905 3499 1972 ἕλεος.

1888 1990 2021 2043 Ὸύκ
2068 1986 2240 2057 εἶπεν,
2278 1993 2394 2047 Οὐκ
2435 1992 2585 2048 ἔστιν
2628 1994 2828 2066 ἱερεὺς,
2866 1996 3125 2068 παρῆσαν
3156 1996 3264 2069 γὰρ
3305 1998 3499 2068 ίερεῖς·

1905 2078 2023 2135 ἀλλ’
2053 2082 2139 2136 ἵνα
2173 2083 2354 2155 μάθῃς
2381 2086 2549 2139 ὅτιτὸ
2571 2088 2679 2140 πᾶν
2705 2085 2799 2140 τοῦ
2832 2086 2998 2140 τόπου
3036 2083 3125 2159 ἦν,
3158 2088 3252 2141 καὶ
3281 2090 3314 2162 ή
3346 2104 3503 2159 νομο-

1905 2178 2059 2227 θεσία
2092 2178 2245 2229 πᾶσα
2266 2178 2383 2229 ἐκεῖ
2411 2177 2742 2243 συνεδέδετο,
2774 2174 2950 2245 εἶπεν,
2986 2180 3109 2233 Οὐκ
3130 2179 3263 2234 ἐστι
3292 2180 3499 2247 τόπος.

1904 2265 2015 2318 Καὶ
2052 2266 2104 2318 τί
2137 2266 2284 2337 λέγω
2313 2268 2463 2347 θύειν
2497 2270 2593 2323 καὶ
2647 2270 2897 2347 σπένδειν
2917 2289 2939 2347 ;η
2968 2272 3091 2325 οὐδὲ
3129 2271 3320 2336 ἀπλῶς
3360 2272 3499 2327 ἀνα-

1902 2356 2105 2424 γνῶναι
2128 2359 2220 2415 τὸν
2239 2344 2403 2433 νόμον
2419 2362 2546 2435 ἐξῆν
2570 2344 2775 2427 αὑτοϊςέ
2804 2365 2898 2418 καὶ
2921 2344 3232 2436 τοῦτὸρποτε
3246 2364 3501 2434 ἐγκαλῶν

1900 2448 1988 2501 έτε
1996 2467 2089 2520 ρος
2122 2453 2407 2525 προφήτης
2424 2454 2607 2525 ἐλεγε’
2637 2456 3120 2528 Καὶάνέγνωσαν
3141 2458 3258 2525 ἔξω
3285 2459 3496 2530 νόμον,

1900 2540 2001 2593 καί
2017 2539 2472 2599 ἐπεκαλέσαντο
2490 2548 2819 2619 ὁμολογίαν
2834 2567 2846 2581 ο
2862 2550 2924 2603 οὐ
2941 2549 3146 2622 πάσχα,
3158 2551 3220 2605 οὐ
3238 2569 3502 2624 πεντηκο-

1902 2632 2054 2702 στὴν,
2070 2633 2148 2705 ¹οὐ
2176 2638 2579 2708 σκηνοπηγίαν,
2607 2640 2707 2694 οὐκ
2730 2640 2859 2696 ἄλλο
2884 2642 2991 2695 τῶν
3016 2644 3279 2699 τοιούτων
3310 2646 3496 2700 ἐπιτε-

1898 2722 2053 2777 λέσαι
2093 2725 2269 2780 οὐδέν.
2329 2728 2470 2784 Ἀλλ’
2508 2731 2657 2802 ὅμως
2711 2732 2934 2799 εἰδότες,
2971 2737 3053 2790 ὅτι
3086 2737 3261 2792 ταῦτα
3314 2737 3496 2794 πάντα

1896 2815 2223 2871 ἀπέκλεισεν
2251 2818 2440 2886 αὐτοῖς
2475 2823 2509 2894 ή
2550 2820 2701 2897 [582]
2730 2824 2822 2878 τοῦ
2857 2826 3025 2880 τόπου
3055 2830 3361 2901 ἐρήμωσις,
3388 2834 3494 2889 κᾶν

1894 2908 2216 2981 ἐπιχειρῶσί
2268 2928 2401 2975 τισι,
2467 2916 2913 2987 παρανομοῦντες
2969 2919 3344 2994 ἐπιχειροῦσι,
3397 2928 3495 2982 καὶ

1892 2998 2049 3071 δίκην
2097 3001 2289 3055 τούτου
2322 3001 2581 3069 διδόασιν,
2622 3007 2725 3061 οὐκ
2763 3008 2991 3079 ἴσχυσαν
3017 3011 3110 3065 τὸν
3138 3013 3323 3080 τόπον,
3368 3011 3492 3087 ἐνῷ

1890 3092 2064 3147 ταῦτα
2088 3094 2267 3149 πάντα
2313 3093 2442 3168 ἐξῆν
2468 3097 2613 3153 κατὰ
2633 3100 2798 3175 νόμον
2830 3103 3192 3173 πράττεσθαι,
3243 3109 3490 3182 ἀναστῆ-

1893 3200 1984 3238 σαι
2012 3185 2107 3238 καὶ
2144 3185 2359 3258 στῆσαι.
2411 3188 2477 3242 Ἡ
2502 3190 2613 3263 γὰρ
2643 3191 2875 3263 δύναμις
2906 3196 3000 3250 τοῦ
3043 3199 3284 3271 Χριστοῦ
3310 3204 3344 3274 ή
3386 3204 3490 3277 τὴν

1903 3277 2231 3351 Ἐκκλησίαν
2264 3282 2695 3355 οἰκοδομήσασα,
2722 3284 2863 3360 αὕτη
2892 3291 2986 3344 καὶ⁵
3022 3292 3213 3348 τοῦτον
3241 3296 3485 3354 καθεῖλε.

1888 3370 2000 3424 Καὶ
2056 3374 2287 3442 προεῖπε
2320 3376 2415 3428 καὶ
2473 3375 2636 3431 τοῦτο
2680 3381 2710 3434 6
2749 3383 3057 3454 προφήτης,
3088 3386 3171 3440 ὅτι
3211 3387 3306 3442 καὶ
3343 3406 3487 3462 παρ-

1886 3461 2043 3516 έσται
2087 3464 2116 3517 6
2154 3464 2390 3535 Χριστὸς
2442 3467 2747 3524 καὶταῦτα
2775 3472 3095 3542 ἐργάσεται,
3127 3477 3307 3532 καίτοι
3338 3461 3486 3551 μετὰ

1884 3552 1984 3623 τὴν
2016 3554 2396 3626 αἰχμαλωσίαν
2419 3559 2733 3643 γενόμενος.
2768 3564 2968 3618 Ἄκουε
2993 3566 3051 3620 δέ
3095 3568 3191 3623 καὶ
3226 3570 3281 3623 τί
3307 3588 3444 3643 φησι
3464 3589 3479 3603 ·

1883 3644 1996 3698 Καὶ
2042 3645 2115 3698 ἐν
2164 3647 2309 3717 ὑμῖν
2362 3632 2960 3721 συγκλεισθήσονται
2993 3658 3200 3727 θύραι,
3235 3632 3337 3715 καί
3364 3632 3480 3718 οὐκ

1882 3734 2179 3804 ἀνθάψεται
2208 3736 2276 3791 τὸ
2305 3742 2747 3813 θυσιαστήριόν
2768 3764 2884 3815 μου
2922 3750 3174 3817 δωρεάν.
3208 3756 3329 3809 Οὐκ
3344 3758 3479 3812 ἐστι

1874 3842 1975 3895 μοι
1998 3828 2227 3897 θέλημα
2243 3830 2314 3884 ἐν
2336 3832 2499 3901 ὑμῖν,
2522 3834 2613 3890 ὅτι
2626 3836 2743 3891 ἀπὸ
2765 3838 3081 3907 ἀνατολῶν
3096 3844 3279 3911 ἡλίου
3297 3848 3476 3920 μέχρι

1878 3917 2131 3989 δυσμῶν
2154 3923 2222 3977 τδ
2244 3923 2435 3995 δνομά
2462 3945 2579 3997 μου
2600 3929 2963 3997 δεδόξασται
2994 3937 3064 3989 ἐν
3087 3938 3213 4007 τοῖς
3242 3917 3475 4009 ἔθνεσι,

1877 4010 1978 4064 καὶ
2001 4012 2071 4065 ὲν
2099 4014 2283 4069 παντί
2325 4018 2487 4083 τόπῳ
2527 4022 2793 4091 θυμίαμά
2828 4042 2933 4093 μοι
2961 4028 3330 4099 προσάγεται
3371 4036 3474 4092 καὶ

1876 4107 2061 4161 θυσία
2096 4108 2347 4178 καθαρά.
2380 4105 2534 4175 Εἶδες
2561 4112 2680 4176 πῶς
2706 4116 2896 4185 σαφῶς
2924 4119 3018 4172 καὶ
3043 4119 3136 4173 τὸν
3161 4122 3473 4198 ἰουδαὶσμὺν

1874 4196 2120 4264 ἐξέϐαλε,
2149 4201 2243 4253 καὶ
2279 4201 2372 4254 τὸν
2401 4204 2815 4275 χριστιανισμὸν
2865 4207 3031 4273 ἔδειξε
3070 4196 3468 4286 διαλάμποντα,

1874 4289 1966 4341 καὶ
1995 4289 2271 4367 πανταχοῦ
2299 4291 2399 4363 τῆς
2436 4293 2541 4364 γῆς
2579 4295 2979 4367 ἐκτεταμένον;
3012 4303 3120 4357 Καὶ
3145 4304 3237 4359 τὸν
3266 4308 3468 4378 τρόπον

1871 4377 1928 4431 δὲ
1949 4378 2047 4450 τῆς
2082 4366 2339 4453 λατρείας
2386 4384 2657 4454 ἐδήλωσεν
2689 4366 2876 4459 ἕτερος
2912 4392 3108 4447 πάλιν·
3141 4398 3257 4451 Καὶ
3286 4366 3470 4469 προσ,

1870 4469 2259 4539 κυνήσουσιν
2313 4474 2475 4542 αὐτῷ
2528 4475 2786 4545 ἕκαστος
2808 4482 2879 4535 ἐκ
2902 4484 3008 4539 τοῦ
3030 4486 3218 4543 τόπου
3250 4492 3462 4563 αὐτοῦ,

1868 4559 1970 4613 καὶ
1995 4560 2446 4619 δουλεύσουσιν
2475 4568 2637 4635 αὐτῷ
2670 4572 2790 4624 ὑπὸ
2836 4571 3013 4643 ζυγὸν
3042 4575 3153 4632 ἕνα
3174 4596 3187 4611 ο
3222 4567 3318 4636 καὶ
3345 4559 3465 4639 Ere;

1869 4668 1963 4722 ρος
1986 4652 2176 4707 πάλιν·
2208 4656 2509 4724 Παρθένος
2551 4659 2655 4714 τοῦ
2700 4659 2951 4731 Ἰσραὴλ
2994 4667 3345 4737 ἕσφιιλλενο
3385 4678 3460 4731 οὐ

1858 4745 1947 4815 μὴ
1979 4745 2215 4814 ἀναστῇ
2266 4747 2375 4803 ἔτι.
2433 4751 2543 4803 Καὶ⁸
2601 4752 2631 4803 ὁ
2664 4754 2864 4827 Δανιὴλ
2918 4756 2973 4810 δὲ
3005 4760 3193 4829 σαφῶς
3240 4764 3459 4822 ἅπαντα

1863 4838 2036 4891 ταῦτα
2066 4838 2355 4910 διηγεῖται,
2390 4842 2474 4895 ὅτι
2494 4842 2671 4897 πάντα
2702 4846 3021 4919 ἀρθήσεται,
3058 4853 3154 4906 καὶ
3180 4854 3341 4911 θυσία
3364 4862 3458 4915 καὶ

1864 4930 2092 5003 σπονδὴ,
2126 4934 2220 4986 καὶ
2254 4932 2463 5005 χρίσμα
2509 4936 2605 4989 καὶ
2640 4940 2835 5008 κρῖμα.
2883 4940 3047 4997 Ἀλλά
3104 4945 3279 5000 ταῦτα
3319 4951 3452 5021 μὲν,

1859 5024 2022 5095 ήνίκα
2062 5025 2127 5078 ἂν
2165 5025 2304 5096 πρὸς
2344 5026 2631 5093 Ἰουδαίους
2664 5031 2935 5103 λέγωμεν,
2985 5038 3318 5112 σαφέστερον
3358 5047 3455 5098 καὶ

1856 5116 2150 5189 εὐρύτερον
2188 5120 2607 5193 ἀναπτύξομενο
2656 5125 2797 5189 τέως
2828 5127 2887 5181 δὲ
2931 5131 3031 5200 τῆς
3075 5137 3452 5210 προκειμένης

1856 5208 2111 5279 ἐχώμεθα
2133 5210 2275 5274 ὁδοῦ,
2292 5212 2403 5267 τῶν
2421 5214 2663 5286 ἀνοήτων
2693 5216 2959 5289 Ἑλλήνων
2985 5222 3085 5295 τὴν
3114 5208 3447 5294 φιλονεικίαν

1851 5301 2207 5371 διορθοῦντες.
2230 5304 2369 5358 Οῦτε
2400 5307 2484 5360 σοὶ
2502 5310 2731 5380 νεκροὺς
2760 5306 2914 5365 εἶπον
2944 5316 3288 5387 ἐγερθέντας,
3320 5321 3445 5377 οὔτε

1849 5394 2082 5466 λεπροὺς
2117 5397 2568 5471 καθαρισθέντας,
2603 5404 2689 5458 ἵνα
2722 5406 2796 5476 μή
2824 5406 3007 5481 λέγῃς,
3028 5411 3212 5485 Ψευδῆ
3244 5415 3439 5483 ταῦτα,

1848 5488 2080 5559 κόμπος,
2113 5490 2309 5560 μῦθος,
2350 5492 2434 5556 τίς
2475 5489 2614 5562 εἶδε;
2657 5497 2741 5559 τίς
2779 5499 3046 5571 ήκουσεν;
3084 5506 3145 5558 Οί
3191 5506 3441 5575 εἰπόντες

133 5550 475 5615 ἐκπεσόντες
517 5556 611 5607 καί
660 5556 991 5631 ἐλευθερίας.
1036 5566 1131 5618 καὶ
1190 5570 1317 5638 περὶ
1355 5570 1416 5622 τὸ
1461 5572 1560 5644 ζῇν
1595 5550 1732 5629 αὑτό
1844 5550 1930 5631 ὂτί
1952 5550 2546 5653 ἐσταυρώθηςκαὶϋὲπὶ
2579 5550 3263 5663 κόρρῆςιπληγάςνέλαϐεν,
3289 5550 3436 5657 οἶδτοῖ

666 5648 678 5663 .
730 5650 743 5663 .
820 5652 833 5663 .
961 5654 973 5663 .
1203 5658 1238 5663 .-

1501 5638 1525 5644 .,
2125 5638 2136 5652 .
2259 5638 2292 5653 ιι
2514 5638 2539 5639 νν
2601 5638 2781 5660 "rr'I'
2824 5638 3029 5663 ’ωηο-’ν
3053 5638 3263 5663 """""!
3289 5638 3436 5657 “"V'

133 5638 567 5709 κινδυνεύοντες,
595 5648 687 5700 καὶ
714 5650 790 5713 ὡς
817 5652 874 5705 ἐν
907 5654 1047 5726 μέσῃ
1077 5658 1264 5727 παγίδι
1291 5664 1411 5724 ταῖς
1437 5667 1592 5736 χερσὶ
1620 5668 1729 5721 τῶν
1841 5668 2016 5725 ταῦτα
2064 5673 2319 5742 εἰρήκασι
2342 5691 2356 5704 θ
2390 5675 2517 5739 Πῶς
2562 5672 2663 5732 οῦν
2718 5681 2778 5734 ἐν
2823 5684 3053 5749 ἐκείνοις
3087 5686 3437 5756 ἀξιοπίστους

133 5730 417 5756 \_:1..----.
452 5735 548 5756 ξ.--
578 5737 633 5756 x,
749 5741 761 5756 ι
972 5746 985 5756 .
1081 5748 1091 5756 .
1371 5753 1375 5756 .
1872 5755 1877 5756 ,

1439 5730 1468 5732 η
1504 5730 1515 5736 -
2117 5730 2127 5742 .
2173 5730 2183 5742 .
2496 5730 2513 5739 -
2724 5730 2768 5734 η
2826 5730 3049 5749 ---η-ν,
3088 5730 3430 5756 “unm”...

127 5730 417 5786 λαϐόντων
446 5735 867 5810 ἀπειλημμένοι,
905 5746 1251 5818 κελευόμενοι
1287 5753 1385 5823 τὴν
1412 5756 1556 5828 ᾠδήν
1581 5758 1728 5829 ᾄδειν
1839 5755 1982 5815 εἶναι
2010 5763 2264 5832 νομίζων,
2298 5767 2357 5818 ἐν
2373 5766 2583 5832 τούτοις
2608 5771 2958 5849 ἐπιλαμϐάνῃ
2977 5777 3085 5830 τῶν
3101 5779 3430 5852 εἰρημένων,

129 5822 356 5852 ι..-ι.;....
398 5826 496 5852 -.1...
522 5830 604 5852 ιλ
661 5834 710 5852 ,σε
810 5836 822 5852 9
919 5839 931 5852 ο
1142 5843 1164 5852 ..
1334 5848 1370 5852 μ-

1342 5822 1349 5823 ’
1427 5822 1439 5828 ν
1511 5822 1522 5826 ”
1590 5822 1601 5829 ’
2074 5822 2085 5832 “
2147 5822 2161 5827 ⁷
2252 5822 2261 5828 ⁷
2563 5822 2580 5832 "
2744 5822 2912 5842 ⁷Ί“’“⁷“’
2930 5822 2958 5849 ἱ.
2988 5822 3078 5830 ⁷-⁷
3101 5822 3423 5852 ’”ΓἹΓ’“”⁹¹Ἰ

128 5822 356 5891 tuum
397 5826 496 5893 τὴν
517 5830 605 5885 διὰ
644 5834 751 5887 τῶν
799 5836 1067 5903 ὀργάνων.
1109 5843 1281 5908 οὕτως
1330 5848 1542 5915 ἔλεγοψ
1590 5856 1721 5910 Ἐπὶ
1838 5852 1914 5918 ὡς
1945 5854 2003 5907 οὐ
2028 5854 2443 5928 γεγενηρ.ένων;
2471 5861 2663 5915 Καίτοι
2697 5880 2760 5933 γε
2789 5867 2837 5919 εί
2866 5868 3002 5937 πρὸς
3037 5863 3198 5934 χάριν
3229 5866 3324 5923 τοῦ
3344 5868 3423 5924 δι-

501 5924 775 5987 Ρδτιιοι..
824 5930 941 5990 (in.
996 5933 1042 5989 Χ
1060 5934 1184 5993 LVI
1201 5935 1274 5995 iI.

3054 5968 3135 6029 ΞΟ
