4178 6324
286 371 407 426 837

277 493 414 536 runt
500 497 564 536 ac
607 490 816 537 temere
859 481 1161 553 frustraque
1197 480 1548 547 jactitarunt,
1586 493 1648 534 ea
1695 479 1895 533 tacuis-

281 583 438 636 sent,
485 586 607 643 qua:
637 574 804 628 tristia
836 574 1297 644 ignominiosaque
1343 569 1485 640 apud
1535 571 1730 625 multos
1789 569 1889 624 ha-

286 664 578 718 bebantur.
600 663 717 717 Jam
752 679 880 719 vero
900 664 975 718 illi
1004 663 1194 718 lterum
1217 662 1497 718 veritatem
1528 661 1889 728 declarantes,

285 753 346 809 ἧι
402 753 507 807 illis
539 754 776 808 maxime
815 754 1082 808 immorati
1108 762 1253 819 sunt,
1285 751 1574 820 omniaque
1611 750 1894 820 diligenter

281 845 615 912 copioseque
647 852 984 912 tractarunt,
1033 859 1134 900 nec
1164 860 1328 915 parvo
1361 858 1467 900 nec
1509 857 1703 912 magno
1751 857 1890 914 quo-

289 934 435 1002 piam
493 937 857 1002 praetermisso
883 975 901 1001 ,
955 935 1050 990 sed
1094 937 1338 1006 insignis
1380 946 1434 992 et
1481 934 1751 989 miraculis
1777 935 1893 1004 plu-

287 1024 426 1078 rima
469 1033 798 1090 tacuerunt;
840 1027 896 1079 in
948 1025 1272 1081 cruciatibus
1299 1037 1478 1082 autem
1514 1035 1572 1079 et
1623 1027 1718 1091 iis,
1770 1040 1890 1096 qua:

287 1114 646 1185 ignominiosa
707 1116 1066 1185 videbantur,
1136 1118 1427 1189 plurimum
1487 1119 1840 1175 immorantes
1869 1157 1888 1186 ,

285 1206 470 1259 omnia
517 1220 705 1262 omnes
745 1215 993 1262 accurate
1031 1209 1565 1283 narrarunLVerum
1599 1221 1730 1278 ago
1758 1209 1891 1264 nillil

285 1296 486 1350 borum
516 1296 655 1365 apud
703 1306 755 1351 te
793 1313 1266 1368 commemorans,
1307 1300 1478 1372 signa,
1526 1303 1781 1373 inquam,
1836 1309 1893 1355 et

286 1389 550 1443 miracula
580 1429 594 1452 ,
625 1397 682 1443 ut
725 1404 790 1445 ex
845 1389 1138 1444 abundanti
1167 1406 1382 1448 omnem
1438 1392 1766 1462 impudentis
1791 1391 1893 1444 lin-

287 1495 416 1548 gua:
445 1479 678 1535 furorem
731 1495 1068 1550 compescam
1097 1523 1115 1550 ,
1164 1498 1227 1538 ea
1276 1498 1396 1552 qua:
1444 1498 1587 1538 nunc
1614 1484 1886 1547 videntur,

287 1564 420 1641 'quaa
461 1588 572 1641 pra:
613 1573 852 1628 omnium
902 1575 1069 1628 oculis
1114 1577 1284 1644 posita
1359 1585 1484 1631 sunt
1513 1615 1529 1640 ,
1586 1587 1706 1646 quae
1771 1576 1898 1631 sole

291 1662 557 1730 clariora,
588 1678 710 1732 qua:
756 1664 953 1733 ubique
997 1665 1050 1720 in
1100 1674 1211 1720 toto
1266 1667 1397 1721 orbe
1442 1667 1723 1737 dispersa,
1768 1682 1887 1738 qua:

291 1756 604 1807 universum
668 1764 932 1825 occupant
976 1756 1268 1822 mundum,
1323 1766 1595 1828 totamque
1641 1771 1888 1813 naturam

291 1844 601 1910 excedunt,
646 1854 795 1914 gesta
822 1886 836 1909 ,
878 1861 996 1915 qua:
1025 1848 1183 1901 unius
1228 1847 1320 1903 Dei
1347 1859 1503 1915 sunt,
1534 1864 1617 1913 ea,
1649 1849 1884 1919 inquam,

293 1935 355 1987 in
399 1934 629 1987 medium
663 1934 878 1989 adduxi.
923 1936 1059 2001 Quid
1083 1935 1258 2004 dicis,
1299 1953 1406 1993 non
1449 1939 1721 1994 suscitavit
1747 1956 1889 1994 mor-

297 2023 624 2077 tuosINum
665 2024 796 2078 illud
840 2025 1000 2081 etiam
1044 2026 1223 2082 dicere
1277 2036 1462 2097 petes,
1513 2029 1784 2086 Ecclesias
1833 2031 1886 2085 in

301 2112 433 2167 orbe
488 2129 596 2167 non
651 2117 822 2169 esse?
872 2118 954 2170 An
1002 2117 1152 2172 dicas
1182 2119 1388 2174 insidiis
1443 2137 1549 2176 non
1625 2124 1888 2192 appetitas

297 2215 456 2271 esse,
507 2221 616 2260 non
656 2221 939 2277 superasse
983 2224 1083 2264 nec
1129 2211 1406 2267 victuriam
1458 2216 1776 2283 reportare?
1821 2217 1892 2271 At

290 2296 750 2363 quemadmodum
789 2298 896 2354 dici
935 2315 1042 2355 non
1070 2309 1246 2371 potest
1280 2304 1450 2359 solem
1495 2321 1600 2360 non
1629 2323 1783 2376 esse,
1812 2309 1891 2364 sic

284 2400 474 2457 neque
519 2388 640 2444 tunc
678 2389 788 2446 dici
831 2401 1076 2462 possunt.
1111 2393 1249 2462 Quid
1301 2399 1477 2467 ergo?
1520 2398 1712 2454 Annon
1742 2398 1891 2456 vides

865 367 1146 424 CONTRA
1182 368 1470 426 JUDEOS
1508 371 1597 427 ET
1639 370 2006 437 GENTILES,
2045 367 2239 437 QUOD
2279 361 2630 424 CHRISTUS
2668 359 2776 416 SIT
2811 360 3013 416 DEUS.

3478 357 3586 416 838

1997 475 2207 532 Judaici
2257 475 2446 546 templi
2502 476 2712 531 ruinam
2759 476 2812 530 in
2866 477 3027 531 totius
3085 475 3230 532 orbis
3301 489 3592 547 conspectu

1998 567 2269 638 positam?
2307 567 2416 622 Cur
2461 582 2568 623 non
2623 575 2800 624 tecum
2855 566 2958 623 hoc
3006 579 3261 638 reputas:
3295 569 3396 624 nisi
3452 568 3595 625 Deus

1998 667 2180 726 esset,
2208 657 2454 728 Deusque
2483 657 2636 713 fortis
2661 698 2677 723 ,
2705 657 2976 729 quomodo
3004 660 3240 714 cultores
3268 659 3384 729 ejus
3411 661 3590 715 vexati

1992 749 2325 820 ctexagitatl
2351 751 2423 803 ita
2467 759 2800 815 creverunt,
2833 750 2922 819 qui
2964 759 3143 805 autem
3173 750 3322 805 illum
3377 752 3590 807 crucifi-

1997 849 2233 906 xerunt,
2285 850 2340 895 et
2400 840 2696 906 laeserunt;
2767 841 2841 895 ita
2884 840 3078 909 deiecti
3147 850 3316 908 sunt,
3373 849 3431 896 ut
3482 851 3590 896 tota

1995 932 2269 1002 republica
2318 947 2413 987 sua
2450 931 2802 998 exciderent,
2847 940 2903 986 et
2954 932 3107 1001 vagi,
3163 947 3418 996 errones,
3463 948 3593 1001 pru-

1994 1023 2105 1096 fugi
2129 1025 2492 1091 circumeant,
2524 1040 2621 1080 nec
2667 1025 3008 1094 quantumvis
3032 1024 3286 1080 diuturno
3346 1033 3593 1095 tempore

1987 1119 2308 1176 alterutrum
2351 1132 2539 1174 eorum
2577 1118 2811 1174 solutum
2840 1123 3212 1187 mutatumque
3264 1116 3388 1172 est?
3428 1117 3592 1188 Atqut
3697 1180 3700 1183 η

1993 1212 2252 1268 adversus
2269 1210 2573 1267 Romanum
2588 1211 2869 1281 imperium
2892 1210 2967 1276 bi,
2995 1209 3185 1274 Judrei,
3213 1209 3452 1280 inquam,
3481 1208 3596 1265 bel-

1995 1304 2104 1359 lum
2134 1310 2521 1374 susceperunt,
2566 1317 2718 1356 arma
2769 1310 3087 1367 moverunt,
3133 1299 3408 1370 multoque
3450 1309 3592 1355 tem-

1984 1409 2126 1471 pore
2169 1392 2297 1449 illud
2351 1400 2762 1464 oppugnarunt,
2805 1392 2914 1447 imo
2989 1390 3275 1461 aliquando
3322 1391 3592 1455 vicerunt.

1994 1499 2094 1539 nec
2138 1500 2299 1555 parva
2330 1487 2543 1556 negotia
2572 1486 2815 1541 fecerunt
2841 1484 3092 1553 Augustis
3122 1483 3261 1537 illius
3288 1481 3546 1551 temporis
3567 1496 3592 1540 ε

1995 1584 2138 1630 tanta
2186 1587 2342 1631 erant
2406 1578 2646 1646 potentia
2705 1577 2976 1631 instructi.
3033 1578 3284 1630 Altamen
3330 1575 3423 1644 qui
3469 1586 3594 1628 cum

1991 1674 2074 1720 tot
2100 1665 2514 1738 lmperatoribus
2540 1667 2680 1723 bella
2729 1675 3058 1738 gesserunt,
3106 1667 3196 1735 qui
3241 1673 3386 1720 tanta
3431 1678 3598 1735 pecua

1991 1758 2205 1814 uiarum
2238 1797 2255 1823 ,
2311 1773 2633 1826 armorum,
2701 1758 2930 1812 militum
3004 1759 3054 1810 vi
3123 1757 3431 1826 pollebant,
3502 1756 3596 1826 qui

1989 1851 2159 1906 duces
2207 1851 2520 1906 innumeros
2563 1850 2912 1920 repulerunt,
2958 1865 3120 1904 unum
3164 1851 3401 1904 excitare
3454 1859 3595 1904 tem-

1987 1944 2142 2015 plum
2192 1955 2299 1995 non
2344 1951 2675 2012 potuerunt;
2724 1941 2819 1996 sed
2866 1955 3164 2013 synagogas
3217 1939 3432 2009 quidem
3496 1953 3596 2009 per

1989 2036 2152 2090 urbes
2178 2039 2498 2090 exstruxere
2539 2033 2769 2096 multas;
2802 2033 2976 2087 locum
3022 2046 3150 2086 vero
3178 2030 3327 2085 illum
3370 2029 3459 2100 qui
3489 2029 3596 2084 rei-

1995 2127 2221 2196 publicae
2274 2138 2385 2179 sua:
2431 2123 2634 2194 praebet
2661 2123 3034 2179 auctoritatem
3061 2164 3076 2188 ,
3107 2121 3197 2177 ubi
3234 2136 3448 2176 omnem
3477 2121 3597 2177 cul-

1994 2226 2106 2272 tum
2155 2219 2468 2286 persolvere
2522 2225 2950 2283 consueverant,
3023 2225 3183 2285 atque
3225 2209 3365 2270 unde
3411 2212 3597 2269 Iudai-

1993 2304 2142 2363 smus
2163 2307 2540 2376 constituitur,
2573 2307 2714 2362 hunc
2734 2348 2749 2376 ,
2781 2307 2997 2377 inquam
3028 2346 3042 2374 ,
3071 2300 3248 2362 selum
3295 2305 3598 2362 instaurare

1995 2413 2102 2458 non
2143 2409 2452 2471 potuerunt.
