4178 6324
650 400 752 454 859

1337 405 1393 459 S.
1436 404 1726 460 JOANNIS
1764 406 2248 466 CHRYSOSTOM!

2354 409 2638 471 RCIIIEP..
2666 410 3219 471 CONSTANTINOP.

3814 418 3948 492 sco,

654 581 3899 645 W

662 605 679 606 κ
1024 605 1049 606 ,,
1082 605 2829 617 ,,c,,__________________

1188 838 1308 924 ΙΝ
1412 821 1841 931 LIBROS
1922 838 2241 932 OCTO

2334 837 2820 931 CONTRA
2902 840 3397 935 JUDIEOS

1916 1127 2635 1247 MONITUM.

728 1584 839 1640 llas
889 1595 1082 1641 contra
1133 1586 1353 1642 Iudaeos
1411 1590 1849 1646 concertationes
1908 1599 2234 1646 memoratas

655 1687 895 1744 vidimus
930 1689 1069 1743 libro
1102 1690 1452 1759 prmcedcnti,
1482 1705 1589 1744 non
1621 1692 1779 1761 quasi
1806 1692 1920 1761 jam
1953 1692 2236 1747 institutas

654 1800 709 1847 et
742 1791 796 1844 in
828 1791 1060 1858 publicis
1084 1793 1442 1847 conciouihus
1480 1794 1715 1859 habitas,
1767 1793 1863 1848 sed
1903 1796 2063 1863 quasi
2099 1810 2253 1862 praet

654 1900 881 1960 paratas
914 1910 926 1944 :
965 1892 1158 1946 Daniel
1186 1901 1386 1952 autem,
1427 1892 1606 1968 inquit
1644 1892 2093 1963 Chrysbstomus,
2126 1897 2236 1948 haec

655 1991 836 2045 omnia
872 2001 1047 2059 aperte
1073 2000 1287 2055 narrat,
1323 1992 1563 2045 universa
1603 2007 1782 2060 nempe
1814 1992 2047 2046 tollenda
2101 2010 2232 2059 esse,

656 2090 908 2153 has-tiam,
940 2090 1189 2155 libamen,
1220 2091 1538 2153 unctionem,
1563 2090 1851 2159 judicium.
1882 2090 2073 2145 Verum
2103 2093 2236 2161 Ιιωε,

656 2192 871 2259 quando
930 2192 1183 2243 adversus
1233 2189 1452 2244 Judwos
1519 2207 1811 2245 sermonem
1871 2192 2231 2259 instituemus,

657 2292 859 2344 clarius
897 2291 1170 2361 fusiusque
1215 2278 1608 2371 (explicabimus
1632 2308 1652 2345 .'
1690 2290 1849 2344 Ἀλλὰ
1880 2292 2052 2345 ταῦτα
2114 2293 2238 2363 μὲν,

656 2394 823 2465 ἡνίκα
866 2392 931 2445 ἂν
965 2393 1105 2464 πρὸς
1123 2394 1251 2455 τοὺς
1274 2392 1561 2457 Ἰουδαίους
1593 2393 1874 2465 λέγωμεν,
1902 2397 2237 2467 σαφέστερον

658 2495 754 2547 καὶ
783 2494 1077 2565 εὐρύτερον
1114 2495 1517 2566 ἁναπτύξομεν.
1562 2493 1712 2552 Hanc
1744 2512 1872 2552 vero
1904 2508 2237 2567 postremam

657 2595 1013 2650 JUtiﬂiCOl'Um
1049 2596 1253 2651 rituum
1300 2596 1743 2666 reprobationem
1798 2598 2241 2669 solutionemque

658 2700 969 2764 advenisse,
1000 2697 1142 2764 fuse,
1174 2707 1236 2752 ut
1275 2699 1554 2768 pollicitus
1581 2709 1719 2765 erat,
1753 2699 2100 2755 demonstrat
2148 2701 2239 2757 ille

660 2801 714 2852 in
754 2799 839 2854 his
872 2809 1063 2855 contra
1095 2798 1312 2855 Juda‘os
1366 2800 1632 2862 homiliis,
1691 2800 1927 2855 maxime
1985 2815 2115 2855 vero
2186 2801 2239 2856 in

659 2902 908 2972 quinque
969 2902 1205 2967 ultimis,
1254 2902 1370 2968 ubi,
1425 2903 1648 2958 homilia
1686 2918 1882 2973 nempe
1915 2903 2131 2973 quinta,
2172 2919 2240 2958 ea

664 3003 889 3059 llaniele
943 3007 1247 3074 praesertim
1301 3007 1405 3061 hoc
1436 3014 1821 3083 argumentum
1856 3006 2235 3077 prosequitur.

665 3103 761 3159 nil}
794 3115 975 3160 autem
1017 3109 1258 3177 quinque
1284 3107 1489 3161 ultimae
1518 3122 1685 3171 anno,
1729 3116 1789 3161 ut
1828 3115 2106 3177 putamus,
2140 3106 2246 3162 587

666 3207 867 3262 habitae
902 3218 1049 3262 sunt.
1086 3207 1218 3264 Vide
1252 3211 1304 3263 in
1337 3210 1541 3264 Monito
1574 3209 1925 3280 praecedenti.

737 3308 1101 3365 llomiliarum
1135 3311 1270 3365 ordo
1322 3327 1428 3365 non
1477 3327 1620 3366 unus
1688 3312 1942 3381 idemque
2000 3310 2243 3366 occurrit

666 3419 776 3464 tam
809 3412 861 3464 in
895 3410 1078 3477 editis,
1116 3422 1297 3481 quam
1342 3410 1396 3464 in
1443 3410 1852 3480 manuscriptis.
1907 3408 2081 3465 David
2115 3407 2247 3464 [lte-

666 3511 928 3577 schelius,
979 3526 1141 3581 quem
1184 3522 1405 3567 secutus
1447 3521 1532 3566 est
1578 3510 1784 3566 Fronto
1846 3509 2096 3578 Ducazus,
2148 3525 2246 3567 se:

668 3625 1070 3686 consequenter
1099 3627 1290 3672 contra
1330 3615 1554 3671 Judaeos
1606 3616 1761 3685 ponit
1810 3615 2109 3681 homilias;
2161 3616 2247 3669 ni—

668 3717 869 3772 mirum
900 3718 1131 3788 primam
1153 3733 1295 3784 eam,
1329 3734 1448 3785 qua:
1478 3716 1691 3787 incipit,
1741 3716 2075 3788 Ἐϐουλόμην
2107 3718 2237 3788 ὑμῖν

667 3815 960 3872 ἀποδοῦναι
986 3836 999 3871 :
1044 3819 1364 3886 secundam,
1396 3817 1565 3872 Πάλιν
1602 3818 1664 3898 οἱ.
1695 3816 1917 3870 δείλαιοι
1947 3836 1962 3873 :
1989 3816 2203 3872 tertiam
2232 3854 2248 3881 ,

670 3917 842 3971 Πόθεν
866 3920 998 3990 ἡμῖν
1020 3919 1126 3992 ἄρα
1152 3937 1165 3973 :
1196 3928 1475 3989 quartam,
1497 3919 1577 3972 Τὰ
1604 3918 1769 3989 Θηρία
1800 3917 1943 3983 Eme:
1975 3919 2248 3989 quintam,

668 4010 818 4088 *Αρα
842 4019 1004 4091 κόρον
1034 4019 1254 4073 ἐλάϐετε
1281 4039 1293 4075 :
1321 4029 1554 4087 sextam,
1589 4018 1875 4092 Παρῆλθεν
1917 4020 1949 4091 ἡ
1988 4008 2248 4091 ’νηστεία.

672 4118 876 4175 Eodem
910 4129 1092 4177 autem
1125 4122 1233 4176 ritu
1263 4137 1341 4177 eae
1373 4122 1645 4177 habentur
1694 4121 1747 4174 in
1783 4120 2064 4188 omnibus,
2108 4136 2250 4191 quos

671 4221 1085 4292 quatuordecim
1117 4237 1349 4277 numero
1369 4217 1640 4285 Avidimus,
1686 4222 2096 4292 manuscriptis,
2123 4238 2253 4276 'uno

671 4325 902 4385 excepto
928 4321 1118 4393 Regio,
1147 4320 1311 4387 2900,
1343 4324 1437 4392 qui
1474 4322 1657 4393 priore
1680 4323 2068 4393 prmteriiiissa,
2094 4330 2254 4393 cujus

672 4413 914 4488 initium,
963 4422 1295 4495 Ἐϐουλόμην
1350 4424 1476 4493 ὑμῖν
1533 4423 1843 4494 ἀποδοῦναι,
1897 4441 1927 4481 a
1993 4426 2251 4490 secunda,

674 4526 837 4597 cujus
881 4524 1247 4597 primordium
1289 4534 1393 4593 est,
1432 4525 1601 4580 Πάλιν
1632 4529 1681 4580 ot
1734 4526 1980 4593 δείλαιοι,
2034 4527 2253 4581 initium

674 4634 847 4697 ducit,
916 4644 1149 4700 eamque
1200 4630 1435 4699 primam
1491 4630 1766 4695 inscribit,
1837 4639 2005 4700 atque
2058 4629 2253 4685 eodem

674 4742 867 4805 postea
900 4732 1228 4788 numerandi
1259 4732 1449 4787 ordine
1476 4731 1761 4802 procedit;
1794 4731 1867 4785 ita
1893 4739 1950 4784 ut
1971 4745 2086 4800 qua:
2107 4737 2255 4785 sexta

676 4840 761 4895 est
786 4838 840 4891 in
884 4836 1211 4892 recensione
1244 4851 1409 4906 supra
1459 4843 1512 4891 et
1546 4836 1601 4889 in
1648 4834 1911 4890 tredecim
1948 4833 2257 4887 manuscri-

680 4940 809 5010 ptis,
849 4937 1043 5009 quinta
1094 4937 1171 4992 ibi
1226 4945 1567 4993 numeretur.
1628 4935 1787 4990 Hunc
1832 4951 1965 4989 vero
2010 4935 2258 4989 ordinem

681 5042 857 5097 secuti
906 5040 1073 5095 etiam
1111 5048 1242 5101 sunt
1289 5037 1551 5093 Erasmus
1592 5045 1645 5092 et
1678 5036 1950 5091 Henricus
2000 5035 2256 5100 Savilius,

680 5143 775 5213 qui
806 5151 1120 5211 postremus
1143 5116 1257 5216 iilis.
1281 5141 1527 5211 quinque
1557 5140 1802 5196 homiliis
1848 5156 1971 5196 eam
2029 5138 2261 5209 subjun-

682 5244 782 5314 git,
828 5257 953 5313 qua:
988 5241 1045 5296 in
1085 5211 1481 5313 mantuscriptis
1534 5242 1817 5307 omnibus,
1870 5256 1981 5295 uno
2032 5250 2261 5312 excepto

685 5344 880 5416 Regio,
942 5345 1118 5414 prima
1154 5344 1387 5421 locatur,
1446 5360 1615 5414 quam
1669 5332 1849 5399 tamen
1896 5352 2104 5399 sextam
2150 5358 2262 5397 nou

687 5450 941 5505 inscribit
973 5448 1235 5513 Savilius,
1263 5448 1424 5519 quasi
1474 5459 1628 5503 extra
1680 5462 1968 5504 numerum
2004 5446 2263 5516 positam.

684 5554 844 5611 Hunc
868 5569 1039 5626 porro
1063 5555 1310 5609 ordinem
1345 5568 1414 5609 ex
1474 5554 1650 5609 tribus
1707 5552 2092 5622 Manuscriptis
2142 5568 2262 5608 mu-

686 5666 901 5714 tuatum
948 5673 1008 5713 se
1047 5672 1170 5713 esse
1215 5656 1559 5714 testiﬁcatur.
1623 5655 1730 5711 Sex
1780 5656 2023 5712 homiliis
2078 5666 2269 5713 contra

686 5762 905 5822 Judmos
944 5764 1256 5837 septimam,
1310 5763 1464 5820 nullo
1514 5771 1695 5819 tamen
1733 5776 1964 5819 numero
1998 5769 2266 5830 notatam,

2257 1419 2333 1448 _‘

2340 1596 2527 1666 adjicit
2555 1596 2795 1657 Savilius
2822 1616 2942 1657 eam
2983 1619 3109 1675 quae
3138 1607 3482 1677 inscribitur,
3523 1622 3706 1669 contra
3727 1632 3818 1672 eos
3834 1618 3941 1689 qui

2340 1698 2395 1752 in
2450 1697 2712 1756 Paschate
2729 1703 3019 1774 jejunum:
3064 1722 3187 1778 qua:
3237 1708 3292 1764 in
3318 1710 3488 1783 Regio
3530 1715 3697 1770 etiam
3736 1718 3937 1776 codice

2343 1800 2484 1854 1965
2534 1812 2659 1870 post
2720 1819 2816 1859 sex
2867 1815 3058 1862 contra
3106 1807 3325 1867 Judaeos
3376 1814 3634 1872 homilias
3685 1818 3933 1878 locatur.

2341 1903 2609 1958 Octavam
2667 1907 2883 1975 deinde,
2944 1910 3096 1964 nullo
3129 1919 3311 1967 tamen
3370 1916 3623 1984 apposito
3669 1934 3935 1987 numero.

2342 2004 2487 2059 locat
2519 2005 2760 2063 Savilius
2786 2024 2929 2075 eam,
2957 2010 3044 2065 cui
3073 2012 3286 2077 titulus,
3313 2013 3512 2069 Contra
3549 2032 3638 2071 eos
3682 2020 3774 2088 qui
3824 2019 3937 2075 Ju—

2343 2107 2581 2163 divorum
2596 2111 2871 2181 jejunium
2890 2114 3163 2183 jejunant.
3200 2114 3310 2171 Has
3338 2133 3469 2172 vero
3523 2118 3662 2174 duas
3713 2131 3939 2191 postm-

2343 2221 2461 2261 mas
2486 2207 2688 2265 Fronto
2714 2212 2943 2268 Ducaeus
2985 2214 3178 2283 procul
3220 2214 3290 2270 ab
3319 2216 3447 2271 aliis
3489 2227 3678 2272 contra
3712 2218 3942 2275 Iudaeos

2342 2304 2589 2364 homiliis
2616 2310 2670 2365 in
2703 2313 2955 2381 quintum
2983 2324 3193 2369 tomum
3220 2316 3516 2387 ablegavit.
3920 2294 3923 2295 ν

2415 2409 2517 2464 Hic
2556 2426 2807 2483 magnam
2866 2416 3049 2472 cernis
3107 2416 3427 2473 varietatem
3497 2427 3659 2491 atque
3720 2420 3939 2480 ordinis

2345 2512 2840 2583 perturbationem,
2872 2529 3005 2570 casu
3052 2518 3234 2585 potius
3268 2533 3437 2587 quam
3477 2522 3712 2577 consilio
3763 2523 3941 2578 indu-

2344 2620 2511 2663 ctam.
2585 2608 2656 2665 Ut
2722 2626 2854 2666 vero
2906 2620 3115 2668 tantam
3187 2592 3479 2687 caliginem
3524 2619 3938 2678 discuteremus

2346 2729 2454 2768 non
2478 2729 2673 2785 parum
2727 2716 3108 2773 desudandum
3174 2719 3336 2775 nobis
3382 2719 3530 2789 fuit;
3586 2721 3701 2778 Deo
3749 2732 3942 2782 tamen

2352 2813 2539 2881 dante,
2566 2824 2621 2871 et
2652 2816 2833 2872 locum
2859 2826 2912 2873 et
2939 2818 3186 2876 ordinem
3212 2820 3483 2890 cujusque
3507 2838 3610 2879 nos
3632 2823 3943 2901 deprehen-

2358 2914 2507 2971 disse
2532 2924 2811 2985 putamus.
2844 2916 3087 2974 Primam
3119 2920 3305 2991 itaque
3344 2923 3740 2979 constituimus
3786 2938 3942 2993 eam,

2351 3032 2518 3087 quam
2548 3026 2602 3073 et
2640 3017 2813 3074 David
2849 3018 3198 3077 Hmschelius
3232 3008 3286 3076 et
3312 3021 3521 3077 Fronto
3544 3023 3777 3081 Ductus
3822 3026 3945 3096 pri-

2350 3133 2497 3172 mam
2526 3133 2782 3189 posuere,
2806 3119 2966 3190 cujus
2992 3119 3236 3186 initium,
3274 3121 3615 3196 Ἐὁουλόμην
3642 3124 3773 3195 ὑμῖν
3799 3126 3947 3179 ἁπο-

2352 3219 2535 3276 δοῦναι
2564 3239 2580 3277 :
2616 3223 2917 3279 secundam
2953 3222 3203 3279 locamus
3236 3239 3383 3293 eam,
3430 3240 3553 3295 quae
3597 3225 3679 3281 sic
3724 3225 3945 3297 incipit,

2365 3318 2430 3373 Ἠ
2481 3322 2579 3391 μὲν
2639 3320 2954 3393 παράνομος
2977 3323 3070 3376 καὶ
3097 3322 3412 3395 ἀκάθαρτος
3436 3366 3451 3391 ,
3479 3339 3645 3395 quam
3700 3323 3947 3380 Savilius

2353 3428 2549 3473 octavo
2585 3418 2707 3472 loco
2741 3420 2949 3490 posuit,
2985 3421 3193 3476 Fronto
3221 3420 3455 3476 Ducaeus
3485 3428 3670 3475 autem
3696 3420 3750 3475 in
3776 3418 3948 3489 quin-

2354 3528 2469 3575 tum
2512 3528 2722 3574 tomum
2750 3522 3019 3592 ablegavit
3048 3540 3060 3577 :
3089 3522 3307 3577 tertiam
3330 3537 3474 3585 eam,
3522 3537 3647 3593 qua:
3680 3521 3762 3577 sic
3800 3520 3908 3575 init
3928 3557 3947 3587 ,

2355 3620 2526 3673 Πάλιν
2576 3620 2736 3690 χρεία
2772 3637 2878 3686 τις,
2921 3635 3089 3691 quam
3131 3620 3369 3679 Savilius
3409 3621 3701 3692 septimam
3733 3620 3947 3691 posuit,

2355 3718 2508 3795 [584]
2549 3718 2783 3777 Duczeus
2822 3732 3003 3778 autem
3049 3723 3105 3778 in
3142 3722 3398 3794 quintum
3450 3714 3659 3778 tomum
3700 3721 3942 3794 rejecit:

2353 3831 2606 3895 quartam
2664 3826 2812 3881 illam
2849 3824 3011 3895 cujus
3066 3824 3322 3891 initium,
3384 3824 3555 3879 Πάλιν
3594 3826 3646 3879 οἱ
3695 3824 3943 3890 δείλαιοι,

2355 3942 2522 3997 quam
2555 3926 2761 3985 Fronto
2802 3925 3030 3982 Ducaus
3058 3927 3382 3991 secundam,
3416 3924 3657 3982 Savilius
3707 3926 3945 3996 primam

2358 4028 2665 4083 constituit.
2694 4028 2959 4100 Reliquas
2995 4042 3128 4084 vero
3158 4037 3564 4099 consequenter
3608 4027 3839 4093 damus,
3889 4036 3949 4083 ut

2359 4128 2414 4185 in
2444 4129 2609 4184 editis
2632 4129 3189 4185 omnibuehabentur
3215 4146 3231 4195 ;
3262 4130 3336 4185 ita
3380 4140 3441 4186 ut
3490 4145 3614 4200 quae
3662 4130 3821 4185 tertia
3863 4136 3948 4184 est

2358 4231 2501 4293 apud
2556 4230 2846 4298 Ducreum,
2882 4241 2937 4286 et
2969 4231 3212 4287 secunda
3282 4232 3422 4301 apud
3464 4228 3776 4292 'Savilium,
3830 4230 3945 4300 jam

2357 4338 2553 4405 quinta
2587 4345 2843 4405 ponatur,
2878 4342 2936 4389 et
2964 4342 3257 4406 sequentes
3308 4334 3500 4389 eadem
3537 4332 3822 4390 varietatis
3854 4348 3947 4389 ra-

2358 4437 2508 4491 tione
2541 4446 2921 4491 numerentur.

2432 4533 2591 4589 Hunc
2626 4551 2791 4606 porro
2814 4551 3019 4590 novum
3054 4535 3306 4591 ordinem
3339 4550 3449 4591 non
3490 4545 3695 4591 temere
3740 4536 3948 4593 consti-

2366 4645 2543 4690 tutum
2584 4651 2706 4691 esse
2734 4636 3080 4706 probandum
3128 4635 3291 4690 nobis
3326 4635 3616 4691 incumbit.
3652 4636 3728 4691 De
3768 4636 3945 4706 prima

2360 4737 2522 4807 cujus
2568 4736 2807 4802 initium,
2870 4718 3206 4808 Ἐϐουλόμην
3261 4736 3392 4808 ὑμῖν
3437 4737 3757 4811 ἀποδοῦνᾳι,
3801 4737 3949 4791 nulla

2361 4840 2468 4893 erit
2506 4839 2759 4909 quaestio,
2808 4839 2853 4893 si
2889 4848 3121 4894 caeteras
3182 4853 3305 4894 eam
3345 4840 3503 4910 sequi
3559 4839 3760 4893 debere
3795 4854 3951 4893 com-

2363 4951 2755 4996 monstremus.
2786 4941 3023 4995 Primam
3066 4940 3233 5011 igitur
3256 4939 3542 5015 homiliam
3574 4938 3768 4993 habuit
3798 4946 3952 5008 post-

2362 5059 2526 5113 quam
2563 5044 2867 5099 certamina
2909 5052 3099 5099 coutra
3146 5043 3449 5097 Anommos
3496 5056 3681 5104 orsus,
3733 5054 3951 5110 unaque

2363 5146 2475 5217 jam
2501 5145 2686 5200 habita
2719 5145 3007 5209 concione,
3040 5142 3379 5205 instantibus
3404 5140 3727 5196 Judzeorum
3776 5139 3949 5203 feriis,

2368 5244 2749 5315 Scenopegia,
2796 5243 3063 5315 jejuniis,
3119 5243 3321 5312 quibus
3370 5240 3674 5297 Christiani
3730 5241 3952 5310 quidam

2366 5347 2720 5413 Autiocbeui,
2753 5346 2954 5416 partim
2999 5344 3305 5415 spectandi,
3358 5345 3557 5413 partim
3619 5346 3785 5400 etiam
3850 5363 3953 5402 una

2366 5450 2686 5509 celebrandi
2729 5459 2894 5518 atque
2917 5447 3203 5520 jejunandi
3249 5460 3441 5512 causa,
3498 5446 3764 5501 interesse
3815 5446 3959 5501 sole-

2366 5557 2524 5619 bant,
2556 5553 2687 5609 huic
2718 5552 2808 5606 ille
2837 5550 3031 5605 morbo
3056 5556 3118 5603 ut
3160 5549 3491 5611 mederetur,
3524 5547 3955 5603 concertationis

2365 5665 2561 5714 contra
2600 5655 2904 5709 Anomceos
2970 5668 3195 5708 cursum
3259 5650 3571 5720 intercepit,
3618 5663 3683 5705 ac
3734 5646 3955 5704 Judaeos

2368 5757 2804 5828 Judacorumque
2855 5768 3119 5826 sequaces
3182 5752 3409 5809 adortus
3455 5759 3558 5807 cst.
3612 5747 3668 5807 ld
3727 5747 3956 5823 contigit
