4150 6352
351 439 486 498 839‘

354 580 508 622 anno
542 556 669 617 586,
733 558 794 606 ut
826 546 1067 601 diximus
1102 542 1157 596 in
1194 537 1401 593 Monito
1442 534 1508 588 ad
1571 529 1828 586 homilias
1872 526 1944 579 De

358 650 904 730 incomprehensibili,
934 656 987 701 et
1019 659 1087 698 ex
1110 656 1243 699 mox
1271 636 1519 693 dicendis
1566 632 1785 703 planius
1817 626 1942 682 erit.

362 728 643 829 Qna'vero
682 752 811 807 anni
846 753 1167 817 tempestate
1200 742 1313 795 haec
1348 732 1667 793 concionari
1698 728 1945 819 cceperit,

364 867 485 934 ipse
512 858 675 929 paulo
706 862 832 926 post
866 851 1081 905 initium
1120 844 1359 900 homilize
1398 840 1587 910 primae
1622 834 1947 919 testiﬁcatur

364 933 454 1018 his
484 959 715 1015 verbis:
767 952 996 1024 Ἑορταὶ
1045 948 1152 1002 τῶν
1217 944 1419 999 ἀθλίων
1468 940 1561 993 καὶ
1582 933 1946 1005 ταλαιπώρων

371 1063 643 1119 ’Ῑοὺδαίων
672 1057 925 1130 μέλλουσι
950 1049 1339 1124 προσελαύνειν
1386 1044 1627 1112 συνεχεῖς
1659 1039 1750 1094 καὶ
1776 1035 1945 1092 ὲπάλσ

352 1167 530 1239 ληλοι,
588 1165 644 1216 αἱ
686 1161 1009 1228 σάλπιγγες,
1057 1155 1112 1207 αἱ
1150 1147 1540 1222 σκηνοπηγίαι,
1585 1145 1641 1200 αἱ
1675 1142 1942 1213 νηστεῖαι.

352 1265 537 1321 ιιέτιω
593 1263 1101 1326 miserorumatque
1140 1264 1575 1322 rerumnosorum
1623 1239 1947 1327 'Judworum

352 1369 626 1425 continuae
662 1374 712 1419 et
761 1364 1064 1433 frequentes,
1111 1333 1337 1421 instant,
1377 1353 1535 1415 tubw,
1597 1350 1947 1418 scenopegiw,

345 1467 585 1540 Jejunia.
630 1462 727 1519 His
763 1470 987 1521 notatur,
1012 1458 1157 1513 haud
1192 1456 1358 1511 dubie
1388 1454 1594 1510 mensis
1638 1451 1779 1505 Tisri
1830 1450 1944 1504 sive

347 1566 699 1639 September,
733 1561 1141 1632 cujusdccimo
1162 1559 1357 1629 quinto
1377 1556 1465 1610 die
1488 1552 1781 1623 incipiebat
1812 1549 1947 1615 Sce-q

351 1666 608 1737 nepegia,
646 1680 743 1719 seu
795 1661 995 1718 festum
1045 1657 1579 1713 Tabernaeulorum.
1622 1654 1722 1708 Illo
1760 1662 1943 1707 autem

350 1777 543 1821 mense
573 1762 729 1833 plura
769 1759 912 1831 apud
946 1757 1175 1823 Jndreos
1206 1754 1574 1825 occurrebant
1596 1754 1941 1825 iesta.quam

354 1865 412 1921 in
438 1862 689 1933 quolibet
717 1864 829 1929 alio
861 1862 1030 1921 totius
1066 1862 1225 1926 anni,
1263 1870 1322 1929 ut
1370 1858 1558 1917 videas
1598 1856 1761 1927 apud
1794 1855 1941 1909 Bux-

348 1959 583 2027 tprl'um,
648 1958 1003 2035 Leusdeuum
1036 1969 1092 2031 et
1141 1957 1301 2039 alios,
1334 1957 1481 2027 quod
1517 1956 1681 2030 etiam
1740 1955 1943 2010 indicat

349 2062 785 2133 Chrysostomus
828 2074 955 2114 cum
996 2060 1133 2129 dicit
1183 2060 1448 2130 συνεχεῖς.
1484 2056 1936 2128 utinam-qam;

358 2164 515 2235 Hanc
570 2164 981 2220 solemnitatum
1042 2162 1445 2234 frequentiam,
1470 2140 1686 2231 aliquot
1743 2160 1942 2215 diebus

347 2264 713 2320 antevertisse
752 2263 1209 2337 Chrysostomum
1262 2278 1389 2321 cum
1457 2260 1739 2332 praemissa
1772 2264 1937 2329 verba

343 2365 663 2429 declarant,
703 2373 816 2419 tum
852 2380 977 2417 mox
1012 2362 1288 2418 afferenda
1339 2347 1726 2416 testiﬁbantur.
1754 2346 1939 2426 Quare

352 2482 550 2523 mense
609 2466 857 2537 Augusto
909 2465 1141 2541 primam
1192 2462 1478 2520 homiliam
1539 2460 1800 2538 habuisse
1848 2461 1937 2515 vi-

346 2567 535 2621 detur.

424 2677 736 2735 Secundam
769 2678 1080 2744 homiliam,
1118 2693 1240 2739 eam
1282 2692 1501 2757 nempe,
1542 2691 1661 2746 qua:
1692 2676 1770 2732 sic
1797 2675 1939 2730 inci-

348 2782 454 2854 pit,
498 2780 564 2835 Ἦ
610 2781 711 2853 μὲν
757 2780 1218 2853 παράνομος-καὶ
1261 2777 1592 2848 ἀκάθαρτος,
1627 2777 1815 2834 decem
1844 2786 1941 2831 aut

355 2883 609 2955 pluribus
641 2881 859 2953 elapsis,
886 2899 914 2936 a
948 2882 1125 2952 prima
1170 2879 1367 2935 diebus
1422 2880 1635 2943 habuit,
1692 2879 1940 2950 quinque

345 2983 547 3038 diebus
578 2990 704 3036 ante
733 2995 896 3051 quam
923 2978 1238 3034 Iudaeorum
1267 2977 1540 3048 jejunium
1587 2976 1826 3042 adesset,
1880 2982 1942 3029 ut

343 3082 430 3136 sic
470 3081 587 3149 ipse
638 3080 881 3136 declarat
930 3080 1130 3144 initio,
1171 3078 1233 3133 Ἦ
1293 3079 1391 3151 μὲν
1454 3074 1547 3132 οὖν
1617 3076 1937 3150 παράνομος

344 3180 528 3235 αὐτῶν
554 3181 780 3253 νηστεία
813 3181 950 3252 μετά
991 3181 1151 3234 πέντε
1180 3180 1365 3234 λοιπὸν
1391 3180 1604 3251 ἡμέρας
1626 3179 1934 3248 ἐφίσταται·

345 3281 463 3353 ἐγὼ
502 3282 558 3335 δὲ
605 3282 712 3354 πρὸ
737 3281 871 3336 δέκα
909 3282 1131 3354 ἡμερῶν
1160 3283 1195 3353 ἢ
1224 3282 1319 3336 καὶ
1360 3282 1624 3359 πλειόνων
1649 3280 1939 3353 προλαῦὼν

344 3382 701 3453 ἐποιησάμην
748 3382 848 3453 τὴν
897 3383 1259 3456 παραίνεσιν,
1319 3382 1460 3435 ὥστε
1534 3379 1940 3450 ἀσφαλίσασθαι

344 3484 476 3546 τοὺς
504 3467 785 3552 ἀδελφοὺξ
820 3484 948 3548 τοὺς
998 3483 1331 3555 ὑμετέρους’
1386 3482 1734 3555 lllegitimum
1775 3484 1942 3551 igitur

344 3585 584 3654 ipsorum
609 3584 881 3654 jejunium
900 3597 1016 3653 post
1048 3586 1275 3656 quinque
1301 3587 1429 3647 dies.
1459 3586 1700 3655 deinceps
1729 3586 1936 3650 instat;

343 3697 401 3739 at
431 3704 523 3757 ego
556 3698 678 3743 ante
710 3691 893 3743 decem
919 3690 1031 3743 dies
1067 3690 1145 3743 vel
1192 3689 1369 3759 plures
1411 3690 1828 3743 cohortationem
1870 3690 1939 3743 ad

343 3804 436 3842 vos
465 3788 651 3854 habui,
682 3800 737 3844 ut
772 3791 966 3859 fratres
1005 3800 1203 3844 vestros
1236 3792 1630 3858 prmmunirem.
1685 3790 1762 3845 Ne
1810 3804 1941 3844 vero

344 3888 567 3944 dubites
596 3889 739 3945 hanc
766 3891 939 3960 ipsam
967 3905 1087 3946 esse
1111 3907 1277 3961 quam
1302 3890 1597 3949 secundam
1626 3900 1814 3944 contra
1844 3888 1940 3943 Ju-

343 3988 497 4043 dzeos
533 3988 744 4057 habuit,
768 3992 893 4046 vide
926 3992 1207 4062 quomodo
1250 3992 1324 4047 ibi
1348 3992 1415 4048 de
1454 3993 1631 4061 prima
1682 3993 1941 4063 loquatur

346 4104 502 4143 num.
530 4090 562 4144 3
588 4108 600 4144 :
634 4092 749 4144 Οὐκ
773 4092 1012 4164 ἧκουσας
1063 4095 1122 4147 ὲν
1143 4097 1208 4165 τῇ
1228 4095 1471 4166 προτέρα
1493 4095 1729 4161 διαλέξει
1752 4097 1940 4167 σαφῶς

342 4189 733 4257 ἀποδείξαντος
762 4196 897 4264 ἡμῖν
925 4196 1020 4248 τοῦ
1045 4196 1228 4265 λόγου,
1264 4198 1347 4249 ὅτι
1380 4198 1475 4250 καὶ
1503 4196 1601 4262 τάς
1638 4197 1817 4269 ψυχὰς
1836 4199 1941 4274 αὺ-

343 4290 446 4353 τὰς
481 4291 589 4346 τῶν
647 4295 915 4351 Ἰουδαίων
946 4298 1187 4362 καὶτοὺς
1218 4299 1418 4362 τόπους
1445 4300 1503 4351 ἐν
1534 4292 1616 4361 οἷς
1657 4298 1942 4368 συλλέγον-

338 4408 437 4443 ται
497 4391 751 4464 δαίμονες
807 4397 1171 4465 κατοικοῦσι;
1237 4396 1362 4453 Non
1422 4398 1623 4452 audisti
1674 4398 1724 4451 in
1773 4398 1942 4467 priori

344 4494 597 4548 concione
624 4512 783 4564 quant
838 4498 981 4551 clare
1017 4498 1181 4567 fuerit
1213 4501 1452 4553 oratione
1492 4501 1939 4565 demonstratum,

344 4595 496 4663 ipsas
530 4596 739 4650 animas
774 4597 1111 4665 Judworum,
1146 4610 1193 4655 et
1226 4598 1344 4655 loca
1371 4601 1460 4663 ubi
1488 4612 1875 4672 congregantur
1908 4621 1941 4657 a

344 4696 678 4759 dwntanibus
736 4701 1015 4757 habitari?
1072 4701 1124 4758 Id
1160 4720 1314 4771 vero,
1376 4722 1572 4777 nempe
1625 4714 1679 4761 et
1728 4710 1943 4765 animas

345 4803 691 4869 Judaorum,
728 4812 782 4859 et
823 4806 941 4863 loca
990 4808 1311 4865 earumdem
1344 4826 1373 4865 a
1406 4812 1750 4869 daemonibus
1787 4815 1943 4869 habi—

343 4904 478 4968 tari,
512 4906 813 4975 conspicue
842 4915 897 4965 et
934 4907 1053 4964 fuse
1093 4910 1289 4980 prohat
1343 4913 1434 4968 ille
1482 4915 1707 4975 homilia
1761 4918 1939 4987 prima

341 5016 531 5060 contra
561 5007 783 5064 Jndwos
817 5027 948 5065 num
981 5011 1035 5079 6,
1068 5013 1139 5067 ita
1174 5023 1234 5069 ιιι
1260 5024 1409 5070 certo
1440 5019 1643 5074 certius
1670 5020 1759 5086 sit,
1793 5020 1939 5074 illam

340 5120 470 5161 esse
509 5116 695 5161 contra
734 5107 960 5163 Judtros
991 5110 1246 5180 primam,
1281 5114 1420 5168 hanc
1445 5130 1574 5169 vero
1609 5116 1940 5170 secundam.

338 5221 513 5276 quam
551 5206 801 5265 dolemus
848 5208 917 5262 ad
958 5224 1058 5264 nos
1116 5211 1365 5266 mutilam
1417 5214 1748 5279 devenisse;
1804 5215 1941 5268 nihil

345 5317 499 5365 certe
536 5307 651 5366 non
676 5313 915 5383 egimus,
950 5322 1009 5368 ut
1055 5330 1173 5369 eam
1208 5325 1412 5371 sartam
1442 5325 1496 5371 ct
1521 5326 1719 5371 tectam
1746 5320 1935 5372 edere-

345 5428 476 5469 mus
504 5433 516 5469 :
552 5431 650 5484 per
682 5432 875 5472 omnes
906 5416 1077 5473 ferme
1110 5421 1343 5489 EurOpze
1390 5420 1751 5476 bibliothecas
1798 5422 1942 5476 alni—

345 5534 541 5573 corum
579 5536 747 5589 opera
772 5535 892 5575 eam
927 5522 979 5575 in
1020 5523 1412 5593 manuscriptis
1465 5524 1711 5595 perquiri
1748 5524 1931 5579 homi-

346 5618 479 5675 liam
501 5624 849 5680 curavimus:
871 5624 963 5678 sed
995 5623 1200 5679 frustra
1228 5640 1445 5681 cessere
1466 5636 1699 5681 conatus
1719 5642 1936 5685 omnes.

351 5717 505 5773 lianc
529 5720 835 5786 homiliam,
866 5732 924 5776 ut
948 5739 1113 5792 supra
1139 5724 1399 5791 diximus,
1422 5723 1665 5780 Savilius
1688 5734 1939 5782 octavam

348 5828 649 5890 posuerat,
682 5820 885 5877 Fronto
916 5833 1102 5879 autem
1160 5824 1394 5882 Ducmus
1435 5826 1629 5896 procul
1670 5825 1737 5883 ab
1793 5826 1937 5896 aliis,

1387 406 1761 471 ADVERSUS
1797 399 2107 461 JUDJ‘ZOS.
2149 427 2217 440 --
2258 390 2604 451 MONiTUbl.

3515 384 3640 441 δίεν

2053 520 2209 590 quasi
2246 521 2490 577 incertus
2516 519 2638 589 ejus
2681 516 2823 571 situs
2859 522 3024 579 esset,
3056 510 3109 565 in
3140 510 3395 581 quintum
3433 515 3640 566 tomum

2052 625 2418 693 ablegarerat.
2470 614 2471 617 “
2618 672 2625 681 ,

2124 735 2363 791 Tertiam
2405 734 2787 788 incunctanter
2814 728 3072 800 ponimus
3117 726 3403 781 homiliam
3461 725 3511 779 in
3545 739 3641 780 eos

2051 840 2150 911 qui
2174 839 2351 908 primo
2400 835 2612 892 Pascha
2654 836 2928 913 jejunant,
2964 833 3125 903 cujus
3170 832 3383 885 initium
3419 850 3432 885 :
3471 830 3643 883 Πάλιν

2049 942 2207 1013 χρεία
2237 959 2319 1005 τις
2345 940 2620 1008 ἀναγκαία
2673 940 2765 993 καὶ
2805 936 3244 1007 κατεπείγουσα,
3288 935 3395 988 τῶν
3446 934 3639 1007 πρώην

2049 1044 2355 1117 εἰρημένων
2390 1043 2488 1113 τὴν
2512 1041 2833 1095 ἀκολουθίαν
2867 1039 3183 1108 διακόψασα
3211 1078 3224 1100 .
3262 1039 3401 1110 πρὸς
3440 1040 3640 1108 ἑαυτὴν

2048 1147 2352 1202 ἐπισπᾶται
2381 1145 2470 1198 τὸν
2502 1144 2679 1213 λόγον,
2708 1142 2801 1197 καὶ
2833 1142 2942 1196 τῶν
2982 1142 3119 1213 πρὸς
3161 1142 3287 1205 τοὺς
3329 1142 3642 1223 αφετικοίές

2048 1248 2197 1318 ἡμᾶς
2226 1248 2430 1315 ἀπάγει
2460 1245 2875 1315 παλαισμάτων.
2943 1244 3136 1315 Ἡμεῖς
3180 1244 3297 1315 μὲν.
3324 1246 3434 1314 γὰρ
3477 1246 3642 1299 πάλιν

2048 1349 2176 1421 περὶ
2210 1348 2307 1419 τῆς
2332 1348 2425 1403 τοῦ
2457 1347 2793 1417 Μονογενοῦς
2815 1348 2972 1419 δόξης
2994 1348 3341 1419 διαλεχθῆναι
3373 1346 3511 1420 πρὸς
3535 1347 3642 1421 τὴν

2049 1451 2319 1524 ὑμετέραν
2351 1452 2574 1523 ἀγάπην
2618 1452 3145 1522 παρεσκευαζόμεθα
3203 1453 3256 1506 id
3299 1465 3404 1516 est,
3439 1452 3642 1506 Rursus
3706 1432 3709 1435 Α

2048 1553 2403 1629 necessarium
2433 1550 2703 1621 quoddam
2731 1560 2781 1604 et
2850 1567 3042 1619 urgens
3114 1551 3408 1621 negotium,
3456 1567 3641 1615 eorum

2046 1674 2177 1730 quae,
2219 1672 2383 1726 nuper
2406 1656 2549 1727 dicta
2592 1654 2733 1709 sunt.
2775 1655 2962 1709 seriem
3020 1656 3404 1724 interrumpens
3450 1655 3519 1708 ad
3558 1673 3642 1711 se-

2045 1760 2220 1828 ipsum
2242 1758 2547 1829 orationem
2574 1758 2900 1822 traducit,,et
2930 1774 2963 1809 α
2990 1758 3245 1825 susceptis
3275 1774 3396 1811 cum.
3431 1758 3643 1813 Itrrreti-

2050 1859 2125 1930 eis
2152 1857 2537 1931 certaminibus
2574 1857 2726 1919 hodie
2752 1875 2849 1912 nos
2870 1858 3115 1916 abducit.
3137 1858 3281 1915 Nam
3310 1873 3405 1915 nos
3426 1864 3643 1932 quidem

2052 1976 2239 2031 rursus
2260 1962 2322 2013 de
2354 1958 2623 2029 Unigeniti
2649 1960 2818 2030 gloria
2842 1964 2999 2014 verba
3026 1962 3203 2031 facere
3221 1964 3291 2016 ad
3322 1964 3645 2018 charitatem

2047 2072 2269 2130 uestram
2308 2062 2487 2130 parati
2525 2078 2759 2141 eramus.
2796 2060 2892 2117 llis
2927 2078 3113 2145 porro
3136 2064 3379 2119 declarat
3406 2081 3468 2119 se
3521 2066 3635 2135 jam

2046 2166 2290 2225 secundo
2363 2164 2743 2223 Homiliarum,
2785 2178 2980 2221 contra
3030 2168 3337 2225 Anommos
3402 2184 3631 2225 cursum

2047 2258 2434 2334 interpellare,
2489 2268 2637 2335 quod
2706 2281 2765 2320 se
2820 2265 3001 2335 primo
3052 2265 3252 2335 fecisse
3289 2268 3447 2322 dixit
3478 2267 3648 2322 initio

2045 2366 2333 2437 homiliaet
2392 2376 2579 2427 contra
2630 2366 2887 2421 Iudicas;
2938 2367 3155 2422 Etenim
3189 2385 3340 2424 cum
3368 2370 3631 2439 primum

2044 2476 2238 2523 contra
2267 2468 2564 2529 Anomreos
2610 2470 2725 2527 sive
2753 2471 2821 2525 de
2852 2470 3397 2541 ineomprehensihili
3429 2473 3637 2527 oratios

2043 2586 2167 2626 nem
2205 2572 2506 2637 habuisset,
2558 2588 2783 2629 cursum
2824 2574 3022 2629 sistere
3080 2583 3309 2630 coactus
3359 2582 3463 2639 est,
3523 2588 3631 2627 non

2042 2675 2209 2730 modo
2249 2683 2310 2729 ut
2337 2684 2529 2730 contra
2565 2673 2787 2733 Judteos
2819 2685 3188 2742 concertaret,
3235 2678 3384 2747 quod
3418 2676 3642 2730 duabus

2042 2774 2288 2831 homiliis
2318 2776 2595 2845 prtestitit,
2629 2778 2721 2833 sed
2747 2786 2812 2832 ut
2846 2788 3027 2849 patres
3063 2778 3333 2849 quosdam
3372 2778 3633 2848 spiritua-

2044 2873 2141 2959 ϐεδε
2181 2874 2265 2930 sic
2300 2874 2413 2939 ille,
2470 2878 2565 2945 qui
2595 2876 2952 2939 Antiochiam
3006 2889 3275 2936 venerant
3330 2882 3629 2951 exciperet,

2043 2990 2109 3033 ac
2145 2987 2335 3046 postea
2364 2990 2718 3035 occurrentes
2765 2981 2969 3051 multas
3014 2990 3319 3054 martyrum
3366 2983 3629 3039 solemni-

2042 3086 2182 3134 tates
2223 3079 2550 3135 celebraret.
2582 3080 2703 3147 His,
2739 3082 2985 3155 inquam,
3013 3086 3273 3141 omnibus
3321 3086 3639 3155 interpella-

2043 3182 2130 3237 tus
2158 3190 2243 3236 est
2295 3198 2322 3237 a
2356 3194 2537 3254 empta
2597 3195 2785 3240 contra
2821 3186 3124 3242 Anomceos
3178 3202 3384 3258 pugna,
3438 3188 3514 3244 ita
3544 3199 3633 3244 »ιιι

2043 3300 2150 3340 ιιοιι
2185 3286 2461 3355 modicum
2498 3287 2762 3356 temporis
2790 3288 3141 3343 intervallum
3188 3290 3356 3345 fuerit
3400 3292 3636 3361 primam

2042 3389 2185 3448 inter
2210 3390 2496 3445 homiliam
2530 3399 2720 3445 contra
2761 3391 3063 3448 Anommos
3104 3402 3158 3449 et
3193 3394 3435 3449 tertiam.
3491 3393 3629 3450 Cum

2043 3498 2228 3543 autem
2262 3489 2497 3559 primam
2532 3498 2724 3544 contra
2784 3488 3007 3546 Judteos
3044 3491 3327 3547 homiliam
3382 3493 3641 3549 habuerit

2043 3607 2231 3647 mense
2252 3591 2502 3661 Augusto
2533 3592 2662 3646 anni
2702 3592 2829 3657 386,
2888 3603 2948 3648 ut
3003 3610 3168 3665 supra
3228 3597 3493 3663 diximus,
3548 3616 3633 3655 se-

2045 3696 2283 3751 cundam
2337 3711 2467 3751 vero
2529 3697 2752 3751 ineunte
2784 3698 3027 3755 ,circiter
3067 3698 3399 3770 Septembri,
3434 3702 3633 3768 decem,

2041 3800 2119 3854 ait
2155 3799 2263 3862 ille,
2283 3815 2343 3852 ac
2358 3798 2595 3866 pluribus
2612 3799 2792 3854 diebus
2815 3810 2941 3871 post
2963 3802 3221 3872 primam,
3239 3819 3489 3873 magnam
3509 3804 3652 3876 Sep-

2034 3898 2279 3954 tembris
2315 3908 2525 3969 partem
2567 3900 2927 3970 insumpserit
2978 3902 3131 3975 [535]
3164 3905 3507 3975 excipiendis
3532 3907 3643 3964 illis

2043 3998 2285 4068 patribus
2340 3999 2748 4069 spiritualibus,
2804 4015 2869 4055 ac
2929 4002 3274 4057 celebrandis
3334 4012 3637 4075 martyrum

2046 4104 2532 4169 solemnitatibus,
2606 4118 2938 4174 rursumque
3016 4105 3328 4175 Septembri
3408 4120 3647 4163 exeunte

2047 4224 2239 4264 mense
2278 4223 2518 4278 pugnam
2557 4223 2683 4263 cum
2720 4210 3009 4266 Anomwis
3046 4213 3432 4280 resumpserit,
3469 4228 3637 4283 quam

2044 4312 2243 4369 iterum
2278 4311 2361 4366 vel
2410 4311 2655 4374 nondum
2716 4321 2915 4368 exacto
2957 4311 3290 4383 Septembri,
3346 4317 3431 4370 vel
3485 4318 3645 4373 initio

2045 4414 2301 4470 Octobris
2340 4413 2721 4479 intermiserit,
2756 4424 3010 4484 urgente,
3043 4425 3105 4470 ut
3138 4416 3227 4471 ille
3256 4416 3354 4483 ait,
3394 4419 3641 4473 necessi-

2045 4528 2155 4575 tate
2189 4527 2249 4571 ut
2311 4526 2506 4573 contra
2540 4516 2759 4573 Judacos
2824 4518 3022 4572 iterum
3056 4527 3336 4573 certamen
3394 4518 3649 4576 haberete

2043 4622 2127 4676 An
2155 4636 2286 4675 vero
2320 4629 2443 4690 post
2483 4619 2781 4673 secundam
2820 4627 3009 4675 contra
3066 4621 3369 4677 Anomoeos
3421 4622 3644 4677 concio-

2046 4729 2169 4769 nem
2210 4714 2353 4767 hane
2385 4712 2601 4768 tertiam
2640 4720 2829 4766 contra
2862 4710 3084 4767 Judaaos
3112 4714 3387 4781 habuerit,
3417 4730 3485 4769 an
3518 4724 3644 4785 post

2044 4809 2259 4865 tertiam
2295 4808 2379 4863 vel
2414 4816 2539 4877 post
2566 4816 2845 4877 quartam,
2884 4808 2937 4863 id
2976 4810 3138 4879 plane
3175 4811 3448 4867 incertum
3506 4822 3633 4868 est:

2045 4925 2221 4980 neque
2257 4910 2359 4965 hac
2393 4909 2460 4964 de
2500 4922 2561 4963 re
2590 4907 2873 4978 quidpiam
2930 4910 3067 4964 certi
3103 4912 3270 4967 statui
3328 4927 3490 4983 posse
3528 4912 3637 4968 uvi-

2043 5010 2225 5065 detur.

2070 5164 2075 5172 .
2116 5111 2194 5167 Ne
2225 5122 2407 5168 autem
2440 5114 2581 5171 hanc
2608 5116 2828 5172 tertiam
2858 5124 3053 5173 contra
3092 5115 3311 5171 Judmos
3353 5115 3640 5171 homiliam

2043 5215 2138 5270 (illi
2176 5216 2717 5299 post'Septembrem
2752 5221 3182 5286 constituamus,
3232 5218 3524 5289 prohibere
3563 5220 3642 5269 νὶ-

2044 5320 2205 5374 detur
2266 5320 2700 5391 Chrysostomus
2771 5322 2996 5377 humilia
3053 5320 3106 5374 in
3168 5321 3315 5375 diem
3388 5317 3639 5373 Natalem

2044 5422 2269 5489 Christi,
2302 5440 2470 5493 quam
2499 5426 2689 5481 habuit
2720 5441 2866 5480 anno
2894 5426 3021 5490 586,
3057 5423 3143 5479 die
3179 5424 3441 5493 vigesima
3472 5425 3639 5495 quin-

2046 5531 2098 5576 ta
2146 5521 2511 5580 Decembris:
2552 5524 2777 5596 Tempus
2837 5536 3013 5579 autem
3070 5536 3181 5578 tum
3240 5533 3374 5591 erat,
3436 5524 3637 5592 inquit.

2047 5628 2169 5696 festi
2207 5627 2691 5682 Tabernaculorum
2715 5639 2763 5682 ct
2788 5628 3017 5698 ieiunii:
3045 5628 3140 5681 ltoc
3179 5628 3319 5684 enim
3355 5626 3451 5679 illa
3482 5626 3640 5681 verba

2049 5726 2389 5797 sibiaolunt,
2420 5726 2716 5783 llumiliate
2748 5729 2964 5783 animas
2992 5735 3225 5793 vestras,
3270 5726 3426 5795 idque
3479 5742 3509 5777 a
3542 5727 3644 5778 Ju-

2046 5830 2175 5886 dwis
2211 5830 2351 5885 circa
2374 5832 2530 5901 ﬁnem
2563 5832 2753 5887 mensis
2782 5830 3033 5902 Gorpuci,
3083 5831 3137 5887 id
3164 5840 3260 5898 est,
3292 5829 3646 5901 Septembrisl
