4178 6324
630 442 728 498 841

627 560 771 629 quod
816 569 864 617 et
923 578 1012 616 vos
1057 565 1359 628 testamiai,
1418 564 1800 619 celebrabatur.
1873 562 2020 618 Tunc
2070 562 2207 617 enim

627 660 821 711 multos
836 660 1175 729 prolis-osque
1210 679 1476 717 sermones
1524 672 1708 716 contra
1735 662 1958 718 Iudicas
2002 664 2209 717 insutu-

623 760 851 827 psimus,
905 762 1264 827 importunum
1319 780 1503 817 eorum
1561 763 1831 832 jejunium
1876 774 2205 818 accusantes.

626 857 706 913 Eo
739 862 923 929 igitur,
958 872 1019 915 ut
1054 878 1154 917 nos
1180 865 1591 929 constituimus,
1647 874 1891 934 tempore
1937 866 2037 919 has
2089 873 2201 919 tres

624 967 817 1012 contra
849 958 1071 1013 Judieos
1097 964 1396 1017 conciones
1424 964 1634 1017 habuit.
1680 962 1865 1034 Neque
1916 980 2096 1019 tamen
2133 969 2206 1019 ita

624 1073 814 1111 mense
850 1056 1154 1127 Septembri
1188 1060 1406 1115 habitas
1452 1063 1586 1116 dicit
1650 1065 1751 1119 has
1803 1067 2001 1119 multas
2033 1067 2196 1136 proli-

623 1176 833 1230 xasque
872 1162 1153 1229 homilias,
1186 1174 1245 1218 ut
1274 1165 1477 1219 nullam
1512 1174 1657 1229 ante,
1692 1168 1892 1221 nullam
1915 1179 2034 1236 post
2069 1167 2206 1237 Sep-

626 1262 895 1319 tembrem
967 1267 1361 1333 pronuntiarit.
1399 1267 1530 1321 Nam
1578 1284 1701 1321 cum
1735 1270 1832 1331 ait,
1892 1281 2011 1321 tunc
2065 1270 2206 1323 enim

624 1363 820 1418 multos
855 1366 1194 1435 proliaosque
1234 1384 1499 1422 sermones
1531 1379 1714 1422 coiitra
1751 1367 1969 1421 Iudaeos
2019 1369 2211 1421 habui-

620 1482 761 1526 mus,
788 1474 1007 1535 tempus
1045 1467 1265 1522 circiter
1300 1477 1553 1532 annotat,
1586 1485 1764 1539 neque
1801 1470 2054 1524 homilias
2081 1470 2206 1526 illas

621 1582 815 1621 omnes
846 1583 1034 1624 mense
1087 1566 1395 1639 Septembri
1429 1570 1835 1625 circumscribit
1863 1589 1879 1625 :
1915 1586 2023 1624 non
2054 1572 2201 1626 enim

621 1667 763 1721 solet
790 1666 1222 1739 Chrysostomus
1250 1680 1405 1726 tanto
1436 1672 1693 1741 scrupulo
1714 1680 1873 1727 notas
1894 1680 2202 1742 temporum

622 1766 967 1836 consignare,
1038 1776 1097 1821 ut
1159 1770 1363 1837 passim
1424 1770 1857 1825 observavimus.
1889 1769 2025 1825 Cum
2072 1786 2205 1827 vero

621 1866 771 1931 dicit,
829 1866 1024 1921 multos
1083 1869 1423 1938 prolixaeque
1470 1885 1772 1936 sermones,
1820 1870 2071 1933 πολλοὺς⁸
2102 1870 2203 1924 καὶ

623 1966 868 2035 μικροὺς
912 1966 1124 2033 λόγους,
1152 1966 1253 2027 has
1277 1976 1391 2029 tres
1414 1967 1669 2022 homilias
1693 1967 1936 2023 indicare
1966 1967 2202 2033 videtur,

621 2063 905 2132 etiamque
950 2063 1214 2120 fortassis
1258 2066 1419 2129 alias,
1460 2082 1582 2136 qua:
1639 2066 1842 2136 injuria
1893 2076 2203 2138 temporum

624 2166 1045 2219 interciderunt:
1088 2181 1283 2235 parum
1336 2168 1483 2221 enim
1518 2166 1730 2231 abfuit,
1781 2166 1915 2237 quin
1965 2168 2205 2223 secunda

619 2269 787 2321 etiam
817 2268 1039 2323 humilia
1074 2270 1317 2337 perierit,
1350 2278 1541 2340 utpote
1570 2286 1693 2340 qum
1744 2272 1800 2325 in
1831 2286 1942 2325 uno
1994 2280 2206 2327 tantum

621 2365 848 2429 Codice,
893 2382 1204 2437 magnaque
1255 2370 1339 2423 sui
1378 2380 1531 2439 parte
1590 2370 1783 2424 mutila
1838 2380 2049 2441 reperta
2106 2372 2197 2429 sit.

621 2463 742 2518 luto
776 2481 907 2520 vero
956 2478 1166 2521 certum
1215 2468 1431 2523 videtur
1460 2470 1668 2538 aliquot
1714 2485 1778 2523 ex
1818 2470 1885 2525 iis
1939 2486 2077 2541 quas
2115 2474 2205 2529 hic

622 2576 919 2629 memorat,
955 2569 1215 2624 homilias
1261 2569 1608 2625 intercidisse
1640 2592 1651 2625 :
1704 2587 1829 2625 nam
1866 2570 1922 2625 in
1957 2574 2063 2627 lliie
2095 2581 2205 2629 ter-

622 2666 711 2720 tia
740 2667 875 2721 dicit
900 2686 912 2722 :
949 2667 1409 2734 Quemadmodum
1432 2650 1931 2737 dentonstraeimus,
1961 2688 2077 2724 cum
2104 2672 2204 2726 liae

622 2771 687 2823 de
720 2788 775 2825 re
811 2773 967 2825 multi
1002 2774 1171 2826 habiti
1233 2774 1429 2842 fuerint
1462 2790 1492 2824 a
1528 2789 1607 2826 me
1646 2788 1930 2840 sermones,
1976 2772 2206 2837 πολλοὺς

617 2872 870 2942 ἀνήλωσα
930 2873 1163 2942 Mysiae:
1223 2891 1331 2929 non
1367 2876 1447 2928 sic
1476 2875 1781 2937 locuturus,
1817 2874 1861 2928 si
1910 2874 2050 2929 duos
2078 2883 2204 2929 tan-

621 2981 736 3023 tum
778 2972 880 3025 hac
910 2973 975 3027 de
1009 2989 1067 3027 re
1096 2990 1380 3029 sermones
1422 2975 1720 3028 habuisset.
1755 2972 1859 3027 Sed
1894 2988 2024 3028 cave
2044 2985 2205 3045 putes

619 3089 745 3127 eum
781 3072 1059 3131 Frontone
1089 3078 1288 3131 Duczeo
1323 3077 1579 3132 homilias
1625 3078 1871 3146 quinque
1913 3089 2205 3147 sequentes

618 3172 708 3229 his
738 3172 1120 3243 Chrysostomi
1156 3176 1357 3240 verbis,
1391 3177 1575 3246 longos
1621 3178 1962 3247 prolixosque
2005 3195 2204 3234 sermo-

622 3288 737 3335 nes,
768 3274 1113 3343 signiﬁcari:
1175 3277 1297 3334 illas
1357 3278 1631 3347 siquidem
1686 3278 1879 3337 habuit
1936 3280 2026 3334 diu
2083 3290 2207 3350 post

620 3372 915 3432 "orn'tl'tam
950 3378 1003 3435 in
1032 3374 1281 3433 Natalem
1327 3378 1567 3443 Domini,
1603 3396 1750 3435 anno
1790 3380 1896 3433 386
1938 3375 2203 3449 habitam,

624 3473 772 3533 unde
808 3487 1063 3546 excerpta
1096 3478 1186 3531 illa
1215 3480 1379 3533 verba
1418 3488 1567 3543 sunt,
1617 3489 1675 3535 ut
1710 3497 1834 3534 mox
1872 3496 2049 3551 neque
2095 3484 2205 3536 du-

620 3572 727 3628 biis
757 3577 1097 3643 argumentis
1139 3578 1317 3647 palam
1357 3576 1645 3635 faciemus.

696 3686 889 3745 Restat
920 3698 980 3743 ut
1017 3690 1347 3760 quibusdam
1379 3708 1409 3746 a
1464 3692 1812 3749 Tillemontio
1850 3695 1994 3749 circa
2043 3695 2207 3766 hujus

620 3789 868 3844 humilia:
941 3798 1156 3858 tempus
1209 3793 1504 3861 propositis
1581 3793 1764 3849 dubiis
1820 3809 2199 3849 occurramus.

620 3888 776 3957 Quod
818 3892 895 3945 ait
920 3891 1359 3963 ,Cbrysostomus
1407 3895 1461 3949 in
1514 3894 1619 3949 hac
1668 3880 1917 3960 homilia,
1966 3896 2202 3965 primum

621 3993 767 4046 diem
797 3993 1132 4063 Asymorum
1175 3994 1280 4048 hoc
1310 4010 1456 4049 anno
1487 3995 1731 4050 incidere
1754 3996 1807 4049 in
1838 3996 2207 4062 Domi-leam,

623 4093 678 4147 id
708 4095 898 4165 utique
936 4110 1084 4149 anno
1117 4096 1221 4150 587
1251 4097 1505 4167 contigit.
1532 4095 1643 4153 Nec
1688 4099 1814 4155 inde
1846 4108 2027 4155 tamen
2069 4100 2208 4155 infe-

621 4211 716 4251 ras
739 4197 931 4251 eodem
969 4212 1115 4252 anno
1153 4197 1281 4262 387,
1310 4198 1531 4267 qualem
1574 4216 1933 4258 numeramus
1967 4218 1999 4258 a
2029 4203 2206 4272 prima

624 4292 866 4349 Ianuarii
900 4295 1021 4360 die,
1055 4298 1464 4364 pronuntiatam
1497 4296 1669 4354 fuisse
1709 4300 1849 4355 hanc
1882 4291 2201 4357 homiliam:

622 4410 751 4452 nam
793 4406 1157 4466 praeterquam
1192 4399 1339 4467 quod
1381 4414 1411 4453 a
1442 4400 1748 4470 Septembri
1808 4418 1996 4459 mense
2029 4419 2210 4459 annus

626 4500 683 4553 in
738 4495 987 4551 Ecclesia
1050 4496 1237 4552 Graeca
1296 4501 1631 4566 inchoatur,
1681 4503 1817 4557 nihil
1864 4502 2207 4573 frequentius

625 4601 768 4670 apud
799 4600 1021 4656 Gnaeos
1048 4600 1240 4657 Patres
1282 4612 1336 4658 et
1369 4605 1670 4674 scriptores
1717 4613 1805 4660 est
1835 4621 2000 4674 quam
2059 4607 2207 4677 quod

624 4702 728 4755 hoc
755 4717 901 4757 anno
928 4716 1043 4757 rem
1072 4704 1391 4774 quampiam
1423 4721 1719 4761 occurrere
1747 4706 1953 4771 dicant,
1986 4706 2209 4777 quando

626 4801 693 4854 ad
728 4817 840 4856 rem
875 4803 1061 4858 minus
1099 4819 1265 4874 quam
1304 4806 1469 4861 unius
1499 4809 1627 4862 anni
1662 4809 1902 4878 spatium
1938 4810 2207 4863 intercur-

624 4905 719 4960 rit.
759 4903 1126 4971 Quamobrem
1156 4908 1360 4976 optime
1383 4909 1583 4963 dixerit
1616 4925 1759 4964 anno
1788 4910 1913 4976 586,
1949 4909 2198 4980 Septem-

624 5008 711 5062 bri
747 5024 958 5072 mense,
985 5008 1417 5079 Chrysostomus
1444 5013 1679 5082 primum
1708 5014 1850 5068 diem
1872 5016 2207 5085 Azymorum

631 5114 737 5167 hoc
772 5130 923 5169 anno
953 5115 1269 5187 inciderein
1297 5116 1442 5171 diem
1477 5116 1840 5185 Dominicam,
1871 5121 2103 5191 loquens
2135 5122 2203 5176 de

625 5214 798 5288 primo
825 5216 913 5271 die
943 5217 1280 5288 Azymoru'm
1323 5218 1453 5273 anni
1524 5219 1653 5275 387.
1714 5217 1905 5291 Itaque
1950 5224 1995 5277 si
2044 5222 2210 5279 Tille—

630 5316 893 5382 montius,
952 5319 1045 5386 qui
1093 5321 1254 5387 paulo
1297 5326 1425 5373 ante
1468 5318 1960 5392 Quadragesimam
2006 5326 2088 5379 vel
2149 5327 2204 5381 in

627 5414 743 5479 ipsa
767 5414 1192 5483 Quadragesima
1237 5418 1363 5469 anni
1392 5417 1494 5471 387
1534 5419 1675 5471 hanc
1722 5420 2030 5475 institutam
2082 5438 2206 5479 esse

625 5516 941 5568 concionem
982 5518 1339 5585 probabiliter
1372 5521 1690 5586 existimat,
1734 5523 1835 5578 hac
1882 5524 2210 5596 Chrysosto-

630 5616 698 5666 mi
732 5615 988 5685 loquendi
1025 5620 1236 5672 ratione
1264 5621 1488 5682 nitatur,
1514 5636 1543 5674 a
1573 5636 1742 5691 scopo
1774 5624 1932 5692 plane
1963 5627 2204 5680 aberratt

625 5716 786 5770 Aliud
818 5720 959 5790 eruit
989 5734 1373 5790 argumentum
1397 5738 1465 5777 ex
1489 5724 1574 5778 his
1598 5727 1797 5790 verbis,
1822 5728 1919 5792 τὰς
1946 5728 2045 5799 μὲν
2073 5728 2209 5783 ταύ-

620 5836 720 5881 τας
756 5820 989 5891 ἡμέρας,
1032 5823 1129 5876 Itas
1168 5823 1236 5878 ιο
1265 5824 1400 5888 dies,
1461 5826 1665 5897 quibus
1698 5827 2014 5899 suspicatur
2056 5827 2206 5885 iudi-

1340 447 1397 503 S.
1434 447 1717 505 JOANNIS
1752 436 2239 504 CHRYSOSTOMI
2276 438 2599 497 AKCHIEP.
2637 436 3185 498 CONSTANTINOP.

3794 443 3908 502 8‘9

2314 559 2426 615 cari
2477 558 2532 613 in
2608 557 2728 627 ipsa
2794 555 3235 626 Quadragesima
3287 555 3535 613 habitam
3609 559 3901 615 homiliam

2310 661 2507 717 fuisse.
2534 658 2650 715 Non
2707 658 2925 715 videtur
2970 666 3152 712 autem
3211 656 3344 713 hinc
3378 657 3503 727 plus
3538 660 3771 713 subsidii
3811 675 3901 713 re-

2311 760 2497 817 ferre:
2532 777 2659 815 nam
2718 760 2805 815 his
2846 758 3145 829 signiﬁcari
3194 767 3399 830 potest,
3437 758 3539 813 bos
3592 760 3658 813 de
3693 759 3901 827 quibus

2309 865 2532 931 loquor,
2587 871 2932 924 narrantem,
2995 861 3096 915 hos
3142 859 3197 914 in
3242 860 3446 930 quibus
3495 875 3784 914 versamur
3829 859 3902 912 40

2309 962 2446 1016 dies.
2476 961 2639 1015 Certe
2668 960 2799 1015 huic
2853 959 3101 1029 Opinioni
3155 959 3418 1026 refragari
3472 960 3688 1014 videtur
3717 960 3901 1030 Chry-

2306 1072 2591 1117 sostomus
2619 1077 2743 1117 cum
2779 1059 2937 1115 initio
2972 1060 3139 1130 hujus
3180 1060 3421 1115 homilia
3462 1060 3595 1114 dicit
3648 1076 3711 1115 se
3761 1077 3903 1115 con-

2307 1162 2530 1215 cionum
2571 1170 2765 1216 contra
2816 1162 3119 1217 Anomceos
3159 1163 3358 1217 seriem
3402 1162 3582 1217 denuo
3634 1163 3902 1231 ἰηιει-ρει-

2307 1260 2421 1313 lare
2449 1260 2593 1328 cogi,
2636 1268 2689 1313 et
2737 1275 2804 1314 ex
2855 1262 3022 1315 modo
3070 1261 3318 1316 ordiendi
3368 1260 3594 1325 iudicat,
3630 1276 3690 1315 se
3753 1261 3901 1314 hanc

2306 1360 2525 1413 tertiam
2578 1362 2898 1415 concionem
2954 1372 3144 1417 contra
3195 1361 3447 1425 Iudaeos,
3499 1364 3719 1418 modico
3770 1372 3899 1431 post

2306 1457 2605 1513 secundam
2633 1459 2827 1529 elapso
2848 1470 3095 1531 tempore
3136 1463 3418 1527 habuisse,
3465 1478 3586 1532 qua
3640 1462 3895 1517 secunda

2308 1562 2364 1616 in
2401 1577 2648 1617 mensem
2684 1561 3064 1632 Septembrem
3113 1564 3257 1618 haud
3290 1565 3455 1618 dubie
3487 1563 3803 1629 referenda,
3836 1573 3901 1618 ut

2306 1676 2474 1731 supra
2508 1661 2769 1717 vidimus.
2801 1662 2864 1717 Et
2894 1678 3028 1719 sane
3051 1679 3176 1718 cum
3202 1663 3633 1735 Chrysostomus
3665 1666 3905 1718 homilia

2306 1765 2361 1818 in
2396 1765 2485 1820 die
2521 1762 2696 1819 Natali
2726 1765 2932 1821 Christi
2964 1766 3095 1820 anui
3128 1766 3235 1821 586
3268 1766 3416 1820 dicat
3447 1782 3506 1821 se
3536 1783 3725 1821 mense
3780 1769 3900 1820 cir-

2306 1867 2446 1921 citer
2474 1868 2786 1937 Septembri
2818 1869 3023 1924 multos
3050 1868 3405 1939 prolixosque
3432 1884 3718 1923 sermones
3760 1885 3900 1923 con-

2309 1976 2390 2021 tra
2416 1964 2639 2022 Iudaeos
2675 1968 3007 2036 instituisse,
3040 1970 3436 2040 congruentius
3478 1969 3533 2022 in
3570 1969 3702 2022 illud
3734 1967 3901 2022 circi-

2308 2076 2391 2121 ter
2455 2078 2673 2137 tempus
2736 2068 2879 2124 hanc
2941 2068 3158 2122 tertiam
3214 2068 3509 2122 homiliam
3563 2067 3902 2136 rejicimus.

2304 2179 2599 2239 postquam
2666 2170 2752 2223 vel
2814 2171 3113 2224 secundam
3168 2179 3364 2223 contra
3420 2172 3757 2231 Anommos,
3808 2173 3902 2225 vel

2306 2268 2468 2321 aliam
2504 2283 2570 2322 ex
2603 2268 2963 2338 sequentibus
2994 2268 3264 2323 habuerat
3298 2286 3311 2323 :
3350 2285 3460 2324 non
3494 2269 3638 2323 enim
3675 2279 3900 2323 constat

2308 2385 2560 2439 quaenam
2594 2386 2659 2425 ex
2690 2370 2798 2424 illis
2836 2370 2980 2423 hanc
3011 2369 3225 2423 tertiam
3274 2378 3465 2423 contra
3509 2366 3726 2422 Iudaeos
3756 2384 3903 2436 pra--

2306 2474 2557 2529 cesserit.
2589 2473 2668 2526 Ad
2707 2473 2824 2527 haec
2880 2488 3013 2526 vero
3070 2472 3113 2527 si
3176 2472 3229 2525 in
3258 2471 3691 2543 Quadragesima
3751 2474 3902 2525 hanc

2307 2574 2592 2628 homiliam
2628 2572 2831 2627 dictam
2885 2572 3056 2627 fuisse
3092 2581 3422 2637 statuamus,
3486 2590 3549 2628 ea
3606 2575 3711 2628 erit
3746 2573 3902 2639 Qua-

2306 2675 2618 2746 dragesima
2647 2673 2793 2727 haud
2827 2674 2989 2727 dubie
3018 2672 3147 2727 anni
3180 2672 3285 2727 587
3314 2690 3328 2739 ;
3367 2672 3421 2726 in
3458 2672 3549 2726 illa
3581 2689 3710 2727 vero
3742 2672 3895 2737 Qua-

2306 2776 2618 2847 dragesima
2674 2791 2895 2829 cursum
2962 2774 3309 2827 homiliarum
3360 2786 3549 2830 contra
3591 2775 3900 2829 Anommos

2308 2877 2677 2945 interceperit,
2712 2886 2772 2929 ut
2807 2876 2947 2929 hanc
2970 2884 3162 2929 contra
3195 2872 3415 2929 Judmos
3460 2874 3703 2929 haberet.
3739 2872 3897 2938 Quo-

2307 2974 2473 3027 modo
2506 2983 2685 3027 autem
2728 2975 2845 3027 haec
2894 2973 3186 3027 convenire
3218 2973 3433 3040 possint
3481 2974 3533 3027 in
3565 2971 3896 3042 Quadrage-

2306 3076 2501 3129 simam
2536 3076 2664 3131 anni
2706 3074 2834 3140 387,
2869 3090 2966 3143 per
2999 3089 3163 3143 quam
3197 3082 3367 3127 totam
3403 3075 3471 3128 de
3504 3075 3704 3127 statuis
3730 3089 3898 3127 ever-

2306 3177 2383 3230 sis
2433 3178 2799 3231 concionatus
2828 3175 3261 3246 Chrysostomus
3319 3186 3426 3238 est,
3462 3184 3596 3229 tunc
3655 3184 3803 3229 totus
3837 3175 3899 3230 in

2306 3278 2683 3334 describendis
2726 3278 3191 3348 deplorandisque
3241 3276 3709 3331 Antiochenorum
3742 3277 3893 3330 cala-

2306 3383 2615 3445 mitatibus,
2646 3381 2847 3449 quibus
2880 3380 3149 3433 medicam
3204 3394 3433 3433 manum
3468 3379 3759 3433 admovere
3794 3392 3896 3432 co-

2308 3482 2588 3538 nabatur?
2614 3480 2784 3549 Cujus
2818 3480 3126 3549 argumenti
3147 3479 3255 3532 vim
3282 3492 3341 3532 ut
3368 3480 3566 3532 melius
3598 3478 3893 3547 intelligas,

2307 3581 2625 3637 consideres
2662 3580 2844 3644 velim,
2912 3580 2965 3632 in
3000 3578 3425 3649 Quadragesima
3476 3578 3607 3631 anni
3653 3577 3753 3631 387
3790 3579 3892 3631 ho-

2308 3684 2489 3738 milias
2520 3682 2710 3752 viginti
2742 3691 2795 3735 et
2825 3696 2990 3735 unam
3024 3680 3238 3733 habitas
3282 3679 3471 3743 fuisse,
3522 3696 3645 3749 quae
3698 3680 3890 3732 etiam-

2310 3800 2440 3839 num
2477 3792 2795 3852 supersunt,
2831 3790 3067 3851 totaeque
3100 3782 3153 3833 in
3200 3779 3552 3849 deplorandis
3596 3778 3888 3832 Antioche-

2310 3886 2395 3941 nis
2421 3884 2827 3940 calamitatibus
2856 3892 3165 3946 versantur,
3202 3882 3257 3934 in
3290 3895 3594 3950 earumque
3649 3879 3889 3934 exordiis

2310 3994 2370 4038 ut
2426 3984 2725 4053 plurimum
2776 3982 2842 4041 de
2893 3980 3330 4052 praecedentibus
3396 3981 3637 4033 homiliis
3690 3981 3891 4049 agitur.

2311 4084 2703 4151 Quamobrem,
2739 4084 2786 4137 si
2826 4083 3217 4139 controversiae
3274 4082 3342 4137 de
3401 4082 3574 4151 gloria
3618 4079 3891 4150 lluigeuiti

2309 4198 2365 4245 et
2416 4198 2609 4244 contra
2666 4188 2967 4243 Anomreos
3032 4198 3162 4241 tunc
3220 4186 3546 4255 viguissent,
3582 4195 3635 4241 et
3674 4186 3718 4240 si
3778 4186 3891 4238 hac

2310 4300 2505 4348 contra
2531 4288 2750 4344 Judaios
2782 4296 2914 4343 tunc
2966 4288 3149 4340 habita
3187 4285 3403 4349 luisset,
3456 4287 3506 4339 id
3542 4287 3595 4338 in
3653 4285 3894 4355 quodam

2310 4393 2579 4464 procmio
2619 4392 2763 4446 haud
2800 4390 2965 4445 dubie
2999 4398 3404 4444 memoraturus
3448 4399 3588 4442 erat.
3641 4389 3723 4441 Ad
3778 4388 3895 4443 hac

2311 4511 2443 4551 vero
2477 4496 2605 4566 quis
2665 4504 2838 4565 putet,
2890 4493 2946 4547 in
3012 4493 3274 4546 extremis
3328 4492 3591 4562 periculis
3646 4501 3702 4545 et
3735 4492 3895 4545 malis

2310 4609 2566 4653 versante
2594 4597 2841 4660 civitate,
2872 4596 3327 4668 Cbrysostomum
3374 4606 3565 4648 contra
3599 4593 3895 4648 Anommos

2309 4708 2365 4755 et
2390 4699 2610 4756 Iudaeos
2638 4699 3048 4754 controversias
3088 4697 3385 4760 excitasse,
3420 4712 3542 4763 quae
3576 4695 3896 4749 auditorum

2310 4810 2366 4857 et
2392 4801 2564 4855 otium
2598 4809 2654 4854 et
2682 4800 2927 4855 sedatam
2957 4808 3194 4853 mentem
3234 4797 3610 4868 postulabant.

2382 4911 2539 4985 [586]
2572 4909 2756 4981 Longe
2789 4910 3148 4966 diﬂiciliorem
3205 4910 3369 4965 aliam
3404 4918 3589 4965 movet
3633 4908 3895 4980 quaestio-

2312 5030 2433 5069 nem
2463 5012 2872 5077 Tillemontius,
2926 5027 3050 5081 quae
3086 5026 3239 5065 suam
3294 5010 3499 5080 pariter
3532 5020 3585 5064 et
3643 5020 3894 5063 nostram

2312 5116 2641 5171 sententiam
2675 5114 2923 5183 impetat,
2956 5129 3187 5185 quasque
3223 5112 3547 5179 huiusmodi
3587 5122 3692 5166 est.
3720 5110 3896 5179 llujus

2312 5217 2552 5272 homiliie
2584 5216 2774 5272 titulus
2800 5226 2902 5282 est,
2930 5218 3026 5279 Εἰς
3055 5217 3181 5279 τοὺς
3222 5215 3293 5269 τὰ
3343 5216 3537 5285 πρῶτα
3578 5217 3762 5283 πάσχα
3798 5230 3895 5283 νη-

2316 5318 2626 5381 στεύοντας,
2662 5317 2730 5371 1η
2751 5334 2837 5371 eos
2864 5318 2955 5387 qui
2992 5318 3163 5385 primo
3194 5314 3404 5369 Pascha
3430 5315 3701 5383 jejunum.
3734 5312 3893 5378 Quod

2313 5431 2495 5475 autem
2533 5421 2638 5475 hoc
2672 5421 2789 5489 ipso
2820 5436 2964 5473 anno
3015 5419 3073 5485 ii,
3104 5417 3198 5486 qui
3249 5415 3565 5471 Judazorum
3620 5414 3897 5469 calculum

2311 5520 2367 5574 in
2397 5519 2664 5575 Pascbate
2704 5521 3095 5590 sequebantur,
3130 5522 3185 5573 in
3218 5520 3340 5589 ipso
3376 5518 3648 5573 Pascbate
3669 5516 3899 5587 jejuna-

2309 5624 2418 5679 turi
2446 5634 2653 5691 essent,
2702 5624 2781 5680 sic
2814 5625 3061 5679 declarat
3117 5624 3551 5695 Chrysostomus
3604 5636 3759 5675 num.
3814 5620 3850 5675 5
3880 5636 3900 5676 :

2315 5723 2451 5777 Ecce
2478 5740 2702 5795 namque
2752 5726 2956 5794 primus
2990 5726 3100 5779 dies
3150 5726 3474 5792 Azymorunt
3528 5723 3623 5776 hoc
3662 5736 3802 5773 anno
3840 5720 3899 5771 in

2313 5825 2654 5881 Dominfeant
2682 5826 2821 5879 diem
2872 5826 3081 5894 incidit,
3126 5834 3177 5880 et
3202 5824 3415 5878 omnino
3446 5815 3649 5877 necesse
3675 5829 3776 5887 est,
3837 5826 3899 5871 ut
