4150 6352
208 483 335 540 841·

214 615 327 659 tota
360 603 1030 676 hebdomadajejunemus,
1057 614 1106 659 et
1146 621 1264 658 cum
1321 603 1512 660 Passio
1571 612 1795 672 prater-

211 707 361 770 ierit,
392 715 441 759 et
469 721 605 760 crua:
633 706 904 760 aduenerit
935 714 985 759 et
1008 707 1340 770 resurrectio,
1384 721 1477 759 nos
1502 705 1676 757 adhuc
1707 704 1796 774 je—

201 801 464 872 junantes
503 823 834 862 maneamus.
879 806 946 860 Et
982 822 1338 876 sepenumera
1373 807 1518 860 istud
1570 808 1795 870 accidit,

217 920 282 964 ut
315 919 432 980 post
497 925 727 975 crucem,
785 919 904 978 post
964 913 1424 979 resurrectionem,
1470 904 1798 966 hebdémada

214 1013 449 1064 nondum
485 1011 750 1071 absoluta.
774 1012 1039 1082 jejunium
1073 1014 1421 1069 observemus.
1454 1011 1578 1067 Haec
1608 1023 1797 1068 contra

216 1126 314 1165 eos
349 1111 642 1177 dicuntur,
678 1113 768 1180 qui
808 1114 1079 1183 jejunium
1115 1112 1348 1170 Iudaico
1401 1131 1554 1170 more
1607 1132 1796 1170 serva-

215 1212 371 1264 bant.
415 1214 624 1284 quique
677 1216 972 1282 aliquando
1012 1217 1066 1271 in
1109 1219 1228 1286 ipso
1281 1217 1550 1271 Paschatc
1580 1217 1765 1286 jejuna

215 1314 374 1378 bant,
419 1315 643 1384 quando
698 1318 909 1371 scilicet
960 1316 1278 1373 Iudaeorum
1315 1319 1558 1372 calculus
1590 1316 1801 1373 Pascha

215 1417 538 1488 assignabat
573 1428 700 1487 post
725 1418 1171 1474 Christianorum
1197 1419 1426 1475 Pascha.
1467 1419 1622 1476 Tunc
1655 1420 1800 1475 enim

216 1518 523 1574 Christiani
555 1520 633 1575 illi
669 1521 763 1590 qui
795 1505 1028 1578 ludam
1059 1521 1163 1582 ritu
1193 1521 1464 1592 jejunium
1487 1522 1800 1588 servabant,

213 1620 318 1675 illo
353 1620 441 1676 die
471 1621 801 1692 jejunabant
827 1637 940 1692 quo
992 1623 1172 1680 canori
1233 1623 1530 1678 Christiani
1592 1621 1804 1684 Pascha

214 1721 588 1777 celebrarent.
636 1721 804 1792 Atqui
868 1724 1172 1778 secundum
1223 1723 1463 1780 Tabulas
1513 1725 1804 1794 paschales

217 1839 370 1878 anno
453 1823 558 1878 387
651 1823 863 1880 Pascha
908 1826 1099 1881 incidit
1131 1825 1184 1880 in
1224 1827 1298 1880 25
1343 1827 1567 1896 Aprilis,
1610 1841 1804 1896 nempe

217 1940 388 1997 quam
417 1925 731 1980 tardissime
756 1933 934 1996 potest
955 1942 1246 1982 occurrere
1275 1946 1288 1982 :
1340 1928 1617 1997 quomodo
1673 1943 1804 1999 ergo

219 2034 480 2096 poterant
516 2027 622 2080 hoc
657 2040 805 2079 anno
836 2024 1190 2082 Judaizantes
1229 2026 1305 2081 illi
1344 2027 1396 2081 in
1427 2025 1693 2087 Pascltate
1718 2029 1804 2098 je-

225 2125 588 2196 junare,cum
653 2122 866 2178 Pascha
921 2121 1237 2177 Iudaeorum
1293 2139 1572 2192 nunquam
1632 2123 1806 2193 possit

229 2227 366 2283 ultra
392 2226 466 2282 25
499 2227 708 2298 Aprilis
730 2242 1024 2282 occurrere
1046 2225 1290 2296 {Ingens
1315 2242 1449 2281 sane
1473 2225 1763 2281 dillicultas
1788 2214 1802 2290 ζ

220 2335 314 2390 sed
351 2351 473 2404 quae
511 2344 692 2390 tamen
721 2342 904 2389 certas
934 2335 1199 2403 temporis
1234 2342 1390 2388 notas
1437 2348 1466 2387 a
1501 2334 1660 2388 nobis
1712 2348 1806 2388 su-

218 2451 321 2505 pra
365 2436 572 2505 positas
602 2443 847 2490 evertere
878 2442 1133 2504 nequeat.
1175 2432 1311 2488 Nam
1368 2441 1551 2489 utrum
1588 2445 1804 2502 semper

215 2537 552 2591 Antiocheni
588 2534 894 2590 invariabili
953 2535 1070 2604 lege
1100 2534 1597 2588 Alexandrinorum
1659 2532 1802 2587 circa

216 2634 429 2691 Pascha
471 2634 687 2690 Domini
719 2637 995 2691 calculum
1030 2636 1203 2690 secuti
1241 2637 1370 2697 sint.
1407 2636 1458 2690 id
1501 2652 1636 2690 sane
1695 2652 1804 2691 non

217 2751 396 2804 usque
417 2737 553 2790 adeo
584 2737 745 2792 nobis
808 2746 1151 2806 compertum
1178 2747 1262 2790 est
1290 2755 1306 2792 :
1361 2745 1526 2806 atque
1589 2735 1804 2791 etiamsi

219 2853 437 2907 semper
466 2840 641 2894 secuti
675 2839 820 2902 sint,
873 2855 941 2892 an
994 2839 1266 2893 aliirmare
1316 2853 1609 2906 possumus
1650 2853 1806 2890 nun-

215 2957 382 3007 quam
420 2956 666 2995 errorem
719 2941 773 2994 in
816 2941 1029 2996 calculo
1054 2923 1452 2995 intercidisse?
1505 2938 1664 2993 Certe
1719 2936 1804 2992 fa-

219 3051 404 3095 tentur
492 3041 596 3095 viri
661 3042 1004 3096 calculorum
1065 3041 1406 3110 paschalium
1479 3040 1804 3111 peritissimi

213 3158 462 3197 errorem
500 3142 778 3197 interdum
809 3143 862 3195 in
921 3143 1150 3198 calculis
1205 3143 1523 3212 hujusmodi
1580 3145 1803 3200 contin-

216 3258 370 3313 gere,
407 3259 506 3298 nec
542 3243 729 3298 multis
773 3243 976 3298 abhinc
1037 3243 1200 3298 annis
1250 3245 1572 3314 contigisse,
1627 3260 1807 3313 neque

214 3351 397 3397 tutum
429 3358 648 3412 semper
682 3359 806 3398 esse
835 3353 996 3398 notas
1027 3345 1314 3413 paschales
1342 3347 1468 3401 aliis
1495 3355 1805 3417 temporum

213 3444 364 3496 notis
393 3453 744 3512 anteponere.
781 3442 925 3499 Sane
960 3453 1111 3498 tanta
1155 3445 1373 3499 videtur
1425 3461 1653 3510 eorum,
1684 3463 1806 3517 quae

210 3562 382 3614 supra
410 3547 679 3613 diximus,
716 3548 970 3612 ﬁrmitas,
1006 3559 1066 3600 ut
1088 3549 1267 3618 pctius
1303 3564 1368 3607 ex
1398 3551 1810 3620 computatione

208 3655 406 3700 nostra
439 3654 631 3700 contra
661 3645 934 3700 calculum
964 3630 1278 3716 paschalem
1310 3646 1605 3717 ejusmodi,
1640 3664 1807 3720 quam

210 3764 288 3804 ex
317 3750 532 3816 calculo
565 3750 811 3821 paschali
834 3759 1028 3806 contra
1058 3751 1527 3820 computationem
1557 3761 1805 3809 nostram

207 3855 401 3910 liceat.

298 3971 421 4026 Haec
454 3972 521 4027 de
556 3970 736 4026 tribus
763 3968 1042 4040 prioribus
1071 3980 1264 4025 contra
1295 3967 1516 4025 Iudaeos
1541 3971 1804 4027 bomiliis.

155 4073 474 4143 .Quinque
537 4088 671 4128 vero
726 4081 1021 4144 sequentes
1092 4073 1188 4128 diu
1249 4082 1373 4144 post
1429 4073 1807 4130 intermissam

206 4173 458 4244 priorem
491 4172 761 4228 adversus
798 4175 1021 4229 eosdem
1065 4173 1535 4229 concertationem
1592 4176 1810 4232 habitas

208 4274 395 4330 fuisse
428 4273 746 4328 subindicat
785 4275 903 4344 ipse
942 4254 1374 4346 Cltrysostomtts
1411 4277 1568 4331 initio
1597 4288 1810 4347 quarta:

205 4375 308 4430 his
334 4374 556 4429 verbis:
598 4373 805 4428 Rursus
848 4366 1084 4443 infelices
1122 4374 1206 4428 illi
1247 4377 1658 4448 mortaliumque
1691 4396 1807 4434 om-

204 4477 366 4532 nium
426 4477 714 4530 miserrimi
782 4477 965 4532 Judtei
1012 4479 1316 4549 jejunaturi
1382 4490 1553 4536 sunt:
1618 4500 1804 4538 rursus

204 4565 422 4637 Christi
454 4597 662 4652 gregem
713 4583 1018 4637 muniamus
1068 4600 1274 4638 necesse
1310 4596 1412 4642 est.
1473 4585 1578 4642 Sed
1621 4599 1806 4657 aperte

206 4681 466 4738 declarat
492 4669 724 4738 'homilia
749 4693 902 4740 sexta
939 4701 1090 4740 num.
1125 4685 1200 4741 6:
1235 4684 1377 4751 Quid
1407 4697 1584 4740 autem
1617 4687 1805 4758 loquor

1247 479 1619 539 ADVERSUS
1655 477 1972 539 ιυοεοε.
2011 510 2079 525 -
2111 475 2457 548 MONITUM.

3367 481 3495 537 εις*

1902 601 1968 654 de
2000 602 2394 678 pradonibus?
2442 601 2691 672 Profecto
2739 602 2889 656 scitis
2923 618 3102 656 omnes
3144 617 3204 655 ac
3257 603 3495 666 memini,

1903 701 2120 776 quando
2144 707 2288 776 apud
2321 723 2416 761 nos
2454 707 2700 762 scelerati
2724 705 2944 778 quidam
2991 715 3042 761 et
3073 705 3492 775 prastigiatores

1903 814 2115 860 statuas
2143 808 2404 876 principis
2429 805 2752 879 dejecerunt,
2784 824 2888 877 quo
2923 816 3079 878 pacto
3107 821 3208 860 non
3253 804 3336 858 illi
3370 816 3486 857 tun-

1905 917 2016 959 tum
2045 909 2136 978 qui
2189 907 2399 977 facinus
2422 909 2546 963 ausi
2597 910 2833 978 fuerant,
2869 909 2959 963 sed
2999 915 3257 980 quotquot
3295 905 3498 975 simpli-

1906 1009 2038 1062 citer
2071 1021 2361 1080 pra'sentes
2397 1013 2665 1080 conspecti
2697 1022 2870 1076 erant,
2901 1014 3153 1082 quoniam
3183 1009 3498 1064 videbuntur

1905 1109 2018 1165 illis
2067 1112 2339 1172 assentiri,
2400 1111 2456 1164 in
2506 1111 2771 1182 judicium
2813 1111 3015 1180 abrepti
3076 1108 3342 1179 simulque
3376 1124 3498 1162 cum

1907 1210 2018 1266 illis
2046 1211 2263 1266 abducti
2301 1223 2536 1266 extremo
2563 1215 2823 1284 supplicio
2852 1215 2957 1268 sint
3009 1213 3208 1282 aﬂ'ecti.
3245 1209 3344 1266 Hic
3369 1224 3498 1269 .me-

1909 1323 2179 1370 moratam
2213 1314 2465 1369 videmus
2493 1315 2640 1369 illam
2668 1315 3017 1386 tragoediam,
3047 1329 3169 1384 quae
3194 1329 3293 1384 per
3324 1321 3496 1366 totam

1911 1416 2403 1488 Quadragesimam
2445 1417 2575 1470 anni
2638 1415 2744 1470 587
2805 1416 3101 1472 occasione
3159 1416 3498 1486 dt-jectarum

1911 1527 2224 1576 statuarum
2251 1518 2564 1581 Antiochiae
2591 1520 2838 1574 exhibita
2868 1532 2975 1586 est,
2999 1521 3068 1578 de
3098 1535 3204 1594 qua
3247 1520 3502 1594 pluribus

1913 1610 2076 1674 initio
2111 1620 2245 1674 torni
2308 1608 2612 1691 sequentis.
2653 1619 2779 1676 [lac
2835 1637 3002 1692 porro
3059 1632 3215 1678 sexta
3274 1621 3502 1678 humilia

1913 1723 2101 1778 habita
2147 1723 2249 1780 luit
2289 1725 2409 1796 ipso
2454 1725 2651 1796 jejunii
2702 1703 3021 1782 Iudaeorum
3075 1727 3195 1794 die,
3255 1735 3317 1782 ut
3385 1729 3504 1797 ipse

1913 1806 2347 1895 Chrysostomus
2385 1826 2521 1882 dicit
2548 1829 2602 1883 in
2641 1829 2746 1883 line
2777 1847 2790 1883 :
2825 1838 3021 1900 quarta
3052 1829 3242 1883 decem
3283 1830 3511 1885 circiter

1912 1923 2108 1980 diebus
2140 1935 2268 1982 ante
2311 1927 2630 1996 jejunium:
2669 1931 2868 1999 quinta
2917 1931 3262 1996 intermedio,
3324 1943 3383 1986 ut
3433 1947 3500 1985 ex

1913 2025 2164 2085 ordiendi
2193 2029 2358 2089 modo
2389 2028 2581 2099 liquet,
2608 2039 2899 2098 tempore:
2945 2031 3199 2102 septima,
3259 2033 3504 2087 nondum

1913 2127 2168 2182 absoluto
2220 2125 2536 2184 Iudaeorum
2579 2128 2760 2185 festo:
2805 2138 2998 2187 octava
3041 2142 3184 2203 post
3227 2133 3504 2204 jejunium

1911 2236 1967 2280 et
1990 2224 2229 2291 festum;
2268 2226 2340 2280 ita
2375 2235 2436 2281 ut
2464 2242 2530 2281 ex
2560 2225 2944 2299 Cbrysostomi
2981 2231 3161 2285 verbis
3207 2231 3353 2286 clare
3389 2235 3505 2288 col-

1911 2323 2116 2395 ligatur
2155 2341 2280 2380 eum
2324 2327 2539 2394 minus,
2580 2344 2750 2398 quam
2807 2329 2996 2400 viginti
3046 2330 3260 2386 dierum
3301 2332 3502 2399 spatio,
3589 2315 3610 2338 ⁸

1911 2425 2160 2502 quinque
2186 2435 2493 2495 postremas
2523 2437 2715 2484 contra
2755 2425 2975 2483 Iudaeos
3005 2428 3260 2482 homilias
3309 2431 3504 2486 absol-

1913 2528 2078 2581 visse.
2117 2523 2229 2582 Hoc
2259 2527 2326 2582 de
2375 2543 2435 2583 re
2469 2528 2765 2584 difficultas
2801 2531 2947 2585 nulla
2991 2532 3231 2587 suboriri
3296 2544 3502 2604 potest.

1915 2625 2112 2682 Utrum
2146 2639 2325 2683 autem
2359 2645 2505 2684 anno
2533 2631 2661 2694 587,
2693 2632 2883 2685 eodem
2924 2642 3243 2688 recurrente
3263 2634 3499 2705 jejunio,

1913 2731 2076 2801 cujus
2113 2747 2284 2787 causa
2343 2741 2453 2787 tres
2505 2732 2720 2804 priores
2763 2732 3022 2787 bomilias
3062 2748 3212 2788 anno
3249 2737 3504 2804 proximo

1913 2833 2204 2899 habuerat,
2243 2835 2340 2889 bas
2385 2835 2632 2904 quinque
2696 2837 2993 2893 conciones
3027 2838 3362 2907 instituerit,
3397 2841 3502 2896 etsi

1913 2949 2023 2990 non
2058 2935 2284 3006 perinde
2315 2944 2526 2990 certum
2568 2935 2838 3002 videatur,
2877 2939 3106 2993 omnino
3154 2948 3336 2995 tamen
3379 2959 3506 3012 pro-

1915 3036 2097 3091 babile
2124 3047 2247 3092 est:
2280 3039 2332 3090 in
2365 3037 2560 3092 harum
2594 3039 2794 3108 quippe
2846 3041 3198 3096 homiliarum
3265 3045 3501 3104 decursu

1915 3145 2222 3207 martyrum
2257 3139 2555 3193 memorias
2599 3154 2894 3196 occurrere
2933 3142 3066 3198 dicit
3119 3154 3345 3202 sanctus
3405 3150 3506 3204 do-

1917 3248 2057 3301 ctor,
2092 3239 2561 3308 quemadmodum
2585 3251 2640 3294 et
2679 3241 2733 3294 in
2769 3242 3046 3311 prioribus
3078 3244 3185 3300 illis
3216 3248 3504 3304 concioui-

1910 3344 2012 3398 bus
2037 3345 2165 3398 anni
2201 3344 2336 3408 586,
2371 3362 2511 3416 quas
2563 3363 2750 3401 mense
2781 3348 3001 3402 circiter
3057 3350 3363 3418 Septembri
3403 3353 3504 3408 ha-

1913 3445 2103 3500 buisse
2158 3462 2218 3501 se
2275 3448 2620 3502 testiﬁcatur.
2679 3447 3017 3519 Videturque
3073 3449 3511 3522 Chrysostomus

1909 3545 2204 3601 Iudaicum
2267 3549 2566 3615 morbum,
2635 3549 3080 3606 Christianorum
3133 3554 3501 3623 quorumdam

1911 3649 2114 3708 animis
2152 3649 2332 3705 adhuc
2355 3653 2677 3714 haerentem,
2707 3653 2795 3706 cui
2838 3653 3103 3709 medicam
3141 3671 3308 3710 manu
3355 3671 3509 3712 anno

1908 3750 2015 3804 386
2046 3750 2386 3817 admoverat,
2410 3767 2556 3807 anno
2578 3752 2750 3808 etiam
2782 3753 3093 3825 insequenti
3140 3758 3364 3826 penitus
3399 3773 3499 3813 cu-

1912 3869 2036 3908 rare
2071 3854 2337 3918 voluisse,
2363 3854 2655 3926 ipsumque
2683 3857 2926 3912 bomiliae
2948 3868 3160 3928 quartae
3190 3860 3505 3924 exordium,

1911 3955 2116 4011 Rursus
2172 3955 2354 4013 Judci
2381 3957 2691 4029 jejunaturi
2746 3970 2891 4026 sunt,
2951 3939 3200 4018 eamdem
3255 3964 3503 4034 proxime

1911 4071 2288 4118 recurrentem
2351 4061 2480 4118 anni
2528 4070 2913 4134 tempestatem
2983 4037 3214 4136 prorsus
3273 4067 3489 4136 signiti-

1912 4181 2039 4222 care
2069 4165 2308 4221 videtur.

1986 4281 2506 4352 lntcrpretationem
2545 4281 2797 4339 Latinam
2841 4284 3035 4353 primae
3066 4283 3309 4338 homilia:
3339 4285 3502 4340 ador-

1913 4383 2069 4438 navit
2102 4382 2273 4445 David
2309 4381 2684 4449 Hmschelius,
2713 4385 2971 4441 secunda:
3001 4397 3056 4441 et
3102 4385 3276 4440 tertia:
3325 4386 3504 4440 homi-

1914 4485 2001 4540 liaa
2027 4483 2232 4541 Fronto
2268 4484 2515 4554 Dueazus,
2541 4488 2784 4560 quinque
2813 4488 3180 4559 posteriorum
3215 4486 3502 4550 Erasmus.

1913 4602 2056 4657 quas
2081 4589 2568 4659 interpretationes
2593 4589 2806 4660 aliquot
2839 4591 2891 4644 in
2935 4591 3072 4646 locis
3109 4593 3430 4646 emendatas
3471 4606 3508 4643 ts

1915 4691 2138 4761 regione
2179 4690 2352 4748 ϐττιιεί
2385 4700 2566 4749 textus
2599 4669 2908 4764 posuimus.
