4178 6324
1386 359 1446 416 S.
1480 338 1762 420 JOANNIS
1800 363 2291 426 CHRYSOSTOMI
2326 369 2644 429 ARCIIIEP.
2680 372 3223 433 CONSTANTINOP.

3867 382 3981 440 8“

718 656 3957 719 Ἥ

1605 1006 2022 1101 SANCTI
2120 1011 2543 1111 PATRIS
2631 1013 3071 1112 NOSTRI

692 1396 1818 1628 JOANNIS
1923 1421 2275 1629 CH

2360 1424 3949 1696 iYSOSTOMl,

1522 1934 2127 2005 ARCHIEPISCOPI
2197 1941 3155 2011 CONSTANTINOPOLITANI

996 2291 1834 2424 ADVERSUS
1923 2298 2566 2437 JUDxfEOS
2662 2303 3613 2445 OBATIONES.

1252 3211 1447 3251 ORATIO
1486 3211 1664 3251 PRIIA.

752 3329 801 3381 i.
831 3327 983 3394 Quod
1014 3329 1272 3398 reliquum
1300 3338 1415 3384 erat
1441 3331 1678 3385 materia:
1699 3372 1719 3397 ,
1741 3322 1808 3387 de
1835 3345 1936 3402 qua
1970 3346 2139 3401 nuper
2168 3346 2264 3387 vo-

677 3417 758 3470 bis
785 3419 1013 3473 disserui
1039 3462 1051 3483 ,
1086 3419 1252 3474 Deum
1279 3422 1637 3490 comprehendi
1665 3439 1765 3477 non
1797 3439 1941 3492 posse
1968 3441 1987 3478 :
2018 3424 2067 3477 id
2104 3424 2261 3479 hodie

672 3506 953 3564 absolvere
977 3517 1030 3562 et
1055 3510 1335 3565 dilucidius
1360 3510 1553 3566 docere
1577 3512 1841 3567 volebam.
1869 3513 1942 3568 De
1964 3513 2221 3570 bocenim
2241 3557 2256 3581 ,

675 3602 941 3665 prmterita
979 3601 1065 3659 die
1104 3602 1367 3655 dominica
1397 3644 1411 3669 ,
1451 3612 1653 3657 tantum
1685 3604 1971 3659 verborum
2001 3648 2015 3673 ,
2048 3615 2259 3677 tamque

568 3745 573 3753 _
673 3688 890 3754 cepiose
934 3688 1189 3751 fecimus.
1233 3692 1503 3761 productis
1548 3694 1776 3760 llesaia,
1817 3695 2053 3761 Davide,
2099 3708 2258 3766 atque

674 3778 836 3833 l‘anlu
867 3780 1108 3835 testibus.
1142 3781 1271 3835 Nam
1298 3783 1406 3846 ille,
1437 3782 1819 3843 Generationem
1849 3787 1960 3856 ejus
1986 3787 2097 3857 quis
2118 3802 2259 3841 enar-

670 3869 799 3921 rubit
830 3868 1031 3935 (Uesru‘.
1075 3873 1162 3926 55.
1196 3872 1250 3943 8)
1284 3874 1305 3927 ἲ
1350 3876 1644 3940 clamabat;
1683 3874 1774 3929 hic
1817 3877 1960 3946 quod
2008 3892 2253 3947 compre-

673 3961 830 4015 hendi
864 3978 965 4014 non
996 3977 1191 4032 posset,
1224 3967 1419 4032 gratias
1450 3967 1548 4035 ipsi
1574 3982 1736 4036 agens
1759 4009 1774 4034 ,
1806 3968 2090 4037 Conﬁteltor
2130 3971 2216 4023 tibi
2237 4011 2253 4036 ,

670 4053 916 4117 diccbat,
967 4057 1085 4122 quia
1128 4056 1413 4108 terribiliter
1458 4059 1812 4127 magniﬁcatus
1855 4076 1906 4112 es
1946 4075 1964 4113 :
2006 4060 2259 4113 mirabilia
2352 4076 2355 4077 '

666 4162 821 4209 opera
843 4154 929 4196 tua
960 4144 1141 4215 (Psal.
1169 4146 1289 4200 158.
1320 4147 1385 4200 14
1408 4146 1449 4216 ).
1483 4146 1549 4201 Ει
1576 4163 1809 4214 rursum,
1842 4148 2094 4203 Mirabilis
2120 4153 2257 4220 facta

666 4246 739 4287 est
764 4235 971 4288 scientia
998 4248 1084 4289 tua
1113 4253 1173 4290 ex
1202 4254 1309 4301 me;
1340 4243 1625 4309 confortata
1648 4250 1719 4293 est
1737 4281 1753 4307 ,
1782 4250 1832 4294 et
1854 4258 1954 4295 non
1990 4251 2164 4312 potero
2190 4245 2258 4295 ad

664 4342 775 4377 eam
814 4325 831 4395 (
855 4323 987 4377 llud.
1016 4343 1062 4379 υ.
1092 4328 1182 4393 6).
1213 4328 1281 4381 At
1306 4328 1499 4381 Paulus
1527 4332 1630 4385 non
1658 4330 1725 4384 ad
1752 4331 1920 4398 ipsam
1951 4332 2043 4386 Dei
2072 4348 2255 4389 essen-

667 4420 792 4471 liam
821 4420 1156 4488 respiciebat,
1181 4420 1273 4475 sed
1301 4422 1365 4474 ad
1394 4422 1517 4491 ejus
1533 4423 1810 4481 dumtaxat
1835 4424 2251 4493 providentiam:

663 4511 788 4577 quin
821 4509 979 4579 hujus
1009 4511 1167 4564 etiam
1197 4515 1455 4582 particula
1501 4514 1673 4567 solum
1700 4555 1714 4577 ,
1748 4530 1906 4585 quam
1933 4515 1984 4569 in
2017 4518 2252 4586 gentium

664 4600 941 4655 vocatione
982 4586 1431 4669 demonstrasset,
1466 4615 1744 4674 percepta,
1772 4607 1933 4661 veluti
1962 4616 2169 4662 vastum
2199 4616 2252 4663 et

661 4693 983 4747 immensum
1013 4709 1159 4748 mare
1184 4696 1540 4763 conspicatus,
1566 4697 1643 4751 sic
1668 4698 2033 4752 exclamabat:
2066 4697 2109 4752 Ο
2129 4699 2250 4752 alti-

662 4782 783 4835 tudo
813 4783 1098 4837 divitiarum
1140 4795 1186 4839 et
1222 4788 1478 4856 sapientia:
1505 4798 1547 4840 et
1577 4788 1793 4843 scientite
1821 4790 1913 4844 Dei
1939 4791 1959 4844 l
1987 4808 2139 4862 quam
2166 4792 2247 4846 in-

656 4874 951 4927 scrutabilia
987 4885 1102 4928 sunt
1130 4877 1328 4945 judicia
1371 4880 1512 4948 ejus,
1544 4887 1591 4932 et
1626 4879 1992 4950 investigabiles
2020 4883 2111 4936 via:
2141 4884 2250 4953 ejus

658 4968 676 5034 (
704 4966 851 5019 Rom.
882 4968 966 5021 Η.
991 4968 1061 5021 55
1086 4968 1127 5036 ).
1153 4969 1326 5039 Atque
1355 4970 1454 5025 hoc
1480 4972 1610 5025 satis
1634 4972 2103 5029 demonstrationis
2129 4990 2249 5031 esse

655 5066 866 5126 poterat
908 5074 922 5109 :
963 5073 1062 5127 ego
1094 5074 1217 5121 ιρις)
1256 5075 1360 5113 non
1395 5053 2126 5129 prophetarum-testimoniis
2173 5064 2242 5118 lui

653 5160 937 5205 contentus
958 5192 971 5214 ,
1002 5167 1105 5205 non
1139 5153 1197 5204 in
1215 5152 1529 5221 apostolicis
1555 5153 1763 5208 substiti
1796 5170 1810 5219 ;
1851 5155 1945 5209 sed
1978 5156 2027 5209 in
2058 5157 2245 5211 caelum

652 5241 869 5296 aseendi
888 5282 903 5305 ,
931 5242 1151 5295 chorum
1188 5244 1497 5313 angelorum
1528 5244 1678 5298 vobis
1708 5246 2021 5313 monstravi,
2050 5248 2136 5317 qni
2165 5246 2246 5301 di-

651 5345 830 5390 ceret:
863 5335 1039 5389 Gloria
1068 5337 1117 5387 in
1145 5337 1404 5405 altissimis
1433 5337 1537 5389 Deo
1556 5380 1569 5402 ,
1600 5348 1645 5390 et
1668 5339 1719 5390 in
1752 5348 1884 5391 terra
1907 5356 2009 5407 pax
2030 5383 2043 5405 ,
2074 5340 2123 5392 in
2148 5340 2241 5393 lto-

651 5427 865 5479 minibus
905 5427 1266 5495 beneplacitum
1306 5416 1466 5499 (Luc;
1509 5430 1562 5482 2.
1597 5430 1723 5499 14)..
1769 5431 2029 5485 Audiistis
2072 5432 2240 5486 Sera-

653 5516 796 5583 pbim
828 5533 1010 5570 rursus
1036 5532 1155 5572 cum
1185 5529 1401 5587 stupore
1430 5527 1484 5572 et
1512 5519 1733 5575 horrore
1757 5521 2063 5587 clamitare,
2102 5523 2241 5577 San.

649 5619 757 5659 ctus
778 5649 790 5667 .
818 5621 1050 5672 sanctus,
1091 5620 1293 5663 sanctus
1333 5610 1580 5665 Dominus
1607 5614 1909 5667 exercituum
1940 5630 1958 5668 :
1985 5616 2135 5682 plena
2166 5626 2238 5669 est

716 5704 729 5730 ι
767 5706 815 5746 In
840 5714 926 5747 sev
966 5700 1187 5748 Homilias
1226 5710 1392 5751 contra
1417 5696 1609 5752 Judzeos
1641 5706 1849 5754 vidimus
1883 5706 2025 5755 Codd.
2070 5710 2243 5757 Regios

718 5722 729 5730 -
767 5722 815 5746 ιιι
840 5722 926 5747 sex
966 5722 1187 5748 ηυιιιιιιίιδ
1226 5722 1392 5751 ωιιιιἮ
1417 5722 1609 5752 ,ιυυιεοδ
1641 5722 1849 5754 “(mnus
1883 5722 2025 5755 υοαα.
2070 5722 2132 5755 Hc
2170 5722 2239 5757 IOS

652 5761 1119 5831 ξιξερο-εξξςξΟ-ιξιίδς
1143 5764 1281 5831 ws
1296 5764 1446 5831 19.73.
1481 5765 1633 5815 2900:
1658 5766 1789 5816 com.
1832 5768 1941 5829 ειη,
1975 5768 2095 5831 248.
2127 5722 2239 5830 ἕω,

646 5822 757 5885 629,
782 5824 919 5885 sos-3,
948 5824 1063 5873 sum
1094 5838 1107 5874 ;
1134 5828 1273 5875 Cois].
1294 5824 1402 5875 262.

2375 3186 2539 3239 omnis
2559 3194 2693 3240 terra
2716 3189 2881 3259 gloria
2906 3190 3015 3261 ejus
3036 3189 3240 3261 (ﬁesai.
3266 3192 3319 3246 6.
3347 3192 3426 3263 '5).
3459 3194 3648 3251 Addidi
3675 3207 3730 3253 et
3758 3198 3979 3255 ειη-τη-

2376 3274 2483 3328 bim
2521 3276 2601 3329 cla
2614 3286 2874 3360 mantesL
2888 3278 3161 3334 Benedicta
3184 3283 3347 3352 gloria
3374 3283 3581 3338 Domini
3615 3287 3677 3340 de
3715 3289 3827 3343 loco
3854 3293 3984 3360 ejus

2377 3365 2395 3434 (
2410 3362 2599 3419 Exeo/1.
2629 3367 2683 3421 5.
2701 3360 2810 3433 12).
2835 3359 3041 3420 Tresin
3082 3370 3258 3433 terris,
3282 3372 3500 3426 totidem
3528 3374 3577 3427 in
3600 3376 3745 3431 cadis
3774 3359 3980 3448 testes,

2372 3457 2436 3509 ad
2466 3458 2555 3511 Dei
2586 3457 2920 3528 majestatem
2947 3462 3216 3531 perveniri
3244 3462 3383 3517 haud
3414 3480 3569 3534 posse
3594 3469 3979 3526 ostenderant.

2371 3547 2600 3602 Proinde
2622 3557 2768 3603 certa
2798 3565 2990 3619 magno
3017 3566 3138 3606 cum
3166 3552 3422 3622 applausu
3454 3555 3614 3610 ﬁebat
3636 3556 3991 3617 demonstra-

2371 3639 2477 3703 tio;
2511 3638 2776 3693 theatrum
2802 3641 3197 3696 incalescebat:
3226 3653 3398 3699 coetus
3426 3646 3728 3702 auditorum
3756 3649 3981 3705 inuam-

2370 3728 2631 3781 mabatur.
2666 3728 2848 3799 Neque
2878 3746 3005 3785 vero
3034 3746 3133 3801 ego
3170 3748 3255 3787 me
3285 3733 3487 3788 laudari
3515 3737 3835 3803 gaudebam,
3864 3742 3978 3796 sed

2370 3817 2649 3872 Dominum
2698 3835 2873 3881 meum
2917 3821 3161 3875 laudibus
3185 3824 3465 3878 cumulari.
3501 3824 3632 3879 Nam
3677 3829 3980 3897 applausus

2367 3916 2527 3977 atque
2565 3908 2681 3964 laus
2718 3910 2816 3969 ista
2848 3911 3148 3973 animorum
3178 3922 3476 3968 vestrorum
3514 3915 3568 3970 in
3607 3915 3773 3971 Deum
3805 3933 3969 3973 amo-

2370 4014 2487 4052 rem
2512 4001 3027 4055 commonstrabant.
3056 4002 3125 4055 Et
3149 4003 3600 4073 quemadmodum
3642 4009 3779 4062 servi
3805 4050 3819 4071 ,
3863 4008 3974 4065 bc-

2364 4106 2481 4144 rum
2510 4092 2717 4147 sincere
2738 4101 3002 4159 amantes,
3026 4093 3167 4149 hunc
3188 4096 3391 4158 laudari
3416 4097 3458 4149 si
3484 4098 3721 4161 audiant,
3741 4100 3898 4171 ﬂagra
3910 4112 3975 4157 nt

2365 4182 2631 4237 desiderio
2659 4184 2773 4252 ejus
2793 4184 2880 4253 qui
2912 4186 3185 4253 prtediCat,
3217 4188 3341 4255 quia
3369 4187 3482 4242 heri
3518 4202 3703 4249 amore
3730 4193 3925 4247 ardent
3951 4211 3968 4248 :

2362 4273 2428 4327 ad
2458 4273 2700 4329 eumdem
2733 4274 2891 4329 etiam
2921 4276 3136 4329 modum
3166 4291 3259 4331 vos
3281 4278 3513 4331 maximo
3546 4287 3671 4333 tunc
3694 4277 3962 4350 a'pplausn

2361 4380 2598 4421 amorem
2628 4382 2750 4436 erga
2778 4368 3058 4421 Dominum
3084 4369 3210 4422 satis
3233 4369 3567 4425 deciarastis.
3587 4371 3842 4427 Volebam
3871 4374 3970 4445 ἰείη

2361 4464 2449 4510 tur
2468 4464 2522 4511 et
2540 4456 2697 4511 hodie
2724 4457 2774 4509 in
2800 4465 3071 4511 certamen
3090 4458 3218 4511 illud
3245 4456 3591 4515 descendere.
3628 4461 3757 4515 Nam
3788 4463 3833 4517 si
3859 4478 3963 4519 ve-

2358 4548 2531 4602 ritatis
2564 4548 2743 4602 hostes
2769 4548 2914 4601 nulla
2940 4549 3082 4617 capit
3117 4550 3336 4603 satietas
3366 4551 3735 4608 conviciorum
3777 4555 3830 4607 in
3864 4556 3959 4611 be-

2357 4640 2585 4695 neﬁcum
2612 4657 2625 4692 :
2656 4643 2823 4694 multo
2847 4641 3017 4711 magis
3042 4656 3139 4694 nos
3161 4642 3470 4711 inexplebili
3494 4644 3787 4713 cupiditate
3813 4648 3966 4702 cclc-

2338 4731 2545 4793 brandi
2573 4731 2737 4785 Deum
2765 4731 3133 4785 universorum
3162 4730 3353 4786 ardere
3376 4732 3549 4787 decet.
3586 4735 3690 4788 Sed
3719 4736 3845 4804 quid
3877 4737 3961 4790 fa-

2355 4821 2493 4875 ciam
2517 4822 2540 4874 ?
2570 4821 2717 4875 Alius
2738 4822 3084 4892 gravissimus
3106 4822 3323 4876 morbus
3346 4821 3541 4893 lingua:
3565 4836 3759 4879 nostra:
3785 4827 3964 4881 medi-

2353 4913 2530 4967 cinam
2558 4911 2780 4982 ﬂagitat,
2811 4912 3030 4966 morbus
3056 4913 3110 4966 in
3133 4912 3387 4967 Ecclesiae
3405 4928 3633 4983 corpore
3664 4916 3875 4970 insitus.
3911 4918 3961 4972 Is

2354 5004 2503 5074 prius
2532 5012 2615 5058 est
2652 5003 2920 5057 tollendus
2950 5019 2963 5069 ;
3000 5002 3124 5056 dein
3158 5011 3465 5058 exterarum
3505 5020 3630 5058 cura
3672 5007 3908 5073 gerenda
3939 5024 3955 5060 :

2355 5096 2499 5166 prius
2523 5094 2963 5160 domesticorum,
2992 5105 3175 5164 posuea
3200 5103 3579 5149 extraneorum
3608 5095 3847 5149 habenda
3873 5107 3961 5151 est

2358 5187 2517 5242 ratio.

2429 5277 2703 5332 Christiani
2724 5277 2931 5348 quidam
2961 5276 3260 5331 Antioclieni
3284 5276 3583 5330 Judazorum
3622 5279 3760 5348 festis
3788 5280 3955 5331 inter-

2350 5377 2574 5421 erant.—-
2590 5360 2814 5435 Quinam
2834 5376 2915 5421 est
2953 5368 3167 5422 morbus
3184 5368 3325 5422 iste?
3358 5368 3839 5423 FcrimJudmornin
3862 5373 3961 5424 mi-

2350 5472 2591 5513 serorum
2622 5466 2781 5526 atque
2810 5472 3234 5512 mrumnosorum
3280 5458 3546 5512 continua:
3568 5469 3618 5513 et
3644 5457 3958 5528 frequentes

2350 5551 2580 5604 instant:
2605 5550 2790 5614 Tubm,
2820 5550 3165 5619 Seenopegite
3187 5588 3203 5615 ,
3228 5548 3434 5619 Jejunia
3460 5566 3472 5600 :
3503 5559 3556 5603 et
3591 5550 3741 5603 multi
3772 5553 3950 5606 nostri

2349 5642 2572 5705 ordinis,
2602 5643 2691 5711 qui
2719 5656 2777 5695 se
2808 5643 3081 5697 nobiscum
3122 5642 3321 5696 sentire
3352 5641 3554 5705 dicunt,
3597 5642 3790 5710 partim
3824 5657 3952 5711 spo-

2353 5741 2552 5785 ctatnm
2601 5733 2716 5788 illas
2760 5732 2918 5786 ferias
2961 5732 3246 5803 prodeunt,
3289 5733 3482 5801 partim
3508 5733 3667 5787 etiam
3707 5748 3811 5785 una
3858 5749 3953 5787 ce-

2348 5823 2579 5892 lebrant,
2608 5840 2709 5879 una
2734 5823 2979 5894 jejunant
3010 5842 3023 5878 :
3060 5840 3217 5895 quam
3251 5839 3465 5895 pravam
3504 5822 3953 5881 consuetudinem
