4150 6352
645 470 755 528 845

649 586 789 657 πρὸς
842 587 1151 656 ’Δνομοίους
1196 587 1342 655 λόγοι
1392 588 1486 641 καὶ
1528 591 1586 641 ἐν
1630 589 1803 660 ἐτέρῳ
1845 589 2100 644 δύνανται
2149 606 2245 658 γε-

648 666 837 720 νεῖσθαι
862 664 1062 737 καιρῷ,
1097 666 1193 719 καί
1222 666 1450 735 οὐδεμία
1478 667 1586 720 ἀπὸ
1617 666 1718 736 τῆς
1747 668 2019 740 ἀναϐολῆς
2049 668 2246 737 γένοιτ’

649 748 719 801 ἂν
749 746 923 817 βλάϐη
945 761 959 776 ⁸
987 747 1112 809 τοὺς
1138 745 1196 800 δέ
1229 745 1298 800 τά
1331 746 1601 801 Ἰουδαϊκὰ
1632 748 1946 814 νοσοῦντας,
1973 751 2022 801 εί
2051 747 2127 819 μὴ
2152 746 2247 800 νῦν

650 824 1126 897 θεραπεύσαιμεν,
1165 827 1253 880 ὅτε
1294 821 1462 895 ἐγγὺς
1509 827 1603 881 καὶ
1646 827 1740 880 ἐπὶ
1784 826 1977 899 θύραις
2013 827 2151 882 είσὶν
2189 827 2248 879 αί

646 904 759 956 τῶν
813 903 1085 958 Ἰουδαίων
1123 904 1344 976 ἑορταὶ,
1395 905 1614 960 δέδοικα
1671 907 1745 977 μή
1797 924 1930 960 ποτε
1987 906 2093 960 ὑπὸ
2144 905 2245 975 τῆς

649 982 884 1046 ἀκαίρου
911 983 1200 1054 συνηθείας
1221 984 1433 1056 καὶτῆς
1457 977 1658 1058 πολλῆς
1679 986 1906 1054 ἀγνοίας
1929 985 2244 1057 μετάσχωσί

647 1078 794 1126 τινες
825 1063 925 1133 τῆς
956 1064 1302 1135 παρανομίας
1335 1063 1580 1130 ἐκείνων,
1607 1067 1704 1119 καὶ
1738 1067 1958 1138 μάταιοι
1985 1067 2172 1120 λοιπὸν
2194 1067 2244 1119 οί

648 1141 783 1222 περί
818 1139 1024 1196 τούτων
1067 1143 1198 1222 ἡμῖν
1247 1142 1516 1222 γένωνται
1549 1143 1719 1212 λόγοι.
1768 1145 1868 1199 Ἂν
1910 1144 2020 1216 γάρ
2073 1145 2245 1222 μηδὲν

648 1217 988 1284 ἀκούσαντες
1018 1221 1258 1293 σήμερον
1290 1219 1628 1293 νηστεύσωσι
1666 1225 1786 1293 μετ’
1822 1217 2084 1288 ἐκείνων,
2103 1217 2244 1296 μετά

646 1296 712 1349 τὸ
742 1297 1062 1370 τελεσθῆναι
1094 1301 1194 1372 τὴν
1221 1301 1521 1371 ἁμαρτίαν,
1558 1302 1679 1372 είκῆ
1704 1300 1891 1356 λοιπὸν
1920 1302 1982 1356 τὸ
2017 1303 2241 1372 φάρμα-

647 1393 745 1431 κον
774 1379 1129 1451 ἐπιθήσομεν.
1177 1380 1378 1450 Διόπερ
1420 1380 1716 1452 ἐπείγομαι
1760 1383 1858 1436 καὶ
1892 1381 2242 1453 προκαταλα-

648 1453 786 1510 δεῖν.
819 1456 977 1511 Οὕτω
998 1459 1092 1512 καὶ
1117 1459 1291 1531 ἰατροὶ
1317 1458 1530 1513 ποιοῦσι
1551 1474 1565 1487 ·
1589 1460 1726 1529 πρὸς
1749 1459 1820 1514 τά
1847 1460 2242 1528 κατεπείγοντα

647 1534 745 1586 καὶ
772 1533 1004 1613 ὀξύτατα
1030 1536 1136 1590 τῶν
1159 1554 1289 1608 νοση
1299 1540 1484 1613 μάτων
1513 1536 1760 1592 ἵστανται
1785 1538 1953 1613 πρότε
1963 1551 2074 1609 ρονυ
2105 1538 2240 1598 πάν-

647 1625 758 1674 τως
805 1611 862 1664 δέ
904 1615 1175 1685 συγγενὴς
1222 1607 1319 1669 καὶ
1367 1607 1524 1680 οὗτος
1558 1617 1587 1669 6
1627 1615 1776 1684 ἀγὼν
1825 1607 1908 1686 ’τῷ
1962 1607 2237 1687 προτέρῳ.

661 1689 879 1762 Ἐπειδὴ
906 1691 1015 1764 γὰρ
1043 1695 1278 1765 συγγενῆ
1308 1693 1377 1747 τά
1402 1694 1502 1764 τῆς
1527 1693 1781 1756 ἀσέϐείας
1819 1694 2120 1764 ’Δνομοίοις
2146 1695 2240 1747 καὶ

661 1766 952 1835 Ἰουδαίοις,
983 1774 1220 1842 συγγενῆ
1252 1773 1347 1826 καὶ
1373 1773 1440 1826 τά
1470 1771 1830 1841 ἀγωνίσματα
1863 1774 1995 1844 ἡμῖν
2030 1771 2239 1840 γίνεται

644 1849 762 1909 τοῖς
793 1849 1059 1921 πρότερον
1088 1852 1156 1905 τὰ
1185 1851 1301 1905 νῦν.
1336 1853 1442 1904 Καὶ
1474 1851 1584 1920 γάρ
1610 1850 1747 1922 ὅπερ
1781 1852 2072 1904 ἐνεκάλουν
2111 1851 2240 1904 Ἰου-

644 1925 806 1989 δαῖοι,
827 1927 984 1980 τοῦτο
1010 1929 1300 1996 ἐγκαλοῦσι
1325 1930 1419 2002 καὶ
1459 1929 1749 2000 Ἀνόμοιοι.
1778 1929 1844 1983 Τί
1868 1929 1925 1985 δέ
1949 1929 2239 1983 ἐνεκάλουν

646 2005 878 2069 ἐκεῖνοι;
910 2007 1031 2060 Ὀτι
1062 2009 1282 2081 Πατέρα
1313 2009 1443 2062 ίδιον
1472 2009 1627 2078 ἐλεγε
1658 2009 1749 2061 τὸν
1774 2008 1932 2072 Θεὸν,
1970 2007 2084 2061 ῐσον
2113 2010 2240 2061 ἐαυ-

645 2081 737 2135 τὸν
765 2083 933 2139 ποιῶν
963 2085 1040 2156 τῷ
1062 2086 1201 2158 Θεῷ.
1242 2087 1413 2140 Τοῦτο
1442 2086 1737 2156 ἐγκαλοῦσι
1771 2087 1866 2140 καὶ
1894 2081 2064 2153 οὗτοι,
2103 2087 2242 2158 μᾶλ-

645 2159 738 2213 λον
765 2161 821 2214 δὲ
847 2165 949 2216 οὐκ
978 2162 1321 2233 ἐγκαλοῦσιν,
1349 2165 1484 2218 ἀλλά
1506 2168 1598 2218 καὶ
1616 2166 1960 2234 ἐξαλείφουσι
1986 2165 2048 2219 τὸ
2075 2167 2239 2237 ῥητὸν

648 2240 789 2318 μετά
805 2243 903 2310 τῆς
923 2241 1182 2308 διανοίας,
1201 2245 1353 2296 είκαὶ
1371 2242 1447 2315 μὴ
1465 2246 1528 2315 τῇ
1555 2244 1717 2315 χειρὶ,
1737 2243 1875 2297 ἀλλά
1895 2248 1960 2318 τῇ
1984 2246 2234 2318 γνώμῃ·.

717 2317 785 2388 β’.
815 2321 965 2390 Μηδὲ
995 2319 1337 2393 θαυμάσητε,
1370 2326 1418 2376 εἰ
1446 2322 1664 2386 ἀθλίους
1688 2323 1926 2376 ἐκάλεσα
1945 2317 2072 2387 τοὺς
2104 2317 2236 2377 Ἰου-

643 2397 850 2461 δαίους.
890 2402 1099 2464 Ὄντως
1136 2402 1246 2472 γὰρ
1283 2401 1457 2455 ἄθλιοι
1490 2403 1584 2457 καὶ
1610 2403 1967 2473 ταλαίπωροι,
1997 2403 2239 2457 τοσαῦτα

643 2475 754 2527 ἀπὸ
779 2476 888 2530 τῶν
907 2478 1150 2550 οὐρανῶν
1172 2479 1353 2547 ἀγαθά
1375 2481 1455 2545 είς
1480 2479 1578 2542 τὰς
1602 2482 1792 2551 χεῖρας
1809 2479 1991 2532 αὐτῶν
2014 2481 2237 2534 ἐλθόντα

642 2556 1000 2633 ἀπωσάμενοι
1029 2561 1122 2613 καὶ
1156 2560 1414 2632 ῥίψαντες
1445 2559 1584 2630 μετὰ
1613 2559 1814 2630 πολλῆς
1841 2559 1952 2633 τῆς
1976 2560 2234 2630 σπουδῆς.

655 2632 956 2689 ’Δνέτειλεν
981 2638 1210 2703 ἐκείνοις
1235 2637 1488 2710 πρώῖμος
1512 2641 1541 2694 6
1559 2639 1662 2710 τῆς
1687 2632 2034 2708 δικαιοσύνης
2054 2639 2232 2710 ἡλιος⁶

643 2713 889 2768 κάκεῖνοι
934 2716 1034 2786 μὲν
1072 2717 1366 2772 ἀπώσαντο
1414 2720 1515 2788 τὴν
1563 2720 1782 2783 ἀκτῖνα,
1831 2719 1927 2773 καὶ
1973 2720 2029 2772 ἐν
2060 2720 2238 2792 σκότῳ

644 2793 942 2862 κάθηνται·
1001 2799 1163 2868 ἡμεῖς
1199 2799 1256 2852 δέ
1301 2799 1350 2851 οί
1401 2799 1578 2869 σκότῳ
1628 2797 2064 2867 συντραφέντες,
2100 2799 2238 2870 πρὸς

643 2871 870 2936 ἑαυτοὺς
903 2875 1336 2949 ἐπεσπασάμεθα
1364 2876 1427 2930 τὸ
1457 2877 1574 2946 φῶς
1597 2926 1608 2942 ,
1651 2878 1746 2930 tu".
1792 2876 1886 2930 τοῦ
1931 2877 2096 2945 ζόφου
2138 2880 2239 2949 τῆς

645 2950 853 3028 πλάνης
883 2954 1302 3026 ἀπηλλάγημεν.
1345 2956 1572 3011 Ἐκεῖνοι
1596 2957 1696 3028 τῆς
1723 2956 1880 3026 ῥίζης
1899 2956 1928 2995 ιι
1957 2957 2055 3027 τῆς
2078 2957 2237 3025 ἁγίας

642 3023 782 3097 ἦσαν
812 3023 1020 3096 κλάδοι,
1054 3023 1611 3104 ἀλλἽξεκλάσθησαν
1631 3023 1662 3062 ’⁷
1689 3023 1852 3104 ἡμεῖς
1883 3035 1946 3087 οὐ
1985 3023 2238 3106 μετείχοο

648 3125 746 3177 μεν
786 3111 887 3180 τῆς
922 3111 1110 3183 ῥίζης,
1157 3116 1253 3167 καὶ
1300 3114 1512 3185 καρπὸν
1561 3113 1845 3177 εὐσεϐείας
1898 3114 2234 3186 ἠνέγκαμεν.

655 3186 885 3266 Ἐκεῖνοι
917 3192 1041 3254 τοὺς
1079 3194 1365 3263 προφήτας
1409 3192 1727 3260 ἀνέγνωσαν
1760 3192 1826 3245 ἐκ
1857 3191 2082 3266 πρώτης
2118 3194 2240 3264 ἡλι-

641 3265 801 3344 κίας,
843 3269 939 3321 καὶ
985 3271 1078 3323 τὸν
1129 3271 1582 3344 προφητευθέντα
1629 3265 2043 3342 ἐσταύρωσανί
2077 3274 2240 3344 ἡμεῖς

641 3343 741 3397 οὐκ
767 3345 1084 3421 ἠκούσαμεν
1114 3347 1275 3404 θείων
1306 3343 1525 3419 λογίων,
1549 3349 1645 3404 καὶ
1667 3349 1757 3414 τὸν
1786 3343 2240 3422 προφητευθέντα

646 3425 1156 3499 προσεκυνήσαμεν.
1183 3429 1283 3483 Διά
1309 3429 1468 3483 τοῦτο
1496 3429 1693 3495 ἀθλιοι,
1717 3429 1801 3482 ὅτι
1822 3429 1892 3482 τά
1919 3431 2239 3501 πεμφθέντα

646 3505 832 3570 αὐτοῖς
864 3508 1048 3576 ἀγαθά
1077 3509 1432 3581 ἁρπαζόντων
1463 3510 1689 3581 ἐτέρων,
1723 3509 1819 3563 καὶ
1849 3510 1986 3581 πρὸς
2011 3511 2240 3577 ἐαυτοὺς

645 3587 1072 3659 ἐπισπωμένων,
1105 3591 1261 3644 αὐτοὶ
1289 3589 1701 3662 διεκρούσαντο.
1729 3590 1990 3644 Κάκεῖνοι
2030 3592 2129 3662 μὲν
2157 3594 2240 3656 είς

645 3665 917 3721 υἱοθεσίαν
934 3668 1278 3740 καλούμενοι,
1295 3669 1432 3740 πρὸς
1449 3670 1549 3741 τὴν
1560 3668 1669 3723 τῶν
1683 3669 1860 3723 κυνῶν
1873 3671 2197 3739 συγγένειαν
2213 3682 2234 3710 ο

645 3743 902 3806 ἐξέπεσον
924 3763 937 3776 ·
980 3749 1140 3820 ἡμεῖς
1173 3749 1231 3802 δὲ
1271 3749 1436 3811 κύνες
1471 3749 1624 3812 ὅντες
1671 3746 1975 3820 ίσχύσαμεν
2022 3751 2111 3804 διὰ.
2139 3752 2238 3822 τὴν

642 3822 739 3877 τοῦ
771 3822 906 3877 Θεοῦ
934 3826 1092 3898 χάριν
1117 3827 1418 3882 ἀποθέσθαι
1443 3828 1542 3899 τὴν
1570 3827 1847 3898 προτέραν
1873 3829 2118 3897 ἀλογίαν,
2144 3833 2239 3885 καὶ

643 3899 783 3980 πρὸς
810 3901 910 3974 τὴν
936 3905 1043 3958 τῶν
1072 3906 1204 3958 υίῶν
1233 3906 1499 3976 ἀναϐῆναι
1526 3907 1716 3979 τιμήν.
1752 3904 1924 3961 Πόθεν
1955 3907 2114 3961 τοῦτο
2144 3910 2239 3980 δῆ-

641 3977 763 4058 λον;
793 3984 914 4036 Οὐκ
935 3985 1065 4037 ἐστι
1087 3984 1241 4058 [589]
1263 3985 1478 4051 καλὸν,
1506 3977 1663 4056 φησὶ,
1689 3985 1900 4038 λαϐεῖν
1921 3986 2029 4040 τὸν
2055 3977 2238 4057 ἄρτον

641 4057 764 4140 τῶν
793 4059 1040 4126 τέκνων,
1070 4064 1169 4118 καί
1193 4066 1415 4129 βαλεῖν
1443 4065 1569 4131 τοῖς
1599 4064 1906 4133 κυναρίοις
1926 4083 1959 4114 οδ
1973 4069 2111 4138 πρὸς
2137 4068 2237 4140 τὴν

641 4138 959 4194 Χαναναίαν
981 4144 1009 4195 ὁ
1038 4144 1272 4215 Χριστὸς
1304 4144 1511 4212 ἔλεγεν,
1537 4143 1780 4207 ἐκείνους
1811 4144 1909 4214 μὲν
1941 4145 2107 4200 τέκνα
2139 4138 2239 4201 κα-

641 4217 771 4283 λῶν,
805 4219 973 4284 κύνας
1004 4222 1061 4275 δέ
1103 4223 1232 4286 τοὺς
1267 4222 1326 4288 ἐξ
1361 4223 1551 4276 ἐθνῶν.
1600 4223 1744 4276 Ἀλλ’
1782 4223 1884 4294 ὅρα
1930 4225 2049 4288 πῶς
2081 4227 2239 4281 ἀντε-

643 4299 860 4369 πράφη
885 4297 914 4338 τι
941 4301 1079 4371 μετά
1101 4302 1274 4356 ταῦτα
1296 4305 1330 4374 ἡ
1354 4301 1528 4367 τάξις,
1577 4302 1823 4356 κάκεῖνοι
1850 4302 1951 4372 μέν
1985 4304 2236 4373 ἐγένοντο

641 4375 825 4442 κύνες,
855 4379 1020 4433 τέκνα
1049 4381 1106 4434 δέ
1133 4383 1316 4453 ἡμεῖς.
1385 4381 1652 4436 Βλέπετε
1680 4380 1824 4447 τοὺς
1850 4383 2063 4449 κύνας,
2092 4385 2236 4439 Παῦ-

642 4454 734 4519 λός
759 4474 891 4528 φησι
926 4460 1054 4530 περὶ
1082 4461 1294 4525 αὐτῶν,
1315 4460 1582 4526 βλέπετε
1623 4461 1769 4527 τοὺς
1797 4461 2024 4529 κακοὺς
2060 4463 2234 4533 ἐργά-

642 4553 772 4603 τας,
803 4539 1068 4602 βλέπετε
1099 4543 1215 4610 τὴν
1253 4541 1629 4612 κατατομήν·
1663 4540 1848 4610 ,ἡμεῖς
1893 4541 2006 4612 γάρ
2047 4543 2236 4614 ἐσμεν

641 4617 682 4699 ᾐ
709 4621 1018 4690 περιτομή.
1061 4617 1213 4685 Εἶδες
1252 4621 1369 4685 πῶς
1398 4621 1561 4684 κύνες
1594 4621 1845 4690 ἐγένοντο
1884 4623 1934 4674 οί
1967 4624 2234 4699 πρότερον

642 4697 798 4762 ὀντες
833 4699 1029 4765 τέκνα;
1070 4701 1259 4755 Βούλει
1299 4701 1493 4773 μαθεῖν
1537 4699 1657 4765 πῶς
1683 4703 1732 4755 οί
1775 4702 2046 4776 πρότερον
2079 4697 2234 4773 ὄντες

643 4777 803 4840 κύνες
834 4779 998 4850 ἡμεῖς
1018 4781 1317 4852 ἐγενόμεθα
1345 4781 1543 4847 τέχνας
1569 4781 1744 4835 Ὅσοι
1770 4781 1840 4835 δὲ
1873 4782 2094 4840 ἔλαϐον
2120 4788 2230 4841 αὺ-

642 4855 772 4916 τὸν.
807 4858 1006 4927 φησὶν,
1041 4859 1265 4914 ἔδωκεν
1297 4861 1503 4928 αὐτοῖς
1533 4859 1827 4925 ἐξουσίαν
1861 4862 2046 4918 τέκνα
2081 4869 2231 4922 Θεοῦ

641 4935 940 5018 γενέσθαι.
973 4939 1137 4994 Οὐδὲν
1167 4941 1496 5013 ἀθλιώτερον
1528 4941 1774 5006 ἐκείνων,
1804 4943 1914 4996 τῶν
1947 4946 2228 5018 πανταχοῦ

642 5015 785 5097 κατὰ
815 5019 925 5089 τῆς,
950 5019 1158 5076 ἑαυτῶν
1198 5021 1473 5091 σωτηρίας
1499 5020 1822 5092 τρεχόντων.
1854 5024 1966 5078 Καὶ
1995 5025 2106 5097 γὰρ
2132 5015 2228 5082 -δτε

642 5095 752 5157 εδει
786 5097 877 5150 τὸν
910 5099 1073 5170 νόμον
1115 5102 1335 5173 τηρεῖν,
1376 5100 1795 5172 κατεπάτησαν·
1849 5103 1944 5156 καὶ
1989 5095 2087 5159 νῦν
2135 5107 2227 5161 ὅτε

642 5174 1026 5255 ἀναπέπαυται
1067 5177 1788 5255 όσνόμοςηφιλονεικοῦσιν-
1809 5181 1973 5255 αὐτὸν
2014 5188 2224 5255 τηρεῖν.

642 5244 710 5326 (ζ
756 5245 953 5326 γένοιτ’
1001 5248 1066 5302 ἂν
1101 5244 1282 5305 αὐτῶν
1329 5244 1712 5320 ἐλεεινότερον,
1739 5252 1790 5305 οἱ
1825 5254 1899 5324 μὴ
1939 5256 2005 5324 τῇ
2043 5244 2229 5326 παρα-

549 5377 556 5382 _
642 5322 918 5405 ϐάσειᾷτοῦ
933 5327 1112 5405 νόμου
1150 5329 1332 5398 μόνον,
1371 5330 1505 5383 ἀλλά
1526 5332 1620 5385 καὶ
1648 5333 1713 5402 τῇ
1757 5322 1971 5405 φυλακῇ
1997 5322 2099 5388 τοῦ
2128 5322 2228 5390 ’νὸ-

643 5419 748 5475 μου
781 5403 874 5485 τὸν
917 5404 1047 5458 Θεὸν
1089 5407 1477 5478 παροξύνουσα
1515 5410 1613 5464 Διά
1641 5410 1802 5465 τοῦτό
1831 5403 1985 5483 φησιν,
2027 5418 2224 5485 Σκλη-

635 5483 998 5552 ροτράχηλοι
1054 5488 1154 5540 καὶ
1203 5491 1586 5565 ἀπερίτμητοι
1637 5489 1714 5561 τῇ
1765 5493 2010 5561 καρδίᾳ,
2056 5483 2223 5565 ὑμεῖς

702 5593 719 5674 έ
751 5595 832 5674 S’ic
869 5597 1026 5674 εεινὶιᾷ
1046 5606 1100 5648 ει
1130 5602 1482 5674 ,ωειὶξμαραιςε
1521 5615 1637 5674 mss.
1665 5603 1981 5674 MOI-91.11am
2002 5607 2124 5674 ἀλλὰ
2163 5616 2222 5674 τῇ

641 5655 826 5765 spot?
854 5661 933 5707 καὶ
974 5667 1031 5724 τῇ
1055 5665 1238 5725 γνώμῃ.
1266 5655 1386 5712 Ibid:
1412 5666 1597 5736 agsqqot
1631 5678 1746 5714 mss.
1775 5668 1854 5742 Μὴ
1880 5655 2152 5729 θαυμάσητε
2173 5655 2224 5726 εἴ

641 5733 701 5765 ιι.
743 5718 792 5765 In
818 5733 866 5765 ra
890 5731 1102 5765 nullum-
1129 5739 1243 5765 mm-
1268 5732 1316 5765 el
1343 5726 1494 5765 Sani-
1524 5739 1573 5765 ιη
1594 5740 1746 5765 Μαι-ιι
1772 5729 2006 5765 (iungam
2030 5731 2222 5765 δνρῖυλῖι

641 5719 722 5792 εἰ..
743 5718 866 5792 Iph?
890 5718 1245 5792 qpamdrulﬁsrs:
1268 5718 1507 5792 el_Say‘_il.'
1521 5725 1573 5792 in
1594 5740 1749 5789 marg.
1772 5718 2006 5792 ἀνέτειλεν
2029 5718 2223 5790 ἐκείνοῖξ

640 5779 731 5855 πρὸ
754 5779 938 5855 ήμεῶνρ
967 5791 1064 5844 τῆς.
1096 5786 1288 5855 [dou-el,
1315 5789 1489 5855 Savjl.,
1518 5789 1568 5837 in
1601 5779 1764 5848 ιειῐὶι,
1792 5796 1846 5838 ει
1867 5791 1953 5840 alin
1977 5779 2101 5841 ωδε.
2120 5779 2222 5845 avi:

641 5842 794 5910 regis!
811 5844 1004 5910 ἐκᾴνοις
1018 5842 1235 5910 ’πρῴῐμος
1255 5851 1280 5897 6
1303 5857 1386 5907 τῆς
1406 5842 1500 5898 δικ.

704 5901 1026 5979 [ηδε-ξενίῃ
1048 5901 1104 5956 ἑ(
1123 5901 1317 5970 ρἸιιιίὶῐηὶ
1346 5901 1475 5979 ὶῇεε.Δ
1490 5910 1660 5979 Mor_el.
1686 5913 1864 5971 ἐκείνης
1883 5921 1967 5972 τῆς
1988 5915 2128 5979 ῥίζης.

703 5968 1231 6043 εξενὶιιξθξρυοβῐιδε.
1261 5975 1413 6043 κυνῶν
1433 5974 1743 6043 ᾐδυσγένειαν,
1785 5968 1897 6037 qia
1932 5968 2216 6029 vlvc'cﬂdvnon

644 6039 855 6087 sp-‘rneu
879 6031 936 6078 ia.
966 6031 1132 6080 Morel.
1166 6041 1217 6081 el
1238 6034 1318 6081 alii
1341 6039 1493 6083 κυνῶν
1527 6031 1817 6097 συγγένειανῖ

707 6084 731 6122 ά
748 6090 821 6138 Su.
846 6093 1211 6157 Saxi|.,rcclius
1237 6110 1382 6157 quam
1405 6100 1572 6151 hiemi.
1602 6099 2032 6162 évaotpi?’:..EDn.

1394 471 1452 526 S.
1493 467 2307 546 JOANNIS_CHRYSOSTOMI
2348 469 2669 528 ARCHIEP.
2711 466 3270 525 CONSTANTINOP.

3835 473 3940 534 8‘6

2351 588 2442 642 ἀεὶ
2490 587 2569 654 τῷ
2627 590 2928 659 Πνεῦμα-τι
2980 585 3060 651 τῷ
3104 585 3250 654 ἁγίῳ
3297 585 3708 640 ἀντιπίπτετεο
3752 589 3814 643 οὐ
3864 590 3947 662 τῷ

2350 666 2706 736 παραϐαίνειν
2739 679 2761 707 ο
2795 669 2864 722 τά
2911 666 3120 737 νόμιμα
3173 666 3332 735 μόνον
3353 706 3366 728 ,
3415 663 3551 718 ἀλλά
3583 666 3680 718 καὶ
3715 665 3794 738 τῷ
3847 686 3949 736 φυο

2346 743 2562 798 λάττειν
2616 744 2823 798 ἐθέλειν
2873 745 3138 815 ἀκαίρως.
3186 742 3776 812 Σκληροτράχηλοι⁶.
3823 746 3945 800 Καὶ

2347 822 2526 886 καλῶς
2557 817 2701 886 εἷπε,
2733 821 3264 892 σκληροτράχηλοι
3284 837 3297 850 ’
3332 822 3392 874 οὐ
3433 821 3542 892 γὰρ
3582 821 3820 893 ἡνεγκαν
3848 823 3944 876 τὸν

2347 899 2512 970 ζυγὸν
2553 901 2646 956 τοῦ
2693 902 2930 974 Χριστοῦ
2954 941 2967 964 ,
3017 901 3198 954 καίτοι
3231 898 3466 971 χρηστὸς
3501 895 3570 971 ἦν
3591 941 3605 965 ,
3659 902 3752 954 καὶ
3786 901 3945 955 οὐδὲν

2346 981 2606 1052 φορτικὸν
2648 977 2795 1052 εἶχεν
2832 980 2958 1035 οὕτε
2999 980 3255 1053 ἐπαχθές.
3311 978 3543 1033 Μὰθετε
3574 979 3713 1051 γὰρ,
3748 983 3941 1052 φησιν,

2345 1060 2447 1114 ἀπ’
2471 1061 2641 1130 ἐμοῦ,
2667 1061 2757 1114 ὅτι
2789 1060 2981 1128 πρᾶός
3007 1061 3125 1128 ειμι
3155 1057 3254 1110 καὶ
3289 1057 3568 1124 ταπεινὸς
3593 1059 3666 1127 τῇ
3688 1061 3906 1128 καρδίᾳ
3923 1077 3941 1095 ο

2344 1138 2460 1203 καὶ,
2489 1140 2694 1208 Ἄρατε
2719 1139 2828 1192 τὸν
2869 1136 3049 1207 ζυγόν
3071 1154 3189 1205 μου
3222 1135 3316 1205 ἐφ’
3352 1134 3528 1204 ὑμᾶς,
3571 1137 3659 1191 ὄτι
3691 1142 3723 1192 ό
3763 1139 3942 1208 ζυγός

2337 1233 2459 1285 μου
2492 1219 2763 1288 χρηστός
2785 1218 2938 1281 ἐστι,
2973 1216 3070 1270 καί
3112 1215 3179 1268 τὸ
3215 1216 3463 1284 φορτίον
3497 1234 3618 1284 μου
3646 1216 3939 1288 ἐλαφρόν.

2358 1285 2708 1368 Ἀλλίηόμως
2740 1285 2857 1350 οὐκ
2886 1298 3126 1367 ἡνεγκαν
3163 1294 3253 1348 διὰ
3301 1294 3399 1364 τὴν
3446 1285 3794 1366 σκληρότητα
3839 1285 3940 1348 τοῦ

2342 1376 2602 1448 αὐχένοςο
2637 1377 2733 1429 καὶ
2762 1376 2824 1429 οὐ
2858 1375 3020 1445 μόνον
3049 1375 3149 1426 οὐκ
3189 1374 3453 1443 ἡνεγκαν,
3491 1374 3628 1428 ἀλλά
3677 1374 3774 1428 καὶ
3809 1392 3939 1427 συν-

2343 1457 2572 1528 έτριψαν
2594 1457 2690 1511 καὶ
2715 1454 3029 1526 διέρρηξαν.
3064 1453 3180 1507 Ἀπ’
3207 1452 3423 1518 αἰῶνος
3448 1452 3578 1524 γὰρ,
3603 1454 3756 1524 φησὶ,
3781 1468 3938 1506 συν-

2339 1535 2589 1614 έτριψας
2629 1534 2740 1589 τὸν
3004 1530 3500 1614 σουξ-διέρρηξας
3553 1532 3670 1614 τὸν.
3706 1531 3943 1614 δεσμόνρ

2341 1609 2482 1670 σουζ
2513 1615 2648 1686 Οὐχί⁸
2677 1611 2888 1676 Παῦλος
2913 1611 3061 1680 λέγει
3081 1611 3275 1674 ταῦτα,
3294 1609 3410 1664 ἀλλ’
3439 1613 3467 1662 6
3498 1611 3784 1682 προφήτης
3813 1610 3938 1679 βοᾷ,

2341 1695 2507 1762 ζυγὸν
2538 1697 2632 1748 καὶ
2668 1692 2866 1763 δεσμὸν
2896 1692 2964 1746 τά
2989 1690 3233 1762 σύμϐολα
3269 1689 3370 1758 τῆς
3409 1690 3584 1761 ἀρχῆς
3619 1689 3814 1756 λέγων,
3851 1689 3940 1741 ὅτι

2341 1773 2730 1846 παρῃτήσαντο
2771 1774 2871 1844 τὴν
2901 1770 3223 1823 δεσποτείαν
3259 1767 3354 1846 τοῦ
3395 1765 3632 1838 Χριστοῦ
3663 1767 3709 1830 ί,
3745 1766 3938 1833 λέγον-

2339 1845 2473 1915 τες(
2499 1852 2701 1922 Ἠμεῖς
2734 1854 2847 1906 οὐκ
2884 1850 3106 1919 ἔχομεν
3127 1845 3396 1912 βασιλέα
3432 1849 3486 1900 εὶ
3513 1846 3598 1914 μὴ
3640 1846 3938 1914 Καίσαρα.

2341 1930 2680 2002 Συνέτριψας
2705 1930 2798 1984 τὸν
2833 1929 3018 1997 ζυγὸν,
3045 1924 3336 1999 διέρρηξας
3369 1925 3462 1976 τὸν
3490 1923 3711 1992 δεσμὸν,
3748 1923 3941 2002 ἐξέϐα-

2341 2009 2431 2073 λες
2462 2001 2660 2065 σαυτὸν
2692 2012 2791 2082 τῆς
2836 2007 3087 2080 οὐρανίου
3140 2003 3453 2076 βασιλείας,
3503 2005 3619 2082 καὶ,
3651 2001 3940 2072 ὑπέθηκας

2341 2090 2716 2160 ἀνθρωπίναις
2744 2081 2962 2159 ἀρχαῖς.
2990 2087 3062 2140 Σὺ
3088 2085 3144 2138 δέ
3177 2102 3266 2156 μοι
3298 2084 3514 2145 σκόπει,
3547 2081 3664 2146 πῶς
3690 2082 3940 2160 ἀκριϐῶς

2341 2157 2521 2221 αὐτῶν
2551 2171 2579 2221 6
2613 2157 2900 2239 προφήτης
2941 2165 3004 2217 τὸ
3037 2166 3289 2235 δυσὴνιον
3319 2163 3559 2233 ᾐνίξατο.
3594 2163 3668 2216 Οὐ
3715 2163 3826 2232 γὰρ
3856 2157 3941 2213 εἷ-

2343 2265 2464 2312 πεν,
2495 2246 2728 2301 Ἀπέθου
2745 2246 2836 2297 τὸν
2853 2244 3036 2311 ζυγὸν,
3055 2243 3210 2306 ἀλλὰ,
3229 2245 3276 2295 Σ
3280 2241 3606 2308 υνέτριψας
3627 2240 3720 2292 τὸν
3746 2239 3936 2308 ζυγὸν,

2339 2328 2478 2399 ὅπερ
2505 2324 2850 2397 σκιρτώντων
2881 2325 3089 2392 ἀλόγων
3127 2323 3274 2374 ἐστὶν
3302 2321 3630 2392 ἁμάρτημα,
3660 2320 3941 2390 ἀφηνιών-

2340 2423 2470 2472 των,
2501 2403 2955 2476 παραιτουμένων
2990 2403 3086 2474 τὴν
3133 2403 3328 2472 ἀρχήν.
3379 2400 3542 2453 Ἀλλά
3586 2400 3750 2452 πόθεν
3793 2401 3936 2469 αῦτη

2342 2485 2564 2553 γέγονεν
2594 2486 2627 2552 ἡ
2665 2481 3006 2552 σκληρότης;
3053 2482 3185 2535 Ἀπὸ
3230 2479 3538 2550 ἀδηφαγίας
3584 2480 3678 2531 καὶ
3738 2478 3935 2548 μέθης.

2341 2564 2438 2627 Τίς
2506 2561 2665 2614 τοῦτό
2728 2577 2938 2631 φησιν;
3008 2561 3181 2622 Αὐτὸς
3241 2561 3267 2612 6
3329 2559 3598 2629 Μωῦσῆς’
3666 2560 3939 2626 Ἐφαγεν

2354 2639 2624 2710 Ἰσραὴλ,
2667 2639 2766 2692 καὶ
2791 2637 3141 2706 ἐνεπλήσθη
3179 2638 3278 2691 καί
3307 2638 3624 2705 ἐλιπάνθη,
3659 2639 3758 2689 καὶ
3792 2637 3933 2690 ἀπε·

2339 2719 2630 2772 λάκτισεν
2669 2721 2702 2771 ὁ
2734 2717 3143 2786 ἠγαπημένος.
3187 2717 3457 2788 Καθάπερ
3486 2717 3594 2789 γὰρ
3633 2715 3702 2768 τὰ
3740 2715 3935 2783 ἄλογα,

2341 2799 2564 2852 ἐπειδὰν
2611 2796 2870 2867 δαψιλοῦς
2916 2797 3201 2868 ἀπολαύσῃ
3238 2797 3477 2867 φάτνης,
3533 2798 3612 2859 είς
3661 2795 3938 2866 πολυσαρ-

2341 2877 2462 2931 κίαν
2487 2877 2746 2939 ἐκϐάντα,
2779 2875 3184 2947 φιλονεικότερα
3215 2879 3308 2929 καὶ
3331 2875 3677 2929 δυσκάθεκτα
3700 2876 3934 2944 γίνεται,

2340 2960 2435 3011 καὶ
2455 2955 2577 3010 οὐτε
2605 2955 2796 3022 ζυγοῦ,
2831 2954 2954 3008 οὐτε
2992 2959 3170 3026 ἡνίας,
3208 2955 3332 3008 οὒτε
3364 2956 3584 3027 ἡνιόχου
3626 2955 3810 3027 χειρὸς
3841 2956 3938 3008 ἀν·

2340 3035 2555 3107 έχεται·
2598 3035 2742 3088 οῦτω
2777 3033 2872 3087 καὶ
2900 3037 2928 3087 ό
2979 3035 3088 3087 τῶν
3129 3034 3398 3087 Ἰουδαίων
3441 3034 3643 3104 δῆμος,
3686 3035 3794 3086 ὑπὸ
3833 3037 3937 3105 τῆς

2345 3115 2515 3186 μέθης
2544 3116 2640 3167 καὶ
2671 3114 3049 3186 πολυσαρκίας
3083 3115 3164 3177 εἰς
3206 3114 3406 3167 κακίαν
3442 3115 3679 3184 ἐσχάτην
3707 3130 3937 3167 κατενε-

2341 3195 2585 3267 χθέντες,
2613 3195 2965 3266 ἐσκίρτησαν,
2990 3194 3085 3249 καὶ
3114 3194 3213 3246 οὐκ
3243 3193 3490 3256 ἐδέξαντο
3524 3192 3612 3245 τὸν
3643 3193 3810 3260 ζυγὸν
3839 3193 3936 3245 τοῦ

2339 3273 2600 3346 Χριστοῦ,
2627 3274 2748 3326 οὐδὲ
2776 3276 2837 3327 τὸ
2861 3275 3090 3344 ἄροτρον
3122 3276 3223 3345 τῆς
3262 3272 3611 3334 διδασκαλίας
3650 3273 3932 3328 εἵλκυσαν.

2343 3356 2521 3425 Ὅπερ
2549 3350 2642 3407 οὖν
2669 3355 2763 3406 καὶ
2796 3354 2956 3417 ἀλλος
2995 3355 3281 3424 προφήτης
3316 3353 3686 3425 αἰνιττόμενος
3722 3352 3932 3421 ἔλεγεν,

2352 3434 2449 3500 Ὠς
2463 3433 2718 3503 δάμαλις
2737 3432 3160 3502 παροιστρῶσα
3177 3434 3628 3502 παροίστρησεν
3659 3434 3932 3500 Ἰσραήλ.

2342 3515 2566 3586 Ἕτερος
2599 3515 2657 3568 δέ
2685 3514 2848 3568 αὐτὸν
2881 3514 3118 3583 μόσχον
3145 3513 3471 3567 ἀδίδακτον
3496 3513 3704 3568 ἐκάλει.
3747 3514 3831 3568 Τά
3874 3515 3936 3569 δὲ

2339 3594 2569 3648 τοιαῦτα
2607 3593 2800 3662 ἄλογα,
2835 3594 2974 3665 πρὸς
3004 3595 3273 3666 ἐργασίαν
3305 3594 3407 3646 οὐκ
3453 3592 3583 3646 ϐντα
3622 3595 3934 3664 ἐπιτήδεια,

2339 3672 2477 3745 πρὸς
2505 3672 2718 3744 σφαγὴν
2745 3675 3028 3746 ἐπιτήδεια
3061 3676 3293 3743 γίνεται.
3318 3673 3496 3746 Ὀπερ
3529 3670 3624 3726 οὖν
3656 3675 3754 3726 καί
3783 3668 3934 3728 οὗτοι

2339 3753 2679 3817 πεπόνθασι,
2721 3755 2815 3806 καὶ
2851 3753 2991 3823 πρὸς
3034 3753 3298 3822 ἐργασίαν
3341 3754 3652 3824 ἀχρήστως
3702 3755 3934 3818 ἐαυτοὺς

2339 3835 2814 3905 καταστήσαντες,
2845 3832 2982 3904 πρὸς
3035 3833 3252 3904 σφαγὴν
3301 3834 3597 3903 ἐπιτήδειοι
3648 3834 3929 3901 γεγόνασι.

2337 3909 2440 3964 Διά
2460 3911 2620 3965 τοῦτο
2643 3914 2735 3965 καὶ
2765 3913 3046 3984 όΧριστὸς
3076 3913 3289 3980 ἐλεγεψ
3317 3912 3461 3978 Τοὺς
3493 3911 3647 3985 [590]
3676 3913 3932 3982 ἐχθρούς

2331 4006 2471 4060 μου,
2501 3991 2643 4058 τοὺς
2669 3991 2756 4060 μὴ
2788 3990 3169 4057 θελήσαντάς
3189 4008 3266 4060 με
3288 3991 3665 4058 ,βασιλεῦσαι
3695 3994 3790 4047 ἐπ’
3824 3996 3930 4048 αὐ-

2335 4071 2476 4136 τῶν,
2499 4071 2748 4142 ἀγάγετε
2774 4065 2911 4136 ὦδε,
2939 4071 3039 4125 καὶ
3071 4070 3497 4139 κατασφάξατε
3523 4072 3770 4136 αὐτούς.
3794 4068 3930 4126 Τότε

2337 4149 2445 4204 ἔδει
2477 4168 2537 4203 σε
2563 4150 2875 4222 νηστεύειν,
2909 4144 2954 4205 ὧ
2989 4150 3235 4216 Ἰουδαῖε,
3261 4153 3351 4206 ὅτε
3393 4151 3427 4222 ἡ
3462 4150 3602 4221 μέθη
3641 4151 3820 4204 ταῦτά
3870 4168 3924 4203 σε

2337 4231 2624 4303 εἰργάζετο
2654 4230 2724 4286 τὰ
2753 4230 2922 4296 δεινά,
2948 4231 3037 4282 ὅτε
3067 4230 3322 4284 ἀσέϐειαν
3352 4229 3593 4303 ἔτεκενὴ
3622 4231 3922 4302 ἀδηφαγία,

2335 4312 2458 4382 οὐχὶ
2483 4313 2577 4366 νῦν
2596 4327 2608 4340 ·
2644 4311 2741 4366 νῦν
2778 4310 2888 4381 γὰρ
2917 4311 3146 4381 ἄκαιρος
3176 4313 3210 4382 ἡ
3248 4311 3473 4383 νηστεία
3512 4313 3609 4365 καὶ
3639 4310 3925 4382 βδελυκτή.

2337 4392 2434 4456 Τίς
2486 4392 2661 4447 ταῦτά
2711 4410 2911 4466 φησιν;
2964 4393 3187 4458 Αὐτὸςό
3241 4394 3471 4458 Ἡσαΐας
3526 4393 3922 4464 μεγαλοφώνως

2336 4471 2508 4544 βοῶν·
2545 4475 2628 4527 Οὐ
2657 4475 2886 4542 ταύτην
2913 4471 3028 4542 τὴν
3059 4476 3352 4541 νηστείαν
3379 4474 3493 4542 ἐγὼ
3527 4471 3918 4542 ἐξελεξάμην,

2332 4551 2497 4623 λέγει
2520 4553 2757 4623 Κύριος.
2782 4553 2883 4606 Διά
2913 4554 3001 4618 τίς
3047 4553 3168 4606 Ὀτι
3205 4557 3294 4621 είς
3323 4555 3556 4622 κρίσεις
3583 4557 3686 4610 καὶ
3723 4556 3923 4625 μάχας

2331 4635 2681 4704 νηστεύετε,
2728 4633 2828 4688 καὶ
2876 4632 3129 4687 τύπτετε
3186 4633 3450 4704 πυγμαῖς
3497 4634 3642 4700 τοὺς
3680 4640 3924 4706 ὑποχει-

2327 4717 2516 4785 ρίους.
2531 4716 2593 4775 Εἰ
2612 4714 2690 4778 δέ,
2705 4715 2794 4768 ὅτε
2806 4715 2934 4778 τοὺς
2953 4712 3271 4777 συνδούλους
3286 4713 3538 4778 ἔτυπτες,
3552 4714 3814 4788 βδελυκτή
3831 4733 3926 4771 σου

2332 4792 2402 4868 ἦν
2421 4797 2455 4867 ὴ
2478 4796 2725 4867 νηστεία,
2749 4796 2840 4849 ὅτε
2860 4795 2951 4849 τὸν
2972 4794 3251 4865 Δεσπότην
3276 4795 3645 4864 κατέσφαξας,
3677 4797 3798 4849 τότε
3827 4815 3926 4851 σου

2334 4875 2644 4947 προσδεκτή
2671 4877 2706 4947 ἡ
2735 4873 2960 4945 νηστεία
2972 4873 3183 4943 γίνεται
3203 4891 3218 4940 ;
3236 4876 3346 4930 Καὶ
3372 4875 3696 4946 πῶςάνέχοι
3729 4877 3924 4945 λόγονς

2403 4956 2507 5011 Τὸν
2537 4956 2868 5028 νηστεύοντα
2906 4954 3346 5025 κατεσταλμένον
3379 4952 3520 5010 εἶναι
3562 4957 3689 5028 χρὴ,
3731 4973 3925 5010 συντε-

2329 5037 2630 5110 τριμμένον
2655 5077 2671 5102 ,
2701 5035 3204 5105 τεταπεινωμένον,
3252 5036 3374 5107 οὐχὶ
3410 5036 3629 5108 μεθύειν
3674 5038 3784 5093 ὑπὸ
3823 5029 3923 5109 τῆς

2327 5121 2502 5191 ὀργῆς
2521 5136 2535 5148 ·
2573 5117 2638 5170 σὺ
2670 5117 2728 5171 δὲ
2755 5116 2979 5179 τύπτεις
3005 5118 3131 5180 τοὺς
3159 5117 3510 5184 συνδούλους;
3546 5113 3806 5190 Τότεμέν
3828 5117 3922 5179 οὖν

2328 5203 2410 5264 είς
2442 5199 2653 5271 κρίσεις
2698 5198 2795 5251 καὶ
2841 5196 3021 5268 μάχας
3054 5196 3344 5267 ἐνήστευον
3365 5214 3379 5228 ·
3421 5198 3516 5252 νῦν
3559 5198 3617 5252 δέ
3645 5201 3728 5264 είς
3759 5200 3923 5254 ἀσελ-

2327 5283 2480 5351 γείας
2506 5283 2601 5336 καὶ
2627 5281 2726 5353 τὴν
2759 5280 2996 5353 ἐσχάτην
3026 5277 3345 5345 ἀκολασίαν,
3368 5282 3600 5352 γυμνοῖς
3621 5282 3738 5343 τοῖς
3762 5280 3924 5338 ποσὶν

2329 5366 2423 5419 ἐπὶ
2469 5365 2570 5435 τῆς
2610 5365 2819 5435 ἀγορᾶς
2863 5361 3216 5434 ὀρχούμενοι·
3270 5363 3366 5415 καὶ
3420 5363 3455 5433 ἡ
3508 5363 3608 5432 μὲν
3659 5363 3921 5428 ὑπόθεσις

2327 5446 2717 5518 νηστευόντων,
2752 5444 2814 5497 τὸ
2837 5444 2895 5497 δέ
2929 5444 3113 5514 σχῆμα
3146 5441 3476 5513 μεθυόντων.
3508 5445 3777 5499 Ἀκουσον
3800 5445 3921 5512 πῶς

2326 5527 2538 5581 κελεύει
2559 5524 2847 5596 νηστεύειν
2870 5527 2899 5578 ό
2917 5523 3204 5594 προφήτης
3223 5540 3236 5554 ·
3265 5522 3571 5592 Ἀγιάσατε
3600 5526 3918 5593 νηστείαν,

2325 5610 2523 5681 φησίν·
2570 5607 2672 5661 οὐκ
2707 5605 2852 5670 εἷπε,
2893 5604 3250 5676 πομπεύσατε
3282 5604 3568 5675 νηστείανο
3605 5606 3924 5681 Κηρύξατε

2324 5679 2673 5758 θεραπείαν,
2723 5686 3098 5757 συναγάγετε
3145 5685 3614 5754 πρεσϐυτέρους.
3655 5679 3817 5739 Οὗτοι
3859 5687 3921 5744 δδ

2322 5771 2515 5842 χοροὺς
2538 5767 2798 5840 μαλακῶν
2831 5768 3252 5836 συναγαγόντες,
3284 5768 3378 5821 καὶ
3412 5769 3585 5821 πολὺν
3614 5784 3922 5840 πεπορνευ-

2389 5981 2408 6002 ⁹
2433 5977 3230 6040 5πὶ1.εῑυησεεοό.ἀντ.ῐζαὶγὰρ
3257 5978 3539 6040 ἀπέπιπτον
3559 5975 3614 6040 οὐ
3633 5975 3702 6040 τῷ
3727 5976 3916 6034 παραᾶ

2393 6045 2408 6060 ⁸
2430 6041 2565 6104 lianc
2589 6053 2784 6104 vocem,
2805 6037 3237 6104 Σκληροτράχηλοι,
3267 6054 3364 6090 non
3385 6039 3530 6090 habet
3555 6037 3782 6088 Samius.

2398 6103 2413 6144 ί
2439 6103 2561 6155 Tres
2585 6117 2702 6154 mu.
2727 6103 2797 6168 τῷ
2819 6105 3030 6176 Βίριστῷ.
