4150 6352
193 467 306 525 845

192 611 337 650 nunc
362 595 429 649 ab
460 592 688 647 Ecclesia
713 587 832 644 volo
857 603 1059 642 arcere.
1082 586 1210 640 Nam
1229 585 1389 639 verba
1417 594 1601 637 contra
1631 586 1776 637 Ano-

188 703 368 741 ωαξης
419 688 522 740 alio
573 697 810 753 tempore
860 683 968 736 ﬁeri
1018 691 1298 750 poterunt,
1346 693 1448 732 nec
1493 676 1782 747 quidquam

190 778 376 831 damni
428 785 644 844 propter
699 788 904 827 moram
953 772 1186 835 facietis;
1240 769 1549 823 Judarorum
1604 776 1780 819 autem

191 869 388 922 morbo
417 879 690 933 correptos
728 865 824 917 nisi
850 865 957 931 jam
986 863 1346 916 curaverimus
1365 901 1379 923 ,
1402 860 1528 914 dum
1561 874 1670 928 pra:
1701 856 1779 911 fo—

190 962 346 1016 ribus
387 959 594 1012 illorum
639 957 782 1010 ferite
811 969 1079 1024 proticque
1106 955 1316 1016 adsnnt,
1344 966 1533 1004 vereor
1561 965 1627 1002 ne
1652 950 1785 1002 forte

199 1052 416 1122 quidam
469 1051 834 1117 intempestiva
875 1045 1259 1100 consuetudine
1307 1057 1600 1111 magnaque
1637 1041 1788 1109 igno-

195 1143 371 1197 rantia
394 1142 600 1194 illorum
627 1138 870 1207 nequitia:
891 1142 1166 1190 consortes
1190 1137 1336 1195 tiant,
1361 1143 1518 1198 atque
1534 1130 1786 1196 deinceps

193 1232 394 1286 frustra
425 1231 491 1285 de
518 1231 598 1283 his
625 1229 785 1281 verba
814 1227 1087 1280 faciamus.
1110 1224 1166 1278 Si
1191 1225 1333 1276 enim
1360 1222 1488 1274 nihil
1518 1219 1785 1274 audiendo

197 1323 363 1377 hodie
391 1339 508 1377 cum
537 1323 640 1376 illis
670 1319 974 1387 jcjunariut,
1007 1325 1314 1387 perpetrato
1339 1324 1578 1384 peccato,
1613 1327 1788 1366 reme-

193 1412 347 1469 dium
379 1412 572 1464 frustra
598 1409 987 1463 adhibebimus.
1013 1407 1184 1471 Quare
1213 1406 1276 1457 ad
1311 1401 1785 1474 pra'occupandum

195 1506 465 1574 ltnpellor.
495 1504 633 1557 ldetn
661 1504 822 1556 etiam
863 1499 1058 1554 medici
1089 1500 1138 1550 in
1173 1498 1482 1567 urgentibus
1512 1503 1565 1547 et
1592 1494 1786 1547 acutis-

193 1595 350 1650 simls
374 1596 574 1649 morbis
594 1595 901 1657 observant,
930 1605 1063 1660 quos
1085 1590 1228 1658 prius
1252 1602 1439 1641 curare
1468 1586 1783 1639 instituunt:

191 1687 416 1741 omnino
461 1697 636 1740 autem
687 1685 790 1739 hoc
836 1693 1108 1738 certamen
1155 1682 1314 1749 priori
1357 1688 1440 1732 est
1475 1687 1784 1747 cognatum.

192 1778 336 1850 Quia
368 1778 508 1832 enim
543 1779 786 1848 impietas
807 1774 1113 1830 Iudaeorum
1140 1783 1195 1826 et
1223 1775 1602 1825 Anomteorum
1629 1767 1789 1822 aliine

189 1872 324 1941 quid
359 1869 540 1931 habet,
572 1870 868 1921 certamina
911 1867 1069 1918 etiam
1101 1879 1261 1922 nunc,
1286 1861 1549 1930 prioribus
1573 1859 1785 1923 aflinia,

194 1964 356 2015 nobis
386 1977 506 2016 sese
526 1958 776 2015 otl'erunt.
809 1957 940 2010 Nam
972 1955 1112 2024 quod
1141 1953 1307 2008 Judzei
1335 1953 1537 2005 crimen
1568 1949 1788 2019 objicie-

195 2055 348 2118 hant,
384 2052 522 2104 idem
554 2051 820 2104 intentant
854 2063 1068 2117 quoque
1108 2045 1372 2098 Anomoei.
1401 2042 1539 2110 Quid
1575 2041 1786 2096 crimini

197 2138 401 2190 dabant
453 2139 576 2190 illi?
615 2140 770 2201 Quod
804 2137 1060 2190 Christus
1097 2135 1263 2188 Deum
1303 2131 1518 2184 Patrem
1553 2131 1783 2190 diceret,

197 2242 364 2297 seque
398 2231 573 2297 ipsum
606 2227 695 2280 Dei
731 2227 992 2296 aequalem
1032 2225 1233 2277 faceret
1279 2222 1462 2292 (Joan.
1497 2237 1548 2277 v.
1587 2220 1696 2291 18).
1733 2218 1786 2273 ld

194 2320 248 2373 in
283 2320 492 2374 crimen
528 2320 695 2373 etiam
739 2320 794 2372 hi
843 2319 1072 2372 trahunt
1110 2335 1123 2370 :
1166 2317 1294 2384 quin
1330 2320 1512 2383 potius
1547 2329 1654 2365 non
1681 2322 1790 2364 tra-

191 2410 359 2476 hunt,
395 2412 489 2466 sed
524 2411 728 2465 dictum
767 2411 998 2481 ejusque
1034 2409 1366 2462 sententiam
1413 2405 1619 2468 delent,
1662 2405 1789 2458 licet

187 2517 311 2557 non
352 2518 544 2560 manu.
572 2513 624 2556 at
653 2503 988 2562 cogitatione
1010 2508 1176 2561 atque
1209 2500 1416 2552 animo.

267 2592 326 2646 2.
370 2591 553 2660 Neque
602 2606 728 2645 vero
773 2590 1074 2653 miremini,
1118 2589 1260 2656 quod
1310 2587 1520 2641 Jud:cos
1564 2585 1790 2640 miseros

191 2684 446 2738 dixerim.
477 2683 685 2737 Revera
719 2684 860 2735 enim
901 2681 1080 2734 miseri
1112 2690 1235 2734 sunt
1261 2690 1420 2747 atque
1459 2677 1744 2730 :crumnosi
1770 2717 1786 2742 ,

196 2778 291 2846 qui
324 2786 396 2829 tot
425 2778 558 2829 bona
580 2775 786 2828 crelitus
803 2774 900 2826 sibi
933 2774 981 2824 in
1007 2788 1193 2825 manus
1218 2772 1387 2823 delata
1418 2771 1786 2838 repudiarunt,

197 2865 489 2934 deditaquc
517 2879 678 2932 opera
702 2859 1026 2931 'rcjecernnt.
1059 2861 1219 2914 Ortus
1254 2869 1336 2913 est
1366 2861 1468 2912 il;is
1499 2862 1790 2911 matutinus

195 2958 417 3026 iustitia:
451 2958 552 3022 sol,
583 2967 638 3009 et
667 2957 764 3024 ipsi
805 2955 1018 3023 quidem
1042 2997 1054 3014 ,
1085 2954 1248 3006 radiis
1279 2953 1524 3020 repulsis.
1559 2952 1610 3003 in
1644 2961 1791 3003 tene-

199 3050 313 3104 bris
350 3052 536 3104 sedent
567 3069 579 3102 :
613 3060 666 3102 at
706 3065 800 3101 uos
838 3050 918 3101 his
958 3049 1196 3099 innutriti
1231 3048 1403 3099 iurem
1445 3047 1509 3097 ad
1550 3060 1644 3097 nos
1691 3045 1787 3113 ipsi

199 3144 583 3210 pertraximus,
630 3142 936 3206 errorisque
967 3141 1190 3208 caligine
1231 3139 1436 3190 liberati
1469 3151 1672 3190 smnus.
1712 3134 1790 3187 llli

197 3231 398 3286 radicis
425 3243 621 3286 sanctae
662 3232 794 3284 rami
823 3241 1007 3294 erant,
1042 3231 1132 3282 sed
1165 3229 1311 3282 fracti
1340 3237 1463 3280 sunt
1499 3226 1671 3297 (Rom.
1704 3226 1786 3278 ll.

201 3324 294 3379 16.
328 3323 414 3394 17)
442 3343 455 3377 :
484 3339 582 3377 nos
611 3339 714 3376 non
743 3339 956 3377 eramus
988 3322 1180 3375 radicis
1222 3322 1502 3389 participes
1523 3362 1536 3382 ,
1581 3331 1634 3373 et
1678 3321 1787 3372 fru-

196 3430 348 3467 ctum
378 3416 584 3482 pictatis
614 3413 851 3467 tulimus.
880 3413 954 3467 llli
980 3412 1266 3482 prophetas
1295 3413 1360 3462 ab
1391 3412 1606 3464 ineunte
1634 3419 1790 3464 :etate

198 3507 478 3574 legerunt,
517 3514 569 3558 et
599 3505 889 3573 prophetiis
929 3505 1260 3556 enuntiatum
1289 3504 1429 3555 cruci
1462 3503 1743 3554 altixcrunt
1773 3519 1786 3556 ε

200 3612 325 3657 DO'i,
365 3597 449 3663 qui
503 3595 634 3648 nihil
677 3596 744 3649 de
794 3595 962 3647 sacris
1002 3594 1170 3646 literis
1225 3594 1597 3654 audieramus,
1650 3592 1790 3645 hunc

201 3688 378 3738 iasum
408 3685 762 3738 adoravimus.
813 3684 938 3738 Ideo
987 3684 1166 3737 miseri
1209 3683 1304 3746 illi,
1337 3684 1470 3752 quia_
1503 3699 1659 3735 missa
1689 3683 1788 3735 sibi

205 3777 371 3841 'iona,
402 3777 520 3830 aliis
545 3775 874 3844 rapicntihus
902 3785 1063 3844 atque
1091 3776 1155 3827 ad
1185 3792 1304 3828 sese
1336 3776 1786 3842 pet-trahentibus,

203 3869 308 3938 ipsi
327 3869 652 3937 repulerunt.
678 3871 752 3922 Ac
777 3869 847 3921 illi
878 3868 1088 3938 quidem
1111 3869 1174 3921 ad
1199 3869 1424 3922 liliorum
1448 3870 1788 3938 adoptionem

205 3960 404 4023 vocati,
440 3961 490 4012 in
535 3975 695 4014 canes
722 3960 1114 4029 degenerarunt
1145 3979 1158 4012 :
1194 3976 1309 4026 nos,
1345 3962 1432 4030 qni
1475 3978 1636 4016 canes
1673 3978 1789 4016 era-

206 4065 350 4112 mus,
381 4050 590 4103 brutam
641 4062 879 4104 naturam
898 4052 1081 4105 ‘divina
1113 4054 1276 4120 gratia
1313 4069 1509 4107 exuere
1537 4064 1694 4122 atque
1723 4053 1788 4108 ad

206 4141 437 4194 ﬁliolum
477 4144 732 4203 honorem
759 4143 1050 4207 ascendere
1087 4144 1374 4209 potuimus.
1409 4143 1556 4196 Unde
1589 4145 1688 4196 hoc
1725 4145 1787 4197 li-

205 4233 373 4301 quet?
400 4229 520 4284 Non
541 4243 612 4284 est
640 4232 843 4294 bonum,
875 4234 1042 4301 inquit
1074 4233 1388 4286 Chanantezn
1406 4233 1670 4296 Christus,
1698 4253 1789 4304 pa-

205 4337 323 4374 rtem
349 4322 571 4388 ﬁliorum
591 4338 786 4390 capere.
812 4334 859 4374 ct
877 4323 1068 4376 catellis
1090 4324 1300 4391 objiccre
1321 4324 1526 4390 (Matth.
1558 4327 1638 4379 l5.
1657 4327 1747 4395 26)
1773 4343 1786 4379 :

207 4411 332 4466 illos
360 4410 516 4474 filios,
549 4428 610 4465 ex
653 4413 899 4481 gentibus
933 4427 1060 4465 vero
1089 4415 1367 4475 oriundos,
1396 4430 1558 4469 canes
1589 4431 1792 4469 nuneu-

206 4518 360 4573 pons.
389 4503 603 4569 Verum,
630 4519 732 4572 quo
760 4505 917 4558 modo
947 4506 1017 4558 sit
1041 4507 1282 4560 inversus
1312 4509 1446 4561 ordo
1466 4549 1481 4573 ,
1514 4511 1654 4575 vide,
1686 4511 1790 4564 illi-

204 4610 314 4662 qne
339 4609 522 4661 canes,
540 4610 639 4648 nos
665 4595 820 4650 liberi
847 4594 973 4650 facti
989 4597 1176 4650 simus.
1215 4596 1386 4652 Videte
1400 4615 1565 4665 canes,
1595 4600 1664 4653 de
1685 4601 1790 4657 illis

205 4689 280 4739 ait
318 4685 541 4750 Paulus,
573 4688 732 4740 videte
756 4688 918 4740 malos
945 4689 1203 4756 operarios
1220 4727 1235 4749 ,
1259 4692 1793 4752 videteconcisionem.

207 4771 328 4828 Nos
347 4773 486 4826 enim
518 4789 703 4827 sumus
725 4771 1081 4828 circumcisio.
1101 4771 1556 4852 (Philipp.5.2.5).
1601 4782 1789 4842 Cernis

203 4865 477 4932 quomodo
507 4867 656 4920 liberi
685 4869 829 4935 prius
853 4882 1014 4922 canes
1041 4871 1348 4924 evaserint?
1379 4872 1535 4927 Visne
1560 4889 1788 4944 cognos-

195 4970 350 5019 cere,
371 4956 461 5024 qui
493 4971 592 5009 nos
614 4972 644 5010 e
663 4957 883 5012 canibus
913 4959 1003 5012 lilii
1032 4958 1151 5013 facti
1183 4961 1389 5015 simus?
1417 4963 1670 5034 Quotquot
1689 4983 1787 5018 an.

199 5055 305 5098 tem
329 5058 623 5114 receperunt
653 5065 787 5113 eum,
815 5048 1007 5118 inquit,
1039 5051 1176 5102 dedit
1200 5053 1272 5105 eis
1303 5063 1616 5121 potestatem,
1651 5057 1784 5125 ﬁlios

205 5137 298 5190 Dei
321 5139 430 5205 ﬁeri
462 5137 634 5209 (Joan.
673 5141 723 5194 l.
760 5141 871 5209 l2).
903 5141 1044 5195 Nihil
1079 5144 1193 5196 istis
1221 5146 1495 5209 miserius,
1528 5149 1616 5216 qui
1654 5165 1784 5203 nus-

196 5243 358 5294 quam
403 5230 708 5282 nou’salnti
754 5245 866 5284 sua:
913 5233 1129 5285 adversi
1173 5247 1413 5287 currunt.
1463 5237 1593 5290 Dum
1641 5241 1783 5294 enim

199 5319 372 5386 legem
399 5320 603 5372 servari
634 5321 903 5389 oportuit,
933 5325 1316 5377 conculcaruut
1348 5343 1358 5375 :
1395 5326 1477 5379 illa
1511 5343 1648 5381 nunc
1669 5345 1786 5383 ces-

195 5419 381 5471 saate,
415 5411 760 5477 pertinaciter
805 5412 1048 5465 eamdem
1089 5415 1222 5466 tueri
1271 5418 1617 5471 contendunt.
1649 5419 1783 5486 Quid

197 5499 332 5565 ipsis
355 5510 517 5569 queat
544 5501 906 5556 miserabilius
936 5518 1078 5569 esse,
1106 5507 1193 5572 qui
1225 5522 1328 5558 non
1360 5511 1784 5577 transgressione

195 5590 391 5653 solum,
421 5589 516 5644 sed
542 5602 594 5645 et
628 5583 1026 5648 observatione
1047 5594 1177 5663 lcgis
1221 5595 1382 5649 Deum
1425 5601 1785 5654 exacerbauit?

196 5682 325 5736 Ideo
366 5682 506 5735 Dura
538 5686 755 5750 cervice,
790 5686 979 5754 inquit,
1027 5696 1073 5738 et
1117 5688 1463 5742 iucircnmciso
1506 5693 1656 5745 corde
1697 5711 1783 5747 ros

219 5789 398 5838 smper
424 5774 644 5841 Spiritui
674 5787 848 5829 sancto
877 5778 1107 5830 resistitis
1129 5778 1262 5842 (Act.
1294 5780 1344 5832 Ἰ.
1373 5781 1464 5848 5|)
1491 5799 1502 5833 :
1539 5800 1641 5836 non
1665 5785 1779 5836 vio-

195 5862 362 5920 laudo
409 5864 552 5935 leges
594 5866 890 5933 dumtaxat,
920 5866 1014 5922 sed
1055 5859 1522 5941 et'intempestive
1563 5891 1780 5932 scrvare

1447 471 1810 529 ADVERSUS
1845 470 2150 530 JUDEOS.
2189 467 2233 526 l.

3373 466 3481 527 846

1893 586 2008 641 illas
2036 587 2320 659 cupiendo.
2346 587 2470 645 Duri
2493 589 2722 660 cervice,
2744 590 2913 662 probe
2935 592 3014 649 sic
3035 606 3128 650 eos
3152 595 3474 665 appellavit:

1893 692 1996 730 non
2025 680 2165 732 enim
2199 679 2385 749 jugum
2413 679 2608 735 Christi
2632 691 2932 752 portarunt,
2959 684 3085 739 licet
3112 699 3279 741 suave
3299 698 3475 755 esset,

1890 781 1988 820 nec
2040 767 2326 836 quidquam
2371 770 2550 823 oneris
2598 779 2690 825 aut
2738 772 2999 827 molestiae
3049 773 3293 831 haberet.
3345 777 3477 832 Nam

1889 854 2080 908 Discite
2111 873 2142 909 a
2169 873 2264 919 me,
2295 857 2483 927 inquit,
2506 859 2623 928 quia
2654 861 2787 913 mitis
2830 877 2971 928 sum,
3001 872 3046 916 et
3066 863 3271 919 humilis
3295 868 3472 936 corde,

1886 955 1962 1006 et,
1997 945 2178 1000 Tollite
2195 949 2379 1018 jugum
2408 965 2572 1002 meum
2615 967 2767 1020 super
2791 967 2912 1016 vos,
2949 954 3068 1022 quia
3090 957 3276 1026 jugum
3312 974 3477 1014 meum

1889 1053 2040 1088 suave
2065 1047 2158 1117 est,
2182 1048 2228 1090 et
2254 1055 2381 1091 amis
2409 1055 2573 1092 meum
2594 1041 2700 1095 leve
2727 1041 2943 1112 (Matth.
2976 1045 3064 1099 11.
3095 1046 3185 1101 29.
3204 1048 3331 1118 50).
3361 1049 3478 1104 Non

1891 1127 2184 1180 tolerarunt
2221 1137 2417 1194 tamen,
2447 1130 2514 1184 ob
2541 1131 2766 1185 cervicis
2795 1133 3042 1190 duritiem
3073 1153 3089 1191 :
3119 1152 3289 1208 neque
3319 1141 3479 1195 modo

1891 1231 1995 1268 non
2027 1218 2341 1282 tolerarunt,
2368 1220 2464 1274 sed
2488 1231 2540 1278 et
2560 1223 2934 1293 confregerunt
2960 1236 3014 1280 et
3036 1238 3313 1297 ruperunt.
3345 1230 3479 1285 Nam

1895 1307 1940 1360 Α
1968 1311 2172 1375 stmulo,
2208 1311 2396 1380 inquit,
2428 1315 2720 1383 confregisti
2735 1317 2922 1385 jugum
2952 1327 3131 1384 tuum;
3156 1322 3339 1388 rupiin
3364 1323 3478 1376 vin-

1889 1400 2005 1451 cula
2036 1410 2122 1452 tua
2146 1400 2354 1468 (Jerem.
2381 1401 2435 1454 2.
2458 1403 2548 1457 20.
2578 1405 2688 1457 uide
2711 1415 2756 1458 et
2785 1406 2837 1459 5.
2866 1406 2919 1461 5.
2943 1408 3059 1460 item
3080 1407 3226 1462 Psal.
3254 1408 3307 1462 2.
3331 1426 3381 1464 υ.
3397 1410 3476 1481 5).

1891 1489 2006 1544 Non
2038 1491 2185 1545 Pauli
2215 1492 2328 1547 hmc
2348 1503 2472 1546 sunt
2502 1495 2659 1549 verba
2681 1537 2695 1561 ,
2727 1496 2820 1550 sed
2850 1497 3106 1568 propheta
3136 1501 3363 1568 clamat,
3387 1502 3478 1572 ju-

1890 1597 2012 1649 gum
2052 1593 2106 1637 et
2146 1584 2353 1638 vincula
2404 1585 2612 1654 imperii
2658 1597 2812 1642 notas
2851 1587 3075 1643 dicens:
3119 1592 3240 1659 quia
3280 1593 3481 1648 Christi

1891 1671 2188 1726 dominium
2233 1673 2403 1729 Iudici
2449 1686 2786 1744 respuernut,
2833 1693 2954 1732 cum
3004 1680 3248 1736 dicereut
3294 1701 3309 1738 :
3357 1683 3481 1740 Non

1891 1763 2129 1818 habemus
2173 1783 2373 1836 regem,
2419 1768 2514 1820 nisi
2544 1768 2792 1822 Cazsarcm
2835 1770 3015 1837 (Joan.
3061 1773 3144 1828 19.
3180 1775 3289 1844 15).
3333 1773 3480 1831 Con-

1891 1852 2091 1922 fregisti
2117 1853 2327 1924 jugum,
2356 1855 2601 1925 dirupisti
2637 1858 2927 1924 vinculum,
2974 1876 3005 1914 e
3029 1876 3196 1931 regno
3225 1863 3482 1921 cazlorum

1892 1947 2120 2015 teipsum
2145 1947 2370 2014 ejccisti,
2401 1957 2453 2000 et
2482 1950 2730 2018 potestati
2765 1950 3012 2006 humana:
3041 1954 3340 2024 subjecisti.
3374 1958 3481 2014 Ye-

1892 2037 1982 2090 lim
2017 2038 2103 2092 hic
2129 2039 2256 2092 mihi
2299 2041 2608 2095 consideres
2629 2084 2642 2105 ,
2670 2057 2828 2112 quam
2861 2043 3044 2098 solerti
3093 2048 3376 2116 aenigmate
3405 2049 3484 2104 ef-

1890 2127 2153 2183 frenatum
2208 2131 2418 2184 illorum
2485 2135 2723 2187 animum
2777 2135 3109 2204 significarit.
3167 2138 3285 2193 Non
3337 2142 3483 2196 enim

1891 2219 2084 2289 inquit,
2106 2221 2289 2298 jugum
2321 2221 2580 2290 dejecisti,
2605 2224 2698 2277 sed
2727 2225 3062 2296 confregisti,
3083 2229 3224 2298 quod
3251 2240 3334 2285 est
3358 2230 3485 2285 bru-

1893 2319 2064 2363 torum
2093 2294 2423 2376 animalium,
2448 2327 2741 2382 eorumque
2771 2318 3103 2384 petuleorum
3131 2318 3338 2384 vitium,
3362 2336 3484 2390 qua

1893 2399 2104 2452 frenum
2150 2410 2443 2468 respuunt,
2494 2403 2887 2474 imperiumque
2927 2406 3250 2461 detrectant.
3285 2409 3482 2464 Verum

1891 2488 2032 2542 unde
2080 2489 2192 2544 huic
2232 2490 2337 2543 illis
2383 2491 2649 2546 durities?
2701 2493 2778 2547 Ex
2829 2497 3046 2564 crapula
3095 2506 3150 2550 et
3197 2498 3480 2555 ebrietate.

1891 2578 2019 2643 Quis
2066 2579 2140 2632 ait
2190 2579 2324 2634 hoc?
2367 2579 2494 2652 Ipse,
2532 2580 2726 2637 Moses.
2779 2583 3005 2639 Comedit
3055 2586 3254 2656 Israel,
3308 2599 3356 2643 et
3399 2607 3478 2645 re-

1892 2673 2054 2740 plelus
2105 2681 2152 2725 et
2214 2673 2556 2744 impiuguattts
2603 2684 2709 2737 est,
2770 2685 2818 2730 et
2882 2680 3215 2734 reculcitravit
3271 2679 3483 2739 dilectus

1892 2761 2067 2830 (D.*ut.
2090 2763 2178 2816 52.
2209 2765 2320 2834 15).
2342 2765 2802 2832 Quemadmodum
2818 2759 2963 2822 enim
2987 2771 3279 2827 animantia
3304 2774 3481 2842 bruta,

1894 2853 2136 2905 uberiore
2161 2855 2351 2921 pabulo
2382 2856 2610 2908 distenta
2633 2898 2646 2918 ,
2679 2858 2848 2926 magis
2877 2859 3184 2913 refractaria
3214 2873 3375 2932 atque
3403 2865 3484 2918 in-

1891 2943 2091 2996 domita
2126 2944 2276 3007 liunt,
2307 2955 2360 2999 et
2397 2961 2568 3014 neque
2593 2946 2776 3016 jugum
2798 2989 2812 3012 ,
2859 2965 2959 3003 nec
2999 2949 3237 3016 frenum,
3271 2969 3368 3007 nec
3389 2970 3486 3008 au-

1891 3034 2020 3100 riga:
2077 3049 2292 3087 manum
2345 3034 2518 3089 ferunt
2565 3053 2577 3089 :
2628 3037 2697 3090 ita
2742 3045 2797 3092 et
2843 3039 3070 3109 populus
3117 3041 3368 3097 Judaicus
3415 3061 3483 3099 ex

1890 3124 2148 3179 ebrietate
2195 3134 2248 3179 et
2297 3127 2457 3180 nimia
2491 3129 2731 3195 corporis
2773 3130 3036 3184 obesitate
3073 3132 3137 3184 ad
3181 3142 3479 3188 extremam

1893 3218 2260 3287 praecipitatus
2285 3219 2564 3285 malitiam,
2596 3220 2843 3283 lasciviit,
2878 3237 3052 3290 neque
3081 3222 3481 3294 Christijugum

1892 3310 2203 3378 acet-pluvit,
2230 3325 2401 3378 neque
2427 3310 2688 3364 doctrinae
2713 3322 2949 3365 aratrum
2972 3313 3142 3366 duxit.
3174 3313 3324 3380 Quod
3347 3318 3481 3372 alius

1891 3404 2050 3455 etiam
2082 3402 2335 3471 prOphcta
2368 3404 2710 3457 subindicans
2748 3405 2880 3458 dixit
2909 3423 2920 3458 :
2968 3405 3111 3460 Sicut
3140 3409 3296 3460 vitula
3334 3419 3482 3462 oestro

1895 3497 2080 3562 percita
2108 3495 2311 3548 insaniit
2347 3495 2514 3548 Israel
2539 3495 2692 3567 (Osee
2737 3498 2792 3551 4.
2850 3499 2959 3568 16).
3001 3500 3150 3552 Alius
3195 3501 3338 3568 ipsos
3380 3501 3474 3555 Vi-

1894 3589 2052 3640 tulum
2079 3604 2176 3640 non
2195 3588 2424 3640 edoctum
2439 3589 2573 3656 ferre
2579 3589 2764 3659 jngum
2787 3591 2995 3644 vocavit
3017 3590 3209 3662 (Jerem
3245 3593 3333 3646 51.
3367 3594 3479 3663 18).

1893 3679 2036 3733 Talia
2060 3696 2188 3734 vero
2213 3681 2366 3734 bruta
2393 3683 2702 3746 animantia,
2726 3681 2791 3736 ad
2815 3697 3005 3752 operas
3033 3684 3231 3752 inepta,
3267 3684 3335 3737 ad
3370 3701 3482 3740 ma-

1891 3774 2147 3826 ctaudnm
2173 3784 2292 3826 sunt
2319 3783 2462 3842 apta.
2488 3773 2640 3839 Quod
2672 3773 2754 3828 his
2782 3776 2941 3829 etiam
2960 3776 3149 3832 accidit
3177 3794 3190 3828 :
3220 3792 3339 3830 nam
3359 3793 3480 3832 cum

1894 3863 1991 3932 ipsi
2025 3879 2143 3918 sese
2193 3863 2256 3917 ad
2284 3865 2623 3932 operationes
2653 3865 2871 3919 inutiles
2901 3865 3214 3929 redderent,
3249 3869 3336 3937 qui
3368 3883 3480 3922 ma-

1891 3964 2166 4010 ctarentnr
2183 3959 2290 4026 apti
2321 3957 2549 4011 fuerunt.
2568 3957 2744 4023 Quare
2766 3958 3011 4013 Christus
3032 3960 3213 4023 etiam,
3241 3958 3481 4016 Inimicos

1893 4066 2028 4103 meos
2055 4049 2190 4115 illos,
2224 4051 2408 4119 inquit,
2437 4052 2521 4119 qui
2548 4049 2816 4103 noluerunt
2858 4067 2936 4102 me
2959 4067 3168 4120 regnare
3193 4053 3244 4104 iu
3274 4069 3359 4115 se,
3382 4055 3480 4110 ad.

1893 4142 2057 4194 ducite
2101 4144 2199 4194 huc
2241 4183 2256 4206 ,
2285 4152 2330 4195 et
2377 4153 2592 4195 mactate
2627 4143 2758 4196 illos
2815 4141 2967 4213 (Luc.
3010 4143 3097 4197 19.
3144 4143 3259 4213 27).
3305 4144 3484 4212 Tum,

1892 4231 2097 4294 Judase.
2128 4233 2406 4302 oportebat
2447 4243 2498 4285 te
2525 4234 2768 4301 jejunare
2788 4274 2801 4295 ,
2857 4249 2976 4287 cum
3005 4234 3236 4288 ebrietas
3285 4236 3399 4288 istis
3428 4245 3480 4289 te

1893 4323 2046 4376 malis
2074 4323 2330 4385 alliceret,
2360 4338 2478 4376 cum
2514 4324 2838 4391 impietatem
2865 4334 3071 4392 pareret
3094 4325 3332 4391 crapula,
3371 4342 3485 4388 non

1887 4415 2019 4484 jam.
2051 4415 2201 4468 Nunc
2227 4415 2370 4470 enim
2393 4415 2654 4483 jejunium
2685 4423 2768 4468 est
2800 4415 3232 4484 intempestivum
3262 4427 3309 4469 et
3341 4417 3482 4468 alio...

1895 4505 2219 4562 minandum.
2252 4507 2367 4572 Quo
2389 4506 2644 4559 auctore?
2677 4505 2889 4568 llesaia,
2918 4506 3009 4573 qui
3039 4521 3169 4560 voce
3195 4505 3335 4559 edita
3366 4507 3476 4559 cla-

1894 4606 2004 4652 mat
2030 4615 2045 4650 :
2087 4596 2209 4650 Non
2238 4600 2332 4650 hoc
2357 4599 2612 4667 jejunium
2641 4598 2786 4670 elegi.
2819 4597 2957 4664 Quid
2996 4599 3108 4651 ita?
3137 4599 3268 4664 Quia
3311 4600 3362 4651 iu
3382 4604 3486 4670 juc.

1892 4690 2027 4744 dicia
2054 4699 2100 4744 et
2130 4706 2325 4759 pugnas
2355 4691 2632 4758 jejuuatis,
2675 4697 2723 4743 el
2751 4691 3009 4760 percutitis
3046 4707 3215 4762 pugno
3254 4691 3493 4751 subditos

1895 4781 2095 4852 (Hesai.
2118 4782 2206 4836 58.
2243 4785 2295 4835 4.
2327 4782 2404 4852 5).
2439 4782 2588 4848 Quod
2630 4782 2698 4847 si,
2730 4797 2851 4836 cum
2898 4781 3137 4849 pulsarcs
3163 4795 3494 4852 censerme

1892 4872 2210 4928 detestabile
2241 4883 2386 4927 ttmtn
2427 4873 2524 4926 fuit
2560 4872 2853 4942 jejunium,
2885 4872 3111 4925 Domino
3158 4873 3255 4926 abs
3283 4882 3335 4927 te
3364 4890 3491 4926 ιιιςιο,

1890 4973 2053 5029 ctato,
2082 4976 2356 5032 acceptum
2387 4964 2476 5032 qui
2508 4962 2698 5016 fuerit?
2721 4979 2820 5032 qua
2853 4963 3090 5016 ratione?

1962 5055 2161 5126 Jejunii
2207 5055 2450 5120 {ructuosi
2507 5055 2705 5106 modus.
2752 5083 2825 5094 ——
2871 5054 3045 5115 Eum,
3095 5052 3184 5120 qui
3230 5051 3487 5122 jejunat,

1894 5145 2248 5213 compositum
2278 5160 2396 5198 esse
2420 5144 2593 5207 decet,
2625 5145 2935 5207 contritum,
2968 5144 3296 5196 humiliatnm
3317 5186 3333 5208 ,
3368 5159 3492 5204 non,

1893 5236 1965 5289 ira
1994 5236 2198 5290 ebrium
2227 5253 2240 5287 :
2282 5244 2335 5288 et
2362 5249 2653 5288 conservos
2699 5235 2912 5304 pulsas?
2937 5233 3073 5288 Olim
3117 5235 3272 5303 igitur
3311 5235 3360 5288 in
3385 5235 3474 5303 jn-

1891 5330 2026 5382 dicia
2055 5338 2109 5381 et
2137 5343 2337 5396 pugnas
2361 5327 2670 5396 jejunarunt
2695 5345 2706 5379 ε
2739 5341 2880 5379 nunc
2909 5328 2974 5378 ad
3017 5327 3361 5394 petulantiam
3394 5335 3475 5379 at-

1890 5438 1992 5491 que
2032 5432 2326 5475 extremam
2363 5419 2853 5488 intemperantiam,
2885 5418 3009 5471 dunt
3055 5419 3210 5472 nudis
3250 5419 3476 5488 pedihns

1888 5514 1942 5566 in
1973 5514 2084 5566 foro
2111 5514 2322 5574 saltant,
2338 5512 2522 5579 jejunii
2550 5511 2759 5579 quidem
2787 5519 3066 5579 pra-textu,
3090 5511 3181 5562 sed
3204 5510 3486 5570 ebriorum,

1889 5621 2057 5658 more.
2090 5604 2223 5658 Audi
2248 5620 2352 5673 quo
2375 5614 2530 5673 pacto
2566 5604 2816 5671 propheta
2835 5603 3078 5671 jejunare
3100 5602 3300 5670 jubeat.
3337 5604 3483 5657 Sam

1886 5699 2102 5763 ctiﬁcate
2131 5696 2408 5764 jejunium,
2435 5696 2627 5764 inquit,
2663 5710 2767 5747 non
2798 5710 2917 5748 cum
2960 5694 3203 5764 tripudiis
3230 5695 3484 5750 celebmq

1887 5799 1936 5842 te
1965 5805 1978 5840 :
2014 5787 2295 5840 I’rtcdicate
2328 5787 2539 5851 cultum,
2568 5798 2867 5856 congregate
2903 5804 3042 5839 senes
3075 5786 3216 5853 (Joel
3270 5788 3321 5841 1.
3359 5788 3474 5850 li).

1886 5880 1952 5933 At
1998 5879 2049 5933 bi
2078 5879 2272 5934 choros
2308 5879 2543 5933 mollium
2588 5889 2815 5950 cogunt,
2847 5880 3244 5946 colluvicntque
3275 5889 3484 5948 stnpto.
