4178 6324
748 365 861 457 ΘΠ.

750 493 1142 564 inquinatarum
1174 488 1491 551 mulierum;
1522 485 1791 554 theatrum
1818 482 2124 538 universum
2154 490 2206 534 et
2239 479 2327 532 ho-

749 586 924 639 mines
945 582 1184 636 scenicos
1213 578 1278 632 ad
1305 576 1637 648 Synagngam
1670 574 2016 651 pertrahunt,
2045 586 2166 625 nam
2198 579 2331 623 inter

747 674 1014 728 theatrum
1036 679 1090 724 et
1115 670 1349 739 ipsorum
1380 667 1712 738 Synagogam
1741 663 1870 718 nihil
1906 656 2145 717 interest.
2175 660 2332 729 Equi-

746 761 868 817 dem
890 752 1031 827 ~scio,
1059 757 1174 815 fore
1187 748 1287 828 qui
1317 773 1399 811 me
1430 754 1745 810 temeritatis
1765 761 2007 823 arguant,
2028 750 2167 821 quod
2196 750 2335 805 inter

747 851 1014 908 theatrum
1054 858 1216 919 atque
1256 847 1587 919 Synagngant
1629 843 1917 913 quidquam
1953 842 2209 897 interesse
2237 854 2333 895 ne-

750 930 947 1011 garim,
968 950 1023 995 at
1045 954 1145 1008 ego
1172 936 1291 992 illos
1310 937 1546 992 audacia:
1561 934 1881 999 condemno,
1915 932 1967 986 ni
1997 932 2065 985 ita
2084 933 2332 986 sentiant.

752 1031 973 1096 Damna,
994 1030 1038 1083 si
1062 1045 1127 1083 ex
1144 1044 1229 1082 me
1245 1028 1431 1084 isthmc
1450 1026 1735 1097 pronuntio
1754 1040 1771 1091 ;
1792 1024 1873 1080 sin
1888 1023 2159 1095 praphetae
2177 1021 2337 1077 verba

702 1179 714 1187 _
746 1122 891 1191 dico,
917 1121 1246 1177 enuntiatum
1269 1119 1525 1190 approba.

774 1224 777 1225 '
819 1212 874 1267 3.
898 1210 1066 1277 Multi,
1093 1209 1204 1265 scio
1224 1249 1240 1276 ,
1270 1217 1582 1264 reverentur
1614 1206 1855 1271 Judteos,
1887 1220 2181 1275 eorumque
2209 1205 2339 1259 ritus

746 1302 1042 1359 hodiernos
1064 1310 1285 1357 censent
1309 1314 1430 1357 esse
1452 1299 1741 1365 honestos;
1770 1314 1878 1369 quo
1909 1298 2024 1368 ipso
2058 1298 2124 1352 ad
2166 1298 2342 1367 perni—

746 1393 951 1449 ciosam
982 1393 1138 1447 istam
1160 1390 1465 1461 opinionem
1496 1389 1751 1445 radicitus
1776 1388 2103 1444 eVellendam
2128 1388 2339 1443 incitor.

748 1462 948 1554 Negavi
979 1482 1187 1537 theatro
1219 1479 1510 1551 quidquam
1550 1488 1810 1548 praastare
1845 1476 2217 1548 Synagogam;
2244 1475 2344 1531 ad-

747 1574 943 1635 ducam
974 1571 1252 1642 prophetae
1283 1570 1645 1627 teStimonium
1673 1588 1686 1623 :
1715 1584 1819 1635 non
1862 1578 1985 1623 sunt
2017 1566 2188 1625 τιυόωὶ
2218 1581 2344 1637 pro—

750 1650 1056 1735 phetisifide
1069 1660 1362 1733 digniores.
1386 1659 1523 1727 Quid
1545 1660 1702 1731 igitur
1726 1657 1855 1713 ille?
1878 1656 2049 1712 From
2075 1658 2350 1712 meretrici:

752 1755 893 1826 facta
903 1755 1077 1810 esttibi
1093 1747 1314 1817 ;désiisti
1323 1750 1606 1807 erubescere
1619 1750 1759 1821 apud
1774 1748 1945 1805 omnes
1958 1744 2172 1822 (larem.
2193 1750 2253 1810 3..
2268 1747 2322 1822 3)
2331 1788 2345 1803 .

760 1846 858 1903 Ubi
878 1860 1007 1901 vero
1019 1856 1254 1901 scortum
1269 1845 1623 1914 prostituitur,’
1641 1843 1685 1898 is
1704 1844 1855 1898 locus
1872 1852 1955 1899 est
1976 1843 2347 1914 prostibulum.

758 1936 869 1995 lmo
897 1920 1004 1993 neu
1035 1930 1388 2008 prostibulum
1418 1925 1693 1990 dumtaxat
1732 1937 2103 2006 theatrumque
2135 1945 2220 1990 est
2244 1934 2347 2004 Sy-

757 2016 980 2101 magoga,
1009 2014 1194 2094 verum
1216 2028 1374 2083 etiam
1403 2022 1655 2096 spelunca
1682 2025 1969 2092 latronum,
1997 2033 2051 2080 et
2073 2024 2350 2089 latibulum

760 2106 1013 2180 ferarum.
1037 2120 1167 2175 Nam
1198 2118 1439 2189 spelunca
1468 2118 1664 2189 ligant:
1698 2121 1836 2187 facta
1878 2126 1953 2171 est
1981 2116 2123 2181 milti,
2157 2116 2347 2185 inquit,

760 2204 949 2269 domus
984 2220 1149 2266 vestra
1195 2206 1308 2278 (Id.
1354 2209 1406 2263 7.
1446 2209 1537 2278 ll)
1588 2226 1602 2263 :
1644 2222 1743 2262 nec
1782 2206 2096 2276 simpliciter
2137 2202 2351 2277 bestia},

761 2302 856 2357 sed
908 2301 1095 2356 bestiae
1140 2300 1383 2369 impune.
1424 2300 1495 2353 At
1546 2312 1758 2351 rursum
1782 2337 1797 2362 ,
1850 2296 2105 2362 Derefiqui
2151 2297 2356 2351 domum

761 2408 947 2458 meam,
994 2390 1194 2449 deserui
1237 2390 1564 2444 hereditatem
1603 2405 1767 2443 meam
1813 2387 2034 2457 (ΝΛΞ.
2083 2389 2158 2458 7).
2203 2387 2356 2455 Quod

762 2481 810 2541 si
839 2485 983 2539 Deus
1008 2482 1376 2553 dereliquerit,
1408 2498 1528 2552 quze
1556 2483 1744 2538 salutis
1771 2497 1896 2553 spes
1919 2483 2160 2553 reliqua?
2186 2482 2241 2538 Si
2264 2483 2357 2538 de-

763 2560 1182 2646 seruerit'Deus,
1215 2575 1365 2630 locus
1409 2575 1499 2637 ille
1532 2560 1597 2629 itit
1637 2574 1895 2630 habitatio
1934 2575 2262 2631 daemonum.
2289 2577 2359 2631 At

763 2665 984 2722 omnino
1009 2680 1068 2721 se
1091 2680 1303 2736 quoque
1325 2664 1493 2721 Deum
1520 2664 1751 2739 adorare,
1767 2666 1969 2722 dicunt.
1999 2667 2105 2722 Sed
2133 2668 2275 2723 absit
2298 2672 2375 2723 ut‘

766 2755 869 2811 hoc
920 2754 1199 2822 dicamus:
1234 2770 1392 2811 nemo
1416 2754 1634 2812 Judteus
1676 2757 1844 2813 Deum
1868 2756 2081 2813 adorat.
2125 2748 2358 2826 Quisqit

767 2845 870 2901 hoc
885 2846 909 2899 ἲ
924 2844 1015 2902 Dei
1037 2840 1231 2902 Filius.
1258 2836 1320 2901 Si
1343 2831 1477 2900 enim
1511 2843 1719 2901 Patrem
1746 2862 1913 2903 meum
1937 2849 2148 2904 nossetis
2163 2890 2179 2916 ,
2200 2856 2259 2907 et
2282 2865 2361 2905 me

764 2936 978 2999 nossetis
1004 2951 1025 2991 :
1047 2952 1207 3004 neque
1224 2952 1339 2991 vero
1356 2952 1432 2991 me
1449 2938 1625 3005 nostis,
1646 2953 1736 2992 nec
1752 2928 1957 2992 Patrem
1970 2937 2151 3009 (Joan.
2171 2941 2225 2995 8.
2248 2940 2360 3011 l9).

766 3027 920 3095 Quod
951 3014 1313 3084 testimonium
1339 3028 1453 3107 hoc
1472 3028 1576 3085 fide
1603 3029 1813 3101 dignius
1838 3030 2142 3087 adducam?

840 3118 1120 3194 Synngoga
1164 3119 1470 3175 Judmorum
1504 3122 1814 3176 diversorum
1853 3122 2267 3177 dwmonium.-—
2306 3125 2361 3181 Si

768 3208 980 3264 Patrem
1030 3225 1135 3265 non
1181 3220 1405 3289 norunt,
1451 3212 1645 3267 Filium
1692 3212 2104 3288 crucifixerunt,
2134 3213 2364 3284 Spiritus

767 3300 1020 3355 auxilium
1043 3302 1373 3371 repulerunt,
1404 3303 1523 3373 quis
1544 3304 1719 3357 locum
1743 3303 1901 3357 istum
1926 3319 2043 3361 esse
2060 3304 2363 3359 dtemonum

768 3386 1120 3446 diversorium
1151 3393 1422 3448 affirmare
1469 3410 1577 3448 non
1624 3394 1802 3448 ausit?
1842 3394 1959 3449 Non
1998 3394 2253 3450 adoratur
2296 3396 2365 3450 ibi

770 3480 934 3548 Deus,
968 3482 1144 3537 absit:
1176 3482 1272 3537 sed
1314 3472 1629 3538 idololatrite
1666 3483 1920 3553 deinceps
1954 3485 2103 3540 locus
2134 3496 2216 3541 cst
2247 3502 2261 3539 :
2314 3494 2367 3541 ct

772 3578 946 3629 tamen
974 3572 1133 3645 aliqui
1160 3573 1265 3627 illis
1298 3582 1564 3642 tamquam
1593 3575 1841 3629 sacrariis
1882 3575 2177 3630 adlucrent.

844 3659 1074 3721 Historia
1097 3662 1492 3717 viri‘CItristiani
1526 3665 1784 3719 mulierem
1813 3666 1864 3731 in
1884 3666 2043 3719 ardent
2071 3665 2367 3722 Judteorum

770 3751 841 3813 ad
858 3740 1145 3822 jtirandum
1174 3756 1363 3807 intrare
1392 3757 1633 3825 cogentia.
1662 3757 1925 3826 —Atque
1952 3757 2065 3813 haec
2097 3774 2201 3812 non
2230 3775 2363 3813 con—

771 3843 995 3913 jecturis
1032 3842 1292 3899 adductus
1328 3845 1478 3911 dico,
1513 3848 1607 3901 sed
1636 3830 1994 3917 ipsa'edoctus
2017 3852 2365 3919 experientia.

772 3931 906 3987 Nam
950 3941 1073 3985 ante
1100 3932 1200 3987 hoc
1247 3935 1500 4000 triduum,
1534 3936 1660 3990 mihi
1705 3937 1925 4004 Credite,
1970 3955 2074 3993 non
2094 3942 2365 4008 unentior,

774 4030 1071 4083 matronam
1089 4023 1370 4092 quamdam
1398 4024 1697 4091 honestam,
1715 4026 2017 4095 ingenuam,
2043 4031 2361 4096 modestam,

777 4120 836 4166 et
865 4111 1077 4166 fidelem
1118 4111 1253 4180 vidi,
1280 4128 1438 4191 quam
1481 4114 1640 4169 homo
1669 4117 1883 4185 quidam
1924 4118 2185 4188 impurus,
2215 4104 2368 4175 stolio

780 4200 919 4266 dus,
969 4202 1218 4271 opinione
1264 4203 1631 4270 Christianus,
1692 4203 1851 4277 (talia
1899 4210 2041 4263 enim
2085 4212 2367 4265 audentem

779 4293 1049 4348 sincerum
1099 4293 1460 4353 Christianum
1520 4311 1625 4351 non
1680 4298 1967 4370 dixerim),
2022 4301 2368 4359 llebrteorum

782 4385 952 4441 edem
1004 4386 1235 4450 intrare,
1282 4387 1457 4458 ibique
1499 4380 1870 4458 jusjurandum
1914 4392 1981 4447 de
2008 4394 2234 4463 negotiis
2270 4396 2370 4451 sibi

784 4477 1149 4545 controversis
1178 4476 1307 4531 dare
1332 4479 1576 4550 cogebat.
1609 4480 1678 4537 Ut
1714 4497 1841 4536 vero
1873 4483 1959 4537 illa
1989 4498 2147 4554 opem
2176 4486 2371 4556 implo-

779 4569 952 4634 rabat,
976 4577 1030 4624 et
1056 4569 1159 4623 vim
1187 4562 1499 4626 sceleratam
1530 4573 1739 4627 amoliri
1770 4574 2047 4643 cupiebat;
2075 4577 2174 4631 sibi
2200 4578 2367 4645 enim,

781 4674 903 4727 quae
946 4658 1247 4714 divinorum
1274 4654 1658 4732 mysteriorum
1704 4664 1971 4733 particeps
2016 4664 2152 4719 facta
2193 4678 2369 4733 esset,

783 4751 933 4805 illum
965 4750 1137 4805 locum
1157 4751 1306 4807 adire
1327 4752 1475 4808 nefas
1500 4767 1621 4809 esse
1646 4772 1657 4807 :
1687 4754 1936 4809 incensus
1957 4770 2056 4826 ego
2079 4756 2192 4811 zelo
2212 4766 2373 4827 atque

780 4839 978 4894 ardens
1003 4842 1240 4906 surrexi,
1282 4856 1380 4895 nec
1416 4842 1558 4897 illam
1586 4858 1746 4913 porro
1787 4843 1853 4899 ad
1884 4846 2394 4914 praevaricationem.

784 4931 922 4987 trahi
948 4947 1064 4986 sum
1092 4947 1300 5005 passus,
1324 4934 1598 5003 eripuique
1617 4936 1685 4989 ab
1706 4937 1881 5005 iniqua
1912 4937 2008 4991 ista
2030 4938 2371 4994 abductione.

787 5024 979 5079 Postea
1002 5038 1146 5089 eum,
1180 5026 1545 5094 quigtraxerat
1579 5025 1744 5092 illam,
1777 5025 2179 5084 Christianusne
2208 5038 2371 5095 esset,

787 5116 990 5185 rogavi.
1028 5115 1124 5169 Cui
1157 5116 1429 5190 confitenti
1468 5118 1700 5187 graviter
1736 5118 1922 5180 iustiti.
1958 5118 2255 5183 fatuitatem
2283 5136 2376 5176 ex-

787 5205 1051 5275 probrans
1092 5196 1497 5278 extremamque
1539 5207 1895 5277 dementiam,
1928 5219 1983 5268 et
2022 5211 2187 5265 asinis
2228 5212 2373 5268 illum

782 5296 1069 5366 quidquam
1112 5292 1369 5366 praestare
1398 5299 1583 5369 negavi
1606 5341 1621 5365 ,
1654 5300 1699 5354 si
1742 5298 2010 5358 Christum
2059 5318 2119 5359 se
2147 5304 2373 5362 adorare

787 5385 1081 5455 protitens,
1114 5386 1180 5441 ad
1221 5380 1567 5456 Judazorum,
1608 5389 1698 5459 qui
1741 5391 1912 5461 ipsum
1950 5395 2373 5462 crucifixissent,

786 5474 1069 5543 speluncas
1099 5491 1417 5546 quemquam
1467 5478 1721 5533 traheret.
1755 5481 2127 5553 Productoque
2168 5485 2375 5555 longius

790 5580 1043 5620 sermone
1067 5566 1294 5635 primum
1326 5583 1544 5635 prorsus
1566 5584 1668 5623 non
1693 5570 1854 5626 licere
1877 5572 2058 5641 jurare
2077 5616 2091 5642 ,
2115 5591 2286 5645 neque
2310 5576 2377 5631 ad

786 5656 1161 5727 jusjurandum
1182 5674 1503 5730 quemquam
1533 5661 1756 5717 incitare
1778 5702 1791 5727 ,
1820 5678 1885 5717 ex
1912 5680 2064 5719 sacro
2091 5668 2376 5737 Evangelia

786 5745 1002 5816 (Matth.
1036 5748 1091 5805 ὅ.
1137 5748 1232 5820 54)
1257 5749 1432 5807 docui.
1464 5751 1693 5819 Deinde,
1726 5768 1833 5809 non
1863 5753 2073 5813 fidelem
2108 5768 2160 5814 et
2195 5759 2373 5814 initia-

1494 374 1549 430 S.
1590 370 1867 429 JOANNlS
1894 365 2365 459 CllltYSOSTOMI
2406 365 2723 455 ARClllEP.
2766 363 3301 421 CONSTANTINOP.

2441 490 2587 546 tam,
2637 478 2764 549 quin
2802 493 2975 549 neque
3021 493 3181 545 eum,
3236 477 3325 548 qui
3366 475 3601 530 nondum
3648 476 3717 530 sit
3758 474 4038 541 initiatus,
4130 516 4131 523 η

2438 552 2491 626 in
2514 548 2667 624 istam
2688 548 3061 627 necessitatem
3080 567 3393 625 trahendum
3420 566 3605 623 fuisse.
3631 568 3918 637 Postquam
3942 566 4039 621 diu
4130 548 4131 603 ἓ

2440 660 2775 731 multumque
2823 661 3074 731 loquutus
3114 660 3349 729 animum
3396 658 3514 729 ejus
3564 658 3633 712 ab
3680 673 3862 711 errore
3911 658 4039 727 opi-

2442 751 2619 807 nionis
2646 751 2889 819 liberavi,
2918 766 3132 806 causam
3161 750 3463 804 sciscitatus
3492 766 3633 813 sum,
3666 764 3761 802 cur
3793 748 4039 802 Ecclesia
4130 748 4131 817 ἦ

2444 826 2632 897 relicta
2658 844 2727 896 ad
2765 841 3074 897 Judtcorum
3111 840 3335 910 collegia
3383 840 3528 893 illam
3566 840 3807 894 traxerit.
3851 841 3917 893 At
3950 839 4040 892 ille
4130 832 4131 843 “

2446 932 2646 988 multos
2675 932 2774 987 sibi
2804 932 3003 987 dixisse
3034 930 3337 1000 inquiebat,
3367 929 3762 999 jusjurandum,
3796 930 3939 999 quod
3970 929 4036 985 ibi

2443 1024 2680 1089 daretur,
2710 1024 2875 1093 magis
2899 1022 3285 1077 formidandum
3307 1037 3445 1077 esse.
3467 1022 3547 1078 Ob
3574 1037 3694 1091 qua:
3723 1023 4035 1091 ingemika

2445 1117 2588 1181 bam,
2634 1114 2816 1184 iraque
2863 1114 3206 1179 incendebar,
3242 1114 3499 1185 deinceps
3538 1128 3726 1167 rursus
3772 1112 4037 1167 ridebam.

2445 1206 2682 1261 Cernens
2717 1206 2858 1260 enim
2904 1204 3101 1259 diaboli
3140 1205 3388 1263 astutiam
3410 1246 3425 1270 ,
3459 1204 3726 1274 ingemui,
3754 1203 4038 1274 quodho-

2446 1290 2677 1353 minibus
2696 1295 2746 1351 id
2766 1297 3089 1365 persuadere
3116 1306 3324 1365 posset:
3348 1294 3684 1349 considerata
3707 1309 3835 1351 vero
3854 1308 4044 1353 eorum

2447 1387 2539 1459 qui
2564 1387 2938 1457 deciperentur
2974 1386 3253 1451 socordia,
3299 1386 3603 1441 excandui:
3635 1395 3691 1441 et
3730 1386 4039 1442 eorumden:
4130 1410 4131 1443 γ

2449 1486 2650 1548 quanta
2695 1488 2838 1534 esset
2883 1470 3115 1533 amentia
3156 1493 3367 1533 mecum
3414 1479 3871 1549 reputans,,risi.
3920 1478 4040 1534 ηπ

2450 1566 2606 1625 vobis
2633 1568 2743 1624 dixi
2768 1578 2823 1625 et
2850 1570 3060 1623 narravi
3085 1611 3101 1635 ,
3128 1571 3252 1640 quia
3277 1568 3459 1624 animo
3495 1584 3618 1638 erga
3642 1584 3742 1625 eos
3762 1610 3776 1632 ,
3806 1570 3895 1640 qui
3920 1568 4053 1624 talia

2450 1667 2507 1727 et
2531 1668 2843 1731 perpetrant
2876 1668 2931 1714 et
2960 1660 3341 1729 experiuntur,
3372 1659 3503 1716 estis
3533 1649 3688 1728 plane
3731 1659 4041 1739 inhumano,

2453 1765 2554 1806 nec
2580 1750 2865 1821 quidquam
2890 1751 2952 1805 iis
2978 1753 3263 1817 movemini
3287 1768 3303 1810 :
3324 1752 3475 1823 sique
3496 1752 3715 1808 fratrem
3742 1753 4041 1823 quempiam

2453 1832 2693 1914 vestrum
2730 1842 2784 1896 in
2828 1841 3135 1911 hujusmodi
3180 1852 3455 1913 peccatum
3503 1843 4041 1919 iuciderervideatis,

2459 1930 2733 1999 alienam,
2778 1948 2884 1988 non
2927 1934 3201 2005 propriam
3255 1935 3613 1989 calamitatem
3658 1951 3780 1991 esse
3827 1935 4038 1991 ducitis.
4130 1982 4131 1993 .

2460 2014 2676 2090 VoSque
2695 2024 2966 2099 accusanti
2989 2034 3239 2094 purgatos
3255 2025 3597 2090 existimatis,
3620 2025 3851 2081 dicendo
3878 2045 3888 2078 :
3914 2026 4044 2095 Quid
4130 2014 4131 2071 Υ

2461 2111 2589 2167 mihi
2617 2126 2763 2166 curae
2800 2114 2918 2167 est?
2946 2128 3066 2183 quae
3102 2115 3239 2168 ratio
3280 2115 3409 2168 mihi
3438 2130 3559 2170 cum
3598 2117 3691 2171 illo
3716 2116 4045 2173 communis?

2457 2203 2588 2270 Qua:
2613 2205 2775 2261 verba
2811 2206 3037 2275 capitale
3074 2207 3253 2261 odium
3289 2208 3341 2261 in
3381 2208 3625 2263 homines
3664 2218 3714 2264 et
3760 2210 4042 2265 satanicaut

2457 2294 2824 2351 crudelitatem
2853 2306 3066 2352 sonant.
3097 2297 3233 2364 Quid
3275 2300 3374 2364 a's,
3411 2299 3575 2353 homo
3612 2315 3733 2355 cum
3779 2303 3871 2362 sis,
3899 2301 4038 2379 ejus-

2459 2385 2688 2457 demque
2728 2398 2930 2443 naturze
2960 2390 3227 2459 particeps
3247 2434 3261 2459 ,
3293 2388 3564 2460 quinimo,
3596 2392 3641 2446 si
3675 2401 3873 2445 natum
3898 2408 4043 2446 cunt-

2460 2480 2643 2534 munio
2686 2479 2912 2535 dicenda
2952 2489 3066 2544 cst,
3110 2482 3196 2535 cui
3240 2498 3404 2536 unum
3449 2493 3611 2551 caput
3651 2494 3735 2538 est
3778 2484 4043 2556 Christus;

2465 2568 2648 2625 dicere
2666 2569 2854 2639 audes,
2887 2570 3019 2626 nihil
3048 2572 3139 2625 tibi
3166 2587 3287 2627 cum
3326 2573 3585 2628 membris
3624 2575 3730 2630 tuis
3758 2590 3871 2629 esse
3902 2590 4043 2630 ωηι-

2461 2660 2672 2715 mune?
2719 2660 2999 2729 Quomodo
3053 2663 3214 2732 igitur
3260 2653 3532 2718 Christum
3584 2664 3837 2719 Ecclesize
3887 2672 4045 2734 caput

2462 2750 2777 2807 conﬁteris?
2800 2751 2933 2806 Nam
2960 2763 3120 2822 caput
3141 2762 3328 2808 natura
3360 2755 3539 2809 omnia
3566 2756 3803 2812 membra
3822 2756 4043 2823 copulat,

2463 2849 2523 2897 et
2544 2841 2611 2895 ad
2662 2856 2722 2897 se
2770 2841 3055 2913 diligenter
3082 2845 3390 2909 convertit,
3439 2846 3779 2917 colligatque.
3831 2846 3883 2901 Si
3920 2845 4044 2899 nihil

2467 2934 2561 2989 tibi
2608 2948 2893 2992 commune
2924 2946 3025 3012 (est
3063 2951 3184 2992 cum
3240 2936 3480 2993 membro
3530 2946 3653 3005 tuo,
3707 2954 3875 3008 neque
3916 2952 4034 2991 etun

2466 3025 2635 3081 fratre
2681 3025 2808 3097 quid
2859 3042 3143 3081 commune
3187 3036 3271 3081 cst
3303 3028 3435 3091 tibi,
3482 3038 3855 3099 nequecaput
3894 3029 4045 3081 habes

2466 3116 2761 3195 Christum.
2793 3116 2960 3171 ,ιιιᾶωί
2985 3130 3096 3172 'vos
3125 3128 3392 3187 tamquam
3441 3119 3695 3188 parvulos
3733 3135 3919 3188 pueros
3945 3128 4043 3175 ter-

2467 3217 2619 3273 rent,
2674 3217 2731 3263 et
2781 3224 2887 3263 non
2936 3209 3381 3264 animadvertitis.
3430 3210 3561 3265 Nam
3614 3213 4044 3280 quemadmodum

2468 3298 2707 3368 parvulis
2754 3297 2857 3352 illis
2899 3299 3339 3354 multi-scelerati
3376 3301 3514 3355 servi
3562 3301 3735 3355 larvas
3774 3304 4046 3356 ostendunt

2472 3389 2740 3447 terribiles
2767 3400 2819 3443 et
2846 3389 3125 3451 ridiculas,
3160 3406 3278 3461 qua“:
3315 3400 3501 3445 natura
3546 3407 3649 3445 non
3677 3401 3823 3447 sunt.
3848 3392 4043 3452 terrori,

2471 3479 2567 3533 sed
2614 3479 2946 3548 simplicibus
2986 3481 3177 3534 animis
3222 3481 3357 3535 tales
3401 3481 3667 3548 videntur,
3708 3496 4046 3552 magnumque

2470 3572 2637 3625 risum
2672 3579 2891 3625 movent
2921 3589 2933 3624 :
2967 3572 3043 3625 sic
3073 3571 3243 3625 Judtei
3281 3572 3524 3627 rudiores
3548 3572 3880 3628 Christianos
3905 3573 4046 3627 larvis

2470 3665 2582 3720 suis
2624 3664 2894 3728 territant.
2952 3663 3232 3730 Quomodo
3278 3666 3419 3719 enim
3476 3667 3723 3720 terricula
3776 3669 3880 3721 sint
3922 3665 4045 3735 apud

2472 3754 2616 3823 ipsos
2641 3769 2723 3816 ea,
2754 3769 2871 3825 qure
2894 3769 3087 3825 magno
3114 3756 3379 3810 dedecore
3406 3765 3457 3809 et
3481 3757 3590 3809 risu
3619 3757 3776 3825 plena
3801 3800 3814 3821 ,
3843 3772 4045 3827 qumque

2473 3843 2753 3897 hominum
2792 3844 3234 3919 itupiugvntium,
3276 3858 3397 3899 cum
3430 3846 3719 3914 ignominia
3750 3848 4042 3916 rejectortnn

2473 3944 2528 3989 et
2556 3934 2926 3989 damnatorum
2954 3937 3116 3989 sunt?

2543 4029 2596 4082 4.
2628 4028 2817 4082 Nostra
2858 4028 2999 4082 haud
3048 4039 3169 4083 sunt
3217 4030 3339 4083 talia
3376 4047 3389 4082 :
3423 4029 3514 4083 sed
3560 4045 3748 4085 revera
3792 4030 4037 4089 terribilia,

2473 4129 2527 4175 et
2568 4120 2807 4175 horroris
2848 4121 3026 4191 plena.
3069 4122 3167 4177 Ubi
3212 4124 3355 4175 enim
3404 4123 3544 4176 Deus
3588 4133 3670 4176 est
3718 4125 3805 4193 qui
3848 4125 3958 4177 vita:
3989 4137 4038 4173 ac

2474 4213 2619 4266 necis
2661 4220 2975 4280 potestatem
3020 4212 3197 4277 habet,
3227 4213 3274 4267 is
3310 4212 3456 4265 locus
3482 4223 3561 4267 cst
3590 4214 4037 4287 tcrribilis(llattlt.

2475 4306 2563 4361 10.
2610 4305 2702 4376 28)
2734 4324 2745 4358 :
2780 4307 2866 4360 ubi
2915 4320 3191 4360 sermones
3240 4305 3501 4359 habentur
3546 4307 3737 4361 infiniti
3788 4310 3853 4362 dc
3896 4308 4040 4377 ptenis

2474 4396 2713 4467 aeternis,
2744 4396 2809 4449 de
2836 4396 3141 4450 fluminibus
3187 4396 3389 4465 igneis,
3439 4397 3506 4451 de
3549 4409 3811 4453 venenato
3850 4412 4037 4457 verme,

2475 4484 2541 4541 de
2571 4487 2793 4540 vinculis
2836 4487 3007 4555 rumpi
3054 4487 3268 4551 nesciis,
3292 4487 3360 4541 de
3402 4487 3642 4541 tenebris
3700 4491 4038 4547 exterioribus

2477 4575 2603 4645 (Id.
2636 4576 2728 4630 22.
2764 4578 2895 4647 15).
2947 4577 3024 4631 Illi
3065 4593 3193 4631 vero
3242 4577 3371 4630 nihil
3416 4577 3605 4631 horum
3647 4595 3713 4633 ne
3759 4577 4042 4634 somniando

2474 4660 2695 4738 quidem
2727 4671 2931 4733 sciunt,
2967 4670 3137 4724 ventri
3167 4669 3365 4737 dediti,
3397 4673 3754 4739 prmseutibus
3782 4673 4037 4729 inhiantes.

2478 4762 2655 4830 porcis
2681 4761 2952 4830 hircisque
2980 4760 3148 4814 nihilo
3171 4762 3417 4817 meliores
3440 4777 3547 4831 pne
3569 4764 3782 4818 lascivia
3802 4764 4042 4830 nimiaque

2476 4852 2712 4921 crapula.
2750 4853 2969 4922 Hocque
2999 4868 3161 4906 unum
3200 4862 3419 4917 norunt,
3448 4855 3625 4908 ventri
3674 4853 3887 4915 servire,
3929 4850 4042 4905 ebrii

2477 4959 2616 5010 esse,
2651 4958 2745 5013 pro
2772 4944 3113 4999 saltatoribus
3137 4945 3410 5009 contundi,
3439 4961 3536 5015 pro
3564 4948 3763 5017 aurigis
3784 4945 4041 5001 vulnerari.

2480 5035 2727 5090 Hmccine
2770 5045 2892 5089 sunt
2931 5037 3110 5105 gravia
3140 5045 3193 5092 et
3220 5037 3519 5091 terribilia?
3550 5038 3681 5103 Quis
3710 5038 3809 5092 hoc
3838 5033 4043 5105 dixerit?

2481 5126 2633 5183 Unde
2677 5142 2805 5197 ergo
2844 5128 2997 5181 nobis
3034 5127 3145 5181 visa
3194 5136 3317 5181 sunt
3368 5129 3646 5195 terribilia,
3679 5129 3778 5183 nisi
3803 5136 3855 5182 et
3880 5138 4041 5181 servos

2480 5217 2766 5287 ignominia
2794 5227 3025 5282 notatos,
3050 5218 3241 5287 quibus
3271 5218 3413 5277 nulla
3441 5228 3526 5273 est
3548 5219 3799 5289 loquendi
3828 5219 4039 5277 libertas,

2479 5309 2677 5379 quique
2699 5309 2858 5363 domo
2888 5309 3043 5363 herili
3069 5309 3403 5376 exciderunt,
3437 5312 3631 5365 terrori
3658 5326 3779 5368 esse
3806 5311 3942 5364 dicas
3971 5309 4039 5367 iis,

2481 5400 2567 5469 qui
2613 5408 2739 5453 sunt
2790 5400 3032 5453 honorati
3058 5408 3111 5454 et
3139 5400 3381 5456 libertate
3427 5403 3688 5456 utuntur?
3728 5402 3913 5458 Verum
3948 5402 4042 5454 inme

2481 5505 2584 5543 non
2606 5491 2673 5543 ita
2688 5505 2746 5545 se
2770 5490 2985 5554 habent,
3004 5505 3108 5545 non
3133 5491 3202 5544 ita
3226 5506 3353 5546 sane
3370 5508 3427 5547 se
3450 5494 3726 5549 habent.Si
3743 5494 3944 5564 quidem
3962 5504 4041 5546 nec

2480 5594 2736 5647 cauponae
2775 5583 2938 5651 regiis
2974 5582 3111 5635 aulis
3146 5582 3417 5652 digniores
3442 5594 3567 5639 sunt
3588 5603 3606 5657 ς,
3630 5585 3753 5655 quin
3782 5584 4045 5642 diversorio

2481 5674 2669 5741 quovis
2714 5674 2863 5729 locus
2900 5674 3195 5745 Synagogm
3251 5675 3583 5731 inhonestior
3625 5686 3727 5733 est.
3767 5678 3879 5733 Non
3922 5676 4041 5731 enim
4130 5704 4131 5745 χ

2488 5762 2773 5830 latronum,
2822 5780 2994 5834 neque
3038 5782 3335 5837 cauponum
3381 5769 3716 5839 simpliciter,
3744 5769 3835 5826 sed
3876 5770 4045 5824 dicmov

3930 351 4131 406 8&8}
