4178 6324
665 343 772 399 841)

667 458 820 512 ἐστίν
848 469 896 510 ι.
928 457 1002 508 Ού
1035 454 1142 524 7&9
1170 451 1388 526 λῃστῶν
1419 456 1540 508 οὑδέ
1585 455 1848 525 καπήλων
1877 449 2088 512 ἁπλῶς,
2119 445 2256 499 ἀλλά

659 541 933 611 δαιμόνων
961 540 1078 590 ἐστί
1128 537 1510 606 καταγώγιον,
1552 541 1753 609 μᾶλλον
1797 539 1854 591 δέ
1900 537 1997 605 οὐχ
2042 535 2097 585 αἰ
2130 548 2258 584 συν-

661 626 879 691 αγωγαί
929 623 1111 692 μόνον,
1143 622 1280 675 ἀλλά
1324 624 1420 676 καὶ
1473 625 1638 676 αὑταὶ
1669 624 1727 674 αἱ
1755 621 1928 691 ψυχαὶ
1967 618 2076 671 τῶν
2128 617 2256 668 Ἰουο

659 705 861 759 δαίων·
915 705 1198 758 καὶτοῦτο
1248 706 1384 775 πρὸς
1423 705 1502 776 τῷ
1539 706 1684 759 τέλει
1731 705 1826 758 τοῦ
1872 704 2032 770 λόγου
2086 699 2259 764 δεῖξαι

661 789 1020 860 πειράσομαι.
1082 789 1397 859 Παρακαλῶ
1449 789 1630 842 τοίνυν
1689 789 1834 857 ὑμᾶς
1877 782 2259 858 ,μνημονεύειν

659 871 867 943 ταύτης
909 873 1156 940 μάλιστα
1199 873 1300 940 τῆς
1337 871 1646 935 διαλέξεως.
1691 873 1768 924 Οὑ
1823 871 1932 940 7&9
1963 868 2102 939 πρὸς
2140 864 2261 918 ἐπί-

659 942 831 1017 δειξιν
853 951 980 1007 οὐδὲ
1025 955 1252 1023 κρότους
1285 953 1519 1022 λέγομεν
1541 953 1569 991 b
1598 953 1714 1016 νῦν,
1754 950 1891 1005 ἀλλά
1931 949 2066 1020 πρὸς
2096 947 2259 1018 θερα-

661 1033 821 1085 πείαν
864 1032 975 1084 τῶν
1025 1031 1307 1101 ὑμετέρων
1352 1031 1562 1101 ψυχῶν.
1607 1032 1702 1094 Τίς
1730 1030 1839 1101 γὰρ
1885 1029 1964 1082 ἐτι
2010 1026 2260 1080 λείπεται

658 1110 820 1180 λόγος
853 1115 1008 1182 ἡμῖν,
1048 1113 1199 1176 ὅταν,
1231 1111 1503 1165 τοσούτων
1535 1110 1738 1182 ἰατρῶν
1762 1111 1957 1176 ὅντων,
1984 1101 2086 1163 ῶσί
2113 1123 2261 1170 τινες

660 1208 953 1254 νοσουντες
980 1209 996 1253 ς

731 1269 952 1323 Δώδεκα
971 1266 1112 1340 ἦσαν
1139 1271 1187 1323 οἱ
1212 1269 1521 1332 ἀπόστολοι,
1544 1269 1635 1322 καὶ
1661 1267 1758 1338 τὴν
1780 1266 2108 1338 οἰκουμένην
2128 1264 2227 1317 ἐπε
2242 1293 2260 1305 ο

663 1350 963 1403 σπάσαντο·
992 1353 1053 1402 τὸ
1091 1350 1250 1401 πλέον
1274 1349 1372 1416 τῆς
1403 1350 1608 1413 πόλεως
1633 1347 1960 1419 Χριστιανὸν
1981 1358 2028 1406 ε.
2059 1345 2152 1398 καὶ
2180 1343 2261 1395 ἔτι

665 1427 772 1498 μὴν
799 1427 1014 1481 νοσοῦσί
1057 1447 1202 1491 τινες
1245 1428 1580 1498 ίουδαῖσμόν.
1621 1428 1731 1480 Καὶ
1764 1427 1920 1480 ποίαν
1961 1422 2262 1490 ἀπολογίαν

663 1508 886 1576 ἔχοιμεν
910 1507 975 1560 ἂν
1008 1509 1168 1576 ἡμεῖς
1201 1507 1248 1557 οἱ
1281 1506 1652 1573 ὑγιαίνοντεςς
1691 1505 1867 1569 Ἀξιοι
1902 1504 2002 1574 μέν
2029 1501 2139 1572 γὰρ
2165 1502 2261 1568 ἐγ-

662 1586 963 1656 κλημάτων
1010 1587 1255 1638 κάκεῖνοι
1288 1586 1337 1636 οἱ
1384 1583 1689 1648 νοσοῦντες·
1717 1585 1777 1638 οὑ
1818 1584 1926 1654 μὴν
1953 1581 2072 1635 οὑδὲ
2099 1583 2263 1651 ἡμεῖς

661 1665 1068 1736 ἀπηλλάγμεθα
1111 1665 1471 1736 κατηγορίας,
1511 1665 1879 1736 περιορῶντες
1927 1664 2126 1725 αὐτοὺς
2169 1663 2262 1716 ἐπὶ

661 1746 761 1816 ’τῆς
798 1746 1132 1817 ἀῤῥωστίας’
1184 1744 1468 1813 ἀμήχανον
1511 1743 1618 1814 γὰρ
1656 1738 1745 1815 ἦν,
1797 1741 2032 1812 σπουδῆς
2059 1739 2264 1810 πολλῆς

662 1825 793 1893 παρ’
839 1824 996 1893 ἡμῶν
1031 1822 1428 1884 ἀπολαύοντας,
1471 1820 1655 1890 μένειν
1701 1823 1794 1876 ἐπὶ
1823 1822 1924 1892 τῆς
1978 1819 2263 1884 ἀσθενείας

662 1904 927 1967 ἐκείνους.
979 1903 1078 1955 Διά
1111 1902 1270 1954 τοῦτο
1306 1899 1596 1971 προλαϐὼν
1633 1901 1777 1970 λέγω
1819 1901 1914 1956 νῦν
1941 1898 2137 1961 ταῦτα,
2175 1900 2266 1954 ἵνα

660 1981 894 2044 ἕκαστος
921 1980 1074 2050 ὑμῶν
1089 1977 1482 2048 ἐπισπάσηται
1515 1979 1605 2031 τὸν
1620 1979 1993 2047 ἀδελφὸν,·κάν
2015 1978 2263 2048 ἀνάγκην

662 2058 933 2112 ἐπιθεῖναι
960 2059 1090 2119 δέοι,
1131 2057 1235 2110 κάν
1265 2057 1386 2125 βίαν
1427 2058 1670 2126 ποιῆσαι,
1713 2058 1818 2112 κᾶν
1853 2056 2097 2128 ὑϐρίσαι,
2158 2056 2263 2110 κάν

665 2138 1069 2208 φιλονεικῆσαι,
1102 2136 1281 2189 πάντα
1327 2135 1576 2206 ποίησον,
1608 2135 1750 2190 ὥστε
1783 2136 2061 2200 ἐξελέσθαι
2101 2137 2264 2191 αὑτὸν

663 2217 760 2286 τῆς
793 2216 886 2269 τοῦ
909 2215 1161 2270 διαϐόλου
1193 2215 1552 2283 παγίδος,καὶ
1577 2215 1680 2284 τῆς
1707 2217 1995 2280 κοινωνίας
2023 2217 2266 2270 ἀπαλλά-

663 2295 750 2359 ξαι
783 2295 896 2348 τῶν
927 2295 1363 2365 Χριστοκτόνων.
1410 2293 1534 2346 Ἐπί
1554 2293 1654 2364 τῆς
1679 2295 1883 2365 ἀγορᾶς
1904 2295 1959 2348 εῐ
1984 2314 2102 2348 τινα
2125 2291 2267 2361 εἶδες

662 2377 1036 2446 ἀπαγόμενον,
1073 2376 1196 2428 εἰπέ
1225 2393 1336 2446 μοι,
1365 2373 1552 2446 δικαία
1573 2373 1740 2446 ψήφῳ
1766 2376 2262 2441 καταδικασθέντα,

663 2449 782 2509 εἶτα
811 2459 1000 2528 κύριος
1033 2453 1102 2529 ᾗς
1136 2456 1464 2526 ἀφαρπάσαι
1495 2455 1521 2494 ά
1550 2458 1660 2510 τῶν
1687 2457 1782 2510 τοῦ
1810 2458 2007 2528 δημίου
2041 2459 2262 2530 χειρῶν,

663 2537 764 2589 οὑκ
801 2538 867 2590 ἂν
891 2537 1109 2590 ᾶπαντα
1136 2534 1403 2605 έπραξας,
1435 2534 1576 2588 ὥστε
1605 2537 1769 2589 αὑτὸν
1812 2537 2122 2603 ἀπαλλάξαι
2167 2539 2267 2608 τῆς

663 2616 1008 2685 ἀπαγωγῆς;
1063 2614 1170 2667 Τὸν
1216 2613 1444 2683 ἀδελφὸν
1474 2613 1571 2668 νῦν
1597 2617 1728 2687 ὁρᾷς
1763 2617 1856 2670 τὸν
1889 2618 2002 2682 σὸν,
2031 2617 2130 2689 οὑχ
2162 2618 2269 2673 ὑπὸ

663 2695 759 2749 τοῦ
787 2695 1010 2765 δημίου,
1041 2693 1156 2769 ἀλλ’
1179 2693 1284 2746 ὑπὸ
1317 2693 1413 2747 τοῦ
1448 2693 1698 2749 διαϐόλου
1735 2695 1874 2768 πρὸς
1906 2697 1968 2750 τὸ
1993 2695 2268 2767 βάραθρον

665 2775 766 2844 τῆς
799 2773 1078 2836 ἀπωλείας
1108 2773 1400 2843 ἑλκόμενον
1433 2774 1637 2839 ἀδίκως
1665 2775 1759 2828 καὶ
1775 2776 2026 2840 ἀνοσίως,
2055 2776 2150 2828 καὶ
2178 2775 2270 2827 οὑ·-

663 2853 721 2906 δέ
763 2853 1038 2923 συμϐολὴν
1077 2853 1342 2922 προέσθαι
1386 2853 1681 2924 ὑπομένοις
1720 2866 1764 2920 ο,
1795 2854 1936 2908 ὥστε
1978 2856 2139 2908 αὑτὸν
2178 2854 2267 2918 ἐξ-

666 2927 884 2986 ἐλέσθαι
915 2933 1014 3002 τῆς
1043 2931 1394 3005 παρανομίας
1433 2933 1682 3004 ἐκείνης;
1719 2934 1814 2988 καὶ
1847 2934 2006 2999 ποίας
2034 2935 2098 2988 ἂν
2119 2933 2267 3006 [595]

664 3011 853 3082 τύχοις
879 3013 1248 3084 συγγνώμης;
1300 3011 1442 3066 Ἀλλ’
1477 3015 1828 3085 ἰσχυρότερός
1861 3032 1955 3067 σου
1989 3015 2082 3068 καὶ
2111 3014 2270 3067 δυνα-

667 3091 907 3163 τώτῳός
949 3093 1122 3147 ἐστιν.
1170 3091 1327 3163 Ἐμοὶ
1370 3092 1536 3146 αὑτὸν
1569 3093 1934 3165 κατάστησον·
1975 3096 2270 3166 αἱρήσομαι

665 3171 769 3241 τὴν
795 3170 1039 3241 κεφαλὴν
1074 3171 1376 3225 ἀποθέσθαι
1419 3171 1643 3241 μᾶλλον,
1680 3172 1712 3243 ἢ
1756 3173 1865 3225 τῶν
1912 3173 2073 3245 ἱερῶν
2107 3173 2272 3227 αὑτὸν

666 3251 888 3318 ἀφεῖναι
925 3250 1228 3303 ἐπιϐαίνειν
1259 3249 1574 3320 προθύρων,
1603 3249 1979 3323 ἀν,φιλονεικῇ
2018 3252 2114 3305 καὶ
2158 3255 2275 3316 τοῖς

666 3335 857 3398 αὑτοῖς
885 3335 1141 3406 ἐπιμένῃ.
1174 3334 1240 3386 Τί
1274 3334 1383 3404 γάρ
1416 3350 1499 3386 σοι
1531 3333 1712 3387 κοινὸν
1754 3336 1892 3404 μετά
1929 3335 2029 3404 τῆς
2055 3332 2272 3388 ἐλευθέ-

670 3431 792 3484 ρας,
829 3415 968 3484 μετὰ
998 3413 1100 3484 τῆς
1149 3415 1264 3469 ἀνω
1307 3413 1699 3484 Ἰερουσαλήμ
1742 3412 1900 3466 Εἰλου
1958 3415 2058 3484 τὴν
2097 3414 2269 3467 κάτω·

667 3492 890 3545 δούλευε
921 3494 1038 3562 μετ’
1071 3493 1308 3562 ἐκείνης·
1343 3492 1438 3544 καὶ
1463 3492 1573 3563 γὰρ
1592 3492 1685 3545 καὶ
1707 3493 1845 3563 αὑτὴ
1870 3491 2109 3546 δουλεύει
2135 3493 2276 3559 μετά

665 3571 778 3625 τῶν
791 3571 1004 3626 τέκνων
1030 3572 1220 3642 αὐτῆς,
1243 3571 1386 3624 κατά
1399 3571 1488 3624 τὸν
1505 3569 1599 3624 τοῦ
1615 3571 1944 3626 ’Δποστόλου
1962 3572 2139 3641 λόγον.
2159 3573 2275 3643 Νη-

672 3650 886 3715 στεύεις
911 3651 1050 3722 μετά
1087 3650 1392 3716 Ἰουδαίων,
1427 3649 1624 3705 οὐκοῦν
1664 3649 1872 3704 ἀπόθου
1902 3652 1998 3704 καὶ
2031 3651 2100 3704 τά
2145 3652 2277 3704 ὑπο-

673 3729 892 3801 δήματα
918 3730 1060 3801 μετέ.
1101 3729 1396 3792 Ἰουδαίων,
1425 3730 1523 3783 ναὶ
1549 3731 1781 3800 γυμνοῖς
1825 3730 2010 3800 βάδιζε
2042 3731 2157 3794 τοῖς
2179 3747 2276 3784 πο-

673 3809 761 3862 σὶν
783 3809 878 3863 ἐπὶ
902 3809 1006 3877 τῆς
1035 3809 1266 3878 ἀγορᾶς,
1321 3809 1417 3862 καὶ
1449 3808 1698 3884 κοινώνει
1745 3810 1847 3880 τῆς
1886 3810 2277 3882 ἀσχημοσύνης

672 3887 859 3949 αὐτοῖς
885 3887 982 3938 καὶ
1020 3887 1114 3939 τοῦ
1147 3887 1408 3961 γέλωτος.
1462 3886 1601 3938 Ἀλλ’
1633 3886 1735 3940 οὑκ
1763 3887 1830 3941 ἂν
1855 3888 2018 3943 ἕλοιο·
2044 3888 2274 3961 αἰσχύνῃ

672 3963 785 4035 γὰρ
811 3963 906 4017 καὶ
935 3962 1220 4034 ἐρυθριᾷς.
1254 3958 1388 4016 Εἰτα
1431 3965 1715 4035 σχήματος
1744 3966 1844 4034 μέν
1867 3968 2053 4031 αὐτοῖς
2086 3958 2277 4023 κοινωῖ

669 4047 833 4117 νῆσαι
862 4045 1116 4119 αἰσχύνῃ,
1163 4044 1422 4108 ἀσεϐείας
1466 4046 1523 4098 δὲ
1559 4047 1857 4114 κοινωνῶν,
1884 4051 1985 4104 οὑκ
2013 4053 2274 4125 αἰσχύνῃς

673 4127 773 4181 καὶ
800 4125 960 4180 ποίαν
991 4125 1138 4192 ἐξεις
1185 4126 1542 4197 συγγνώμην,
1588 4127 1914 4196 Χριστιανὸς
1956 4130 2032 4184 ὢν
2072 4133 2130 4198 ἐξ
2157 4133 2279 4202 ἡμι-

673 4205 864 4272 σείας;
890 4204 1254 4284 Πιστιύσατε,
1283 4205 1382 4278 τὴν
1421 4205 1665 4276 κεφαλὴν
1697 4207 1963 4279 πρότερον
2000 4211 2277 4284 ἀποθήσοο

671 4303 801 4358 μαι,
826 4285 862 4356 ἢ
895 4282 1231 4357 περιόψομαί
1273 4301 1396 4339 τινα
1419 4285 1530 4338 τῶν
1576 4285 1648 4339 τά
1676 4287 1902 4340 τοιαῦτα
1954 4282 2274 4360 νοσούντων,

666 4369 774 4422 ἐὰν
799 4367 914 4421 ίδω·
956 4366 1053 4420 ἐὰν
1081 4365 1142 4420 δὲ
1188 4367 1465 4438 ἀγνοήσω,
1521 4367 1854 4440 συγγνώμην
1880 4370 1908 4424 ό
1951 4371 2083 4437 Θεὸς
2116 4373 2278 4428 δώσει

676 4449 920 4510 πάντως.
961 4445 1150 4500 Ταῦτα
1172 4447 1265 4499 καὶ
1296 4445 1452 4516 ὑμῶν
1485 4446 1667 4500 αὑτῶν
1690 4447 1919 4514 ἕκαστος
1952 4451 2276 4520 λογιζέσθω,

672 4525 819 4600 μηδέ
848 4525 1129 4595 πάρεργον
1163 4523 1403 4595 ἡγείσθω
1433 4524 1495 4577 τὸ
1517 4526 1751 4596 πρᾶγμα
1783 4523 1942 4581 εἶναι.
1977 4531 2090 4601 Οὐχ
2115 4534 2280 4603 ὁρᾶτε

672 4606 773 4660 ἐπὶ
797 4605 906 4659 τῶν
935 4608 1253 4676 μυστηρίων
1279 4604 1331 4657 τί
1360 4603 1459 4675 βοᾷ
1491 4605 1774 4675 συνεχῶςό
1799 4609 2078 4674 διάκονος;
2125 4612 2280 4665 Ἐπι-

680 4684 1004 4756 τιιηῦσκετε
1016 4684 1334 4751 ἀλλήλους
1354 4701 1368 4714 ·
1399 4684 1518 4749 πῶς
1547 4685 1676 4755 ὑμῖν
1695 4688 1990 4759 ἐγχειρίζει
2004 4690 2102 4761 τὴν
2121 4692 2280 4763 ἀκρι-

675 4765 756 4836 ϐῆ
771 4764 882 4819 τῶν
904 4763 1151 4833 ἀδελφῶν
1187 4763 1342 4834 ὑμῶν
1364 4763 1648 4830 ἐξέτασινς
1688 4767 1862 4820 Τοῦτο
1892 4769 1986 4822 καὶ
2021 4771 2107 4823 ἐπ’
2140 4773 2283 4825 ἐκεί-

679 4863 792 4900 νων
819 4845 1064 4916 ποίησον·
1081 4844 1210 4924 ὅταν
1227 4844 1467 4915 ἐπιγνῷς
1482 4862 1604 4901 τινα
1638 4846 1994 4913 ἰουδαΐζοντα,
2018 4851 2282 4924 κάτασχε,

678 4925 841 4997 δῆλον
869 4925 1117 4995 ποίησον,
1158 4922 1298 4978 ὥστε
1338 4924 1414 4996 μὴ
1468 4926 1799 4997 κοινωνῆσαι
1844 4929 1940 4980 καὶ
1999 4931 2161 4995 αὐτὸς
2197 4922 2286 5003 τῷ

681 5005 916 5075 κινδύνῳ
937 5001 957 5042 ί
969 5045 981 5057 .
1012 5004 1119 5056 Καὶ
1147 5002 1257 5076 γὰρ
1277 5003 1501 5056 ἐπὶτῶν
1521 5004 1625 5068 ἐξω
1644 5007 2042 5075 στρατοπέδων,
2073 5009 2139 5062 ἂν
2172 5001 2287 5082 ἀλῷ

682 5103 770 5148 τις
811 5083 1163 5155 βαρϐαρίζων
1220 5083 1315 5136 καὶ
1342 5082 1409 5136 τὰ
1439 5083 1688 5154 Περσικά
1718 5085 1932 5156 φρονῶν
1986 5088 2045 5140 ἐν
2097 5091 2286 5159 μέσοις

678 5168 799 5228 τοῖς
829 5162 1218 5234 στρατιώταίςς-
1246 5164 1348 5215 οὑκ
1378 5163 1542 5225 αὑτὸς
1575 5164 1877 5220 κινδυνεύει
1914 5164 2097 5235 μόνος,
2148 5168 2288 5222 ἀλλά

682 5248 783 5300 καὶ
823 5245 1052 5307 ἕκαστος
1079 5244 1188 5297 τῶν
1238 5243 1559 5296 συνειδότων
1595 5245 1716 5314 μὲν,
1756 5245 1818 5298 οὑ
1859 5247 2200 5316 ποιησάντων
2229 5249 2288 5302 δέ

683 5326 852 5380 αὑτὸν
882 5325 960 5394 τῷ
1011 5323 1303 5395 στρατηγῷ
1354 5323 1608 5392 φανερόν.
1665 5322 1817 5376 Ἐπεὶ
1868 5321 1960 5378 οὖν
1995 5328 2088 5380 καί
2131 5330 2288 5398 ὑμεῖς

684 5407 1058 5480 στρατόπεδόν
1091 5408 1215 5458 ἐστε
1261 5403 1356 5456 τοῦ
1411 5402 1678 5474 Χριστοῦ,
1722 5403 1861 5474 μετά
1890 5405 2177 5474 ἀκριϐείας
2219 5409 2291 5462 δι-

756 5530 783 5558 ’
808 5528 908 5590 Alﬁ
934 5525 1110 5590 κωρίρν
1135 5524 1316 5590 inim:
1341 5521 1490 5590 ἐστίΥ·

755 5590 785 5630 b
806 5584 1074 5639 Αιὶυέοὑδέ
1101 5587 1274 5651 κρότου
1293 5585 1430 5648 χάριν
1453 5584 1649 5646 λέγομεν
1668 5584 1936 5646 eum“.
1963 5585 2070 5636 Mox
2092 5589 2289 5651 qundam

687 5667 810 5702 ωδε.
837 5653 976 5712 λόγος
995 5651 1103 5713 ὑμῖν
1121 5649 1260 5698 ὅταν.

760 5719 782 5745 ⁸
811 5710 1018 5776 Δίἱιξιυοί.
1030 5710 1151 5776 mss.
1178 5710 1485 5774 χριστιανῶν.

757 5776 783 5815 ἀ
810 5775 915 5837 Αἰὶί
925 5775 1200 5837 ἐξαρπάσαι.

763 5845 786 5871 ο
810 5836 896 5887 Sic
918 5832 1026 5894 alii}
1053 5834 1214 5898 inquit
1237 5832 1428 5900 gon“;
1449 5833 1534 5893 qui
1561 5833 1723 5880 minus
1750 5836 1888 5884 recte
1921 5835 2146 5885 ediderat
2167 5853 2290 5899 συμ..

690 5904 911 5953 ϐουλὴν..
925 5936 937 5946 .
1245 5897 1380 5945 Eon.

735 5987 746 5996 -
769 5964 792 6002 4
812 5963 894 6014 Sac
919 5955 1071 6013 smn:
1095 5955 1160 6013 εἰ
1169 5961 1373 6028 plurimi
1401 5969 1520 6008 mss.
1563 5955 1735 6007 lore].
1765 5962 1817 6009 εἰ
1847 5959 1932 6009 alii
1951 5958 2036 6010 τοῦ
2061 5959 2294 6012 κινδύνου.

1379 343 1434 396 S.
1476 341 1762 396 JOANNIS
1801 327 2292 394 ωιιιγευδτοιιι
2331 319 2655 382 ARCHIEP.
2698 325 3252 383 CONSTANTINOP.

3868 315 3992 371 830

2362 443 2620 510 ερευνᾶτε
2673 441 2767 494 καὶ
2795 438 3254 512 περιεργάζεσθε,
3310 439 3363 490 εί
3391 455 3476 501 τις
3509 433 3619 490 τῶν
3651 434 3988 502 ἀλλοφύλων

2359 519 2488 588 ὑμῖν
2511 520 2908 588 ἀναμέμικται,
2939 521 3034 574 καὶ
3068 520 3277 572 ποιεῖτε
3325 518 3508 587 δῆλον,
3561 515 3660 584 οὐχ
3694 515 3782 567 ἵνα
3829 515 3984 566 ἀποο

2363 596 2689 666 κτείνωμεν,
2717 597 2972 666 καθάπερ
2999 600 3219 657 ἐκεῖνοι,
3255 595 3367 648 οὐδ’
3398 591 3492 647 ’ίνα
3518 591 3843 661 κολάσωμεν
3877 589 3987 643 καὶ

2359 674 2827 745 τιμωρησώμεθα,
2847 676 2963 728 ἀλλ’
2991 676 3079 728 ἵνα
3099 674 3263 730 αὑτὸν
3294 670 3697 741 ἀπαλλάξωμεν
3712 671 3810 740 τῆς
3835 669 3986 722 πλά-

2360 771 2459 824 νης
2489 753 2584 806 καὶ
2638 754 2737 823 τῆς
2795 755 3076 819 ἀσεϐείας,
3117 755 3213 807 καὶ
3245 753 3516 823 ἡμέτερον
3568 749 3630 814 ἐξ
3670 748 3987 818 ὁλοκλήρου

2363 833 2704 902 ποιήσωμεν.
2742 834 2806 886 Εἰ
2863 834 2922 886 δέ
2955 834 3031 904 μὴ
3083 832 3338 903 βούλεσθε
3386 830 3568 894 τοῦτο,
3618 829 3734 883 ἀλλ’
3759 827 3985 890 εἰδότες

2363 912 2638 983 κρύπτετε
2677 915 2724 976 ε,
2754 909 2813 965 εὖ
2847 913 2980 971 ἴστε,
3016 913 3099 967 ὅτι
3131 913 3230 984 τὴν
3273 910 3444 983 αὑτὴν
3480 908 3862 980 ὑποστήσεσθε
3896 923 3984 960 τι·

2366 993 2578 1063 μωρίαν
2620 991 2838 1062 ἐκείνῳ.
2881 993 2994 1045 Καὶ
3031 995 3143 1063 γὰρ
3175 995 3204 1046 ό
3225 991 3438 1054 Παῦλος
3453 989 3576 1059 οὑχὶ
3599 990 3727 1050 τοὺς
3756 985 3984 1039 ποιοῦν-

2361 1088 2460 1133 τας
2489 1071 2650 1140 μόνον
2679 1069 2748 1123 τὰ
2791 1070 3027 1142 πονηρὰ,
3059 1071 3196 1124 ἀλλὰ
3233 1070 3329 1124 καὶ
3362 1070 3490 1131 τοὺς
3512 1065 3981 1130 συνευδοκοῦντας

2363 1149 2568 1211 αὐτοῖς,
2608 1147 2904 1202 ὑποϐάλλει
2934 1151 3155 1203 κολάσει
3184 1150 3280 1204 καὶ
3301 1146 3585 1219 τιμωρία.
3634 1145 3746 1200 Καὶ
3773 1147 3802 1197 ό
3836 1162 3984 1216 προ-

2364 1229 2543 1298 φήτης
2572 1228 2650 1289 δὲ,
2669 1228 2789 1296 οὑχ¹ι
2821 1229 2950 1291 τοὺς
2971 1228 3307 1292 κλέπτοντας
3331 1227 3514 1298 μόνον,
3541 1224 3677 1279 ἀλλά
3724 1223 3816 1276 καί
3843 1224 3983 1285 τοὺς

2366 1310 2757 1379 συντρέχοντας
2781 1309 2986 1370 αὑτοῖς,
3019 1309 3125 1360 ὑπὸ
3162 1309 3264 1377 τὴν
3303 1307 3474 1376 αὑτὴν
3504 1306 3628 1373 ἄγει
3658 1305 3836 1374 δίκην·
3878 1304 3985 1355 καὶ

2364 1387 2610 1449 εἰκότως.
2656 1388 2712 1439 '0
2740 1387 2850 1457 7&9
2890 1386 3148 1449 συνειδὼς
3180 1386 3261 1457 τῷ
3303 1385 3371 1439 τά
3427 1384 3647 1455 πονηρὰ
3675 1386 3982 1454 πράττοντι

2365 1468 2460 1519 καὶ
2485 1465 2855 1536 περιστέλλων
2882 1467 3048 1520 αὑτὸν
3075 1468 3170 1519 καί⁵
3193 1464 3587 1536 ἀποκρύπτων,
3619 1462 3842 1515 πλείονα
3877 1461 3984 1513 αύ-

2363 1544 2442 1614 τῷ
2473 1545 2702 1615 παρέχει
2744 1546 3036 1616 ῥᾳθυμίας
3080 1546 3362 1607 ὑπόθεσιν,
3401 1544 3497 1596 καὶ
3547 1542 3687 1613 μετά
3724 1540 3983 1611 μείζονος

2365 1623 2546 1685 ἀδείας
2571 1626 2984 1694 παρασκευάζει
3018 1626 3114 1697 τὴν
3145 1625 3412 1696 πονηρίαν
3437 1621 3794 1694 ἐργάζεσθαι.

2435 1700 2497 1755 ε’.
2517 1703 2678 1755 Ἀλλὰ
2707 1704 2815 1774 γάρ
2837 1705 2928 1756 ἐπὶ
2950 1707 3078 1767 τοὺς
3105 1703 3398 1766 νοσοῦντας
3416 1700 3732 1754 ἐπανελθεῖν
3759 1701 3842 1753 δεῖ
3865 1697 3983 1757 πάι

2365 1780 2469 1836 λιν.
2502 1783 2825 1854 Ἐννοήσατε
2849 1783 3029 1836 τοίνυν
3057 1785 3169 1836 τίσι
3190 1781 3540 1835 κοινωνοῦσιν
3555 1777 3984 1850 οἰνηστεύοντες

2367 1860 2484 1913 νῦν·
2519 1863 2631 1923 τοῖς
2664 1861 2851 1931 βοῶσι,
2906 1863 3288 1930 Σταύρωσον,
3319 1860 3702 1927 σταύρωσον·
3741 1860 3856 1918 τοῖς
3889 1857 3985 1908 λέ-

2369 1959 2546 2010 γουσι,
2585 1944 2656 1996 Τὸ
2682 1939 2827 2014 αἷμα
2859 1947 3049 2000 αὐτοῦ
3098 1945 3192 2014 ἐφ’
3219 1942 3381 2012 ἡμᾶς
3409 1942 3507 1996 καί
3538 1942 3638 1994 ἐπὶ
3678 1940 3752 1994 τὰ
3794 1939 3986 1994 τέκνα

2367 2023 2557 2091 ἡμῶν.
2595 2023 2664 2076 El
2691 2041 2838 2088 τινες
2876 2025 3099 2089 ἁλόντες
3133 2025 3228 2076 ἐπὶ
3255 2022 3536 2095 τυραννίδι
3571 2018 3984 2090 κατεδικάσθη-

2369 2117 2489 2166 σαν,
2527 2099 2639 2173 ἆρα
2673 2104 2739 2156 ἂν
2775 2105 3089 2175 ἐτόλμησας
3125 2103 3448 2173 προσελθεῖν
3500 2103 3594 2154 καὶ
3638 2100 3983 2168 κοινωνῆσαι

2366 2179 2540 2250 λόγων
2579 2183 2795 2248 αὑτοῖς;
2849 2186 2965 2238 Οὑκ
3001 2185 3177 2252 ἔγωγε
3210 2180 3386 2253 οἶμαι.
3425 2182 3550 2245 Πῶς
3603 2177 3698 2234 οῦν
3727 2181 3832 2233 οὑκ
3863 2180 3986 2232 ἀτο-

2367 2277 2469 2314 πον
2490 2263 2619 2326 τοὺς
2652 2263 2751 2333 μὲν
2767 2266 2847 2328 εἰς
2870 2264 2966 2317 ἀνθ
2978 2281 3160 2334 ρωπον
3177 2263 3504 2334 γενομένους
3535 2261 3812 2331 πονηροὺς
3839 2260 3988 2329 μετά

2367 2344 2642 2413 τοσαύτης
2676 2345 2901 2414 φεύγειν
2927 2345 3185 2414 σπουδῆς,
3212 2347 3340 2408 τοὺς
3365 2345 3423 2397 δέ
3442 2346 3524 2407 εἰς
3540 2343 3703 2397 αὑτὸν
3723 2342 3987 2412 ὑϐρίσαν·

2368 2439 2467 2485 τας
2516 2422 2609 2474 τὸν
2655 2422 2791 2476 Θεὸν
2841 2423 3112 2476 ποιεῖσθαι
3144 2423 3460 2485 κοινωνοὺς,
3504 2423 3600 2474 καὶ
3638 2420 3767 2483 τοὺς
3802 2437 3984 2490 προσ-

2370 2497 2668 2562 κυνοῦντας
2698 2499 2791 2552 τὸν
2823 2500 3245 2568 ἐσταυρωμένον
3283 2503 3396 2562 τοῖς
3439 2500 3820 2570 ἐσταυρωκόσι
3863 2516 3988 2551 συν-

2372 2578 2687 2649 εορτάζειν;
2719 2579 2892 2633 Τοῦτο
2931 2581 3040 2648 7&9
3069 2579 3129 2630 οὑ
3167 2578 3326 2648 μόνον
3361 2579 3570 2642 ἀνοίας,
3594 2578 3732 2632 ἀλλά
3761 2579 3987 2644 καὶτῆς

2371 2660 2609 2729 ἐσχάτης
2637 2657 2788 2730 [594]
2819 2660 3017 2729 μανίας
3046 2658 3215 2711 ἐστίν.
3259 2657 3481 2728 Ἐπειδὴ
3509 2657 3568 2710 δέ
3596 2659 3703 2710 εἰσί
3744 2674 3890 2720 τινες
3927 2657 3984 2711 οἶ

2371 2741 2469 2794 καὶ
2507 2739 2606 2808 τὴν
2637 2740 2963 2809 συναγωγὴν
3013 2737 3209 2809 σεμνὸν
3261 2735 3402 2791 εἶναι
3439 2738 3607 2791 τόπον
3640 2734 3982 2807 νομίζουσιν,

2371 2822 2671 2887 ἀναγκαῖον
2695 2821 2788 2872 καὶ
2829 2821 2966 2890 πρὸς
2996 2819 3223 2882 τούτους
3257 2819 3414 2886 όλίγα
3451 2820 3645 2871 εἰπεῖν.
3677 2817 3834 2882 Τίνος
3871 2817 3984 2892 γὰρ

2372 2901 2537 2954 ἐνεκα
2565 2899 2658 2950 τὸν
2693 2900 2858 2952 τόπον
2893 2901 3106 2951 ἐκεῖνον
3150 2899 3410 2962 αἰδεῖσθε,
3445 2899 3566 2950 δίον
3612 2901 3986 2970 καταφρονεῖν

2374 2983 2470 3035 καὶ
2501 2981 2883 3051 βδελύττεσθαι
2914 2981 3008 3033 καὶ
3039 2980 3358 3050 ἀποπηδᾷνς
3388 2981 3447 3033 '0
3481 2980 3644 3048 νόμος
3667 2980 3987 3044 ἀπόκειται,

2375 3062 2562 3130 φησὶν,
2594 3063 2652 3113 ἐν
2669 3059 2841 3130 αὐτῷ,
2865 3061 2960 3114 καὶ
2991 3059 3173 3129 βιϐλία
3209 3060 3530 3130 προφητικά
3559 3059 3612 3112 δ.
3645 3059 3753 3111 Καὶ
3782 3060 3838 3112 τί
3858 3058 3989 3112 τοῦ-

2374 3155 2470 3204 το;
2507 3139 2598 3210 Μὴ
2632 3139 2761 3208 γὰρ,
2791 3139 2921 3191 ἔνθα
2953 3137 3019 3191 ἂν
3118 3138 3304 3209 βιϐλία
3342 3137 3588 3199 τοιαῦτα,
3629 3138 3724 3190 καὶ
3756 3140 3786 3192 ό
3816 3140 3990 3203 τόπος

2376 3218 2533 3287 ἀγιος
2563 3219 2746 3285 Εσταις
2774 3218 2851 3272 Οὑ
2874 3219 3115 3281 πάντως.
3159 3217 3304 3287 Ἐγὼ
3341 3219 3397 3271 δὲ
3429 3217 3521 3270 διά
3547 3217 3708 3270 τοῦτο
3740 3217 3990 3288 μάλιστα

2379 3301 2525 3370 μισῶ
2558 3299 2658 3372 τὴν
2685 3299 3012 3370 συναγωγὴν
3029 3302 3122 3353 καί⁸
3139 3300 3581 3370 ἀποστρέφομαι,
3603 3299 3683 3352 ὅτι
3701 3301 3833 3362 τοὺς
3858 3315 3996 3371 προ-

2379 3381 2558 3450 φήτας
2585 3380 2803 3450 ἔχοντες
2835 3380 3128 3432 ἀπιστοῦσι
3166 3383 3283 3442 τοῖς
3318 3380 3650 3452 προφήταις,
3680 3379 3764 3431 ὅτι
3786 3381 3993 3449 ἀναγι-

2381 3460 2689 3524 νώσκοντες
2717 3460 2785 3515 τά
2811 3461 3121 3532 γράμματα
3147 3462 3210 3513 οὑ
3248 3460 3498 3531 δέχονται
3522 3459 3623 3523 τάς
3647 3460 3990 3531 μαρτυρίας,

2377 3542 2516 3613 ὅπερ
2532 3540 2866 3612 ὑϐριζόντων
2882 3543 2998 3594 ἐστί
3027 3542 3312 3611 μειζόνως.
3346 3541 3484 3594 Εἰπέ
3516 3540 3625 3612 γάρ
3649 3557 3763 3610 μοι,
3785 3542 3838 3592 εί
3863 3557 3995 3594 τινα

2377 3615 2518 3684 εἷδες
2544 3619 2832 3692 ἄνθρωπον
2860 3621 3142 3690 αἰδέσιμον
3165 3621 3263 3675 καί⁵
3289 3619 3543 3690 λαμπρὸν
3579 3620 3673 3672 καὶ
3701 3623 3991 3691 περιφανῆ

2378 3705 2458 3767 είς
2487 3703 2785 3774 καπηλεῖον
2807 3705 3153 3774 εἰσαχθέντα,
3179 3704 3213 3774 ἢ
3243 3705 3323 3766 εἰς
3347 3701 3699 3772 καταγώγιον
3743 3701 3991 3775 λῃστῶν,

2378 3781 2498 3838 εἷτα
2528 3784 2891 3857 ὑϐριζόμενον
2912 3787 3034 3839 ἐκεῖ
3071 3785 3166 3838 καὶ⁵
3191 3785 3534 3854 τυπτόμενον
3567 3786 3662 3838 καὶ
3699 3784 3800 3856 τὴν
3829 3785 3993 3855 ἐσχά-

2378 3882 2479 3936 την
2507 3865 2850 3936 ὑπομένοντα
2883 3864 3198 3936 παροινίαν,
3224 3860 3337 3936 ἆρα
3363 3864 3431 3917 ἀν
3462 3864 3788 3934 ἐθαύμασας
3809 3863 3872 3917 τὸ
3885 3883 3990 3920 κα-

2381 3945 2606 4015 πηλεῖον
2640 3946 2674 4015 ἦ
2699 3945 2762 3999 τὸ
2801 3947 3091 4017 σπήλαιον,
3123 3945 3315 4015 ἐπειδὴ
3340 3945 3490 4000 ἔνδον
3513 3946 3765 4017 εἱστήκει
3792 3962 3990 4017 παροιρ

2381 4026 2686 4096 νούμενοςό
2718 4024 3036 4097 θαυμαστὸς
3071 4027 3283 4089 ἐκεῖνος
3316 4025 3411 4078 καὶ
3446 4025 3623 4095 μέγας
3660 4026 3835 4096 ἀνήρ;
3858 4025 3992 4080 οὑκ

2381 4105 2560 4174 ἔγωγε
2579 4102 2756 4176 οἰμαι,
2789 4105 2928 4159 ἀλλά
2955 4105 3045 4159 διὰ
3073 4105 3235 4157 τοῦτο
3262 4105 3395 4158 αὑτὸ
3427 4105 3665 4176 μάλιστα
3701 4103 3768 4158 ἀν
3798 4104 3992 4178 ἐμίση-

2383 4200 2483 4248 σας
2507 4187 2602 4238 καί
2631 4182 3015 4258 ἀπὲστράφης.
3048 4184 3219 4238 Τοῦτο
3249 4186 3345 4239 καὶ
3392 4185 3484 4238 ἐπὶ
3516 4188 3617 4256 τῆς
3656 4187 3992 4254 συναγωγῆς

2381 4265 2622 4333 λογίζου.
2659 4266 2801 4330 Τοὺς
2833 4267 2941 4338 7&9
2987 4265 3275 4336 προφήτας
3321 4265 3534 4319 καὶτὸν
3585 4265 3829 4320 Μωῦσέα
3866 4265 3993 4335 μετ.⁴

2383 4347 2566 4400 αὑτῶν
2605 4347 2900 4418 εἰσήγαγον
2930 4348 3069 4411 ἐκεῖ,
3113 4344 3214 4416 οὑχ
3254 4345 3344 4398 ἵνα
3387 4347 3716 4416 τιμήσωσιν,
3747 4345 3864 4400 ἀλλ’
3894 4345 3991 4400 ἵνα

2383 4427 2652 4497 ὑϐρίσωσι
2682 4429 2777 4480 καὶ
2816 4426 3180 4496 ἀτιμάσωσιν.
3222 4421 3396 4480 Ὅταν
3426 4425 3536 4497 γὰρ
3570 4425 3772 4494 λέγωσι
3796 4427 3877 4499 μὴ
3908 4428 3985 4481 ιί-

2383 4506 2535 4560 δέναι
2555 4507 2756 4570 αὑτοὺς
2779 4505 2868 4559 τὸν
2900 4507 2944 4558 Χ
2955 4506 3162 4577 ριστὸν,
3190 4505 3325 4577 μηδὲ
3359 4505 3644 4577 εἰρηκέναι
3657 4523 3712 4558 τι
3733 4506 3987 4576 περὶτῆς

2384 4585 2597 4639 ἐκείνου
2641 4586 2966 4655 παρουσίας,
3022 4587 3154 4641 ποία
3179 4586 3389 4656 ¹μείζων
3427 4585 3635 4656 ταύτης
3683 4585 3883 4654 γένοιτ’
3918 4586 3994 4639 ἀν

2386 4667 2468 4729 εἰς
2497 4667 2622 4729 τους
2644 4666 2833 4735 ἁγίους
2873 4665 3117 4729 ἐκείνους
3155 4663 3335 4736 ῦϐρις,
3363 4664 3479 4719 ἀλλ’
3508 4666 3638 4719 ὅταν
3662 4665 3840 4720 αὑτῶν
3863 4683 3993 4720 κατ-

2387 4747 2740 4816 ηγορήσωσιν
2761 4745 2837 4808 ὡς
2856 4745 2949 4797 τὸν
2985 4743 3166 4799 αὑτῶν
3181 4744 3526 4814 ἀγνοούντων
3556 4745 3857 4815 Δεσπότην,
3892 4747 3993 4799 καί⁵

2389 4825 2682 4888 κοινωνοὺς
2706 4825 2808 4895 τῆς
2840 4825 2976 4889 ίδίας
3015 4823 3273 4888 ἀσεϐείας
3297 4824 3536 4892 λέγωσιν
3569 4820 3707 4878 εἶναι
3737 4825 3753 4865 ί
3781 4841 3795 4888 ;
3821 4824 3994 4879 Ὥστε

2387 4906 2476 4959 διὰ
2491 4905 2652 4959 τοῦτο
2683 4905 2884 4975 μᾶλλον
2927 4906 3107 4975 μισεῖν
3143 4905 3237 4957 καὶ
3261 4904 3460 4966 αὑτοὺς
3487 4903 3582 4957 καὶ
3609 4903 3708 4975 τὴν
3748 4920 3994 4972 συνάγει»

2389 4987 2494 5057 γὴν
2520 4986 2648 5057 χρὴ,
2672 4986 2752 5038 δτι
2774 4983 3202 5054 ἐμπαροινοῦσιν
3232 4986 3312 5047 εἰς
3345 4983 3475 5046 τοὺς
3504 4982 3693 5051 ἀγίους
3721 4983 3988 5057 ἐκείνρρς.

2403 5053 2568 5119 ⁹Ᾰλλά
2609 5053 2662 5118 τί
2692 5053 2835 5132 λέγω
2876 5053 3006 5134 περὶ
3055 5063 3277 5133 βιϐλίων
3315 5065 3409 5116 καὶ
3447 5063 3663 5128 τόπωνς
3704 5064 3764 5114 ἐν
3785 5053 3994 5135 ’κᾶῗρῷ

2393 5148 2505 5202 τῶν
2525 5145 2795 5216 διωγμῶν
2835 5147 2884 5198 οί
2933 5145 3119 5215 δήμιοι
3159 5145 3228 5198 τὰ
3259 5144 3491 5213 σώματα
3541 5143 3652 5196 τῶν
3693 5142 3998 5214 μαρτύρων

2391 5227 2704 5297 κατέχουσι,
2729 5224 3137 5290 καταξαίνουσι,
3159 5223 3535 5293 μαστίζουσιν.
3558 5217 3706 5293 ΤΔρα
3726 5219 3820 5278 ὀῦν
3835 5223 3998 5290 ἀγιαί

2391 5309 2530 5360 εἰσιν
2552 5305 2730 5359 αὐτῶν
2761 5307 2814 5358 αί
2856 5305 3060 5375 χεῖρες,
3087 5304 3277 5375 ἐπειδὴ
3307 5303 3376 5356 τὰ
3417 5300 3649 5373 σώματα
3681 5301 3792 5357 τῶν
3815 5301 4000 5370 ἁγίων

2393 5387 2694 5458 κατέσχον;
2735 5384 2826 5454 Μὴ
2866 5385 3107 5452 γένοιτοί
3160 5380 3295 5436 Εἶτα
3354 5384 3539 5455 χεῖρες
3581 5384 3712 5453 μὲν,
3759 5383 4000 5454 σώματι

2393 5465 2764 5537 κατασχοῦσαι
2790 5464 2984 5532 ἀγίων,
3010 5464 3227 5534 βέϐηλοι
3265 5464 3489 5535 μένουσι
3513 5463 3582 5517 δι’
3621 5463 3754 5517 αὑτὸ
3783 5463 3846 5534 δὴ
3873 5462 4002 5517 τοῦ·

2391 5564 2474 5608 το,
2523 5547 2712 5618 ἐπειδὴ
2752 5545 3020 5614 κατέσχον
3075 5545 3283 5610 κακῶς·
3314 5546 3366 5600 οἰ
3403 5545 3464 5600 δὲ
3515 5543 3825 5616 γράμματα
3858 5561 4002 5598 κατ-

2461 5651 2486 5724 ξ
2514 5645 2599 5698 Sic
2616 5645 2723 5724 alii,
2744 5645 2911 5724 inquit
2932 5646 3222 5709 Menti,qu
3239 5647 3425 5697 solace
3448 5644 3675 5696 ediderat
3694 5645 3995 5709 βούλησθε...

2397 5712 2644 5775 κρύπτετε.
2667 5709 2801 5759 Ευιτ.

2464 5772 3040 5848 ξρυὶἀαηιωεεβιδλίᾙα
3061 5771 3336 5848 προξητῶν.
3371 5833 3384 5848 ‘
3429 5833 3452 5844 _
3551 5833 3564 5846 η
3838 5847 3845 5848 7
3888 5829 3912 5841 -

2469 5836 2483 5872 ί
2512 5835 2666 5904 δανίί.
2695 5840 2747 5910 εί
2771 5846 2899 5909 υῃυξ
2928 5835 3084 5910 οοάοι
3129 5837 3288 5906 ὑδρις;
3515 5835 3605 5908 γὰρ
3625 5835 4002 5910 ἀξτηγοροῦφιέ

2402 5897 2601 5947 τοιαῦτα
2646 5897 2750 5960 περὶ
2772 5897 2928 5944 αὑτῶν
2955 5897 3342 5960 ἀποφαινόμενοι,
3382 5898 3447 5953 ὼς
3478 5898 3559 5945 τὸν
3587 5897 3744 5945 αὑτῶν
3767 5897 4000 5958 ἀγνοούν-

2405 5977 2562 6010 των...
2585 5959 2806 6015 ἀσεϐείας
2837 5960 2986 6019 λέγειν
3006 5961 3266 6022 τολμῶσιν.
