4178 6324
171 336 291 390 849

177 474 319 514 num
359 466 446 513 est
489 451 766 511 habitatio.
797 449 909 506 lmo
959 463 1063 514 non
1113 445 1407 518 Synagogze
1453 441 1646 504 solum,
1692 439 1787 494 sed

179 552 320 620 ipsa:
343 549 504 603 etiam
530 545 835 600 Iudaeorum
864 541 1056 594 anima:
1088 555 1102 590 ε
1130 536 1272 607 quod
1299 533 1558 589 orationis
1579 532 1789 601 epilogo

178 638 432 696 conabor
454 637 843 692 demonstrare.
869 632 1046 700 Quare
1069 643 1164 684 vos
1191 628 1397 692 hortor,
1424 635 1482 680 ut
1508 623 1664 694 hujus
1690 639 1787 695 po-

187 733 463 787 tissimum
506 724 908 797 disceptationis
949 720 1321 777 memineritis.
1370 718 1489 774 Non
1533 717 1678 772 enim
1723 714 1792 770 ad

177 823 627 887 ostentationem,
659 831 832 887 neque
877 823 1094 884 propter
1137 811 1452 882 applausum
1483 823 1627 863 nunc
1651 807 1790 861 dici-

183 931 314 970 mus
342 932 356 969 :
384 913 478 970 sed
508 923 561 967 ut
591 910 902 967 medeamur
927 906 1120 961 animis
1149 905 1362 960 vestris.
1403 902 1535 958 Nam
1565 902 1685 971 quis
1712 908 1795 954 est

183 989 347 1060 vobis
366 1018 548 1060 sci-mo
569 1001 928 1057 excusationis
965 999 1233 1069 reliquus,
1266 999 1310 1052 si
1342 997 1394 1050 in
1427 1004 1571 1049 tanta
1619 992 1790 1048 medi-

182 1113 378 1151 eorum
407 1094 563 1165 copia
588 1093 750 1162 aliqui
781 1089 1079 1160 mgrotent?

261 1188 442 1258 Major
463 1203 583 1256 pars
610 1185 747 1238 urbis
775 1182 1058 1236 Antiochia:
1085 1179 1373 1234 Christiana
1400 1189 1527 1230 erat.
1551 1207 1621 1217 —
1647 1176 1792 1230 Duo-

185 1281 370 1335 decim
419 1286 571 1333 erant
611 1275 861 1348 apostoli,
891 1283 946 1330 et
971 1273 1279 1328 universum
1310 1269 1566 1324 mundum
1595 1269 1796 1322 allex‘e-

189 1382 326 1428 runt
351 1390 366 1426 ε
397 1370 569 1440 major
614 1383 737 1439 pars
762 1369 911 1422 urbis
935 1377 1019 1421 est
1042 1365 1372 1430 Christiana,
1403 1373 1456 1417 et
1481 1361 1655 1416 adhuc
1675 1361 1796 1430 qui-

192 1466 320 1521 dam
375 1463 566 1522 morbo
610 1460 870 1516 Judaismi
930 1457 1197 1512 laborant.
1249 1457 1311 1510 Et
1355 1471 1456 1524 qua
1522 1468 1621 1507 nos
1683 1453 1798 1506 sani

189 1556 514 1610 defensione
536 1550 783 1607 utemur?
811 1550 961 1620 Digni
993 1563 1123 1604 sane
1163 1548 1322 1604 etiam
1363 1545 1549 1616 aegroti
1580 1545 1651 1598 illi
1677 1555 1801 1599 sunt

188 1646 427 1702 crimine
471 1662 484 1698 :
526 1643 619 1699 sed
667 1657 839 1711 neque
886 1657 984 1695 nos
1024 1653 1275 1694 vacamus
1323 1639 1516 1707 culpa,
1569 1637 1698 1706 ipsis
1746 1637 1798 1691 in

191 1737 390 1792 morbo
415 1735 691 1805 neglectis.
714 1733 811 1787 Vix
842 1733 984 1787 enim
1012 1747 1073 1786 ac
1103 1748 1171 1785 ne
1203 1731 1286 1784 vix
1314 1730 1528 1800 quidem
1561 1730 1604 1782 si
1635 1729 1799 1782 multa

191 1841 386 1887 nostra
414 1844 540 1884 cura
571 1829 894 1891 fruerentur,
921 1826 1115 1880 infirmi
1147 1839 1266 1880 esse
1297 1833 1598 1893 pergerent.
1617 1821 1795 1889 Quare

193 1922 500 1990 anticipans
541 1919 657 1974 hzec
684 1933 825 1973 nunc
856 1917 994 1981 dico,
1025 1926 1083 1970 ut
1110 1915 1333 1985 quilibet
1357 1923 1593 1967 vestrum
1634 1922 1801 1965 attra-

197 2012 290 2066 hat
320 2011 565 2076 fratrem,
595 2011 756 2066 etiam
784 2007 828 2062 si
856 2007 1146 2062 necessitas
1178 2003 1497 2074 imponenda
1526 2005 1614 2069 sit,
1641 2004 1800 2057 etiam

202 2104 246 2159 si
293 2103 379 2158 vis
420 2101 681 2166 facienda,
711 2101 871 2156 etiam
911 2100 956 2154 si
991 2099 1330 2153 contumeliis
1367 2105 1422 2151 et
1457 2095 1803 2150 contentione

201 2195 361 2250 fuerit
388 2207 526 2265 opus
558 2211 574 2249 :
603 2208 816 2248 omnem
862 2198 1076 2247 moveto
1114 2190 1370 2261 lapidem,
1401 2189 1572 2258 ipsum
1601 2196 1658 2242 ut
1686 2187 1805 2241 dia-

199 2288 306 2342 boli
347 2287 543 2356 laqueo
567 2285 792 2347 eximas,
836 2267 1137 2351 liberesque
1167 2296 1196 2333 a
1226 2279 1550 2334 commercio
1591 2292 1800 2342 eorum,

200 2379 290 2449 qui
337 2377 615 2434 Christum
654 2376 772 2431 neci
818 2374 1100 2429 dederunt.
1128 2373 1184 2428 Si
1216 2374 1426 2427 videres
1453 2373 1506 2426 in
1533 2371 1649 2426 foro
1678 2371 1801 2426 duci

201 2469 511 2539 quempiam
538 2467 605 2522 ad
646 2466 986 2536 supplicium,
1033 2465 1239 2519 calculo
1274 2465 1421 2534 justo
1467 2463 1802 2529 damnatum,

204 2561 410 2629 tibique
451 2559 674 2614 liberum
717 2565 862 2612 esset
903 2555 972 2610 de
1018 2544 1286 2609 carnificis
1335 2553 1587 2609 manibus
1631 2554 1805 2622 ipsum

204 2665 417 2718 rapere,
449 2665 625 2704 annon
656 2647 867 2719 quidvis
896 2645 1123 2709 faceres,
1157 2654 1216 2700 ut
1240 2644 1632 2700 abduceretur?
1656 2643 1808 2700 Nunc

205 2757 323 2795 cum
356 2756 550 2796 cernas
579 2739 793 2795 fratrem
822 2748 967 2793 tuum
994 2753 1102 2792 non
1127 2751 1154 2788 a
1183 2736 1392 2801 lictore,
1419 2737 1513 2791 sed
1540 2751 1568 2788 a
1595 2736 1808 2791 diabolo

212 2835 276 2889 ad
306 2817 622 2904 perditionis
667 2833 976 2886 barathrum
1005 2841 1191 2885 contra
1214 2829 1302 2900 jus
1331 2839 1386 2884 et
1412 2830 1492 2884 fas
1521 2829 1658 2886 trahi
1678 2869 1694 2891 ,
1722 2827 1808 2882 vel

208 2929 506 2992 symbolam
537 2929 773 2998 gravaris
799 2927 950 2987 dare,
979 2940 1081 2994 qua
1133 2924 1307 2994 ipsum
1353 2922 1645 2992 iniquitatis
1687 2923 1807 2976 vin-

208 3021 326 3074 culo
366 3021 590 3074 eximas.
627 3019 691 3073 Et
733 3014 1001 3086 quomodo
1038 3013 1193 3069 venia
1225 3013 1299 3067 sis
1327 3011 1676 3083 dignus?Scd
1706 3026 1801 3065 va-

210 3115 403 3169 lentior
445 3123 496 3167 te
537 3119 640 3177 est,
676 3119 729 3165 et
757 3109 1045 3180 potentior.
1097 3107 1222 3161 Mihi
1271 3106 1444 3175 ipsum
1488 3104 1803 3160 ostendito:

211 3205 505 3274 periculum
551 3202 742 3272 capitis
782 3200 974 3255 subibo
1015 3197 1211 3268 potius,
1240 3212 1401 3267 quam
1429 3206 1485 3250 ut
1513 3197 1685 3266 patiar
1714 3208 1804 3249 sa-

209 3309 422 3349 crorum
469 3294 618 3348 illum
674 3289 876 3361 ingredi
925 3288 1224 3352 vestibula,
1269 3287 1314 3342 si
1359 3288 1707 3357 pertinaciter
1756 3287 1808 3340 in

213 3387 488 3455 proposito
532 3383 808 3438 manserit.
835 3379 973 3448 Quid
1013 3380 1156 3435 enim
1190 3379 1286 3434 tibi
1315 3394 1438 3433 cum
1465 3379 1656 3438 libera.
1684 3392 1809 3432 cum

213 3476 428 3530 cwlesti
455 3473 752 3530 Jerusalem
791 3470 1124 3526 commune?
1161 3468 1415 3540 Delegisti
1466 3478 1807 3535 terrestrem;

211 3582 330 3619 cum
361 3580 423 3619 ca
481 3563 680 3635 servito
711 3581 724 3616 :
754 3575 876 3615 nam
903 3567 959 3615 et
995 3560 1108 3628 ipsa
1152 3574 1276 3615 cum
1321 3555 1443 3614 filiis
1485 3558 1596 3614 suis
1640 3559 1810 3614 servit

213 3657 507 3712 secundum
541 3653 783 3726 Apostoli
813 3652 973 3708 verba
1001 3651 1201 3721 (Colat.
1227 3652 1281 3706 4.
1302 3651 1420 3723 25).
1439 3651 1658 3722 Jejunas
1685 3668 1808 3706 cum

213 3747 453 3801 ludit-is?
479 3747 698 3816 Depone
743 3745 920 3799 soleas
967 3759 1181 3814 quoque
1233 3759 1356 3798 cum
1400 3743 1538 3810 istis,
1556 3755 1610 3799 et
1653 3743 1811 3800 nudis

216 3840 265 3893 in
295 3841 407 3893 foro
434 3840 658 3907 pedibus
683 3838 895 3893 ambula
941 3839 1208 3909 particeps
1253 3837 1492 3892 indecori
1536 3848 1719 3908 gestus
1755 3847 1810 3894 ct

218 3931 346 3986 risus
375 3947 586 3986 eorum.
614 3930 729 3986 Hoc
770 3930 910 3985 haud
961 3931 1138 3985 facere
1179 3931 1375 4001 gesties
1405 3950 1418 3985 :
1451 3931 1616 4000 pudet
1640 3931 1806 3998 enim,

217 4029 268 4074 et
296 4021 491 4076 rubore
513 4020 856 4076 sufl’underis.
876 4019 994 4075 Jam
1025 4021 1259 4090 gestibus
1289 4035 1476 4074 eorum
1499 4021 1576 4093 uti
1603 4020 1766 4090 pudet
1791 4039 1808 4077 :

219 4110 502 4180 impietatis
533 4126 661 4166 vero
687 4111 1007 4165 earumdem.
1031 4111 1207 4165 socius
1236 4125 1356 4165 esse
1384 4125 1488 4167 non
1511 4111 1809 4166 erubescis.

217 4201 349 4267 Quid
394 4213 575 4257 autem
609 4203 780 4256 venia:
803 4201 1135 4272 impetrabis,
1167 4217 1288 4255 cum
1317 4201 1391 4256 sis
1421 4201 1809 4256 semichristia-

218 4293 348 4347 nus?
385 4293 441 4348 lu
469 4293 660 4363 capitis
700 4292 988 4347 discrimen
1037 4293 1186 4363 prius
1231 4292 1509 4361 adducar,
1555 4294 1761 4348 credite
1791 4336 1807 4360 ,

219 4398 371 4453 quam
413 4387 582 4440 ullum
627 4381 924 4451 istiusmodi
954 4385 1142 4439 morbo
1170 4399 1485 4454 oppressum
1518 4386 1805 4456 negligam,

221 4475 264 4528 si
292 4475 512 4541 videro;
535 4476 619 4530 sin
645 4491 732 4530 me
760 4475 966 4542 latebit,
1004 4476 1144 4534 Deus
1170 4477 1388 4530 omnino
1405 4478 1665 4547 ignoscet.
1687 4477 1812 4532 Haec

221 4578 397 4620 secum
425 4567 653 4637 quisque
692 4566 853 4622 etiam
899 4575 1134 4621 vestrum
1183 4575 1412 4636 reputet,
1441 4582 1542 4623 nec
1580 4583 1694 4622 rem
1740 4569 1811 4623 ita

221 4653 388 4711 levem
415 4657 672 4728 quasique
687 4657 861 4712 obiter
879 4657 1169 4713 curandam
1193 4657 1480 4714 existimet.
1504 4659 1619 4715 Non
1641 4668 1814 4715 atten-

222 4744 370 4801 distis
398 4747 526 4817 quid
545 4749 598 4802 in
624 4761 774 4802 sacra
803 4748 1001 4819 Synaxi
1028 4748 1294 4804 Diaconus
1325 4748 1554 4806 subinde
1580 4750 1814 4806 clamet?

224 4838 322 4890 Atii
344 4841 473 4896 alios
502 4841 690 4894 noscite
717 4855 735 4894 :
761 4839 1031 4910 quomodo
1059 4842 1114 4895 in
1143 4841 1333 4896 fratres
1366 4841 1606 4899 studiose
1635 4843 1812 4913 inqui-

223 4928 367 4984 rendi
397 4929 702 4987 facultatem
727 4932 875 4986 vobis
899 4931 1168 5001 prazbeat?
1201 4933 1345 4988 Idem
1363 4934 1417 5004 in
1435 4934 1538 4988 illis
1564 4935 1810 4991 observa.

225 5018 275 5072 Si
302 5035 460 5091 quem
486 5023 734 5092 cognoris
751 5022 1113 5093 judaizautem
1135 5066 1149 5091 ,
1175 5023 1466 5093 prehende,
1493 5035 1676 5080 notum
1707 5025 1810 5092 fac,

226 5123 290 5162 ne
303 5109 438 5165 idem
455 5113 569 5189 ipse
584 5126 794 5182 quoque
812 5115 1103 5184 periculum
1121 5115 1335 5171 subeas.
1347 5114 1478 5169 Nam
1491 5126 1544 5172 et
1561 5117 1816 5172 incastris

227 5211 544 5267 exterarum,
574 5205 618 5258 si
648 5204 766 5272 quis
814 5207 969 5261 miles
1001 5204 1436 5276 deprehendatur
1466 5209 1812 5264 barbarorum

229 5290 608 5368 Persarumque
639 5296 831 5364 fautor,
864 5314 971 5352 non
1001 5299 1113 5368 ipse
1138 5299 1313 5354 solum
1341 5299 1513 5368 capite
1541 5302 1812 5371 periclita-

231 5391 327 5446 tur.
353 5388 446 5442 sed
493 5389 714 5458 quilibet
753 5389 871 5460 ejus
896 5390 973 5445 rei
1021 5394 1289 5455 conscius,
1315 5406 1414 5446 nec
1439 5392 1560 5447 duci
1609 5394 1815 5448 exerci-

230 5489 308 5533 tus
336 5484 480 5540 illum
512 5486 762 5556 prodens.
795 5488 926 5543 Cum
958 5487 1115 5559 igitur
1141 5499 1196 5544 et
1225 5504 1318 5544 vos
1339 5491 1457 5546 sitis
1491 5489 1689 5547 Christi
1717 5511 1813 5548 ex-

231 5572 449 5639 ercitus,
493 5577 708 5634 curiose
751 5593 812 5633 ac
857 5579 1142 5649 diligenter
1186 5581 1470 5651 inquirite,
1521 5600 1646 5638 num
1695 5585 1813 5653 quis

231 5663 509 5737 alienigena
542 5673 693 5727 vobis
713 5673 777 5728 sit
797 5673 1088 5740 admixtus,
1117 5675 1340 5746 ejusque
1371 5693 1566 5733 nmnen
1589 5678 1811 5746 deferte,

197 5777 200 5780 ~
233 5767 330 5810 nou
355 5771 410 5815 ut
434 5763 761 5826 incidamus,
789 5765 932 5823 velut
971 5766 1082 5836 illi;
1112 5782 1282 5838 neque
1316 5778 1371 5822 ut
1401 5783 1557 5838 ρωιιει
1607 5771 1810 5840 suppli-

1409 327 1767 383 ADVERSUS
1805 325 2106 382 JUDJ‘IOS.
2151 327 2190 381 Ι.

1897 442 2050 494 ciove
2076 439 2373 494 afficiamus
2398 458 2412 496 :
2435 440 2530 496 sed
2563 449 2818 496 uterrore
2850 449 3008 512 atque
3030 439 3301 510 impietate
3322 439 3498 510 ipsum
3554 501 3560 506 η

1897 529 2205 592 liberemus,
2257 530 2574 600 penitusque
2622 541 2865 584 nostrum
2915 531 3220 586 reddamus.
3263 530 3416 599 Quod
3446 532 3500 587 si

1898 623 2100 686 nolitis,
2142 621 2481 690 scientesque
2528 621 2734 686 celetis,
2785 623 3003 678 easdem
3032 640 3160 689 vos,
3205 640 3339 694 quas
3387 625 3496 691 illi,

1900 728 2086 783 pinnas
2111 713 2332 768 daturos
2347 729 2488 776 esse,
2515 715 2681 784 probe
2707 714 2875 768 nostis
2901 757 2915 773 .
2943 715 3144 774 Paulus
3163 718 3498 789 (Romuli)

1899 808 2098 862 etenim
2129 822 2234 861 non
2263 822 2359 862 eos
2401 808 2596 872 solum,
2627 808 2716 876 qui
2762 807 2902 861 mala
2950 817 3280 877 perpetrant,
3309 823 3500 863 verum

1899 909 1955 953 et
1996 899 2381 969 approbatores
2438 914 2610 970 pmnze
2649 910 2707 954 et
2741 900 3004 969 supplicio
3041 899 3277 970 subjicit.
3325 900 3504 970 Atque

1900 993 2061 1047 etiam
2093 993 2348 1062 propheta
2368 990 2589 1062 (Psalm.
2609 991 2813 1062 49.18)
2846 1007 2950 1047 non
2983 991 3128 1047 fures
3157 1001 3383 1060 tantum,
3403 991 3505 1049 sed

1901 1095 1956 1141 et
1999 1094 2126 1140 cum
2165 1086 2267 1139 illis
2309 1095 2587 1140 currentes
2633 1086 2806 1141 eidem
2858 1099 3033 1156 pinnae
3074 1085 3292 1152 addicit,
3341 1086 3504 1156 idque

1903 1181 2115 1234 merito.
2147 1179 2277 1235 Nam
2301 1181 2390 1249 qui
2416 1181 2629 1250 culpam
2675 1180 2897 1235 alterius
2935 1181 3183 1236 conscius
3223 1181 3418 1237 occulit
3447 1191 3503 1237 et

1904 1273 2060 1350 tegit,
2081 1271 2336 1341 majorem
2380 1272 2455 1325 illi
2499 1271 2589 1326 dat
2630 1271 2891 1327 socordia:
2921 1287 3129 1340 ansam,
3157 1281 3317 1345 atque
3341 1287 3505 1329 secu-

1907 1365 2107 1419 riorem
2138 1365 2189 1418 in
2217 1363 2616 1426 committendis
2644 1364 2854 1418 delictis
2883 1363 3080 1418 reddit.

1977 1455 2031 1508 5.
2064 1454 2257 1508 V'erum
2289 1454 2355 1508 ad
2382 1464 2618 1522 mgrotos
2661 1469 2848 1507 rursus
2877 1453 3230 1508 redeundum.
3261 1452 3507 1524 Cogitate

1906 1545 2084 1614 igitur,
2113 1545 2427 1614 quibuscum
2455 1544 2490 1597 ii
2521 1544 2903 1601 commercium
2950 1542 3203 1605 habeant,
3235 1544 3326 1614 qui
3365 1558 3509 1599 nunc

1906 1640 2152 1708 jejunant
2181 1658 2193 1692 :
2219 1654 2342 1690 cum
2367 1637 2436 1690 iis
2459 1641 2549 1705 qui
2571 1639 2905 1700 clamarunt,
2927 1635 3216 1707 Cruciﬁge,
3240 1636 3497 1705 cruciﬁge

1911 1731 2063 1801 (Luc.
2084 1730 2402 1796 25,21‘;qui
2419 1730 2696 1791 dixerunt,
2720 1729 2951 1799 Sanguis
2975 1729 3089 1797 ejus
3122 1745 3279 1795 super
3306 1734 3497 1789 nos,“

1906 1823 2215 1892 super/ilio:
2239 1819 2684 1884 nostros(Matth.
2727 1819 2819 1874 27.
2850 1820 2939 1876 25.
2989 1820 3106 1890 95.)
3128 1818 3498 1890 Siquityran-

1906 1914 2051 1968 nidis
2077 1912 2343 1966 affectatae
2361 1911 2690 1965 reidamnati
2729 1919 2938 1974 essent,
2961 1909 3210 1979 nunquid
3233 1909 3498 1965 accedere

1905 2015 1960 2061 et
1995 2020 2303 2060 sermonem
2329 2019 2452 2057 cum
2475 2002 2581 2058 illis
2597 2001 2856 2056 conferre
2877 2001 3152 2058 auderch
3183 2001 3302 2055 Non
3335 1999 3496 2070 equi-

1903 2093 2026 2151 dem
2048 2101 2200 2164 puto.
2232 2095 2431 2148 Annon
2459 2093 2628 2163 igitur
2650 2093 2978 2158 absurdum,
3011 2109 3107 2147 eos
3129 2092 3224 2162 qui
3251 2088 3304 2146 i'n
3325 2090 3500 2147 homi-

1903 2201 2026 2242 nem
2065 2185 2369 2256 peccarint,
2401 2193 2513 2238 tam
2547 2183 2798 2239 studiose
2829 2185 3057 2255 fugere;
3083 2200 3208 2239 cum
3235 2184 3304 2238 iis
3337 2196 3492 2247 vero,

1902 2277 1994 2348 qui
2013 2276 2400 2336 contumeliosi
2421 2276 2476 2331 in
2501 2276 2683 2347 ipsum
2705 2275 2876 2331 Deum
2901 2275 3148 2336 fuerunt.
3170 2275 3496 2330 societatem

1911 2366 2046 2420 inire
2077 2381 2092 2418 :
2120 2373 2174 2418 ct
2215 2362 2530 2418 crucifixum
2576 2361 2906 2426 adorantes,
2957 2375 3096 2414 cum-
3127 2361 3190 2414 iis
3232 2360 3323 2430 qui
3369 2359 3517 2416 cruel

1911 2456 2060 2511 illum
2087 2454 2308 2510 affixere
2335 2453 2552 2509 feriari?
2578 2451 2733 2521 Quod
2759 2467 2863 2506 non
2891 2452 3178 2508 dementia:
3203 2451 3399 2517 solum,
3419 2451 3517 2507 sed

1911 2555 2166 2600 extremae
2191 2545 2351 2598 etiam
2379 2551 2462 2599 est
2483 2542 2725 2597 insanim.
2755 2541 3017 2609 Quoniam
3067 2556 3198 2596 vero
3243 2542 3519 2598 nonnullis

1913 2640 2190 2710 Synagoga
2213 2652 2424 2708 quoque
2445 2636 2763 2692 venerabilis
2788 2636 2938 2691 locus
2955 2635 3185 2703 videtur,
3209 2636 3519 2692 necessario

1914 2745 2081 2801 pauca
2103 2730 2264 2784 etiam
2282 2736 2469 2783 contra
2488 2728 2605 2782 illos
2621 2727 2869 2783 dicenda.
2891 2727 2995 2782 Cur
3010 2727 3152 2782 enim
3171 2727 3347 2783 lucum
3369 2727 3520 2782 illum

1915 2819 2270 2888 veneraniini,
2287 2819 2375 2889 qui
2395 2818 2841 2884 contemnendus,
2870 2817 3283 2884 abominandus,
3303 2827 3359 2874 et
3375 2817 3528 2878 unde

1913 2913 2260 2968 resiliendum
2307 2911 2493 2968 esset?
2531 2911 2664 2978 Lex,
2712 2912 2910 2980 inquis,
2955 2913 3193 2983 reposita
3235 2912 3308 2968 ibi
3333 2921 3441 2981 est,
3464 2921 3523 2965 et

1914 3003 2032 3057 libri
2063 3001 2382 3073 pr0phetici.
2431 3001 2569 3071 Quid
2617 3001 2768 3056 tum?
2813 3002 3031 3059 Librino
3073 3003 3396 3069 istiusmodi,
3427 2999 3528 3056 ubi

1913 3103 2057 3159 sunt,
2085 3095 2204 3150 loco
2245 3096 2583 3150 sanctitatem
2629 3094 2948 3152 conferunt?
2991 3096 3362 3168 Nequaquam.
3408 3097 3520 3168 Ego

1913 3203 2044 3243 vero
2067 3187 2137 3242 ob
2164 3186 2268 3244 hoc
2294 3189 2468 3258 ipsum
2502 3187 2671 3258 magis
2696 3187 2785 3243 odi
2806 3188 3142 3260 Synagogam
3169 3203 3521 3260 aversorque,

1913 3279 2054 3349 quod
2083 3278 2372 3349 prophetas
2398 3279 2634 3346 habent,
2663 3295 2764 3336 nec
2810 3281 2876 3335 iis
2913 3280 3140 3336 credunt
3169 3299 3182 3335 :
3213 3282 3399 3337 literas
3436 3295 3524 3337 sa-

1913 3385 2033 3424 cras
2054 3371 2255 3440 legunt,
2277 3384 2376 3425 nec
2392 3370 2700 3424 testimonia
2727 3379 3009 3441 acceptant
3036 3391 3048 3426 :
3071 3372 3216 3443 quod
3240 3372 3522 3429 hominum

1913 3473 1997 3518 est
2045 3477 2204 3534 supra
2255 3461 2474 3518 modum
2522 3463 2923 3534 injuriosorum.
2967 3463 3249 3532 Nam,dic
3285 3465 3440 3530 mihi,
3474 3466 3524 3522 si

1914 3556 2280 3612 venerabilem
2312 3555 2622 3626 quemdam,
2651 3555 2938 3627 insignem,
2967 3565 3128 3627 atque
3155 3557 3419 3613 illustrem
3441 3558 3524 3612 vi-

1915 3665 2033 3704 rum
2057 3650 2109 3703 in
2137 3663 2434 3718 cauponam
2478 3648 2624 3714 duci,
2667 3661 2758 3704 aut
2797 3649 2848 3704 in
2877 3650 3186 3720 speluncam
3227 3651 3522 3718 latronum,

1915 3751 2100 3812 postea
2139 3742 2498 3805 contumeliis,
2541 3743 2882 3809 verberibus,
2916 3753 3078 3813 atque
3129 3743 3339 3815 injuriis
3379 3745 3524 3804 affici

1914 3835 2178 3891 extremis.
2218 3850 2472 3890 cerneres
2510 3853 2523 3890 :
2569 3835 2955 3890 admirandane
3005 3835 3097 3891 tibi
3145 3851 3388 3907 caupona
3427 3847 3524 3893 aut

1914 3928 2166 3998 spelunca
2206 3927 2494 3990 videretur,
2539 3941 2604 3981 eo
2644 3927 2785 3996 quod
2833 3928 3120 3996 prarclarus
3148 3928 3240 3984 ille
3267 3945 3524 4000 magnus-

1915 4036 2020 4090 que
2067 4021 2210 4074 intus
2257 4019 2486 4084 steterit,
2519 4027 2574 4074 et
2604 4021 2997 4076 contumeliose
3035 4030 3295 4077 tractatus
3331 4022 3526 4077 fuerit?

1915 4110 2030 4166 Non
2069 4111 2300 4164 arbitror
2325 4110 2612 4179 equidem;
2645 4111 2738 4165 sed
2771 4107 2892 4165 hac'
2917 4111 3028 4181 ipsa
3059 4112 3127 4167 de
3168 4127 3326 4168 causa
3375 4113 3524 4170 illam

1915 4204 2250 4273 potissimum
2273 4201 2480 4257 odisses
2497 4212 2880 4271 aversatusque
2897 4218 3067 4257 esses.
3090 4203 3231 4258 Idem
3262 4203 3524 4274 judicium

1915 4294 1981 4349 de
2007 4293 2283 4366 Synagoga
2314 4301 2453 4349 esto.
2479 4292 2613 4347 Nam
2649 4293 2936 4364 prophetas
2975 4303 3030 4348 et
3073 4294 3290 4366 Moysen
3337 4311 3525 4352 secum

1917 4385 2041 4440 illuc
2063 4386 2436 4455 importarunt,
2470 4397 2576 4438 non
2607 4393 2663 4438 ut
2687 4383 3036 4450 honorarent,
3061 4385 3153 4439 scd
3183 4397 3240 4440 ut
3265 4385 3525 4456 injuriose

1915 4492 2145 4548 cumque
2166 4477 2452 4548 ignominia
2477 4484 2785 4531 tractarent.
2808 4475 2944 4531 Cum
2965 4477 3107 4531 enim
3132 4491 3228 4532 eos
3247 4477 3523 4534 Christum

1920 4569 2155 4632 novisse,
2181 4577 2235 4622 et
2254 4567 2326 4622 de
2346 4567 2462 4639 ejus
2487 4566 2721 4622 adventu
2747 4565 3041 4638 quidquam
3071 4565 3273 4624 dixisse
3303 4578 3524 4638 negent,

1917 4677 2019 4732 qua
2053 4661 2257 4732 majore
2282 4661 2474 4731 injuria
2500 4669 2700 4730 queant
2727 4669 2944 4715 sanctos
2963 4659 3082 4714 illos
3103 4659 3341 4726 afficere,
3361 4677 3526 4732 quam

1919 4753 2256 4818 accusando,
2306 4769 2461 4808 suum
2503 4753 2649 4822 ipsos
2691 4752 2975 4806 Dominum
3020 4753 3314 4818 ignorasse,
3343 4753 3523 4808 etim-

1921 4841 2133 4912 pictatis
2175 4839 2352 4894 socios
2380 4837 2719 4892 asserenda?
2748 4838 2928 4903 Quare
2956 4836 3077 4890 ideo
3104 4837 3273 4906 magis
3297 4847 3352 4891 et
3377 4838 3527 4908 ipsos

1920 4943 1975 4988 et
1999 4933 2331 5004 Synagogam
2375 4931 2673 4996 oderimus,
2706 4930 2847 5000 quod
2880 4931 2933 4985 in
2962 4939 3177 4986 sanctos
3220 4931 3342 4987 illos
3386 4933 3528 4987 adeo

1918 5025 2340 5080 debacchentur.
2361 5023 2429 5078 At
2451 5022 2577 5093 quid
2593 5022 2660 5078 de
2677 5021 2824 5076 libris
2846 5037 2910 5077 ac
2927 5023 3058 5077 locis
3073 5022 3198 5077 dico
3213 5022 3236 5077 ?
3253 5023 3525 5094 Tempore

1919 5118 2394 5190 persequutionum
2421 5114 2702 5170 carnifices
2728 5130 2954 5184 corpora
2985 5125 3276 5186 martyrum
3302 5125 3519 5184 tenent,

1922 5210 2175 5274 lacerant,
2205 5207 2428 5278 flagellis
2457 5206 2667 5261 caedunt
2701 5224 2714 5258 :
2743 5222 2869 5260 num
2912 5206 3071 5277 igitur
3101 5222 3289 5261 manus
3330 5223 3519 5264 eorum

1919 5310 2118 5357 sanctae
2143 5343 2157 5368 ,
2208 5299 2352 5371 quod
2391 5308 2686 5371 martyrum
2727 5314 2953 5369 corpora
3015 5301 3336 5355 tenuerint?
3375 5301 3523 5358 Nihil

1920 5399 2113 5449 minus.
2146 5394 2261 5450 .lam
2311 5408 2523 5461 manus,
2553 5409 2671 5462 qua:
2714 5402 3019 5448 sanctorum
3060 5409 3284 5464 corpora
3331 5405 3521 5451 tenue-

1922 5503 2062 5556 runt,
2083 5491 2258 5560 impia:
2281 5496 2519 5552 manent,
2536 5488 2857 5558 idcorutique
2873 5487 3012 5558 quod
3033 5488 3194 5558 impie
3209 5498 3518 5556 tenuerunt;

1921 5595 1972 5640 et
2001 5586 2057 5646 ii.
2083 5586 2172 5655 qui
2199 5585 2394 5655 scripta
2430 5593 2737 5638 sanctorum
2770 5591 2996 5638 tractant
3015 5598 3138 5638 cum
3160 5584 3350 5652 injuria
3371 5627 3387 5648 ,
3411 5599 3523 5640 non

1921 5680 2097 5731 minus
2123 5692 2279 5746 quam
2307 5675 2585 5732 carnifices
2616 5673 2910 5746 martyrum
2941 5691 3162 5748 corpora
3182 5715 3198 5739 ,
3226 5676 3525 5728 venerandi

1924 5778 2200 5840 propterea
2233 5767 2426 5825 erunt?
2455 5768 2647 5824 Annon
2677 5775 2936 5825 extremm
2955 5755 3056 5822 huc
3074 5765 3234 5820 fuerit
3257 5761 3524 5821 insaniat?
