4150 6352
683 379 781 435 851

681 506 735 562 Si
767 505 908 561 enim
939 517 1138 559 tantum
1189 506 1356 576 abest,
1387 505 1419 557 ii
1446 505 1612 557 sant-ti
1639 514 1696 583 ut
1725 504 1870 565 fiant,
1916 502 2003 569 qui
2045 513 2265 567 corpora

683 597 844 663 impie
891 607 1193 658 tenuerunt,
1225 608 1279 648 ut
1320 593 1486 663 magis
1523 596 1680 648 etiatn
1729 594 2028 661 polluantur
2059 609 2072 644 :
2107 591 2272 644 multo

683 689 859 740 minus
883 689 1074 755 scripta
1102 688 1215 740 sine
1244 688 1344 740 lide
1375 687 1507 740 lecta
1532 673 1816 739 lectoribus
1843 686 2096 783 umquam
2114 683 2274 783 prod-

681 796 800 834 esse
828 789 1094 850 poterunt.
1131 781 1238 831 lloc
1289 773 1458 847 ipsum
1501 779 1656 847 igitur
1686 777 1901 845 majoris
1941 776 2056 829 illos
2085 774 2272 842 impie-

687 872 810 925 tatis
850 869 1146 930 convincit,
1194 870 1355 924 libros
1384 885 1447 923 eo
1476 869 1697 922 censi-lio
1744 867 2034 934 possidere.
2080 865 2260 932 Net]ue

683 962 824 1014 enim
857 969 1057 1014 tantum
1086 969 1412 1012 mererentur
1429 958 1648 1018 crimen,
1669 958 1711 1010 si
1745 955 2271 1026 prephetarum‘scri-

685 1051 788 1120 ptis
828 1052 1156 1112 caruissent;
1203 1065 1305 1103 non
1352 1058 1456 1102 tam
1504 1047 1692 1115 impuri
1732 1056 1785 1100 et
1821 1045 2022 1115 profani
2068 1053 2266 1110 essent,

683 1141 782 1193 nisi
813 1140 973 1193 libros
1020 1140 1291 1209 legissent.
1337 1137 1487 1192 Nunc
1529 1137 1668 1191 nulla
1699 1137 1824 1206 ipsis
1851 1137 2050 1204 reliqua
2074 1146 2154 1189 est
2181 1150 2271 1188 ve-

683 1230 789 1295 nia,
815 1245 1086 1296 przeconcs
1108 1228 1342 1282 veritatis
1359 1243 1479 1281 cmn
1510 1227 1758 1292 habeant,
1783 1236 1835 1278 et
1862 1237 1964 1290 tam
1990 1224 2096 1327 illis.
2114 1239 2267 1294 quam

682 1320 890 1373 veritati
918 1319 1094 1374 hestili
1120 1320 1298 1373 animo
1325 1322 1591 1373 resistant.
1615 1319 1868 1384 Quocirca
1883 1334 1947 1372 eo
1965 1319 2129 1385 magis
2151 1331 2270 1385 pro-

679 1410 784 1464 fani
809 1422 967 1480 atque
997 1411 1185 1480 itnpuri
1232 1420 1372 1472 suat,
1405 1413 1542 1481 quod
1584 1410 1868 1482 prophetas
1902 1409 2114 1471 habent,
2145 1422 2267 1460 cos-

677 1519 779 1573 que
831 1503 1091 1557 hostiliter
1139 1513 1380 1556 tractant.
1421 1502 1594 1569 Quare
1620 1510 1676 1554 ut
1718 1500 1925 1583 fugiatis
1963 1497 2182 1562 hortor,
2216 1504 2270 1550 et

676 1595 743 1648 ab
762 1611 948 1649 eorum
975 1595 1354 1648 conventiculis
1371 1593 1637 1662 resiliatis.
1663 1591 1772 1644 Non
1798 1605 2013 1659 parvum
2035 1588 2269 1642 hincfra-

679 1686 849 1739 tribus
869 1684 1245 1739 inﬁrmioribus
1264 1684 1530 1744 damnum,
1553 1697 1649 1737 nec
1673 1681 1874 1735 modica
1899 1680 2000 1734 illis
2041 1680 2161 1732 hinc
2182 1693 2270 1730 su-

680 1776 874 1842 perhia:
899 1791 1045 1827 ansa.
1073 1774 1199 1827 Nam
1223 1773 1266 1826 si
1285 1774 1512 1827 viderint
1531 1787 1643 1836 vos,
1660 1773 1745 1841 qui
1763 1768 2267 1825 adoratisChristum

678 1866 742 1916 ah
772 1864 899 1930 ipsis
935 1864 1265 1925 crucifixum,
1311 1863 1639 1918 ceremonias
1679 1862 1888 1916 illorum
1935 1861 2174 1929 persequi
2215 1869 2269 1915 et

684 1955 811 2006 tanti
844 1953 1018 2008 facere
1047 1971 1060 2006 :
1094 1954 1359 2021 quomodo
1390 1969 1490 2005 non
1522 1951 1924 2020 prteclarissime
1951 1954 2126 2004 omnia
2152 1966 2179 2003 a
2211 1965 2268 2005 se

679 2054 822 2111 gesta
848 2058 964 2096 esse
992 2045 1270 2110 putabunt,
1303 2053 1582 2109 nostraque
1612 2040 1802 2095 nullius
1831 2043 1984 2109 pretii
2009 2083 2023 2105 ,
2052 2059 2169 2096 cum
2202 2058 2266 2097 ea

678 2134 862 2185 eolatis
887 2142 938 2185 et
966 2129 1259 2185 observetis
1303 2131 1534 2199 quidem,
1563 2131 1655 2185 sed
1691 2148 1810 2184 cum
1843 2133 1926 2196 iis,
1960 2133 2050 2201 qui
2079 2133 2263 2187 eadem

678 2222 975 2286 destruunt,
1008 2223 1269 2276 curratis?
1296 2223 1356 2277 Si
1399 2224 1531 2293 quis,
1562 2224 1729 2292 inquit
1758 2226 2061 2291 Apostolus,
2089 2228 2266 2280 viderit

680 2324 728 2367 te
769 2315 855 2382 qui
901 2315 1050 2366 habes
1092 2316 1348 2368 scientiam
1385 2316 1434 2367 in
1469 2313 1632 2366 idolio
1664 2318 2028 2370 recumbentem
2058 2334 2076 2371 :
2103 2336 2267 2374 nonne

678 2407 977 2458 conscientia
1006 2408 1135 2476 ejus,
1162 2408 1246 2474 qui
1265 2406 1497 2473 inﬁrmus
1519 2414 1592 2458 est
1611 2448 1623 2469 ,
1655 2406 1987 2473 (ediﬁcabitur
2024 2413 2090 2466 ad
2111 2411 2262 2464 eden-

678 2497 799 2549 dunt
829 2513 886 2550 ea
928 2514 1038 2566 qua:
1079 2507 1193 2550 sunt
1240 2497 1388 2550 idolis
1429 2497 1688 2549 immolata
1716 2497 1791 2564 (l.
1826 2498 1942 2552 Cor.
1971 2500 2172 2570 8.10)?
2200 2503 2263 2556 Et

679 2602 779 2654 ego
817 2587 956 2647 dico,
985 2587 1024 2639 si
1053 2587 1167 2656 quis
1207 2587 1395 2638 viderit
1427 2595 1498 2650 te,
1540 2587 1626 2654 qui
1655 2586 1927 2641 scientiam
1970 2586 2153 2654 habes,
2195 2591 2261 2645 ad

677 2678 1006 2748 Synagogam
1050 2679 1215 2742 abire,
1238 2679 1389 2731 tuhas
1431 2687 1706 2744 spectare:
1738 2692 1912 2738 nonne
1933 2685 2259 2743 conscientia

677 2769 814 2839 ejus,
842 2784 960 2823 cum
1007 2768 1248 2824 infirmus
1286 2769 1374 2836 sit,
1399 2778 1698 2825 chIruetur
1721 2771 1785 2825 ad
1813 2789 1986 2828 rerum
2011 2775 2257 2831 Judaica-

678 2877 796 2916 rum
815 2861 1212 2915 admirationem
1233 2861 1256 2914 ‘i
1279 2861 1375 2928 Qui
1399 2862 1556 2925 cadit,
1579 2878 1680 2916 non
1706 2865 1880 2931 lapsus
1900 2867 2054 2919 modo
2077 2883 2258 2934 pmuas

677 2950 786 3015 dat,
819 2953 910 3005 sed
937 2953 1055 3021 quia
1077 2953 1210 3006 alios
1235 2946 1790 3016 ctiamsupplantavit.
1809 2953 2055 3018 punitur:
2074 2949 2261 3022 quem-

675 3040 968 3095 admodum
1021 3049 1194 3104 stans,
1252 3051 1359 3091 non
1409 3047 1624 3108 propter
1649 3041 1893 3098 virtutem
1937 3055 2137 3101 tantum
2165 3065 2256 3102 co-

670 3118 917 3182 ronatur;
946 3122 1036 3175 sed
1061 3125 1180 3192 quia
1205 3126 1452 3181 eumdem
1481 3130 1534 3182 in
1563 3130 1680 3184 aliis
1704 3132 1873 3187 zelum
1902 3137 2168 3204 excitavit,
2201 3140 2250 3193 in

668 3211 1020 3266 admiratione
1060 3223 1158 3269 est.
1203 3215 1415 3270 Illorum
1465 3219 1620 3288 igitur
1667 3230 1719 3276 ct
1741 3235 2029 3280 conventus
2058 3238 2110 3281 et
2135 3229 2249 3283 loca

670 3301 864 3371 fugite;
895 3319 988 3357 nec
1040 3306 1314 3374 quisquam
1367 3321 1579 3376 preptcr
1606 3309 1767 3366 libi'os
1795 3313 2123 3386 Syuagogam
2155 3334 2247 3373 ve-

669 3401 921 3456 neretur,
969 3394 1065 3448 sed
1112 3407 1326 3465 propter
1383 3400 1500 3452 illos”
1545 3401 1680 3455 hanc
1720 3403 1846 3457 odio
1902 3419 2251 3478 prosequatur

667 3470 1028 3550 fastidiatque.
1077 3483 1205 3538 Nam
1253 3487 1303 3539 in
1341 3490 1715 3544 contumeliam
1760 3504 1974 3550 sanctos
2030 3505 2247 3566 tenent,

666 3572 788 3640 quia
819 3573 991 3626 verbis
1018 3574 1224 3628 illorum
1251 3576 1406 3631 fidem
1428 3578 1699 3650 derogant,
1720 3583 1840 3653 quia
1860 3594 2110 3643 extrema:
2131 3589 2249 3646 illos

666 3662 950 3731 impietatis
975 3680 1094 3719 reos
1121 3666 1337 3721 faciunt.

736 3753 788 3806 6.
845 3747 1030 3808 Veteris
1084 3757 1388 3813 Testamenti
1442 3763 1785 3835 interpretatio
1835 3770 1925 3823 sub
1972 3771 2248 3830 Ptolemwo

666 3841 1031 3915 Philadelpho.
1056 3850 1209 3901 —At
1251 3860 1306 3902 ut
1349 3856 1707 3920 cognoscatis,
1757 3858 1918 3914 libros
1958 3862 2086 3917 nihil
2132 3865 2249 3920 loco

670 3935 965 3989 sanctitatis
993 3936 1254 4002 conferre,
1288 3942 1379 3994 Sed
1410 3945 1570 4009 pollui
1603 3946 1756 4001 istum
1787 3965 1992 4032 eorum,
2028 3955 2114 4023 qui
2143 3957 2248 4011 illic

670 4025 991 4078 conveniunt
1017 4069 1029 4088 ,
1078 4027 1318 4082 instituto
1344 4048 1356 4083 :
1383 4032 1655 4088 historiam
1685 4040 1915 4094 veterem
1931 4025 2094 4098 vvobis
2124 4061 2248 4101 nar.

664 4113 815 4165 ratio.
867 4113 1000 4168 Cum
1030 4115 1348 4173 Ptolenncus
1385 4121 1788 4193 Philadelphus,
1837 4129 1986 4186 libris
2016 4124 2246 4205 undique

663 4202 927 4269 collcCtis,
972 4209 1337 4275 cognovisset,
1390 4215 1523 4281 apud
1571 4215 1780 4273 ,Ιυιιςιεοε
1828 4223 1987 4277 etiam
2037 4235 2245 4284 exstare

661 4292 854 4360 scripta
876 4334 890 4356 ,
923 4310 1040 4363 qua:
1079 4295 1146 4349 de
1188 4297 1294 4350 Deo
1321 4309 1479 4370 atque
1509 4306 1704 4373 optima
1738 4311 2043 4379 reipublicae
2075 4316 2242 4374 forma

658 4391 893 4446 agerent,
915 4385 1186 4440 accersitis
1203 4403 1232 4441 e
1249 4388 1430 4443 Judaza
1464 4394 1586 4448 viris
1615 4396 1663 4449 in
1692 4413 1920 4466 graecum
1941 4421 2242 4464 sermonem

659 4470 744 4523 illa
779 4473 888 4540 ipsa
924 4489 1131 4544 pcreos
1158 4483 1515 4537 convertenda
1537 4492 1773 4556 curavit,
1815 4502 1970 4565 atque
2001 4497 2051 4552 in
2083 4499 2241 4554 Sera-

659 4562 797 4629 pidis
829 4566 1024 4634 templo
1065 4572 1332 4639 reposuit:
1353 4585 1467 4629 erat
1496 4580 1636 4633 enim
1668 4581 1825 4639 homo
1851 4601 2070 4657 graecus,
2105 4603 2156 4647 ct
2188 4595 2240 4649 in

658 4651 798 4706 hunc
837 4654 978 4709 diem
1014 4675 1181 4728 usque
1212 4661 1467 4720 lihrormn
1516 4664 1945 4739 propheticorum
1977 4681 2238 4752 interpre-

657 4743 790 4796 tatio
819 4743 888 4798 ibi
919 4759 1179 4802 servatur.
1216 4753 1421 4822 Ergone
1448 4762 1698 4828 templum
1730 4765 1996 4834 Serapidis
2025 4743 2240 4841 pro-pter

655 4829 823 4886 libros
851 4844 1090 4891 sanctum
1121 4841 1256 4893 crit?
1283 4845 1451 4900 Absit.
1478 4844 1582 4903 Sed
1604 4864 1696 4905 sua
1726 4854 1827 4908 illis
1857 4869 1938 4912 est
1963 4864 2234 4930 sanctitas,

655 4935 813 4987 quam
843 4938 961 4977 eum
991 4925 1108 4982 loco
1137 4945 1240 4983 non
1264 4939 1658 4995 communicant
1689 4955 1902 5014 propter
1928 4964 2113 5005 eorum
2145 4956 2234 5024 qui

654 5009 761 5063 illic
809 5019 1137 5071 conveniunt
1179 5020 1558 5090 impuritatem.
1613 5032 1752 5087 Idem
1782 5047 1835 5090 et
1863 5038 1929 5094 de
1960 5041 2234 5115 Synagoga

653 5105 980 5160 censendum
1012 5099 1115 5167 est:
1143 5110 1360 5168 Etiamsi
1407 5120 1546 5175 enim
1576 5126 1775 5180 nullum
1805 5130 1870 5184 ibi
1904 5132 2100 5191 Idolum
2129 5140 2230 5208 sit,

660 5201 836 5246 tamen
865 5193 1145 5260 dtemonesf
1163 5202 1333 5258 locum
1362 5207 1616 5266 incolunt.
1646 5215 1793 5281 Quod
1824 5237 1926 5275 non
1955 5225 2021 5279 de
2050 5243 2109 5282 ea
2143 5246 2233 5285 so-

648 5285 757 5336 lmn
807 5285 1082 5359 Synagoga
1130 5292 1288 5360 dico,
1340 5314 1458 5366 quae
1509 5302 1594 5358 hic
1638 5317 1758 5373 est;
1809 5315 1900 5368 sed
1947 5325 2001 5371 ct
2045 5318 2132 5373 illa
2179 5323 2230 5378 in

648 5373 895 5441 Daphne,
929 5380 1013 5433 ubi
1044 5381 1349 5440 barathrum
1371 5389 1621 5459 deterius,
1657 5401 1794 5467 quod
1819 5403 2068 5463 Matrona:
2091 5411 2104 5441 ¹
2131 5428 2221 5466 vo-

708 5506 724 5535 ι
748 5513 952 5600 statrpna
973 5512 1110 5600 cpjus
1132 5515 1289 5586 cultus
1312 5519 1357 5568 in
1397 5525 1651 5600 Alntiochiae
1684 5533 1913 5585 suburbio
1937 5541 2132 5600 Daphne
2155 5546 2231 5598 hic

713 5580 858 5600 "mm
881 5583 939 5600 nn
965 5585 992 5600 η
1037 5586 1248 5600 Anan-ou...
1305 5593 1412 5600 -.-μμ
1460 5599 1466 5600 ,

645 5577 939 5618 meimratur
965 5581 1015 5620 et
1037 5578 1264 5636 carpitur,
1304 5583 1426 5642 apud
1451 5577 2226 5669 quosdamviiin—oiiiielligaiatiig

645 5631 778 5669 cuius
804 5640 936 5669 teram
963 5633 1152 5669 (liuore-1
1181 5642 1300 5669 ηρ...]
1328 5647 1477 5669 ..η-ιω.
1507 5659 1619 5669 ην.-.
1637 5665 1650 5669 -
1673 5668 1677 5669 γ
1825 5659 1833 5667 .
1995 5665 2001 5669 .

643 5631 941 5720 ουλιιε-εειξωη
963 5631 1155 5684 diversa
1180 5631 1301 5700 apud
1328 5631 1481 5693 varias

643 5697 827 5720 f‘lll'nllu
876 5705 1011 5720 Ilnlnn
1062 5704 1260 5720 ιΙΑι-Α--
1307 5710 1330 5720 ιιι
1355 5718 1361 5720 .
1405 5707 1418 5720 ι
1650 5716 1656 5720 .

1427 5720 1481 5754 na
1504 5693 2087 5782 Et

1436 388 1490 443 S.
1523 383 1800 443 JI’MNNIS
1839 378 2314 440 CllRYSOSTOMI
2356 375 2672 436 ARClllEP.
2713 380 3247 443 CONSTANTINOP.

3849 382 3964 436 85").

2379 508 2521 547 cant.
2566 495 2695 549 Nam
2744 499 2937 553 multos
2969 499 3150 556 ﬁdeles
3183 503 3306 558 illuc
3343 507 3638 564 ascendere
3665 513 3874 580 audivi,
3911 527 3966 573 et

2373 584 2521 652 juxta
2565 587 2739 640 locum
2778 588 3031 644 dormire.
3077 594 3180 647 Sed
3227 595 3398 663 absit,
3451 600 3569 655 illos
3611 620 3861 673 umquam
3908 622 3964 664 ut

2376 675 2559 728 fideles
2580 677 2866 744 appellem.
2898 680 3021 734 Mihi
3049 693 3098 735 ct
3134 683 3418 754 Matrona,
3449 700 3502 744 et
3526 694 3788 762 Apollinis
3819 709 3961 753 tein-

2377 766 2543 833 plum,
2573 770 2683 835 pari
2709 770 2913 825 ratione
2934 774 3195 840 impurum
3219 787 3320 831 est.
3343 779 3490 844 Quod
3517 785 3560 837 si
3589 801 3676 841 me
3697 789 3960 859 quispiam

2374 857 2609 912 audacia:
2635 862 2973 929 condemnet,
3005 881 3122 919 eum
3157 884 3258 937 ego
3285 871 3514 928 vicissim
3531 871 3795 935 extrema:
3817 884 3962 939 insa-

2376 951 2476 1003 niae
2504 951 2888 1009 condemnabo.
2921 956 3074 1020 Nam,
3103 959 3193 1014 die
3222 962 3370 1031 mihi,
3404 966 3490 1021 ubi
3515 968 3787 1028 dmmoaes
3809 976 3957 1032 habi-

2379 1047 2527 1101 tant,
2569 1057 2746 1097 nonne
2791 1045 3074 1114 impietatis
3124 1050 3211 1105 ille
3255 1052 3420 1119 locus,
3466 1058 3671 1116 etiamsi
3713 1065 3854 1119 nulla
3887 1071 3960 1124 ibi

2374 1140 2545 1186 statua
2582 1134 2688 1187 sit?
2718 1134 2814 1190 Ubi
2850 1137 3046 1193 Christi
3093 1142 3462 1202 interfectores
3501 1156 3918 1224 congrediuntur
3941 1204 3957 1225 ,

2377 1220 2463 1273 ubi
2511 1236 2640 1276 crux
2673 1226 3020 1293 exturbatur,
3073 1233 3159 1286 ubi
3212 1234 3348 1289 Deus
3390 1220 3817 1313 blasphematur,
3869 1251 3958 1304 ubi

2376 1311 2532 1367 Pater
2559 1315 2832 1381 ignoratur
2856 1359 2869 1381 ,
2902 1319 2989 1374 ubi
3019 1321 3180 1378 Filius
3210 1332 3547 1386 contumeliis
3561 1330 3834 1405 ial‘licitur,
3867 1343 3956 1396 ubi

2378 1403 2610 1472 Spiritus
2636 1409 2805 1476 gratia
2835 1410 3102 1479 rcjicitur:
3125 1418 3284 1485 quin,
3326 1435 3444 1476 cum
3482 1423 3579 1494 ipsi
3607 1403 3828 1499 quoque
3842 1433 3957 1490 da:-

2373 1510 2559 1550 mones
2605 1499 2742 1564 sint,
2806 1518 2988 1559 annon
3039 1508 3206 1578 majus
3253 1511 3374 1567 hinc
3405 1514 3958 1583 detrimentumHllic

2372 1586 2513 1640 enim
2542 1589 2681 1642 nuda
2710 1600 2790 1646 est
2819 1603 2871 1647 et
2898 1599 3178 1666 conspicua
3211 1602 3474 1674 impietas,
3505 1625 3623 1678 qua“:
3654 1631 3757 1669 non
3798 1617 3956 1675 facile

2373 1687 2549 1733 mente
2575 1681 2851 1748 praeditum
2893 1698 2948 1739 et
2983 1704 3167 1744 sanum
3211 1695 3485 1762 pellexerit
3532 1711 3620 1757 aut
3659 1705 3953 1778 deceperit.

2372 1769 2470 1825 llic
2497 1788 2643 1838 vero,
2673 1791 2794 1831 cum
2820 1793 2876 1832 se
2899 1780 3122 1837 adorare
3148 1785 3324 1843 dicant
3359 1790 3522 1846 Deum
3552 1806 3602 1849 et
3636 1797 3770 1852 idola
3799 1817 3955 1856 aver-

2372 1864 2512 1930 sari,
2563 1869 2848 1937 pr0phetas
2895 1871 3092 1930 habere
3144 1887 3196 1933 et
3243 1880 3537 1955 honorare,
3583 1893 3758 1948 verbis
3807 1895 3955 1952 hisce

2377 1956 2596 2010 multum
2628 1974 2763 2014 esca:
2811 1977 3127 2032 prmparanl,
3173 1981 3226 2025 ct
3269 1975 3613 2044 simpliciores
3657 1993 3814 2054 atque
3852 1987 3955 2041 im-

2373 2047 2660 2114 prudentes
2690 2050 2926 2107 incautos
2957 2057 3218 2123 irretiunt.
3263 2065 3435 2129 Quare
3479 2069 3732 2138 impietas
3750 2088 3832 2128 est
3856 2094 3953 2131 ca-

2371 2138 2488 2192 dem
2509 2148 2559 2192 rt
2585 2142 2708 2209 ipsis
2729 2155 2782 2198 et
2799 2145 2995 2201 ercis
3015 2167 3028 2202 :
3047 2152 3331 2220 impostura
3357 2168 3531 2214 autem
3560 2172 3774 2219 utuntur
3794 2168 3955 2240 longe

2374 2232 2770 2298 perniciosiore.
2819 2238 2947 2294 Nam
2991 2257 3135 2297 aram
3169 2245 3368 2303 fraudis
3410 2253 3604 2309 habent
3644 2273 3747 2313 non
3790 2276 3953 2332 aspe-

2372 2321 2618 2376 ctabilem
2665 2325 2762 2394 ipsi
2809 2344 3056 2401 quoque,
3096 2337 3182 2391 ubi
3228 2354 3328 2393 nou
3357 2357 3484 2397 oves
3512 2356 3566 2402 et
3588 2348 3812 2417 vitulos,

2373 2413 2579 2468 animas
2625 2416 2892 2472 hominum
2938 2435 3189 2481 mactant.
3246 2429 3477 2502 Denique
3523 2438 3566 2490 Si
3608 2438 3824 2496 Judaica
3855 2447 3952 2501 tibi

2371 2502 2771 2562 admirationem
2796 2525 3026 2576 movent,
3056 2533 3171 2584 qua}
3201 2520 3292 2574 tibi
3319 2525 3454 2580 ratio
3484 2529 3758 2585 nobiscum
3789 2550 3948 2589 com-

2372 2594 2593 2649 munis?
2621 2594 2754 2648 Nam
2778 2597 2825 2653 si
2873 2601 2958 2657 illa
2992 2603 3294 2664 Judzeorum
3322 2619 3620 2671 veneranda
3651 2632 3704 2675 et
3751 2640 3944 2694 magna

2369 2695 2510 2752 sunt,
2544 2699 2723 2743 nostra
2753 2706 2908 2748 erunt
2934 2694 3086 2763 falsa,
3119 2698 3198 2755 sin
3236 2698 3344 2758 haec
3382 2719 3523 2771 vera,
3554 2711 3724 2780 qualia
3760 2717 3948 2791 utique

2372 2788 2532 2841 sunt,
2583 2779 2669 2832 illa
2699 2795 2854 2838 erunt
2888 2786 3086 2844 fraudis
3113 2793 3287 2860 plena.
3327 2797 3441 2850 Non
3469 2779 3643 2862 divina
3669 2812 3790 2866 dico
3821 2779 3948 2868 cum-

2365 2867 2510 2932 cula;
2555 2869 2726 2936 absit,
2775 2872 2886 2928 haec
2913 2879 3052 2932 enim
3085 2897 3170 2935 me
3195 2884 3259 2944 ad
3286 2885 3552 2949 Christum
3593 2902 3742 2968 quasi
3785 2920 3949 2960 manu

2366 2956 2633 3016 duxerunt
2667 2981 2680 3017 :
2713 2965 2805 3019 sed
2857 2968 3179 3038 impietatem
3230 2979 3439 3050 illurn-tn
3475 2997 3525 3041 ct
3558 2989 3817 3047 insaniam
3846 2995 3949 3050 ho-

2365 3048 2626 3105 diernam.
2672 3057 2739 3108 At
2779 3059 2918 3113 enim
2967 3073 3172 3132 tempus
3223 3048 3475 3142 requirit,
3528 3089 3584 3133 ut
3626 3084 3942 3153 ostendam,

2363 3141 2632 3197 daemones
2671 3147 2835 3202 etiam
2879 3142 2946 3204 ilii
2991 3154 3261 3227 habitare,
3295 3141 3465 3233 neque
3509 3169 3560 3223 in
3602 3171 3692 3226 illo
3739 3185 3944 3234 tantum

2361 3230 2516 3299 loco,
2562 3235 2655 3288 sed
2700 3246 2754 3291 ct
2789 3241 2839 3292 in
2885 3242 3013 3311 ipsis
3053 3246 3355 3308 Judzeorum
3386 3259 3596 3314 animis.
3643 3263 3783 3320 Nam
3825 3286 3943 3324 cum

2359 3502 2570 3563 invenit:
2613 3521 2851 3580 revertar,
2892 3515 3086 3586 inquit,
3131 3522 3183 3576 in
3225 3524 3429 3580 domum
3479 3548 3658 3588 meant.
3710 3537 3780 3591 Et
3826 3557 3941 3597 cum

2360 3597 2510 3662 venit,
2542 3602 2726 3654 Invenit
2753 3620 2862 3657 eam
2883 3620 3162 3679 vacantem,
3191 3618 3356 3686 scopis
3382 3624 3692 3692 mandatam,
3721 3639 3767 3682 et
3788 3647 3941 3686 orna-

2360 3693 2481 3738 tam.
2506 3686 2649 3741 Tunc
2672 3693 2825 3759 vadit,
2847 3705 2893 3748 et
2918 3701 3126 3754 assumit
3153 3715 3336 3773 septem
3365 3710 3493 3762 alios
3519 3714 3725 3781 spiritus
3745 3734 3936 3787 secum,

2357 3778 2614 3845 nequiores
2643 3798 2714 3847 se,
2747 3797 2794 3838 et
2821 3787 3120 3858 ingreditur,
3155 3805 3200 3848 et
3229 3809 3375 3852 erunt
3406 3805 3675 3860 novissima
3721 3810 3935 3868 hominis

2354 3867 2494 3922 illius
2547 3874 2721 3942 pejora
2773 3878 3041 3946 prioribus.
3099 3885 3190 3939 Sic
3238 3891 3333 3942 erit
3368 3903 3416 3944 et
3461 3899 3770 3964 θρησωὶοηί
3820 3867 3936 3960 huic

2359 3957 2570 4028 (Matth.
2605 3962 2689 4026 19.,
2717 3966 2913 4033 43-45;
2945 3970 3070 4025 Luc.
3103 3976 3188 4030 11.
3216 3976 3449 4046 24-26),

2421 4051 2615 4108 Animae
2639 4055 2935 4115 Judteorum
2957 4064 3241 4122 dwmonum
3267 4073 3573 4131 habitacula.
3596 4109 3667 4121 —
3688 4081 3850 4141 Vides
3880 4087 3927 4142 in

2352 4141 2583 4210 ipsormn
2615 4150 2803 4205 animis
2827 4169 2964 4210 nunc
2985 4156 3221 4215 habitare
3246 4165 3516 4224 tlzemones
3547 4171 3811 4239 prioribus
3833 4178 3920 4232 de-

2353 4236 2609 4292 teriores?
2638 4256 2807 4311 neque
2849 4245 2900 4299 id
2945 4247 3157 4316 injuria.
3186 4252 3338 4309 Tunc
3366 4259 3506 4313 enim
3551 4262 3602 4316 in
3645 4269 3920 4336 prophetas

2352 4329 2672 4396 peccabaut,
2707 4351 2844 4389 nunc
2874 4338 3044 4407 ipsum
3077 4345 3450 4413 prophetarum
3493 4352 3768 4412 dominum
3797 4375 3925 4416 cou-

2349 4420 2561 4473 tumelia
2601 4422 2962 4493 insequuntur.
3008 4431 3138 4487 Cum
3181 4439 3482 4495 hominibus
3527 4444 3703 4514 igitur,
3745 4448 3922 4517 dicite,

2348 4505 2709 4579 dremOniacis,
2743 4516 2932 4584 quibus
2955 4528 3032 4574 tot
3059 4526 3181 4577 Sunt
3211 4526 3401 4597 impuri
3429 4505 3665 4602 spiritus,
3689 4505 3747 4591 in
3773 4538 3927 4609 jugu-

2347 4598 2504 4653 lantlo
2549 4612 2602 4656 et
2637 4609 2928 4665 occidendo
2970 4617 3213 4670 enutritis
3242 4630 3401 4690 atque
3436 4598 3704 4694 educatis,
3735 4632 3925 4689 eodem

2347 4689 2463 4744 loco
2488 4700 2900 4766 congregamini,
2933 4717 3106 4772 neque
3135 4705 3476 4766 horrescitis?
3500 4714 3634 4770 Num
3661 4719 3803 4773 enim
3833 4735 3927 4776 sa-

2345 4781 2613 4839 lulationis
2638 4787 2822 4843 horum
2849 4793 3125 4864 participes
3149 4814 3286 4866 esse,
3311 4813 3362 4857 et
3384 4804 3696 4876 simpliciter
3717 4825 3928 4870 sermo-

2345 4887 2464 4926 nem
2492 4877 2733 4934 conferre
2759 4894 2982 4950 oportet,
3011 4902 3073 4943 ac
3101 4905 3204 4944 non
3247 4895 3420 4961 potius
3456 4912 3548 4954 eos
3589 4911 3644 4955 ut
3682 4916 3927 4960 commu-

2343 4978 2486 5032 nem'
2513 4966 2652 5020 luem
2699 4979 2753 5024 et
2799 4976 3041 5030 morbum
3094 4982 3253 5036 totius
3304 4986 3449 5042 orbis
3492 4991 3762 5047 aversari?
3805 4994 3930 5061 Quo

2342 5057 2559 5114 sceleris
2599 5077 2795 5130 genere
2837 5082 2941 5121 non
2989 5083 3112 5126 sunt
3153 5073 3422 5133 defuncti?
3457 5080 3643 5138 Nonne
3684 5087 3929 5144 omnium

2341 5151 2718 5220 prophetarum
2746 5160 3030 5217 conciones
3057 5166 3256 5221 crebrte
3276 5180 3328 5223 ct
3349 5172 3567 5240 prolixa:
3594 5176 3644 5230 in
3675 5177 3737 5231 iis
3758 5193 3929 5233 accu-

2339 5242 2520 5297 sandis
2550 5258 2876 5319 consumptae
2896 5256 3052 5307 sunt?
3076 5256 3242 5324 Quam
3275 5265 3609 5332 tragoediam,
3641 5269 3778 5338 quod
3815 5271 3929 5326 ini-

2339 5333 2553 5401 quitatis
2598 5342 2900 5408 exemplum
2946 5346 3057 5400 suis
3103 5350 3179 5403 illi
3223 5352 3438 5410 nefariis
3479 5357 3772 5416 homicidiis
3809 5378 3926 5420 non

2338 5428 2729 5482 obscuraruut‘t
2776 5433 3118 5492 Immolarunt
3171 5441 3304 5497 ﬁlios
3350 5455 3403 5500 et
3455 5448 3592 5502 filias
3638 5450 3924 5510 drcmoniis

2342 5512 2509 5583 (Psal.
2544 5518 2662 5571 l05.
2696 5521 2806 5591 '57),
2851 5536 3088 5581 naturam
3133 5545 3409 5597 exuerunt,
3457 5536 3697 5593 dolorum
3735 5553 3925 5610 partus

2337 5605 2484 5658 obliti
2535 5619 2691 5675 sunt,
2747 5613 3112 5672 educationem
3162 5621 3449 5680 liberorum
3497 5630 3919 5702 proculcarunt,

2337 5695 2478 5764 leges
2495 5703 2961 5771 consanguinitatis
2978 5706 3210 5765 funditus
3231 5724 3552 5783 everterunt,
3573 5718 3922 5780 imman'tores

2340 5789 2483 5842 omni
2516 5788 2682 5846 bestia
2713 5793 2831 5850 facti
2861 5809 3000 5856 sunt.
3032 5800 3161 5857 Nam
3189 5803 3370 5861 bestiae
3400 5821 3771 5880 smpenumcro
3797 5813 3919 5870 aui-
