4150 6352
630 389 767 484 ίεετ

662 511 828 579 θηρία
873 510 971 582 μὲν
1015 510 1124 584 γὰρ
1167 507 1260 565 καὶ
1294 513 1391 580 τὴν
1432 511 1609 581 ψυχὴν
1649 510 1927 564 ἐπιδίδωσι
1962 508 2256 571 πολλάκις,

659 585 756 650 καὶ
789 593 904 665 ’τῆς
929 594 1137 658 οἰκείας
1173 596 1509 664 καταφρονεῖ
1544 589 1854 663 σωτηρίας,
1904 591 2045 645 ὥστε
2090 592 2259 662 ὑπερ-

658 677 886 735 ασπίσαι
912 675 1020 731 τῶν
1049 678 1318 746 ἐκγόνων·
1346 670 1492 730 οὗτοι
1516 677 1572 731 δὲ
1603 677 1862 746 οὐδεμιᾶς
1893 676 2140 746 ἀνάγκης
2170 674 2259 728 οὕ-

661 775 760 830 σης
785 761 910 822 τοὺς
950 759 1007 826 ἐξ
1047 761 1224 814 αὐτῶν
1258 759 1460 828 φύντας
1487 762 1608 822 ταῖς
1640 759 1867 821 οίκείαις
1897 756 2246 827 κατέσφαξαν

659 846 867 915 χερσὶν,
899 844 989 898 ἵνα
1027 845 1154 908 τοὺς
1201 845 1431 915 ἐχθροὺς
1462 844 1560 914 τῆς
1599 841 1876 913 ἡμετέρας
1911 841 2058 911 ζωῆς
2082 879 2097 903 ,
2128 842 2257 903 τοὺς

652 927 964 998 ἀλάστορας
996 925 1377 998 θεραπεύσωσι
1420 925 1700 996 δαίμονας.
1735 924 1802 976 Τί
1843 925 1906 978 ἄν
1941 941 2026 986 τις
2071 922 2255 976 αὐτῶν

661 1009 965 1080 ἐκπλαγείη
1007 1009 1290 1081 πρότερον,
1329 1008 1430 1080 τὴν
1469 1008 1724 1062 ἀσέϐειαν
1757 1005 1789 1076 ἢ
1829 1005 1926 1076 τὴν
1957 1006 2253 1076 ὡμότητα,

657 1092 756 1144 καὶ
786 1106 883 1164 την
916 1090 1348 1162 ἀπανθρωπίαν;
1391 1094 1472 1145 δτι
1503 1092 1630 1168 τοὸς
1664 1090 1814 1152 υίοὺς
1849 1088 2070 1152 ἔθυσαν,
2109 1088 2142 1159 ἦ
2172 1090 2255 1141 ὅτι

659 1178 773 1240 τοῖς
798 1176 1097 1246 δαιμονίοις
1127 1175 1324 1228 ἔθυσαν
1349 1192 1364 1240 ;
1410 1173 1569 1226 Ἀλλά
1597 1171 1886 1240 ἀσελγείας
1917 1171 2104 1224 ἕνεκεν
2134 1170 2254 1241 οὐχὶ

662 1259 755 1312 καὶ
786 1257 855 1311 τὰ
883 1258 1188 1326 λαγνότατα
1216 1256 1323 1310 τῶν
1357 1256 1567 1324 ἀλόγων
1598 1254 1954 1324 ἀπέκρυψαν;
1986 1256 2254 1306 Ἄκουσον

660 1343 754 1397 τοῦ
801 1345 1106 1414 προφήτου,
1141 1344 1192 1396 τί
1234 1359 1365 1412 φησι
1412 1342 1540 1412 περὶ
1572 1340 1673 1409 τῆς
1704 1338 2003 1401 ἀκολασίας
2031 1339 2212 1398 αὐτῶν
2236 1353 2250 1368 ο

660 1428 1245 1496 Ἰπποιθηλυμανεῖς
1255 1424 1554 1495 ἐγένοντο·
1575 1424 1835 1488 ἕκαστος
1851 1421 2008 1501 [597]
2020 1422 2114 1474 ἐπὶ
2137 1422 2251 1489 τὴν

661 1509 917 1579 γυναῖκα
946 1509 1050 1564 τοῦ
1086 1510 1356 1577 πλησίον
1381 1508 1572 1562 αὐτοῦ
1605 1503 1989 1578 ἐχρεμέτιᾷιν.
2025 1506 2140 1558 Οὐκ
2169 1502 2248 1558 εῖ-

659 1609 782 1656 πεν,
834 1593 1064 1656 ἕκαστος
1102 1593 1201 1662 τῆς
1245 1591 1504 1661 γυναικὸς
1539 1589 1634 1643 τοῦ
1685 1589 1913 1660 πλησίον
1947 1587 2251 1657 ἐπεθύμει,

655 1677 773 1732 ’ἀλλ’
803 1679 1265 1750 ἐμφαντικώτατα
1290 1679 1355 1749 τῇ
1378 1677 1484 1730 τῶν
1515 1675 1725 1743 ἀλόγων
1752 1675 1903 1744 φωνῇ
1933 1671 2033 1744 τὴν
2062 1675 2127 1727 ἐκ
2155 1675 2254 1743 τῆς

651 1762 949 1829 ἀσελγείας
981 1761 1340 1830 ἐγγινομένην
1373 1759 1558 1820 αὐτοῖς
1586 1755 1787 1828 μανίαν
1822 1756 2104 1825 ἐνέφηνεν.

725 1832 796 1909 ζ’.
815 1844 881 1896 Τί
899 1841 1150 1912 βούλεσθε
1162 1842 1348 1914 ⁶ἕτερον
1361 1840 1499 1894 εῖπω
1515 1857 1529 1900 ;
1545 1840 1644 1904 τάς
1657 1839 1935 1910 ἀρπαγάς,
1956 1839 2053 1901 τὰς
2073 1837 2255 1892 πλεον-

655 1929 810 1995 εξίας
831 1970 844 1989 ,
870 1927 970 1991 τάς
1004 1927 1114 1980 τῶν
1142 1929 1390 1996 πενήτων
1420 1924 1710 1994 προδοσίας
1732 1964 1747 1988 ,
1775 1924 1874 1988 τάς
1903 1923 2132 1985 κλοπὰς,
2154 1921 2252 1988 τὰς

659 2010 1000 2083 καπηλείας;
1049 2010 1187 2064 Ἀλλ’
1222 2010 1342 2062 ούδέ
1377 2012 1523 2062 πᾶσα
1554 2009 1684 2078 ήμῖν
1723 2007 1860 2077 πρὸς
1910 2007 2114 2076 ταύτην
2156 2007 2252 2077 ἀρ⁴

658 2096 811 2148 κέσει
849 2095 947 2165 τὴν
975 2094 1228 2164 διήγησιν
1264 2094 1296 2162 ἡ
1331 2092 1531 2162 ἡμέρα.
1583 2088 1724 2141 Ἀλλ’
1761 2089 1817 2143 αἱ
1847 2088 2050 2160 ἑορταί
2072 2088 2251 2140 αύτῶν

659 2179 860 2251 σεμνὸν
890 2178 1073 2248 ἔχουσί
1106 2194 1155 2230 τι
1189 2177 1282 2228 καὶ
1321 2174 1501 2245 μέγα;
1535 2173 1645 2226 Kal
1675 2170 1846 2235 αύτάς
1881 2171 1979 2240 μὲν
2007 2166 2100 2223 οὖν
2127 2170 2252 2223 ταύ-

658 2281 758 2327 τας
807 2261 1150 2333 ἀκαθάρτους
1198 2258 1484 2321 ἀπέδειξαν
1523 2266 1566 2310 ⁸.
1635 2255 1906 2307 Ἀκουσον
1957 2253 2089 2322 γοῦν
2143 2256 2253 2306 τῶν

649 2345 978 2415 προφητῶν,
1031 2344 1230 2413 μᾶλλον
1263 2342 1318 2394 δέ
1358 2342 1590 2395 ἄκουσον
1621 2337 1712 2390 τοῦ
1749 2337 1882 2389 Θεοῦ
1906 2377 1919 2400 ,
1967 2337 2085 2407 μεθ’
2121 2337 2252 2407 ὅσης

641 2429 830 2491 ἀὑτὰς
881 2425 1286 2497 ἀποστρέφεται
1352 2423 1450 2492 τῆς
1500 2419 1834 2491 ὑπερϐολῆς·
1902 2421 2249 2488 Μεμίσηκα,

659 2510 939 2579 ἀπῶσμαι
971 2508 1076 2573 τὰς
1118 2505 1320 2573 ἑορτὰς
1363 2502 1547 2572 ὑμῶν.
1587 2502 1648 2556 Ὀ
1681 2501 1812 2564 Θεὸς
1850 2505 2028 2571 μισεῖ,
2057 2501 2150 2553 καὶ
2186 2500 2250 2553 σὺ

661 2595 969 2656 κοινωνεῖς;
1007 2589 1116 2644 Kal
1159 2591 1258 2642 οὐκ
1288 2584 1432 2648 εἶπε,
1465 2587 1680 2658 τήνδεῆ
1715 2585 1871 2656 τήνδε
1903 2585 2001 2656 τὴν
2035 2585 2248 2657 ἑορτὴν,

659 2679 795 2731 ἀλλά
829 2677 1008 2738 πάσας
1037 2673 1194 2745 ὁμοῦ.
1231 2671 1419 2724 Βούλει
1457 2671 1609 2732 ἰδεῖν,
1638 2670 1717 2722 ὅτι
1755 2669 1848 2722 καὶ
1871 2667 1969 2738 τὴν
2000 2666 2087 2721 διά
2112 2684 2252 2738 τυμ-

663 2762 849 2814 πάνων
875 2759 969 2813 καὶ
998 2760 1098 2826 τῆς
1132 2755 1363 2827 κιθάρας
1395 2754 1490 2808 xal
1535 2753 1645 2806 τῶν
1671 2752 1990 2822 ψαλτηρίων
2020 2751 2117 2805 καὶ
2145 2750 2252 2804 τῶν

650 2843 839 2900 ’ἄλλων
871 2841 1120 2919 όργάνων
1157 2839 1414 2911 λατρείαν
1459 2839 1638 2909 μισεῖς
1693 2835 2100 2904 Μετάστησον
2146 2837 2250 2890 ἀπ’

659 2925 804 2994 ἐμοῦ
832 2919 989 2992 ἦχον
1014 2923 1184 2990 ᾠδῶν
1214 2939 1351 2986 σου,
1388 2920 1541 2992 φησὶ,
1573 2919 1669 2974 καὶ
1703 2919 1952 2988 ψαλμὸν
1982 2919 2252 2987 ὀργάνων

649 3028 777 3064 σου
811 3011 922 3063 οὐκ
957 3009 1309 3076 ἀκούσομαι.
1380 3007 1438 3057 Ὀ
1469 3005 1602 3068 Θεὸς
1632 3003 1810 3071 λέγει,
1851 3002 2252 3068 Μετάστησον

659 3094 761 3149 ἀπ’
790 3093 937 3162 ἐμοῦ
960 3109 973 3123 '
1009 3093 1104 3146 καὶ
1143 3092 1206 3145 σὺ
1239 3091 1450 3161 τρέχεις
1474 3088 1842 3157 ἀκουσόμενος
1872 3087 1982 3138 τῶν
2013 3085 2249 3154 σαλπίγ-

652 3195 805 3246 γωνς
847 3177 988 3229 Ἀλλ’
1030 3168 1190 3236 αὗται
1221 3176 1275 3229 αἱ
1318 3174 1502 3226 θυσίαι
1545 3171 1640 3226 καὶ
1684 3174 1740 3224 αἱ
1789 3169 2098 3242 προσφοραὶ
2129 3169 2252 3239 ούχὶ

661 3261 977 3329 βδελυκταί;
1023 3259 1169 3312 Ἐὰν
1204 3255 1421 3326 εςέρητέ
1445 3272 1546 3323 μοι
1576 3252 1920 3328 σεμίδαλιν,
1957 3252 2248 3322 μάταιον·

660 3345 921 3412 θυμίαμα
956 3340 1276 3409 βδέλυγμά
1302 3340 1408 3408 μοί
1445 3339 1597 3391 ἐστι.
1640 3335 1904 3407 Θυμίαμα
1939 3335 2248 3407 βδέλυγμα.

646 3429 824 3480 -xal.6
871 3429 1034 3489 τόπος
1083 3425 1142 3477 ού
1181 3423 1485 3494 βδέλυγμαι
1527 3421 1638 3475 Kal
1674 3421 1803 3475 πότε
1846 3419 1903 3472 δὲ
1935 3418 2247 3490 βδέλυγμας

661 3510 852 3579 Πρὶνῆ
887 3510 946 3561 τὸ
977 3507 1273 3576 κεφάλαιον
1303 3505 1501 3567 αὐτοὺς
1535 3503 2016 3576 ἐργάσασθαιτῶν
2041 3502 2251 3568 κακῶν,

648 3593 791 3660 πρὶν
818 3592 848 3662 ἧ
886 3593 974 3644 τὸν
1008 3584 1216 3644 ἐαυτῶν
1245 3589 1452 3642 ἀνελεῖν
1479 3588 1782 3657 Δεσπότην,
1822 3587 1928 3659 πρὸ
1961 3585 2056 3639 τοῦ
2095 3603 2254 3640 σταυ-

659 3675 778 3746 ροῦ,
809 3671 912 3746 πρὸ
941 3676 1038 3744 τῆς
1067 3673 1485 3744 Χριστοκτονίας
1513 3672 1574 3724 τὸ
1601 3671 1880 3741 βδέλυγμα
1902 3690 1915 3702 ·
1944 3671 2036 3727 καὶ
2063 3663 2157 3724 νῦν
2191 3672 2252 3724 ού

655 3749 844 3830 πολλῷ
880 3760 1120 3829 μᾶλλονς
1155 3758 1347 3812 Καίτοι
1369 3758 1428 3827 Δτί
1457 3756 1806 3828 θυμιάματος
1851 3756 2249 3826 εὐωδέστερον;

673 3842 898 3895 ’Ᾱλλόύ
930 3845 996 3915 τῇ
1045 3842 1204 3911 φύσει
1256 3839 1364 3893 τῶν
1395 3838 1773 3910 δώρων,σάλλά
1821 3841 1884 3908 τῇ
1935 3840 2252 3909 προαιρέσει

657 3927 766 3980 τῶν
798 3926 1182 3998 προσαγόντων
1220 3924 1504 3995 προσέχων
1525 3925 1552 3976 6
1578 3921 1732 3986 Θεὸς,
1777 3921 1920 3975 οὕτω
1950 3923 2125 3994 κρίνει
2153 3923 2254 3986 τὰς

663 4011 1002 4082 προσφοράς.
1038 4009 1347 4079 [Ιροσέσχεν
1379 4007 1469 4058 ἐπὶ
1505 4004 1692 4067 Ἀϐελ,
1731 4005 1823 4058 καὶ
1858 4003 1979 4058 τότε
2015 4006 2109 4058 ἐπὶ
2139 4009 2254 4067 τοῖς

647 4094 850 4163 ’δώροις
880 4093 1042 4146 αὑτοῦ
1064 4110 1076 4122 ·
1113 4088 1234 4144 εἶδε
1269 4089 1374 4144 τὸν
1403 4087 1570 4149 Κάτν,
1605 4088 1699 4142 καί
1737 4090 1870 4142 τότε
1899 4089 2006 4156 τὰς
2036 4089 2254 4156 θυσίας

646 4168 846 4231 -αὗτοῦ
892 4174 1266 4242 ἀπεστράφη.
1326 4171 1450 4224 Ἐπὶ
1488 4169 1598 4242 γάρ
1641 4170 1802 4231 Κάῖν,
1838 4171 2004 4241 φησὶ,
2037 4171 2133 4224 καὶ
2163 4171 2253 4224 ἐπὶ

663 4263 781 4322 ταῖς
809 4259 1021 4322 θυσίαις
1051 4258 1215 4310 αὑτοῦ
1247 4257 1308 4309 ού
1338 4255 1660 4327 προσέσχεν.
1704 4255 1761 4307 Ὀ
1789 4253 1909 4306 Νῶε
1936 4253 2132 4320 θυσίας
2155 4256 2251 4307 ἀν-

663 4351 861 4417 ήνεγκε
895 4345 974 4415 τῷ
1004 4343 1121 4412 Θεῷ
1155 4340 1444 4412 προϐάτων
1480 4339 1575 4392 καὶ
1608 4340 1826 4409 μόσχων
1858 4339 1951 4391 καὶ
1984 4337 2214 4409 ὀρνίθων
2235 4357 2248 4368 ·

663 4431 754 4483 καί
800 4447 962 4499 φησιν
987 4431 1020 4498 ἡ
1055 4427 1247 4498 Γραφὴ
1270 4465 1284 4489 ,
1313 4427 1395 4478 ὅτι
1434 4420 1773 4491 Ὠσφράνθη
1810 4423 2025 4491 Κύριος
2052 4421 2253 4491 ὀσμὴν

653 4514 939 4578 -εῠωδίαςο
989 4511 1289 4568 τουτέστιν.
1327 4505 1542 4572 ἐδέξατο
1572 4506 1640 4559 τά
1675 4503 2123 4575 προσενεχθέντα.
2175 4507 2248 4558 Οὐ

661 4598 770 4670 γάρ
791 4597 854 4667 δή
879 4596 1020 4668 ῥῖνές
1046 4597 1151 4646 εἰσι
1180 4592 1307 4664 περὶ
1336 4590 1488 4653 Θεὸν,
1520 4587 1658 4642 ἀλλά
1679 4586 1972 4659 ἀσώματον
1995 4587 2056 4641 τὸ
2085 4587 2245 4642 θεῖον.

661 4685 853 4739 Καίτοι
888 4682 958 4736 τά
997 4679 1380 4751 ἀναφερόμενα
1422 4676 1633 4731 ἐκεῖθεν
1667 4677 1863 4730 κνίσσα
1906 4677 1999 4729 καὶ
2043 4678 2250 4742 καπνὸς

665 4767 932 4838 σωμάτων
965 4764 1271 4833 καιομένων
1297 4779 1311 4793 ·
1341 4761 1440 4835 τῆς
1468 4759 1526 4813 δὲ
1552 4759 1805 4829 τοιαύτης
1832 4757 2061 4830 κνίσσης
2097 4759 2250 4812 οὐδὲν

661 4852 1098 4921 δυσωδέστερον·
1145 4846 1262 4901 ἀλλ’
1315 4845 1403 4899 ῖνα
1440 4843 1655 4916 μάθῃς,
1689 4845 1770 4897 ὅτι
1820 4845 1885 4914 τῇ
1931 4843 2250 4914 προαιρέσει

661 4937 770 4987 τῶν
812 4923 1234 5007 προσφερόντων
1270 4928 1553 4999 προσέχων
1577 4928 1604 4979 ό
1639 4926 1772 4989 Θεὸς
1800 4925 1895 4978 καὶ
1917 4925 2131 4995 δέχεται
2157 4928 2251 4978 καὶ

661 5017 1062 5087 ἀποστρέφεται
1099 5013 1196 5084 τὰς
1231 5011 1460 5074 θυσίας,
1504 5009 1603 5079 τὴν
1647 5008 1745 5080 μὲν
1773 5009 1997 5061 κνίσσαν
2033 5008 2128 5060 καὶ
2158 5008 2250 5059 τὸν

661 5098 1071 5170 καπνὸνόσμὴν
1105 5096 1339 5165 ξύωδίας
1379 5093 1554 5158 καλεῖ,
1589 5092 1648 5144 τὸ
1681 5092 1738 5145 δέ
1776 5091 2031 5162 θυμίαμα
2066 5090 2250 5160 βδέλυ-

663 5203 779 5256 γμα
799 5228 812 5249 ,
841 5185 1030 5253 ἐπειδὴ
1061 5173 1265 5250 πολλῆς
1293 5178 1560 5241 δυσωδίας
1590 5179 1624 5247 ἡ
1653 5176 1762 5229 τῶν
1789 5175 2250 5244 προσαγαγόντων

657 5269 984 5340 προαίρεσις
1025 5266 1242 5336 ἔγεμεν.
1288 5262 1477 5315 Βούλει
1520 5260 1707 5329 μαθεῖν
1737 5259 1817 5311 ὅτι
1849 5260 1986 5328 μετά
2017 5257 2124 5310 τῶν
2159 5257 2252 5310 θυ-

665 5352 818 5415 σιῶν,
862 5351 957 5404 καὶ
1004 5349 1114 5403 τῶν
1157 5347 1426 5419 ὁργάνων,
1463 5345 1557 5398 καὶ
1600 5343 1710 5396 τῶν
1756 5340 1982 5414 ἑορτῶν,
2019 5340 2249 5395 καὶτῶν

646 5435 1046 5506 Δθυμιαμάτων,
1075 5431 1170 5486 καί
1196 5431 1288 5484 τὸν
1311 5429 1434 5482 ναὸν
1454 5424 1965 5496 ἀποστρέφεταιδιά
1980 5425 2106 5486 τοὺς
2135 5426 2250 5477 εἰσ-

649 5523 844 5585 ·ιόντας
899 5523 1048 5584 ἐκεῖ;
1108 5517 1361 5571 Μάλιστα
1407 5513 1506 5584 μὲν
1555 5509 1724 5576 ἔδειξε
1758 5510 1845 5563 διὰ
1892 5509 2002 5562 τῶν
2051 5510 2247 5581 ἔργων,

653 5603 783 5655 τότε
838 5604 934 5673 μὲν
977 5600 1342 5673 βαρϐαρικαῖς
1392 5596 1549 5668 χερσὶ
1586 5593 1900 5665 παραδοὺς,
1933 5591 2160 5663 ὕστερον
2192 5592 2248 5644 δέ

655 5689 744 5756 είς
764 5685 914 5748 τέλος
945 5683 1188 5738 καθελών
1215 5700 1226 5712 ·
1260 5683 1410 5752 ὅμως
1454 5678 1510 5731 δέ
1556 5677 1650 5730 καὶ
1680 5675 1785 5748 πρὸ
1814 5676 1917 5744 τῆς
1947 5692 2250 5744 καταστρο-

665 5769 774 5840 φῆς
799 5769 888 5827 διά
912 5767 1008 5821 τοῦ
1039 5767 1316 5838 προφήτου
1353 5763 1451 5834 βοᾷ
1476 5763 1572 5816 καὶ
1601 5761 1775 5828 λέγει,
1799 5759 1896 5826 Μὴ
1927 5761 2248 5840 πεποίθατε

651 5839 761 5907 εέπῖ
782 5853 982 5922 λόγοις
1006 5849 1319 5921 ψευδέσιν,
1353 5846 1440 5899 ὅτι
1472 5847 1580 5898 οὐκ
1607 5841 2042 5912 ὠφελήσουσιν
2067 5839 2242 5911 ὑμᾶς,

667 5975 982 6092 “ulnae!
1001 5990 1116 6027 mss.
1141 5973 1435 6037 ἀκαθάρτους
1453 5970 1696 6031 ἀπέφηναν
1711 6005 1723 6028 ,
1747 5965 1921 6053 Μοτει.
1949 5975 2001 6018 el
2024 5969 2107 6019 alii
2133 5967 2251 6016 ἀπέ-

1341 391 1420 443 'S.
1454 388 1748 446 'JUANMS
1786 385 2275 455 CIIIEYSOSTOMI
2322 391 2636 458 ARCIllEP.
2683 395 3234 455 CONSTANTINOP.

3852 388 3960 444 855

2366 507 2670 577 λέγοντες,
2706 509 2847 575 ναὸς
2891 509 3136 577 Κιιριόυ,
3171 508 3318 574 ναὸς
3349 510 3570 577 Κυρίου
3607 510 3803 565 ἐστίν.
3847 514 3963 584 υὺχ

2366 590 2395 642 6
2419 591 2545 654 ναὸς
2572 591 2810 660 ἁγιάζει,
2841 593 2996 662 φησι,
3028 595 3153 656 τοὺς
3192 593 3492 663 συνιόντας,
3529 593 3646 645 ἀλλ’
3677 595 3729 645 οἱ
3761 596 3965 648 συνιόν-

2367 689 2460 736 τες
2481 674 2575 728 τὸν
2611 674 2736 728 ναὸν
2763 675 2916 743 ἆγιον
2947 675 3212 728 ποιοῦσιν.
3241 677 3304 729 El
3331 676 3388 728 δέ
3423 677 3543 729 τότε
3575 676 3676 728 οὐκ
3705 676 3908 743 ὠφέλει
3936 679 3963 722 δ

2366 755 2396 808 6
2421 756 2572 822 ναὸς,
2601 758 2688 811 ὅτε
2719 759 2789 812 τά
2818 759 3122 830 Χερουϐὶμ,
3153 761 3242 812 ὅτε
3273 761 3306 830 ή
3331 758 3585 823 κιϐωτὸς,
3617 760 3799 830 πολλῷ
3832 761 3964 831 μᾶλ-

2366 839 2459 893 λον
2491 840 2581 893 ὅτε
2622 841 2801 894 πάντα
2831 843 3019 896 ἐκεῖνα
3047 843 3342 913 ἀνῄρηται,
3398 842 3486 895 ὅτε
3521 843 3701 895 τελεία
3747 846 3779 910 ή
3825 845 3965 897 ἀπο-

2367 923 2574 994 στροφὴ
2607 923 2699 976 τοῦ
2729 923 2865 976 Θεοῦ
2917 925 3163 993 γέγονεν,
3194 926 3280 978 ὅτε
3314 924 3514 978 πλείων
3553 923 3655 992 τῆς
3682 925 3885 996 ἔχθρας
3929 927 3963 996 ή

2366 1006 2644 1071 ὑπόθεσις.
2674 1007 2862 1078 Πόσης
2891 1004 2983 1061 οὖν
3013 1008 3200 1072 ἀνοίας
3228 1009 3295 1061 ἀν
3335 1009 3417 1079 εἰη
3453 1009 3546 1060 καὶ
3581 1009 3756 1078 πόσης
3782 1025 3965 1079 παρα-

2364 1091 2673 1162 φροσύνης,
2716 1092 2842 1154 τοὺς
2885 1091 3308 1162 ὴτιμωμένους,
3351 1092 3472 1152 τοὺς
3515 1091 3623 1144 ὑπὸ
3672 1090 3772 1144 τοῦ
3821 1089 3962 1144 Θεοῦ

2365 1173 2812 1243 προδεδομένους,
2843 1174 2969 1238 τοὺς
3005 1172 3158 1247 [598]
3193 1173 3286 1227 τὸν
3313 1173 3592 1245 Δεσπότην
3620 1174 3964 1247 παροξύναν-

2361 1271 2480 1320 τας,
2514 1255 2734 1318 τούτους
2762 1259 3056 1320 κοινωνοὺς
3084 1255 3356 1309 ποιεῖσθαι
3391 1256 3450 1308 ἐν
3484 1257 3737 1325 ἐορταῖς;
3773 1257 3843 1309 Εἴ
3874 1273 3961 1319 τις

2361 1338 2453 1391 τὸν
2483 1339 2597 1391 υίὸν
2627 1340 2804 1393 ἀνεῖλε
2839 1340 2931 1393 τὸν
2963 1340 3076 1402 σὸν,
3107 1339 3228 1392 είπέ
3260 1357 3372 1410 μοι,
3403 1337 3512 1411 ἆρα
3542 1339 3609 1392 ἀν
3633 1340 3799 1392 αὑτὸν
3831 1338 3963 1393 ίδετν

2364 1421 2702 1491 ύπέμεινας;
2735 1418 2843 1492 ἆρα
2876 1421 2942 1476 ἂν
2981 1422 3216 1476 ἀκοῦσαι
3259 1423 3360 1492 τῆς
3392 1423 3806 1494 προσηγορίας;
3842 1422 3963 1475 ἀλλ’

2363 1505 2459 1574 οὐχ
2479 1505 2556 1568 ὡς
2582 1506 2810 1576 δαίμονα
2842 1507 3098 1577 πονηρὸν,
3133 1506 3247 1561 ἀλλ’
3291 1508 3390 1580 ούχ
3415 1507 3492 1570 ὼς
3530 1508 3693 1560 αὑτὸν
3721 1508 3815 1560 τὸν
3845 1507 3967 1561 διὰ-

2363 1588 2518 1642 ϐολον
2544 1589 2744 1657 ἔφυγες
2767 1590 2830 1642 ἄν
2857 1607 2870 1652 ;
2901 1590 3006 1643 Τοῦ
3037 1591 3307 1644 Δεσπότου
3332 1608 3426 1643 σου
3454 1591 3544 1645 τὸν
3575 1591 3702 1645 Υίὸν
3726 1591 3965 1657 ἀνεῖλον,

2362 1672 2456 1724 καὶ
2500 1671 2706 1743 τολμᾷς
2739 1674 2926 1736 αὐτοῖς
2967 1675 3047 1736 είς
3085 1675 3285 1729 ταυτὸν
3319 1677 3587 1740 συνιέναι;
3624 1676 3738 1730 Kal
3786 1678 3815 1730 6
3859 1679 3963 1748 μὲν

2362 1754 2671 1848 ἀναιρεθείς
2701 1753 2846 1848 οὕτω
2879 1772 2938 1808 σε
2968 1757 3251 1848 ἐτίμησεν,
3379 1758 3612 1848 ἀδελφόχ
3645 1776 3705 1811 σε
3732 1760 3962 1848 ποιῆσαι

2363 1839 2458 1889 καὶ
2486 1837 2933 1908 συγκληρονόμον
2959 1837 3155 1891 αὑτοῦ·
3189 1842 3252 1894 σὺ
3278 1841 3336 1893 δέ
3365 1841 3529 1894 αὑτὸν
3557 1840 3733 1904 οὕτως
3758 1843 3961 1912 ἀτιμά-

2363 1919 2476 1984 ζεις
2495 1963 2510 1986 ,
2541 1921 2616 1986 ὡς
2647 1923 2772 1985 τοὺς
2801 1922 3008 1975 ἐκείνου
3047 1922 3242 1991 φονέας
3273 1923 3366 1977 καὶ
3398 1923 3826 1996 σταυρώσαντας
3857 1927 3961 1978 αύ-

2362 2006 2452 2056 τὸν
2480 2006 2646 2076 τιμᾷν
2681 2006 2772 2059 καὶ
2805 2004 3137 2076 θεραπεύειν
3175 2009 3241 2080 τῇ
3283 2006 3392 2060 τῶν
3422 2007 3625 2078 ἑορτῶν
3661 2011 3923 2081 κοινωνίᾳ
3945 2049 3960 2072 ,

2361 2089 2456 2140 καὶ
2492 2091 2572 2150 εἰς
2617 2089 2744 2151 τοὺς
2779 2088 3041 2158 βεϐήλους
3090 2089 3269 2142 αὐτῶν
3299 2091 3499 2154 τόπους
3542 2092 3814 2162 ἀπαντᾷν,
3867 2094 3958 2144 καὶ

2360 2170 2468 2223 τῶν
2511 2171 2841 2241 ἀκαθάρτων
2871 2171 3176 2225 ἐπιϐαίνειν
3207 2173 3519 2244 προθύρων,
3555 2176 3650 2227 καὶ
3677 2181 3959 2228 κοινωνεῖν

2361 2253 2643 2326 τραπέζης
2664 2256 2955 2324 δαιμονίων
2977 2271 2990 2284 ⁸
3024 2255 3166 2308 οὕτω
3195 2258 3304 2327 γάρ
3332 2255 3444 2323 ἐγὼ
3474 2256 3736 2326 πείθομαι
3773 2259 3958 2311 καλεῖν

2365 2338 2504 2408 μετά
2545 2340 2645 2410 τὴν
2692 2338 3006 2392 θεοκτονίαν
3054 2339 3153 2411 τὴν
3191 2339 3300 2392 τῶν
3358 2340 3632 2393 Ἰουδαίων
3675 2340 3956 2410 νηστείαν.

2363 2424 2472 2474 Kal
2525 2423 2643 2486 πῶς
2691 2421 2801 2492 γάρ
2844 2424 2966 2494 ούχὶ
3005 2423 3263 2494 δαίμονας
3313 2424 3715 2495 θεραπεύουσιν
3748 2428 3795 2478 οί
3823 2427 3957 2480 Θεοῦ

2361 2507 2579 2558 ἐναντία
2601 2506 3058 2576 διαπραττόμενοι
3083 2524 3098 2571 ;
3147 2507 3309 2561 Ἀλλά
3341 2508 3639 2579 θεραπείαν
3670 2512 3734 2562 ἐκ
3765 2511 3955 2580 δαιμό-

2361 2607 2466 2642 νων
2513 2589 2822 2658 ἐπιζητεῖςς
2877 2591 3006 2642 Ὅτε
3051 2591 3132 2652 είς
3174 2590 3392 2660 χοίρους
3444 2591 3709 2645 εἰσελθεῖν
3758 2595 3955 2658 αὐτοὺς

2363 2671 2661 2743 συνεχώρει
2701 2673 2728 2724 6
2758 2672 2995 2742 Χριστὸς
3014 2711 3028 2732 ,
3058 2673 3182 2726 τότε
3223 2674 3303 2736 είς
3333 2674 3570 2742 πέλαγος
3595 2674 3801 2740 εὐθέως
3831 2695 3953 2730 κατ.

2361 2754 2676 2808 επόντισαν·
2703 2755 3060 2824 ἀνθρωπείων
3100 2755 3157 2808 δὲ
3183 2755 3464 2823 φείσονται
3494 2758 3800 2827 σωμάτων;
3833 2757 3957 2814 Em;

2362 2837 2462 2907 μὲν
2490 2833 2583 2890 οὖν
2620 2837 2694 2908 μὴ
2741 2837 3122 2900 ἀπεκτίννυον,
3168 2837 3280 2890 εἴθε
3324 2839 3400 2910 μὴ
3436 2839 3819 2896 ἐπεϐούλευον.
3854 2843 3965 2898 Τοῦ

2360 2921 2688 2992 παραδείσου
2739 2920 3016 2987 ἐξέϐαλον,
3069 2920 3168 2990 τῆς
3204 2920 3376 2991 ’τιμῆς
3431 2921 3815 2993 ἀπεστέρησαν
3859 2926 3961 2996 τῆς

2360 3005 2585 3066 ἄνωθεν,
2638 3006 2734 3056 καὶ
2784 3005 2845 3056 τὸ
2889 3003 3050 3074 σῶμα
3099 3003 3534 3074 θερατίεύσουσις
3569 3007 3748 3070 Γέλως
3784 3008 3962 3063 ταῦτα

2360 3088 2455 3141 καὶ
2503 3087 2682 3158 μῦθοι.
2718 3086 3128 3140 Ἐπιϐουλεύειν
3171 3087 3270 3140 καὶ
3311 3088 3742 3153 καταϐλάπτειν,
3777 3091 3838 3144 ού
3870 3091 3961 3144 θει

2363 3171 2622 3242 ραπεύειν
2663 3171 2842 3223 ῐσασιν
2890 3173 2939 3223 οί
2975 3170 3248 3240 δαίμονες.
3283 3171 3397 3242 Τῆς
3440 3173 3621 3243 ψυχῆς
3647 3175 3708 3226 οὐ
3753 3175 3964 3242 φείδου,-

2360 3272 2472 3320 ται,
2509 3253 2734 3307 καὶτῶν
2764 3255 3053 3322 σωμάτων,
3087 3253 3208 3307 είπέ
3246 3270 3356 3324 μοι,
3391 3255 3670 3323 φείσονται
3696 3273 3710 3320 ;
3739 3259 3838 3327 τῆς
3864 3259 3964 3328 βας

2363 3338 2568 3401 σιλείας
2599 3335 2969 3406 ἐπιχειροῦσιν
2998 3336 3270 3400 ἐκϐαλεῖν,
3301 3341 3395 3392 καὶ
3421 3339 3748 3411 νοσημάτων
3779 3341 3962 3394 ἀπαλ-

2361 3420 2576 3474 λάττειν
2621 3420 2978 3488 αἱρήσονται;
3008 3421 3124 3474 Ούκ
3154 3421 3397 3491 ἡκούσας
3427 3421 3522 3474 τοῦ
3549 3425 3832 3492 προφήτου
3866 3424 3961 3476 λέ-

2363 3519 2550 3570 γοντος
2571 3542 2584 3564 ,
2624 3501 2823 3572 μᾶλλον
2857 3501 2915 3554 δὲ
2963 3502 3055 3554 τοῦ
3083 3503 3220 3555 Θεοῦ
3251 3503 3340 3556 διά
3381 3503 3476 3556 τοῦ
3523 3507 3808 3576 προφήτου
3831 3549 3843 3570 ,
3876 3509 3962 3560 ὅτι

2361 3587 2482 3640 οὐδὲ
2528 3585 2958 3656 ἀγαθοποιῆσαι,
3003 3587 3123 3640 ούδέ
3166 3589 3533 3658 κακοποιῆσαι
3568 3588 3858 3655 δύνανται;
3897 3591 3961 3658 Εἰ

2361 3671 2419 3725 δέ
2470 3671 2564 3723 καὶ
2614 3669 2879 3741 ἠδύναντο
2928 3670 3276 3741 θεραπεύειν,
3327 3673 3418 3724 καὶ
3455 3672 3770 3738 ἐϐούλοντο,
3820 3674 3960 3747 ὅπερ

2361 3753 2642 3817 ἀδύνατον,
2677 3752 2815 3806 ἀλλά
2854 3753 2936 3805 δεῖ
2978 3770 3033 3806 σε
3077 3755 3152 3825 μὴ
3193 3754 3424 3824 κέρδους
3459 3753 3655 3824 μικροῦ
3686 3757 3782 3808 καὶ
3810 3757 3960 3824 φθει-

2364 3835 2595 3907 ρομένου
2659 3836 2865 3906 ζημίαν
2923 3837 3198 3907 ἄφθαρτον
3257 3839 3350 3890 καὶ
3401 3833 3614 3890 αίώνιον
3692 3839 3958 3892 ἀνταλλά-

2364 3917 2578 3983 ξασθαι.
2631 3919 2796 3989 Σῶμα
2838 3919 3236 3991 θεραπεύσεις,
3280 3921 3367 3973 ἵνα
3419 3921 3598 3990 ψυχὴν
3645 3922 3956 3994 ἀπολέσῃ;;

2363 4002 2438 4055 Ού
2467 4003 2604 4073 καλή
2632 4013 2654 4042 ο
2697 4019 2788 4077 σου
2821 4005 2852 4073 ή
2883 4005 3152 4074 ἐμπορία’
3190 4005 3282 4057 τὸν
3317 4004 3547 4074 ποιητήν
3574 4004 3669 4056 τοῦ
3703 4003 3955 4075 σώματος

2363 4084 2718 4157 παροργίζεις
2745 4086 2897 4148 Θεὸν,
2944 4086 3164 4140 καὶτὸν
3214 4087 3304 4140 σὸν
3345 4086 3627 4140 ἐπίϐουλον
3671 4089 3945 4161 είς-θερα-

2362 4170 2524 4222 πείαν
2553 4169 2828 4240 ἐπικαλῇς
2865 4171 2975 4224 Kal
3011 4171 3126 4233 πῶς
3161 4171 3221 4222 σέ
3258 4187 3343 4234 τις
3376 4170 3478 4238 τῆς
3539 4169 3791 4240 ἰατρικῆς
3835 4175 3950 4236 ἐπι-

2364 4252 2578 4324 στήμης
2605 4252 2775 4320 αὐτῆς
2800 4252 2963 4306 ἕνεκα
2985 4253 3336 4324 δεισιδαίμων
3366 4253 3658 4326 ἄνθρωπος
3689 4253 3951 4323 Ἑλλήνων

2343 4335 2505 4397 ιθεοῖς
2547 4334 2646 4405 οὑχ
2693 4333 2910 4387 ἐλκύσει
2961 4337 3338 4406 προσκυνῆσαι
3385 4335 3629 4408 ῥᾳδίωςς
3685 4337 3791 4389 Kal
3841 4337 3952 4407 γὰρ

2362 4421 2556 4471 ἐκεῖνοι
2597 4418 2766 4474 πολλὰ
2806 4418 3069 4483 πολλάκις
3097 4420 3184 4473 διά
3213 4420 3314 4490 τῆς
3341 4419 3527 4474 αὐτῶν
3555 4421 3748 4492 τέχνης
3785 4422 3948 4488 νοσή-

2364 4520 2510 4572 ματα
2551 4504 2861 4573 ἀπήλασαν,
2909 4505 3002 4557 καὶ
3040 4503 3174 4574 πρὸς
3215 4503 3426 4572 ὑγίειαν
3469 4505 3596 4568 τοὺς
3643 4505 3948 4573 κάμνοντας

2361 4588 2730 4656 ἐπανήγαγον.
2756 4586 2820 4639 Τί
2850 4583 2964 4648 οὖν,
2993 4586 3324 4657 κοινωνῆσαι
3349 4587 3430 4640 δεῖ
3457 4588 3556 4657 τῆς
3582 4586 3835 4650 ἀσεϐείας
3863 4586 3949 4642 διὰ

2358 4669 2550 4733 τοῦτο;
2581 4670 2671 4740 Μὴ
2718 4675 2947 4737 γένοιτο.
3008 4672 3273 4722 ’Ἄκουσον
3309 4669 3362 4722 τί
3406 4687 3573 4741 φησιν
3617 4662 3890 4734 Ἰουδαίοις
3920 4673 3947 4723 6

2360 4753 2628 4822 Μωῡσῆς·
2679 4753 2821 4806 Ἐὰν
2852 4753 3091 4821 ἀναστῇ
3144 4753 3462 4821 προφήτης
3504 4753 3576 4806 ἐν
3634 4753 3795 4822 ὑμῖν,
3846 4755 3943 4805 ἐν-

2360 4833 2788 4905 υπνιαζόμενιος
2809 4837 3102 4890 ἐνύπνιον
3141 4835 3240 4888 καὶ
3265 4833 3349 4900 δῷ
3371 4835 3629 4904 σημεῖον
3665 4837 3704 4905 ἢ
3739 4837 3912 4904 τέρας
3930 4877 3944 4899 ,

2360 4919 2458 4973 καὶ
2501 4916 2749 4986 ἕλθῃτὸ
2782 4919 3038 4988 σημεῖον
3064 4918 3101 4985 ἢ
3141 4918 3209 4972 τὸ
3246 4919 3423 4987 τέρας
3447 4919 3478 4972 ὃ
3514 4918 3815 4986 ἐλάλησε,
3849 4922 3946 4974 καὶ

2358 5003 2502 5071 εἴπῃ
2554 4995 2698 5066 πρὸς
2727 4997 3028 5068 σὲνιέγων
3045 5012 3062 5028 ⁸
3082 4999 3473 5070 Πορευθιῖψεν
3498 5001 3598 5056 καὶ
3611 5004 3950 5071 λατρεύσωο

2353 5102 2471 5154 μεν
2511 5085 2669 5150 θεοῖς
2717 5085 2943 5154 ἑτέροις
2991 5081 3082 5150 οἷς
3127 5087 3239 5138 οὐκ
3292 5084 3550 5153 ᾔδεισαν
3594 5087 3650 5138 οι
3697 5085 3950 5154 πατέρες

2360 5169 2529 5238 ἡμῶν
2553 5185 2566 5198 ο
2592 5172 2703 5222 οὐκ
2731 5170 3074 5222 ἀκούσεσθε
3097 5166 3210 5234 τῆς
3242 5167 3452 5235 φωνῆς
3478 5168 3586 5222 τοῦ
3612 5169 3948 5238 προφήτου,

2358 5253 2398 5322 ἢ
2439 5252 2547 5307 τοῦ
2573 5249 3080 5319 ἐνυπνιαζομένου
3121 5251 3186 5302 τὸ
3232 5250 3545 5304 ἐνύπνιον.
3584 5253 3650 5304 Ὃ
3684 5252 3742 5304 δέ
3775 5253 3948 5320 λέγει,

2357 5335 2600 5390 τοιοῦτόν
2636 5337 2812 5388 ἐστιν’
2849 5335 2946 5387 ἐάν
2968 5351 3052 5397 τις
3076 5333 3284 5403 ἀναστῇ
3319 5335 3634 5404 προφήτης,
3669 5335 3821 5406 φησι.
3854 5336 3951 5389 καὶ

2358 5420 2561 5490 ποιήσῃ
2592 5421 2838 5490 σημεῖον,
2870 5418 2904 5488 ἢ
2931 5416 3125 5488 νεκρὸν
3153 5415 3364 5487 ἐγείρῃ,
3399 5416 3432 5486 ἢ
3474 5415 3675 5487 λεπρδν
3708 5417 3948 5489 καθάρῃ.

2357 5503 2392 5572 ἢ
2438 5501 2611 5572 πηρὸν
2647 5503 2865 5571 ίάσηται
2887 5539 2902 5564 ,
2939 5501 3031 5553 καὶ
3065 5497 3202 5570 μετά
3236 5499 3301 5552 τὸ
3341 5499 3567 5570 ποιῆσαι
3604 5500 3667 5552 τὸ
3703 5505 3951 5570 σημεῖον,

2358 5585 2562 5655 καλέσῃ
2593 5601 2649 5636 σε
2683 5585 2763 5647 είς
2787 5573 3064 5648 ἀσέϐειαν,
3106 5582 3180 5654 μὴ
3210 5582 3440 5653 πεισθῇς
3473 5583 3563 5637 διά
3593 5584 3693 5652 τὴν
3726 5583 3956 5639 ἔκϐασιν

2356 5668 2450 5722 τοῦ
2476 5667 2725 5738 σημείου.
2748 5665 2846 5719 Διά
2873 5667 2954 5731 τίς
2986 5665 3248 5736 Πειράζει
3270 5665 3381 5735 γάρ
3404 5668 3479 5718 σε
3507 5670 3721 5733 Κύριος
3743 5671 3776 5720 ό
3803 5669 3956 5734 ’Θεός

2356 5763 2473 5805 σου
2505 5750 2680 5815 ἰδεῖν,
2711 5752 2764 5804 εί
2796 5750 3032 5818 ἀγαπᾷς
3064 5750 3252 5805 αὐτὸν
3279 5750 3348 5814 ἐξ
3375 5750 3528 5818 ὅλης
3560 5748 3673 5817 τῆς
3701 5749 3958 5819 καρδίας

2418 5833 2447 5874 ι»
2474 5836 2572 5899 Am
2592 5836 2725 5885 οὐδὲν
2748 5837 2936 5899 ὠφέλει.

2425 5901 2447 5960 F
2474 5898 2678 5958 Aliquot
2703 5895 2819 5946 mss:
2846 5895 3114 5960 θεραπεύεις
3137 5897 3215 5944 ἵνα
3248 5895 3694 5960 ψυχήνάποὶέσῃςς
3720 5897 3783 5960 ᾡς
3805 5896 3958 5955 καλή.

2360 5949 2717 6028 Ιιιῐταμωιῖιιιιοι
2762 5973 2876 6028 Ψεε.
2901 5949 3136 6028 ’καέκεῶς
3175 5960 3231 6028 σέ
3261 5949 3423 6028 τιξρθ
3741 5949 3970 6028 ἰατρικῆς

2362 6018 2624 6084 ἐπιστήμης
2646 6021 2950 6082 δεισιδαίμων
2969 6019 3149 6076 ’Ἕλλην
3176 6020 3242 6066 ὢν
3268 6019 3388 6074 θεοῖς
3410 6018 3498 6080 οὐχ
3520 6018 3735 6078 ἑλκύσας
3822 6018 3830 6021 ⁷
3881 6018 3932 6115 ’1
