4150 6352
329 399 441 454 Βῦὖ

322 610 462 665 fetus
510 608 796 663 defendant
838 627 851 663 :
901 619 954 664 at
998 609 1075 678 hi,
1123 610 1264 665 nulla
1310 619 1529 682 urgente
1571 613 1907 678 necessitate,

323 711 480 756 natos
517 715 587 755 ex
620 715 751 754 sese.
783 714 942 754 manu
974 715 1068 755 sua
1097 690 1413 768 mactarunt,
1457 696 1515 757 ιιι
1558 704 1676 758 vita:
1714 715 1910 760 nostra:

323 791 524 855 hostes,
556 790 778 844 infestos
807 790 1098 855 dzemones,
1136 792 1394 846 colerent.
1420 790 1536 860 Quo
1561 808 1744 848 eorum
1769 796 1908 850 facto

317 882 440 950 plus
492 882 698 936 attoniti
753 882 1074 937 reddamur?
1125 885 1427 953 impietate,
1481 901 1548 939 an
1596 888 1908 944 crudelitate

314 981 477 1042 atque
500 973 918 1029 inhumanitate?
935 974 1084 1048 quod
1117 976 1252 1029 filios
1279 977 1623 1045 immolarint,
1649 989 1738 1032 aut
1765 980 1904 1050 quod

312 1066 596 1121 daemoniis
649 1067 769 1120 illos
814 1065 1202 1121 sacriﬁcarint?
1240 1068 1344 1123 Sed
1391 1083 1569 1124 annon
1619 1070 1902 1125 immodica

309 1155 530 1211 {ascivia
581 1167 633 1211 et
688 1157 978 1225 petulantia
1039 1157 1312 1213 libidinem
1359 1176 1572 1230 quoque
1625 1161 1902 1216 brutorum

311 1247 600 1301 maximam
648 1246 1033 1302 obscurarum?
1077 1249 1215 1322 Audi
1261 1251 1610 1320 prophetam,
1659 1253 1786 1322 quid
1833 1252 1900 1309 de

311 1337 549 1406 ipsorum
582 1338 928 1393 immoderata
951 1339 1090 1395 dicat
1116 1342 1521 1412 intemperantia
1550 1361 1562 1397 :
1588 1343 1720 1414 Equi
1751 1347 1899 1400 emis-

305 1429 429 1482 sarii
467 1429 591 1498 facti
627 1440 766 1497 sunt,
808 1432 1144 1498 unusquisque
1186 1433 1255 1485 ad
1298 1450 1503 1487 uxorem
1547 1437 1766 1504 proximi
1815 1439 1897 1491 sui

305 1521 563 1574 tinniebat
603 1522 817 1590 (Jerem.
847 1513 905 1576 ‘5.
938 1523 1013 1594 8).
1053 1522 1166 1577 Non
1212 1523 1368 1592 dixit,
1411 1527 1637 1594 proximi
1673 1543 1891 1583 uxorem

301 1611 528 1681 quisque
569 1612 995 1680 concupiscebat,
1038 1613 1132 1668 sed
1173 1615 1574 1672 evidentissime
1615 1617 1889 1684 brutorum

298 1703 679 1758 vociferatione
711 1704 943 1758 libidinis
974 1705 1212 1774 ipsorum
1243 1707 1501 1771 insaniam
1530 1711 1814 1778 expressit.

371 1795 422 1848 7.
453 1795 589 1872 Quid
609 1796 751 1850 aliud
781 1795 955 1851 dicam
987 1797 1174 1852 vobis?
1199 1799 1431 1869 rapinas,
1458 1803 1728 1870 avaritias,
1753 1818 1886 1872 pau-

294 1897 487 1951 perum
518 1864 866 1953 proditiones,
898 1885 1057 1950 furta,
1081 1864 1642 1966 artesvcauponarias?
1667 1864 1886 1948 Ad-hazc

290 1977 559 2031 narranda
599 1992 664 2032 ne
691 1977 804 2032 dies
834 1979 1046 2048 quidem
1074 1979 1276 2048 integer
1303 1980 1592 2037 suffecerit.
1615 1983 1682 2037 At
1711 1973 1879 2049 feriae,

292 2067 492 2136 inquis,
538 2067 746 2121 illorum
794 2069 988 2138 aliquid
1036 2084 1198 2139 grave
1246 2078 1302 2124 et
1343 2087 1589 2142 magnum
1635 2073 1878 2141 habent:

285 2157 436 2228 atqui
489 2148 543 2211 et
591 2158 685 2211 has
731 2161 870 2226 ipsas
911 2158 1145 2234 iit-puras
1187 2171 1694 2219 commonstrarunt.
1741 2165 1878 2221 Audi

283 2246 613 2318 prephetas;
641 2249 768 2318 quin
799 2249 962 2303 Deum
1005 2249 1148 2318 audi,
1181 2265 1339 2320 quam
1379 2251 1725 2309 vehementer
1760 2257 1878 2314 illas

280 2339 659 2395 abominetur:
688 2340 806 2407 Odi,
838 2343 1028 2412 projeci
1054 2344 1208 2413 ferias
1235 2356 1421 2400 vestras
1448 2346 1625 2415 (Amos
1670 2350 1722 2406 5.
1755 2350 1873 2422 2f).

287 2429 432 2482 Deus
456 2429 585 2495 odit,
614 2441 666 2485 et
708 2440 760 2484 tu
792 2424 1098 2501 participas.
1130 2433 1309 2505 Neque
1339 2436 1472 2491 dixit
1509 2428 1719 2495 has'vef
1756 2441 1875 2496 illas

279 2516 465 2582 ferias,
503 2519 596 2574 sed
638 2521 689 2574 in
737 2523 1041 2576 universum
1079 2523 1287 2579 omnes.
1333 2513 1870 2600 Visne-cognoscere,

275 2607 427 2677 quod
455 2609 595 2664 Deus
627 2610 776 2664 illum
802 2613 962 2665 etiam
1001 2614 1202 2668 cultum
1230 2615 1420 2684 oderit,
1450 2618 1536 2687 qui
1578 2617 1634 2672 ﬁt
1663 2628 1871 2690 tympa-

277 2703 385 2766 nis,
417 2700 652 2764 cithara,
685 2702 953 2772 psalterlis
992 2713 1045 2758 et
1085 2705 1202 2760 aliis
1230 2704 1483 2777 organis?
1514 2709 1670 2780 Aufer
1700 2726 1732 2763 a
1771 2729 1866 2777 me,

279 2791 472 2861 iuquit,
502 2792 723 2846 sonitum
747 2789 1057 2864 canticorum
1085 2805 1304 2862 tuorum,
1330 2806 1375 2850 et
1402 2797 1652 2868 psalmum
1674 2801 1870 2856 instru-

275 2878 562 2934 mentorum
605 2882 806 2936 tuorum
851 2899 952 2936 non
987 2869 1196 2938 audiam
1230 2873 1390 2958 (Ibid.
1422 2905 1471 2943 v.
1501 2887 1616 2960 23).
1654 2881 1813 2961 Aufer
1839 2909 1871 2946 a

275 2971 574 3040 me,rinquit
595 2972 732 3026 Deus
763 2990 776 3026 :
811 2982 862 3026 tu
894 2973 1168 3031 auditurus
1194 2975 1346 3032 tubas
1376 2979 1592 3034 curris?
1617 2981 1720 3036 Sed
1753 2984 1868 3039 huic

273 3062 533 3116 sacriﬁcia
561 3074 615 3117 et
637 3053 723 3117 ha:
745 3064 1040 3140 oblationes
1077 3083 1252 3122 nonne
1295 3083 1420 3124 sunt
1450 3055 1868 3130 abominabilcS?

275 3153 337 3206 Si
367 3150 590 3219 oﬂ'eratis
613 3156 736 3209 mihi
758 3157 1115 3226 similagiuedt,
1145 3159 1370 3229 frustra;
1397 3163 1658 3218 incensum
1676 3167 1866 3221 abomi-

271 3247 414 3298 natio
433 3249 502 3299 est
522 3247 647 3299 mihi
672 3244 877 3318 (Hesai.
907 3250 957 3303 1.
989 3248 1100 3320 15).
1131 3239 1411 3306 lueensum
1433 3254 1785 3322 abominatio;
1811 3268 1866 3312 et

271 3340 422 3392 locus
454 3354 557 3417 non
581 3339 1009 3403 abominandus?
1035 3342 1097 3396 Et
1129 3343 1341 3412 quando
1365 3345 1732 3403 abominatio?
1755 3352 1864 3403 An-

273 3439 485 3497 tequam
516 3445 780 3484 summum
809 3433 984 3487 scelus
1009 3432 1355 3492 admiserant.
1392 3446 1676 3506 antequam
1707 3453 1860 3493 suum

267 3520 507 3586 jpsonnn
557 3520 837 3575 Dominum
883 3518 1235 3590 ‘sostnlerant,
1286 3522 1410 3579 ante
1453 3524 1687 3596 erucem,
1735 3540 1860 3585 ante

267 3611 466 3664 Christi
490 3605 694 3677 necem,
719 3612 1060 3668 abominatio.
1087 3619 1275 3670 Annon
1300 3616 1466 3671 multo
1490 3616 1656 3689 magis
1682 3623 1859 3675 nunc?

272 3704 338 3758 Et
363 3719 490 3758 sane
513 3701 637 3774 quid
659 3715 743 3760 est
771 3704 1088 3777 suffimentis
1110 3706 1467 3778 fragrantins?
1496 3708 1691 3765 Verum
1721 3713 1859 3769 Deus

269 3811 379 3850 non
419 3798 801 3852 sacrificiorum
834 3809 1100 3863 naturam,
1137 3801 1228 3854 sed
1274 3802 1508 3856 animum
1553 3819 1737 3858 eorum
1769 3808 1857 3876 qui

265 3884 501 3940 offerunt
527 3885 794 3951 observat,
827 3886 1034 3958 hocque
1067 3888 1364 3944 oblationes
1395 3891 1633 3946 metitur.
1665 3895 1853 3949 Atten-

265 3978 349 4032 dit
381 3978 446 4032 ad
471 3977 602 4033 Abel
627 3986 682 4033 et
709 3978 774 4032 ad
805 3995 1022 4035 munera
1052 3981 1166 4050 ejus
1199 3999 1210 4034 :
1244 3981 1372 4036 vidit
1395 3980 1615 4040 Cainum
1638 4028 1652 4051 ,
1683 3996 1738 4041 et
1766 4001 1856 4040 sa-

265 4069 467 4124 criﬁcia
493 4071 608 4140 ejus
638 4081 750 4126 tum
780 4083 1052 4128 aversatus
1080 4085 1176 4128 est.
1210 4074 1342 4128 Nam
1371 4075 1439 4129 ad
1472 4075 1627 4140 Cain,
1663 4079 1851 4149 inquit,

265 4171 314 4215 et
341 4162 410 4215 ad
427 4161 728 4217 oblationem
750 4164 858 4233 ejus
884 4180 984 4216 non
999 4164 1218 4241 attendit
1254 4165 1402 4233 (Gen.
1437 4166 1486 4220 4.
1523 4167 1599 4238 5).
1629 4167 1739 4222 Noe
1768 4184 1855 4223 sa-

263 4251 463 4306 crificia
488 4252 688 4318 ovium,
712 4249 1019 4317 vitulorum,
1043 4265 1096 4308 et
1120 4255 1296 4308 avium
1327 4255 1434 4310 Deo
1455 4256 1683 4312 obtulit:
1717 4247 1854 4326 Odo-

263 4353 506 4414 ntusque
531 4345 604 4400 est
646 4343 892 4400 Dominus
919 4346 1126 4418 odorem
1152 4347 1434 4415 suavitatis,
1477 4351 1641 4420 inquit
1669 4352 1851 4424 Scrip-

267 4446 385 4488 tura
412 4434 519 4506 (Id.
550 4434 601 4490 8.
645 4430 756 4506 21),
785 4435 836 4489 id
879 4446 980 4502 est,
1005 4436 1180 4490 oblata
1206 4437 1467 4507 probavit.
1502 4439 1683 4510 Neque
1710 4443 1853 4497 enim

267 4526 379 4581 Deo
408 4540 562 4579 nares
590 4536 732 4592 sunt,
767 4511 858 4580 sed
890 4541 1083 4580 numen
1115 4523 1196 4581 est
1226 4529 1618 4597 incorporeum.
1651 4523 1855 4598 Quam-

262 4633 423 4688 quam
449 4609 531 4679 ca‘.
560 4634 677 4689 qua:
707 4633 771 4674 ex
802 4620 953 4686 altari
984 4621 1196 4691 sursum
1221 4618 1481 4682 feruntur,
1509 4621 1662 4676 nidor
1690 4632 1745 4677 ct
1773 4624 1853 4677 fu-

263 4725 384 4763 mus
412 4717 536 4764 sunt
571 4697 969 4764 combustorum
999 4724 1280 4779 corporum
1311 4729 1321 4762 :
1355 4704 1459 4780 quo
1491 4711 1680 4767 faetore
1719 4713 1849 4767 nihil

263 4799 454 4854 tetrins
479 4809 580 4854 est.
616 4800 807 4854 Verum
838 4809 897 4853 ut
923 4800 1115 4864 discas,
1143 4797 1310 4855 Deum
1338 4799 1563 4870 probare
1589 4795 1847 4858 sacriﬁcia

261 4901 317 4945 ct
336 4893 594 4958 aversari,
625 4907 719 4961 pro
745 4884 937 4945 affectu
967 4892 1258 4953 offerentis,
1296 4893 1533 4946 nidorem
1562 4904 1614 4946 et
1646 4893 1847 4947 fumum

261 4984 483 5042 odorem
512 4996 667 5039 vocat
693 4985 988 5050 suavitatis,
1021 4985 1320 5049 incensum,
1353 4986 1802 5041 abominatiOnem
1834 5005 1845 5041 :

261 5077 385 5143 quia
414 5074 581 5130 multo
610 5074 799 5130 foetore
824 5090 976 5129 mens
1003 5074 1341 5130 ofl'erentium
1379 5078 1580 5146 repleta
1608 5077 1723 5132 fuit.
1756 5078 1836 5133 Li-

263 5167 424 5221 betne
453 5167 795 5235 cegnoscere,
827 5166 972 5236 quod
1010 5167 1263 5237 templum
1292 5167 1452 5222 etiam
1492 5182 1612 5222 cum
1641 5157 1844 5223 sacriﬁ-

259 5261 380 5324 ciis,
402 5257 636 5330 organis,
655 5259 816 5325 feriis,
838 5269 892 5315 et
910 5261 1139 5314 incensis
1154 5269 1428 5314 aversetur
1453 5261 1610 5325 Deus,
1631 5270 1847 5331 propter

265 5365 358 5406 eos
385 5352 474 5421 qui
506 5350 632 5405 illuc
661 5351 1066 5422 ingrediuntur?
1093 5350 1147 5404 ld
1177 5352 1289 5420 ipsa
1316 5366 1374 5406 re
1404 5351 1635 5405 maxime
1660 5363 1846 5406 osten-

259 5443 362 5510 dit,
389 5443 514 5498 olim
545 5442 890 5515 barbarorum
918 5443 1161 5505 manibus
1193 5442 1320 5499 illud
1348 5441 1629 5509 tradendo,
1661 5451 1846 5513 postea

265 5548 487 5604 prorsus
513 5533 765 5592 delendo.
796 5532 1174 5589 Verumtamen
1203 5541 1330 5616 ante
1353 5534 1685 5588 eversionem
1715 5548 1848 5603 quo-

259 5638 367 5693 que
397 5623 538 5680 illius
563 5639 655 5695 per
683 5624 998 5696 praphetam
1028 5623 1242 5688 clamat,
1271 5623 1522 5694 dicitque,
1563 5615 1648 5677 Ne
1682 5619 1846 5692 con/i—

259 5715 393 5768 datis
420 5715 474 5767 in
508 5715 670 5769 verbis
697 5715 945 5770 mendacii
962 5755 979 5780 ,
1009 5714 1126 5784 quia
1159 5731 1260 5768 non
1297 5714 1569 5783 proderunt
1596 5715 1733 5769 vobis
1762 5716 1845 5768 iti-

257 5806 483 5861 centibus
504 5821 522 5860 :
540 5805 780 5877 templum
802 5804 1027 5871 Domini,
1052 5804 1295 5877 templum
1313 5803 1522 5862 Domini
1541 5815 1611 5862 est
1627 5805 1837 5878 (Jerem.

1592 407 1951 466 ADVERSUS
1987 408 2287 470 JUD/EOS.
2326 416 2369 470 ι.

323 535 465 574 mam
494 519 651 574 etiam
691 516 911 586 dedunt,
945 517 1242 588 posthabita
1278 519 1359 574 sui
1387 521 1821 588 conservatione,
1855 532 1913 576 ut

3495 426 3604 485 διῖι

2027 525 2076 577 7.
2105 525 2180 593 4).
2214 525 2330 581 Νοιι
2376 529 2650 598 templum,
2682 531 2870 599 mquit,
2910 543 3124 591 sanctos
3162 551 3257 613 eos
3292 540 3486 607 reddit,
3517 547 3607 613 qui

2018 617 2432 686 congrediuntur
2467 637 2478 672 :
2514 619 2606 674 sed
2631 619 2682 673 hi
2710 620 2836 676 illud
2867 634 3110 681 sanctum
3141 609 3355 684 faciunt.
3382 609 3603 701 Quod—si

2018 716 2127 760 tum
2155 707 2226 760 nil
2258 708 2510 776 proderat
2539 711 2815 780 templum,
2851 717 3203 782 prassentibus
3231 719 3522 778 Cherubim
3554 738 3606 780 et

2015 809 2134 849 arca
2170 813 2182 848 :
2211 798 2379 852 multo
2409 800 2585 856 minus
2621 804 2728 871 jam
2751 844 2764 869 ,
2797 805 3044 861 omnibus
3073 808 3137 863 iis
3168 810 3390 866 sublatis
3411 856 3424 878 ,
3460 829 3608 884 post-

2013 900 2168 952 quam
2213 887 2352 944 Deus
2396 890 2516 945 illos
2558 907 2780 961 prorsus
2827 908 3124 965 aversatur,
3169 911 3224 956 et
3254 890 3480 972 “gravior
3520 919 3598 960 est

2012 976 2168 1045 hujus
2192 979 2300 1034 odii
2323 997 2502 1036 causa.
2527 983 2750 1048 Quantae
2771 983 2931 1056 igitur
2953 988 3202 1047 amentia:
3229 989 3406 1061 fuerit,
3425 1012 3600 1068 quan-

2013 1074 2184 1136 tmque
2215 1070 2550 1141 insipientia),
2583 1084 2792 1130 notatos
2824 1079 3132 1150 ignominia,
3162 1098 3192 1137 a
3220 1084 3332 1140 Deo
3358 1089 3599 1156 proditos

2006 1165 2120 1225 eos,
2155 1162 2242 1232 qui
2275 1163 2558 1220 Dominum
2591 1169 2643 1222 in
2676 1169 2809 1224 iram
2835 1171 3174 1242 concitarint,
3205 1179 3382 1234 socios
3406 1181 3507 1236 sibi
3540 1183 3594 1236 in

2006 1249 2152 1305 feriis
2185 1254 2489 1310 asciscere?
2525 1256 2580 1310 Si
2614 1265 2763 1314 tuum
2791 1260 2912 1330 quis
2953 1263 3238 1321 occidisset
3277 1267 3476 1336 filium,
3508 1271 3595 1327 die

2003 1341 2131 1394 mihi
2152 1382 2168 1409 ,
2200 1343 2385 1412 ejusne
2409 1359 2752 1416 conspectum
2783 1351 3111 1408 sustineres?
3136 1355 3437 1416 Audiresne
3463 1363 3593 1416 allo-

2001 1435 2288 1499 quentem?
2314 1434 2500 1494 Nonne
2529 1447 2584 1491 ut
2619 1438 2917 1509 improbum
2958 1443 3289 1515 daemonem,
3323 1461 3375 1504 ut
3419 1452 3588 1522 ipsum

1998 1520 2269 1578 diabolum
2308 1525 2556 1596 fugeres?
2598 1528 2805 1583 Domini
2833 1523 2911 1586 'tui
2959 1534 3124 1589 ﬁlium
3155 1520 3504 1609 occiderunt,
3535 1556 3591 1599 et

1995 1612 2048 1666 in
2079 1615 2325 1670 eumdem
2364 1632 2486 1673 cum
2517 1620 2619 1675 illis
2657 1622 2862 1693 ingredi
2900 1625 3074 1682 locum
3115 1631 3319 1687 audes?
3347 1635 3587 1708 Cumque

1993 1704 2200 1759 occisus
2225 1705 2436 1774 abillis,
2469 1718 2673 1766 tantum
2703 1724 2753 1766 te
2775 1712 3069 1790 honorarit,
3095 1729 3152 1774 ut
3177 1721 3392 1779 fratrem
3419 1736 3472 1781 et
3495 1704 3586 1782 co-

1984 1785 2246 1850 heredem
2285 1799 2623 1856 constituerit
2660 1820 2674 1858 :
2711 1811 2855 1858 tanta
2902 1785 2955 1860 tu
3000 1809 3247 1866 eumdem
3292 1813 3581 1884 ignominia

1990 1886 2179 1956 afficis,
2211 1899 2268 1944 ut
2305 1891 2422 1960 ejus
2452 1893 2864 1961 interfectores,
2894 1899 2982 1969 qui
3009 1902 3152 1956 cruci
3191 1904 3363 1973 ipsum
3389 1907 3580 1963 afflxe-

1988 1986 2136 2046 runt,
2157 1985 2534 2062 communione
2564 1985 2816 2042 feriarum
2847 1988 3079 2059 ipsarum
3120 1988 3265 2050 colas
3290 1995 3450 2067 atque
3476 1995 3578 2054 ob-

1986 2081 2190 2136 serves,
2216 2080 2269 2125 et
2287 2071 2354 2126 ad
2377 2073 2595 2142 profana
2621 2075 2834 2131 illorum
2864 2076 2981 2134 inca
3009 2075 3215 2148 Curras,
3250 2085 3455 2156 impura
3489 2106 3576 2144 ve-

1985 2159 2177 2216 stibula
2202 2159 2388 2228 intres,
2418 2179 2722 2237 mensaeque
2747 2167 3132 2229 daemoniorum
3163 2177 3429 2249 particeps
3456 2181 3574 2237 ﬁas.

1984 2248 2060 2302 lta
2089 2251 2231 2306 enim
2267 2251 2572 2310 Judreorum
2607 2256 2870 2327 jejunium
2917 2272 2972 2316 ut
3010 2247 3306 2334 appellem,
3338 2247 3576 2328 adducor

1982 2361 2134 2412 nece,
2163 2363 2321 2418 quam
2351 2350 2459 2405 Deo
2488 2352 2797 2410 intulerunt.
2822 2355 2937 2422 Quo
2958 2360 3099 2413 enim
3125 2371 3278 2430 pacto
3299 2362 3574 2422 daemones

1982 2451 2087 2490 non
2115 2428 2359 2492 dicantur
2378 2441 2559 2495 colere
2585 2441 2643 2506 ii,
2677 2445 2763 2513 qui
2796 2444 2905 2499 Deo
2934 2428 3154 2503 adversa
3186 2455 3484 2521 peragunt?
3507 2453 3575 2512 At

1979 2526 2297 2582 medicinam
2337 2545 2366 2583 a
2413 2529 2747 2588 daemonibus
2791 2532 3031 2606 expetis?
3079 2539 3212 2594 Cum
3263 2541 3471 2600 abirent
3517 2547 3570 2602 in

1981 2633 2192 2684 porcos,
2243 2619 2436 2675 Christi
2486 2626 2769 2694 permissu,
2818 2623 3111 2698 daimones,
3168 2642 3276 2688 tum
3323 2637 3376 2692 in
3421 2655 3570 2695 mare

1978 2709 2096 2762 illos
2140 2707 2318 2766 statim
2360 2717 2761 2784 prtecipitarunt
2795 2737 2806 2771 :
2841 2729 2893 2774 et
2937 2718 3214 2781 hominum
3254 2731 3569 2797 corporibus

1976 2814 2191 2871 parcent
2221 2803 2431 2874 (Matth.
2465 2807 2517 2860 8.
2547 2807 2634 2862 5i.
2667 2808 2841 2880 sqq.)?
2864 2804 3039 2882 Atque
3063 2814 3392 2877 utinamnon
3421 2817 3566 2877 occi-

1974 2885 2178 2957 derent,
2209 2895 2408 2948 utinam
2439 2906 2545 2951 no'n
2573 2897 2974 2956 insidiarenturl
3008 2902 3294 2973 Ejecerunt
3319 2919 3381 2963 ex
3409 2907 3567 2981 para-

1974 2979 2109 3048 diso,
2152 2983 2355 3039 honore
2397 2985 2595 3041 cmlcsti
2641 2989 2930 3063 orbarunt,
2962 3001 3016 3048 et
3040 3009 3234 3065 corpus
3264 2979 3564 3058 curabunt?

1975 3071 2214 3128 Ridicula
2244 3065 2361 3130 iure
2382 3121 2397 3144 ,
2431 3085 2486 3132 et
2513 3079 2726 3135 fabula}.
2762 3082 3043 3140 Daemones
3083 3081 3320 3145 insidiari
3352 3093 3562 3155 sciunt.

1971 3177 2035 3217 ac
2061 3179 2274 3231 nocere,
2306 3182 2410 3224 non
2438 3169 2638 3240 mederi
2667 3189 2680 3225 :
2711 3173 2903 3228 animae
2936 3192 3040 3231 non
3072 3191 3326 3249 parcunt,
3361 3180 3414 3238 et
3439 3182 3562 3240 cor~

1972 3254 2189 3324 poribus
2220 3260 2474 3325 parcent?
2574 3277 2736 3331 regno
2773 3264 2968 3334 ejicere
2998 3281 3260 3324 conantur
3289 3289 3303 3326 :
3334 3284 3387 3328 et
3414 3271 3561 3330 mor-

1969 3343 2048 3400 bis
2070 3345 2248 3402 levare
2272 3363 2370 3402 nos
2400 3351 2652 3419 cupient?
2678 3351 2795 3409 Non
2827 3357 2980 3412 audis
3009 3360 3324 3430 pt-Oplietam
3353 3362 3557 3435 dicere,

1967 3445 2124 3507 atque
2154 3438 2326 3506 ipsum
2362 3441 2535 3509 potius
2558 3442 2722 3498 Deum
2751 3460 2848 3514 per
2871 3448 3206 3518 prophetam,
3237 3454 3358 3509 illos
3388 3473 3561 3527 neque

1966 3526 2100 3582 bene
2147 3543 2318 3600 neque
2358 3533 2495 3586 male
2527 3549 2684 3603 posse
2730 3535 2944 3594 facere?
2972 3541 3146 3611 Atque
3188 3544 3310 3599 licet
3355 3526 3558 3605 mederi

1964 3619 2128 3672 velint
2156 3635 2218 3673 ac
2247 3621 2476 3692 possint,
2508 3626 2650 3694 quod
2679 3626 2791 3682 ﬁeri
2821 3631 3005 3700 nequit
3035 3650 3047 3686 :
3081 3635 3151 3689 ob
3173 3635 3424 3694 lucellum
3452 3642 3558 3695 exi-

1962 3709 2050 3775 gui
2098 3705 2352 3780 temporis
2386 3709 2687 3783 "periculum
2728 3726 3049 3774 antemarum
3093 3739 3370 3792 pinnarum
3415 3727 3556 3784 haud

1965 3797 2298 3856 subeundum
2337 3813 2438 3857 est.
2467 3802 2677 3876 Corpus
2705 3808 2939 3875 curabis,
2981 3820 3038 3864 ut
3064 3815 3295 3869 animam
3325 3808 3557 3891 perdas?

1963 3887 2076 3943 Non
2111 3892 2364 3959 pnnclara
2392 3893 2474 3949 εει
2515 3897 2827 3953 nundinatio
2860 3911 2944 3954 tua
2979 3917 2995 3954 ε’
3025 3906 3282 3973 cerpnr‘is.
3308 3887 3554 3962 condito-

1964 3995 2076 4035 rem
2106 3982 2395 4055 exa‘cerbas
2426 3986 2615 4054 Deum,
2647 3999 2702 4044 et
2730 3991 3052 4048 insidiatoris
3077 3996 3148 4048 tui
3173 3999 3425 4054 auxilium
3455 4001 3556 4056 im-

1962 4073 2157 4142 ploras.
2190 4070 2381 4132 Annon
2420 4079 2517 4133 hac
2551 4081 2787 4146 ratione,
2820 4068 3037 4154 propter
3066 4086 3343 4146 medicinae
3372 4088 3554 4147 Scien-

1963 4165 2111 4234 tiam,
2152 4167 2296 4222 nullo
2337 4172 2552 4240 negotio
2592 4173 2764 4241 quivis
2809 4179 3208 4244 superstitiosus
3255 4181 3446 4244 homo,
3490 4202 3554 4234 eo

1963 4264 2012 4310 te
2067 4260 2404 4326 pertraxerit,
2451 4255 2708 4316 "Gentium
2759 4274 2812 4318 et
2861 4266 2990 4320 deos
3047 4277 3101 4320 ut
3149 4252 3380 4324 adores?
3420 4273 3552 4327 Nam

1960 4347 2154 4402 ethnici
2177 4364 2386 4421 quoque
2415 4351 2601 4406 horum
2629 4361 2743 4406 arte
2771 4357 2987 4410 morbos
3018 4357 3158 4426 srepe
3187 4357 3466 4428 curarunt,
3498 4375 3553 4417 et

1960 4450 2186 4510 mgrotos
2213 4443 2424 4496 sanitati
2454 4445 2820 4499 restituerunt.
2856 4447 3047 4502 ldeone
3077 4451 3361 4518 impietatis
3391 4454 3550 4523 parti-

1959 4532 2105 4602 cipes
2135 4533 2369 4603 erimus?
2390 4535 2560 4590 Absit.
2593 4537 2730 4591 Audi
2756 4539 2880 4606 quid
2912 4541 3116 4610 Moyses
3137 4542 3335 4599 Judaris
3363 4547 3502 4601 dicat
3535 4568 3545 4598 ;

1959 4622 2021 4675 Si
2067 4625 2338 4676 surrexerit
2389 4625 2441 4679 in
2489 4627 2650 4678 medio
2696 4629 2767 4678 tui
2819 4632 3064 4697 prapheta
3090 4675 3102 4696 ,
3157 4644 3243 4684 aut
3291 4639 3550 4694 somnians

1958 4717 2230 4775 somnium,
2261 4723 2307 4766 et
2346 4716 2538 4768 dederit
2566 4717 2653 4769 tibi
2682 4719 2882 4787 signum
2924 4722 2998 4774 rel
3024 4735 3343 4791 portentum;
3370 4744 3547 4783 euene-

1956 4794 2116 4872 ritque
2144 4805 2344 4874 signum
2365 4804 2442 4858 vel
2469 4817 2771 4875 portentum,
2798 4811 2933 4877 quod
2959 4812 3193 4880 loquutus
3215 4827 3307 4880 est,
3334 4827 3380 4870 et
3405 4810 3549 4872 dixe-

1955 4897 2020 4947 rit
2048 4897 2113 4948 ad
2140 4906 2185 4947 te
2213 4912 2230 4949 :
2259 4913 2431 4950 eamus
2463 4907 2509 4949 et
2529 4899 2803 4952 serviamus
2830 4901 2929 4954 diis
2957 4887 3154 4968 alienis,
3185 4924 3308 4974 quos
3329 4926 3430 4962 non
3452 4928 3544 4964 ne-

1958 5001 2132 5064 vcrunt
2162 5000 2329 5058 patres
2353 4991 2512 5042 nostri
2541 5005 2557 5042 :
2583 5007 2682 5043 non
2705 4993 2942 5048 obedietis
2967 4998 3125 5050 verbis
3150 4989 3430 5068 prop/tete,
3460 5014 3547 5057 aut

1955 5080 2274 5132 somniatoris
2316 5075 2455 5134 illius
2499 5079 2673 5152 (Deut.
2718 5083 2805 5136 15.
2854 5082 2906 5154 1)
2975 5087 3211 5150 Quorum
3258 5093 3542 5147 verborum

1957 5170 2070 5224 ha-c
2097 5181 2180 5225 est
2209 5172 2469 5226 sententia
2502 5190 2512 5223 :
2541 5171 2595 5227 Si
2627 5175 2883 5243 propheta
2909 5177 3192 5246 quispiam,
3217 5180 3406 5250 inquit,
3428 5199 3550 5238 sur-

1957 5261 2173 5326 rexerit,
2205 5271 2258 5315 et
2300 5261 2508 5331 signum
2550 5263 2796 5328 ediderit,
2838 5267 2921 5321 vel
2967 5271 3233 5323 mortuum
3276 5273 3541 5344 excitarit,

1956 5353 2038 5406 vel
2064 5353 2336 5422 leprosum
2363 5348 2717 5420 mundaverit,
2746 5357 2830 5410 vel
2852 5357 3084 5412 debilem
3115 5364 3336 5425 sanarit,
3362 5365 3546 5433 signo-

1956 5459 2060 5513 que
2105 5444 2249 5498 edi'to
2297 5443 2362 5497 ad
2409 5444 2735 5514 impietatem
2783 5457 2834 5501 te
2876 5447 3110 5502 invitarit
3156 5467 3168 5501 :
3217 5466 3286 5506 ne
3328 5464 3546 5522 propter

1955 5538 2089 5607 signi
2118 5546 2373 5591 eventum
2397 5535 2635 5591 obedias.
2667 5536 2881 5603 Quare?
2932 5538 3113 5592 Tentat
3134 5527 3266 5594 enim
3289 5552 3336 5596 te
3356 5532 3543 5598 Domi-

1957 5643 2050 5682 nus
2078 5626 2216 5681 Deus
2236 5635 2371 5691 tuus,
2392 5635 2447 5679 ut
2475 5627 2660 5693 uideat,
2683 5644 2751 5682 an
2771 5628 2955 5698 diligas
2975 5629 3144 5698 ipsum
3160 5646 3224 5684 ea:
3245 5636 3347 5686 toto
3395 5641 3558 5692 corde

1957 5731 2064 5784 tuo,
2092 5728 2138 5772 et
2167 5734 2231 5774 ea:
2258 5727 2360 5771 tota
2388 5717 2562 5771 anima
2589 5729 2676 5771 tua
2728 5716 2909 5788 (Ibid.
2937 5736 2986 5774 ι.
3033 5721 3110 5789 5).
3144 5715 3295 5777 Unde
3334 5714 3548 5779 Constat

1959 5801 2232 5865 daemones
2257 5821 2366 5862 non
2392 5805 2618 5864 mederi.
2648 5806 2801 5877 Quod
2822 5808 2890 5879 si,
2925 5809 3034 5866 Deo
3056 5808 3422 5883 permittente,
3453 5807 3548 5872 alio
