4178 6324
640 390 758 447 355

646 505 861 574 quando
906 500 1237 564 medeantur,
1282 494 1727 568 quemadmodum
1773 494 2047 557 homines,
2090 511 2218 565 per-

648 597 832 649 missio
866 594 965 647 ista
1002 591 1059 644 fit
1085 589 1151 644 ad
1191 590 1263 643 tui
1297 588 1734 655 explorationem,
1772 601 1876 640 non
1916 584 2054 655 quod
2086 587 2225 637 Deus

650 686 869 747 nesciat,
898 681 991 736 sed
1019 691 1075 734 ut
1102 680 1276 735 discas
1303 693 1397 733 eos
1416 680 1575 731 etiam
1603 678 1793 730 missos
1825 675 1997 731 facere
2022 677 2221 729 dil‘lllO-

649 789 764 837 nas,
785 762 878 840 qui
912 769 1209 825 medentur.
1239 768 1313 821 Ac
1338 765 1460 835 quid
1485 765 1553 818 de
1589 764 1845 819 medicina
1874 768 2112 834 corporis
2142 762 2222 817 lo-

647 865 817 936 quor?
843 863 898 918 Si
937 861 1057 931 quis
1084 859 1380 930 gehennam
1416 857 1646 911 minetur
1673 855 1785 920 tibi,
1820 854 1919 908 nisi
1956 854 2223 907 Christum

650 957 902 1024 abneges,
933 968 1058 1006 num
1098 965 1217 1003 eum
1256 946 1544 1003 admittes?
1582 945 1639 1000 Si
1681 946 1800 1014 quis
1841 959 2058 1013 regnum
2101 959 2222 1011 pro-

648 1047 837 1106 mittat,
868 1051 924 1097 ut
953 1042 1020 1096 ab
1050 1040 1319 1109 unigenito
1346 1039 1479 1093 Filio
1509 1036 1597 1090 Dei
1628 1036 1861 1098 delicias,
1897 1034 2041 1087 illum
2070 1048 2225 1087 aver-

649 1149 811 1201 sator,
850 1134 1077 1202 odioque
1108 1132 1458 1201 prosequitur,
1493 1138 1540 1183 et
1585 1129 1727 1182 Pauli
1758 1128 2048 1195 discipulus
2077 1133 2223 1189 asto;

641 1210 842 1298 easque
868 1240 1025 1280 voces
1043 1224 1339 1287 aemulator,
1368 1235 1497 1290 quas
1519 1220 1838 1301 bea'usille,
1866 1226 1918 1270 et
1938 1228 2226 1286 generosus

649 1323 857 1376 animus
878 1332 1067 1386 magno
1095 1329 1213 1369 cum
1244 1314 1477 1367 clamore
1501 1310 1665 1364 edidit
1696 1328 1707 1362 :
1740 1308 1916 1362 Certus
1940 1324 2047 1361 sum
2071 1307 2222 1370 enim,

652 1411 840 1481 inquit,
885 1407 1019 1478 quod
1062 1421 1217 1474 neque
1262 1420 1417 1469 mors,
1464 1418 1622 1469 neque
1666 1401 1786 1465 vita,
1838 1414 1994 1466 neque
2038 1397 2225 1467 angeli,

651 1515 806 1569 neque
833 1497 1164 1568 principatus,
1194 1508 1349 1561 neque
1370 1492 1589 1555 virtutes,
1613 1504 1769 1557 neque
1788 1488 2049 1550 instantia,
2074 1501 2231 1554 neque

652 1594 844 1660 futura,
890 1603 1045 1656 neque
1082 1583 1329 1647 altitudo,
1366 1599 1524 1651 neque
1558 1581 1897 1651 profundum,
1928 1595 2085 1648 neque
2122 1578 2229 1631 ulla

653 1681 755 1733 alia
782 1688 1013 1733 creatura
1056 1676 1233 1746 poterit
1264 1689 1356 1727 nos
1384 1686 1619 1741 separare
1658 1687 1689 1723 a
1723 1670 1931 1722 caritate
1970 1667 2082 1733 Dei,
2119 1683 2231 1737 quae

652 1784 721 1826 est
752 1774 802 1825 in
842 1770 1038 1823 Christo
1078 1766 1203 1820 Iesu
1242 1764 1458 1817 Domino
1496 1761 1867 1831 nostr0'(Ronr.
1906 1760 1959 1815 8.
2000 1759 2087 1813 38.
2112 1758 2226 1827 59).

656 1865 805 1916 Illum
830 1876 931 1915 nou
962 1858 1155 1929 angeli,
1183 1872 1289 1910 non
1318 1855 1565 1920 virtutes,
1597 1868 1703 1907 non
1725 1852 1995 1916 instantia,
2020 1865 2125 1905 non
2152 1850 2232 1904 fu-

655 1965 790 2017 tura,
827 1967 933 2005 non
962 1950 1061 2004 alia
1092 1956 1334 2003 creatura
1357 1960 1386 1999 a
1424 1943 1644 1999 caritate
1670 1942 1867 1997 Christi
1892 1949 2104 2010 separat
2132 1958 2145 1993 :
2177 1949 2232 1995 et

656 2057 705 2099 te
725 2058 851 2098 cura
873 2030 1111 2110 corporis
1136 2038 1201 2092 ad
1232 2034 1579 2091 defectionem
1606 2032 1860 2101 impellit?
1881 2031 2057 2100 Ecqua
2075 2031 2230 2086 venia

656 2138 818 2208 possit
840 2131 1152 2203 impetrari?
1179 2130 1366 2185 Merito
1390 2128 1530 2184 enim
1560 2127 1672 2195 ipsa
1702 2126 1945 2195 gehenna
1977 2122 2230 2178 formida-

652 2226 809 2281 bilior
847 2224 999 2278 nobis
1028 2231 1110 2276 est
1134 2220 1394 2283 Christus,
1428 2228 1481 2273 et
1523 2218 1639 2286 ipso
1668 2230 1830 2285 regno
1866 2216 2057 2285 potior.
2086 2213 2232 2267 Licet

653 2324 969 2383 :egrotemus
996 2329 1007 2363 :
1041 2319 1257 2379 praestat
1283 2323 1381 2363 nos
1411 2308 1596 2361 morbo
1622 2304 1807 2373 afﬂigi,
1836 2320 2014 2374 quam,
2050 2314 2104 2357 ut
2132 2304 2234 2359 hoc

644 2406 909 2466 .lcvemur,
964 2402 1030 2455 ad
1080 2400 1403 2468 impietatem
1457 2397 1679 2467 prolabi.
1729 2395 1799 2452 Ut
1848 2396 1988 2449 enim
2034 2396 2234 2449 sanarit

657 2496 891 2555 daemon,
916 2493 1031 2561 plus
1054 2490 1244 2555 obfuit,
1274 2503 1430 2559 quam
1458 2488 1675 2558 profuit.
1709 2488 1837 2542 Nam
1870 2488 2080 2557 corpori
2114 2489 2232 2556 qui-

656 2586 775 2640 dem
801 2584 1163 2638 emolumento
1191 2581 1307 2645 fuit,
1331 2582 1415 2635 cui
1438 2581 1654 2634 omnino
1676 2589 1758 2635 est
1784 2581 1939 2647 paulo
1969 2590 2087 2649 post
2116 2595 2233 2633 mo-

657 2676 918 2739 riendum,
941 2673 1188 2744 quodque
1211 2680 1475 2741 putrescet
1503 2688 1515 2722 :
1543 2672 1719 2724 animo
1747 2681 1920 2723 autem
1946 2670 2234 2723 immortali

655 2768 1029 2822 detrimentum
1059 2765 1253 2818 attulit.
1288 2765 1364 2818 Ac
1394 2762 1839 2832 quemadmodum
1867 2761 2097 2830 plagiarii
2128 2760 2238 2814 bel—

654 2860 809 2924 laria,
844 2858 1146 2928 placentas,
1186 2855 1341 2919 talos,
1388 2864 1546 2923 atque
1585 2853 1635 2907 id
1674 2868 1841 2922 genus
1868 2852 1968 2906 alia
2008 2852 2237 2921 parvulis

656 2967 800 3020 smpe
833 2950 1007 3019 pueris
1037 2949 1329 3017 porrigunt,
1372 2946 1563 3016 quibus
1602 2945 1864 3000 inescatos
1908 2943 2150 2997 libertate
2184 2953 2238 2996 et

656 3042 762 3095 vita
793 3043 903 3108 ipsa
936 3041 1141 3107 privant
1181 3056 1194 3090 :
1228 3036 1294 3091 ad
1319 3036 1562 3091 eumdem
1599 3035 1758 3090 etiam
1792 3034 2005 3088 modum
2040 3034 2238 3087 dmmo-

655 3149 753 3188 nes
776 3132 996 3186 membri
1020 3146 1198 3184 eumn
1226 3130 1558 3197 pollicentur,
1581 3138 1632 3182 et
1658 3142 1870 3181 omnem
1900 3128 2057 3180 animi
2087 3125 2235 3181 salu-

656 3231 761 3276 tem
784 3221 1103 3291 prmcipitem
1122 3226 1301 3287 agunt.
1322 3218 1537 3282 Verum,
1557 3217 1750 3281 dilecti,
1772 3232 1838 3272 ne
1855 3214 1905 3271 id
1925 3216 2231 3280 toleremus;

658 3314 749 3366 sed
787 3313 853 3366 ab
896 3312 1166 3380 impietate
1207 3310 1568 3363 liberationem
1609 3304 1794 3375 qtiovis
1833 3308 1993 3361 modo
2028 3323 2235 3377 quaera-

656 3420 793 3457 mus.
818 3405 1005 3471 Annon
1037 3400 1219 3462 Johns,
1245 3415 1431 3469 passus
1469 3399 1567 3455 sibi
1595 3400 1664 3454 ab
1691 3414 1857 3453 uxore
1890 3400 2229 3469 persuaderi,

659 3492 1024 3560 blasphemare
1048 3491 1097 3544 in
1134 3490 1295 3543 Deum
1326 3489 1599 3557 potuisset,
1634 3497 1686 3543 et
1706 3504 1805 3557 qua
1836 3488 2121 3558 urgebatur
2146 3504 2235 3543 ea.

658 3584 894 3636 lamitate
921 3581 1168 3635 liberari?
1204 3581 1295 3633 Dic
1324 3582 1541 3643 verbum,
1573 3578 1759 3648 inquit,
1791 3580 2027 3634 adversus
2053 3578 2232 3633 Domi-

659 3690 800 3737 num,
832 3684 874 3724 et
906 3689 1093 3727 morere
1123 3671 1242 3742 (Job
1287 3670 1339 3723 2.
1385 3670 1463 3737 9).
1486 3669 1685 3724 “Verum
1710 3670 1755 3723 is
1779 3670 2002 3723 cruciari
2027 3670 2230 3735 maluit,

657 3774 712 3819 et
762 3764 1040 3825 macerari,
1092 3764 1402 3831 plagamque
1450 3762 1592 3815 illam
1635 3761 1779 3817 ferre
1818 3762 2231 3827 intolerabilem,

586 3868 589 3869 ν
653 3868 813 3924 quam
843 3853 1228 3920 blasphemare,
1250 3860 1303 3905 et
1325 3852 1478 3904 malis
1506 3852 1854 3919 prtesentibus
1880 3853 2063 3905 eximi.
2089 3853 2236 3907 llunc

659 3954 715 3996 tu
743 3958 949 4011 quoque
976 3944 1244 4003 aemulare,
1294 3940 1533 4009 quamvis
1571 3941 1768 3994 infinita
1807 3943 2083 4010 malorum,
2116 3945 2230 4013 qui-

652 4038 759 4090 bus
782 4036 1065 4100 divexaris,
1092 4034 1299 4086 diemon
1326 4032 1559 4086 remedia
1589 4034 1896 4100 polliceatur
1931 4053 1941 4087 :
1973 4051 2038 4090 ne
2076 4035 2229 4090 ﬁdem

652 4127 875 4191 habeas,
922 4140 1091 4193 neque
1136 4124 1361 4187 toleres;
1405 4124 1847 4191 quemadmodum
1893 4142 2063 4196 neque
2090 4127 2234 4196 justo

654 4218 734 4269 illi
765 4216 1083 4285 persuadere
1113 4228 1243 4266 uxor
1274 4212 1459 4281 potuit.
1493 4212 1595 4265 Sed
1626 4214 1866 4267 morbum
1903 4214 2024 4269 forti
2057 4218 2235 4271 animo

663 4308 836 4375 potius
885 4305 1078 4373 perfer,
1122 4316 1278 4372 quam
1331 4302 1487 4355 fidem
1535 4311 1587 4356 et
1628 4304 1851 4357 salutem
1898 4306 2087 4359 anima:
2133 4317 2234 4359 tuze

663 4396 992 4465 pessumdes.
1036 4394 1219 4460 Neque
1261 4393 1401 4445 enim
1452 4394 1590 4448 Deus
1636 4404 1686 4447 te
1725 4393 2045 4463 dcrelinquit
2082 4415 2093 4448 :
2142 4400 2234 4451 sed

662 4488 831 4557 magis
879 4486 1219 4554 conspicuum
1277 4496 1331 4537 ut
1386 4485 1605 4548 reddat,
1660 4488 1898 4553 corporis
1944 4488 2231 4541 infirmitati

659 4592 803 4643 scepe
840 4576 1074 4642 subjicit.
1110 4574 1291 4627 Perfer
1326 4575 1500 4642 igitur,
1539 4583 1597 4629 ut
1636 4585 1689 4627 tu
1728 4591 1938 4645 quoque
1979 4577 2109 4631 illud
2137 4593 2235 4632 an-

661 4670 813 4722 dias:
844 4665 979 4719 Num
1004 4676 1058 4718 tu
1086 4683 1273 4726 ceruos,
1300 4684 1377 4718 me
1409 4667 1565 4719 aliam
1599 4668 1658 4719 ob
1697 4684 1899 4720 causam
1937 4669 2022 4721 tibi
2052 4686 2231 4724 oracu-

662 4758 767 4811 lum
796 4757 1027 4821 edidisse,
1056 4773 1206 4825 quam
1234 4767 1285 4808 ut
1302 4758 1475 4825 justus
1495 4774 1743 4825 apparens
1762 4758 1879 4827 (Job
1896 4757 1983 4812 40.
2012 4756 2064 4809 5.
2100 4759 2141 4825 )?

734 4849 786 4901 8.
820 4846 1039 4900 Posscnt
1086 4847 1231 4914 plura
1279 4847 1435 4898 etiam
1482 4857 1674 4914 praeter
1704 4848 1816 4901 lucc
1860 4848 1960 4903 dici
1996 4867 2007 4901 :
2040 4853 2133 4903 sed
2179 4862 2235 4905 ut

661 4952 777 5005 quin
798 4936 907 5003 jam
934 4935 1154 4988 audistis
1181 4935 1247 4986 ab
1275 4936 1538 4988 nbiivione
1565 4936 1895 4991 vindicentur
1918 4980 1931 5000 ,
1966 4938 2121 4993 linem
2150 4939 2233 4994 hic

654 5026 887 5079 orationi
939 5026 1162 5089 faciam,
1220 5025 1306 5077 ubi
1362 5025 1555 5095 Moysis
1598 5027 1755 5079 verba
1805 5029 1948 5096 prius
1996 5030 2228 5085 dixero:

658 5116 839 5169 Testor
863 5115 1122 5167 adversum
1152 5130 1233 5167 vos
1260 5115 1406 5167 hodie
1433 5116 1608 5169 castum
1636 5126 1678 5169 et
1710 5128 1892 5170 terram
1921 5120 1938 5189 (
1964 5118 2109 5174 Deut.
2142 5123 2228 5176 '50.

661 5205 767 5274 19)
797 5245 812 5270 ,
844 5205 885 5257 si
930 5205 1185 5271 quispiam
1212 5215 1443 5257 vestrum
1477 5220 1709 5273 prmsens
1751 5209 2009 5264 absensve
2033 5253 2047 5275 ,
2081 5214 2231 5270 tubas

656 5303 952 5364 spectatum
1002 5295 1224 5355 abierit,
1273 5306 1359 5348 aut
1389 5296 1453 5348 ad
1484 5297 1813 5367 Synagogam
1861 5304 2228 5369 contenderit,

656 5398 749 5442 aut
786 5388 851 5441 ad
890 5387 1141 5440 Matronae
1167 5387 1443 5441 delubrum
1473 5392 1806 5456 ascenderit,
1836 5403 1925 5446 aut
1961 5395 2147 5463 jejuuii
2179 5407 2232 5451 et

650 5478 1008 5533 Sabbatorum
1052 5478 1311 5545 particeps
1340 5478 1532 5545 fuerit,
1563 5490 1653 5533 aut
1678 5482 1834 5534 alium
1866 5484 2020 5538 ritum
2048 5486 2229 5540 Judai-

652 5582 778 5621 cum
828 5580 1214 5635 quemcumque
1266 5566 1660 5633 observaverit,
1712 5571 1981 5627 innoxium
2032 5591 2115 5629 me
2164 5578 2230 5632 ab

658 5660 897 5713 omnium
920 5666 1166 5711 avestrum
1193 5672 1447 5724 sangume
1487 5674 1626 5714 esse.
1656 5661 1718 5715 Hi
1764 5678 2036 5720 sermones
2066 5668 2115 5721 in
2145 5668 2231 5724 die

661 5747 869 5805 Domini
898 5747 1062 5803 nostri
1090 5747 1215 5803 Jesu
1234 5747 1431 5803 Christi
1458 5758 1511 5806 et
1536 5752 1660 5806 mihi
1686 5762 1738 5808 et
1766 5754 1915 5811 vobis
1940 5757 2225 5816 sistentur:

1348 384 1407 440 5.
1446 382 1722 441 JOANNIS
1757 381 2228 438 CHRYSOSTOMI
2271 382 2593 439 ARCHIEP.
2640 379 3171 437 CONSTANTINOP.

3805 374 3918 429 856

2331 508 2383 550 et
2411 497 2455 550 si
2486 495 2806 555 ebetlieritis.
2840 495 3064 548 multum
3097 494 3245 548 vobis
3272 493 3471 548 dabunt
3503 491 3708 547 fiduciae
3731 510 3743 545 :
3770 492 3920 561 quod

2328 585 2372 638 si
2413 602 2516 639 non
2545 586 2848 655 pariter-itis,
2879 594 2969 638 aut
2994 582 3250 653 quosdam
3283 583 3403 637 talia
3429 597 3587 637 ausos
3611 585 3922 636 occultave-

2330 676 2465 742 ritis,
2496 687 2761 743 tamquam
2790 690 2940 729 acres
2966 685 3303 729 accusatores
3329 691 3391 729 ex
3422 675 3647 728 adverso
3674 674 3917 727 stabunt.

2335 764 2453 819 Non
2498 765 2630 819 enim
2674 764 2988 836 subterfugi,
3037 782 3134 832 quo
3180 766 3345 819 minus
3390 766 3739 819 annuntiarent
3779 767 3924 818 vobis

2331 874 2476 912 omne
2507 857 2597 912 Dei
2638 856 2903 911 consilium
2929 858 2947 926 (
2974 858 3084 910 Act.
3111 859 3201 912 20.
3233 857 3302 912 27
3324 858 3343 926 )
3367 899 3383 919 .
3428 857 3520 911 sed
3551 868 3604 911 et
3635 873 3786 911 mens
3806 856 3923 908 riis

2332 948 2605 1019 pecuniam
2652 951 2916 1005 commisi.
2957 950 3234 1019 Reliquum
3264 956 3349 1003 est
3393 959 3448 1001 ut
3475 950 3767 1017 depositam
3816 964 3916 1002 au-

2330 1054 2536 1110 geatis,
2586 1041 2863 1112 fructuque
2909 1044 3179 1097 coucionis
3226 1044 3292 1097 ad
3341 1042 3562 1096 fratrum
3616 1052 3919 1097 vestrorum

2332 1134 2555 1187 salutem
2586 1135 2823 1188 utamini.
2855 1137 2922 1187 At
2966 1136 3245 1189 molestum
3277 1143 3332 1188 et
3356 1135 3597 1187 odiosum
3629 1144 3709 1188 est
3752 1134 3802 1185 in
3834 1133 3927 1187 hil

2334 1233 2612 1292 peccantes
2636 1223 2889 1278 deferre?
2913 1223 3096 1278 Itidem
3127 1234 3175 1278 et
3208 1224 3385 1277 silere.
3415 1223 3544 1277 Tam
3574 1223 3715 1277 enim
3741 1224 3921 1288 vobis,

2333 1314 2420 1381 qui
2449 1314 2642 1381 tegitis,
2672 1330 2833 1383 quam
2859 1315 2959 1368 illis
2985 1315 3073 1384 qui
3101 1314 3287 1381 latent,
3313 1313 3581 1368 silentium
3613 1313 3713 1368 hoc
3737 1317 3926 1383 perni-

2334 1406 2469 1459 ciem
2498 1405 2652 1460 atl'ert
2675 1445 2691 1470 ,
2725 1407 2889 1460 Deum
2932 1406 3085 1460 nobis
3126 1405 3398 1483 inimicum
3427 1404 3676 1459 reddens.
3708 1406 3927 1471 Quanto

2334 1504 2511 1547 autem
2542 1504 2773 1562 prazstat,
2794 1497 2845 1548 in
2872 1510 3248 1550 conservorum
3276 1494 3399 1549 odio
3428 1509 3547 1550 esse
3572 1494 3637 1548 ad
3666 1495 3920 1559 salutem,

2334 1599 2491 1653 quam
2524 1584 2732 1638 Domini
2774 1587 2909 1639 iram
2937 1586 3194 1640 adversus
3222 1602 3322 1640 nos
3360 1586 3661 1640 concitari?
3706 1586 3925 1641 illorum

2335 1674 2474 1727 enim
2504 1674 2823 1743 quicumque
2846 1717 2861 1740 ,
2896 1685 2952 1729 ut
2989 1676 3098 1745 jam
3144 1676 3445 1745 indignetur
3468 1718 3481 1738 ,
3508 1675 3763 1730 damnum
3791 1675 3927 1731 dare

2336 1780 2441 1817 non
2470 1764 2663 1834 poterit
2685 1806 2699 1830 ,
2729 1766 2854 1832 quin
2880 1780 2974 1834 pro
2998 1766 3256 1820 medicina
3288 1766 3485 1835 gratias
3514 1766 3726 1820 tandem
3752 1775 3871 1835 aget
3908 1783 3924 1819 :

2338 1855 2475 1909 Deus
2518 1871 2683 1921 vero,
2733 1856 2818 1909 ubi
2866 1858 3095 1911 tacueris
3136 1865 3192 1911 et
3234 1857 3531 1913 occulueris
3580 1859 3631 1911 in
3655 1858 3929 1912 .cmiservi

2335 1945 2581 2013 gratiam,
2614 1960 2733 1999 cum
2766 1944 2923 2014 hujus
2951 1947 3200 2015 pernicie,
3238 1962 3420 2016 poenas
3449 1947 3545 2002 abs
3577 1956 3629 2003 te
3656 1955 3930 2003 extremas

2336 2044 2566 2104 expetet.
2595 2036 2769 2103 Quare
2797 2037 3019 2091 tacendo
3060 2048 3110 2091 et
3140 2038 3303 2092 Deum
3333 2039 3425 2093 tibi
3453 2039 3659 2092 hostem
3688 2038 3883 2093 reddes
3910 2080 3927 2101 ,

2338 2135 2391 2180 et
2418 2126 2633 2180 nocebis
2658 2125 2808 2180 fratri
2827 2143 2841 2179 :
2862 2126 3146 2181 deferendo
3165 2139 3340 2182 autem
3371 2128 3511 2181 lnme
3536 2140 3590 2183 et
3618 2129 3932 2196 indicando,

2338 2228 2390 2271 et
2436 2219 2599 2272 Deum
2631 2218 2851 2273 habebis
2893 2221 3171 2288 propitium
3197 2261 3212 2285 ,
3243 2230 3295 2274 et
3338 2221 3553 2275 fratrem
3584 2221 3886 2275 lucrifacics
3912 2263 3929 2284 ,

2339 2310 2673 2379 amicumque
2718 2310 2927 2377 parabis
2951 2320 3103 2365 antea
3150 2311 3486 2366 furibundum
3512 2354 3527 2377 ,
3556 2314 3885 2381 experientia
3912 2356 3928 2377 ,

2341 2400 2436 2467 ipsi
2468 2410 2518 2454 te
2542 2402 2676 2455 bene
2702 2400 2911 2465 fecisse,
2946 2402 3213 2457 edoctum.
3242 2402 3318 2457 Ne
3347 2404 3525 2473 itaque
3556 2419 3651 2458 vos
3678 2403 3930 2459 fratribus

2339 2490 2624 2562 gratiﬁcari
2672 2493 2900 2561 putetis,
2934 2494 2978 2547 si
3024 2493 3237 2547 absurdi
3267 2494 3392 2562 quid
3435 2508 3529 2549 eos
3571 2496 3762 2548 sectari
3808 2509 3933 2547 cer-

2343 2582 2480 2635 natis
2503 2623 2519 2647 ,
2566 2597 2736 2650 neque
2763 2583 2906 2637 omni
2932 2584 3092 2637 animi
3120 2586 3463 2638 contentione
3504 2585 3647 2653 ipsos
3673 2585 3931 2653 arguatis.

2342 2676 2547 2729 Amissa
2580 2684 2746 2741 veste,
2779 2691 2845 2730 an
2878 2675 3047 2731 furem
3080 2686 3306 2744 tantum,
3337 2694 3443 2733 non
3474 2679 3595 2732 furti
3626 2682 3927 2741 conscium,

2342 2779 2513 2832 neque
2543 2765 2860 2821 indicantem
2887 2808 2901 2832 ,
2948 2766 3190 2821 similiter
3221 2782 3314 2837 pro
3345 2768 3497 2822 hoste
3523 2768 3719 2823 ducis?
3762 2770 3932 2824 Mater

2342 2866 2523 2909 nostra
2549 2857 2848 2910 communis
2890 2857 3126 2912 Ecclesia
3164 2873 3268 2912 non
3316 2868 3515 2912 vestem
3541 2898 3558 2923 ,
3587 2860 3679 2912 sed
3699 2857 3931 2913 fratrem

2343 2947 2555 3013 amisit;
2605 2963 2761 3017 quem
2806 2948 3046 3003 diabolus
3088 2949 3224 3004 clam
3269 2960 3511 3019 ereptum
3557 2950 3608 3004 in
3653 2949 3932 3005 Judaismo

2343 3040 2545 3096 detinet
2576 3059 2589 3095 :
2622 3042 2758 3095 nosti
2807 3049 3071 3111 raptorem
3100 3082 3113 3104 ,
3163 3044 3301 3096 nosti
3350 3052 3557 3109 raptum
3592 3060 3606 3095 :
3641 3042 3790 3097 vides
3845 3060 3933 3099 me

2342 3130 2598 3186 doctrinae
2628 3146 2930 3187 sermonem
2977 3143 3243 3202 tamquam
3290 3131 3560 3186 lucernam
3590 3134 3889 3188 accendere
3915 3176 3931 3199 ,

2343 3224 2535 3289 ubique
2558 3237 2679 3277 cum
2710 3224 2925 3293 planctu
2950 3237 3191 3293 qnmrere
3214 3238 3229 3275 :
3254 3230 3305 3279 et
3333 3231 3385 3276 tu
3410 3223 3574 3277 silens
3598 3233 3731 3289 stas,
3754 3239 3934 3291 neque

2344 3312 2578 3367 indicas?
2598 3314 2726 3379 Quae
2752 3313 2844 3370 tibi
2871 3313 3056 3367 venia?
3074 3312 3263 3368 Nonne
3290 3327 3386 3382 pro
3410 3329 3620 3368 summo
3648 3313 3935 3368 trahebaris

2342 3406 2554 3459 inimico
2584 3406 2833 3460 Ecclesia
2858 3447 2871 3466 ,
2904 3414 3060 3475 teque
3090 3406 3176 3459 illa
3208 3406 3415 3461 hostem
3437 3406 3698 3474 judicabit
3722 3416 3775 3461 et
3804 3423 3933 3475 pro-

2341 3496 2612 3551 ditorem?
2642 3497 2833 3551 Verum
2865 3497 3037 3562 absit,
3067 3508 3124 3551 ut
3150 3500 3425 3568 quisquam
3451 3514 3635 3553 eorum
3660 3540 3675 3565 ,
3707 3502 3793 3569 qui
3826 3500 3936 3554 hoc

2341 3589 2618 3644 consilium
2660 3589 2917 3653 audiunt,
2952 3591 3107 3645 talem
3137 3592 3347 3660 culpam
3393 3590 3673 3657 admittat,
3708 3591 3935 3647 fratrem

2344 3691 2395 3733 ut
2442 3682 2667 3749 prodat,
2714 3697 2809 3750 pro
2854 3696 2957 3752 quo
2986 3680 3225 3738 Christus
3269 3692 3349 3738 est
3391 3693 3650 3738 mortuus.
3684 3684 3936 3740 Christus

2340 3773 2649 3840 sanguinem
2675 3771 2857 3827 eiludit
2892 3781 3109 3842 propter
3136 3773 3307 3842 ipsum
3342 3791 3354 3826 :
3389 3784 3443 3829 tu
3469 3791 3535 3829 ne
3558 3775 3777 3829 verbum
3803 3777 3932 3843 qui-

2341 3863 2461 3916 dem
2492 3873 2706 3933 propter
2746 3865 2915 3932 ipsum
2946 3863 3166 3918 fundere
3195 3864 3468 3919 sustines?
3497 3865 3574 3920 Ne
3604 3868 3931 3920 cunctamini

2343 3952 2528 4007 lnirtor
2558 3972 2572 4007 :
2608 3953 2699 4008 sed
2743 3954 2919 4009 statim
2948 3953 3072 4007 hinc
3108 3953 3335 4024 digressi
3378 3955 3442 4007 ad
3471 3954 3609 4008 hanc
3650 3965 3929 4024 capturatn

2342 4044 2650 4107 incitemini,
2674 4054 2725 4097 ct
2752 4045 2975 4113 quilibet
2994 4056 3223 4099 vestrum
3253 4046 3382 4099 mibi
3407 4046 3635 4100 adducat
3663 4046 3929 4115 ejusmodi

2342 4136 2527 4190 morbo
2554 4137 2861 4190 obnoxium.
2892 4136 3025 4204 Quin
3066 4137 3205 4191 absit
3248 4139 3419 4206 petius
3442 4176 3459 4204 ,
3490 4148 3545 4190 ut
3575 4148 3649 4191 tot
3677 4138 3926 4193 homines

2343 4224 2527 4277 morbo
2556 4225 2656 4277 isto
2686 4234 2984 4279 teneantur.
3017 4226 3130 4279 Diui
3160 4235 3211 4279 et
3240 4226 3371 4280 terni
3402 4241 3433 4279 e
3462 4227 3630 4287 vobis,
3649 4236 3739 4281 aut
3764 4231 3926 4281 etiam

2342 4318 2462 4370 deni
2506 4327 2558 4371 et
2606 4312 2776 4371 viceni
2823 4334 2981 4371 unum
3035 4317 3342 4372 adducant:
3378 4328 3475 4384 ut,
3520 4329 3735 4387 captura
3782 4321 3929 4373 velut

2342 4409 2562 4476 piscium
2592 4408 2677 4461 die
2704 4409 2793 4461 illo
2817 4419 3098 4477 conspecta
3128 4412 3263 4463 inter
3290 4411 3442 4473 retia,
3471 4410 3746 4466 lautiorem
3774 4426 3927 4465 meu-

2342 4512 2452 4549 sam
2484 4496 2629 4550 vobis
2656 4488 2937 4566 apponam.
2984 4500 3081 4554 L'bi
3111 4503 3253 4554 enim
3300 4501 3614 4555 hodiernum
3643 4504 3924 4557 consilium

2342 4602 2502 4654 opere
2529 4590 2781 4656 compleri
2812 4591 3014 4657 videro,
3050 4592 3369 4659 promptiore
3385 4593 3563 4647 animo
3592 4609 3772 4648 curam
3807 4596 3928 4649 illo-

2342 4692 2457 4729 rum
2488 4679 2770 4745 suscipiam
2794 4720 2808 4744 ,
2840 4681 3046 4746 eritque
3074 4692 3176 4734 tam
3200 4682 3368 4745 vobis,
3396 4697 3555 4753 quam
3585 4685 3691 4739 illis
3717 4686 3924 4740 lucrum

2340 4764 2527 4834 majus.
2557 4765 2633 4819 Ne
2673 4768 2829 4835 igitur
2859 4771 3134 4839 negligatis
3166 4788 3179 4822 :
3211 4771 3303 4825 sed
3331 4781 3382 4825 et
3421 4772 3633 4827 femina:
3659 4775 3877 4828 feminas
3904 4818 3921 4836 ,

2341 4865 2394 4909 et
2440 4857 2534 4910 viri
2576 4859 2719 4912 viros
2742 4900 2754 4921 ,
2808 4869 2859 4913 ct
2888 4862 3025 4914 servi
3055 4876 3237 4915 servos
3261 4904 3273 4925 ,
3308 4872 3361 4917 et
3405 4863 3557 4918 liberi
3587 4865 3778 4920 liberos
3800 4909 3816 4929 ,
3866 4876 3927 4922 et

2342 4949 2488 5014 pueri
2535 4964 2725 5015 pueros
2751 4992 2763 5010 ,
2799 4952 2987 5019 singuli
3032 4952 3256 5020 denique
3284 4954 3426 5007 omni
3453 4955 3631 5009 studio
3674 4957 3722 5009 id
3753 4971 3927 5025 genus

2340 5038 2537 5091 morbis
2569 5051 2841 5109 correptos
2858 5044 3097 5110 captctis,
3119 5051 3171 5096 et
3200 5044 3267 5096 ita
3298 5045 3608 5099 concionem
3629 5047 3926 5115 proximam

2340 5126 2686 5195 frequentetis
2709 5171 2723 5193 ,
2774 5140 2828 5183 ut
2878 5142 2929 5184 et
2957 5148 2984 5183 a
3016 5134 3167 5186 nobis
3213 5134 3423 5187 laudem
3474 5136 3873 5205 consequamini
3900 5179 3920 5200 ,

2340 5227 2393 5271 et
2411 5228 2531 5271 ante
2548 5220 2806 5287 prmconia
2826 5230 3003 5276 n0stra
3020 5223 3236 5276 multam
3253 5240 3279 5275 a
3301 5224 3408 5277 Deo
3424 5233 3582 5294 atque
3600 5226 3923 5281 ineffabilem

2340 5310 2637 5364 mercedem
2660 5352 2675 5377 ,
2708 5328 2931 5381 qumque
2959 5314 3167 5369 labores
3200 5316 3450 5383 praeclare
3479 5333 3597 5371 sese
3627 5322 3924 5387 gerentiutn

2341 5400 2563 5453 multum
2590 5403 2817 5469 excedit,
2840 5405 3096 5458 referatis.
3117 5405 3267 5473 Quod
3292 5408 3489 5460 utinam
3510 5410 3659 5461 nobis
3682 5410 3926 5477 obtingat

2340 5493 2639 5558 universis,
2685 5497 2850 5564 gratia
2894 5506 2946 5550 et
2986 5498 3309 5567 benignitate
3341 5499 3549 5552 Domini
3596 5500 3763 5553 nostri
3788 5501 3919 5555 Jesu

2338 5580 2555 5649 Christi,
2576 5600 2669 5652 per
2683 5602 2841 5655 quem
2867 5597 2921 5641 et
2936 5603 3055 5641 eum
3082 5603 3185 5657 quo
3201 5591 3267 5642 sit
3291 5588 3455 5657 gloria
3475 5589 3636 5652 Patri,
3657 5592 3921 5660 simulque

2339 5670 2554 5738 Spiritui
2573 5685 2775 5742 sancto,
2793 5692 2929 5731 nunc
2944 5688 2998 5732 et
3010 5693 3119 5733 sem
3128 5694 3221 5748 per
3231 5690 3283 5732 et
3296 5679 3349 5733 in
3364 5680 3558 5734 sarcula
3575 5683 3917 5738 seculorum.

2339 5766 2527 5819 Amen.
