4178 6324
258 428 369 484 855

254 559 401 605 σου,
435 539 536 606 καί
559 536 630 604 ἐξ
659 535 810 605 ὅλης
833 533 946 605 τῆς
965 532 1177 605 ψυχῆς
1202 545 1342 588 σου.
1376 529 1540 586 Ὅθεν
1568 529 1750 603 δῆλον,
1777 528 1862 583 δτι

255 625 516 696 δαίμονες
543 621 607 676 οὑ
630 616 1048 692 θεραπεύουσιν.
1074 614 1140 670 Εί
1156 615 1216 670 δέ
1236 633 1370 671 ποτε
1393 614 1490 669 καὶ
1515 611 1868 686 συγχωροῦν-

255 727 355 774 τος
386 709 485 765 τοῦ
530 704 669 761 Θεοῦ
699 702 1011 776 ἐπιτύχοιέν
1038 716 1188 766 τινος
1233 698 1533 773 θεραπείας
1555 739 1570 763 ,
1610 696 1866 770 καθάπερ

256 793 565 866 ἄνθρωποι.
589 792 672 853 είς
696 785 927 858 δοκιμὴν
947 784 1047 857 τὴν
1073 785 1172 855 τὴν
1195 785 1228 856 ή
1252 781 1604 866 συγχώρησις
1630 781 1863 866 γίνεται,

255 861 580 946 οὑκέπιιδὴ
609 872 744 936 Θεὸς
775 871 982 939 ἀγνοεῖ,
1015 867 1132 922 ἀλλ’
1159 867 1249 922 ἵνα
1272 867 1338 922 σὺ
1361 864 1683 937 παιδευθῇς,
1709 861 1863 937 [599]

260 960 406 1033 μηδὲ
457 953 873 1030 θεραπευόντων
915 950 1208 1022 ἀνέχεσθαι
1255 949 1368 1033 τῶν
1399 948 1702 1033 δαιμόνων.
1756 946 1868 1001 Καὶ

255 1029 342 1098 τί⁷
371 1029 529 1112 λέγω
567 1036 869 1110 θεραπείαν
926 1033 1215 1106 σώματος;
1265 1032 1336 1087 Et
1369 1031 1456 1096 τίς
1502 1048 1586 1085 σοι
1640 1029 1869 1100 γέενναν

257 1127 514 1193 ἀπειλεῖ,
556 1123 701 1178 ὥστε
748 1117 1095 1193 ἀρνήσασθαι
1125 1117 1219 1171 τὸν
1262 1113 1524 1188 Χριστὸν,
1580 1112 1658 1185 μὴ
1692 1129 1869 1166 κατα-

256 1211 393 1284 δέξῃ
418 1227 434 1242 ο
462 1208 518 1263 εί
540 1224 628 1272 τις
659 1203 942 1278 βασιλείαν
975 1199 1369 1284 ἐπαγγέλλοιτο
1386 1238 1417 1284 ,
1453 1196 1597 1284 ῶστε
1625 1195 1872 1284 ἀποστῆ-

257 1278 494 1350 ναι-ἀπὸ
519 1288 617 1346 τοῦ
652 1283 980 1362 μονογενοῦς
1007 1283 1142 1338 Υίοῦ
1163 1281 1259 1338 τοῦ
1281 1280 1443 1346 Θεοῦ,
1477 1278 1870 1362 ἀποστράφηθι

259 1380 362 1434 καὶ
394 1375 652 1448 μίσησον,
683 1373 782 1426 καὶ
804 1367 965 1440 γενοῦ
1009 1365 1227 1422 Παύλου
1261 1364 1537 1448 μαθητὴς,
1565 1364 1661 1448 καὶ
1690 1361 1869 1448 ζήλω-

261 1479 363 1517 σον
389 1444 494 1524 τὰς
518 1444 716 1528 -φωνάς
756 1453 976 1517 ἐκείνας
998 1491 1015 1516 ,
1047 1451 1115 1516 ἀς
1157 1452 1192 1522 ή
1227 1447 1476 1522 μακαρία
1512 1447 1608 1502 καὶ
1643 1444 1871 1516 γενναία

259 1543 533 1614 ἀνεϐόησε
586 1540 761 1611 ψυχή.
821 1536 1159 1605 Πέπεισμαι
1196 1533 1331 1604 γὰρ,
1377 1531 1568 1604 φησὶν,
1604 1529 1696 1585 ὅτι
1731 1528 1872 1614 οὔτε

260 1612 551 1692 θάνατος,
600 1624 743 1679 οὔτε
785 1619 932 1690 ζωὴ,
977 1619 1120 1676 οὔτε
1150 1618 1435 1686 ἄγγελοι,
1489 1615 1630 1670 οὔτε
1666 1612 1870 1683 ἀρχαὶ,

261 1712 412 1768 οὔτε
440 1707 752 1778 δυνάμεις,
803 1703 944 1758 οὕτε
994 1701 1319 1765 ἐνεστῶτα,
1355 1699 1495 1755 οὔτε
1528 1697 1834 1762 μέλλοντα
1854 1735 1868 1762 ,

261 1796 410 1851 οὔτε
431 1793 672 1862 ὕψωμα,
686 1789 825 1842 οὔτε
837 1786 1053 1853 βάθος,
1076 1785 1217 1840 οὔτε
1241 1801 1333 1850 τις
1358 1781 1556 1848 κτίσις
1577 1779 1752 1849 ἑτέρα
1767 1778 1873 1833 δυο

261 1878 524 1949 νήσεται
556 1871 717 1945 ἡμᾶς
747 1871 1002 1942 χωρίσαι
1033 1867 1154 1925 ἀπὸ
1183 1866 1294 1937 τῆς
1317 1863 1558 1949 ἀγάπης
1585 1862 1694 1949 τοῦ
1722 1862 1873 1949 Θεοῦ

260 1947 382 2032 τῆς
410 1963 481 2016 ἐν
517 1954 757 2028 Χριστῷ
803 1952 1012 2023 Ἰησοῦ
1039 1951 1120 2018 τῷ
1155 1950 1375 2032 Κυρίιει
1630 1947 1872 2032 ’Δεκεῖνον

261 2028 373 2102 οὐκ
402 2043 649 2114 ἀγγελοι,
666 2040 728 2094 οὑ
753 2038 1040 2109 δυνάμεις,
1058 2035 1160 2090 οὐκ
1184 2031 1480 2096 ἐνεστῶτα,
1499 2031 1561 2085 οὑ
1582 2028 1870 2114 μέλλοντα,
1895 2068 1902 2072 .

261 2131 326 2186 οὐ
372 2112 554 2191 κτίσις
601 2122 768 2196 ἐτέρα
803 2118 1034 2193 χωρίζει
1063 2117 1173 2173 ἀπὸ
1206 2116 1307 2188 τῆς
1349 2114 1576 2186 ἀγάπης
1611 2112 1708 2166 τοῦ
1734 2112 1874 2183 Χρι-

264 2213 419 2268 στοῦ·
451 2209 548 2266 καὶ
575 2209 636 2263 σέ
659 2205 914 2278 σώματος
944 2201 1214 2275 θεραπεία
1245 2200 1550 2271 ἀφίστησι;
1587 2196 1684 2252 καὶ
1711 2196 1875 2260 ποίας

264 2299 336 2354 ἀν
358 2293 624 2368 τύχοιμεν
662 2286 1031 2368 συγγνώμης;
1060 2285 1174 2368 Καὶ
1194 2283 1428 2368 γὰρκαὶ
1456 2281 1689 2368 γεέννης
1719 2279 1876 2368 φοβε-

267 2362 688 2456 ρὼτερον-ήμῖν
725 2371 820 2456 τὸν
843 2367 1083 2456 Χριστὸν
1118 2364 1262 2421 εἶναι
1291 2366 1414 2456 δεῖ,
1451 2366 1556 2456 καὶΔ
1589 2362 1875 2456 βασιλείας

263 2448 683 2533 ποθεινότερον
728 2455 835 2511 κᾶν
884 2453 1244 2523 νοσήσωμεν,
1288 2448 1500 2521 βέλτιον
1539 2451 1599 2503 ἐν
1621 2451 1742 2514 ταῖς
1771 2451 1874 2522 ἀῤ-

267 2547 536 2625 ρωστίαις
563 2544 767 2625 μεῖναι,
796 2539 832 2610 ἢ
859 2536 961 2625 διά,
979 2533 1429 2625 τὴνδπειλλαγὴν
1456 2533 1560 2625 τῆς
1586 2533 1876 2625 ἀσθενείας

259 2616 352 2697 είς
373 2629 630 2685 ἀσέϐειαν
657 2618 1014 2681 καταπεσεῖνο
1033 2619 1139 2675 κάν
1162 2619 1273 2692 γὰρ
1299 2617 1620 2691 θεραπεύσῃ
1639 2616 1874 2689 δαίμων,

270 2715 462 2789 μεῖζον
493 2707 834 2778 κατέϐλαψεν
857 2706 892 2779 ἢ
914 2705 1222 2789 ὠφέλησεν.
1252 2702 1516 2774 Ὠφέλησε
1538 2702 1671 2789 Δμένή
1682 2701 1793 2775 γὰρ
1814 2702 1877 2756 τὸ

269 2784 469 2869 σῶμα,
505 2795 566 2851 τὸ
625 2794 846 2856 πάντως
895 2787 1343 2859 ἀποθανούμενον
1398 2785 1596 2860 μικρὸν
1645 2784 1876 2857 ὕστερον

268 2884 369 2940 καὶ
395 2878 669 2953 σήπεσθαι
703 2875 898 2950 μέλλον
920 2914 935 2938 ,
983 2870 1294 2941 κατέϐλαψε
1336 2869 1395 2925 δέ
1433 2871 1534 2941 τὴν
1561 2869 1745 2942 ψυχὴν
1775 2871 1878 2944 τὴν

268 2967 563 3023 ἀθάνατον.
593 2962 705 3016 Καὶ
731 2959 986 3030 καθάπερ
1007 2954 1055 3010 οί
1085 2954 1512 3028 ἀνδραποδισταὶ
1543 2955 1877 3026 τραγήματα

267 3051 368 3107 καὶ
413 3045 764 3108 πλακοῦντας
806 3042 904 3098 καὶ
952 3039 1338 3112 ἀστραγάλους
1385 3038 1482 3092 καὶ
1527 3037 1696 3107 ἐτερά
1753 3055 1878 3092 τινα

269 3133 500 3190 τοιαῦτα
525 3130 788 3193 πολλάκις
817 3128 932 3190 τοῖς
955 3126 1170 3197 μικροῖς
1196 3123 1608 3196 προτεινόμενοι
1640 3121 1878 3187 παιδίοις

271 3220 371 3274 καὶ
396 3215 762 3279 δελεάζοντες,
802 3212 903 3282 τῆς
953 3208 1270 3280 ἐλευθερίας
1307 3205 1450 3260 αύτά
1485 3205 1580 3259 καὶ
1601 3204 1705 3277 τῆς
1730 3203 1877 3276 ζωῆς

270 3297 676 3370 ἀποστεροῦσιν
705 3295 910 3366 αὐτῆςο
953 3291 1098 3345 οὕτω
1129 3290 1194 3362 δὴ
1235 3289 1333 3343 καὶ
1359 3289 1410 3342 οί
1457 3287 1736 3370 δαίμονες,
1781 3287 1879 3359 μέ-

271 3384 400 3447 λους
429 3369 854 3451 ὑπισχνούμενοι
881 3374 1201 3446 θεραπείαν,
1223 3372 1354 3444 ὃλην
1378 3370 1479 3442 τῆς
1508 3369 1690 3441 ψυχῆς
1708 3386 1881 3424 κατα-

269 3465 588 3530 ποντίζουσι
607 3463 707 3533 τὴν
735 3459 1036 3531 σωτηρίαν.
1067 3455 1208 3511 Ἀλλ’
1234 3458 1400 3527 ἡμεῖς
1429 3454 1505 3525 μὴ
1529 3451 1877 3524 ἀνεχὼμεθα,

270 3547 575 3618 ἀγαπητοὶ,
608 3545 725 3599 ἀλλ’
761 3545 826 3597 ἐκ
857 3541 1061 3605 παντὸς
1097 3539 1304 3612 τρόπου
1339 3537 1596 3608 ζητῶμεν
1624 3535 1880 3614 ἀσεϐείας

271 3631 623 3701 ἀπαλλαγήν.
656 3627 750 3700 Μὴ
784 3624 892 3696 γάρ
921 3623 1023 3678 οὑκ
1055 3622 1288 3694 ἠδύνατο
1319 3625 1347 3676 6
1397 3618 1517 3673 Ἰὼϐ
1564 3622 1631 3690 τῇ
1657 3619 1880 3687 γυναικὶ

273 3713 524 3778 πεισθεὶς
549 3710 946 3783 βλασφημῆσαι
967 3709 1049 3772 είς
1071 3706 1163 3760 τὸν
1190 3704 1346 3766 Θεὸν,
1368 3704 1466 3758 καὶ
1492 3703 1882 3773 ἀπαλλαγῆναι

271 3801 374 3872 τῆς
397 3795 754 3866 ἐπικειμένης
778 3792 1103 3864 συμφορᾶςς
1133 3788 1281 3842 Ειπὲ
1301 3787 1412 3872 γάρ
1437 3804 1514 3872 τί.
1542 3786 1700 3858 φησὶν
1715 3783 1884 3872 ῥῆμα

273 3869 428 3950 πρὸς
470 3881 727 3948 Κύριον,
786 3876 888 3931 καί
920 3873 1192 3928 τελεύτα.
1255 3871 1394 3924 Ἀλλ’
1445 3871 1620 3923 είλετο
1679 3869 1882 3941 μᾶλλον

272 3963 569 4019 ὀδυνᾶσθαι
610 3963 707 4016 καὶ
752 3958 1044 4032 τήκεσθαι,
1088 3957 1184 4011 καὶ
1221 3954 1320 4026 τὴν
1351 3954 1632 4026 ἀφόρητον
1657 3953 1881 4024 ἐκείνην

276 4047 495 4119 πληγὴν
540 4046 812 4112 ἐνεγκεῖν,
849 4043 884 4113 ἢ
938 4040 1343 4112 βλασφημήσας
1393 4037 1742 4108 ἀπηλλάχθαι
1774 4037 1885 4092 τῶν

275 4130 651 4200 ἐπικειμένων
701 4127 912 4181 κακῶν.
958 4123 1164 4178 Τοῦτον
1204 4122 1300 4177 καὶ
1353 4122 1419 4176 σὺ
1466 4120 1742 4192 ζήλωσον·
1778 4119 1886 4176 κᾶν

277 4215 482 4286 μυρίας
510 4215 539 4266 6
576 4211 788 4282 δαίμων
815 4206 1215 4278 ἐπαγγείληται
1261 4206 1369 4259 τῶν
1404 4203 1771 4286 ἐπικειμένων
1801 4219 1884 4257 σοι

273 4285 462 4359 λύσεις
493 4293 704 4357 κακῶν,
742 4291 818 4364 μὴ
844 4291 1096 4362 πεισθῇς,
1132 4289 1268 4360 μηδέ
1299 4288 1534 4358 ἀνάσχῃ,
1571 4285 1824 4356 καθάπερ
1856 4288 1886 4340 6

272 4381 486 4442 δίκαιος
525 4378 629 4431 οὑκ
674 4374 907 4445 ἐπείσθη
958 4376 1026 4445 τῇ
1069 4371 1329 4442 γυναικί·
1367 4371 1482 4426 ἀλλ’
1515 4368 1638 4423 ἐλοῦ
1681 4368 1884 4440 μᾶλλον

276 4460 691 4535 ἐγκαρτερῆσαι
725 4457 804 4529 τῷ
834 4458 1142 4528 νοσήματι,
1195 4456 1230 4528 ἢ
1285 4456 1385 4527 τὴν
1433 4453 1622 4507 πίστιν
1663 4453 1756 4506 καὶ
1783 4453 1884 4524 τὴν

276 4545 556 4617 σωτηρίαν
581 4544 682 4615 τῆς
718 4541 822 4612 σῆς
853 4539 1120 4594 ἀπολέσαι
1146 4540 1348 4611 ψυχῆς.
1383 4539 1459 4592 Οὑ
1494 4537 1604 4607 γὰρ
1646 4538 1884 4605 ἐγκατα-

274 4629 572 4700 λιμπάνων
606 4643 667 4679 σε
699 4628 728 4679 6
753 4623 909 4688 Θεὸς,
935 4623 1071 4676 ἀλλά
1095 4623 1479 4694 λαμπρότερον
1509 4621 1735 4690 ποιῆσαι
1759 4620 1884 4690 βου-

275 4712 528 4784 λόμενος,
559 4709 756 4780 ἀφίησι
789 4709 909 4768 ταῖς
938 4705 1277 4780 ἀρρωστίαις
1305 4707 1571 4776 ἐμπεσεῖν
1597 4704 1881 4769 πολλάκις.

276 4796 421 4850 Μένε
455 4795 637 4847 τοίνυν
666 4790 978 4863 καρτερῶν,
1007 4789 1093 4843 ἵνα
1119 4789 1216 4842 καὶ
1249 4790 1314 4842 σὺ
1347 4789 1613 4862 ἀκούσῃς,
1646 4787 1744 4855 Μὴ
1774 4787 1886 4841 ἆλ-

274 4885 401 4944 λως
434 4895 512 4946 με
553 4877 666 4932 οἴει
713 4889 814 4930 σοι
857 4872 1399 4943 κεχρηματικέναι,
1439 4871 1477 4942 ἢ
1514 4872 1617 4926 ἵνα
1652 4870 1886 4938 δίκαιος

275 4960 639 5032 ἀναφανῇς;

351 5046 423 5100 θ’.
441 5045 602 5116 Ἐνῆν
617 5044 715 5114 μέν
733 5039 828 5098 οῦν
845 5042 939 5097 καὶ
966 5040 1172 5095 τούτων
1192 5040 1362 5094 πλείω
1379 5041 1574 5106 είπείν,
1606 5038 1723 5093 ἀλλ’
1740 5038 1884 5093 ὥστε

280 5128 360 5202 μὴ
385 5127 494 5182 τῶν
519 5126 826 5198 εἰρημένων
862 5125 961 5198 τὴν
997 5127 1218 5196 μνήμην
1249 5123 1615 5195 λυμήνασθαι,
1651 5122 1885 5177 ἐνταῦθα

277 5210 576 5268 καταλύσω
607 5210 700 5263 τὸν
733 5208 914 5277 λόγον,
942 5209 1011 5262 τά
1031 5207 1127 5262 τοῦ
1153 5207 1399 5282 Μωσέως
1433 5209 1657 5279 ῥήματα
1687 5204 1880 5258 είπὼν·

278 5289 756 5366 Διαμαρτύρομαι
797 5291 943 5362 ὑμῖν
991 5292 1101 5344 τὸν
1151 5291 1419 5359 οὐρανὸν
1449 5291 1548 5343 καί
1583 5289 1701 5358 τὴν
1728 5288 1880 5358 γῆν,

277 5380 362 5433 ὅτι
395 5380 492 5432 ἐάν
530 5377 671 5448 τιςῆ
701 5376 812 5429 τῶν
843 5375 1129 5443 παρόντων
1156 5373 1344 5444 ὑμῶν,
1385 5373 1418 5443 ἦ
1450 5373 1563 5428 τῶν
1589 5373 1840 5426 ἀπόντων
1863 5415 1878 5439 ,

279 5464 420 5535 πρὸς
449 5461 548 5533 τὴν
579 5461 816 5532 θεωρίαν
838 5458 1053 5530 ἀπέλθῃ
1088 5457 1199 5510 τῶν
1230 5457 1576 5525 σαλπίγγων,
1610 5457 1644 5528 ἢ
1678 5458 1759 5520 είς
1782 5456 1883 5529 τὴν

281 5546 608 5616 συναγωγὴν
637 5544 952 5616 ἀπαντήσῃ,
981 5542 1014 5612 ἢ
1051 5543 1131 5604 εἰς
1156 5541 1224 5594 τά
1260 5540 1571 5612 Ματρὼνης
1597 5537 1819 5612 ἀνέλθῃ,
1848 5540 1881 5612 ἢ

279 5629 506 5702 νηστείᾳ
542 5628 870 5698 κοινωνήσῃ,
907 5625 940 5696 ἢ
971 5624 1262 5679 σαϐϐάτων
1297 5623 1545 5696 μετάσχῃ
1565 5664 1578 5686 ,
1623 5623 1658 5695 ἢ
1679 5623 1808 5676 ἄλλο
1829 5641 1882 5675 τι

283 5712 541 5786 μικρὸνῆ
583 5711 728 5782 μέγα
766 5708 1058 5762 Ἰουδαϊκὸν
1110 5707 1230 5770 ἔθος
1273 5706 1586 5786 ἐπιτελέσῃ,
1640 5705 1886 5779 καθαρὸς

279 5783 398 5867 ἐγὼ
423 5795 532 5849 ἀπὸ
559 5793 655 5848 τοῦ
688 5793 920 5864 αἵματος
954 5790 1109 5863 ὑμῶν
1141 5793 1385 5846 πάντων.
1433 5783 1595 5844 Οὗτοι
1639 5791 1689 5843 οί
1732 5790 1884 5859 λόγοι

279 5879 726 5950 παραστήσονται
754 5878 810 5929 ἐν
844 5879 910 5947 τῇ
939 5875 1122 5947 ἡμέρᾳ
1147 5874 1240 5928 τοῦ
1265 5875 1472 5944 Κυρίου
1504 5872 1671 5944 ἡμῶν
1699 5871 1874 5945 Ἰησοῦ

280 5961 520 6033 Χριστοῦ
551 5962 646 6014 καλ
672 5962 796 6031 ἐμοὶ
825 5961 920 6014 καὶ
945 5960 1092 6030 ὑμῖν,
1113 5959 1217 6012 κάν
1244 5958 1342 6029 μέν
1368 5956 1649 6027 πεισθῆτε,
1673 5955 1875 6026 πολλὴν

281 6045 412 6111 ὑμῖν
458 6044 755 6117 παρέξουσι
799 6041 952 6117 [600]
991 6043 1091 6116 τὴν
1127 6041 1473 6116 παρρησίαν
1521 6040 1586 6094 ἀν
1630 6041 1685 6096 δὲ
1730 6056 1872 6113 παρ-

1479 427 1852 491 Αυνειιευε
1883 422 2179 484 ΙΠῡΕΟΞ
2220 420 2238 476 Ι

3467 417 3574 475 836

1967 527 2244 600 anxia-qva
2264 569 2279 594 ,
2317 526 2351 598 ἢ
2390 543 2542 592 τινας
2567 524 2676 582 τῶν
2704 527 2769 582 τὰ
2803 526 3033 583 τοιαῦτα
3101 521 3424 598 τολμώντων
3442 525 3578 579 ἀπο-

1969 611 2241 684 κρύψητε,
2274 608 2466 682 ὥσπερ
2501 610 2799 684 κατήγοροι
2832 610 3052 682 σφοδροὶ
3079 605 3576 667 ἀντικαταστήσον-

1967 679 2057 750 ται
2085 679 2114 748 ὑ
2122 679 2234 767 μῖν.
2265 695 2348 749 Οὐ
2371 679 2484 764 γάρ
2504 679 3095 764 ὑπεστειλάμην-τοῦ
3114 691 3203 764 μὴ
3223 690 3576 762 ἀναγγεῖλαι

1968 781 2114 850 ὑμῖν
2140 778 2350 835 πᾶσαν
2373 777 2490 848 τὴν
2504 778 2758 848 ,ϐουλὴν
2786 778 2894 833 τοῦ
2917 777 3089 842 Θεοῦ,
3124 775 3263 832 άλλά
3293 777 3390 831 καὶ
3415 775 3578 831 κατέ-

1969 863 2135 918 ϐαλον
2173 862 2234 917 τὸ
2259 863 2523 935 ἀργύριον
2552 863 2647 918 ἐπὶ
2677 854 3194 934 τοὺςτραπεζίτας.
3237 860 3427 931 ’Υμῶν
3462 863 3580 914 ἐστι

1970 944 2157 1002 λοιπὸν
2179 945 2474 1001 πλεονάσαι
2498 945 2562 1001 τὸ
2595 945 2940 1017 καταϐληθὲν
2960 986 2975 1011 ,
3012 945 3109 1000 καὶ
3150 947 3219 1017 τῇ
3243 945 3345 1015 τῆς
3371 944 3577 1016 ἀκροά-

1973 1045 2114 1094 σεως
2157 1029 2401 1104 ὠφελείᾳ
2462 1029 2604 1103 πρὸς
2651 1030 2749 1104 τὴν
2803 1029 3083 1103 σωτηρίαν
3133 1030 3246 1082 τῶν
3291 1027 3579 1101 ὑμετέρων

1972 1112 2219 1183 ἀδελφῶν
2255 1113 2704 1186 ἀποχρήσασθαι.
2738 1113 2903 1168 Ἀλλά
2929 1113 3191 1187 φορτικὸν
3221 1112 3318 1166 καὶ
3338 1112 3580 1183 ἐπαχθὲς
3657 1165 3662 1168 .

1973 1197 2372 1267 καταγγέλλειν
2406 1200 2534 1263 τοὺς
2571 1199 2642 1254 τὰ
2669 1196 2902 1252 τοιαῦτα
2931 1197 3396 1268 ἀμαρτάνοντας;
3441 1197 3582 1268 Φορ-

1971 1283 2124 1337 τικὸν
2155 1281 2254 1354 μὲν
2285 1278 2378 1338 οῦν
2404 1282 2500 1338 καὶ
2532 1283 2774 1353 ἐπαχθὲς
2813 1283 2994 1353 σιγᾷν.
3029 1281 3140 1336 Καὶ
3165 1281 3276 1352 γὰρ
3311 1280 3441 1354 ὑμῖν
3466 1282 3582 1345 τοῖς

1973 1366 2414 1445 ἀποκρύπτουσι,
2433 1367 2715 1431 κάκείνοις
2739 1369 2852 1430 τοῖς
2881 1365 3240 1420 λανθάνουσιν
3267 1365 3464 1434 ἐπάγει
3485 1362 3582 1418 τὸν

1972 1450 2194 1524 ὄλεθρον
2231 1451 2373 1522 αῦτη
2413 1454 2446 1524 ή
2487 1445 2637 1523 σιγὴ,
2685 1450 2777 1504 τὸν
2809 1448 2945 1505 Θεὸν
2994 1450 3127 1522 ὑμῖν
3171 1448 3577 1518 ἐκπολεμοῦσα.

1974 1535 2135 1608 Πόσῳ
2176 1535 2234 1589 δέ
2275 1535 2484 1606 βέλτιον
2531 1538 2648 1601 τοῖς
2692 1533 3003 1599 συνδούλοις
3042 1532 3452 1605 ἀπεχθάνεσθαι
3485 1534 3582 1587 ἐπὶ

1976 1620 2244 1694 σωτηρίᾳ,
2274 1620 2307 1692 ἢ
2350 1620 2443 1674 τὸν
2476 1620 2759 1691 Δεσπότην
2804 1618 3130 1692 παροξύνειν
3174 1617 3299 1672 καθ’
3333 1617 3543 1672 ἑαυτῶν
3563 1656 3578 1679 ,

1974 1698 2144 1768 Οὗτος
2171 1703 2271 1775 μὲν
2292 1703 2403 1776 γὰρ
2432 1703 2538 1759 κᾶν
2568 1702 2932 1776 ἀγανακτήσῃ
2961 1702 3078 1771 νῦν,
3112 1701 3270 1760 οὐδέν
3293 1719 3352 1754 σε
3378 1699 3583 1772 βλάψαι

1973 1788 2292 1859 δυνήσεται,
2343 1787 2548 1859 μᾶλλον
2595 1785 2651 1841 δέ
2699 1787 2795 1841 καὶ
2845 1787 3010 1858 χάριν
3059 1785 3269 1840 εἴσεταί
3311 1803 3394 1840 σοι
3440 1783 3581 1857 μετὰ

1973 1871 2147 1926 ταῦτα
2168 1871 2283 1944 Δτῆς
2315 1871 2578 1944 ίατρείας·
2611 1873 2641 1926 6
2670 1872 2726 1926 δὲ
2762 1871 2918 1936 Θεὸς,
2963 1871 3030 1926 ἂν
3063 1869 3144 1941 τῷ
3169 1869 3444 1940 συνδούλῳ
3481 1887 3578 1944 σου

1973 1957 2075 2029 τὴν
2107 1939 2385 2027 ἐπιϐλαϐῆ
2408 1939 2782 2029 χαριζόμενος
2820 1955 3006 2026 χάριν,
3039 1939 3279 2032 σιγήσῃς
3312 1939 3581 2008 καὶάπο-

1974 2039 2213 2112 κηρύψῃς,
2248 2039 2349 2112 τὴν
2381 2041 2621 2111 ἐσχάτην
2650 2040 2954 2111 ἀπαιτήσει
2988 2055 3047 2092 σε
3078 2038 3258 2109 δίκην.
3291 2039 3455 2092 ’Ὥστε
3495 2057 3581 2093 σι-

1975 2123 2088 2193 γῶν
2117 2116 2362 2196 μὲν,’καὶ
2379 2124 2474 2178 τὸν
2495 2123 2630 2178 Θεὸν
2661 2122 3076 2194 ἐκπολεμώσεις
3105 2122 3344 2192 σεαυτῷ,
3375 2123 3469 2177 καὶ
3491 2123 3582 2179 τὸν

1976 2206 2206 2276 ἀδελφὺν
2241 2207 2488 2280 βλάψειςο
2507 2205 2902 2277 καταγγέλλων
2919 2205 2976 2260 δὲ
2999 2207 3096 2260 καὶ
3130 2206 3366 2280 φανερὸν
3389 2207 3602 2282 ποιῶν..

1975 2290 2227 2350 κάκεῖνον
2257 2289 2401 2357 ἕξεις
2429 2290 2612 2357 ίλεων,
2629 2290 2726 2345 καὶ
2752 2290 2945 2345 τοῦτον
2979 2291 3282 2363 κερδανεῖς,
3305 2293 3403 2346 καὶ
3429 2291 3584 2362 φίλον

1977 2375 2154 2446 κτήσῃ
2181 2375 2432 2446 μανικὸν,
2451 2377 2519 2448 τῇ
2543 2375 2714 2447 πείρα
2740 2373 2840 2446 τὴν
2861 2374 3186 2446 εὐεργεσίαν
3209 2375 3471 2448 μαθόντα.
3493 2376 3586 2446 Μὴ

1975 2458 2157 2512 τοίνυν
2185 2458 2441 2530 νομίζετε
2474 2456 2803 2530 χαρίζεσθαι
2834 2459 2949 2521 τοῖς
2973 2457 3269 2532 ὑμετέροις
3305 2459 3584 2528 ἀδελφοῖς,

1977 2539 2032 2593 εί
2053 2558 2108 2594 τι
2135 2540 2245 2594 τῶν
2272 2541 2494 2610 ἀτόπων
2521 2540 2762 2612 ὁρῶντες
2791 2540 3102 2611 μετιόντας,
3126 2540 3200 2613 μὴ
3235 2543 3376 2612 μετά
3402 2543 3589 2612 πάσης

1977 2623 2254 2696 ἐλέγχοιτε
2283 2625 2384 2697 τῆς
2413 2624 2800 2697 σφοδρότητος.
2855 2625 3095 2696 Ὶμάτιον
3140 2625 3236 2678 ἐὰν
3272 2625 3550 2700 ἀπολέσῃς
3571 2669 3585 2690 ,

1981 2709 2056 2780 μὴ
2087 2708 2180 2762 τὸν
2205 2707 2511 2778 κεκλοφότα
2544 2707 2727 2778 μόνον,
2774 2707 2899 2778 οὐχὶ
2947 2707 3046 2762 καὶ
3079 2707 3174 2761 τὸν
3201 2709 3478 2763 συνειδότα
3509 2710 3589 2779 τῷ

1976 2792 2190 2866 κλέπτῃ
2246 2793 2339 2848 καὶ
2399 2791 2478 2864 μὴ
2543 2789 3026 2860 καταγγέλλοντα,
3085 2792 3292 2863 ὁμοίως
3341 2795 3594 2865 νομίζεις

1977 2876 2204 2947 ἐχθρῶς
2257 2876 2326 2930 Ἦ
2358 2877 2545 2946 μήτηρ
2567 2873 2732 2946 ἡμῶν
2773 2877 2806 2946 ή
2851 2877 3008 2945 κοινὴ
3051 2877 3152 2946 οὑχ
3195 2877 3435 2947 ἱμάτιον,
3466 2877 3587 2932 ἀλλ’

1977 2958 2209 3029 ἀδελφὸν
2243 2955 2561 3012 ἀπώλεσεν·
2617 2957 2847 3028 ἔκλεψεν
2883 2958 3052 3012 αὑτὸν
3103 2961 3132 3013 6
3179 2959 3450 3025 διάϐολος,
3493 2961 3590 3015 καὶ

1977 3041 2200 3114 κατέχει
2229 3041 2325 3096 νῦν
2358 3043 2416 3096 ἐν
2448 3041 2526 3113 τῷ
2569 3041 2894 3114 ίουδαῖσμῷ·
2940 3039 3092 3104 οἶδας
3121 3043 3214 3097 τὸν
3241 3044 3552 3115 κεκλοφότα
3572 3085 3589 3108 ,

1977 3120 2127 3190 οἶδας
2172 3125 2266 3180 τὸν
2309 3125 2591 3180 κλαπέντα
2615 3143 2628 3157 ο
2681 3127 2817 3198 ὁρᾷς
2871 3125 3008 3196 ἐμὲ,
3055 3124 3313 3198 καθάπερ
3361 3128 3587 3202 λύχνον.

1979 3209 2224 3265 ἀπτοντα
2271 3209 2373 3280 τῆς
2417 3207 2773 3273 διδασκαλίας
2813 3209 2907 3263 τὸν
2934 3208 3123 3277 λόγον,
3168 3211 3265 3264 καὶ
3310 3214 3590 3286 πανταχοῦ

1980 3292 2248 3364 ζητοῦντα
2272 3295 2369 3347 καὶ
2394 3292 2752 3364 κοπτόμενον
2781 3293 2876 3347 καὶ
2912 3295 2976 3347 σὺ
3001 3294 3244 3366 ἕστηκας
3277 3299 3471 3366 σιγῶν,
3495 3300 3592 3354 καὶ

1979 3377 2039 3430 οὑ
2079 3376 2510 3446 καταγγέλλεις;
2537 3378 2634 3431 καὶ
2673 3377 2832 3431 ποίαν
2865 3378 3012 3443 ἕξεις
3061 3379 3429 3452 συγγνώμην;
3471 3383 3594 3448 πῶς

1979 3459 2035 3513 δὲ
2063 3461 2166 3514 οὑκ
2191 3461 2249 3513 ἐν
2281 3462 2394 3524 τοῖς
2415 3459 2672 3530 ἐσχάτοις
2705 3477 2764 3514 σε
2799 3460 2909 3514 τῶν
2956 3460 3174 3534 ἐχθρῶν
3211 3465 3246 3536 ή
3291 3465 3594 3537 Ἐκκλησία

1979 3542 2263 3613 λογιεῖται,
2293 3544 2391 3597 καὶ
2418 3543 2679 3614 πολέμιον
2704 3544 2972 3614 ἡγήσεται
2994 3547 3090 3599 καὶ
3121 3545 3412 3618 λυμεῶνας
3432 3550 3594 3604 Ἀλλά

1985 3625 2061 3697 μὴ
2087 3625 2301 3694 γένοιτο
2335 3625 2544 3696 μηδένα
2579 3623 2689 3678 τῶν
2731 3626 2935 3698 ταύτης
2969 3629 3282 3686 ἀκουόντων
3321 3633 3423 3702 τῆς
3453 3651 3595 3704 συμ-

1983 3709 2203 3779 ϐουλῆς,
2221 3708 2480 3780 τοιαύτην
2509 3708 2790 3780 ἀμαρτίαν
2811 3711 2943 3764 ποτέ
2971 3712 3262 3784 ἁμαρτεῖν.
3283 3713 3425 3769 ὥστε
3456 3733 3597 3787 προ-

1981 3791 2167 3847 δοῦναι
2197 3791 2451 3872 ἀδελφὸν,
2484 3792 2626 3865 ὑπὲρ
2648 3789 2710 3848 οῦ
2743 3792 2983 3866 Χριστὸς
3023 3796 3322 3852 ἀπέθανεν.
3368 3799 3425 3852 Ὀ
3454 3801 3593 3872 Χρι-

1984 3876 2110 3939 στὸς
2143 3875 2204 3929 τδ
2239 3869 2381 3945 αἷμα
2435 3875 2653 3946 ἐξέχεεν
2697 3876 2768 3930 δι’
2804 3877 3003 3931 αὑτόν·
3053 3877 3119 3931 σὺ
3151 3879 3209 3933 δέ
3261 3880 3386 3934 οὐδὲ
3429 3869 3592 3950 λόγον

1985 3958 2248 4030 προέσθαι
2290 3957 2358 4012 δι’
2387 3958 2552 4014 αὑτὸν
2592 3959 2923 4032 ὑπομένεις;
2959 3963 3076 4034 Μὴ,
3111 3964 3437 4035 παρακαλῶ,
3473 3965 3592 4022 ἀλλ’

1983 4041 2189 4106 εὐθέως
2213 4041 2469 4096 ἐντεῦθεν
2494 4043 2975 4115 ἀναχωρήσαντες,
2993 4047 3094 4113 ἐπὶ
3127 4047 3228 4120 τὴν
3255 4048 3433 4120 θήραν
3457 4049 3592 4105 ταύο

1984 4143 2086 4196 την
2118 4124 2440 4196 ἐπείχθητε,
2469 4126 2568 4178 καὶ
2603 4125 2838 4191 ἕκαστος
2879 4128 3035 4200 ὑμῶν
3059 4131 3154 4185 ἕνα
3191 4149 3283 4204 μοι
3307 4134 3596 4204 κομισάτω

1984 4210 2093 4264 τῶν
2124 4209 2195 4264 τὰ
2223 4212 2456 4264 τοιαῦτα
2499 4209 2802 4265 νοσούντων
2823 4226 2840 4242 ⁸
2896 4213 3099 4284 μᾶλλον
3151 4215 3208 4272 δὲ
3256 4217 3333 4288 μὴ
3383 4218 3597 4286 γένοιτο

1983 4293 2275 4358 τοσούτους
2317 4290 2459 4348 εἶναι
2509 4294 2638 4359 τοὺς
2693 4295 3026 4362 νοσοῦντας⁹
3074 4299 3170 4354 δύο
3211 4301 3306 4354 καὶ
3351 4304 3504 4375 τρεῖς
3535 4302 3600 4371 ἐξ

1986 4377 2164 4449 ὑμῶν,
2199 4377 2233 4448 ἢ
2265 4377 2360 4432 καὶ
2386 4377 2521 4432 δέκα
2545 4377 2642 4431 καὶ
2677 4377 2876 4443 εἴκοσι,
2898 4379 2998 4434 ἕνα
3040 4398 3130 4452 μοι
3155 4384 3592 4454 κομισάτωσαν,

1987 4462 2074 4515 ἵνα
2107 4461 2372 4532 κατάτὴν
2420 4461 2638 4533 ἡμέραν
2681 4461 2908 4536 ἐκείνην
2939 4464 3065 4520 ἰδὼν
3092 4468 3193 4536 τὴν
3233 4469 3412 4540 άγραν
3461 4469 3596 4524 εἴσω

1984 4546 2096 4600 τῶν
2118 4543 2353 4599 δικτύων
2383 4545 2688 4618 γενομένην
2712 4558 2764 4613 ι,
2781 4546 3179 4621 δαψιλεστέραν
3203 4552 3332 4622 ὑμῖν
3359 4553 3596 4623 παραθῶ

1984 4629 2084 4703 τὴν
2125 4628 2428 4703 τράπεζαν.
2465 4631 2564 4683 “Av
2600 4629 2712 4702 γὰρ
2747 4630 2968 4704 ίδω“τὴν
2995 4635 3248 4708 σήμερον.
3283 4637 3596 4707 συμϐουλὴν

1986 4715 2067 4778 εἰς
2103 4713 2265 4784 ἔργον
2305 4712 2711 4784 ἐκϐεϐηκυῖαν.
2763 4714 2903 4786 μετά
2956 4716 3204 4782 πλείονος
3250 4717 3462 4790 ἀψομαι
3491 4721 3595 4792 τῆς

1988 4796 2302 4869 προθυμίας
2350 4797 2450 4867 τῆς
2488 4795 2628 4869 πρὸς
2667 4796 2913 4862 ἐκείνους
2957 4798 3234 4872 ίατρείας,
3296 4803 3391 4855 καὶ
3432 4802 3595 4857 πλέον

1986 4880 2142 4935 ἔσται
2164 4880 2225 4932 τὸ
2254 4878 2446 4952 κέρδος
2475 4879 2574 4934 καὶ
2595 4880 2728 4948 ὑμῖν
2755 4881 3054 4946 κάκείνοις.
3081 4883 3174 4955 Μὴ
3194 4883 3374 4937 τοίνυν
3395 4886 3593 4954 ὀλιγω-

1988 4965 2232 5036 ρήσητε,
2270 4962 2407 5018 ἀλλά
2457 4963 2552 5018 καὶ
2597 4966 2861 5033 γυναῖκες
2901 4969 3205 5034 γυναῖκας,
3253 4967 3346 5021 καὶ
3399 4967 3594 5041 ἄνδρες

1985 5047 2205 5119 ἄνδρας,
2257 5046 2352 5102 καὶ
2386 5046 2569 5102 δοῦλοι
2619 5046 2873 5115 δούλους,
2908 5049 3005 5104 καὶ
3050 5047 3330 5122 ἐλεύθεροι
3377 5050 3596 5106 ἐλευθέο

1988 5148 2139 5202 ρους,
2164 5132 2259 5185 καὶ
2294 5130 2486 5195 παῖδες
2536 5130 2757 5196 παῖδας,
2808 5132 2903 5185 καὶ
2964 5132 3170 5197 πάντες
3221 5133 3412 5199 ἀπλῶς
3453 5136 3595 5206 μετά

1985 5213 2273 5286 ἀκριϐείας
2309 5214 2531 5287 ἀπάσης
2563 5217 2690 5280 τοὺς
2719 5216 2788 5270 τά
2815 5217 3042 5271 τοιαῦτα
3070 5219 3363 5284 νοσοῦντας
3391 5220 3593 5293 θηρεύο

1989 5313 2202 5363 σαντες,
2233 5296 2408 5359 οῦτως
2441 5301 2524 5362 είς
2550 5303 2650 5370 τὴν
2675 5300 2940 5356 ἐπιοῦσαν
2966 5301 3318 5374 ἀπαντήσατε
3348 5303 3592 5372 σύναξιν,

1985 5379 2076 5434 ἵνα
2098 5380 2207 5444 ,καὶ
2235 5379 2328 5434 τοῦ
2354 5382 2484 5451 παρ’
2506 5382 2668 5452 ήμῶν
2697 5383 2924 5438 ἐπαίνου
2962 5384 3188 5456 τύχητε,
3225 5387 3320 5441 καὶ
3346 5387 3452 5458 πρὸ
3484 5388 3595 5442 τῶν

1984 5463 2273 5534 ἡμετέρων
2299 5464 2604 5535 ,ἐγκωμίων
2639 5466 2731 5520 τὸν
2756 5467 2912 5539 παρά
2937 5467 3032 5522 τοῦ
3059 5468 3197 5524 Θεοῦ
3227 5471 3419 5542 μισθὸν
3438 5471 3592 5544 [601]

1985 5545 2372 5618 ἐπισπάσησθε
2400 5547 2494 5602 τὸν
2524 5549 2693 5603 πολὺν
2723 5551 2818 5605 καὶ
2843 5552 3074 5620 ἄφατον,
3111 5555 3207 5608 καὶ
3237 5555 3366 5618 τοὺς
3396 5555 3595 5618 πόνους

1984 5629 2093 5710 τῶν
2134 5629 2550 5702 κατορθούντων
2590 5633 2995 5704 ὑπερϐαίνοντα
3038 5636 3223 5692 πολλῶ
3250 5638 3330 5709 τῷ
3367 5638 3585 5710 μέτρῳ·

1984 5709 2046 5798 οὗ
2080 5713 2291 5798 γένοιτο
2310 5714 2533 5798 πάντας
2561 5719 2714 5788 ήμάς
2744 5720 3026 5798 ἐπιτυχεῖν
3072 5721 3257 5793 χάριτι
3283 5723 3379 5776 καὶ
3404 5709 3593 5791 φιλαν-

1986 5795 2206 5876 θρωπία
2238 5797 2334 5850 τοῦ
2361 5799 2570 5870 Κυρίου
2599 5800 2755 5871 ήμῶν
2802 5795 2978 5874 Ἰησοῦ
3012 5805 3274 5876 Χριστοῦ,
3307 5805 3376 5859 δι’
3408 5797 3469 5859 οῦ
3495 5806 3594 5862 καὶ

1995 5879 2114 5950 μεθ’
2148 5874 2210 5934 οὗ
2243 5881 2320 5953 τῷ
2345 5883 2518 5956 llasz
2544 5884 2693 5952 δόξα,
2738 5885 2855 5956 ἃμα
2884 5887 2963 5957 τῷ
2988 5874 3128 5959 ἁγίῳ
3157 5888 3459 5959 Πνεύματι,
3494 5889 3592 5948 νῦν

1985 5963 2079 6016 καὶ
2107 5963 2215 6029 ἀεὶ,
2243 5965 2339 6018 καὶ
2369 5969 2450 6030 είς
2478 5968 2606 6031 τοὺς
2629 5967 2833 6034 arma;
2868 5968 2976 6023 τῶν
3005 5969 3238 6027 σίώνων.
3285 5972 3478 6043 Ἀμήν.

2043 6048 2061 6068 ³
2083 6052 2180 6104 Alii
2202 6057 2532 6118 γεγενημένην.
