4150 6352
239 407 345 466 857

281 535 3484 560 W

239 637 576 682 snvsnsusz
624 636 741 680 nos
793 635 904 690 om
948 632 1321 678 wnzouuu'
1353 629 1678 674 susurrum-
1712 617 2059 680 JKJUNANT,
2089 625 2172 668 nr
2212 625 2539 672 snvnnsus
2584 626 2760 672 ursos
2794 627 3051 674 somnos
3098 632 3114 672 :

935 405 1016 462 ΓΝ
1043 403 1183 460 EOS
1211 399 1507 470 QUI’CUM
1543 399 1690 456 ΜΠ).
1732 397 2099 454 JEJUNANT.
2143 397 2506 455 ADVERSUS
2541 398 2688 457 ιω).
2733 398 2796 457 ll:

3450 377 3556 433 858

3164 631 3353 676 ωσι-Α
3441 632 3550 678 EST

277 733 502 783 sursus
542 738 816 782 HOMILIA
860 735 1146 791 QUSNQUB
1171 729 1410 778 ωειδνερ
1446 733 1612 776 ητις
1655 728 1973 774 JEJUNIUM
2017 727 2320 785 IPSORUM,
2355 728 2435 772 ET
2461 705 2593 773 Cum
2625 728 2770 774 sus
2801 723 2997 775 ratus
3021 728 3259 777 mum
3293 734 3509 779 ESSET.

1666 866 2088 918 εαῡωαοθὶεδ

773 1011 973 1054 ουτ-ιο
999 1011 1235 1052 δευυκω
1244 1034 1257 1048 .

295 1092 341 1144 l‘.
369 1086 650 1144 Avocat‘ab
670 1085 956 1146 immundis
978 1088 1280 1144 Judteorum
1314 1086 1547 1158 jejunlis.
1601 1113 1670 1123 --ι
1717 1081 1835 1136 Jam

229 1181 646 1250 iniquum-illud
680 1189 745 1237 et‘
781 1180 1117 1236 immundum
1143 1178 1448 1235 Iudaeorum
1490 1175 1750 1246 jejunium
1784 1173 1835 1227 in

230 1273 448 1328 [oribus-
479 1273 650 1330 adest.
684 1272 876 1329 Nolite
903 1287 1033 1327 vero
1063 1271 1284 1334 mir-ari,
1315 1269 1360 1323 si
1402 1267 1662 1338 jejunium
1709 1264 1836 1318 iilttd

229 1362 566 1419 immundam
595 1362 1056 1434 appellavizquod
1083 1361 1226 1418 enim
1256 1371 1452 1431 prmter‘
1476 1359 1567 1412 Dei
1600 1366 1834 1412 mentem

230 1454 332 1519 fit,
364 1457 479 1511 sive
519 1457 859 1512 sacriﬁcium‘
885 1456 999 1510 sive
1022 1454 1284 1525 jejunium
1329 1453 1436 1514 sit,
1469 1451 1708 1504 omnium
1756 1457 1839 1502 est

230 1550 678 1615 lmpnrissimum.
703 1550 946 1619 Iniquum
975 1549 1135 1619 igitur
1165 1548 1403 1616 ipsorum
1426 1544 1686 1613 jejunium
1716 1549 1838 1612 post

224 1639 466 1707 quinque
493 1640 748 1711 deinceps
773 1639 885 1695 dies
917 1640 1095 1702 instat,
1125 1646 1180 1690 at
1204 1652 1304 1705 ego
1330 1645 1454 1690 ante
1497 1633 1683 1688 decem
1723 1632 1838 1686 dies

231 1733 320 1786 vel
367 1735 570 1803 plures,
601 1734 1026 1788 cohortationem
1072 1731 1138 1785 ad
1171 1745 1265 1784 vos
1307 1729 1505 1790 habui,
1541 1737 1600 1782 ut
1646 1725 1838 1780 fratres

224 1837 443 1880 vvstros
472 1827 875 1895 prazmuuirem.
892 1825 1060 1881 Nemo
1079 1834 1255 1879 autem
1274 1823 1572 1877 orationem
1599 1828 1836 1874 nostram

227 1917 379 1970 velut
424 1918 846 1988 intempestivam
895 1925 1149 1983 accuset,
1181 1915 1322 1985 quod
1369 1929 1486 1968 eam
1541 1921 1617 1966 tot
1647 1911 1838 1966 diebus

224 2016 356 2060 ante
378 2008 792 2075 pnemiserimus
815 2026 825 2061 :
851 2024 972 2062 nam
991 2017 1044 2061 et
1060 2005 1273 2076 quando
1293 2004 1458 2059 febris
1474 2012 1834 2089 exspectatur,

225 2107 320 2150 ant
365 2098 501 2151 alius
546 2099 737 2168 aliquis
765 2097 1023 2163 morbus,
1056 2097 1225 2152 multo
1271 2105 1399 2150 ante
1439 2109 1633 2163 corpus
1676 2095 1791 2163 ejus
1818 2134 1833 2158 ,

224 2201 390 2257 quem
446 2189 630 2244 febris-
664 2201 988 2260 corrcptura-
1033 2199 1152 2254 est,
1208 2188 1371 2242 variis
1429 2185 1836 2242 medicamentis

227 2282 593 2348 prauuuniunt
621 2281 833 2341 medici.
853 2291 906 2335 et
932 2291 1219 2350 antequam
1247 2297 1308 2335 re
1333 2280 1444 2350 ipsa
1475 2278 1564 2332 fiat
1591 2292 1837 2332 accessus

229 2374 430 2440 morbi,
451 2375 518 2428 ab
534 2373 1079 2430 imminentibus'illud
1101 2373 1253 2428 malis
1271 2371 1542 2426 vindicare
1561 2370 1832 2425 festinant.

226 2466 455 2530 Quando
513 2466 673 2534 igitur
727 2481 824 2520 nos
879 2481 1090 2537 quoque
1139 2464 1512 2535 gravissimum
1558 2464 1836 2518 imminere

229 2555 478 2607 morbum
509 2556 749 2610 videmus
775 2600 789 2622 ,
821 2559 970 2626 prius
1011 2573 1073 2611 ac
1099 2557 1266 2610 multo
1309 2568 1433 2610 ante
1465 2566 1706 2625 tempore
1735 2555 1835 2609 ob-

229 2656 528 2714 testa-nnr,
559 2659 613 2701 ut
641 2658 928 2718 antequam
962 2665 1059 2704 nos
1088 2665 1148 2704 rc
1192 2652 1303 2719 ipsa
1350 2649 1548 2702 malum
1577 2647 1790 2702 invadat
1819 2689 1831 2710 ,

229 2737 529 2791 rmncdium
563 2739 730 2806 possit
766 2739 1030 2794 adhiberi.
1080 2740 1366 2808 Propterea
1402 2755 1505 2792 non
1558 2740 1685 2809 ipsis
1730 2739 1834 2794 illis

228 2825 419 2880 diebus
465 2830 842 2884 instituendam
873 2832 1057 2885 censui
1085 2830 1514 2885 adhortationem
1539 2873 1552 2893 ,
1587 2847 1653 2885 uc
1698 2831 1834 2885 forte

230 2921 490 2986 angustiis
531 2916 828 2991 temporum
862 2922 1098 2991 impediti
1141 2933 1359 2991 captare
1402 2921 1592 2976 fratres
1623 2932 1846 2976 vestros

226 3021 292 3062 ac
324 3008 506 3063 venari
537 3025 644 3065 non
692 3013 917 3080 possetis
941 3054 958 3078 ,
987 3013 1080 3067 sed
1111 3013 1396 3067 multorum
1425 3013 1632 3067 dierum
1661 3014 1833 3082 spat-io

226 3097 356 3151 dato
381 3103 817 3170 secure-possetis
831 3117 946 3169 eos,
966 3103 1055 3174 qui
1074 3102 1336 3173 ejusmodi
1359 3102 1546 3158 morbo
1566 3103 1828 3167 laborant,

228 3191 485 3262 indagare
511 3204 668 3266 atque
699 3196 765 3250 ab
798 3197 895 3250 hac
919 3205 1067 3266 peste
1097 3211 1373 3252 revocare.
1405 3198 1478 3252 ita
1510 3213 1723 3268 quoque
1749 3198 1831 3252 fa-

228 3301 353 3340 cere
381 3289 576 3354 solent,
606 3290 694 3359 qui
727 3290 939 3358 nuptias
967 3289 1266 3356 celebrant,
1296 3300 1352 3344 et
1372 3291 1541 3345 lautas
1563 3292 1851 3359 instruunt

227 3393 414 3433 canas
458 3397 608 3436 :non
653 3382 783 3452 ipsis
825 3382 1044 3444 diebus,
1077 3381 1172 3436 sed
1204 3382 1372 3436 multo
1415 3392 1541 3438 ante
1590 3393 1832 3454 tempore

231 3472 527 3539 pisratores
559 3474 781 3542 piscium
814 3481 870 3527 et
898 3473 1076 3526 avium
1103 3488 1337 3542 aucupes
1372 3473 1733 3544 alloquuntur,
1766 3490 1832 3527 ne

230 3561 396 3615 ullum
445 3563 574 3630 ipsis
618 3563 686 3617 ab
732 3563 994 3633 angustiis
1045 3563 1299 3631 temporis
1346 3563 1412 3617 ad
1463 3563 1829 3617 instruendam

229 3669 473 3708 mensam
519 3655 961 3726 impedimentum
1011 3654 1345 3710 adhibeatur.
1397 3655 1623 3721 Quando
1674 3656 1833 3725 igitur

232 3761 330 3799 nos
356 3760 576 3815 quoque
600 3757 839 3800 mensam
874 3747 1023 3800 vobis
1061 3745 1322 3801 adversus
1364 3745 1671 3800 Judzeorum
1717 3754 1832 3801 stu-

234 3853 416 3905 parem
460 3840 752 3906 apposituri
796 3847 1046 3905 eramus,
1079 3843 1228 3910 prius
1258 3854 1354 3892 vos
1382 3839 1675 3908 piscatores
1703 3839 1836 3892 allo-

229 3932 462 3996 quitnur,
499 3942 552 3983 nt
595 3931 918 3985 infirmiores
949 3946 1016 3984 ex
1059 3931 1310 3985 fratribus
1350 3932 1542 3985 vestris
1573 3932 1833 4001 indagetis

229 4033 388 4089 atqui-
417 4023 663 4088 captctis,
695 4033 748 4076 et
778 4022 843 4075 ad
867 4022 1164 4076 audiendos
1187 4037 1466 4077 sermones
1496 4032 1706 4077 nostrOs
1736 4024 1832 4076 de-

229 4112 458 4165 ducatis.
491 4113 762 4183 Quotquot
814 4114 974 4183 igitur
1015 4113 1126 4182 jam
1162 4115 1350 4184 piscati
1393 4117 1558 4180 estis,
1605 4123 1661 4168 ct
1695 4116 1831 4168 intra

233 4204 361 4255 retia
389 4214 574 4272 captos
615 4219 806 4258 secure
851 4205 1073 4268 tenetis,
1109 4213 1322 4259 manete
1348 4220 1410 4259 ac
1441 4205 1834 4260 cohortationis

233 4295 352 4348 illos
383 4310 631 4350 sermone
661 4296 1050 4366 constringito:
1084 4305 1345 4366 quotquot
1371 4305 1552 4351 autem
1593 4297 1832 4351 nondum

233 4387 545 4454 prmclaram
571 4387 718 4441 illam
752 4388 985 4457 praedam
1018 4389 1236 4457 cepistis
1258 4429 1273 4454 ,
1302 4387 1574 4443 sufficiens
1599 4390 1834 4458 quinque

228 4479 440 4532 dierum
483 4481 711 4548 spatium
756 4480 1001 4546 habetis,
1037 4491 1094 4534 ut
1139 4481 1226 4534 illa
1268 4488 1486 4551 captura
1534 4480 1831 4549 potiamini.

233 4570 614 4639 E‘xpaudamus
637 4571 800 4641 igitur
818 4571 1078 4626 doctrina:
1108 4572 1238 4626 retia
1259 4611 1273 4635 ,
1304 4572 1712 4625 circumstemus
1739 4586 1834 4626 eos

233 4662 284 4715 in
325 4661 511 4714 orbem
539 4670 809 4730 tamquam
838 4661 1067 4716 venatici
1099 4675 1286 4726 canes,
1317 4650 1671 4730 undequaque
1713 4661 1834 4715 illos

233 4753 286 4805 in
316 4753 460 4822 leges
491 4753 743 4807 Ecclesize
776 4753 1163 4822 compellamus
1191 4771 1204 4806 :
1237 4753 1496 4821 optimum
1525 4763 1702 4806 autem
1732 4753 1834 4808 illis

231 4854 572 4909 venatorem,
619 4845 662 4897 si
695 4844 928 4908 videtur,
970 4843 1186 4897 beatum
1221 4842 1442 4895 Paulum
1485 4842 1834 4897 adhibeamus

231 4935 552 4987 clamantem
579 4949 642 4989 ac
665 4934 931 4989 dicentem
959 4975 972 4988 .
1002 4933 1136 4987 Ecce
1167 4949 1257 5003 ego
1287 4931 1484 5010 Paulus
1513 4932 1626 4985 dico
1661 4934 1832 4998 vobis,

230 5027 471 5096 quoniam
499 5029 543 5079 si
569 5026 1001 5080 circumcidamini
1023 5066 1037 5090 ,
1069 5023 1302 5080 Christus
1331 5025 1466 5078 vobis
1493 5024 1624 5077 nihil
1647 5025 1834 5094 prode-

231 5121 298 5170 rit
354 5116 496 5190 (Gal.
531 5119 586 5173 5.
613 5118 691 5188 2).
721 5117 855 5173 Nam
897 5127 951 5172 et
990 5118 1151 5172 multa
1191 5118 1299 5172 fera
1327 5125 1382 5172 et
1410 5119 1673 5173 silvestria
1714 5119 1832 5172 ani-

234 5210 415 5270 malia,
441 5209 484 5263 si
511 5208 725 5285 quando
745 5209 848 5264 sub
869 5210 1104 5263 arbustis
1121 5209 1456 5274 delitescant,
1487 5211 1575 5263 ubi
1604 5210 1834 5279 primum

235 5301 507 5355 venatoris
547 5316 731 5355 vocem
761 5302 1086 5364 exaudiunt,
1122 5316 1232 5370 pra:
1264 5309 1407 5355 metu
1450 5302 1740 5367 exsiliunt,
1773 5317 1834 5358 ac

234 5393 384 5448 vocis
410 5375 731 5448 necessitate
755 5393 1032 5464 compulsa
1055 5434 1070 5457 ,
1113 5393 1309 5461 smpius
1335 5393 1494 5447 etiam
1536 5393 1699 5447 invita
1728 5395 1834 5447 cla-

237 5503 387 5542 more
415 5487 678 5542 concitata
708 5488 760 5542 in
797 5488 938 5556 ipsas
963 5502 1144 5542 casses
1188 5486 1544 5542 detruduntur
1568 5505 1582 5540 :
1607 5488 1678 5541 ita
1700 5503 1834 5559 quo—

235 5593 339 5647 que
363 5577 554 5633 fratres
582 5580 764 5644 vestri,
798 5579 910 5650 qui,
941 5589 1210 5648 tamquam
1240 5579 1290 5632 in
1319 5579 1536 5634 arbusto
1565 5580 1795 5650 quodam
1817 5623 1831 5646 ,

238 5670 289 5722 in
321 5668 598 5725 Jndaismo
626 5671 1031 5734 delitescebant,
1059 5671 1103 5726 si
1136 5671 1283 5724 Pauli
1317 5687 1503 5725 vocem
1528 5673 1832 5740 audierint,

236 5761 397 5816 facile
420 5762 686 5816 iii-salutis
725 5764 858 5817 retia
892 5763 1163 5828 incident,
1197 5773 1278 5816 sat
1308 5764 1440 5826 scio,
1471 5774 1525 5817 et
1553 5764 1830 5819 Judaicum

237 5868 456 5909 omnem
487 5869 724 5910 errorem
756 5855 1030 5924 abjicicnt.
1064 5854 1178 5910 Non
1208 5855 1349 5911 enim
1385 5855 1578 5909 Paulus
1607 5865 1709 5924 est,
1743 5857 1831 5929 qui

1946 983 2203 1054 loquitur,
2234 986 2328 1041 sed
2356 985 2637 1053 Christus,
2680 988 2768 1059 qui
2797 989 3030 1043 animam
3063 990 3181 1059 ejus
3213 1002 3411 1048 movet.
3442 992 3546 1049 Ita-

1943 1091 2048 1145 que
2077 1069 2199 1130 cum
2235 1079 2556 1133 clamantem
2597 1078 2746 1134 illum
2783 1079 2936 1136 audis
2963 1095 3029 1136 ac
3074 1081 3382 1138 dicentem;
3418 1083 3552 1141 Em

1942 1181 2036 1235 ego
2071 1151 2283 1220 Paulus
2326 1169 2440 1221 dico
2481 1167 2648 1235 vobis,
2694 1171 2936 1239 quoniam
2982 1171 3027 1226 si
3075 1173 3549 1240 circumcidamini.

1944 1256 2175 1311 Christus
2203 1257 2342 1312 vobis
2370 1258 2499 1312 nihil
2534 1243 2759 1329 proderit
2780 1302 2794 1324 ,
2827 1262 2996 1318 solam
3030 1279 3215 1320 vocem
3250 1266 3399 1322 Pauli
3426 1283 3551 1326 esse

1943 1357 2094 1416 puta,
2129 1363 2346 1403 sensum
2376 1359 2555 1406 autem
2586 1360 2640 1406 et
2677 1351 2876 1423 dogma
2898 1353 3097 1411 Christi
3125 1373 3244 1413 esse
3270 1374 3299 1413 a
3326 1375 3433 1430 quo
3457 1361 3552 1415 in.

1949 1445 2033 1493 tus
2063 1439 2378 1496 docebatur.

2019 1528 2468 1588 Circumcisionem
2491 1533 2754 1592 observare
2779 1538 3010 1591 noxium.
3037 1569 3110 1581 --
3136 1539 3240 1596 Sed
3268 1539 3408 1598 dicet
3436 1542 3554 1599 foro

1949 1629 2092 1678 tasse
2126 1624 2391 1694 quispiam
2425 1643 2438 1679 :
2481 1621 2696 1698 Ergone
2742 1636 2945 1684 tantum
2987 1630 3415 1689 circumcisinnis
3461 1644 3548 1691 cst

1944 1714 2197 1767 damnum
2220 1755 2235 1778 ,
2272 1713 2522 1772 ut'totam
2551 1717 2752 1774 Christi
2796 1719 3252 1790 dispensationem
3299 1725 3540 1782 inutilem

1947 1803 2172 1859 reddat?
2203 1806 2292 1861 Sic
2335 1817 2445 1875 est;
2477 1817 2683 1865 tantum
2719 1820 2804 1867 est
2832 1812 3085 1868 damnum
3116 1815 3543 1873 circumcisionis

1948 1911 2052 1949 non
2082 1898 2150 1952 ob
2178 1901 2450 1968 propriam
2473 1910 2738 1970 naturam,
2763 1904 2858 1959 sed
2882 1905 2952 1961 ob
2977 1905 3391 1975 improbitatem.
3422 1909 3549 1965 Fuit

1944 1991 2070 2046 olim
2101 2001 2332 2061 tempus,
2361 2009 2481 2048 cum
2525 1997 2670 2052 utilis
2714 2005 2769 2052 et
2799 2001 3100 2055 necessaria
3131 2000 3216 2056 lex
3246 2010 3362 2057 erat
3387 2021 3400 2057 :
3430 2002 3544 2074 jn-u:

1946 2096 2074 2136 vero
2103 2085 2332 2137 cessavit
2362 2092 2416 2139 et
2437 2086 2608 2140 otiosa
2640 2095 2743 2142 est.
2776 2086 2831 2143 Si
2868 2089 3029 2160 igitur
3069 2090 3448 2160 intempestive
3476 2095 3544 2147 il-

1948 2172 2050 2227 lam
2081 2174 2172 2229 tibi
2199 2177 2475 2241 concilies,
2525 2178 2724 2234 Christi
2753 2181 2951 2236 donum
2981 2183 3165 2239 inutile
3195 2185 3289 2240 tibi
3331 2187 3540 2243 reddet.

1946 2263 2232 2334 Propterea
2264 2267 2510 2323 Christus
2555 2269 2709 2325 vobis
2757 2273 2888 2328 nihil
2939 2275 3211 2342 proderit,
3266 2278 3388 2345 quia
3433 2295 3542 2335 non

1941 2357 2114 2411 vultis“
2133 2358 2412 2415 accedere.
2445 2361 2576 2416 Nam
2597 2363 2648 2419 ‘si
2677 2365 2797 2434 quis
2825 2366 2875 2420 in
2905 2365 3169 2423 adulterio
3200 2386 3262 2425 ac
3294 2373 3543 2444 turpissi-

1943 2448 2044 2501 mis
2101 2450 2428 2506 facinoribus
2476 2453 2850 2524 deprchensus
2917 2472 3188 2515 carcerem
3239 2463 3540 2532 habitaret,

1941 2539 2136 2594 deinde
2172 2557 2294 2597 cum
2324 2546 2757 2602 constituendum
2782 2548 2890 2619 jam
2920 2560 3065 2606 esset
3107 2552 3363 2609 adversus
3392 2550 3541 2611 illum

1937 2631 2192 2701 judicium
2214 2675 2227 2700 ,
2258 2645 2312 2689 et
2351 2637 2617 2692 sententia
2647 2638 3007 2697 damnationis
3052 2643 3268 2700 ferenda
3291 2688 3305 2714 ,
3339 2649 3548 2705 veniret

1941 2726 2083 2794 regis
2117 2727 2342 2796 epistola
2364 2771 2378 2795 ,
2425 2744 2545 2800 qua:
2572 2740 2796 2788 cunctos
2822 2749 3038 2792 carcere
3064 2737 3311 2794 detentos
3338 2740 3547 2812 absque

1945 2819 2152 2872 ratione
2177 2834 2239 2874 ac
2275 2819 2650 2891 disquisitione
2678 2825 2782 2880 ulla
2814 2825 3138 2894 dimitteret,
3172 2831 3218 2885 is
3245 2831 3335 2902 qui
3377 2833 3547 2889 nollet

1938 2908 2081 2963 dono
2127 2909 2264 2978 frui,
2299 2913 2393 2968 sed
2432 2913 2690 2983 judicium
2732 2918 2915 2974 subire
2959 2920 3145 2976 mallet
3187 2937 3249 2977 ac
3280 2925 3544 2980 rationem

1939 3002 2187 3070 reddere,
2217 3006 2652 3078 suppliciumque
2682 3012 2950 3067 sustinere
2979 3015 3354 3083 contenderet,
3381 3017 3544 3074 bene-

1939 3096 2059 3150 ficio
2085 3114 2188 3152 non
2214 3101 2445 3170 amplius
2469 3103 2545 3157 uti
2575 3113 2774 3173 posset.
2804 3105 2939 3162 Cum
2970 3111 3114 3164 enim
3143 3111 3435 3169 obnoxium
3457 3114 3551 3184 ju«

1938 3189 2078 3244 dicio
2105 3207 2169 3246 ac
2195 3195 2479 3250 sententia:
2505 3211 2565 3252 se
2593 3197 2937 3263 reddidisset,
2968 3211 3162 3272 Sponte
3189 3207 3421 3275 seipsum
3450 3223 3542 3261 re-

1936 3283 2024 3352 gio
2054 3284 2197 3340 dono
2223 3287 2486 3357 privasset
2515 3307 2527 3343 ε
2561 3290 2630 3346 ita
2659 3307 2872 3363 quoque
2898 3293 3098 3352 Judaais
3127 3299 3324 3352 evenit.
3352 3299 3544 3356 Videte

1939 3389 2169 3444 namque
2195 3395 2206 3430 :
2237 3378 2668 3447 turpissimarum
2699 3399 2788 3439 rea
2820 3384 3111 3441 facinorum
3140 3392 3385 3446 convicta
3417 3394 3538 3449 fue—

1937 3475 2017 3518 rat
2047 3466 2325 3522 hominum
2357 3471 2608 3526 universa
2657 3484 2884 3529 natura:
2920 3494 3091 3532 omnes
3131 3483 3267 3535 enim
3305 3500 3544 3553 peccave-

1937 3567 2056 3610 rtmt
2085 3557 2256 3628 (Rom.
2293 3562 2345 3616 5.
2375 3562 2490 3632 25),
2525 3566 2715 3631 inquit,
2747 3577 2796 3620 et
2843 3579 3111 3640 tamquam
3141 3589 3363 3630 carcere
3408 3593 3545 3646 pra:-

1938 3650 2278 3706 varicationis
2310 3654 2596 3709 maledicto
2619 3659 2784 3714 clausi
2813 3671 2966 3714 erant
2992 3679 3004 3714 :
3024 3661 3135 3731 jam
3161 3663 3381 3720 ferentia
3424 3679 3543 3724 erat

1934 3740 2131 3808 judicis
2161 3743 2420 3799 adversus
2465 3746 2580 3802 illos
2629 3751 2891 3804 sententia
2911 3795 2925 3817 ,
2959 3755 3102 3809 venit
3132 3771 3162 3811 e
3206 3759 3351 3814 caelis
3380 3759 3542 3832 Regis

1939 3833 2160 3901 cpistola
2183 3877 2197 3896 ,
2247 3836 2354 3890 imo
2389 3852 2519 3892 vero
2548 3839 2658 3892 licx
2710 3841 2823 3910 ipse
2854 3843 3033 3908 venit,
3067 3847 3155 3916 qui
3202 3848 3406 3920 absque
3434 3853 3542 3909 ulla

1939 3925 2351 3996 disquisitione,
2415 3931 2723 3999 nullamque
2778 3935 3038 3991 rationem
3089 3939 3308 4010 exigens
3353 3957 3545 4000 omnes

1943 4020 2144 4085 peccati
2179 4020 2407 4074 vinculis
2434 4023 2699 4078 liberavit.

2009 4106 2066 4159 2.
2097 4108 2296 4163 Omnes
2338 4112 2514 4180 igitur,
2546 4115 2634 4182 qni
2667 4129 2973 4186 accurrunt,
3018 4120 3161 4177 dono
3189 4125 3457 4191 fruuntur,
3488 4140 3546 4185 et

1940 4198 2108 4266 gratia
2140 4201 2273 4254 salvi
2323 4201 2494 4257 fiunt:
2527 4206 2615 4274 qui
2648 4222 2775 4263 vero
2806 4223 2901 4278 per
2939 4210 3111 4282 legem
3147 4215 3427 4284 justilicari
3459 4235 3545 4274 vo-

1940 4289 2075 4358 lunt,
2109 4293 2270 4347 etiam
2313 4309 2341 4347 a
2372 4297 2541 4365 gratia
2572 4299 2842 4356 excident.
2872 4301 3059 4374 Neque
3083 4307 3228 4362 enim
3261 4312 3408 4382 regia
3433 4310 3542 4368 frui

1938 4386 2222 4442 clementia
2251 4400 2524 4461 poterunt,
2559 4396 2648 4465 qui
2677 4399 2908 4468 propriis
2937 4401 3139 4460 viribus
3167 4407 3394 4463 salutem
3427 4411 3544 4465 adi-

1940 4479 2070 4547 pisci
2103 4482 2461 4552 contendunt,
2491 4496 2546 4540 et
2571 4487 2670 4542 sibi
2702 4491 3046 4549 maledictum
3074 4496 3207 4565 legis
3237 4514 3539 4569 accersent,

1938 4573 2189 4640 quoniam
2233 4590 2298 4629 ex
2331 4579 2585 4646 operibus
2632 4581 2764 4652 legis
2807 4601 2911 4639 non
2957 4588 3339 4656 justificabitur
3366 4596 3542 4650 omnis

1936 4677 2081 4716 caro.
2117 4664 2318 4722 Idcirco
2346 4669 2509 4735 dicit,
2551 4670 2611 4725 Si
2634 4675 3070 4734 circumcidamini
3089 4723 3102 4746 ,
3142 4681 3372 4740 Christus
3404 4690 3540 4745 vobis

1939 4755 2069 4808 nihil
2109 4761 2335 4827 proderit
2377 4761 2518 4828 (Gal.
2549 4765 2601 4820 5.
2631 4767 2709 4837 2).
2742 4767 2872 4824 Nam
2900 4773 2989 4840 qui
3031 4789 3094 4828 ex
3125 4775 3258 4846 legis
3287 4781 3541 4848 operibus

1937 4849 2116 4904 salvus
2147 4853 2258 4907 fieri
2291 4857 2586 4922 contendit,
2618 4860 2750 4915 nihil
2781 4861 2940 4918 habet
2965 4880 3249 4924 commune
3278 4885 3398 4924 cum
3423 4888 3541 4944 gra-

1939 4940 2032 4993 tia.
2080 4941 2235 5009 Quod
2280 4945 2454 5014 ipsum
2488 4949 2670 5019 utique
2701 4951 2899 5008 Paulus
2940 4955 3247 5026 significans
3279 4940 3492 5017 dicebat
3527 4984 3538 5016 :

1940 5029 2002 5083 Si
2026 5031 2215 5098 gratia,
2230 5035 2343 5104 jam
2378 5049 2480 5090 non
2508 5054 2572 5092 ea:
2599 5041 2834 5108 operibus
2859 5059 2876 5096 :
2902 5044 3093 5117 alioqui
3115 5051 3281 5117 gratia
3296 5051 3413 5122 jam
3441 5070 3543 5109 non

1937 5131 2009 5174 est
2033 5125 2217 5192 gratia.
2266 5124 2328 5180 Si
2355 5136 2524 5182 autem
2552 5147 2615 5184 ea:
2643 5133 2907 5201 operibus,
2929 5137 3044 5204 jam
3087 5154 3188 5193 non
3215 5150 3288 5194 est
3327 5145 3494 5212 gratia
3524 5162 3543 5200 .-

1937 5214 2165 5285 alioquin
2204 5233 2332 5286 Opus
2347 5221 2462 5290 jam
2495 5234 2692 5277 nonest
2718 5240 2849 5294 opus
2881 5228 3055 5296 (Rom.
3091 5231 3178 5286 ll.
3211 5232 3289 5306 6).
3332 5235 3397 5291 Pt
3425 5253 3546 5292 rur-

1939 5321 2064 5374 sus,
2099 5307 2163 5364 Si
2189 5313 2322 5364 enim
2365 5330 2454 5382 per
2479 5316 2636 5385 legem
2666 5320 2898 5387 justitia,
2951 5339 3072 5392 ergo
3109 5327 3268 5395 gratis
3307 5327 3542 5384 Christus

1938 5411 2166 5454 mortuus
2210 5410 2282 5455 est
2317 5402 2458 5473 (Gal.
2500 5405 2555 5460 2.
2585 5407 2679 5477 Si)
2707 5451 2717 5461 .
2753 5409 2818 5463 Et
2845 5427 3034 5466 rursus
3065 5435 3078 5468 :
3111 5415 3214 5482 Qui
3243 5418 3294 5471 in
3326 5419 3435 5490 lege
3450 5423 3544 5491 juo

1938 5493 2250 5560 stiﬁcamini,
2282 5511 2312 5547 a
2340 5498 2508 5566 gratia
2537 5500 2798 5556 excidistis
2822 5501 2966 5570 (Gal;
2999 5507 3051 5559 5.
3081 5507 3156 5575 4).
3187 5504 3538 5569 Μόιυιίηοίὶῑυε

1939 5598 1997 5636 cs
2043 5584 2177 5654 legi,
2211 5597 2452 5643 mortuus
2500 5605 2576 5644 es
2607 5591 2778 5647 factus
2799 5603 2814 5646 ἐ
2847 5611 2950 5650 non
2984 5599 3214 5668 amplius
3253 5602 3352 5657 sub
3389 5604 3538 5674 jugo,

1941 5692 2043 5729 non
2074 5679 2305 5747 amplius
2335 5679 2436 5734 sub
2465 5681 2932 5751 cjusn'ccessitate
2956 5691 3188 5746 versaris
3213 5709 3226 5745 :
3261 5693 3544 5766 q'uid‘erg'ti

1939 5764 2133 5821 frustra
2164 5769 2254 5822 tibi
2284 5779 2338 5824 ct
2364 5772 2479 5826 sine
2515 5789 2676 5828 causa
2718 5771 2990 5846 negotium
3032 5781 3286 5845 exhibere
3317 5764 3533 5842 conten

1943 5859 2063 5914 dis?
2096 5863 2160 5915 At
2205 5865 2347 5919 enim
2377 5880 2477 5934 qua
2519 5866 2586 5926 de
2615 5882 2774 5928 causa
2805 5885 3002 5928 nomen
3033 5890 3186 5930 suum
3235 5880 3407 5938 posuit
3439 5881 3541 5935 hoc
