4150 6352
133 443 248 498 861

118 563 314 638 Eatque
362 556 426 609 ad
473 557 930 628 intemperantiam
961 571 1215 638 pertrahi.
1265 575 1536 644 Siquidem
1579 596 1746 634 merc-

118 634 315 697 'trit-es
346 663 409 700 ac
459 648 664 715 molles,
697 663 749 706 et
782 664 921 710 totus
949 663 1239 716 orchestra:
1266 665 1463 720 chorus
1503 669 1628 722 illuc
1654 684 1748 722 so-

137 731 222 782 liti
257 744 388 788 sunt
414 751 754 795 concurrere.

218 822 428 878 Animi:
454 825 752 884 Judtrorum
795 843 840 886 et
881 834 1171 909 Synagogce
1209 859 1241 894 a
1270 844 1576 903 (temonibus
1603 870 1750 906 occu-

139 925 372 1006 pamur.
397 947 467 956 —
497 919 602 973 Sed
630 922 753 991 quid
785 940 883 995 ego
929 929 1325 1002 fornicatiOues,
1356 954 1473 1006 qua:
1518 942 1624 996 illic
1652 946 1749 997 ad-

139 1004 442 1060 mittuntur
491 1023 853 1068 commemoro
874 1016 900 1069 ?~
948 1019 1058 1072 Non
1120 1025 1292 1089 times,
1327 1004 1458 1081 nea
1505 1030 1750 1088 dmmone

140 1105 407 1167 correpta
450 1117 580 1155 uxor
607 1104 749 1160 illinc
779 1115 1109 1168 revertatur?
1137 1116 1250 1170 Non
1276 1120 1486 1187 audisti,
1515 1123 1565 1176 in
1589 1125 1749 1194 priori

142 1194 387 1242 tractatu
436 1207 592 1259 quam
642 1196 783 1251 clare
831 1198 987 1254 fuerit
1037 1209 1280 1261 oratione
1331 1210 1750 1269 demonstratum

144 1276 305 1342 ipsas
350 1282 554 1336 animas
596 1285 900 1342 Judazorum
952 1302 1005 1346 et
1050 1294 1163 1349 loca
1215 1298 1264 1350 in
1314 1300 1506 1369 quibus
1527 1317 1752 1372 congre-

145 1377 358 1435 gantur
400 1387 430 1424 a
494 1374 828 1435 dmmonibus
893 1380 1158 1440 habitari?
1210 1389 1488 1455 Quomodo
1551 1396 1749 1464 igitur,

145 1473 365 1525 qua‘so.
409 1464 595 1530 audes,
626 1470 836 1537 agitatis
881 1489 1000 1528 cum
1047 1479 1377 1535 (temonibus
1418 1483 1654 1552 choreis,
1687 1489 1750 1540 ad

146 1553 525 1618 apostolorum
557 1570 752 1614 coetum
786 1565 1004 1620 redire?
1031 1569 1128 1636 Qui
1162 1572 1274 1626 fieri
1305 1583 1480 1644 potest
1504 1588 1580 1642 ut,
1631 1597 1750 1634 eum

148 1641 392 1708 abieris,
441 1655 495 1701 et
544 1663 665 1705 cum
713 1653 816 1708 illis
871 1663 1376 1731 communicaveris,
1422 1670 1510 1737 qui
1558 1669 1751 1726 Christi

147 1736 475 1814 sanguinem
503 1739 819 1811 effuderunt,
874 1765 978 1803 non
1009 1751 1227 1808 horreas
1267 1736 1471 1825 venire,
1504 1770 1558 1816 et
1588 1775 1754 1817 saera:

148 1839 364 1924 mensa:
388 1836 803 1903 communicare,
853 1856 915 1895 ac
945 1845 1160 1911 pretiosi
1188 1851 1461 1919 sanguinis
1491 1855 1753 1924 particeps

151 1913 319 1967 fieri?
351 1917 460 1973 Non
494 1921 698 1990 horres,
740 1945 846 1984 non
880 1934 1054 2001 times,
1088 1951 1207 1992 cum
1237 1942 1358 1994 talia
1400 1945 1602 1999 scelera
1633 1962 1754 2016 per—

152 2009 384 2073 petres?
411 2011 524 2066 Non
553 2031 790 2075 mensam
819 2022 985 2090 ipsam
1014 2035 1274 2085 revereris
1295 2040 1318 2084 Υ
1348 2033 1438 2087 His
1459 2050 1560 2106 ego
1581 2009 1753 2094 verbis

153 2110 258 2151 vos
289 2099 594 2170 alloquutus
641 2124 780 2176 sum,
813 2113 895 2168 his
927 2132 1020 2172 vos
1051 2119 1168 2173 illos
1193 2133 1245 2176 et
1278 2125 1349 2177 illi
1394 2141 1516 2181 suas
1561 2144 1753 2183 uxores

153 2186 502 2283 alloquentur
535 2213 549 2248 :
580 2197 861 2269 didi/irate
904 2207 1031 2260 alter
1080 2211 1294 2266 alterum
1345 2217 1422 2283 (1.
1473 2217 1646 2271 Thess.
1696 2220 1750 2274 5.

154 2276 456 2376 “)aAc-si
483 2285 693 2353 quidem
736 2293 804 2346 sit
831 2297 1246 2355 catechumeuus
1279 2276 1462 2374 is,'qui
1493 2307 1752 2376 ejusmodi

155 2369 351 2458 morbo
380 2371 604 2440 laborat,
637 2394 665 2430 a
699 2385 956 2439 vestibulo
983 2391 1163 2458 templi
1197 2369 1444 2448 arceatur
1474 2413 1489 2451 :
1518 2369 1598 2450 sin
1629 2398 1754 2454 lide-

155 2456 223 2509 lis
250 2474 315 2513 ac
358 2467 628 2532 mysteriis
673 2470 927 2538 initiatus,
956 2493 985 2530 a
1023 2493 1174 2534 sacra
1217 2498 1398 2537 mensa
1446 2487 1748 2555 repellatur.

155 2548 343 2618 Neque
370 2556 510 2609 enim
538 2558 907 2621 exhortatione
950 2583 1014 2624 ac
1037 2573 1262 2627 consilio
1303 2574 1537 2645 indigent
1563 2589 1751 2633 cuncta

157 2651 398 2708 peccata,
441 2647 534 2701 sed
579 2662 701 2706 sunt
728 2670 845 2723 qtue
894 2657 1040 2713 brevi
1071 2670 1122 2715 et
1150 2663 1427 2718 celerrima
1471 2667 1641 2722 solent
1669 2685 1756 2723 se-

153 2732 338 2786 ctione
367 2740 562 2792 curari.
596 2741 658 2796 Et
702 2749 1146 2813 quemadmodum
1196 2754 1333 2809 inter
1361 2758 1601 2824 vulnera,
1634 2776 1753 2828 quas

156 2820 515 2880 tolerabiliora
570 2842 708 2896 sunt,
746 2835 1034 2897 lenioribus
1073 2844 1266 2898 cedunt
1307 2846 1746 2915 medicamentis,

153 2927 276 2978 quae
309 2929 433 2968 vero
461 2923 746 2984 putrefacta
778 2941 899 2982 sunt
928 2941 980 2984 et
1011 2932 1337 3000 incurabilia,
1373 2954 1599 3009 quzeque
1626 2941 1751 2994 reli-

863 451 930 507 ΙΝ
968 452 1094 509 EOS
1132 457 1247 524 QUI
1290 459 1553 516 PASCIIA
1593 462 1958 522 JEJUNJN'I‘.
2002 467 2358 524 ADVERSUS
2399 470 2537 526 JUl).
2588 472 2672 526 Ill.

3336 499 3444 551 8(3‘2

1853 601 2014 651 quum
2060 602 2253 656 corpus
2279 589 2654 656 depascnntur,
2683 594 2926 647 acumine
2957 593 3081 648 ferri
3127 597 3444 668 llatnmaque

1854 676 2090 744 indigent
2122 695 2134 730 :
2164 678 2241 731 sic
2267 679 2513 734 nimirum
2540 690 2591 735 et
2617 681 2756 736 inter
2776 695 3013 751 peccata,
3046 701 3169 755 (iga
3202 688 3442 754 quadam

1855 767 2122 833 prolixiori
2155 769 2523 825 cohortatione
2569 787 2702 840 opus
2747 782 2848 835 εει,
2901 784 3090 828 cetera
3138 777 3441 832 durioribus

1854 865 1978 908 sunt
2021 858 2524 924 reprehensimibus
2571 863 2895 931 castiganda.
2943 863 3228 933 Propterea
3284 865 3445 934 jussit

1853 961 2063 1015 quoque
2089 947 2278 1001 Paulus
2311 966 2412 1002 non
2444 951 2494 1004 in
2527 954 2771 1006 omnibus
2812 955 3177 1009 cohortatione
3221 955 3318 1022 uti,
3349 955 3442 1010 sed

1854 1044 1910 1089 et
1959 1037 2118 1103 iocre;
2140 1053 2231 1092 are
2258 1039 2408 1105 dure,
2451 1041 2528 1094 sic
2557 1041 2738 1096 dicens
2769 1061 2782 1096 :
2817 1043 2982 1110 Quam
3027 1043 3086 1098 ob
3117 1047 3324 1098 causam
3365 1046 3446 1098 in-

1856 1143 2005 1194 crepa
2047 1128 2161 1180 illos
2197 1129 2322 1183 dure
2361 1130 2483 1199 (Tit.
2521 1131 2569 1184 1.
2621 1131 2726 1202 15).
2761 1131 3097 1202 lucrepemus
3141 1134 3296 1202 igitur
3325 1133 3445 1188 illos

1851 1216 1966 1285 jam
1989 1219 2141 1282 dure,
2168 1228 2223 1271 ut
2248 1235 2368 1272 cum
2396 1221 2462 1272 ob
2488 1223 2658 1290 priora
2680 1216 2872 1276 fuerint
2900 1223 3101 1294 pudore
3128 1223 3334 1289 suffusi,
3355 1239 3443 1279 se-

1856 1321 1958 1374 que
2007 1306 2148 1374 ipsos
2198 1310 2618 1369 condemnarint.
2655 1328 2757 1364 non
2799 1313 3024 1381 amplius
3067 1302 3463 1366 detrimentum

1856 1410 1915 1446 ev
1951 1395 2112 1463 iniqui
2148 1397 2328 1465 jejunii
2358 1399 2726 1454 observatione
2773 1402 3057 1470 patiantur.
3091 1401 3232 1468 Quas
3261 1402 3329 1454 ob
3358 1417 3442 1456 res

1857 1503 1955 1555 ego
2003 1505 2214 1558 quoque
2239 1505 2266 1540 a
2293 1491 2662 1546 cohortatione
2702 1493 2954 1561 deinceps
2992 1493 3265 1546 abstinens
3295 1492 3431 1545 obte'

1857 1587 1970 1630 stor
2022 1590 2075 1632 et
2122 1576 2336 1644 clamo,
2367 1581 2427 1635 Si
2468 1583 2578 1650 quis
2625 1599 2724 1636 non
2763 1593 2900 1634 amat
2948 1581 3222 1635 Dominum
3265 1579 3442 1636 Jesum

1859 1668 2128 1733 Christum,
2175 1671 2239 1724 sit
2267 1671 2534 1724 anathema
2571 1673 2644 1741 (l.
2690 1670 2805 1726 Cor.
2834 1672 3057 1744 16.22):
3092 1687 3319 1740 quonam
3346 1686 3441 1725 au-

1861 1770 1966 1815 tem
2001 1763 2187 1830 majori
2217 1773 2529 1832 argumento
2560 1780 2587 1818 a
2616 1781 2673 1819 se
2701 1781 2805 1819 non
2832 1769 2998 1819 amari
3035 1767 3312 1820 Dominum
3344 1781 3438 1834 po-

1860 1860 1964 1905 test
2007 1852 2146 1906 ullus
2175 1854 2476 1918 ostendere,
2510 1870 2666 1924 quam
2695 1856 2738 1909 si
2769 1855 2916 1910 festis
2955 1857 3164 1911 illorum
3195 1871 3438 1910 commu-

1860 1941 2017 2004 nicet,
2050 1959 2079 1996 a
2107 1959 2211 2012 quo
2252 1943 2339 1997 ille
2367 1943 2463 1997 fuit
2486 1946 2730 2000 occisus?
2771 1946 2877 2000 llos
2920 1961 3024 2000 non
3065 1962 3162 2018 ego
3203 1947 3440 2016 percussi

1857 2033 2217 2098 anathemate,
2247 2034 2339 2088 sed
2372 2035 2566 2089 Paulus
2601 2053 2612 2087 :
2647 2037 2754 2089 imo
2784 2051 2910 2090 vero
2955 2052 3059 2090 non
3085 2037 3192 2106 jam
3222 2036 3437 2102 Paulus,

1857 2122 1952 2177 sed
1990 2123 2249 2188 Christus,
2283 2127 2496 2194 qui‘per
2521 2125 2666 2179 illum
2695 2126 2945 2194 loquitur,
2975 2137 3029 2182 et
3057 2129 3106 2182 in
3136 2127 3442 2196 praeceden-

1860 2215 1999 2268 tibus
2027 2215 2178 2278 dixit,
2211 2215 2461 2282 Quoniam
2491 2217 2576 2286 qui
2601 2218 2652 2269 in
2677 2216 2786 2288 lege
2805 2218 3174 2286 justiﬁcantur,
3208 2233 3240 2269 a
3275 2219 3442 2295 gratia

1859 2304 2149 2357 exciderunt
2205 2304 2342 2373 (Gul.
2402 2307 2454 2360 5.
2506 2307 2583 2376 4),
2617 2306 2741 2360 Haec
2789 2306 2894 2359 illis
2953 2307 3108 2361 verba
3164 2307 3344 2372 dicite,
3375 2321 3440 2362 ac

1858 2397 2151 2468 sententias
2205 2397 2303 2450 illis
2356 2399 2592 2459 ret-itote,
2646 2412 2870 2466 cumque
2901 2397 3044 2450 omni
3097 2412 3216 2450 cum
3263 2395 3440 2450 studio

1858 2502 1920 2542 ac
1946 2485 2212 2558 diligentia
2244 2488 2416 2540 Salvos
2443 2503 2532 2541 eos
2559 2488 2792 2541 feceritis
2815 2495 2867 2540 et
2891 2502 2956 2540 ex
2988 2486 3179 2539 diaboli
3206 2485 3440 2540 faucibus

1855 2579 2177 2648 eripueritis,
2227 2580 2276 2631 in
2307 2579 2393 2632 die
2432 2578 2616 2647 jejunii
2664 2577 2816 2631 nobis
2844 2576 3105 2641 adducite,
3141 2584 3197 2629 ut
3236 2585 3286 2630 et
3318 2589 3441 2644 pro-

1857 2671 2005 2725 missi
2062 2670 2317 2738 reliquam
2377 2680 2578 2738 partem
2641 2677 2953 2738 przrstantes
3022 2683 3128 2721 uno
3175 2680 3439 2720 consensu

1858 2775 2070 2828 unoque
2099 2775 2192 2814 ore
2217 2776 2335 2814 cum
2364 2759 2613 2814 fratribus
2639 2760 2837 2814 nostris
2859 2758 3214 2828 glorilicemus
3243 2757 3440 2820 Deum,

1857 2861 1912 2905 et
1941 2852 2149 2905 Patrem
2199 2850 2402 2905 Domini
2438 2850 2604 2905 nostri
2634 2849 2763 2905 Jcsu
2809 2849 3028 2915 Christi,
3060 2849 3308 2918 quoniam
3341 2847 3439 2917 ipsi

1854 2942 2018 3009 gloria
2050 2943 2101 2995 in
2135 2943 2349 2996 sa‘cula.
2387 2943 2578 2996 Amen.

158 3042 415 3061 mpo—

1031 3143 1113 3203 IN
1155 3145 1303 3207 EOS
1329 3147 1465 3221 QUI
1505 3148 1756 3210 PRIMO
1796 3143 2103 3211 PASCHA
2145 3150 2559 3211 JEJUNANT.

723 3375 917 3416 οκΑτιο
958 3382 1173 3423 TERTIA.

233 3441 284 3493 1.
321 3441 521 3498 Rursus
562 3455 917 3508 necessarium
950 3461 1212 3527 quoddam
1250 3476 1302 3516 et
1345 3482 1539 3535 urgens
1573 3485 1738 3539 nego-

161 3533 294 3586 tium
323 3549 529 3599 eorum,
553 3555 672 3608 quae
704 3560 870 3612 nuper
899 3549 1035 3602 dicta
1065 3562 1206 3616 sunt,
1231 3557 1427 3609 seriem
1459 3558 1742 3613 interrum-

158 3636 292 3689 pons
337 3626 402 3678 ad
434 3630 662 3698 seipsum
693 3638 987 3691 orationem
1027 3643 1281 3706 traducit,
1322 3655 1374 3698 et
1418 3663 1445 3698 a
1485 3652 1766 3719 susceptis-

157 3727 280 3766 cum
313 3714 576 3784 luereticis
617 3727 994 3783 certaminibus
1037 3731 1194 3788 hodie
1224 3752 1318 3788 nos
1346 3740 1577 3793 abducit.
1612 3743 1741 3796 Nam

162 3818 262 3856 nos
291 3807 505 3874 quidem
555 3829 740 3868 rursus
783 3816 847 3870 de
878 3817 1154 3890 Unigeniti
1181 3825 1346 3893 gloria
1377 3832 1534 3883 verba
1570 3833 1743 3889 facere

158 3895 224 3961 ad
257 3899 532 3953 caritatem
564 3918 790 3960 vestram
822 3914 984 3977 parati
1013 3930 1224 3970 eramus
1253 3935 1265 3970 :
1298 3921 1388 3973 sed
1433 3937 1616 3977 eorum
1656 3928 1741 3995 qui

161 3988 337 4052 primo
381 3991 579 4076 Pascha
621 3997 863 4066 jejuuant
903 4004 1196 4072 importuna
1243 4013 1512 4066 contentio
1541 3988 1742 4069 doctri-

163 4093 286 4130 nam
315 4096 528 4137 ontnCm
558 4099 792 4142 nostram
825 4094 962 4163 cogit
989 4095 1248 4151 hodierno
1279 4102 1362 4152 die
1396 4113 1556 4163 totam
1589 4108 1637 4160 in
1666 4109 1743 4162 ris

158 4171 413 4225 curandis
443 4181 710 4246 occupari.
757 4182 887 4236 Nam
919 4195 972 4238 et
1015 4186 1181 4241 boum
1215 4202 1394 4258 pastor
1441 4211 1541 4249 non
1591 4197 1743 4267 lupos

157 4263 328 4332 abigit
357 4268 526 4321 solum
547 4312 561 4334 ,
595 4273 686 4326 sed
720 4284 772 4327 et
819 4278 1043 4342 pecudes
1076 4293 1398 4350 a‘grolantes
1432 4304 1551 4340 eum
1597 4292 1741 4343 omni

159 4356 522 4416 sollicitudine
561 4376 752 4426 curat:
787 4371 912 4437 quid
951 4374 1090 4425 enim
1139 4377 1385 4443 prodest,
1421 4382 1558 4448 quod
1601 4383 1740 4437 fera-

158 4459 278 4499 rum
308 4463 398 4500 ora
429 4465 613 4520 greges-
644 4457 874 4524 evitent,
907 4461 952 4512 si
999 4464 1197 4522 morbis
1243 4469 1466 4521 confecti
1503 4474 1741 4525 morian-

161 4537 292 4590 tur?
323 4539 410 4592 Sic
439 4552 492 4595 et
524 4546 753 4611 optimus
785 4547 1072 4617 imperator
1102 4569 1204 4607 non
1238 4557 1507 4612 machinas
1540 4571 1740 4615 tanzum

163 4631 460 4696 propulsat,
488 4635 577 4687 sed
605 4646 756 4691 antea
783 4639 1044 4696 seditione
1070 4655 1387 4700 commotam
1413 4650 1595 4703 urbem
1621 4667 1740 4706 eum

161 4719 335 4786 seipsa
369 4724 692 4790 reconciliat,
726 4743 844 4781 cum
878 4736 1042 4798 probe
1075 4737 1274 4790 noverit
1307 4738 1435 4790 nihil
1467 4750 1741 4797 externam

161 4811 436 4866 victoriam
488 4817 852 4885 profuturam,
900 4826 1148 4892 quamdiu
1197 4828 1340 4882 intus
1387 4831 1556 4885 civilia
1609 4835 1742 4889 bella

162 4908 570 4969 permanserint.
626 4910 687 4964 Ut
733 4924 908 4967 autem
956 4918 1214 4987 in'elligas
1257 4922 1320 4974 ad
1372 4926 1640 4980 interitum
1683 4943 1744 4982 ac

167 4997 453 5063 perniciem
488 5003 618 5055 nLhil
651 5019 798 5073 a'que
828 5023 889 5062 ac
916 5011 1228 5065 seditionem
1259 5025 1310 5067 et
1351 5019 1742 5072 contentionem

163 5088 369 5151 valere,
403 5093 520 5144 audi
554 5095 675 5162 quid
708 5096 950 5153 Christus
975 5101 1114 5153 dicat
1147 5121 1160 5156 :
1190 5103 1414 5174 Regnum
1445 5108 1495 5159 in
1526 5110 1745 5176 seipsum

163 5181 377 5237 division
400 5200 497 5236 nou
520 5187 667 5240 stabit
691 5188 898 5254 (Matth.
927 5193 1011 5245 19..
1038 5193 1153 5264 23).
1181 5195 1412 5250 Tametsi
1435 5199 1560 5268 quid
1583 5216 1744 5269 regno

165 5273 464 5346 potentius,
514 5277 600 5330 ubi
652 5282 989 5346 pecuniarum
1041 5295 1355 5351 proventus,
1403 5297 1455 5341 et
1501 5305 1648 5344 arma
1695 5303 1747 5346 et

164 5365 300 5416 muri
342 5376 392 5417 et
425 5374 812 5437 propugnacula
854 5382 906 5426 et
953 5383 1127 5429 tantus
1158 5379 1379 5431 militum
1413 5397 1664 5435 numerus
1693 5393 1746 5436 et

164 5455 283 5522 equi
332 5464 384 5508 et
421 5457 519 5508 alia
569 5459 840 5514 imuunera
870 5504 881 5522 ,
926 5481 1042 5532 qua:
1089 5468 1276 5520 multas
1308 5469 1745 5538 viressuppedi-

165 5550 318 5600 tant?
354 5548 717 5606 Verumtamen
760 5564 900 5608 tanta
935 5561 1162 5624 potentia
1191 5560 1475 5629 di~sipatur
1500 5579 1622 5616 cum
1655 5581 1745 5632 per

163 5639 441 5712 alissidium
471 5641 522 5695 in
555 5644 781 5711 seipsam
824 5648 1065 5717 insurgit.
1114 5650 1250 5703 Nihil
1286 5654 1422 5706 enim
1470 5656 1746 5708 imbecilli-

168 5739 328 5782 tatem
356 5731 488 5785 adeo
519 5749 706 5801 parare
733 5737 888 5798 Solet,
920 5749 974 5790 nt
1003 5741 1110 5793 rixa
1141 5751 1194 5794 et
1223 5745 1492 5798 eonteutio
1519 5763 1530 5798 :
1560 5762 1746 5813 quem-

167 5821 450 5877 admodum
481 5824 608 5878 nihil
640 5824 770 5880 λειω
794 5831 929 5883 vires
961 5832 1013 5878 οι
1040 5833 1348 5901 potentiam,
1378 5849 1437 5887 ac
1471 5834 1662 5890 caritas
1693 5844 1744 5889 et

1851 3381 2156 3435 concordia.
2203 3380 2353 3448 Quod
2383 3396 2502 3434 cum
2549 3380 2863 3449 intelligeret
2910 3378 3163 3433 Salomon
3204 3379 3434 3446 dicebat,

1851 3469 2034 3524 Frater
2061 3473 2145 3541 qui
2173 3471 2446 3536 adiuvatur
2481 3487 2512 3522 a
2542 3471 2699 3537 fratre
2720 3511 2734 3533 ,
2779 3470 2922 3541 quasi
2951 3472 3124 3523 civitas
3155 3469 3304 3536 ﬁrma
3326 3511 3339 3533 ,
3389 3482 3437 3524 et

1850 3564 2080 3614 clausum
2105 3571 2236 3615 recte
2262 3578 2468 3631 regnum
2499 3561 2676 3631 (Prov.
2703 3561 2789 3616 18.
2816 3562 2927 3632 19).
2962 3563 3119 3616 Vides
3145 3569 3340 3631 quanta
3366 3563 3437 3615 sit

1849 3658 1928 3709 vis
1958 3654 2254 3709 concordia:
2277 3655 2300 3708 ?
2329 3663 2583 3723 quantum
2610 3656 2970 3708 contentionis
3011 3656 3434 3710 detrimentum?

1851 3747 2089 3815 Regnum
2135 3747 2397 3804 seditione
2442 3746 2667 3800 divisum
2708 3746 3048 3810 dissolvitur,
3094 3748 3199 3801 duo
3226 3763 3351 3802 vero
3379 3751 3434 3803 in

1851 3851 2010 3887 uunm
2055 3837 2220 3905 juncti
2264 3845 2318 3890 et
2358 3836 2493 3890 inter
2538 3852 2595 3890 se
2624 3836 2854 3892 devincti
2887 3840 3053 3907 magis
3077 3840 3432 3908 quamullum

1853 3929 2302 3995 propugnaculum
2329 3937 2453 3980 sunt
2499 3927 2903 3996 insuperabiles.
2936 3930 3011 3981 Ac
3037 3931 3148 3982 seio
3190 3928 3436 3998 equidem

1852 4032 1944 4085 per
1975 4017 2063 4069 Dei
2093 4018 2316 4086 gratiam
2345 4018 2604 4085 potiorem
2634 4017 2790 4086 hujus
2815 4019 2990 4086 gregis
3017 4028 3220 4086 partem
3248 4019 3314 4072 ab
3338 4019 3437 4074 hac

1849 4105 2161 4171 .‘l‘gl'ilutiilie
2190 4106 2475 4160 immunem
2497 4122 2644 4171 esse,
2687 4115 2740 4162 et
2777 4123 2977 4178 paucos
3007 4109 3249 4163 morbum
3282 4110 3430 4163 inva-

1850 4197 2003 4257 sisse,
2037 4213 2140 4249 non
2170 4206 2343 4250 tamen
2375 4198 2571 4251 idcirco
2598 4209 2676 4252 est
2706 4202 2913 4256 curatio
2937 4201 3270 4270 negligenda.
3299 4202 3431 4256 Nam

1856 4289 1949 4344 etsi
1973 4288 2155 4342 decem
2190 4298 2413 4354 tantum,
2457 4291 2556 4344 ctsi
2583 4292 2835 4360 quinque,
2871 4293 2967 4344 etsi
2997 4293 3124 4358 duo,
3168 4294 3268 4349 etsi
3297 4310 3438 4348 unus

1851 4388 2055 4430 tantum
2089 4389 2227 4432 esset
2261 4389 2508 4448 a-grotus,
2558 4395 2624 4434 ne
2666 4381 2743 4435 sic
2784 4382 2995 4449 quidem
3044 4383 3234 4451 negligi
3269 4399 3433 4452 opor-

1852 4479 2003 4522 teret.
2033 4470 2180 4524 Licet
2206 4472 2347 4524 enim
2377 4471 2458 4524 vel
2485 4488 2619 4524 unus
2649 4471 2717 4525 sit
2746 4473 2864 4525 vilis
2893 4483 2946 4525 et
2973 4473 3239 4540 abjcctus,
3272 4474 3436 4528 frater

1851 4570 2025 4614 tamen
2074 4569 2156 4614 est
2202 4573 2416 4630 propter
2461 4577 2617 4630 quem
2666 4571 2907 4616 mortuus
2953 4575 3030 4616 est
3061 4563 3343 4629 Christus,
3379 4573 3433 4619 et

1850 4666 2097 4719 magnam
2127 4651 2307 4704 vilium
2348 4650 2608 4705 rationem
2636 4651 2793 4705 habet
2824 4653 3087 4706 Christus.
3125 4653 3438 4722 Quicumque

1849 4740 2284 4805 scandalizaverit,
2320 4740 2516 4809 inquit,
2548 4757 2703 4793 unum
2733 4741 2794 4793 de
2823 4742 3020 4810 pusillis
3050 4743 3186 4807 ittis,
3233 4743 3438 4810 expedit

1850 4832 1912 4895 ei,
1939 4841 1990 4882 ut
2015 4831 2352 4898 smpeudatur
2378 4832 2511 4883 mola
2538 4831 2761 4884 asinaria
2787 4833 2840 4882 in
2861 4832 2992 4897 collo
3016 4833 3124 4901 ejus
3169 4844 3212 4884 et
3240 4832 3432 4885 demer-

1849 4934 1996 4992 gatur
2028 4925 2077 4975 in
2105 4941 2242 4976 mare
2272 4922 2481 4993 (.llatth.
2511 4923 2594 4977 18.
2618 4923 2671 4992 6)
2701 4940 2712 4973 :
2738 4931 2793 4976 et
2821 4939 3022 4984 rursus,
3053 4922 3308 4987 Quamdiu
3329 4941 3436 4978 non

1851 5018 2034 5085 fecistis
2073 5018 2159 5068 uni
2205 5017 2264 5068 de
2293 5016 2564 5069 minoribus
2595 5016 2692 5080 his,
2742 5033 2829 5077 nec
2877 5017 3000 5067 mihi
3049 5015 3235 5080 fecistis
3299 5012 3430 5084 (1d;

1850 5110 1933 5163 25.
1969 5109 2035 5161 45
2059 5107 2076 5177 )
2106 5126 2117 5159 :
2147 5117 2199 5161 et
2228 5123 2410 5161 rursus
2432 5148 2445 5169 ,
2480 5106 2595 5158 Non
2626 5116 2698 5158 est
2722 5109 2959 5164 ,roluutas
2977 5115 3097 5157 ante
3117 5107 3319 5162 Patrem
3347 5121 3433 5158 ve-

1853 5211 2030 5267 strum,
2057 5201 2140 5257 qui
2172 5200 2221 5250 in
2252 5200 2388 5251 cretis
2419 5209 2486 5251 est
2509 5240 2522 5260 ,
2564 5209 2616 5249 ut
2651 5207 2817 5264 pereat
2843 5215 2971 5248 unus
3001 5198 3061 5249 de
3088 5197 3284 5266 pusillis
3324 5198 3434 5250 istis

1852 5290 1974 5358 (Id.
2034 5292 2117 5344 18.
2170 5290 2279 5359 ﬂ).
2327 5291 2516 5342 Aulion
2574 5288 2731 5357 igitur
2781 5287 3066 5340 absurdum
3101 5298 3201 5347 est,
3234 5286 3276 5338 si
3311 5302 3430 5340 cum

1850 5382 2092 5436 Christus
2120 5381 2425 5448 pusillorum
2456 5388 2652 5430 tantam
2678 5394 2856 5430 curam
2883 5385 3049 5445 gf‘l'll,
3079 5391 3175 5428 nos
3201 5391 3296 5430 eos
3325 5391 3433 5443 prm

1851 5471 2048 5525 desidia
2072 5467 2510 5522 conteumatnus?
2533 5466 2648 5519 Noli
2680 5468 2778 5518 hoc
2803 5465 3001 5526 dicere,
3027 5480 3162 5518 unus
3187 5475 3286 5526 est,
3313 5463 3432 5531 sed,

1853 5576 1987 5614 unus
2032 5566 2366 5626 contemptus
2399 5557 2639 5609 morbum
2689 5557 3013 5610 transmittet
3052 5554 3117 5607 ad
3161 5563 3433 5608 caeteros:

1854 5651 2110 5704 Modicum
2138 5651 2268 5701 enim
2300 5653 2629 5718 fermentum,
2665 5647 2829 5714 inquit
2853 5689 2866 5710 ,
2897 5656 3050 5698 totum
3078 5661 3294 5698 massam
3321 5648 3433 5714 fer-

1851 5752 2035 5794 mentat
2063 5739 2202 5810 (Gal.
2228 5741 2276 5795 5.
2307 5739 2382 5806 9).
2410 5741 2580 5807 Atque
2611 5737 2710 5791 hoc
2740 5747 2824 5791 est
2867 5735 3007 5804 quod
3046 5737 3222 5787 omnia
3264 5739 3442 5800 perdit

1849 5850 1911 5888 ac
1956 5833 2214 5896 destruit,
2266 5829 2403 5901 quod
2449 5830 2666 5901 pusillos
2714 5843 3107 5899 aspernemur:
3154 5835 3434 5894 propterea
