4178 6324
670 400 775 455 865

675 531 863 584 inagna
892 514 1021 570 ηυηι
1047 515 1246 581 ulcera,
1273 513 1724 586 quemadmodum
1755 513 1864 568 fere
1895 517 1971 579 ιιι,
1997 523 2052 567 ut
2079 528 2266 583 magna

674 609 802 661 fiant
826 609 1046 679 exigua,
1080 608 1123 662 si
1152 606 1480 662 conveniens
1507 621 1632 661 cura
1661 606 1730 660 sit
1757 604 2013 659 adhibita.

749 694 897 754 Nihil,
937 697 1254 751 contentione
1294 698 1440 768 pejus
1485 697 1537 750 in
1583 694 1931 750 Ecclesia.—-
1957 695 2069 750 lloc
2111 695 2269 764 igitur

676 788 900 855 primum
949 789 1052 843 illis
1093 789 1355 852 dicimus,
1400 789 1743 844 contentione
1791 803 2067 858 pugnaque
2117 787 2269 858 pejus

674 879 804 936 nihil
841 895 992 946 esse,
1023 887 1116 934 aut
1153 880 1196 934 si
1230 879 1468 936 Ecclesia
1508 880 1862 950 disecrpatur,
1889 889 1942 934 et
1974 879 2148 933 tunica
2178 893 2265 945 ea,

672 989 828 1041 quant
855 971 1188 1042 disrumpere
1220 973 1456 1028 latrones
1506 989 1611 1026 non
1643 974 1755 1026 ausi
1787 982 1942 1038 sunt,
1977 973 2027 1025 in
2070 971 2266 1025 multas

674 1072 848 1131 partes
873 1062 1159 1118 dividatur.
1189 1063 1304 1118 Non
1336 1063 1604 1118 sufﬁciunt
1635 1063 1853 1140 reliqum
1883 1064 2136 1126 haereses,
2167 1064 2264 1116 nisi

672 1172 770 1209 nos
820 1155 917 1224 ipsi
969 1173 1065 1210 nos
1107 1156 1458 1212 dividamus?
1500 1156 1614 1210 Non
1648 1164 1702 1210 tu
1734 1156 1953 1210 Paulum
1998 1153 2265 1208 dicentem

670 1247 823 1303 audis
843 1290 856 1311 ,
899 1248 1049 1315 Quod
1077 1249 1120 1303 si
1150 1248 1360 1302 invicem
1391 1247 1653 1312 mordetis,
1686 1256 1732 1300 et
1758 1247 2017 1301 comeditis
2041 1285 2056 1311 ,
2107 1246 2268 1298 videte

671 1358 734 1394 ne
761 1343 823 1394 ab
853 1343 1062 1395 inuicem
1092 1340 1462 1396 consumamini
1492 1339 1646 1412 (Gal.
1677 1341 1725 1396 5.
1757 1339 1860 1411 15)
1889 1341 1910 1392 ?
1945 1339 2110 1392 Extra
2139 1353 2263 1407 grc-

670 1450 788 1499 gem
829 1435 1105 1497 ambulas,
1152 1443 1206 1489 et
1254 1433 1464 1488 leonem
1514 1433 1642 1487 foris
1686 1434 2102 1488 circumeuntem
2159 1446 2262 1483 non

673 1526 871 1579 times?
915 1526 1248 1580 Adversarius
1293 1528 1424 1580 enim
1469 1537 1631 1580 vester
1676 1536 1927 1595 tamquam
1960 1523 2036 1577 leo
2061 1525 2260 1590 circuit,

672 1618 863 1685 inquit,
893 1618 1101 1687 rugiens
1125 1627 1170 1671 et
1199 1635 1449 1687 quwrens,
1476 1634 1622 1686 quem
1649 1616 1813 1685 rapiat
1842 1617 1918 1682 (ι.
1943 1613 2078 1668 Pelr.
2107 1617 2157 1670 5-
2184 1614 2258 1684 8).

674 1706 805 1761 Vide
848 1709 1164 1777 sapientiam
1199 1709 1427 1777 pastoris
1457 1726 1471 1762 :
1505 1722 1676 1776 neque
1719 1707 1928 1776 reliquit
1957 1707 2100 1760 intus
2127 1708 2264 1760 inter

669 1812 798 1849 oves
822 1839 837 1864 ,
885 1813 953 1853 ne
991 1813 1209 1868 gregem
1241 1797 1682 1867 perterrefaceret
1711 1814 1723 1848 :
1755 1813 1928 1867 neque
1971 1798 2037 1850 ab
2066 1798 2264 1851 exteris

670 1889 802 1941 locis
826 1888 1037 1957 abegit,
1072 1899 1128 1943 ut
1177 1889 1369 1944 bellum
1399 1899 1541 1942 metu
1583 1899 1804 1943 cunctos
1844 1892 1984 1942 intus
2023 1899 2261 1958 cogeret.

669 1975 783 2031 Non
833 1979 1100 2033 revereris
1146 1980 1398 2048 patrem?
1439 1977 1714 2033 Inimicum
1747 1979 2032 2034 reformida
2063 1998 2076 2033 :
2106 1981 2149 2032 si
2182 1992 2262 2033 te-

672 2070 843 2135 ipsum
876 2084 903 2121 a
944 2056 1104 2140 grege
1132 2071 1412 2135 ﬂVlliSL‘l'iS,
1461 2070 1552 2124 ille
1595 2071 1712 2125 sine
1739 2069 1902 2126 dubio
1933 2083 1983 2125 te
2009 2071 2260 2141 excipiet.

672 2161 886 2216 Poterat
928 2162 1141 2231 quidem
1174 2162 1332 2215 etiam
1361 2163 1429 2216 ab
1465 2162 1663 2217 exteris
1690 2162 1822 2216 locis
1849 2163 1994 2216 illum
2022 2162 2264 2217 Christus

669 2252 884 2322 abigere
917 2270 931 2305 :
973 2252 1066 2307 sed
1114 2263 1168 2306 ut
1217 2253 1458 2308 efﬁceret
1491 2263 1547 2307 ut
1575 2253 1854 2324 vigilarcs.
1901 2270 1963 2308 ac
2004 2256 2265 2310 sollicitus

668 2358 838 2409 essce,
886 2353 1046 2413 atque
1081 2345 1158 2397 ad
1208 2355 1430 2399 matrem
1476 2360 1690 2413 semper
1730 2344 2085 2415 confugeres,
2135 2345 2265 2400 foris

673 2433 822 2487 illum
854 2435 1030 2502 rngire
1062 2435 1320 2503 permisit,
1354 2444 1409 2488 ut
1444 2437 1533 2504 qui
1573 2445 1695 2489 sunt
1728 2436 1889 2499 intus,
1921 2438 2044 2490 dum
2078 2452 2262 2491 vocem

669 2526 812 2580 illius
837 2526 1080 2590 audiunt,
1115 2528 1283 2599 magis
1309 2531 1644 2598 copulentur,
1670 2539 1719 2583 et
1750 2529 1814 2582 ad
1844 2545 1901 2585 se
1928 2539 2113 2583 mutuo
2137 2546 2265 2583 con-

669 2616 890 2686 fugiant.
937 2619 1008 2672 Ita
1040 2635 1252 2688 quoque
1295 2629 1493 2674 matres
1524 2619 1719 2674 faciunt
1748 2621 2037 2675 liberorttm
2076 2636 2264 2673 aman-

671 2719 771 2771 tes.
804 2710 993 2765 ﬂentes
1024 2711 1312 2766 infantulos
1344 2711 1648 2782 frequenter
1677 2729 1736 2767 se
1764 2714 1900 2781 lupis
1932 2713 2264 2767 devorandos

670 2799 976 2866 objecturas
1007 2801 1299 2867 minantur,
1331 2820 1437 2855 non
1467 2814 1523 2856 ut
1549 2803 1887 2872 objiciautur,
1917 2804 2008 2859 sed
2037 2813 2093 2857 ut
2117 2805 2264 2858 desi-

671 2900 800 2945 nant
844 2891 1124 2962 indiguari.
1177 2894 1463 2962 Propterea
1509 2894 1751 2948 Christus
1795 2897 1972 2949 omnia
2019 2895 2163 2961 fecit,
2211 2905 2266 2950 ut

671 2998 855 3051 pacem
883 2983 1143 3046 colamus.
1178 2993 1232 3038 ut
1259 2985 1529 3054 conjuncti
1569 2985 1707 3039 inter
1734 3000 1832 3040 nos
1860 2988 2049 3040 simus.

740 3074 794 3130 2.
840 3074 1043 3131 Idcirco
1091 3077 1252 3131 etiam
1306 3077 1500 3133 Paulus
1554 3093 1674 3132 cum
1730 3079 2033 3135 Corinthios
2087 3081 2267 3134 multis

670 3167 984 3236 magnisque
1005 3167 1071 3221 de
1101 3168 1259 3222 rebus
1286 3184 1539 3224 accusare
1563 3179 1740 3239 posset
1763 3185 1824 3223 ac
1845 3170 2261 3240 reprehendere,

670 3259 810 3311 nulla
842 3258 908 3312 de
956 3275 1012 3312 re
1053 3259 1153 3312 alia
1188 3259 1354 3325 prius,
1387 3276 1544 3330 quun
1588 3261 1655 3316 de
1699 3262 2113 3314 ista-accusavit.
2160 3261 2264 3316 Sed

668 3367 789 3405 cum
823 3352 888 3406 de
930 3351 1280 3408 fornicatione
1313 3364 1493 3422 posst-t
1535 3356 1650 3407 illos
1690 3371 1972 3418 accusare,
2014 3357 2081 3410 de
2111 3371 2262 3410 arro-

669 3443 868 3510 gantia,
893 3442 960 3498 de
991 3444 1225 3512 profanis
1252 3445 1488 3512 judiciis,
1526 3445 1593 3499 de
1620 3447 1877 3499 conviviis
1905 3448 1956 3500 iu
1989 3448 2124 3501 fanis
2154 3447 2266 3500 ido-

673 3533 867 3595 lorum,
892 3537 1138 3605 quodque
1162 3537 1414 3591 mulieres
1437 3537 1649 3606 quidem
1676 3539 1848 3606 capita
1878 3556 1980 3591 non
2005 3539 2264 3601 vclarent,

672 3626 917 3680 homines
958 3639 1133 3684 autem
1177 3629 1226 3683 id
1273 3640 1521 3699 agerent,
1563 3639 1614 3684 et
1646 3647 1765 3684 cum
1809 3630 1891 3684 his
1922 3631 2170 3684 omnibus
2198 3630 2268 3683 ob

672 3719 969 3785 neglectum
1001 3735 1293 3788 pauperum
1321 3733 1374 3774 et
1404 3722 1638 3774 innatam
1674 3723 1775 3775 illis
1796 3721 1864 3774 ob
1889 3723 2025 3774 dona
2051 3723 2267 3790 spiritus

671 3809 1062 3878 arrogantiam,
1115 3822 1167 3865 et
1213 3811 1280 3866 de
1327 3828 1611 3880 Corporum
1661 3815 2100 3867 resurrectione:
2146 3828 2266 3867 cum

671 3901 831 3953 etiam
864 3912 1056 3969 pra-ter
1086 3903 1200 3957 hinc
1229 3906 1406 3958 omnia
1441 3917 1616 3974 posset
1653 3907 1770 3959 illos
1800 3906 1869 3959 ob
1898 3906 2270 3960 contentiusies

674 4008 736 4044 ac
766 3993 981 4046 dissidia
1026 3995 1164 4049 inter
1195 3995 1316 4049 illos
1345 4006 1530 4050 esurta
1565 3999 1826 4067 Castigare
1846 4039 1860 4062 ,
1898 3998 2268 4064 [ll‘;l‘ll.'l‘llli>'5i5

673 4084 885 4137 caeteris
916 4086 1163 4140 omnibus
1206 4087 1336 4140 illttd
1383 4089 1529 4157 prius
1575 4088 1811 4155 corrigit.
1863 4092 1938 4140 Ae
1987 4089 2085 4142 nisi
2137 4091 2270 4142 forte

677 4173 857 4231 videar
885 4175 1098 4228 laudium
1141 4191 1349 4245 parere,
1382 4177 1432 4230 id
1462 4193 1527 4232 ex
1559 4178 1686 4247 ipsis
1714 4177 1856 4230 Pauli
1886 4179 2063 4231 \erbis
2089 4188 2271 4232 osten-

673 4265 818 4321 tiztttl.
851 4281 972 4318 cum
1001 4265 1070 4320 de
1094 4268 1341 4324 omnibus
1370 4270 1475 4322 illis
1505 4286 1599 4323 eos
1629 4279 1809 4340 posset
1834 4287 2105 4338 accusare,
2140 4273 2267 4325 nihil

674 4375 782 4426 pra:
817 4359 919 4412 isto
947 4373 1246 4416 correctum
1290 4362 1357 4418 ab
1389 4363 1478 4417 illo
1508 4363 1694 4418 fuisse.
1741 4363 1872 4417 Nam
1907 4363 2026 4417 illos
2053 4365 2268 4434 quidem

672 4467 792 4506 esse
825 4448 1113 4509 fornicatus
1141 4454 1260 4509 attdi
1294 4472 1399 4525 quo
1429 4464 1583 4525 pacto
1612 4466 1791 4511 narret
1819 4474 1832 4509 :
1870 4456 2090 4510 Omnino
2117 4459 2270 4509 audi—

672 4554 753 4596 tur
781 4545 910 4598 inter
950 4561 1034 4599 vos
1072 4548 1341 4616 fornicatio
1369 4548 1388 4616 (
1412 4549 1462 4601 1.
1487 4546 1608 4602 Cor.
1633 4549 1685 4603 5.
1713 4550 1735 4601 l
1767 4549 1807 4614 ).
1853 4548 2020 4602 Porro
2062 4549 2273 4604 inﬂatos

673 4639 835 4692 etiam
865 4639 985 4693 illos
1011 4640 1174 4695 fuisse
1195 4681 1209 4703 ,
1242 4651 1294 4694 et
1323 4641 1374 4694 in
1405 4641 1709 4711 superbiam
1746 4643 1916 4696 elatos
1947 4661 1959 4695 :
1990 4641 2271 4714 Tamquam

675 4749 777 4785 non
801 4743 1038 4788 uenturus
1064 4736 1159 4787 sint
1183 4735 1250 4786 ad
1277 4751 1384 4799 vos,
1408 4735 1481 4788 sic
1510 4735 1678 4804 inﬂati
1717 4744 1833 4788 sunt
1856 4737 2063 4801 quidam
2105 4736 2269 4806 (Ibid.

676 4827 729 4879 ι.
757 4825 866 4898 18).
895 4826 1045 4894 Quod
1088 4835 1269 4880 autem
1315 4840 1498 4880 rursus
1543 4825 1693 4892 foris,
1745 4837 1799 4880 et
1840 4828 1976 4894 apud
2022 4827 2273 4896 profanos

671 4919 875 4991 judicio
920 4918 1308 4974 contenderent
1353 4917 1794 4988 :Audetaliquis
1825 4930 2040 4972 vestrum
2086 4920 2273 4973 habens

677 5012 930 5080 negotium
966 5011 1203 5064 adversus
1244 5009 1458 5088 qlterum
1477 5010 1707 5079 judicari
1738 5011 1877 5080 apud
1905 5011 2134 5077 inﬁdeles
2164 5010 2269 5080 (llr.

676 5108 728 5155 ti.
760 5103 811 5172 1)
833 5102 855 5139 ν
885 5101 1035 5167 Quod
1065 5112 1239 5155 autem
1275 5101 1565 5176 idplothyta
1593 5102 1960 5166 comederent,
1990 5102 2108 5154 Non
2133 5113 2274 5170 pote-

677 5193 767 5245 stis
798 5209 981 5244 mensa!
1013 5190 1215 5243 Domini
1245 5170 1513 5260 pdrticipcs
1543 5208 1669 5255 esse,
1703 5201 1748 5245 et
1779 5208 1962 5246 mensa!
1991 5193 2272 5246 dwmonio-

679 5302 789 5335 runt
846 5282 950 5351 (Ib.
1007 5284 1089 5338 10.
1142 5283 1257 5352 21).
1299 5284 1557 5352 Quodque
1598 5283 1850 5336 mulieres
1902 5284 2121 5336 minime
2177 5298 2273 5336 ve-

681 5378 934 5436 larentnr,
966 5376 1056 5428 sed
1093 5377 1190 5428 viri
1217 5387 1400 5428 contra
1434 5377 1754 5440 volarentur,
1787 5376 1906 5428 audi
1939 5376 2132 5444 quibus
2157 5389 2273 5427 ver-

681 5466 760 5520 bis
803 5483 896 5521 eos
938 5468 1207 5534 castiget:
1256 5467 1433 5518 Omnis
1479 5467 1551 5517 vir
1594 5483 1781 5529 orans,
1829 5476 1917 5517 aut
1967 5468 2275 5534 proli/potans

677 5564 838 5616 relato
861 5565 1041 5630 capite,
1068 5565 1303 5627 detnrpat
1331 5572 1480 5630 caput
1508 5579 1654 5614 suum
1682 5578 1700 5615 :
1722 5563 1881 5615 omnis
1902 5573 2066 5614 autem
2095 5560 2274 5612 mulier

679 5673 828 5707 orans
858 5667 943 5706 aut
973 5657 1279 5722 prophetam
1321 5672 1419 5706 non
1449 5655 1610 5707 velato
1641 5655 1823 5721 capite,
1853 5655 2088 5723 deturpal
2118 5664 2271 5722 caput

679 5764 825 5800 suum
854 5746 957 5808 (Ib.
1004 5747 1086 5801 II.
1129 5746 1180 5799 ι.
1223 5748 1300 5813 5).
1327 5747 1394 5800 At
1445 5747 1562 5799 illos
1593 5761 1853 5814 pauperes
1879 5749 2273 5816 Contempsisse

679 5844 1008 5918 significavit
1045 5842 1202 5896 etiam
1252 5855 1373 5897 cum
1425 5841 1554 5897 dixit
1603 5858 1612 5895 :
1655 5841 1798 5895 Aiius
1841 5841 2042 5912 qaidcnt
2093 5843 2268 5904 csurit,

1424 401 1482 458 S.
1522 401 1802 458 JOANNIS
1839 398 2313 456 CHRYSUSTOMI
2352 397 2672 454 ABCHIZSP.
2716 397 3251 454 CONSTANTINOP.

3879 406 3987 459 8M

2381 509 2517 563 alius
2546 520 2712 563 autem
2744 510 2909 564 ebrius
2939 521 3010 564 est
3039 511 3114 583 (l.
3138 509 3257 567 Cor.
3287 513 3372 568 11.
3396 511 3491 586 21)
3521 533 3533 567 :
3567 522 3619 567 et
3648 529 3856 580 rursus,
3879 517 3986 573 Aut

2379 602 2663 656 Ecclesiam
2695 602 2787 656 Dei
2813 605 3134 658 contemnitis
3155 645 3169 669 ,
3199 615 3246 658 et
3275 605 3593 676 confunditis
3618 624 3704 662 eos
3723 650 3738 670 ,
3768 611 3853 677 qui
3881 627 3986 664 non

2381 696 2568 749 habent
2594 693 2703 765 (Ib.
2728 712 2777 749 ο.
2805 696 2901 766 22)
2927 699 2949 750 ?
2989 697 3252 764 Quoniam
3281 709 3461 753 autem
3489 700 3554 753 ad
3599 701 3801 771 majora
3842 697 3988 758 dona

2378 788 2557 843 cuncti
2583 787 2777 858 cupide
2805 789 3153 856 accedebant,
3176 799 3231 844 et
3251 791 3459 844 minora
3488 807 3647 846 nemo
3669 794 3984 863 recipiebat,

2377 879 2455 934 sic
2479 879 2555 934 ait
2580 899 2594 936 :
2619 878 2884 950 Numquid
2908 897 3080 935 omnes
3104 881 3326 950 apostoli
3347 883 3372 934 ?
3394 884 3643 951 numquid
3663 901 3838 938 omnes
3862 902 3990 955 pro-

2377 970 2542 1039 phetae
2592 969 2696 1044 (Ib.
2725 971 2813 1025 12.
2835 971 2993 1042 99)⁶ἲ
3047 972 3215 1027 Porro
3264 971 3332 1026 de
3387 974 3785 1030 resurrectione
3844 991 3991 1046 quo-

2376 1079 2481 1132 que
2510 1064 2782 1119 dubitasse
2812 1067 2929 1120 illos
2957 1082 3020 1119 ex
3055 1067 3135 1120 his
3167 1068 3387 1137 colliges
3420 1086 3433 1122 :
3463 1067 3570 1123 Sed
3610 1069 3743 1124 dicet
3774 1072 3989 1140 aliquis,

2374 1159 2624 1224 quomodo
2645 1169 2914 1228 resurgant
2937 1161 3123 1212 mortui
3144 1160 3169 1213 ?
3189 1162 3330 1227 quali
3352 1171 3521 1214 autem
3543 1179 3756 1232 corpore
3777 1165 3992 1216 veniunt

2377 1250 2483 1321 (Ib.
2532 1253 2620 1307 15.
2659 1253 2795 1322 35)?
2829 1252 3204 1308 Verumtamen
3237 1270 3361 1309 cum
3409 1256 3573 1309 multa
3631 1266 3816 1325 posset
3876 1258 3989 1312 illis

2373 1342 2501 1396 vitio
2529 1352 2738 1397 vertere
2761 1385 2774 1402 .
2809 1343 2938 1396 nihil
2979 1344 3028 1397 ci
3058 1344 3153 1397 fuit
3183 1345 3474 1412 antiquius,
3504 1361 3662 1414 quam
3695 1357 3751 1400 ut
3780 1349 3848 1401 de
3873 1348 3990 1402 dis-

2373 1433 2509 1485 sidio
2536 1448 2589 1487 et
2615 1436 2959 1488 contentione
2987 1450 3108 1487 cum
3142 1435 3245 1488 illis
3272 1445 3452 1503 ageret
3481 1452 3494 1488 :
3521 1437 3698 1503 itaque
3723 1440 3834 1503 jam
3861 1439 3988 1493 inde

2372 1541 2401 1576 ει
2435 1524 2690 1593 principio
2714 1525 2953 1594 cpistohe
2978 1525 3054 1578 sic
3082 1526 3154 1578 ait
3180 1543 3191 1576 :
3220 1525 3440 1579 Obsecro
3468 1536 3635 1579 autem
3657 1544 3744 1579 vos
3773 1528 3986 1595 fratres,

2374 1634 2462 1686 per
2489 1635 2668 1670 nomen
2699 1618 2906 1671 Domini
2938 1618 3097 1671 nostri
3120 1617 3155 1670 .I
3162 1635 3246 1670 esu
3272 1616 3482 1684 Christi,
3512 1629 3567 1670 ut
3594 1620 3818 1688 idipsum
3841 1619 3988 1671 dica-

2373 1712 2435 1762 tis
2474 1726 2664 1773 omncs,
2693 1720 2737 1762 cl
2768 1727 2869 1763 non
2913 1710 3013 1763 sint
3066 1712 3117 1762 in
3149 1710 3285 1763 vobis
3335 1711 3611 1763 schismata
3659 1710 3985 1783 (Ib.l.lll).

2371 1802 2586 1855 Sciebat
2631 1802 2848 1871 quippe,
2896 1801 3100 1854 sciebat
3149 1800 3314 1869 probe
3365 1803 3466 1854 hoc
3510 1816 3630 1855 esse
3679 1801 3823 1872 quod
3870 1817 3987 1870 pra:

2371 1896 2582 1945 cieteris
2624 1894 2863 1961 urgebat.
2907 1891 3222 1946 Foruicator
3262 1893 3305 1945 si
3348 1891 3654 1962 frequenter
3695 1892 3747 1946 in
3786 1891 3983 1947 Eccle-

2371 1983 2502 2035 siam
2538 1983 2898 2052 ingrediatur,
2942 1992 2995 2036 et
3028 1983 3293 2052 superbus
3315 2022 3331 2047 ,
3380 1992 3472 2036 aut
3516 1984 3605 2052 qui
3637 1982 3766 2037 vitio
3791 1985 3986 2053 quovis

2370 2076 2476 2130 alio
2505 2075 2731 2138 laboret,
2767 2076 2904 2140 cito,
2937 2075 3065 2131 dum
3095 2076 3308 2131 assidue
3335 2077 3574 2132 doctrina
3608 2077 3822 2144 fruitur,
3853 2079 3986 2133 illud

2371 2168 2624 2236 expellet,
2674 2178 2727 2223 et
2774 2170 3051 2238 pristinam
3097 2170 3320 2240 recipiet
3367 2170 3650 2226 sanitatem
3685 2173 3818 2242 :qui
3854 2189 3986 2227 vero

2371 2260 2606 2329 seipsnm
2639 2262 2705 2313 ab
2752 2261 2854 2315 hoc
2895 2273 3161 2316 conventu
3193 2263 3509 2332 sejunxerit,
3563 2271 3616 2316 et
3659 2263 3877 2318 Patrum
3923 2282 3986 2319 se

2371 2353 2632 2407 tiOCll'illtc
2662 2354 3023 2419 subtraxerit,
3054 2365 3213 2424 atque
3244 2373 3272 2408 a
3316 2355 3505 2410 medici
3549 2355 3762 2409 officina
3795 2357 3984 2426 procul

2373 2449 2681 2506 recesserit.
2706 2449 2949 2517 quamvis
2973 2463 3106 2501 sano
3125 2462 3351 2517 Corpore
3373 2463 3492 2501 esse
3515 2447 3776 2513 videatur,
3801 2463 3988 2518 quam-

2374 2543 2601 2608 primum
2633 2541 2683 2593 in
2725 2540 2970 2593 morbum
3004 2541 3223 2594 incidet.
3263 2540 3327 2594 Et
3357 2541 3810 2610 quem:nlino~..’.um
3841 2544 3986 2610 Opti-

2373 2648 2491 2685 Inus
2517 2631 2789 2693 medicus,
2821 2631 3001 2685 sedata
3034 2631 3180 2698 prius
3206 2641 3258 2685 ct
3287 2633 3549 2685 exsuneta
3585 2631 3748 2696 febri,
3781 2631 3984 2686 deinde

2371 2723 2643 2775 ulceribus
2669 2737 2731 2775 ac
2759 2722 3099 2791 ruptionibns
3125 2740 3152 2773 ιι
3177 2722 3365 2776 edetur
3389 2739 3403 2775 :
3432 2722 3498 2774 ita
3530 2721 3652 2775 fecit
3678 2731 3730 2775 et
3761 2723 3984 2786 Paulus,

2375 2814 2518 2881 prius
2567 2812 2906 2865 dissemiozie
2949 2813 3178 2876 sublata,
3229 2822 3336 2865 tum
3383 2812 3596 2865 deorum
3644 2796 3985 2880 singulorum

2374 2903 2589 2956 vulnera
2639 2903 3000 2957 membrorum
3049 2903 3274 2956 curavit.
3328 2903 3617 2971 Propterea
3660 2919 3875 2972 quoque
3911 2903 3986 2958 dc

2374 2995 2476 3048 hoc
2503 3006 2628 3048 ante
2661 2994 2838 3048 omnia
2870 2994 3032 3048 verba
3067 2995 3211 3058 facit,
3249 3003 3304 3047 ut
3344 3010 3517 3063 neque
3561 2995 3697 3047 inter
3725 3009 3784 3047 se
3813 2993 3986 3047 dissic

2373 3087 2553 3146 deant,
2591 3101 2761 3154 neque
2803 3085 3047 3152 ιιι-ομισίοέ
3087 3085 3187 3137 sibi
3218 3094 3455 3138 rectores
3491 3085 3800 3153 aSsignent,
3845 3099 3988 3140 neve

2374 3178 2566 3228 ιιιιιῖιτι-
2600 3177 2649 3229 in
2681 3191 2859 3244 partes
2902 3175 3138 3229 dividant
3173 3175 3370 3230 Christi
3399 3189 3610 3243 corpus.
3647 3175 3769 3228 lla-c
3794 3183 3985 3229 autem

2376 3285 2480 3320 non
2514 3268 2617 3320 illis
2656 3269 2830 3321 Soltttll
2861 3266 3068 3320 diccbat
3091 3309 3105 3333 ,
3135 3266 3228 3320 sed
3256 3277 3309 3321 ct
3349 3265 3431 3319 his
3459 3274 3579 3334 post
3621 3265 3736 3319 illos
3763 3265 3857 3335 qui
3881 3280 3986 3319 eo-

2374 3361 2496 3413 dem
2521 3361 2707 3412 morbo
2733 3359 2997 3424 laborant,
3019 3375 3149 3426 quos
3167 3358 3415 3426 eqttidcm
3438 3358 3737 3411 sciscitarcr
3761 3357 3983 3422 lubens,

2374 3451 2498 3516 quid
2530 3449 2598 3502 sit
2629 3450 2865 3512 Pascha,
2909 3449 3032 3516 quid
3064 3449 3134 3501 sit
3159 3446 3619 3517 Quadragesima?
3659 3458 3710 3500 et
3749 3446 3875 3515 qu‘d
3910 3449 3989 3502 sit

2373 3541 2652 3593 .lutlairum
2678 3581 2691 3601 ,
2726 3539 2852 3609 quid
2897 3541 2964 3592 sit
3014 3549 3253 3591 nostrum
3287 3557 3300 3593 :
3331 3548 3422 3593 aut
3451 3555 3608 3608 (μιειιι
3652 3539 3720 3592 ob
3759 3554 3986 3593 causam

2377 3633 2501 3684 illud
2545 3632 2760 3700 quidem
2805 3631 2971 3685 semel
3015 3633 3168 3685 annis
3210 3631 3435 3701 singulis
3480 3631 3660 3695 lit-ret,
3711 3632 3810 3685 hoc
3851 3648 3987 3685 vero

2375 3725 2596 3792 singulis
2643 3724 2691 3775 in
2723 3723 2962 3776 collectis
2993 3722 3300 3776 celebretur
3328 3740 3342 3776 :
3375 3722 3499 3792 quid
3533 3725 3629 3776 sibi
3668 3722 3828 3777 velint
3854 3737 3989 3793 azy—

2377 3832 2483 3875 ma,
2529 3824 2582 3868 et
2612 3816 2712 3868 alia
2761 3815 2841 3867 his
2883 3815 3049 3867 multo
3095 3813 3244 3882 plura
3269 3856 3282 3876 ,
3315 3829 3431 3882 qtae
3462 3813 3527 3866 ad
3563 3815 3664 3868 hoc
3709 3813 3990 3882 pertinent.

2376 3914 2770 3975 argmncntum.
2806 3905 2940 3958 Tum
2968 3920 3096 3958 vero
3127 3905 3290 3973 probe
3322 3906 3679 3973 cognoscetis,
3709 3920 3864 3973 quam
3899 3907 3987 3959 in-

2380 3999 2692 4065 tenq-estiva
2743 3997 2953 4050 iflorum
2999 3997 3068 4049 sit
3113 3997 3424 4060 coateutio,
3472 3996 3559 4064 qui
3610 4011 3673 4048 ne
3717 3997 3986 4050 rationem

2377 4089 2592 4156 quidem
2638 4087 2862 4141 reddere
2904 4088 2970 4140 de
3020 4087 3124 4140 illis
3169 4096 3393 4157 pssunt
3421 4104 3542 4152 tptze
3593 4086 3821 4153 faciunt,
3855 4087 3988 4142 licet

2379 4181 2625 4233 oumibus
2657 4182 2756 4234 sint
2790 4180 3162 4249 sapientiores,
3199 4196 3372 4250 neque
3401 4181 3610 4233 discant
3652 4197 3713 4234 ex
3746 4182 3985 4246 eaeteiis,

2379 4271 2518 4340 quod
2548 4271 2907 4324 damnandum
2939 4282 3019 4326 cst
3059 4273 3288 4323 maxime
3309 4311 3323 4336 ,
3373 4287 3491 4323 eum
3524 4286 3620 4324 nec.
3654 4272 3750 4338 ipsi
3783 4270 3983 4336 sciant,

2380 4378 2553 4430 neque
2583 4376 2677 4414 eos
2713 4363 2800 4430 qui
2848 4362 3020 4415 sciunt
3070 4362 3232 4414 duces
3263 4371 3553 4431 sequantur
3577 4403 3592 4426 ,
3640 4361 3732 4414 Sed
3775 4374 3988 4417 temere

2381 4453 2699 4507 iucousult:c
2732 4453 2939 4504 cuidam
2969 4452 3343 4506 consuetudini
3389 4468 3475 4506 res
3507 4468 3630 4506 suas
3663 4453 3988 4522 germitten-

2383 4555 2462 4598 tes
2491 4546 2539 4597 in
2570 4544 2816 4597 barathra
2846 4553 2899 4598 et
2932 4545 3220 4612 praecipitia
3251 4544 3510 4597 ferantur.

2454 4640 2505 4692 5.
2531 4639 2659 4703 Quis
2687 4654 2847 4705 porro
2879 4639 3090 4706 sapiens
3117 4646 3199 4690 est
3237 4637 3445 4690 illorum
3476 4652 3673 4702 sermo,
3716 4653 3836 4692 cum
3865 4638 3987 4695 haec

2384 4727 2488 4781 illis
2519 4728 2841 4797 olijicinms?
2873 4727 2999 4790 Vos,
3046 4727 3290 4795 inquiunt
3315 4770 3328 4793 ,
3366 4743 3541 4781 nonne
3579 4729 3678 4780 hoc
3718 4729 3986 4797 jejunium

2382 4832 2540 4872 antea
2587 4818 2996 4872 observabatis?
3045 4818 3153 4870 lloe
3197 4833 3322 4870 vero
3372 4828 3517 4870 tuum
3567 4834 3670 4870 non
3721 4830 3800 4873 est
3850 4821 3988 4875 milii

2383 4912 2584 4974 dicere,
2612 4910 2702 4962 sed
2731 4909 2829 4961 hoc
2859 4909 2971 4976 ipse
3001 4909 3090 4960 tibi
3118 4908 3237 4976 jure
3263 4906 3517 4972 dixerim,
3545 4924 3575 4960 n
3601 4927 3639 4959 is
3667 4925 3877 4978 quoque
3907 4913 3988 4966 sic

2383 5015 2537 5058 antea
2565 5006 2858 5069 jejunaSse,
2892 5013 3258 5056 verumtamen
3292 5012 3591 5068 temporum
3622 5003 3986 5058 observationi

2384 5096 2770 5166 prmferetulam
2799 5095 3140 5148 Concordiam
3167 5096 3443 5147 censuisse
3471 5113 3483 5149 :
3512 5095 3760 5165 quodque
3781 5097 3989 5154 Calatis

2381 5191 2594 5244 dicebat
2630 5188 2826 5242 Paulus
2848 5227 2861 5246 .
2899 5187 2998 5240 hoc
3038 5198 3089 5240 et
3121 5186 3269 5238 Vobis
3300 5187 3413 5255 ipse
3453 5187 3573 5238 dicn
3607 5205 3619 5239 :
3654 5186 3828 5241 Estotc
3855 5190 3991 5242 sicut

2383 5299 2494 5352 ego,
2526 5284 2644 5352 quia
2672 5291 2713 5333 et
2743 5297 2833 5349 ego
2861 5280 2986 5332 sicut
3015 5297 3101 5331 vos
3127 5277 3268 5345 (Gal.
3297 5280 3348 5332 4.
3378 5278 3486 5346 12).
3517 5279 3651 5346 Quid
3684 5278 3784 5334 hoc
3827 5298 3992 5349 porro

2382 5375 2480 5428 sibi
2512 5372 2670 5427 vult‘t
2699 5372 3038 5425 Persuaserat
3067 5371 3197 5435 illis,
3227 5379 3282 5421 ut
3310 5387 3334 5419 a
3368 5370 3776 5424 circumcisione
3806 5371 3957 5425 disce

2384 5467 2594 5525 derent.
2626 5466 2839 5519 sabbata
2869 5473 3301 5532 aspernarentur,
3339 5473 3391 5516 et
3428 5462 3543 5516 dies
3572 5472 3625 5516 et
3659 5464 3762 5516 alia
3793 5476 3994 5517 cmicta

2386 5560 2515 5629 legis
2545 5559 2781 5610 instituta
2810 5576 2822 5610 :
2852 5556 3068 5620 deinde,
3092 5553 3342 5624 quoniam
3380 5555 3495 5608 illos
3521 5557 3694 5608 vereri
3728 5554 3992 5609 cernebat

2382 5668 2444 5706 ac
2473 5650 2858 5715 reformidare,
2902 5665 2968 5702 nc
3009 5647 3149 5703 forte
3195 5648 3636 5716 transgressionis
3679 5663 3891 5716 poenam
3927 5665 3996 5704 ac

2383 5747 2701 5813 supplicium
2749 5746 3116 5805 sustinerent,
3160 5756 3256 5794 suo
3306 5741 3409 5794 illis
3451 5741 3699 5808 exemplo
3746 5743 3990 5797 animum

2383 5841 2546 5902 addit,
2582 5856 2699 5895 cum
2730 5839 2795 5893 ait
2825 5879 2837 5903 ,
2870 5837 3037 5890 listotc
3065 5836 3189 5889 sicut
3226 5850 3347 5905 rgo,
3375 5834 3493 5904 quia
3525 5843 3567 5886 et
3599 5850 3689 5905 ego
3717 5848 3844 5887 sicut
3877 5851 3985 5890 uos.
