4150 6352
199 409 316 462 86-3

200 529 354 584 Num
385 531 528 585 enim
565 547 627 586 ex
668 530 951 602 gentibus,
1002 531 1196 600 inquit,
1242 531 1404 584 veni?
1449 529 1583 584 Num
1633 529 1816 597 legalis

201 625 638 678 conversationis
667 625 944 695 imperitus
972 640 1117 677 eram
1147 665 1159 686 ,
1201 633 1292 677 aut
1330 639 1501 693 pugna:
1545 639 1661 692 qua:
1705 623 1818 690 lege

207 715 735 784 tt'ansgrt-dieutilms
793 725 875 769 est
929 715 1256 785 proposita?
1311 713 1554 767 llebrtcus
1599 731 1710 766 sum
1756 728 1820 766 ea:

209 807 470 872 Hebra’is,
504 810 775 861 secundum
805 809 964 878 legem
1000 806 1294 860 I’hariswus
1315 849 1329 871 ,
1360 806 1632 858 secundum
1657 821 1818 857 temu-

209 901 456 954 lationem
500 917 799 972 persequens
833 899 1162 954 Ecclesium:
1195 899 1287 953 sed
1314 914 1425 967 qua:
1455 898 1577 950 mihi
1610 903 1816 968 fuerunt

210 992 362 1045 lucra
381 1029 397 1056 ,
429 993 534 1044 hwc
565 992 838 1044 arbitratus
863 1009 974 1044 sum
1001 999 1206 1062 prapter
1231 990 1490 1044 Christum
1521 991 1819 1043 detrimenta

215 1084 236 1150 (
263 1080 498 1150 Philipp.
524 1083 574 1137 5η
603 1084 702 1137 5-7
728 1084 766 1151 ).
813 1082 924 1137 Hoc
955 1093 1054 1148 est,
1107 1083 1271 1137 semel
1303 1081 1372 1136 ab
1421 1082 1526 1135 illis
1572 1081 1816 1136 discessi.

212 1177 408 1231 Estote
435 1193 562 1248 ergo
590 1179 725 1232 sicut
752 1186 806 1231 et
829 1192 927 1246 ego
958 1193 972 1231 :
1001 1192 1119 1230 nam
1146 1185 1200 1230 et
1221 1177 1359 1230 sicut
1385 1191 1478 1228 vos
1504 1191 1672 1228 eram.

295 1267 513 1323 Nica'ua
563 1270 805 1340 Synodus
851 1273 913 1323 de
964 1269 1220 1324 Paschate
1264 1270 1520 1324 decretum
1569 1270 1704 1340 fecit.
1750 1298 1821 1310 -—-

212 1359 359 1426 Quid
389 1369 562 1414 autem
591 1361 658 1414 de
684 1376 770 1414 me
801 1360 1034 1429 loquor?
1061 1359 1306 1415 Trecenti
1344 1357 1531 1413 Patres
1554 1362 1635 1414 vel
1657 1359 1816 1414 etiam

215 1453 426 1521 plures,
459 1467 579 1506 cuin
609 1455 662 1505 in
705 1453 922 1521 regione
955 1451 1218 1523 Bithynia:
1257 1452 1669 1514 convenissent,
1706 1450 1821 1503 hac

213 1542 576 1598 decreverunt
609 1561 621 1596 :
657 1554 710 1597 et
741 1554 791 1596 ut
829 1543 948 1597 illos
978 1557 1168 1596 omnes
1201 1542 1397 1611 probro
1426 1540 1598 1594 aflicis
1625 1543 1638 1592 ι
1674 1541 1818 1593 Duo-

213 1653 344 1690 rum
388 1637 529 1692 enim
571 1636 836 1699 alterum,
883 1643 974 1688 aut
1022 1634 1143 1690 illos
1193 1633 1418 1688 inscitia:
1465 1633 1817 1696 condemnas,

215 1729 374 1799 quasi
425 1744 527 1782 nou
573 1732 703 1782 satis
732 1737 983 1783 accurate
1028 1729 1336 1792 novissent,
1370 1739 1461 1781 aut
1502 1727 1818 1792 timiditatis,

214 1823 371 1892 quasi
406 1823 678 1876 novissent
708 1823 954 1892 quidem,
1002 1823 1096 1877 sed
1127 1821 1560 1876 dissimulascnt
1588 1837 1651 1876 ac
1682 1821 1820 1874 veri-

217 1925 388 1968 tatem
420 1915 796 1984 prodidissent.
831 1915 963 1967 Cum
1001 1915 1144 1968 enim
1186 1929 1290 1967 non
1320 1924 1429 1967 stes
1461 1915 1522 1967 iis
1546 1955 1559 1977 ,
1608 1930 1726 1980 qua:
1755 1914 1822 1966 ab

219 2006 329 2059 illis
358 2006 568 2060 decreta
601 2015 759 2070 sunt,
795 2005 908 2060 lure
934 2005 1113 2060 omnia
1145 2014 1458 2074 sequuntur.
1490 2004 1664 2057 Multae
1697 2019 1821 2056 veto

215 2099 498 2166 sapientia:
547 2113 611 2152 ac
655 2099 982 2153 fortitudinis
1028 2098 1308 2168 specimen
1359 2097 1427 2152 ab
1467 2097 1573 2151 illis
1617 2097 1818 2151 editum

218 2188 384 2242 fuisse
419 2199 530 2243 tum
573 2190 862 2258 temporis,
904 2192 1082 2244 omnia
1113 2205 1234 2258 qua:
1261 2190 1508 2245 accidere
1536 2197 1818 2244 testantur.

216 2282 354 2336 Nam
384 2282 700 2349 sapientiam
741 2282 955 2353 quidem
987 2281 1200 2336 illorum
1226 2323 1240 2346 ,
1283 2298 1402 2352 qua:
1431 2291 1543 2336 tum
1574 2281 1711 2336 edita
1741 2292 1824 2335 est

221 2375 358 2428 fides
389 2374 617 2438 indicat,
662 2389 782 2444 qua:
812 2384 866 2428 et
897 2374 1271 2428 haereticorum
1318 2390 1379 2428 os
1418 2375 1722 2440 obturavit,
1768 2382 1825 2427 et

221 2473 496 2535 tamquam
544 2474 732 2520 murus
762 2464 1187 2536 inexpugnabilis
1220 2480 1407 2520 omnes
1440 2465 1651 2519 illorum
1691 2464 1823 2517 insi-

218 2556 340 2610 dias
387 2557 718 2626 propulsavit
758 2573 773 2611 :
818 2557 1184 2612 fortitudinem
1229 2566 1406 2612 autem
1453 2557 1818 2626 pcrquuutio,

219 2663 341 2715 quae
369 2647 530 2718 paulo
555 2658 679 2702 ante
708 2647 893 2703 sedata
925 2648 1129 2712 fuerat,
1161 2659 1213 2703 et
1243 2649 1384 2717 quod
1415 2648 1672 2702 Ecclesiis
1701 2646 1822 2701 fue-

219 2746 304 2790 rat
337 2739 538 2792 illatum
569 2739 788 2794 bellum.

296 2830 512 2884 Patrum
556 2830 886 2886 Niramorum
935 2833 1181 2903 dignitas.
1225 2862 1300 2873 -—
1337 2832 1628 2902 Tamquam
1677 2833 1820 2886 enim

217 2925 429 2980 strenui
458 2925 673 2995 quidam
703 2925 1009 2986 bellatores,
1041 2926 1336 2980 innumeris
1365 2928 1582 2994 trapaeis
1602 2925 1819 2991 erectis,

219 3030 284 3070 ac
313 3017 493 3070 multis
521 3017 760 3086 exceptis
787 3018 1097 3071 vulneribus
1115 3059 1129 3081 ,
1161 3018 1394 3087 undique
1421 3028 1530 3072 tum
1555 3018 1822 3072 Ecclesia-

221 3125 340 3164 rum
359 3109 615 3180 przrsules
634 3111 1037 3165 revertebantur
1053 3109 1296 3180 stigmata
1310 3110 1506 3165 Clu-isti
1526 3118 1818 3179 portantes,

217 3202 310 3269 qui
344 3202 568 3269 plurima
599 3210 845 3271 poterant
888 3216 1209 3255 enumerare
1236 3201 1516 3271 supplicia,
1546 3217 1663 3271 qua:
1692 3216 1817 3256 con-

219 3293 470 3349 fessionis
521 3309 647 3363 ergo
695 3294 1074 3348 toleraverant.
1124 3294 1396 3363 Siquidem
1442 3295 1530 3346 alii
1573 3302 1821 3363 poterant

219 3388 438 3443 metalla
477 3403 717 3449 narrare,
750 3403 812 3442 ac
839 3388 1115 3450 miserias,
1149 3402 1282 3457 quas
1311 3387 1379 3440 ibi
1414 3389 1554 3455 passi
1586 3389 1816 3452 fuerant,

219 3481 310 3534 alii
336 3480 598 3535 bonorum
626 3479 863 3533 omnium
897 3478 1286 3548 publicationes
1306 3520 1320 3543 ,
1351 3478 1436 3531 alii
1467 3478 1660 3531 famem
1681 3519 1696 3539 ,
1729 3477 1818 3530 alii

221 3573 518 3642 frequentia
548 3573 803 3636 vulnera,
851 3571 977 3625 dum
1028 3571 1149 3624 aliis
1192 3571 1358 3624 latera
1403 3568 1813 3634 deraderentur,

218 3667 338 3720 aliis
379 3674 524 3734 terga
555 3664 1017 3720 contunderentur
1040 3705 1053 3727 ,
1087 3664 1174 3717 alii
1213 3663 1439 3717 effossos
1466 3664 1652 3716 oculos
1677 3705 1691 3729 ,
1727 3664 1814 3716 alii

220 3767 369 3827 parte
394 3746 570 3826 aliqua
597 3757 839 3827 corporis
869 3765 1085 3825 propter
1112 3755 1382 3810 Clu-istum
1411 3770 1468 3809 se
1499 3754 1666 3809 fuisse
1695 3773 1816 3808 lllll-

220 3848 400 3903 tilatos
436 3857 689 3926 poterant
730 3848 988 3903 iudicare.
1018 3850 1193 3918 Atque
1234 3864 1300 3903 ex
1343 3847 1424 3901 his
1454 3849 1670 3901 athletis
1700 3847 1815 3901 col-

221 3942 353 3995 lecta
382 3950 492 3995 tum
521 3940 692 3995 fuerat
726 3941 966 4011 synodus
996 3941 1263 4002 universa,
1311 3940 1692 4010 communique
1718 3939 1815 3993 de-

219 4035 460 4090 finitione
510 4035 630 4090 fidei
686 4035 788 4088 hoc
835 4049 1049 4104 quoque
1106 4033 1498 4098 decreverunt,
1553 4043 1606 4085 ut
1657 4033 1815 4086 simul

219 4143 432 4199 unoque
454 4143 721 4184 consensu
763 4127 957 4183 festum
1001 4127 1140 4181 istud
1184 4128 1566 4182 celebraretur.
1607 4127 1815 4194 Ergone

217 4221 306 4291 qui
353 4219 510 4275 fidem
543 4220 872 4290 temporibus
916 4219 1052 4273 adeo
1081 4204 1390 4273 diflicilibus
1422 4235 1527 4271 non
1561 4217 1812 4286 prodide-

221 4322 377 4378 ruttt,
420 4311 476 4366 hi
519 4319 742 4381 propter
781 4303 987 4365 dierum
1029 4310 1462 4366 observationem
1507 4311 1814 4362 dissimula-

221 4405 364 4459 tione
408 4405 483 4458 uti
529 4404 860 4473 potueruut?
906 4403 1036 4458 Vide
1080 4403 1204 4472 quid
1251 4417 1416 4472 agas,
1459 4402 1585 4455 dum
1637 4413 1816 4455 tantos

221 4495 404 4552 Patres
434 4494 763 4551 condemnas
785 4537 799 4560 ,
833 4494 966 4549 adeo
1013 4495 1209 4557 fortes,
1240 4495 1481 4563 adeoque
1521 4494 1810 4562 sapientes.

219 4587 350 4643 Nam
396 4587 441 4642 si
489 4587 828 4658 publicanum
876 4585 1240 4641 condeumans
1286 4586 1589 4640 Phariszcus
1636 4584 1811 4638 onmia

221 4679 356 4734 bona
387 4678 638 4748 perdidit,
681 4694 800 4747 qua:
827 4677 1059 4731 habebat
1087 4696 1099 4729 :
1132 4693 1234 4746 qua
1265 4679 1420 4730 venia
1451 4677 1640 4745 dignus
1663 4720 1676 4741 ,
1708 4692 1811 4744 qua

220 4768 527 4824 defensione
555 4771 884 4838 censcbcris,
917 4769 1006 4839 qui
1036 4769 1296 4823 adversus
1324 4777 1402 4836 tot
1429 4768 1680 4823 doctores
1707 4769 1814 4822 Dt-o

219 4877 390 4928 caros,
441 4863 599 4934 idque
648 4863 839 4932 injuria
879 4873 934 4917 ct
981 4873 1166 4916 contra
1212 4865 1474 4923 rationem
1527 4862 1814 4931 insurgas?

222 4953 331 5008 Non
357 4953 549 5010 audisti
577 4955 847 5009 Christum
881 4955 1169 5020 dicentem,
1208 4953 1306 5008 Ubi
1333 4956 1435 5007 duo
1464 4956 1539 5008 ret
1568 4965 1668 5008 tres
1696 4963 1814 5009 sunt

221 5050 270 5102 ia
298 5048 499 5102 nomine
546 5066 654 5102 meo
698 5050 1011 5120 congregati,
1063 5048 1131 5100 ibi
1173 5065 1288 5100 sum
1331 5049 1383 5101 in
1429 5050 1595 5101 medio
1639 5065 1812 5102 eorum

225 5137 431 5211 (Matth.
462 5138 547 5194 18.
571 5137 704 5210 20)⁹
728 5139 877 5206 Quod
906 5140 949 5193 si
979 5138 1066 5193 ubi
1094 5139 1199 5192 duo
1229 5148 1403 5195 tresve
1427 5151 1572 5206 sunt,
1603 5140 1811 5194 medius

221 5240 298 5285 est
325 5231 570 5285 Christus
603 5249 615 5284 :
651 5232 737 5284 ubi
782 5232 1006 5285 trecenti
1049 5247 1112 5285 ac
1143 5232 1310 5286 multo
1353 5231 1536 5301 plures
1564 5233 1807 5298 aderant,

222 5325 384 5381 multo
413 5324 580 5394 magis
605 5323 794 5378 aderat
817 5367 830 5386 ,
863 5327 1151 5395 omniaque
1182 5326 1494 5396 designat-at
1526 5343 1588 5381 ac
1617 5328 1810 5383 decer-

223 5413 395 5470 nebat.
429 5415 498 5468 At
538 5422 594 5469 tu
642 5429 748 5469 non
793 5417 912 5470 illos
963 5426 1167 5470 tantum
1208 5418 1575 5485 condemnas,
1621 5420 1716 5474 sed
1755 5427 1811 5474 et

219 5509 400 5566 orbem
430 5519 692 5566 terrarum
723 5515 1028 5568 universum
1047 5555 1062 5576 ,
1088 5515 1181 5584 qui
1227 5517 1548 5575 sententiam
1594 5517 1805 5575 illorum

221 5604 600 5674 comprobavit.
641 5606 726 5659 An
771 5622 896 5661 vero
935 5607 1154 5664 .liulzeos
1199 5609 1359 5663 etiam
1394 5610 1626 5665 universi
1658 5613 1805 5669 orbis

225 5703 477 5751 terrarum
506 5695 752 5753 Patribus
781 5699 1132 5768 sapientiores
1172 5701 1448 5756 arbitraris
1470 5743 1486 5768 ,
1534 5701 1802 5771 homines,

224 5785 452 5856 inquam,
483 5788 670 5860 patriis
700 5791 888 5845 ritibus
913 5793 1165 5858 orbatos,
1199 5804 1255 5850 et
1281 5795 1370 5865 qui
1399 5811 1468 5852 ne
1500 5796 1664 5850 ullum
1690 5797 1810 5866 qui-

225 5878 334 5935 dem
365 5883 556 5939 festum
585 5881 902 5940 celebrant?
950 5884 1080 5940 Natu
1130 5902 1227 5943 nec
1271 5886 1412 5958 apud
1460 5887 1581 5945 illos
1619 5903 1806 5962 azyma

963 419 1026 474 IN
1067 418 1194 474 EOS
1231 417 1347 486 QUI
1386 417 1649 474 P.\SCll.\
1691 415 2057 473 JEJUNANT.
2102 419 2476 476 ADVERSUS
2514 419 2659 477 JUD.
2703 421 2785 476 Ill.

3418 415 3524 470 305

1930 545 2078 593 essm
2122 546 2219 586 nec
2253 532 2449 586 Pascha
2488 531 2705 602 (multos
2731 531 2926 602 quippe
2951 533 3128 588 dicere
3173 534 3310 589 istud
3360 537 3520 591 audio

1927 623 2124 674 l’asi-lia
2154 637 2273 676 esse
2317 640 2436 677 cum
2479 626 2712 694 azyma),
2760 624 2851 677 sed
2902 625 3039 694 apud
3088 626 3206 679 illos
3251 642 3354 680 nou
3398 642 3521 682 esse

1923 730 2131 783 azyma,
2161 731 2221 767 ex
2257 715 2338 767 bis
2368 713 2685 783 legislatoris
2715 716 2888 768 verbis
2918 716 3144 784 collige,
3177 714 3298 768 Non
3329 717 3520 785 poteri.

1925 807 1987 858 tis
2015 806 2179 874 facere
2204 806 2401 860 I’uscha
2431 807 2482 858 in
2513 807 2618 859 ulla
2647 808 2840 858 urbium
2873 817 3094 874 tuarum,
3125 824 3248 874 quas
3273 807 3522 860 Dominus

1926 898 2061 951 Deus
2090 909 2206 952 tuus
2227 901 2313 951 dat
2339 899 2423 951 tibi
2444 941 2458 961 ,
2488 899 2577 952 sed
2607 900 2655 951 in
2688 899 2816 957 loco.
2849 899 2898 951 in
2927 915 3025 965 quo
3051 903 3339 952 invocotum
3367 900 3522 970 fuerit

1924 1009 2104 1045 nomen
2147 994 2258 1062 ejus
2298 991 2470 1063 (Deut.
2499 991 2584 1046 l6.
2613 994 2663 1045 5.
2688 996 2744 1060 6)
2776 1010 2787 1044 :
2817 992 2884 1046 de
2925 992 3225 1048 Jerusalem
3273 993 3519 1061 loquens.

1928 1082 2086 1136 Vides
2115 1100 2221 1153 quo
2252 1093 2425 1152 pacto,
2453 1099 2572 1137 cum
2613 1084 2665 1137 in
2699 1100 2855 1137 unam
2904 1083 3088 1137 urbem
3131 1083 3323 1138 festum
3357 1084 3526 1138 inclu-

1923 1174 2102 1240 sisset,
2148 1175 2400 1242 deinceps
2427 1187 2476 1228 et
2511 1175 2678 1243 ipsam
2712 1175 2898 1229 urbem
2928 1175 3183 1230 everterit
3204 1217 3216 1237 ,
3251 1184 3306 1228 ut
3335 1177 3413 1230 vel
3443 1176 3528 1230 in-

1924 1268 2060 1322 vitos
2109 1267 2228 1322 illos
2275 1269 2342 1320 ab
2388 1267 2471 1320 illa
2522 1268 2778 1337 religione
2827 1269 3146 1322 revocaret?
3195 1267 3332 1322 Nulli
3381 1269 3525 1322 enim

1925 1358 2141 1414 dubium
2168 1400 2181 1423 ,
2227 1361 2354 1429 quin
2401 1360 2539 1414 Deus
2569 1377 2687 1430 qua:
2727 1371 2882 1414 erant
2911 1371 3303 1430 Consequutura
3336 1361 3531 1431 pra:vi-

1925 1451 2095 1506 deret.
2125 1451 2292 1518 Quam
2327 1451 2485 1519 igitur
2515 1450 2584 1504 ob
2611 1465 2824 1505 causam
2855 1451 2961 1505 illic
2991 1468 3085 1507 eos
3115 1466 3179 1506 ex
3213 1459 3324 1506 toto
3354 1458 3530 1505 terrav

1925 1560 2044 1597 rum
2073 1543 2205 1596 orbe
2230 1545 2590 1612 congregavit,
2613 1558 2734 1597 cum
2761 1542 2872 1597 fore
2896 1541 3232 1611 praevideret,
3258 1551 3313 1595 ut
3338 1541 3529 1596 civitas

1926 1637 2259 1692 vastaretur?
2294 1638 2487 1690 Annon
2518 1637 2640 1690 hinc
2672 1637 2836 1705 liquet
2863 1636 3009 1690 illutn
3041 1636 3152 1690 tolli
3185 1636 3526 1689 festivitatem

1928 1727 2201 1782 voluisse?
2237 1729 2372 1783 Deus
2413 1728 2556 1782 illam
2580 1727 2828 1792 sustulit,
2863 1737 2917 1780 et
2947 1737 3000 1780 tu
3025 1726 3238 1781 .ludzcos
3280 1726 3525 1791 sectaris,

1925 1820 1991 1872 de
2021 1820 2210 1889 quibus
2243 1821 2313 1872 ait
2344 1812 2621 1888 praphrta;
2655 1818 2722 1873 Et
2750 1820 2860 1889 quis
2885 1835 3080 1882 crocus,
3111 1819 3208 1871 nisi
3237 1818 3381 1888 pueri
3408 1818 3527 1883 mei,

1925 1925 1970 1966 et
1997 1914 2181 1967 surdus
2205 1955 2216 1976 ,
2252 1915 2347 1966 nisi
2391 1915 2477 1982 qui
2520 1914 2849 1966 dominantur
2887 1929 3059 1966 eorum
3091 1909 3244 1984 (lsai.
3271 1910 3361 1964 42.
3395 1909 3529 1978 19)?

1928 2008 2065 2078 Erga
2098 2023 2255 2078 quem
2285 2005 2428 2059 enim
2461 2007 2534 2060 illi
2579 2023 2683 2060 non
2732 2006 2946 2060 fuerunt
2977 2005 3168 2075 ingrati
3200 2019 3261 2058 ac
3288 2001 3530 2073 stupidi?

1926 2118 2050 2171 erga
2083 2101 2386 2172 apostolos,
2418 2115 2541 2168 erga
2572 2099 2892 2169 prophetas,
2926 2111 3048 2166 erga
3081 2095 3334 2150 doctores
3358 2094 3530 2148 suos?

1925 2194 2060 2261 Quid
2089 2203 2265 2246 autem
2295 2208 2425 2260 opus
2452 2201 2531 2245 est
2553 2190 2619 2243 de
2647 2189 2957 2244 doctoribus
2981 2203 3042 2243 ac
3070 2187 3345 2257 prophetis
3367 2187 3528 2242 verba

1929 2285 2136 2346 facere,
2180 2300 2298 2336 cum
2330 2293 2382 2335 et
2413 2283 2556 2351 ipsos
2587 2282 2784 2335 liberos
2812 2296 2938 2335 suos
2965 2279 3303 2335 occiderint?
3335 2279 3529 2333 humo-

1929 2376 2101 2429 Iarunt
2131 2375 2272 2427 enim
2309 2374 2446 2427 filios
2475 2388 2600 2427 suos
2631 2383 2683 2427 et
2727 2373 2860 2427 tilias
2892 2388 3016 2427 suas
3045 2373 3327 2427 daemoniis
3354 2371 3527 2445 (Psal.

1931 2469 2050 2522 105.
2080 2469 2144 2523 57
2169 2470 2206 2537 ).
2251 2468 2504 2522 Naturam
2541 2469 2852 2533 ignorarunt
2876 2509 2890 2532 ,
2937 2483 3064 2522 num
3097 2467 3255 2537 igitur
3276 2508 3291 2533 ,
3324 2482 3528 2537 qua-so,

1928 2563 2042 2617 dies
2063 2571 2214 2614 erant
2236 2561 2614 2615 observaturi?
2647 2561 3100 2630 Propinquitatem
3125 2562 3528 2627 COIICItlt'al‘lllIl,

1927 2665 1980 2708 et
2013 2638 2240 2706 liliorunt
2272 2653 2420 2706 obliti
2451 2662 2608 2714 sunt,
2644 2653 2732 2706 llci
2765 2653 2952 2722 ipsius,
2986 2669 3014 2706 a
3046 2668 3152 2721 quo
3179 2653 3377 2707 conditi
3412 2652 3530 2707 fue-

1929 2755 2069 2807 rant,
2098 2755 2222 2798 sunt
2251 2745 2419 2798 obliti.
2452 2743 2617 2797 Deum
2645 2744 2813 2807 enim,
2849 2745 3038 2813 inquit,
3068 2744 3379 2814 dereliquisti
3398 2786 3411 2806 ,
3444 2744 3531 2814 qui

1929 2851 1975 2891 te
1999 2847 2275 2908 genuerat,
2323 2847 2369 2890 et
2406 2837 2589 2890 oblitus
2619 2854 2668 2890 cs
2708 2835 2800 2888 Dei
2831 2837 3099 2890 nutrientis
3129 2847 3174 2890 te
3213 2838 3231 2905 (
3257 2834 3410 2889 Deut.
3436 2835 3528 2891 52.

1929 2929 1995 2984 18
2017 2931 2053 2999 ).
2093 2929 2260 2982 Deum
2293 2929 2690 2997 dereliqoerunt
2711 2968 2728 2992 ,
2771 2936 2824 2981 et
2854 2927 3222 2982 solemnitates
3250 2936 3404 2982 erant
3430 2928 3524 2981 oh-

1927 3023 2232 3078 servaturi?
2274 3022 2403 3090 Quis
2432 3021 2531 3075 hoe
2561 3021 2744 3074 dicat?
2785 3021 3058 3090 Siquidem
3095 3019 3339 3075 Christus
3366 3025 3525 3076 etiam

1925 3116 2123 3172 idcirco
2152 3131 2272 3170 cum
2306 3116 2410 3170 illis
2455 3115 2656 3170 Pascha
2704 3115 2861 3179 fecit,
2905 3129 3010 3169 non
3053 3123 3107 3168 ut
3148 3129 3245 3167 uos
3276 3131 3395 3167 cum
3425 3114 3530 3166 iliis

1928 3208 2205 3272 faciamus,
2234 3209 2325 3262 sed
2358 3217 2413 3260 ιιι
2442 3223 2534 3276 per
2558 3206 2798 3259 umbram
2826 3206 3102 3260 veritatem
3137 3205 3525 3258 introduceret.

1925 3299 2054 3353 Nam
2085 3307 2140 3352 ct
2165 3297 2624 3353 cireutncisionetn
2656 3311 2844 3367 passus
2869 3306 2985 3360 est,
3019 3305 3073 3351 et
3098 3295 3315 3350 sabbata
3347 3311 3528 3350 serva-

1923 3393 2034 3457 vit,
2083 3402 2138 3446 et
2181 3392 2308 3445 festa
2357 3391 2680 3453 celebravit,
2713 3400 2768 3444 et
2796 3405 2981 3461 azyma
3013 3389 3278 3451 comedit,
3311 3399 3366 3442 et
3413 3389 3526 3441 lure

1924 3485 2104 3538 omnia
2141 3484 2490 3555 Jerosolymis
2532 3485 2771 3553 peregit;
2821 3483 2912 3537 sed
2948 3483 3076 3536 nulli
3124 3494 3298 3536 tamen
3334 3484 3523 3536 horum

1924 3593 2022 3632 nos
2051 3578 2264 3632 obnoxii
2297 3593 2481 3631 sumus
2503 3621 2516 3642 ,
2548 3593 2608 3632 ac
2636 3580 2828 3632 clamat
2860 3576 3057 3630 Paulus
3087 3576 3299 3638 dicens,
3335 3575 3395 3629 Si
3425 3593 3527 3627 Cir-

1921 3669 2280 3722 cumcidamiui
2299 3709 2316 3734 ,
2347 3669 2577 3723 Christus
2602 3669 2742 3720 vobis
2771 3668 2901 3720 nihil
2941 3667 3166 3735 proderit
3196 3665 3338 3733 (Gal.
3363 3667 3412 3722 5.
3442 3665 3523 3736 2).

1925 3762 1990 3816 Ει
2015 3761 2082 3816 de
2110 3764 2313 3832 azymis
2341 3777 2545 3823 rursus,
2578 3761 2759 3830 Itaque
2784 3763 2964 3831 festum
2989 3760 3316 3824 celebremus,
3346 3776 3445 3812 non
3471 3761 3522 3812 in

1921 3859 2166 3925 fermento
2191 3855 2371 3918 veteri,
2407 3871 2563 3924 neque
2597 3854 2646 3906 iu
2682 3854 2926 3925 fermento
2955 3853 3163 3905 malitia!
3189 3861 3234 3905 et
3263 3852 3520 3918 nequitiat,

1921 3947 2010 4000 sed
2047 3947 2098 3999 in
2138 3948 2330 4017 azymis
2373 3946 2675 4000 sinceritatis
2720 3956 2765 3997 et
2806 3945 3032 3998 veritatis
3077 3944 3171 4014 (1.
3196 3942 3313 3997 Cor.
3339 3945 3394 3997 5.
3425 3944 3523 4010 8).

1919 4041 2110 4097 Nostra
2141 4041 2283 4095 enim
2328 4055 2510 4110 azyma
2552 4049 2674 4091 sunt
2701 4053 2812 4090 non
2848 4036 3015 4090 farina
3062 4036 3384 4096 commixta,
3430 4034 3525 4088 sed

1919 4133 2258 4188 conversatio
2284 4132 2489 4185 sincera
2520 4143 2570 4184 et
2605 4131 2706 4182 vita
2739 4146 2831 4197 per
2860 4128 3110 4181 virtutem
3143 4136 3431 4182 transncta.

1990 4225 2046 4278 4.
2085 4222 2191 4277 Cur
2234 4223 2460 4276 Christus
2504 4221 2707 4274 Pascha
2753 4219 3016 4272 celebrat-it
3058 4217 3150 4271 illo
3198 4227 3526 4286 tempore.—

1919 4316 2087 4382 Quam
2123 4314 2280 4383 igitur
2305 4315 2373 4366 ob
2403 4328 2619 4367 causam
2660 4321 2691 4366 t:
2717 4328 2767 4363 tu
2799 4310 3052 4380 temporis
3083 4309 3202 4362 fecit
3232 4309 3521 4366 Christus?

1919 4407 2180 4474 Quonlam
2213 4416 2360 4461 vetus
2405 4404 2605 4459 Pascha
2641 4405 2796 4457 futuri
2842 4414 2956 4456 erat
3006 4403 3193 4471 figura,
3241 4402 3520 4456 veritatem

1919 4508 2102 4552 autem
2126 4499 2359 4566 oportuit
2385 4497 2506 4550 addi
2531 4497 2732 4564 ﬁgttru‘,
2757 4511 2878 4550 cum
2905 4495 3052 4563 prius
3081 4494 3322 4548 umbram
3347 4505 3521 4548 osten-

1920 4589 2108 4652 disset,
2143 4590 2418 4644 veritatem
2462 4587 2656 4641 deinde
2704 4588 2754 4640 in
2802 4587 2990 4640 eadem
3037 4600 3222 4638 mensa
3275 4585 3519 4639 induxit:

1924 4699 2082 4752 porro
2106 4683 2215 4751 jam
2250 4681 2393 4734 illata
2425 4681 2670 4743 veritate,
2703 4679 2890 4733 umbra
2938 4677 3196 4745 deinceps
3238 4679 3524 4731 abscondi-

1921 4787 2024 4840 tur,
2056 4791 2229 4845 neqne
2253 4775 2362 4845 jam
2390 4774 2620 4842 amplius
2649 4772 2959 4844 tempestiva
2991 4783 3092 4825 est.
3127 4771 3242 4824 Noli
3269 4787 3397 4840 ergo
3421 4770 3521 4825 hoc

1921 4867 2233 4930 obtendere,
2261 4869 2353 4922 sed
2400 4866 2529 4920 mihi
2559 4865 2688 4920 illud
2719 4863 2963 4928 ostende,
2999 4863 3067 4916 ita
3099 4862 3212 4916 lieri
3243 4862 3519 4916 Christum

1913 4960 2159 5030 jussisse.
2207 4960 2336 5013 Nam
2385 4975 2484 5030 ego
2523 4958 2736 5028 quidem
2765 4957 3090 5011 contrarium
3130 4953 3376 5019 ostendo,
3414 4971 3516 5008 non

1920 5055 2079 5109 modo
2111 5069 2215 5108 non
2252 5054 2480 5121 jussisse
2509 5052 2624 5106 dies
2651 5051 2949 5114 observari,
2997 5049 3089 5104 sed
3122 5051 3282 5104 etiam
3324 5050 3389 5101 ah
3422 5049 3521 5103 liae

1921 5164 2019 5201 nos
2051 5147 2372 5201 necessitate
2403 5145 2679 5200 liberasse.
2711 5141 2844 5197 Audi
2875 5158 3004 5196 sane
3030 5142 3154 5210 qttid
3200 5142 3341 5194 dieat
3386 5141 3521 5194 l’au-

1919 5239 2024 5305 lus,
2057 5253 2177 5293 cmn
2208 5254 2334 5292 vero
2361 5237 2581 5291 Paulum
2600 5236 2740 5301 dico,
2762 5235 2882 5289 dico
2903 5232 3172 5287 Christqu
3201 5252 3212 5286 :
3246 5233 3357 5300 ipse
3375 5234 3516 5286 enim

1918 5340 2000 5385 cst
2025 5331 2115 5400 qui
2146 5329 2295 5384 Pauli
2323 5319 2555 5382 anim'am
2587 5335 2799 5381 movet:
2829 5326 2956 5396 quid
3006 5325 3165 5395 igitur
3210 5325 3309 5377 istc.
3353 5324 3519 5378 dicit?

1915 5423 2039 5477 Dies
2067 5423 2338 5477 obsert'atis
2365 5431 2409 5474 et
2445 5437 2659 5484 menses,
2704 5429 2751 5473 et
2779 5429 3026 5488 tempora,
3057 5427 3102 5472 et
3131 5433 3311 5470 annos.
3342 5415 3518 5470 Timeo

1916 5533 2022 5580 vos,
2052 5534 2115 5570 ne
2142 5516 2273 5586 forte
2297 5516 2406 5570 sine
2433 5531 2586 5568 causa
2627 5513 2958 5567 laboraverint
3007 5513 3059 5565 in
3105 5513 3244 5565 vobis
3283 5509 3426 5576 (Cal.
3460 5511 3513 5564 ι.

1917 5611 2006 5667 10.
2037 5610 2125 5682 Η)
2151 5629 2165 5665 :
2189 5621 2242 5665 et
2264 5623 2467 5674 rursus,
2499 5607 2920 5677 Quotiescumque
2934 5607 3318 5663 manducabitis
3333 5621 3514 5674 panem

1913 5705 2066 5768 hunc,
2097 5715 2145 5759 et
2171 5705 2379 5758 calicem
2408 5704 2600 5768 bibetis,
2648 5712 2860 5756 mortem
2906 5702 3107 5754 Donum
3149 5700 3514 5753 annuntiabitis

1919 5798 1995 5869 (1.
2039 5797 2159 5853 Cor.
2194 5799 2279 5853 il.
2312 5796 2429 5868 26).
2472 5797 2912 5863 Quotiescumque
2961 5808 3092 5847 vero
3137 5808 3259 5847 cum
3293 5791 3507 5854 dixerit,

1914 5891 2156 5963 permisit
2189 5891 2292 5946 hoc
2320 5890 2438 5962 ejus
2465 5888 2706 5958 arbitrio,
2734 5888 2820 5961 qui
2848 5887 3076 5953 accedit,
3105 5898 3335 5957 eumque
3364 5881 3511 5938 omni
