4150 6352
646 431 750 488 807

637 531 845 593 dierum
874 531 1243 586 observatione
1267 531 1542 587 liberavit.
1578 531 1708 607 Non
1754 532 1897 587 enim
1929 532 2068 588 idem
2100 539 2224 585 sunt

640 622 844 677 Pascha
882 634 934 677 et
981 621 1392 692 Quadragesma
1434 622 1568 677 :sed
1616 622 1757 678 aliud
1808 624 2031 700 Pascha,
2078 621 2223 677 aliud

639 712 1052 787 Quadragesima
1077 732 1090 768 :
1118 713 1376 784 siquidem
1394 714 1801 783 Quadragesima
1819 707 1987 770 semel
2007 717 2056 768 in
2084 732 2223 768 anno

640 806 719 869 tit,
755 790 954 861 Pascha
986 808 1058 875 (η)
1084 823 1208 861 vero
1234 818 1313 861 ter
1342 810 1392 861 in
1425 808 1750 863 hebdomada
1776 850 1792 874 ,
1827 825 2222 878 nonnumquam

637 899 799 952 etiam
822 906 1028 967 quater,
1055 898 1135 951 vel
1168 901 1343 965 potius
1368 900 1805 969 quotiescumque
1834 901 2097 953 volumus.
2127 900 2225 955 Est

638 987 778 1045 enim
802 987 1000 1041 Pascha
1021 1003 1125 1041 non
1144 989 1427 1057 jejunium,
1449 989 1541 1043 sed
1560 990 1781 1053 oblatio,
1801 998 1855 1044 et
1874 988 2220 1055 sacriﬁcium,

601 1080 776 1148 ~qnod
812 1080 860 1132 in
892 1081 1113 1147 singulis
1141 1082 1195 1133 tit
1220 1081 1479 1135 collectis.
1512 1081 1622 1135 Iloc
1648 1091 1824 1135 autem
1857 1082 1925 1133 ita
1955 1097 2095 1145 esse,
2117 1082 2220 1135 col-

638 1172 738 1239 lige
760 1187 824 1224 ex
858 1170 939 1223 bis
962 1170 1108 1225 Pauli
1140 1172 1332 1243 verbis,
1366 1172 1565 1225 Pascha
1585 1184 1808 1226 nostrum
1836 1190 1927 1241 pro
1957 1172 2097 1227 nobis
2125 1174 2223 1226 im-

636 1264 853 1317 molatus
878 1274 949 1317 cst
974 1263 1202 1318 Christus
1246 1267 1319 1337 (l.
1360 1266 1474 1319 Cor.
1518 1267 1551 1321 5
1597 1267 1674 1333 7),
1717 1278 1767 1321 et
1803 1267 2223 1338 Quotiescumque

634 1356 1001 1409 manducabitis
1049 1374 1228 1426 panem
1273 1357 1422 1416 hunc.
1469 1368 1515 1410 et
1547 1360 1752 1411 culicem
1792 1360 1983 1429 bibatis,
2010 1370 2221 1412 mortem

642 1445 845 1500 Domini
889 1448 1252 1502 annuntiabitis
1301 1448 1407 1520 (Ib.
1462 1450 1547 1503 il.
1590 1450 1707 1520 26).
1760 1449 1937 1523 Itaque
1978 1451 2218 1519 quoties-

634 1552 859 1606 cumque
896 1553 1017 1592 cum
1050 1540 1371 1594 conscientia
1404 1542 1596 1594 munda
1626 1541 1856 1605 accedis,
1891 1541 2088 1595 Pascha
2132 1556 2219 1595 ce-

636 1629 829 1696 lebras,
865 1647 969 1685 non
998 1632 1211 1699 quando
1236 1634 1464 1700 jejunus,
1497 1634 1589 1685 scd
1634 1632 1847 1701 quando
1874 1631 2118 1686 sacrificii
2152 1633 2214 1685 il-

635 1718 732 1771 lius
754 1720 817 1771 tis
836 1722 1089 1789 particep-
1105 1765 1117 1776 .
1140 1722 1556 1789 Quotiescumque
1579 1724 1709 1775 enim
1736 1723 2104 1777 manducobitis
2127 1742 2217 1791 pa-

636 1831 745 1866 nem
778 1816 930 1873 hunc,
955 1827 999 1867 et
1025 1816 1231 1868 calicem
1263 1818 1449 1878 bibatis,
1484 1828 1690 1869 mortem
1720 1815 1923 1870 Domini
1942 1819 2214 1870 annuntia-

631 1904 763 1956 bitis.
796 1904 994 1958 Pztst'iln
1032 1922 1157 1959 vero
1205 1919 1283 1958 est
1318 1916 1540 1960 mortem
1570 1910 1905 1960 annuntiare.
1940 1908 2068 1961 Nam
2097 1925 2215 1977 qua:

632 1993 789 2048 hodie
815 1997 869 2049 lit
898 1997 983 2050 obl
1006 1998 1114 2058 .lio,
1150 2014 1372 2067 qu:rque
1417 2000 1482 2052 be
1502 2010 1667 2051 terno
1692 2001 1777 2053 die
1821 1999 2082 2053 celebrata
2109 2008 2210 2063 est,

631 2096 681 2137 et
713 2103 830 2155 qua:
861 2088 1079 2155 singulis
1106 2088 1310 2149 diebus,
1339 2091 1525 2142 similis
1553 2098 1633 2142 est
1679 2100 1729 2141 et
1770 2090 1954 2142 cadent
1982 2104 2102 2143 cum
2126 2106 2210 2156 ca,

630 2196 747 2246 qtae
778 2180 863 2233 die
892 2180 971 2232 illa
1015 2182 1216 2235 sabbati
1249 2184 1378 2235 facta
1412 2193 1511 2247 est,
1537 2194 1585 2237 et
1618 2184 1781 2237 nihilo
1813 2185 1904 2236 fuit
1935 2184 2018 2237 illa
2048 2200 2211 2238 vene-

633 2270 847 2322 rabilior
871 2272 988 2332 ista,
1025 2289 1191 2341 neque
1222 2276 1372 2327 vilior
1399 2276 1509 2329 lia-c
1535 2292 1689 2344 quam
1722 2278 1830 2338 illa,
1859 2275 1951 2329 sed
1982 2292 2081 2329 una
2114 2292 2211 2329 ca-

628 2358 856 2428 dentque
880 2364 1073 2427 pariter
1102 2365 1369 2417 trctncnda
1406 2375 1455 2417 et
1482 2368 1745 2418 salutaris.

698 2450 798 2503 Cur
822 2470 909 2517 per
936 2452 1001 2507 40
1023 2455 1127 2506 dies
1143 2455 1505 2523 jejunetur.—-
1528 2457 1693 2521 Quam
1730 2458 1974 2526 igiturob
1994 2474 2207 2511 causam

626 2541 947 2609 jejunanius,
1005 2544 1191 2613 inquit,
1242 2562 1333 2613 per
1377 2546 1472 2599 ints
1513 2549 1623 2599 dies
1652 2549 2035 2616 quadraginta?
2062 2548 2206 2602 Multi

628 2631 891 2698 quondam
940 2642 1137 2686 temere
1174 2650 1235 2686 ac
1264 2636 1378 2687 sine
1403 2636 1622 2703 judicio,
1666 2638 1926 2705 (ra-cipue
1956 2654 2081 2692 vero
2111 2640 2209 2691 hoc

626 2732 866 2791 tcn'ipore
896 2740 1001 2793 quo
1030 2726 1267 2780 Christus
1309 2744 1367 2779 ea
1412 2730 1649 2792 tradidit,
1680 2731 1744 2782 ad
1777 2747 1925 2783 sacra
1957 2733 2205 2802 mysteria

621 2814 961 2869 accedebant.
992 2816 1123 2868 Cum
1153 2818 1311 2883 igitur
1339 2821 1689 2889 intelligerent
1718 2822 1920 2887 Patres,
1951 2833 2204 2892 quantum

627 2921 690 2958 ex
721 2909 1006 2959 temerario
1054 2925 1270 2964 accessu
1322 2912 1623 2965 detrimenti
1665 2924 1961 2983 caperetur,
2011 2931 2204 2971 conve-

621 2997 827 3050 nientes
868 3000 1217 3069 quadraginta
1264 3003 1378 3057 dies
1404 3004 1611 3073 jejunii,
1645 3022 1884 3075 precum,
1919 3007 2205 3064 auditionis

619 3089 765 3142 verbi
797 3091 908 3157 Dei,
943 3103 994 3144 et
1023 3100 1377 3148 conventuutii
1401 3098 1771 3166 designarunt,
1805 3109 1859 3153 ut
1889 3101 1939 3153 in
1982 3100 2061 3153 his
2091 3103 2205 3154 die-

618 3182 717 3235 bus
745 3198 929 3237 omnes
960 3200 1051 3253 per
1096 3203 1301 3254 preces,
1339 3205 1431 3254 per
1476 3190 1892 3261 elecmosynani,
1927 3208 2021 3261 per
2058 3194 2201 3261 jv-jn-

617 3274 783 3338 nium,
816 3291 906 3341 rer
936 3279 1154 3343 vigilias,
1188 3294 1279 3346 per
1308 3280 1586 3349 licrynias,
1611 3297 1701 3347 νμ-
1722 3282 2111 3336 confessionem
2140 3298 2203 3337 ;.c

618 3380 711 3431 per
741 3376 929 3419 Ca-tera
959 3371 1131 3419 onmia
1162 3370 1441 3435 diligenter
1482 3372 1778 3440 captttgati,
1823 3373 1888 3425 ita
1920 3391 2013 3441 pro
2045 3386 2200 3443 eaplu

614 3466 797 3507 nostro
838 3474 955 3509 eum
1001 3462 1318 3513 conscientia
1353 3477 1479 3529 pura
1525 3467 1854 3516 accedamus.
1892 3467 2052 3519 l‘orri
2084 3467 2198 3520 illos

616 3545 715 3599 hac
743 3561 837 3600 Sua
869 3550 1322 3604 cmnlesci-nsimic
1376 3569 1621 3621 magnum
1654 3554 1776 3621 quid
1830 3566 1882 3608 et
1926 3560 2194 3625 egregium

616 3641 947 3706 pr:rsti:isse,
984 3644 1107 3696 dum
1141 3645 1448 3709 clicci-rnnt,
1486 3634 1537 3699 ut
1573 3648 1621 3699 in
1646 3648 1832 3716 jejunii
1856 3650 2197 3703 eonsuotudi-

616 3746 736 3783 nem
780 3735 1101 3800 veniremus,
1158 3738 1280 3790 inde
1326 3751 1556 3792 constat.
1608 3741 1739 3794 Nam
1790 3758 1887 3797 nos
1910 3745 2121 3812 quidem
2153 3746 2193 3796 si

614 3831 723 3874 toto
750 3838 891 3876 anno
918 3826 1149 3879 clamare
1187 3844 1248 3882 ac
1272 3829 1536 3897 jejunium
1562 3832 1850 3911 przedicare
1882 3850 1983 3887 non
2014 3850 2193 3888 cesse-

610 3931 749 3973 mus,
800 3933 955 3968 nemo
984 3920 1157 3972 verbis
1198 3923 1393 3975 nostris
1419 3923 1653 3975 animum
1686 3926 1907 3979 attendit
1937 3944 1947 3974 :
1982 3927 2121 3996 quod
2150 3928 2193 3980 si

611 4014 811 4056 tantum
841 4009 1267 4074 Quadragesima-
1294 4021 1500 4081 tempus
1523 4015 1818 4079 advenerit,
1855 4018 1975 4071 lit'et
2004 4018 2195 4071 cohor-

610 4108 747 4155 tclur
778 4117 953 4164 nemo,
1005 4104 1120 4155 liCcl
1162 4104 1441 4157 consilium
1476 4107 1563 4159 det
1594 4122 1769 4169 nemo,
1804 4112 1961 4163 etiam
2007 4110 2070 4173 is,
2105 4110 2191 4178 qui

611 4194 1094 4261 negligentissimiis
1124 4194 1300 4256 fuerit,
1329 4198 1611 4261 excitatur,
1636 4209 1689 4251 et
1719 4200 1953 4253 oblatum
1981 4201 2047 4253 ab
2078 4202 2192 4267 ipso

608 4297 845 4351 tempore
874 4288 1153 4339 consilium
1188 4297 1238 4338 et
1270 4288 1688 4343 Cobettalionetn
1717 4290 1968 4343 admittit.
2005 4292 2058 4345 Si
2093 4292 2191 4359 igi-

607 4387 691 4429 tur
717 4377 1000 4444 iutcrrogel
1040 4389 1088 4429 te
1112 4378 1325 4431 Jnda'us
1356 4389 1407 4433 et
1436 4379 1663 4434 Gemilis
1689 4398 1787 4447 qua
1819 4382 1886 4435 de
1927 4398 2084 4437 causa
2113 4384 2190 4449 je-

601 4469 779 4536 jnnes,
815 4484 879 4521 ne
906 4471 1048 4521 dieas
1092 4484 1303 4537 propter
1329 4472 1548 4533 Pascha,
1602 4489 1774 4539 neque
1824 4482 2038 4542 propter
2066 4489 2189 4527 cru-

602 4575 717 4612 cem
742 4577 754 4611 :
782 4564 857 4613 sic
883 4561 1022 4613 enim
1052 4578 1233 4615 anSattt
1267 4563 1337 4615 illi
1372 4580 1468 4615 nos
1495 4550 1747 4633 arguendi
1780 4567 2065 4633 pru'beres.
2087 4567 2189 4621 Ne-

602 4653 861 4720 quecnini
887 4655 954 4706 ob
980 4654 1177 4707 Pascha
1202 4656 1515 4725 (ejunamus,
1544 4675 1711 4726 neque
1743 4660 1809 4712 ob
1836 4675 2069 4723 crucem,
2096 4662 2188 4713 sed

604 4747 673 4797 ob
698 4755 911 4809 peccata
940 4760 1137 4813 nostra,
1163 4752 1410 4817 quoniam
1434 4752 1497 4803 ad
1524 4753 1773 4821 mysteria
1799 4769 1981 4805 smnus
2009 4770 2189 4808 acces-

603 4837 712 4889 suri
749 4855 759 4885 :
796 4854 914 4891 nam
947 4841 1136 4907 alioqui
1174 4841 1370 4894 Pascha
1410 4857 1512 4894 non
1540 4843 1747 4911 jejunii,
1780 4860 1951 4912 neque
1996 4846 2187 4909 luctus,

602 4929 694 4981 sed
718 4930 891 4997 gaudii
918 4942 969 4982 et
992 4932 1362 4986 exsnltatianis
1382 4945 1461 4987 est
1485 4938 1713 4989 occasio.
1741 4938 1875 4991 Crux
1901 4940 2039 4992 enim
2065 4955 2189 5007 pec-

599 5023 1027 5083 eatumsustnlit,
1061 5024 1290 5091 cXpialio
1320 5025 1571 5079 l'nitorbis
1595 5036 1875 5089 terrarum,
1910 5031 2186 5085 inveterati

600 5111 705 5163 odii
741 5113 1118 5173 reconciliatio,
1150 5115 1339 5179 januas
1372 5119 1483 5169 czeli
1526 5122 1751 5184 aperuit,
1784 5136 1877 5174 eos
1904 5123 1989 5188 qui
2021 5125 2188 5177 odiosi

599 5214 773 5266 erant,
794 5207 990 5258 amiciis
1018 5207 1263 5269 reddidit,
1290 5210 1338 5260 in
1370 5210 1556 5263 caelum
1576 5214 1805 5272 reduxit,
1835 5226 2072 5267 naturain
2104 5231 2190 5268 n0-

603 5308 766 5351 ntrain
797 5302 848 5352 in
869 5300 1037 5353 throni
1065 5301 1279 5355 dextera
1300 5304 1594 5370 collocavit,
1616 5306 1714 5359 alia
1743 5308 1892 5361 nobis
1912 5309 2186 5365 innumera

602 5393 733 5444 bona
766 5394 943 5462 largita
968 5406 1067 5448 est.
1088 5394 1201 5448 Non
1233 5396 1389 5463 igitur
1413 5398 1590 5467 lugere
1607 5417 1666 5451 ac
1692 5416 1921 5455 nimi-ore
1944 5405 2186 5460 contrahi

599 5496 828 5552 oportet,
888 5486 978 5539 sed
1030 5487 1219 5541 horum
1258 5491 1493 5543 omnium
1525 5507 1683 5546 causa
1714 5494 1945 5562 gaudere
1985 5511 2046 5549 ac
2094 5497 2187 5550 la:-

661 5664 731 5719 (η)
754 5665 921 5735 Pascha
948 5666 1038 5735 hoc
1058 5666 1161 5735 loco
1180 5668 1466 5735 intelligitur
1484 5669 1762 5735 sacriﬁcium
1789 5681 1839 5721 et
1858 5673 2189 5735 litnrgia,quze

599 5726 897 5797 Alexandria:
925 5737 999 5797 ter
1028 5732 1073 5775 in
1113 5726 1411 5797 hebdpmada
1449 5731 1805 5797 celebrabatur,
1849 5744 1899 5783 et
1935 5726 2189 5797 aliquando

594 5796 785 5857 quater.
812 5790 1154 5857 euaderead
1180 5792 1360 5857 calcem
1394 5806 1596 5855 operum
1619 5795 1934 5857 Cbrysostontl
1963 5790 2066 5847 l‘nse
2090 5800 2187 5847 dis-

596 5850 856 5911 (inlabitur,
883 5852 962 5900 ubi
984 5851 1047 5900 de
1068 5851 1256 5917 liturgia
1277 5850 1438 5905 seruio
1463 5856 1571 5904 erit.

1383 413 1442 473 S.
1480 416 1761 473 JOANNIS
1793 415 2263 474 CilRYSOSTOMl
2303 414 2622 474 AﬂCﬂlEP.
2662 415 3201 476 (ΣΟΜΤΔΝΤΙΝΟΡ.

3817 421 3930 478 863

2332 529 2451 584 tari.
2478 529 2769 600 PrOpterea
2791 546 3002 602 quoque
3023 529 3155 587 dixit
3187 530 3414 586 Paulus:
3441 529 3568 585 ili/ii
3596 539 3762 583 autem
3790 532 3930 584 absit

2326 621 2557 691 gloriari,
2590 623 2687 676 nisi
2713 624 2766 676 in
2792 638 2940 675 cruce
2974 621 3179 676 Domini
3212 622 3373 676 nostri
3396 618 3521 676 less:
3555 622 3744 678 Christi
3770 621 3920 693 (Gul.

2329 712 2382 766 6.
2430 712 2549 784 t4):
2579 723 2634 769 ct
2672 729 2859 768 rursus
2886 732 2899 767 :
2930 714 3263 769 Commendat
3290 725 3456 769 autem
3486 717 3743 770 caritatem
3771 734 3923 770 suum

2328 800 2468 857 Deus
2495 820 2615 873 erga
2643 822 2734 858 nos
2755 820 2775 859 :
2805 806 3043 873 quoniam
3084 822 3197 859 cum
3239 807 3408 858 adhuc
3452 817 3734 872 peccatores
3778 825 3921 860 esse.

2328 910 2460 957 mus,
2492 894 2722 950 Christus
2762 913 2854 966 pro
2898 896 3042 951 nobis
3075 907 3302 951 mortuus
3330 907 3403 951 est
3441 896 3617 962 (Rom.
3650 898 3701 955 5.
3738 899 3831 968 8):
3864 910 3922 953 et

2327 985 2558 1041 Joannes
2577 988 2648 1041 ita
2670 988 2823 1057 plane
2844 988 3080 1057 loquitur
3103 1007 3116 1043 :
3143 989 3233 1044 Sic
3252 990 3383 1043 enim
3407 989 3539 1044 Deus
3562 990 3742 1045 dilexit
3760 1009 3916 1045 niuri-

2328 1076 2449 1128 dnm
2475 1076 2654 1146 (Joan.
2690 1079 2743 1133 5.
2770 1078 2883 1151 16).
2914 1079 3216 1146 Quomodo,
3249 1078 3468 1150 qumso?
3499 1081 3563 1134 Et
3592 1082 3707 1135 aliis
3732 1084 3918 1135 enmi-

2325 1166 2426 1222 bus
2457 1168 2829 1237 pra-termissis
2855 1184 3066 1224 erucem
3096 1171 3291 1241 posuit.
3334 1171 3466 1223 Cum
3493 1172 3634 1225 enim
3665 1171 3915 1236 dixisset,

2326 1257 2417 1311 Sic
2441 1257 2579 1312 Deus
2599 1258 2774 1314 dilexit
2799 1261 3061 1326 mundum,
3089 1260 3300 1331 adjecit,
3328 1261 3395 1317 Ut
3413 1261 3601 1318 Filium
3625 1279 3771 1315 suum
3794 1266 3918 1316 ani-

2324 1354 2545 1422 genitam
2572 1352 2736 1417 daret,
2764 1363 2819 1407 ιη
2839 1353 3256 1423 crucifigeretur,
3282 1342 3351 1406 ut
3368 1355 3551 1423 omnis,
3572 1356 3658 1425 qui
3677 1356 3835 1407 credit
3860 1356 3915 1407 in

2325 1462 2455 1506 eum,
2488 1462 2586 1498 non
2614 1455 2802 1515 pereat,
2842 1445 2930 1497 sed
2969 1446 3147 1498 habeat
3190 1446 3341 1499 vitam
3384 1458 3639 1499 a‘ternmu.
3682 1443 3737 1502 Si
3783 1461 3919 1515 ergo

2323 1535 2559 1588 caritatis
2587 1536 2798 1589 occasio
2825 1551 2952 1589 crux
2985 1546 3086 1601 cst,
3116 1548 3167 1590 ct
3190 1537 3451 1606 gloriatio,
3473 1553 3539 1591 ne
3557 1537 3799 1597 dicamus
3814 1552 3915 1591 nos

2322 1627 2437 1692 ejus
2466 1640 2623 1679 causa
2649 1628 2847 1696 lugere.
2880 1626 2995 1680 Non
3027 1629 3169 1682 enim
3196 1628 3261 1681 ob
3289 1628 3430 1681 illam
3455 1630 3714 1697 ingenuis,
3748 1628 3909 1693 absit,

2321 1717 2413 1769 sed
2437 1718 2503 1769 ob
2526 1725 2705 1770 nostra
2739 1728 2972 1787 peccata.
3000 1718 3199 1771 ldt'ilCO
3219 1719 3537 1788 jejunatnns.

2392 1808 2445 1861 5.
2487 1807 2838 1863 Caterhumeui
2857 1826 2956 1862 non
2984 1810 3233 1863 celebrant
3263 1809 3485 1862 Pascha.
3511 1840 3580 1849 —
3601 1811 3741 1865 Sane
3763 1811 3914 1866 Cate-

2321 1900 2617 1955 chumenns
2645 1918 2929 1972 numquam
2956 1902 3151 1955 Pascha
3180 1903 3431 1962 celebrat.
3453 1903 3913 1973 quamvisjejunet

2320 1992 2542 2057 singulis
2584 1993 2757 2055 annis,
2808 1994 3056 2062 quoniam
3090 1993 3340 2047 oblationi
3374 2011 3477 2046 non
3523 1998 3910 2061 connnunieat,

2317 2063 2765 2149 quemadmodinn
2798 2092 2849 2135 et
2870 2084 2956 2151 qui
2988 2099 3091 2135 non
3123 2083 3351 2151 jejunat,
3381 2087 3424 2135 si
3455 2101 3574 2137 cum
3608 2100 3733 2153 pura
3762 2101 3913 2140 accc-

2318 2170 2409 2224 dat
2425 2172 2772 2233 conscientia.
2793 2170 2997 2226 Pascha
3026 2173 3278 2234 celebrat,
3305 2175 3417 2226 sive
3440 2174 3617 2239 hodie,
3636 2174 3748 2229 sive
3764 2192 3907 2240 cras,

2319 2263 2431 2315 sive
2461 2262 2564 2314 alio
2594 2266 2780 2331 quovis
2814 2272 3054 2331 tempore
3083 2264 3471 2316 communionis
3502 2269 3587 2317 ttat
3619 2267 3904 2334 particeps.

2320 2354 2431 2406 Non
2478 2358 2618 2409 enim
2664 2371 2731 2409 ex
2773 2366 3069 2425 temporum
3118 2358 3508 2423 observatimie,
3542 2360 3633 2413 sed
3665 2376 3727 2414 ex
3775 2376 3907 2428 pura

2317 2446 2638 2499 ρτηιιερίρηιῑο
2667 2448 2898 2515 optimus
2926 2448 3191 2515 judicatur
3226 2464 3492 2503 accessis.
3540 2451 3608 2504 At
3653 2465 3749 2503 nos
3786 2468 3908 2504 ron-

2319 2537 2533 2588 trarium
2560 2538 2786 2606 agimus,
2806 2549 3035 2593 mentem
3059 2541 3271 2607 quidem
3291 2556 3391 2595 uno
3411 2556 3782 2609 expurganius.
3807 2542 3906 2597 sed

2316 2628 2357 2678 si
2376 2627 2461 2679 die
2488 2626 2575 2680 illo
2598 2629 2928 2692 accedamus,
2954 2630 3225 2684 celebrare
3252 2647 3348 2685 nos
3370 2631 3567 2684 Pascha
3597 2646 3905 2697 ccusmnus,

2315 2722 2654 2787 quantumvis
2688 2724 2917 2790 peccatis
2946 2723 3324 2779 redundemus.
3353 2725 3454 2780 Sed
3488 2743 3591 2779 non
3632 2727 3700 2779 ita
3732 2741 3790 2778 se
3817 2742 3905 2781 res

2314 2812 2494 2874 habet,
2525 2829 2630 2866 non
2659 2816 2726 2867 ita
2753 2816 2928 2883 plane,
2952 2832 3135 2871 verum
3165 2818 3287 2873 licet
3317 2818 3399 2873 vel
3441 2819 3492 2872 in
3524 2821 3637 2888 ipso
3681 2820 3907 2876 sabbato

2312 2921 2430 2956 cum
2467 2921 2623 2974 prava
2665 2910 2955 2961 accesseris
2981 2912 3325 2975 conscientia,
3354 2913 3594 2966 excidiin
3616 2928 3643 2964 a
3669 2929 3907 2967 commu-

2312 2998 2493 3064 nione,
2518 3010 2569 3053 et
2592 3016 2695 3053 non
2725 3001 2991 3054 celi-brato
3017 3002 3215 3058 Pascha
3241 3002 3539 3060 recessisti:
3564 3006 3906 3076 quemadmo-

2311 3089 2436 3143 dmn
2472 3103 2675 3157 contra,
2719 3094 2839 3145 licet
2868 3094 3022 3148 hodie
3049 3096 3410 3171 communices
3437 3096 3691 3151 abstersis
3721 3111 3905 3168 pecca-

2312 3182 2399 3245 tis,
2423 3183 2702 3251 diligenter
2743 3185 2939 3237 Pascha
2973 3186 3273 3239 celebrasti.
3320 3186 3466 3240 lianc
3499 3187 3654 3256 igitur
3679 3187 3903 3257 diligen-

2309 3274 2435 3325 tiam
2459 3284 2722 3341 Oportcret
2756 3290 2816 3327 ac
2847 3275 3233 3331 vehementiam
3262 3292 3365 3330 non
3393 3278 3443 3330 in
3475 3288 3770 3345 temporum
3802 3280 3902 3331 ob-

2308 3366 2630 3427 servatione,
2664 3367 2755 3419 Sed
2783 3368 2830 3418 in
2859 3382 3077 3421 accessu
3099 3382 3313 3422 servare
3334 3386 3347 3422 :
3372 3379 3422 3423 et
3447 3369 3897 3438 quemadmodum

2308 3458 2518 3525 quidvis
2546 3459 2744 3525 perpeti
2779 3459 3023 3522 malletis,
3056 3474 3215 3528 quam
3242 3459 3679 3513 consuetudinem
3706 3461 3900 3512 immu-

2310 3559 2453 3603 taro:
2483 3551 2550 3602 ita
2584 3551 2850 3619 negligere
2872 3551 3083 3619 quidem
3108 3552 3209 3606 hoc
3236 3562 3526 3619 Oporterct,
3550 3553 3759 3623 quidvis
3803 3570 3900 3606 au-

2310 3653 2412 3696 tem
2444 3644 2647 3710 perpeti
2679 3660 2739 3696 ac
2770 3645 3044 3713 perlicere,
3076 3656 3129 3697 ut
3159 3660 3224 3698 ne
3249 3662 3369 3699 cum
3402 3647 3631 3712 peccatis
3667 3647 3896 3700 acet-de-

2306 3736 2450 3787 retis.
2486 3736 2552 3789 Ut
2596 3737 2736 3789 coi'n
2770 3737 3034 3804 intelligas
3079 3736 3242 3789 Deum
3288 3736 3482 3788 nuliam
3519 3746 3812 3803 temporum
3841 3746 3897 3789 et

2303 3826 2693 3878 observationis
2735 3827 2885 3880 istius
2918 3828 3112 3880 habere
3138 3829 3421 3891 rationem,
3450 3829 3572 3881 audi
3599 3844 3719 3883 eum
3749 3829 3895 3897 judi-

2302 3920 2441 3971 cium
2491 3930 2833 3973 exerccxztem
2863 3938 2875 3970 :
2904 3919 3218 3974 Esuricntem
3257 3937 3335 3973 me
3368 3920 3577 3983 vidistis,
3624 3922 3813 3991 inquit,
3846 3932 3895 3975 et

2302 4010 2497 4061 aluistis
2520 4027 2596 4061 me
2612 4026 2631 4063 :
2650 4011 2914 4070 sitientem,
2938 4019 2984 4063 et
3006 4011 3211 4065 dedistis
3232 4012 3354 4063 mihi
3377 4024 3548 4080 porum
3571 4028 3588 4066 :
3608 4013 3819 4077 nudum,
3845 4024 3895 4067 et

2303 4104 2568 4168 Opet'uistis
2616 4119 2693 4152 me
2739 4101 2948 4172 (.llatth.
2978 4102 3061 4156 25.
3102 4104 3228 4167 53$):
3260 4114 3310 4156 et
3358 4105 3440 4156 bis
3484 4106 3626 4171 quia
3661 4105 3891 4159 sinistris

2301 4202 2423 4243 sunt
2452 4195 2712 4245 contraria
2737 4194 3034 4260 exprobrat.
3062 4193 3127 4245 Et
3157 4210 3341 4245 rursus
3363 4195 3522 4247 alium
3551 4195 3893 4252 introducens

2301 4288 2369 4336 ob
2402 4286 2822 4337 record-itionem
2859 4286 3166 4352 injuriarum
3208 4286 3429 4355 castigat
3467 4302 3481 4342 :
3527 4287 3681 4341 Serve
3722 4292 3891 4355 enim,

2301 4380 2487 4447 inquit,
2524 4397 2755 4448 nequam,
2788 4396 2933 4430 omne
2962 4381 3183 4431 debitum
3215 4379 3343 4432 illud
3382 4381 3551 4433 dimisi
3580 4382 3698 4445 tibi;
3727 4399 3895 4436 nonne

2300 4474 2519 4542 oportuit
2544 4484 2587 4525 et
2619 4484 2663 4524 te
2692 4474 2913 4523 misereri
2942 4473 3163 4524 conservi
3208 4473 3300 4530 tui,
3342 4473 3471 4525 sicut
3500 4482 3547 4525 et
3576 4490 3665 4543 ego
3696 4476 3767 4526 tui
3796 4476 3888 4524 ini-

2298 4577 2458 4619 εει-ωδ
2500 4584 2609 4619 sum
2640 4564 2753 4631 (Id.
2818 4566 2877 4619 l8
2935 4566 3059 4632 39.)?
3092 4567 3291 4618 Rursus
3335 4566 3588 4634 virgines,
3639 4570 3890 4635 quoniam

2298 4660 2473 4712 oleum
2508 4660 2555 4710 in
2585 4658 2919 4727 lampadibus
2962 4674 3064 4711 non
3096 4658 3354 4711 habebant
3389 4656 3499 4729 (Id.
3524 4659 3613 4714 25.
3644 4661 3696 4714 7.
3729 4662 3888 4729 ειη),

2298 4767 2325 4803 a
2352 4750 2583 4804 thalamo
2605 4750 2783 4818 sponsi
2812 4738 3035 4802 exclusit
3060 4767 3071 4801 :
3106 4750 3287 4807 alium.
3318 4744 3457 4817 quod
3484 4752 3772 4818 nuptialem
3799 4768 3893 4804 vc-

2298 4851 2430 4895 stem
2464 4857 2567 4895 non
2602 4842 2800 4894 habens
2842 4850 2985 4893 esset
3029 4842 3297 4909 ingressus
3338 4840 3448 4908 (Id.
3501 4840 3591 4894 2‘2.
3620 4843 3889 4910 li.sqq.),

2298 4934 2388 4986 scd
2412 4933 2639 4987 sordidis
2670 4942 2809 4985 esset
2846 4934 3171 4987 vestimentis
3199 4933 3431 4989 indutus.
3466 4932 3845 4989 fornicatiouei
3872 4946 3891 4987 t

2300 5026 2601 5093 impurilate
2632 5035 2915 5093 coopertus
2938 5043 2951 5078 :
2977 5025 3113 5091 quod
3144 5033 3319 5077 autem
3352 5024 3451 5076 hoc
3482 5026 3562 5075 Vel
3593 5025 3683 5079 illo
3706 5040 3891 5080 mense

2298 5118 2496 5171 Pascha
2529 5117 2735 5181 fecerit,
2765 5133 2920 5170 nemo
2952 5133 3198 5186 umquam
3228 5118 3441 5185 punitus
3463 5126 3562 5181 est,
3588 5128 3674 5171 aut
3708 5134 3892 5188 γερνε-

2300 5210 2515 5263 hensns.
2545 5209 2648 5263 Sed
2678 5209 2799 5277 quid
2831 5224 2927 5276 ego
2957 5208 3022 5261 de
3063 5209 3212 5262 nobis
3246 5210 3431 5277 loquor
3470 5210 3538 5261 ab
3567 5214 3711 5263 omni
3743 5212 3890 5278 ηιμ-

2298 5302 2438 5355 modi
2462 5302 2648 5369 quavis
2673 5302 2987 5354 necessitate
3022 5301 3279 5361 liberatis,
3312 5310 3365 5354 et
3391 5315 3615 5369 quorum
3656 5317 3889 5357 convcr-

2296 5393 2432 5446 satio
2456 5408 2665 5446 sursum
2712 5393 2761 5445 in
2794 5393 2937 5443 cadis
2967 5401 3068 5457 est,
3101 5393 3188 5445 ubi
3222 5407 3431 5447 menses
3462 5402 3515 5446 et
3543 5392 3625 5447 Sol
3656 5402 3709 5446 et
3738 5392 3885 5455 luna,

2297 5494 2350 5539 et
2376 5500 2631 5538 annorum
2665 5500 2768 5537 non
2799 5495 2879 5538 est
2910 5486 3158 5539 circuitus
3178 5485 3201 5539 ἲ
3225 5485 3302 5539 Ne
3344 5486 3481 5554 apud
3524 5485 3740 5539 Judazos
3769 5488 3890 5555 qui-

2297 5578 2437 5639 dem,
2490 5579 2532 5629 si
2580 5577 2697 5644 quis
2742 5578 3023 5645 diligenter
3064 5579 3299 5631 animum
3328 5576 3605 5631 attendere
3633 5577 3887 5640 voluerit,

2299 5670 2549 5739 temporis
2582 5684 2822 5738 magnam
2854 5669 3080 5722 habitam
3110 5683 3229 5724 esse
3256 5671 3512 5723 rationem
3546 5667 3769 5729 videbit,
3790 5670 3890 5722 sed

2297 5761 2751 5829 Jerostilymorum
2776 5762 2849 5815 illi
2878 5761 3041 5816 fuisse
3062 5763 3233 5816 locum
3262 5763 3566 5815 antelatum.
3597 5759 3731 5815 Nam
3753 5776 3893 5831 quo-

2302 5854 2440 5907 niam
2474 5864 2536 5907 ad
2568 5850 2801 5908 Movscm
2832 5858 3146 5917 accedentes
3163 5861 3415 5919 dicebant
3442 5879 3454 5915 :
3482 5857 3759 5915 Immundi
3792 5874 3893 5912 su-
