4178 6324
661 435 766 492 869

660 556 760 608 Ira
781 554 866 622 μὴ
896 555 1325 625 ὑστερήσωμεν
1353 557 1470 610 ἀπὸ
1496 558 1614 611 τῶν
1635 559 1838 627 δώρων
1862 558 1969 612 τοῦ
1981 557 2240 624 κυρίους

659 637 849 703 Στ-ῆτε
877 639 1062 691 αὑτοῦ
1083 678 1096 701 ,
1130 642 1281 710 φησὶ,
1318 641 1413 694 καὶ
1448 642 1790 710 ἀνοίσωμεν
1816 641 1916 695 ἐπὶ
1940 639 2049 696 τὸν
2072 640 2241 692 Θεόν.
2270 682 2272 684 τ

662 718 794 774 Εἶτα
817 723 1002 792 ἐπειδὴ
1035 725 1320 793 ἀνήνεγκε,
1356 726 1659 796 κατήνεγκε
1689 725 1852 795 νόμον
1883 724 2131 790 λέγοντα,
2164 722 2246 773 ὅτι

668 805 770 855 Ἂν
793 821 885 869 τις
914 805 1250 873 ἀκάθαρτος
1284 806 1382 859 ἐπὶ
1410 806 1585 874 ψυχῇ
1611 801 1654 876 ᾖ
1673 847 1686 868 ,
1713 807 1749 876 ἢ
1781 807 1851 860 ἐν
1877 806 1996 870 ὀδῷ
2020 802 2244 875 μακρᾷ.

663 887 761 940 καὶ
803 889 889 955 μὴ
943 889 1192 954 δύνηται
1243 888 1488 954 ποιῆσαι
1520 890 1590 942 ἐν
1619 889 1698 954 τῷ
1745 893 1952 959 πρώτῳ
1997 887 2145 957 μηνί
2179 885 2248 939 τὸ

665 970 892 1037 πάσχα,
929 970 1168 1036 ποιήσει
1203 972 1272 1024 ἐν·
1302 971 1382 1036 τῷ
1407 972 1682 1040 δευτέρῳ.
1718 968 1851 1025 Εἶτα
1878 973 1971 1024 ἐπὶ
2015 970 2112 1040 μέν
2139 968 2246 1021 τῶν

679 1053 943 1106 Ἰουδαίων
977 1056 1009 1124 ή
1044 1053 1138 1106 τοῦ
1169 1055 1360 1126 χρόνου
1393 1055 1575 1108 λύεται
1602 1057 1983 1126 παρατήρησις
2005 1095 2019 1117 ,
2049 1053 2136 1106 ἵνα
2169 1054 2248 1115 εἰς

665 1135 734 1186 τὰ
774 1135 1120 1205 Ἰεροσόλυμα
1148 1137 1208 1188 τὸ
1247 1138 1430 1207 πάσχα
1459 1137 1720 1207 γένηται·
1757 1140 1821 1191 σὺ
1851 1137 1908 1189 δέ
1950 1137 2010 1189 ού
2062 1152 2250 1206 προτι-

671 1219 778 1286 μᾷς
809 1216 904 1270 τοῦ
936 1219 1128 1287 χρόνου
1159 1219 1256 1288 τῆς
1292 1220 1617 1288 Ἐκκλησίας
1640 1220 1738 1290 τὴν
1763 1211 2103 1288 συμξοωνίαν,
2134 1218 2246 1270 ἀλλ’

668 1297 758 1351 ἵνα
783 1298 940 1369 δόξῃς
970 1301 1182 1370 ἡμέρας
1217 1305 1583 1372 παρατηρεῖν,
1625 1304 1704 1364 εἰς
1732 1302 1830 1373 τὴν
1862 1301 2046 1371 κοινὴν
2071 1301 2247 1353 ἁπάν-

667 1398 777 1434 των
811 1384 966 1453 ήμῶν
1006 1386 1356 1455 ἐμπαροινεῖς
1403 1386 1613 1455 μητέρα
1634 1427 1647 1450 ,
1678 1387 1774 1439 καὶ
1800 1385 1898 1456 τὴν
1949 1384 2109 1452 ἁγίαν
2137 1384 2250 1436 δια-

667 1465 885 1535 τέμνεις
910 1467 1156 1532 σύνοδον;
1187 1469 1280 1520 καὶ
1317 1469 1434 1531 πῶς
1463 1459 1529 1522 ἂν
1555 1469 1703 1532 ἄξιος
1732 1470 1849 1538 εῐης
1895 1467 2245 1537 συγγνώμης,

670 1548 810 1617 ὑπὲρ
847 1549 940 1602 τοῦ
978 1550 1203 1620 μηδενὸς
1229 1551 1467 1605 τοσαῦτα
1496 1553 1833 1623 ἁμαρτάνειν
1856 1545 2211 1620 αἰρούμενος;

738 1631 850 1683 Kal
902 1629 952 1682 τί
979 1632 1085 1702 χρὴ
1117 1633 1297 1700 λέγειν
1341 1633 1467 1704 περὶ
1509 1634 1807 1697 Ἰουδαίων;
1844 1634 1967 1686 Ὀτι
1993 1632 2102 1703 γὰρ
2126 1633 2248 1687 οὐδὲ

671 1715 874 1785 σφόδρα
932 1716 1274 1786 βουλομένοις
1320 1718 1450 1784 ἡμῖν
1495 1717 1586 1769 καὶ
1621 1716 1978 1778 σπουδάζουσι
2027 1715 2249 1769 δυνατὸν

673 1797 888 1860 πάντως
909 1792 1147 1867 τηρῆσαι
1176 1797 1270 1868 τὴν
1294 1798 1505 1868 ἡμέραν
1540 1798 1781 1868 ἐκείνην,
1811 1798 1932 1851 καθ’
1959 1799 2025 1868 ἢν
2053 1798 2248 1850 ἐσταυ-

674 1879 844 1949 ρώθη,
875 1880 1034 1946 δῆλον
1056 1881 1283 1936 ἐκεῖθεν.
1318 1883 1380 1935 Εἰ
1403 1882 1512 1953 γὰρ
1545 1883 1642 1936 καὶ
1669 1882 1742 1951 μὴ
1769 1880 2096 1952 παρέϐαινον
2123 1881 2252 1933 Ἰου-

669 1960 828 2026 δαῖοι,
875 1962 1004 2034 μηδέ
1027 1963 1336 2033 ἀγνώμονες
1359 1960 1498 2035 ἦσαν
1521 2007 1536 2030 ,
1569 1965 1702 2034 μηδέ
1730 1963 2044 2033 ἀναίσθητοι
2070 2002 2083 2025 ,
2117 1961 2250 2031 μηδὲ

673 2044 910 2114 ρᾁυμοι
959 2046 1052 2098 καὶ
1107 2049 1516 2118 καταφρονηταὶ
1547 2060 1608 2110 α,
1663 2047 1794 2116 μηδὲ
1823 2043 2250 2098 ἐκπεπτώκεσαν

670 2126 771 2195 τῆς
793 2127 1050 2197 πατρῴας
1079 2129 1351 2193 πολιτείας
1370 2171 1383 2194 ,
1417 2129 1532 2182 ἀλλ’
1561 2129 1804 2199 ἀκριϐῶς
1828 2129 1996 2199 αὐτὴν
2023 2129 2250 2198 ἐτήρουν

671 2207 786 2271 νῦν,
818 2210 936 2261 ούδέ
963 2209 1104 2262 θ’ύτω
1138 2210 1358 2265 δυνατὸν
1387 2209 1453 2283 ἦν
1481 2215 1614 2282 ἡμῖν
1648 2210 2031 2264 ἀκολουθοῦσιν
2069 2211 2252 2272 αὐτοῖς

669 2291 1021 2345 ἐπιλαϐέσθαι
1049 2295 1149 2364 τῆς
1191 2296 1402 2364 ἡμέρας
1430 2296 1626 2364 αὐτῆς,
1666 2293 1786 2347 καθ’
1820 2293 1888 2363 ἢν
1913 2291 2250 2362 ἐσταυρώθη,

669 2375 765 2426 καὶ
789 2375 848 2427 τὸ
879 2375 1062 2446 πάσχα
1093 2378 1394 2430 ἐπετέλεσε.
1413 2376 1518 2430 Kal
1551 2377 1667 2440 πῶς
1688 2417 1701 2435 ,
1729 2375 1840 2444 ἐγὼ
1871 2374 2036 2443 λέγω.
2063 2374 2255 2427 Ἦνίκα

671 2459 1002 2535 ἐσταυρούτο
1025 2500 1040 2523 ,
1075 2459 1192 2513 τότε
1227 2464 1260 2532 ή
1292 2461 1481 2532 πρώτη
1505 2461 1611 2514 τῶν
1638 2460 1863 2531 ἀζύμων
1895 2457 1963 2532 ἦν
1987 2501 2000 2522 ,
2035 2460 2128 2513 καὶ
2160 2477 2255 2512 πα-

673 2544 914 2611 ρασκευή
945 2558 958 2570 ·
990 2543 1274 2613 ἀμφότερα
1303 2544 1360 2596 δέ
1386 2545 1557 2597 ταῦτα
1583 2545 1643 2596 ού
1681 2545 1905 2597 δυνατὸν
1931 2544 2017 2596 ἀεὶ
2048 2558 2256 2612 συμπε-

671 2626 801 2675 σεῖν.
849 2624 977 2676 Ἰδοὺ
1012 2625 1143 2692 γοῦν
1170 2624 1310 2677 κατά
1335 2626 1426 2677 τὸν
1455 2627 1696 2694 παρόντα
1727 2627 1972 2681 ἐνιαυτὸν
1997 2630 2029 2697 ή
2064 2624 2254 2697 πρώτη

668 2708 779 2758 τῶν
828 2705 1054 2776 ἀζύμων
1105 2711 1183 2770 εἰς
1229 2709 1496 2779 κυριακὴν
1550 2711 1762 2780 ἡμέραν
1812 2711 2113 2781 ἐμπίπτει,
2162 2710 2257 2762 καὶ

671 2793 884 2860 ἀνάγκη
911 2793 1090 2844 πᾶσαν
1118 2792 1406 2861 νηστεῦσαι
1435 2794 1532 2863 τὴν
1564 2794 1832 2864 ἑϐδομάδα
1858 2834 1873 2857 ,
1910 2793 2002 2846 καὶ
2031 2793 2123 2846 τοῦ
2153 2794 2258 2847 πά-

671 2880 800 2942 θους
838 2878 1201 2948 παρελθόντος
1229 2922 1240 2938 ,
1281 2878 1373 2930 καὶ
1412 2877 1504 2929 τοῦ
1555 2876 1786 2948 σταυροῦ
1833 2877 2126 2946 γενομένου
2163 2876 2261 2929 καὶ

671 2966 770 3034 τῆς
804 2963 1154 3024 ἀναστάσεως
1179 3001 1193 3024 ,
1229 2963 1386 3031 ἡμεῖς
1442 2961 1676 3030 μένομεν
1727 2960 2096 3028 νηστεύοντες.
2147 2961 2259 3013 Καὶ

673 3047 931 3109 πολλάκις
956 3046 1114 3099 τούτο
1143 3045 1336 3114 συνέϐη
1363 3087 1375 3108 ,
1413 3046 1550 3114 μετά
1579 3046 1668 3097 τὸν
1706 3045 1957 3115 σταυρὸν,
1993 3042 2132 3114 μετὰ
2158 3041 2258 3114 τὴν

672 3131 967 3182 ἀνάστασιν
996 3169 1010 3191 ,
1065 3128 1288 3198 μηδέπω
1320 3128 1416 3196 τῆς
1463 3127 1757 3197 ἑϐδομάδος
1805 3125 2255 3197 ἀπαρτισθείσης,

671 3213 772 3284 τὴν
822 3213 1075 3282 νηστείαν
1130 3211 1529 3265 ἐπιτελεῖσθαι·
1566 3210 1737 3273 οὕτως
1787 3209 2008 3280 οὐδεμία
2064 3207 2257 3279 καιροῦ

673 3297 1059 3368 παρατήρησίς
1099 3298 1232 3348 ἐστι.

747 3443 838 3512 Μὴ
873 3443 1051 3495 τοίνυν
1109 3441 1498 3512 φιλονεικῶμεν
1524 3485 1535 3504 ,
1579 3442 1713 3513 μηδὲ
1766 3443 1942 3494 ἐκεῖνο
1989 3439 2257 3510 λέγωμεν,

677 3527 942 3581 Τοσοῦτον
977 3529 1277 3598 ἐνήστευσα
1314 3526 1527 3597 χρόνον,
1571 3527 1662 3578 καὶ
1692 3524 1788 3577 νῦν
1835 3524 2213 3594 μεταϐήσομαι
2244 3539 2258 3587 ;

677 3611 756 3662 Δι’
784 3611 915 3662 αὐτὸ
964 3610 1061 3680 μὲν
1111 3605 1204 3662 οὖν
1241 3609 1398 3662 τοῦτο
1448 3609 1720 3677 μετάθου·
1771 3605 1956 3675 ἐπειδὴ
2008 3605 2267 3668 τοσοῦτον

678 3693 1016 3764 ἀπεσχίσθης
1048 3694 1236 3764 χρόνον
1267 3682 1372 3762 τῆξ
1395 3692 1752 3762 Ἐκκλησίας,
1786 3690 2046 3744 ἐπάνελθε
2077 3688 2262 3741 λοιπὸν

680 3777 814 3848 πρὸς
868 3777 966 3846 τὴν
1017 3777 1246 3848 μητέρα.
1297 3776 1482 3838 Οὐδεὶς
1516 3777 1699 3843 λέγει,
1746 3774 1962 3844 Ἐπειδὴ
2013 3773 2262 3826 τοσοῦτον

680 3863 868 3932 χρόνον
904 3863 960 3913 ἐν
987 3861 1155 3933 ἔχθρα
1185 3862 1426 3931 διέμεινα
1462 3901 1474 3919 ,
1504 3859 1829 3929 αἰσχύνομαι
1860 3857 2262 3926 καταλλαγῆναι

680 3948 792 3999 νῦν.
833 3947 1071 4016 Αἰσχύνη
1097 3947 1204 4015 γάρ
1234 3949 1380 3997 ἐστιν
1402 3984 1415 4006 ,
1443 3945 1504 3996 ού
1545 3944 1604 3995 τὸ
1652 3941 2083 4016 μεταϐάλλεσθαι
2130 3943 2263 4010 πρὸς

680 4030 740 4081 τὸ
785 4009 1027 4098 βέλτιον,
1059 4009 1211 4080 ,ἀλλά
1249 4031 1310 4079 τὸ
1343 4028 1521 4096 μένειν
1569 4009 1663 4077 ἐπί
1708 4024 1808 4093 τῆς
1837 4009 2064 4094 ἀκαίροῦ
2114 4009 2261 4091 φιλο-

682 4115 907 4177 νεικίας.
938 4113 1107 4166 Τοῦτο
1137 4112 1232 4165 καὶ
1269 4109 1552 4170 Ἰουδαίους
1581 4109 1886 4168 ἀπώλεσεν,
1933 4109 1983 4162 οἳ
2026 4108 2124 4178 τὴν
2158 4123 2261 4158 πα-

683 4199 837 4252 λαιάν
891 4194 1275 4266 ἐπιζητοῦντες
1321 4194 1407 4246 ἀεὶ
1463 4192 1787 4262 συνήθειαν,
1826 4193 1960 4262 πρδς
2011 4191 2264 4244 ἀσέϐειαν

685 4280 1032 4351 ἀπεσύροντο.

754 4427 868 4478 K-tl
908 4425 959 4476 τί
995 4424 1136 4490 λέγω
1170 4422 1295 4492 περὶ
1339 4424 1588 4493 νηστείας
1620 4423 1712 4474 καὶ
1758 4421 1983 4491 ἡμερῶν
2017 4438 2267 4492 παρατη-

688 4511 926 4580 ρήσεως,
958 4511 986 4562 ὁ
1012 4508 1219 4569 Παῦλος
1244 4507 1335 4558 τὸν
1361 4507 1522 4576 νόμον
1555 4506 1775 4558 διετέλει
1812 4506 2096 4574 φυλάττων
2123 4547 2134 4567 ,
2175 4507 2267 4558 xal

686 4597 852 4647 πολὺν
882 4592 1173 4661 ὑπέμεινεν
1210 4589 1427 4658 ἱδρῶτα,
1455 4591 1548 4641 καί
1584 4589 1783 4651 πολλὰς
1814 4590 1910 4658 μὲν
1938 4588 2266 4658 ὁδοιπορίας,

687 4677 886 4739 ι’,ολλάς
909 4677 966 4728 δέ
996 4674 1253 4744 ἠνέσχετο
1280 4673 1652 4742 ταλαιπωρίας
1679 4674 1870 4743 ἐτέρας
1890 4714 1902 4735 ,
1931 4674 2025 4725 καὶ
2053 4673 2269 4725 πάντων

686 4763 908 4832 ἐκράτει
947 4759 1054 4811 τῶν
1085 4757 1360 4828 ὁμηλίκων
1391 4757 1532 4810 κατά
1561 4759 1660 4827 τὴν
1692 4758 1790 4826 τῆς
1825 4757 2101 4820 πολιτείας
2131 4756 2271 4809 ἐκεί-

686 4865 784 4916 νης
830 4843 1141 4915 ἀκρίϐειαν·
1183 4841 1294 4893 ἀλλ’
1319 4843 1468 4911 ὅμως
1520 4841 1658 4911 μετά
1710 4841 1770 4892 τὸ
1803 4841 1939 4910 πρὸς
1988 4841 2050 4892 τὸ
2103 4841 2271 4912 ἄκρον

687 4930 875 4983 ἐλάσαι
923 4928 1020 4997 τῆς
1073 4925 1366 4986 πολιτείας,
1395 4925 1644 4994 ἐκείνης,
1688 4923 1874 4991 ἐπειδὴ
1911 4923 2146 4974 συνεῖδεν
2171 4924 2272 4988 ,ὅτι

689 5010 776 5064 ἐπ’
824 5009 1030 5078 ὀλέθρῳ
1095 5009 1188 5060 καὶ
1248 5005 1419 5075 βλάϐη
1479 5006 1653 5058 πάντα
1711 5004 2014 5073 ἔπραττεν,
2070 5004 2271 5066 εὐθέως

692 5094 962 5166 μετέθετο.
994 5093 1101 5144 Kal
1134 5092 1233 5144 οὐκ
1266 5087 1385 5142 εἷπε
1417 5089 1551 5158 πρὸς
1579 5090 1786 5151 ἑαυτὸν,
1820 5088 1970 5162 [614]
1995 5089 2059 5141 Τί
2087 5089 2271 5149 τούτο;

689 5177 957 5246 τοσαύτην
1009 5165 1308 5244 ζημιούμαι
1346 5175 1617 5242 σπουδήν;
1652 5173 1903 5226 τοσοῦτον
1949 5174 2135 5227 ἀπολῶ
2181 5175 2274 5226 πό-

690 5277 811 5325 vcv;
846 5259 980 5312 άλλά
1017 5258 1081 5310 δι’
1117 5257 1248 5310 αὐτὸ
1294 5257 1390 5325 μὲν
1436 5254 1527 5308 οὖν
1581 5257 1737 5308 τοῦτο
1768 5258 2064 5327 ταχύτερον
2118 5273 2276 5324 μετε-

690 5345 819 5414 τέθη
844 5383 856 5406 ,
889 5344 972 5394 ἵνα
1000 5341 1073 5412 μὴ
1108 5340 1244 5410 μένῃ
1280 5339 1438 5411 πάλιν
1473 5339 1568 5402 ἐπί
1593 5339 1688 5408 τῆς
1712 5339 1882 5407 αὐτῆς
1913 5337 2118 5409 ζημίας
2138 5379 2152 5403 ,
2182 5340 2276 5392 καὶ

691 5428 790 5496 τῆς
824 5429 879 5478 ἐν
911 5425 988 5494 τῷ
1029 5424 1178 5493 νόμῳ
1211 5423 1555 5492 δικαιοσύνης
1589 5423 2021 5493 κατεφρόνησεν,
2056 5424 2141 5475 ἵνα
2179 5423 2277 5492 τὴν

692 5515 756 5565 ἐκ
795 5512 1029 5571 πίστεως
1077 5509 1249 5578 λάϐῃ·
1299 5507 1391 5560 καὶ
1426 5508 1524 5575 βοᾷ.
1555 5506 1728 5575 λέγων
1754 5550 1768 5571 ,
1802 5507 2003 5560 "Aura
2053 5504 2133 5576 ἦν
2175 5525 2279 5575 μοι

692 5593 908 5661 κέρδη,
943 5591 1131 5644 ταῦτα
1177 5590 1398 5658 ἥγημαι
1447 5588 1545 5641 διὰ
1585 5589 1692 5642 τὸν
1741 5589 2000 5658 Χριστὸν
2045 5587 2277 5658 ζημίαν.

706 5679 844 5731 Ἐὰν
877 5674 1232 5744 προσφέρῃς
1287 5673 1355 5727 τὸ
1405 5672 1602 5740 δῶρόν
1636 5686 1783 5738 σου,
1837 5675 2000 5744 φησὶν
2024 5713 2038 5737 ,
2079 5673 2177 5726 ἐπὶ
2211 5673 2279 5726 τὸ

760 5865 775 5883 ³
808 5863 886 5910 Sic
909 5861 1030 5918 Reg.
1061 5858 1189 5909 [ἱᾱὶἰὶ
1211 5871 1328 5907 vero
1353 5859 1713 5918 καταφρόνητοι.

1391 438 1447 493 s.
1486 436 1769 495 JOANNIS
1797 421 2290 496 cnanosTom
2329 438 2650 496 ARCHIEP.
2691 438 3254 500 CONSTANTINOP.

3819 435 3935 494 870

2353 558 2792 627 θυσιαστήριον
2816 602 2831 627 ,
2891 559 3069 614 κάκεῖ
3107 556 3423 628 μνησθῇς,
3460 557 3549 610 ὅτι
3598 559 3632 610 ὁ
3670 558 3944 628 ἀδελφός

2349 657 2466 695 σου
2485 645 2609 711 ἔχει
2638 660 2694 696 τι
2729 644 2878 697 κατὰ
2899 643 3037 709 σοῦ,
3067 644 3279 712 ὕπαγε,
3314 641 3550 710 πρῶτον
3581 639 3946 710 διαλλάγηθι

2349 721 2428 789 τῷ
2446 724 2688 793 ἀδελφῷ
2715 741 2853 789 σου,
2884 727 2981 778 καὶ
3022 727 3156 779 τότε
3186 725 3380 798 ἐλθὼν·
3407 725 3712 792 πρόσφερε
3735 724 3799 775 τὸ
3825 721 3944 775 6c?)-

2341 810 2460 875 ρόν
2495 821 2612 860 σου
2638 825 2651 837 ·
2679 809 2744 859 Τί
2775 808 2988 875 λέγεις;
3039 808 3105 862 ἂν
3137 809 3234 879 μὲν
3285 809 3312 860 ὁ
3344 806 3572 875 ἀδελφός
3600 823 3694 859 σου
3737 805 3838 876 ἔχῃ
3888 821 3944 857 τι

2350 889 2490 943 κατὰ
2521 890 2636 950 σοῦ,
2670 890 2731 942 ού
2767 893 3042 960 συγχωρεῖ
3066 907 3148 942 σοι
3171 892 3561 960 προσενεγκεῖν
3590 889 3690 956 τὴν
3720 887 3943 949 Θυσίαν,

2348 973 2453 1035 ἕως
2482 971 2548 1025 ἂν
2579 971 2728 1042 αὑτῷ
2755 972 3101 1044 καταλλαγῇς
3120 989 3136 1004 ·
3172 972 3498 1044 Ἐκκλησίας
3526 971 3584 1023 δέ
3611 970 3943 1040 ὁλοκλήρου.

2350 1057 2444 1108 καὶ
2467 1054 2734 1114 τοσούτων
2767 1056 3020 1126 πατέρων
3049 1055 3281 1125 ἐχόντων
3305 1054 3447 1108 κατά
3470 1053 3587 1117 σοῦ,
3610 1053 3814 1123 τολμᾷς
3842 1050 3947 1105 καὶ

2352 1137 2681 1208 ὑπομένεις,
2711 1138 2786 1208 μὴ
2831 1137 3142 1201 καταλύσας
3189 1139 3290 1208 τὴν
3337 1136 3538 1207 ἐχθράν
3567 1135 3666 1206 τὴν
3709 1136 3948 1203 ἄκαιρον

2349 1221 2553 1292 ταύτην
2575 1261 2590 1285 ,
2621 1225 2732 1284 τοῖς
2766 1221 2931 1283 θείοις
2965 1219 3282 1290 προσελθεῖν
3315 1219 3671 1289 μυστηρίοις;
3697 1217 3791 1269 καί
3824 1215 3949 1278 πῶς

2352 1297 2419 1356 ἂν
2446 1304 2630 1358 δύναιο
2663 1304 2848 1373 πάσχα
2882 1303 3150 1355 ἐπιτελεῖν
3182 1303 3324 1355 οὕτω
3351 1302 3724 1372 διακείμενος
3754 1297 3950 1350 Ταῦτα

2349 1387 2470 1456 οὐχὶ
2494 1387 2632 1457 πρὸς
2658 1387 2897 1449 ἐκείνους
2921 1385 3064 1452 λέγω
3097 1386 3290 1456 μόνους
3306 1425 3320 1445 ,
3342 1384 3478 1438 ἀλλά
3511 1383 3607 1436 καὶ
3631 1381 3770 1451 πρὸς
3796 1381 3950 1449 ὑμᾶς

2351 1470 2477 1532 τοὺς
2508 1469 2866 1536 ὑγιαίνοντας,
2897 1468 2987 1520 ἵνα
3005 1469 3164 1530 ὅσους
3191 1467 3258 1520 ἂν
3292 1467 3437 1538 ἴδητε
3464 1463 3735 1526 τοιούτους
3756 1464 3949 1525 ὄντας,

2357 1552 2494 1623 μετά
2523 1551 2810 1622 ἀκριϐείας
2858 1550 3058 1620 πολλῆς
3099 1551 3194 1602 καὶ
3244 1549 3575 1620 προσηνείας
3625 1545 3950 1612 ἐκλέγοντες

2355 1634 2738 1704 συναγάγητε,
2786 1633 2881 1686 καὶ
2937 1632 3073 1702 πρὸς
3115 1631 3215 1702 τὴν
3266 1631 3482 1703 μητέρα
3529 1625 3948 1695 ἐπαναγάγητε.

2352 1716 2470 1770 Κάν
2500 1714 2836 1768 ἀντιτείνωσι
2861 1754 2876 1778 ,
2919 1713 3024 1768 κάν
3063 1712 3352 1784 σκιρτῶσι,
3395 1712 3500 1766 κάν
3543 1711 3720 1764 ὁτιοῦν
3752 1711 3949 1778 ἓτερον

2353 1799 2672 1868 πράττωσι,
2710 1798 2784 1868 μὴ
2823 1796 3202 1866 ἀποκάμωμεν
3223 1837 3237 1860 ,
3270 1796 3377 1858 ἕως
3405 1795 3472 1848 ἂν
3497 1794 3692 1854 αὐτοὺς
3738 1791 3946 1842 πείσωο

2357 1899 2490 1952 μεν·
2528 1882 2679 1936 οὐδὲν
2734 1880 2843 1952 γὰρ
2897 1881 3118 1949 εἰρήνης
3170 1877 3283 1930 ἴσον
3327 1877 3421 1930 καὶ
3459 1874 3797 1946 συμφωνίας.
3843 1872 3950 1924 Διά

2351 1965 2510 2018 τοῦτο
2541 1966 2636 2018 καὶ
2661 1963 2845 2017 εἰσιὼν
2873 1965 2902 2015 ὁ
2933 1961 3117 2032 πατὴρ
3143 2001 3158 2025 ,
3185 1961 3245 2014 ού
3271 1953 3534 2031 πρότερον
3561 1957 3655 2009 ἐπὶ⁸
3691 1956 3782 2007 τὸν
3814 1953 3950 2024 θρό-

2353 2063 2442 2100 νον
2488 2047 2770 2099 ἀναϐαίνει
2800 2046 2988 2098 τοῦτον
3007 2086 3021 2109 ,
3069 2045 3176 2106 ἓως
3207 2043 3274 2096 ἂν
3322 2043 3526 2096 ἅπασιν
3558 2040 3687 2108 ύμῖν
3718 2037 3951 2107 εἰρήνην

2355 2129 2690 2201 ἐπεύξηται,
2723 2131 2816 2183 καὶ
2858 2128 3098 2191 ἀναστάς
3149 2128 3211 2179 οὐ
3264 2126 3530 2196 πρότερον
3570 2122 3798 2194 ἄρχεται
3845 2121 3953 2188 τῆς

2356 2212 2491 2282 πρὸς
2523 2214 2666 2281 ὑμᾶς
2695 2211 3043 2273 διδασκαλίας
3070 2251 3084 2272 ,
3115 2210 3221 2272 ἐως
3252 2209 3319 2262 ἂν
3344 2207 3518 2261 ἅπασι
3546 2203 3620 2274 δῷ
3647 2204 3748 2279 τὴν
3787 2203 3911 2272 είρή
3929 2231 3950 2240 -

2354 2311 2471 2365 νην.
2520 2296 2627 2348 Kal
2685 2294 2969 2366 μέλλοντες
3020 2291 3263 2360 εὐλογεῖν
3316 2291 3365 2342 οἱ
3421 2290 3625 2358 ἰερεῖς,
3678 2283 3951 2357 πρότερον

2354 2376 2514 2430 τοῦτο
2570 2378 2698 2448 ὑμῖν
2746 2376 3135 2446 ἐπευξάμενοι,
3191 2372 3333 2426 οὕτω
3383 2372 3483 2444 τῆς
3541 2368 3792 2436 εὐλογίας
3843 2367 3949 2437 ἄρ-

2355 2476 2558 2528 χονται.

2429 2606 2539 2658 Kal
2565 2606 2594 2657 ὁ
2625 2603 2870 2666 διάκονος
2902 2602 2957 2655 δὲ
2983 2601 3220 2655 κελεύων
3248 2599 3504 2670 εὔχεσθαι
3550 2594 3687 2668 μετά
3710 2593 3822 2647 τῶν
3854 2591 3955 2647 ἀλ-

2358 2687 2485 2750 λων,
2517 2689 2612 2740 καὶ
2635 2686 2794 2739 τοῦτο
2827 2685 3102 2738 ἐπιτάττει
3136 2683 3278 2737 κατά
3307 2683 3405 2753 τὴν
3441 2681 3627 2751 εὐχὴν,
3658 2680 3834 2731 αἰτεῖν
3858 2675 3957 2728 τὸν

2357 2769 2587 2838 ἄγγελον
2642 2769 2754 2838 τῆς,
2795 2769 3018 2838 εἰρήνης
3045 2809 3058 2827 ,
3111 2767 3205 2819 καὶ
3256 2766 3324 2818 τά
3376 2763 3717 2836 προκείμενα
3771 2758 3958 2812 πάντα

2358 2851 2609 2922 εἰρηνικὰ
2634 2890 2649 2913 ,
2683 2851 2776 2903 καὶ
2821 2851 2919 2919 τῆς
2960 2848 3180 2901 συνόδου
3221 2847 3426 2912 ταύτης
3473 2843 3726 2900 ἀπολύων
3775 2840 3955 2910 ὑμᾶς,

2358 2934 2515 2988 τοῦτο
2543 2936 2670 3005 ὑμῖν
2697 2933 2992 3003 ἐπεύχεται
3024 2932 3220 3000 λέγων,
3253 2931 3590 2997 Πορεύεσθε
3614 2928 3686 2980 ἐν
3716 2924 3956 2994 εἰρήνῃ·

2360 3018 2453 3070 καὶ
2482 3017 2634 3070 οὐδὲν
2661 3017 2795 3078 ὅλως
2832 3015 2911 3067 ενι
2946 3014 3069 3067 οὔτε
3103 3015 3276 3067 εἰπεῖν
3300 3055 3316 3076 ,
3357 3012 3481 3065 οὔτε
3519 3009 3725 3082 πρᾶξαι
3749 3008 3959 3076 ταύτης

2359 3101 2548 3170 χωρίς.
2585 3100 2734 3170 Αὕτη
2771 3099 2880 3167 γάρ
2919 3099 3068 3152 ἐστιν
3095 3099 3128 3168 ἡ
3159 3096 3360 3165 τροφὸς
3409 3093 3568 3166 ήμῶν
3619 3093 3716 3146 καὶ
3748 3092 3959 3160 μήτηρ,

2362 3183 2641 3236 θάλπουσα
2671 3181 2811 3252 μετὰ
2832 3181 3035 3250 πολλῆς
3060 3181 3159 3249 τῆς
3187 3177 3473 3249 ἀκριϐείας
3511 3177 3679 3247 ἡμᾶς.
3714 3174 3971 3244 Εἰρήνην

2361 3266 2418 3319 δέ
2447 3265 2681 3332 λέγω,ού
2711 3265 2812 3335 τὴν
2842 3263 2951 3316 ἀπὸ
2974 3263 3335 3333 προσρήσεως
3355 3259 3518 3329 ψιλῆς
3535 3299 3549 3322 ,
3573 3258 3696 3314 ούδέ
3721 3257 3822 3328 τὴν
3849 3255 3967 3309 ἀπὸ

2362 3349 2462 3418 τῆς
2494 3348 2778 3408 κοινωνίας
2831 3346 2938 3398 τῶν
2967 3344 3258 3414 τραπεζῶν
3279 3385 3294 3403 ,
3345 3343 3483 3398 ἀλλά
3515 3342 3612 3412 τὴν
3646 3341 3788 3393 κατά
3822 3338 3964 3390 Θεὸν

2365 3434 2586 3504 εἰρήνην
2613 3471 2626 3495 ,
2658 3430 2757 3500 τὴν
2788 3432 2851 3482 ἐκ
2900 3429 3001 3499 τῆς
3042 3429 3361 3498 συμφωνίας
3401 3429 3502 3496 τῆς
3553 3423 3962 3494 πνευματικῆς,

2363 3518 2429 3586 ἢν
2461 3515 2644 3569 πολλοὶ
2671 3513 2940 3575 διασπῶσι
2963 3511 3079 3578 νῦν,
3112 3513 3253 3584 ὺπέρ
3282 3511 3512 3582 ἀκαίρου
3535 3508 3873 3578 φιλονεικίας
3891 3507 3968 3560 τὰ

2365 3599 2608 3670 ἡμέτερα
2639 3597 3060 3668 καθαιροῦντες,
3110 3598 3204 3648 καὶ
3249 3594 3318 3647 τά
3369 3593 3642 3647 Ἰουδαίων
3677 3589 3963 3653 αὔξοντες,

2365 3681 2607 3743 ἐκείνους
2655 3679 3130 3749 ἀξιοπιστοτέρους
3177 3677 3529 3738 διδασκάλους
3579 3673 3689 3726 τῶν
3737 3671 3966 3724 οἰκείων

2367 3763 2618 3834 πατέρων
2646 3763 2963 3834 ἡγούμενοι,
2989 3762 3082 3814 καὶ
3121 3764 3233 3825 τοῖς
3265 3758 3669 3831 χριστοκτόνοις
3704 3755 3834 3826 περὶ
3865 3754 3967 3807 τοῦ

2367 3848 2572 3909 πάθους
2611 3847 2996 3908 πιστεύοντες·
3038 3839 3099 3898 οὗ
3148 3844 3200 3897 τί
3249 3842 3443 3920 γένοιτ’
3473 3841 3540 3895 ἂν
3580 3837 3964 3907 ἀλογώτερονε

2367 3934 2481 3985 Οὐκ
2512 3929 2656 3996 οἶδας
2686 3933 2768 3984 ὅτι
2798 3935 2975 3985 ἐκεῖνο
2999 3929 3197 3992 τύπος,
3225 3927 3385 3980 τοῦτο
3416 3927 3473 3980 δέ
3516 3924 3775 3994 ἀλήθεια;
3815 3923 3970 3992 Ὅρα

2371 4017 2480 4085 γὰρ
2504 4015 2664 4068 πόσον
2696 4015 2758 4066 τὸ
2787 4014 3062 4083 διάφορον.
3107 4011 3313 4064 Ἐκεῖνο
3349 4009 3576 4063 θάνατον
3606 4005 3810 4059 ἐκώλυε
3851 4021 3970 4057 σω-

2381 4099 2625 4170 ματικὸν,
2652 4097 2812 4150 τοῦτο
2836 4097 3005 4167 ὀργὴν
3035 4094 3191 4147 ἔλυσε
3213 4094 3314 4163 τὴν
3343 4093 3481 4146 κατά
3507 4092 3607 4161 τῆς
3635 4087 3970 4157 οἰκουμένης

2379 4183 2686 4254 φερομένην
2711 4181 2932 4249 ἁπάσης
2957 4195 2970 4207 ·
3000 4180 3176 4230 ἐκεῖνο
3205 4177 3480 4244 Αἰγύπτου
3505 4175 3625 4228 τότε
3660 4171 3968 4242 ἀπήλλαξε,

2377 4266 2536 4318 τοῦτο
2582 4261 3024 4332 εἰδωλολατρείας
3059 4259 3465 4330 ἠλευθέρωσεν·
3496 4259 3672 4311 ἐκεῖνο
3719 4256 3812 4308 τὸν
3856 4257 3973 4308 Φαο

2379 4347 2526 4420 ραὼ,
2571 4347 2729 4398 τοῦτο
2766 4346 2856 4397 τὸν
2887 4343 3134 4397 διάϐολον
3166 4341 3466 4407 ἀπέπνιξε·
3498 4341 3616 4412 μετ’
3644 4341 3819 4393 ἐκεῖνο
3853 4339 3975 4392 Πα-

2373 4428 2620 4500 λαιστίνη
2638 4469 2650 4490 .
2677 4428 2825 4497 μετὰ
2853 4426 3010 4480 τοῦτο
3043 4426 3288 4497 οὐρανός.

2448 4571 2512 4623 Τί
2543 4571 2721 4624 τοίνυν
2757 4571 2837 4642 τῷ
2865 4571 3045 4641 λύχνῳ
3077 4569 3494 4640 προσεδρεύεις,
3527 4565 3622 4620 τοῦ
3652 4567 3804 4637 ἡλίου
3855 4582 3971 4634 φα·

2375 4663 2590 4726 νέντος;
2620 4663 2671 4714 τί
2702 4663 2758 4716 δὲ
2790 4662 2866 4732 τῷ
2899 4655 3134 4730 γάλακτι
3167 4659 3464 4729 τρέφεσθαι
3497 4658 3707 4728 βούλει,
3737 4658 3975 4726 στερεᾶς

2376 4763 2463 4806 ’σοι
2495 4754 2776 4824 διδομένης
2809 4736 3053 4824 τροφῆς;
3095 4751 3194 4803 Διά
3233 4751 3392 4803 τοῦτο
3421 4749 3664 4821 ἐτράφης
3708 4747 3969 4817 γάλακτι,

2376 4846 2462 4897 ἵνα
2498 4844 2573 4914 μὴ
2610 4845 2775 4916 μένῃς
2806 4845 2863 4897 ἐν
2896 4843 2973 4914 τῷ
2999 4843 3234 4911 γάλακτι
3259 4859 3271 4871 ·
3307 4841 3397 4895 διὰ
3423 4841 3579 4895 τοῦτό
3610 4857 3692 4893 σοι
3718 4840 3748 4894 ὁ
3773 4839 3974 4909 λύχνος

2377 4935 2582 5005 ἐφάνη,
2616 4936 2701 4987 ἵνα
2744 4935 2881 5004 πρὸς
2917 4933 3007 4986 τὸν
3041 4931 3189 5002 ἦλιον
3214 4930 3652 5003 χειραγωγηθῇς.
3685 4929 3835 5002 [615]
3875 4930 3975 5002 Μὴ

2377 5027 2576 5091 τοίνυν,
2618 5026 2726 5078 τῶν
2749 5025 3098 5095 τελειοτέρων
3120 5025 3580 5094 παραγενομένων
3604 5021 3975 5092 πραγμάτων..

2381 5116 2516 5187 πρὸς
2546 5116 2614 5169 τά
2659 5117 2901 5188 πρότερα
2925 5115 3384 5185 ἐπανατρέχωμεν
3403 5155 3419 5179 ,
3459 5114 3594 5185 μηδέ
3623 5113 3833 5183 ἡμέρας
3871 5113 3978 5167 καὶ

2381 5210 2605 5279 καιροὺς
2650 5209 2743 5261 καὶ
2796 5207 3076 5269 ἐνιαυτοὺς
3106 5205 3520 5277 παρατηρῶμεν
3544 5247 3558 5269 ,
3591 5205 3726 5259 ἀλλά
3762 5222 3978 5259 πάντας

2380 5300 2477 5370 χοῦ
2531 5302 2597 5369 τῇ
2647 5298 2942 5369 Ἐκκλησία
3003 5300 3119 5368 μετ’
3169 5297 3454 5369 ἀκριϐείας
3512 5297 3813 5369 ἐπώμεθα,
3867 5299 3983 5371 τὴν

2381 5394 2603 5462 ἀγάπην
2665 5392 2759 5444 καὶ
2819 5391 2916 5461 τὴν
2987 5391 3210 5462 εἰρήνην
3265 5389 3651 5461 προτιμῶντες
3690 5389 3978 5446 ἁπάντων.

2384 5484 2444 5536 Εἰ
2477 5482 2583 5552 γὰρ
2615 5484 2711 5534 καὶ
2742 5480 3037 5550 ἐσφάλλετο
3061 5483 3094 5551 ή
3113 5479 3428 5551 Ἐκκλησία,
3449 5482 3516 5533 οὐ
3555 5480 3807 5534 τοσοῦτον
3833 5497 3981 5535 κατ-

2383 5575 2609 5644 όρθωμα
2653 5573 2761 5627 ἀπὸ
2809 5573 2908 5643 τῆς
2956 5572 3065 5625 τῶν
3125 5573 3334 5642 χρόνων
3370 5571 3657 5642 ἀκριϐείας
3692 5566 3792 5642 ἧν,
3846 5570 3984 5626 ὅσον

2383 5666 2633 5738 ἔγκλημα
2663 5664 2772 5718 ἀπὸ
2794 5665 2892 5735 τῆς
2916 5664 3232 5736 διαιρέσεως
3269 5665 3363 5719 καὶ
3387 5663 3480 5718 τοῦ
3521 5663 3822 5735 σχίσματος
3855 5663 3985 5716 τού⁴
