4178 6324
243 415 352 477 869

235 553 354 590 mus
384 554 544 608 super
565 540 810 605 animum,
840 541 1091 608 quomodo
1118 559 1218 595 non
1244 544 1599 613 fraudabimur
1625 545 1694 598 ad
1718 545 1845 613 olfe-

235 628 457 682 reudum
474 630 614 682 dona
631 630 848 683 Domino
866 625 1050 701 (Num.
1073 633 1126 687 9.
1145 632 1236 702 7)?
1259 635 1405 688 State
1428 635 1560 698 istic,
1585 636 1777 705 inquit,
1799 646 1847 689 et

234 717 517 784 olferemus
564 721 634 773 ad
683 721 844 774 Deum
899 722 1009 793 (Ib.
1039 742 1090 778 tt.
1121 726 1204 794 8).
1247 727 1448 781 Deinde
1476 742 1597 781 cum
1629 727 1845 782 retulis-

234 817 341 870 set,
375 810 548 878 legem
582 812 790 879 detulit,
823 829 944 883 quze
970 816 1349 883 pm‘cipieba‘t:
1375 817 1438 871 Si
1473 818 1586 887 quis
1617 819 1844 871 immun-

236 898 334 978 dus
357 900 513 966 fuerit
533 918 688 970 super
706 889 930 957 animam
949 904 1028 958 vel
1046 907 1099 958 in
1119 909 1198 959 via
1219 905 1396 978 longa,
1418 917 1462 961 et
1480 908 1645 977 primo
1675 925 1845 966 mense

240 977 450 1042 Pascha
471 995 640 1063 facere
665 1011 767 1048 non
791 999 1030 1065 potuerit,
1059 999 1210 1068 faciet
1237 1000 1291 1053 in
1315 977 1536 1053 secundo
1562 1000 1842 1069 (Ib.v.ll)).

239 1079 455 1150 Ergone
483 1084 623 1152 apud
649 1084 865 1141 Judaros
898 1090 1152 1158 temporis
1176 1091 1400 1146 solvitur
1424 1091 1750 1162 observatio,
1783 1104 1842 1149 ut

234 1166 593 1243 Jerosolyntis
616 1175 819 1231 Pascha
839 1178 1174 1234 celebretur:
1197 1190 1253 1235 et
1274 1190 1328 1236 tu
1349 1174 1693 1238 concordiam
1717 1200 1838 1240 cum

237 1261 484 1318 Ecclesia
517 1253 742 1334 tempori
769 1284 874 1321 non
900 1270 1187 1334 anteferes,
1214 1273 1308 1326 sed
1333 1281 1389 1327 ut
1409 1273 1525 1329 dics
1551 1275 1841 1333 observare

236 1354 492 1422 videaris,
523 1372 864 1414 communem
893 1362 1131 1416 omnium
1156 1363 1399 1418 nostrum
1442 1377 1667 1421 matrem
1700 1367 1839 1435 inju-

233 1446 312 1497 ria
341 1448 566 1513 aflicies,
592 1459 648 1504 et
671 1462 991 1507 conventum
1022 1469 1233 1509 sacrum
1256 1455 1501 1512 divides?
1523 1459 1653 1524 Quis
1679 1460 1839 1530 igitur

234 1537 392 1589 venia
427 1547 480 1593 te
520 1540 739 1609 dignum
782 1544 1046 1611 censebit,
1096 1547 1186 1615 qui
1232 1547 1376 1602 nulla
1414 1547 1483 1604 de
1520 1563 1680 1604 causa
1714 1550 1835 1605 talia

233 1631 461 1693 peccare
492 1629 660 1684 velis?

305 1715 518 1772 Pascha
546 1737 647 1774 non
678 1738 943 1790 possumus
968 1725 1249 1791 observare,
1302 1746 1402 1798 quo
1439 1731 1523 1784 die
1558 1733 1836 1800 cruciﬁxus

230 1817 306 1859 ut
328 1807 580 1864 Christus.
608 1842 682 1850 —
706 1814 842 1879 Quid
873 1827 1050 1869 autem
1089 1818 1158 1872 de
1197 1818 1396 1873 ludatis
1434 1823 1663 1891 loquor?
1700 1823 1833 1878 Nam

232 1910 301 1953 hc
329 1917 435 1956 nos
462 1905 678 1973 quidem
705 1907 865 1959 etiam
890 1910 934 1961 si
961 1909 1309 1965 vehementer
1335 1914 1616 1980 cupiamus
1647 1925 1702 1970 et
1735 1932 1832 1969 an-

231 1990 496 2058 nitamur,
524 1994 666 2049 diem
698 1997 847 2051 illum
895 2002 1113 2054 omnino
1164 2003 1454 2059 observare
1500 2021 1676 2074 posse,
1726 2024 1832 2077 quo

230 2083 526 2138 cruciﬁxus
569 2096 670 2144 est.
706 2088 829 2142 inde
857 2100 1084 2144 constat.
1114 2093 1264 2148 Licet
1289 2096 1430 2149 enim
1465 2095 1835 2168 transgresso-~

230 2187 320 2227 res
347 2173 520 2229 Judtei
547 2193 652 2231 non
683 2179 926 2242 fuissent,
956 2199 1131 2254 neque
1161 2188 1350 2256 ingrati
1385 2189 1625 2253 fuissent,
1658 2207 1831 2261 neque

229 2263 452 2330 stupidi,
489 2282 661 2336 neque
686 2269 900 2325 desides
929 2288 992 2326 ac
1017 2286 1440 2345 contemptores,
1474 2296 1648 2350 neque
1676 2297 1704 2335 a
1735 2299 1830 2349 pa-

229 2354 399 2408 ternis
419 2356 606 2412 ritibus
630 2361 970 2428 excidissent,
999 2365 1089 2419 sed
1117 2382 1212 2421 eos
1233 2370 1523 2425 etiamnum
1545 2373 1830 2442 diligenter

227 2443 598 2510 observarent,
632 2466 698 2504 ne
727 2453 804 2504 sic
831 2455 1046 2522 quidem
1079 2456 1190 2511 ﬁeri
1223 2469 1423 2528 posset,
1479 2472 1536 2517 ut
1579 2480 1679 2520 nos
1707 2467 1830 2520 illo-

227 2549 344 2588 rum
369 2540 607 2608 vestigiis
629 2543 924 2600 insisteudo
943 2548 1083 2602 diem
1109 2551 1264 2606 istum
1289 2569 1395 2621 qtto
1420 2557 1704 2612 crucifixus
1719 2572 1822 2624 est,

226 2634 280 2678 et
309 2626 513 2682 Pascha
540 2632 854 2698 celebravit,
878 2651 1308 2707 assequeremur.
1344 2644 1461 2710 Quo
1493 2663 1621 2702 vero
1644 2661 1822 2718 pacto,

224 2727 325 2782 ego
351 2717 545 2771 dicam.
594 2724 819 2787 Quando
861 2731 1144 2784 crucitixus
1172 2743 1276 2799 est,
1323 2743 1433 2794 tum
1477 2717 1679 2806 primus
1708 2743 1825 2798 dies

224 2814 532 2875 azymorum
558 2821 694 2879 erat,
719 2825 774 2868 et
805 2832 1123 2884 parasceve:
1158 2823 1272 2878 haec
1298 2822 1440 2881 enim
1467 2835 1689 2901 utraque
1709 2834 1823 2888 lleri

223 2899 429 2966 nequit,
462 2909 526 2954 ut
544 2915 801 2973 perpetuo
825 2922 1169 2967 concurrant.
1203 2916 1338 2971 Ecce
1360 2926 1590 2988 namque
1607 2899 1823 2990 primus

222 2986 337 3042 dies
361 3005 673 3062 azymorum
701 2997 804 3052 hoc
833 3016 974 3054 anno
1001 3004 1052 3056 in
1079 3006 1402 3063 dominicum
1433 3011 1575 3067 diem
1609 3015 1817 3084 incidit,

223 3088 276 3132 et
300 3084 523 3138 omnino
553 3102 774 3142 necesse
792 3103 892 3155 est,
915 3103 974 3146 ut
1001 3105 1106 3148 tota
1131 3098 1463 3155 hebdomada
1489 3104 1817 3177 jejuncmus,

221 3179 270 3224 et
293 3187 416 3227 cum
439 3178 617 3244 passio
643 3183 982 3246 ιιι-ίειειίοτίι,
1006 3197 1058 3240 et
1079 3203 1208 3242 crux
1232 3191 1529 3261 advenerit,
1557 3207 1612 3252 et
1639 3214 1816 3254 resur-

222 3263 410 3328 rectio,
444 3281 541 3319 nos
572 3268 750 3323 adhuc
773 3271 1081 3340 jejunantes
1112 3295 1443 3338 maneamus.
1476 3287 1541 3339 Et
1570 3303 1819 3358 saepenu-

220 3368 366 3409 mero
395 3348 533 3413 istud
560 3363 774 3430 accidit,
807 3376 865 3421 ut
893 3379 1013 3436 post
1036 3387 1275 3439 crucem,
1319 3364 1437 3446 post
1465 3385 1816 3440 resurrectio-

219 3459 360 3510 nem,
395 3447 728 3507 hebdomada
770 3459 1005 3514 nondum
1035 3463 1300 3534 absoluta,
1324 3469 1586 3538 jejunium
1630 3479 1813 3533 obser-

219 3550 422 3592 vemus.
453 3541 526 3595 Ita
556 3546 700 3599 nulla
731 3553 985 3619 temporis
1010 3564 1094 3609 est
1122 3559 1448 3615 observatio.

283 3629 336 3683 6.
380 3632 458 3686 Ne
506 3635 665 3704 igitur
707 3644 1114 3711 contendamus,
1170 3666 1306 3706 neve
1358 3655 1488 3710 illud
1535 3657 1808 3730 dicamus,

217 3729 362 3777 tanto
387 3733 628 3795 tempore
643 3729 900 3799 jejunavi,
924 3746 977 3790 et
1004 3755 1145 3794 nunc
1171 3759 1373 3798 morem
1405 3751 1657 3806 mutabo?
1678 3756 1809 3809 Pro-

218 3823 330 3879 pter
351 3814 454 3870 hoc
481 3819 652 3886 ipsum
678 3835 858 3877 muta:
883 3829 1022 3895 quod
1049 3842 1152 3885 tam
1182 3837 1353 3889 multo
1380 3849 1621 3910 tempore
1646 3845 1809 3901 fueris

215 3904 281 3957 ab
309 3908 548 3964 Ecclesia
575 3913 800 3981 divisus,
844 3918 910 3972 ad
957 3932 1182 3978 matrem
1214 3927 1468 4001 deinceps
1511 3948 1802 3994 revertere.

214 3994 378 4052 Nemo
407 4000 558 4067 dicit,
591 4007 1020 4077 quandoquidem
1051 4023 1197 4069 tanto
1230 3994 1472 4089 tempore
1500 4024 1807 4084 inimicitias

214 4092 448 4158 exercui,
484 4109 628 4148 nunc
654 4101 986 4155 reconciliari
1015 4121 1100 4158 me
1129 4109 1312 4175 pudet.
1345 4112 1437 4166 Est
1462 4116 1604 4169 enim
1636 4121 1806 4187 pudor

213 4186 263 4228 et
290 4179 577 4248 ignominia
601 4201 706 4239 non
730 4187 782 4240 in
813 4192 1004 4247 melius
1039 4199 1258 4264 mutari,
1289 4202 1382 4256 sed
1416 4205 1467 4258 in
1497 4206 1802 4276 importuna

213 4275 553 4341 contentione
582 4279 890 4346 persistere.
937 4285 1049 4341 Hoc
1088 4288 1304 4347 Judteos
1335 4296 1495 4351 etiam
1549 4275 1800 4368 perdidit,

211 4362 294 4428 qui
321 4365 446 4448 dum
491 4377 726 4423 veterem
769 4379 1210 4435 consuetudinem
1255 4398 1473 4456 semper
1501 4362 1798 4461 inquirunt,

210 4451 271 4505 ad
288 4453 617 4524 impietatem
646 4459 1083 4522 devolvebantur.

275 4545 436 4601 Pauli
484 4554 775 4622 exemplum
805 4561 1062 4627 prapom't.
1088 4565 1284 4621 ——Sed
1323 4571 1451 4639 quid
1485 4587 1586 4641 ego
1609 4574 1678 4629 de
1716 4576 1799 4646 je—

205 4635 347 4702 junio
381 4640 705 4713 dierumque
746 4650 1123 4709 observatione
1169 4635 1554 4719 verba'facio'?
1606 4635 1800 4725 Paulus

208 4726 371 4795 legem
416 4745 632 4788 servare
661 4751 768 4791 non
798 4740 1110 4812 desinebat,
1152 4759 1207 4804 et
1236 4755 1434 4807 multos
1481 4758 1690 4814 labores
1736 4778 1800 4818 ac

205 4816 428 4874 sudores
456 4824 784 4891 sustinebat,
813 4838 868 4883 et
901 4835 1094 4889 multas
1126 4841 1614 4913 peregrinationes,
1658 4854 1798 4907 mul-

208 4914 393 4974 tasque
420 4912 556 4966 alias
584 4931 851 4973 mrumnas
879 4924 1161 4992 tolerabat,
1195 4942 1354 4998 atque
1385 4950 1574 4993 omnes
1604 4952 1796 4996 cozeta-

205 5013 326 5054 ueos
355 5017 484 5056 suos
505 5005 740 5073 diligenti
769 5011 1039 5080 religionis
1070 5018 1215 5073 illius
1239 5025 1616 5085 observatione
1632 5048 1796 5103 supe-

205 5087 346 5142 rabat
371 5108 384 5142 :
438 5104 806 5152 verumtamen
833 5113 1112 5173 postquam
1140 5111 1206 5163 ad
1233 5126 1498 5171 summum
1522 5087 1795 5192 religionis

204 5177 332 5232 illius
362 5181 630 5251 fastigium
663 5203 980 5255 pervenerat
1001 5239 1016 5260 ,
1059 5214 1178 5253 cum
1211 5204 1559 5266 intellexisset
1591 5216 1640 5268 in
1673 5233 1794 5285 per-

203 5269 385 5325 niciem
410 5288 474 5327 ac
501 5275 877 5336 detrimentum
906 5301 965 5341 se
987 5301 1174 5346 cuncta
1188 5307 1472 5362 praestare.
1496 5269 1792 5365 confestim-

205 5370 433 5416 mutatus
475 5376 576 5418 est.
601 5368 714 5423 Nec
762 5375 900 5442 apud
932 5393 992 5431 se
1017 5380 1150 5436 dixit
1180 5402 1194 5437 :
1244 5388 1370 5454 quid
1401 5389 1503 5445 hoc
1534 5397 1609 5449 rei
1662 5404 1788 5454 est?

203 5445 364 5504 Tanto
386 5454 566 5509 studio
594 5456 848 5515 fraudor?
875 5464 1102 5524 Tantum
1133 5445 1371 5530 laborem
1402 5484 1588 5537 amitto
1606 5487 1630 5539 ’ἶ
1678 5489 1791 5546 ltno

205 5555 320 5596 vero
350 5559 571 5615 promer
599 5551 701 5605 hoc
730 5555 901 5622 ipsum
931 5561 1088 5616 citius
1113 5576 1196 5618 est
1225 5579 1458 5626 mutatus
1477 5616 1493 5639 ,
1531 5593 1597 5631 ne
1623 5581 1789 5636 detri~

207 5646 432 5689 mentum
462 5639 591 5692 illud
621 5642 811 5700 iterum
842 5659 1133 5719 pateretur,
1183 5672 1246 5712 ac
1287 5661 1546 5728 justitiam
1573 5687 1639 5725 ex
1670 5673 1787 5742 lege
1813 5688 1817 5693 '

204 5730 536 5793 contempsit,
571 5742 627 5784 ut
651 5731 772 5788 fidei
795 5737 1054 5805 justitiam
1084 5749 1369 5817 acciperet,
1400 5766 1454 5808 et
1474 5759 1671 5816 clamat

209 5815 354 5870 cens:
381 5817 510 5884 Qua
529 5823 654 5876 mihi
672 5827 878 5896 [uerunt
904 5837 1068 5900 lucra,
1098 5815 1214 5892 lucc
1228 5843 1499 5901 arbitratus
1518 5868 1628 5904 sum
1658 5875 1781 5925 pro-

1044 427 1110 482 lN
1143 427 1274 484 EOS
1299 429 1415 496 QUI
1455 431 1719 488 PASCllA
1760 431 2124 491 JEJUNANT.
2167 439 2529 497 ADVERSUS
2565 442 2708 498 JUD.
2753 443 2839 499 Ill.

3454 432 3563 490 870

1957 559 2069 634 pter
2116 548 2373 606 Christum
2419 556 2721 614 detrimenta
2766 560 3003 632 (Philip.
3053 564 3107 618 3.
3151 565 3246 639 7).
3297 569 3357 622 Si
3399 570 3565 639 o/fers

1958 631 2146 696 munus
2176 651 2320 697 tuum
2358 648 2428 699 ad
2453 650 2617 702 altare
2638 692 2654 716 ,
2687 662 2735 704 et
2775 652 2845 706 ibi
2870 631 3169 711 recordatus
3205 631 3368 728 'fueris
3392 703 3408 726 ,
3436 665 3558 731 quia

1952 737 2115 802 frater
2131 745 2248 792 tuus
2267 739 2414 792 habet
2429 742 2627 813 aliquid
2647 744 2913 800 adversum
2929 757 2995 814 te,
3015 749 3162 815 vade,
3182 754 3325 821 prius
3340 756 3556 809 reconci-

1949 825 2077 879 liare
2093 826 2243 896 fratri
2269 838 2375 893 tuo,
2399 841 2443 884 et
2465 841 2582 916 tunc
2601 837 2804 890 veniens
2819 836 2950 904 oﬂer
2968 855 3152 895 munus
3168 852 3308 896 tuum
3335 843 3552 916 (Matth.

1934 914 2008 970 .5.
2035 916 2148 990 25).
2179 918 2318 984 Quid
2341 921 2456 975 ais?
2481 899 2540 978 Si
2567 923 2732 981 frater
2751 899 2966 997 quidem
2994 939 3118 985 tuus
3143 899 3554 1007 habeat‘aliquid

1949 1009 2232 1065 adversum
2259 1020 2331 1078 te,
2360 1015 2683 1070 sacriﬁcium
2714 1028 2773 1071 ut
2794 1018 2988 1074 oderas
3015 1022 3107 1076 tibi
3137 1041 3244 1078 non
3272 1029 3551 1094 permittit.

1946 1097 2119 1154 donec
2140 1103 2515 1158 reconciliatus
2542 1106 2613 1160 illi
2636 1106 2802 1162 fueris
2821 1146 2838 1175 ,
2860 1125 2982 1164 cum
3006 1127 3135 1167 vero
3158 1124 3265 1168 tota
3290 1116 3552 1182 Ecclesia,

1946 1201 2001 1246 et
2029 1201 2134 1247 tam
2167 1194 2318 1248 multi
2364 1194 2548 1250 Patres
2580 1197 2816 1253 habeant
2843 1200 3129 1256 adversum
3164 1215 3215 1258 te
3236 1247 3251 1271 ,
3298 1207 3466 1262 audes
3492 1224 3555 1264 ac

1945 1284 2179 1338 sustines
2209 1300 2316 1339 non
2361 1286 2609 1356 deposito
2650 1281 2798 1359 prius
2840 1293 3147 1361 importuno
3207 1296 3309 1352 hoc
3336 1299 3460 1353 odio
3485 1301 3552 1354 ad

1946 1387 2224 1430 sacrorum
2248 1378 2714 1445 participationem
2743 1385 3124 1453 mysteriorum
3151 1388 3454 1443 accedere?
3485 1391 3550 1444 Et

1943 1479 2051 1535 quo
2071 1475 2227 1535 pacto
2257 1470 2458 1536 poteris
2482 1471 2560 1525 sic
2595 1471 2815 1527 allectus
2842 1471 3046 1530 Pascha
3077 1477 3396 1548 celebrare?
3425 1481 3550 1536 Ha'c

1942 1573 1972 1610 a
2004 1574 2090 1614 me
2118 1576 2222 1615 non
2254 1561 2322 1615 ad
2361 1563 2481 1628 illos
2511 1571 2716 1619 tantum
2742 1566 3012 1635 dicuntur,
3043 1570 3137 1623 sed
3167 1571 3328 1625 etiam
3358 1571 3426 1626 ad
3457 1589 3559 1629 vos

1942 1651 2031 1720 qui
2057 1653 2172 1706 sani
2216 1655 2380 1720 estis,
2415 1665 2473 1709 ut
2510 1667 2772 1727 quotquot
2803 1661 2936 1715 tales
2960 1677 3080 1716 esse
3121 1662 3360 1718 videritis
3381 1707 3396 1729 ,
3426 1681 3548 1720 cum

1943 1745 2105 1798 multa
2128 1746 2401 1816 diligentia
2427 1761 2475 1806 et
2511 1751 2728 1806 leuitate
2754 1755 2983 1809 selectos
3004 1759 3361 1826 congrcgctis,
3388 1768 3551 1828 atque

1940 1836 2006 1890 ad
2034 1846 2258 1892 matrem
2288 1839 2432 1907 ipsos
2458 1842 2745 1895 reducatis.
2775 1843 2924 1898 Licet
2951 1846 3228 1911 resistant,
3255 1849 3380 1903 licet
3409 1850 3548 1900 resi-

1938 1926 2091 1993 liant,
2121 1928 2246 1984 licet
2269 1931 2413 1984 aliud
2444 1933 2655 2002 quidvis
2685 1933 2899 1999 faciant,
2934 1953 3000 1991 ne
3025 1937 3412 2008 defatigemur,
3445 1939 3550 1994 do-

1938 2035 2040 2074 nec
2064 2022 2144 2074 eis
2171 2024 2615 2090 persuaserimus.
2641 2025 2782 2079 Nihil
2807 2028 2951 2081 enim
2979 2040 3080 2094 est,
3105 2033 3246 2100 quod
3268 2048 3388 2087 cum
3411 2049 3547 2104 pace

1944 2113 2114 2167 valeat
2143 2124 2197 2168 et
2222 2117 2507 2173 concordia
2529 2121 2848 2186 comparari.
2873 2122 3160 2191 Propterea
3187 2141 3398 2195 quoque
3419 2145 3544 2184 cum

1939 2203 2238 2273 ingreditur
2267 2206 2441 2274 Pater,
2475 2224 2581 2264 non
2609 2212 2754 2278 prius
2780 2212 2846 2266 ad
2877 2213 3014 2267 hanc
3039 2214 3229 2269 sedem
3258 2218 3537 2282 ascendit,

1935 2307 2093 2362 quam
2135 2295 2288 2349 vobis
2314 2298 2563 2352 omnibus
2605 2315 2787 2368 pacem
2820 2301 2980 2356 fuerit
3025 2315 3270 2373 precatus
3290 2349 3305 2372 ,
3337 2318 3391 2362 et
3418 2324 3541 2363 cum

1934 2385 2103 2460 surgit
2130 2427 2144 2450 ,
2177 2401 2282 2439 non
2318 2389 2468 2457 prius
2505 2390 2704 2446 docere
2732 2408 2826 2446 vos
2857 2394 3074 2464 incipit,
3102 2413 3262 2466 quam
3293 2401 3540 2454 omnibus

1937 2476 2121 2544 pacem
2162 2479 2393 2534 dederit.
2426 2482 2747 2539 Sacerdotes
2791 2486 2950 2539 etiam
2983 2503 3104 2542 cum
3148 2489 3341 2544 fuerint
3371 2491 3537 2546 bene-

1931 2572 2144 2636 dicturi,
2170 2574 2258 2627 ubi
2280 2575 2427 2644 prius
2449 2575 2551 2632 hoc
2574 2578 2720 2633 vobis
2741 2582 3008 2648 apprecati
3040 2581 3257 2650 fuerint,
3284 2584 3534 2657 deinceps

1932 2663 2192 2731 incipiunt
2238 2666 2578 2724 benedicere.

2001 2754 2223 2811 Diaconi
2260 2775 2358 2813 vos:
2395 2761 2446 2813 in
2489 2760 2724 2834 Liturgia
2767 2767 3014 2833 populum
3044 2768 3448 2826 dimittentis.-—
3473 2771 3540 2828 Et

1929 2861 2058 2900 vero
2090 2847 2355 2903 Diaconos
2385 2851 2511 2906 dum
2540 2868 2661 2907 cum
2693 2855 2812 2908 aliis
2841 2860 3045 2926 precari
3066 2860 3242 2929 jubet,
3274 2861 3375 2916 hoc
3396 2879 3534 2934 quo-

1915 2943 2034 3007 ‘que
2060 2938 2287 3008 imperat
2317 2941 2367 2995 in
2399 2945 2640 3000 oratione
2661 2989 2676 3008 ,
2703 2960 2758 2999 ut
2785 2949 3030 3018 angelum
3072 2952 3220 3021 pacis
3246 2967 3531 3023 rogemus,

1926 3038 1978 3084 et
2008 3046 2128 3099 quae
2156 3036 2427 3102 proposita
2458 3047 2582 3091 sunt
2611 3050 2800 3093 cuneta
2829 3042 3071 3108 pacifica,
3102 3054 3152 3098 et
3184 3045 3253 3098 ab
3279 3046 3380 3101 hoc
3404 3062 3536 3103 eon-

1928 3131 2088 3177 ventu
2133 3140 2233 3178 vos
2274 3127 2550 3182 dimittens
2596 3130 2697 3185 hoc
2728 3132 2880 3186 vobis
2932 3146 3182 3202 precatur
3223 3137 3440 3194 dicens:
3469 3139 3532 3192 lu

1926 3228 2050 3281 pace
2077 3215 2355 3271 discedite:
2383 3229 2436 3272 et
2481 3221 2613 3274 nihil
2657 3222 2708 3275 in
2744 3225 3052 3280 universum
3101 3237 3279 3296 potest
3304 3231 3389 3284 vel
3425 3231 3530 3287 dici

1922 3305 2008 3359 vel
2036 3305 2151 3361 fieri
2176 3308 2293 3363 sine
2318 3310 2438 3363 ista.
2479 3312 2573 3366 Est
2598 3315 2742 3367 enim
2783 3315 2900 3371 hare
2927 3319 3104 3373 nutrix
3131 3336 3195 3375 ac
3237 3331 3408 3377 mater
3436 3341 3524 3376 no-

1923 3405 2030 3450 stra
2050 3438 2065 3463 ,
2097 3413 2216 3467 quae
2248 3401 2418 3454 multo
2447 3417 2568 3456 cum
2612 3406 2790 3459 studio
2820 3423 2883 3462 ac
2909 3409 3184 3478 diligentia
3232 3429 3332 3469 nos
3360 3414 3526 3473 fovet.

1920 3482 2112 3540 Pacem
2146 3503 2309 3556 porro
2330 3491 2453 3545 dico
2481 3480 2584 3547 non
2617 3494 2753 3550 hanc
2787 3512 2817 3550 a
2863 3498 2977 3552 sola
3019 3503 3400 3571 appellatione,
3431 3523 3528 3562 nc-

1920 3591 2022 3645 que
2052 3575 2197 3632 illam
2223 3596 2344 3649 qua:
2372 3582 2423 3636 in
2453 3599 2653 3639 mensa:
2695 3591 3077 3646 communione
3118 3595 3398 3661 consistit,
3431 3601 3525 3653 sed

1861 3734 1864 3736 γ
1920 3685 2104 3739 pacem
2131 3676 2428 3730 secundum
2462 3679 2628 3732 Deum
2654 3721 2669 3743 ,
2703 3697 2824 3749 qua:
2853 3699 2917 3738 ex
2951 3686 3212 3752 spirituali
3239 3691 3526 3746 concordia

1917 3763 2156 3818 nascitur
2180 3807 2194 3828 ,
2228 3782 2389 3834 quam
2445 3771 2597 3823 multi
2629 3772 2768 3826 nunc
2815 3774 3114 3844 dissipant,
3160 3794 3188 3830 a
3217 3781 3409 3849 quibus
3439 3798 3525 3836 res

1916 3865 2114 3912 nostrae
2137 3859 2508 3931 intempestiva
2533 3865 2762 3934 quadam
2785 3871 3130 3925 contentione
3152 3871 3520 3941 destruantur,

1913 3958 1969 4002 et
2008 3965 2095 4003 res
2137 3950 2443 4008 Judzeorum
2487 3968 2785 4025 augentur,
2815 3960 2941 4014 dum
2972 3977 3067 4016 eos
3113 3965 3214 4018 fide
3250 3966 3524 4036 digniores

1915 4040 2170 4096 doctores
2195 4059 2354 4112 quam
2380 4061 2504 4100 suos
2532 4047 2717 4103 Patres
2744 4052 3090 4119 arbitrantur,
3109 4068 3160 4110 et
3181 4057 3381 4116 Christi
3410 4077 3513 4131 par

1913 4132 2095 4184 ricidis
2137 4133 2205 4188 de
2237 4136 2483 4202 passione
2509 4139 2753 4207 credunt,
2781 4158 2888 4211 quo
2923 4146 3050 4213 quid
3078 4148 3360 4205 absurdius
3407 4152 3515 4209 fieri

1911 4223 2113 4289 possit?
2157 4224 2386 4279 Nescitis
2418 4229 2544 4295 illud
2577 4230 2831 4299 figuram,
2866 4234 2966 4289 hoc
2993 4238 3270 4295 veritatem
3314 4243 3518 4298 fuisse?

1911 4311 2047 4366 Vide
2079 4328 2309 4384 namque
2331 4329 2590 4385 quantum
2621 4321 2692 4374 sit
2733 4322 3052 4380 discrimen.
3091 4327 3223 4384 lllud
3262 4347 3524 4403 corpora-

1909 4404 2012 4458 lem
2047 4414 2272 4461 mortem
2307 4409 2665 4477 prohibebat,
2706 4413 2809 4468 hoc
2839 4416 2972 4470 iram
2997 4419 3239 4489 sedavit,
3272 4439 3393 4492 qua:
3419 4427 3508 4480 ad-

1907 4512 2097 4552 versus
2137 4500 2447 4556 universum
2492 4512 2756 4560 terrarum
2787 4509 2973 4564 orbem
3017 4512 3285 4569 ferebatur
3323 4534 3336 4569 :
3385 4516 3511 4573 illud

1907 4589 1974 4642 ab
2013 4589 2249 4660 Egypto
2291 4594 2617 4658 vindicavit,
2652 4597 2755 4661 hoc
2800 4601 2867 4654 ab
2899 4602 3197 4659 idololatria
3229 4608 3506 4664 liberavit:

1906 4680 2033 4734 illud
2061 4682 2395 4738 Pharaonem
2420 4727 2434 4748 ,
2469 4687 2570 4741 hoc
2594 4687 2866 4744 diabolum
2893 4692 3206 4750 sull'ocavit:
3235 4708 3356 4768 post
3383 4700 3514 4756 illud

1905 4771 2208 4834 Palmstina,
2237 4785 2359 4842 post
2387 4775 2488 4831 hoc
2513 4780 2723 4832 cmlum.

1975 4862 2051 4915 Ab
2072 4863 2415 4920 observatione
2441 4868 2630 4922 rituum
2654 4867 2991 4925 Iudaicarum
3020 4877 3254 4930 deterret.
3281 4910 3352 4920 -—
3372 4880 3512 4947 Quid

1904 4953 2064 5022 igitur
2100 4955 2335 5010 lucerna:
2381 4960 2623 5023 assides,
2655 4976 2777 5014 eum
2828 4965 2909 5018 sol
2963 4971 3316 5036 apparuerit?
3363 4973 3507 5037 Cur,

1902 5059 2105 5111 quaeso,
2136 5045 2272 5100 lacte
2301 5048 2380 5100 vis
2410 5051 2640 5116 nutriri,
2673 5069 2794 5106 cum
2819 5055 2969 5109 cibus
3011 5059 3101 5111 tibi
3139 5062 3342 5116 solidus
3370 5079 3511 5134 prte-

1904 5134 2138 5190 beatur?
2166 5138 2453 5208 Pr0pterea
2485 5141 2623 5196 lat-te
2651 5148 2879 5202 nutritus
2907 5164 2986 5211 cs,
3021 5167 3087 5205 ne
3121 5153 3258 5210 lacte
3281 5169 3505 5212 conten-

1901 5234 1984 5279 tus
2005 5241 2186 5282 esses:
2219 5243 2502 5300 pr0pterca
2527 5234 2615 5288 tibi
2643 5236 2858 5292 lucerna
2880 5244 3144 5309 apparuit,
3171 5247 3312 5299 utad
3336 5250 3507 5304 solem

1898 5316 2262 5374 deducereris.
2295 5322 2428 5377 Cum
2461 5325 2621 5394 igitur
2658 5345 2744 5382 res
2783 5331 3129 5398 perfectiores
3168 5336 3503 5402 advenerim.

1897 5408 1964 5462 ad
1995 5411 2198 5478 priores
2226 5429 2291 5467 ne
2319 5431 2661 5473 recurramus
2685 5463 2700 5484 ,
2731 5438 2906 5491 neque
2933 5425 3047 5480 dies
3075 5437 3129 5481 et
3166 5438 3408 5500 tempora
3452 5449 3480 5487 e
3499 5449 3515 5488 ι

1895 5517 2065 5556 annos
2090 5503 2439 5562 observemus
2462 5551 2478 5574 ,
2528 5511 2620 5564 sed
2651 5512 2847 5582 ubique
2893 5516 3177 5587 diligenter
3206 5521 3443 5578 Ecclesia
3463 5543 3511 5578 Ill

1895 5607 2184 5662 sequamur
2202 5607 2255 5651 et
2272 5599 2548 5655 caritatem
2567 5618 2628 5656 ac
2649 5620 2834 5673 pacem
2857 5611 3106 5664 omnibus
3125 5613 3473 5680 praeferamus
3493 5660 3500 5667 .

1896 5681 2046 5738 Licet
2072 5687 2215 5740 enim
2245 5688 2484 5762 Ecclesia
2516 5695 2785 5751 falleretur
2805 5740 2819 5762 ,
2861 5716 2967 5754 non
2998 5705 3406 5773 tantumlaudis
3434 5724 3504 5763 ac

1893 5775 2023 5831 lucri
2053 5791 2118 5831 ex
2149 5788 2448 5849 temporum
2481 5797 2666 5841 exacta
2692 5792 2919 5855 ratione,
2955 5807 3210 5864 quantum
3243 5800 3498 5871 vituperii

1892 5881 1959 5919 ex
1990 5867 2250 5925 divisione
2275 5887 2338 5928 ac
2371 5874 2661 5934 schismate
2690 5895 3040 5952 nasceretur;
3067 5887 3179 5958 jam
3213 5905 3343 5946 vero
3375 5891 3494 5948 nul-
