4150 6352
621 404 719 458 871

632 527 736 581 lam
791 542 893 599 ego
928 526 1189 596 temporis
1220 526 1488 580 rationem
1540 524 1747 591 habeo,
1799 524 2226 594 quandoquidem

632 634 804 686 neque
830 617 989 671 habet
1022 616 1159 670 Deus
1181 657 1195 680 ,
1228 613 1675 687 quemadmodum
1703 615 2184 669 demonstravimus
2209 656 2224 679 ,

630 725 751 764 cum
786 713 885 765 hac
913 710 981 764 de
1010 726 1067 764 re
1105 711 1254 765 multi
1288 711 1453 765 habili
1492 710 1687 764 fuerint
1731 724 1759 762 a
1787 724 1871 762 me
1911 722 2221 761 sermones:

629 802 723 856 sed
764 790 925 856 unum
968 802 1018 858 id
1060 819 1264 873 quaero,
1297 813 1353 857 ut
1380 802 1433 857 in
1466 818 1593 873 pace
1618 802 2012 871 concordiaque
2037 811 2224 855 cuncta

627 894 907 959 faciamus,
946 912 1014 950 ne
1039 895 1165 949 dum
1205 912 1301 950 nos
1324 896 1647 966 jejunamus,
1680 910 1741 948 ac
1773 896 2000 965 populus
2028 894 2222 959 omnis,

620 994 673 1039 et
712 1001 902 1054 preces
939 1002 1032 1054 pro
1066 996 1327 1041 terrarum
1357 988 1487 1042 orbe
1530 986 1753 1041 fundunt
1789 986 2134 1051 Sacerdotes,
2170 996 2225 1039 tu

623 1075 875 1130 ebrietati
905 1077 1046 1130 domi
1076 1092 1248 1132 vaces.
1285 1077 1469 1147 Cogita
1495 1094 1651 1148 quam
1674 1077 1773 1131 hoc
1803 1078 1872 1131 sit
1898 1077 2225 1147 operationis

629 1165 906 1221 diabolicrc
930 1208 946 1235 ,
976 1184 1075 1223 nec
1103 1184 1264 1223 unum
1293 1170 1467 1223 solum
1492 1210 1507 1235 ,
1538 1183 1636 1224 nec
1661 1168 1766 1223 duo
1791 1212 1804 1235 ,
1834 1184 1933 1222 nec
1962 1169 2058 1223 :ria
2085 1211 2098 1233 ,
2129 1166 2223 1222 sed

628 1261 795 1314 multo
826 1262 972 1330 plura
1008 1274 1222 1331 peccata
1243 1276 1423 1317 secum
1455 1264 1648 1316 trahat.
1674 1264 1713 1317 A
1739 1277 1900 1332 grege
1930 1272 1979 1316 te
2001 1261 2220 1323 divellit,

629 1362 681 1405 et
709 1348 907 1417 efﬁcit,
938 1364 993 1406 ut
1038 1364 1143 1407 tam
1185 1354 1382 1409 multos
1411 1354 1601 1407 Patres
1620 1354 1978 1427 condemnes,
2010 1355 2059 1407 in
2091 1369 2222 1407 con-

630 1442 895 1498 tentiones
928 1444 1249 1514 prcccipitnt,
1290 1444 1354 1497 ad
1382 1444 1597 1499 Judmos
1635 1442 1886 1513 expellit,
1916 1444 2220 1498 scandalum

630 1543 681 1590 te
713 1552 897 1589 rursus
922 1545 974 1589 et
1002 1536 1310 1591 domesticis
1353 1547 1406 1591 et
1432 1538 1619 1592 alienis
1648 1538 1914 1607 proponit.
1945 1536 2045 1604 Qui
2074 1552 2222 1591 nam-

627 1640 732 1694 que
762 1628 1055 1695 poterimus
1083 1626 1201 1682 illos
1229 1628 1621 1695 reprehendere
1645 1669 1659 1693 ,
1690 1629 1732 1681 si
1760 1628 1904 1681 domi
1934 1638 2181 1681 maneant
2204 1669 2217 1692 ,

628 1730 748 1769 cum
780 1726 833 1769 tu
860 1717 924 1769 ad
958 1717 1078 1771 illos
1103 1719 1331 1771 curras?
1367 1717 1550 1787 Neque
1592 1733 1721 1771 vero
1746 1716 1861 1772 haec
1900 1719 2069 1771 solum
2096 1733 2221 1787 pec-

627 1816 747 1861 cata
777 1817 932 1871 sunt,
967 1809 1060 1864 sed
1089 1810 1227 1879 quod
1261 1825 1509 1880 magnum
1537 1811 1915 1865 detrimentum
1945 1813 2217 1882 capiatur,

626 1913 747 1952 cum
775 1915 947 1970 neque
975 1901 1263 1969 Scripturis
1283 1944 1296 1966 ,
1334 1918 1505 1972 neque
1532 1904 1897 1967 concionibus,
1926 1920 2097 1973 neque
2128 1906 2219 1957 be-

628 1991 931 2046 nedictione
957 2034 972 2059 ,
1020 2008 1193 2063 neque
1234 1994 1606 2048 communibus
1652 1994 1897 2062 precibus
1927 1995 1977 2047 in
2003 1994 2222 2064 jcjuniis

632 2083 737 2137 illis
765 2084 955 2137 fruaris
979 2096 1009 2148 ,'
1037 2084 1130 2139 sed
1162 2098 1281 2139 cum
1312 2100 1471 2153 prava
1516 2084 1841 2139 conscientia
1889 2093 2055 2138 totum
2095 2086 2219 2138 illud

626 2180 836 2244 tempus
868 2173 1113 2228 traducas
1132 2214 1148 2240 ,
1179 2182 1425 2229 metuens
1447 2188 1508 2229 ac
1536 2185 1797 2239 tremens,
1827 2190 1891 2228 ne
1910 2176 2218 2246 deprehen-

623 2262 769 2318 daris
791 2274 1061 2333 tamquam
1087 2265 1385 2335 alienigena
1414 2266 1629 2335 quidam
1657 2275 1710 2321 et
1738 2268 2066 2336 peregrinus,
2100 2283 2219 2322 eum

626 2363 678 2411 te
704 2366 975 2426 oporteret
1001 2343 1123 2412 cum
1166 2358 1354 2412 ﬁducia
1407 2368 1462 2412 et
1490 2360 1762 2428 voluptate
1786 2401 1800 2425 ,
1835 2374 1955 2413 cum
1998 2359 2179 2414 lzetitia
2206 2404 2218 2424 ,

624 2462 745 2501 eum
776 2447 925 2503 omni
951 2449 1198 2503 libertate
1229 2450 1420 2513 simul,
1450 2465 1571 2504 cum
1602 2451 1839 2505 Ecclesia
1863 2461 2056 2506 cuncta
2097 2468 2217 2522 per-

626 2538 806 2592 licere.
855 2536 1038 2608 Neque
1081 2539 1223 2593 enim
1252 2539 1496 2595 Ecclesia
1525 2550 1765 2595 exactam
1798 2542 2058 2595 rationem
2091 2550 2225 2595 tem-

624 2642 816 2698 porum
858 2630 1033 2682 novit:
1067 2629 1160 2683 sed
1189 2631 1439 2701 quoniam
1483 2632 1551 2686 ab
1578 2631 1727 2685 initio
1756 2631 2005 2685 Patribus
2048 2632 2219 2687 visum

1344 408 1383 468 S
1441 407 1718 466 JOANNIS
1757 408 2237 465 CllllYSOSTOMl
2275 408 2594 464 ARCIIIEP.
2636 408 3172 465 CONSTANTINOP.

3830 412 3939 465 872

2334 532 2418 577 est
2446 519 2566 575 loco
2605 522 2805 576 dissitis
2845 521 2999 576 simul
3031 521 3316 577 convenire
3343 565 3355 579 .
3404 534 3562 591 atque
3611 522 3755 577 hunc
3788 524 3931 577 diem

2333 615 2561 670 deﬁnire
2582 656 2597 681 ,
2629 630 2951 670 consensum
2983 616 3180 683 ubique
3211 616 3418 684 plurimi
3447 614 3649 671 faciens
3672 658 3685 680 ,
3719 626 3775 670 et
3804 633 3937 669 con-

2330 709 2570 765 cordiam
2600 709 2828 780 diligens
2852 751 2865 773 ,
2897 709 3037 779 quod
3068 707 3374 763 mandatum
3422 709 3520 763 fuit
3549 709 3795 778 amplexa
3833 720 3935 761 est.

2330 802 2473 857 Fieri
2502 802 2697 872 quippe
2724 817 2827 855 non
2860 815 3016 870 posse
3038 842 3051 865 ,
3083 810 3142 855 ut
3172 802 3253 855 vel
3286 817 3381 855 nos
3417 800 3501 855 vel
3530 815 3653 865 vos,
3686 801 3769 853 vel
3795 800 3937 851 alius

2330 895 2501 964 quivis
2526 895 2695 963 ipsum
2724 893 3049 947 dominicum
3073 892 3213 947 diem
3237 902 3569 962 assequatur,
3601 890 3937 945 sufﬁcienter

2331 996 2413 1039 est
2449 986 2500 1038 in
2534 985 2957 1055 prmcedentibus
3003 984 3449 1039 demonstratum.
3493 982 3570 1036 Ne
3600 984 3760 1053 igitur
3809 997 3933 1036 cum

2332 1076 2520 1130 umbra
2550 1075 2904 1146 digladiemur
2925 1117 2938 1139 ,
2970 1090 3143 1144 neque
3172 1075 3240 1129 de
3271 1075 3431 1129 rebus
3460 1074 3768 1145 vulgaribus
3794 1089 3934 1128 con-

2331 1167 2607 1221 tendentes
2634 1168 2686 1220 in
2721 1170 2925 1237 magnis
2951 1182 3049 1221 nos
3076 1166 3218 1235 ipsos
3246 1166 3524 1221 lzedamus.
3553 1166 3684 1220 Nam
3716 1166 3821 1219 hoc
3845 1165 3932 1219 vel

2329 1257 2420 1311 illo
2448 1266 2688 1326 tempore
2726 1257 2970 1327 jejunare
2999 1258 3201 1311 nullum
3230 1268 3311 1311 est
3349 1259 3548 1312 crimen
3590 1275 3602 1310 :
3634 1257 3936 1311 Ecciesiam

2335 1358 2515 1411 autem
2544 1348 2783 1403 dividere
2804 1390 2819 1412 ,
2849 1364 2911 1403 ac
2938 1350 3370 1403 contentionibus
3399 1364 3612 1413 vacare,
3641 1357 3694 1403 et
3722 1348 3938 1407 discor-

2328 1441 2441 1495 dias
2466 1456 2647 1496 serere
2672 1485 2686 1505 ,
2722 1457 2885 1512 seque
2920 1458 3073 1496 sacro
3097 1452 3359 1498 conventu
3390 1452 3645 1513 perpetuo
3677 1443 3893 1511 privare
3914 1484 3931 1508 ,

2327 1533 2483 1587 venia
2515 1543 2685 1599 caret,
2716 1534 3091 1589 criminatione
3118 1535 3357 1604 dignum,
3391 1543 3444 1588 et
3469 1534 3637 1587 multo
3667 1534 3933 1602 supplicio

2327 1632 2410 1678 est
2436 1624 2746 1678 obnoxium.
2778 1628 2853 1678 Ac
2884 1633 3129 1693 poterant
3155 1624 3366 1694 quidem
3406 1625 3553 1695 plura
3583 1623 3709 1689 dici,
3742 1639 3931 1677 verum

2327 1718 2392 1771 iis
2418 1718 2504 1786 qui
2535 1718 2723 1771 attenti
2768 1716 3001 1781 fuerint,
3034 1732 3096 1771 ea
3142 1734 3259 1787 quae
3289 1716 3399 1786 jam
3430 1724 3555 1771 sunt
3592 1716 3735 1771 dicta
3781 1715 3935 1770 sufﬁ-

2326 1808 2504 1863 ciunt:
2536 1806 2710 1861 minus
2736 1808 2952 1861 attentis
2980 1817 3184 1877 autem,
3211 1823 3384 1877 neque
3411 1808 3454 1862 si
3487 1808 3637 1877 plura
3661 1807 3934 1871 dicantur,

2327 1901 2613 1970 quidquam
2646 1900 2905 1969 proderit.
2951 1901 3209 1969 Quocirca
3258 1902 3415 1956 ﬁnem
3462 1902 3550 1956 hic
3593 1901 3805 1954 dieemli
3859 1899 3938 1951 fa-

2327 1993 2531 2046 cientes
2557 2008 2743 2047 omnes
2772 1993 2930 2047 simul
2960 1992 3151 2048 fratres
3177 2004 3388 2046 nostros
3414 2008 3627 2047 oremus
3658 2001 3715 2045 ut
3739 1990 3805 2043 ad
3834 2004 3936 2043 nos

2328 2086 2587 2152 redeant,
2620 2095 2677 2139 et
2702 2101 2887 2155 pacem
2921 2086 3338 2155 amplectantur,
3370 2086 3437 2139 ab
3467 2087 3768 2152 importuna
3797 2098 3933 2137 eon-

2329 2176 2563 2230 tentione
2591 2177 2886 2241 discedant,
2921 2186 2974 2230 et
3004 2177 3084 2231 his
3126 2177 3338 2245 ineptiis
3381 2176 3638 2246 neglectis
3688 2184 3931 2229 mentem

2327 2277 2382 2322 et
2413 2268 2787 2337 cogitationem
2834 2269 3080 2323 attollant
3104 2310 3119 2332 ,
3170 2279 3327 2339 atque
3356 2284 3384 2322 a
3414 2278 3714 2338 temporum
3747 2268 3936 2322 obser—

2329 2359 2542 2413 vatione
2586 2360 2914 2424 liberentur,
2962 2370 3017 2415 ut
3062 2376 3167 2415 uno
3197 2376 3383 2417 omnes
3408 2361 3588 2414 animo
3628 2368 3792 2428 atque
3825 2375 3937 2413 uno

2328 2468 2423 2507 ore
2451 2453 2815 2523 gloriﬁccmus
2840 2455 3008 2508 Deum
3038 2466 3092 2509 et
3120 2456 3329 2531 Patrem
3364 2455 3571 2510 Domini
3604 2456 3773 2509 nostri
3800 2454 3934 2509 Jesu

2331 2544 2558 2609 Christi,
2588 2546 2670 2599 cui
2697 2545 2867 2614 gloria
2895 2554 2948 2600 et
2976 2546 3257 2614 imperium
3288 2562 3427 2602 nunc
3466 2556 3519 2603 et
3546 2561 3763 2615 semper
3792 2555 3848 2599 et
3880 2545 3934 2597 in

2332 2634 2523 2688 saecula
2548 2636 2890 2692 smculorum.
2931 2638 3124 2692 Amen.

627 2764 3931 2794 .._._________.._______________________________________________

686 2838 1010 2901 CONTRA
1038 2841 1360 2904 JUD/EOS
1390 2843 1473 2903 ΙΝ
1517 2842 1772 2904 TUBAS
1816 2841 2255 2903 PASCHATIS
2298 2842 2603 2921 EORUM,
2650 2848 3119 2913 ANTIOCHI/13
3164 2853 3465 2915 HABITA
3514 2856 3591 2917 IN
3636 2856 3935 2918 MAGNA

2032 2942 2418 3005 ECCLESIA
2443 2942 2486 3003 ‘.

2046 3089 2465 3157 mm

1200 3238 1397 3279 ORATIO
1427 3240 1656 3288 QUARTA.

697 3375 751 3432 Ι.
786 3377 993 3433 Rursus
1021 3378 1261 3435 infelices
1282 3380 1357 3435 illi
1387 3381 1797 3453 mortaliumque
1836 3386 2079 3455 omnium
2122 3388 2223 3441 mi—

624 3468 837 3523 serrimi
859 3467 1031 3524 Judaei
1052 3469 1341 3539 jejunaturi
1367 3480 1492 3525 sunt
1523 3490 1536 3526 :
1567 3486 1753 3527 rursus
1777 3472 1976 3529 Christi
2006 3491 2221 3547 gregem

625 3560 932 3616 muniamus
952 3576 1177 3616 necesse
1220 3570 1322 3616 est.
1374 3562 1814 3634 Quandoquidem
1861 3575 1916 3620 et
1957 3576 2219 3636 pastores,

625 3649 881 3719 quamdiu
913 3651 1071 3706 noxia
1100 3653 1270 3707 bestia
1297 3655 1519 3708 molesta
1544 3670 1648 3709 non
1671 3666 1774 3723 est,
1808 3658 1909 3713 sub
1935 3658 2109 3714 ilicem
2133 3670 2224 3715 aut

627 3741 884 3811 populum
916 3742 1167 3811 porrecti,
1192 3741 1367 3797 ﬁstula
1398 3755 1618 3813 canunt,
1640 3747 1877 3803 sinenles
1903 3764 2031 3804 oves
2058 3751 2224 3807 libere

628 3848 726 3903 pro
750 3848 848 3889 suo
870 3834 1128 3890 arbitratu
1160 3851 1380 3906 pascere
1408 3854 1422 3890 :
1452 3840 1814 3898 verum.simul
1844 3850 2003 3912 atque
2028 3857 2216 3899 sense-

624 3924 735 3980 rint
778 3925 1024 3980 alicunde
1063 3926 1307 3997 luporum
1345 3928 1706 3985 incursionem
1756 3934 2059 3998 imminere,
2100 3950 2222 3989 mox

625 4016 834 4086 abjecta
862 4016 1056 4083 fistula,
1085 4017 1298 4073 fundam
1336 4020 1619 4089 arripiunt,
1658 4032 1712 4077 et
1748 4024 1949 4080 omisso
1977 4018 2221 4092 calamo,

624 4108 851 4165 fustibus
877 4118 932 4165 et
956 4111 1099 4165 saxis
1128 4110 1407 4167 obarmant
1434 4126 1574 4180 sese,
1618 4129 1820 4185 proque
1871 4117 1995 4170 ovili
2043 4119 2222 4173 consi-

626 4209 851 4267 stentes,
873 4215 1068 4271 magno
1095 4201 1351 4269 clamore,
1378 4204 1684 4275 ingentique
1706 4207 1906 4262 ululatu
1930 4210 2225 4264 vociferan-

628 4301 729 4354 tes,
760 4294 1069 4361 frcquenter
1091 4292 1207 4361 ipso
1234 4293 1470 4349 clamore
1492 4294 1681 4363 feram,
1702 4298 2011 4368 priusquam
2042 4301 2226 4355 irrum-

625 4392 737 4453 pat,
767 4383 1014 4453 abigunt.
1059 4382 1248 4439 Itidem
1289 4394 1343 4439 et
1386 4401 1483 4440 nos
1529 4389 1896 4456 superioribus
1932 4390 2124 4447 diebus
2171 4394 2223 4447 in

626 4474 923 4543 Scriptura,
954 4474 1100 4528 velut
1136 4475 1189 4529 in
1243 4483 1417 4544 prato,
1460 4475 1705 4533 ludentes
1753 4480 2086 4552 cboreasque
2126 4481 2225 4537 du-

626 4576 832 4631 centes,
863 4566 993 4620 nihil
1023 4567 1075 4620 in
1102 4569 1439 4623 enarratione
1463 4571 1735 4640 attigimus
1767 4576 2087 4630 contentiosi
2112 4590 2225 4631 ser-

625 4658 840 4712 monis:
874 4672 941 4712 eo
960 4657 1101 4727 quod
1128 4658 1306 4713 nullus
1339 4668 1502 4726 esset,
1546 4662 1637 4731 qui
1688 4662 1844 4739 nobis
1889 4665 2220 4733 obturbaret,

625 4759 719 4803 aut
760 4748 1022 4803 molestus
1060 4758 1223 4803 esset.
1268 4750 1537 4805 Cancrum
1580 4755 1832 4823 quoniam
1883 4754 2041 4811 hodie
2086 4758 2225 4828 lupis

627 4840 878 4895 omnibus
899 4840 1150 4895 smviores
1183 4840 1353 4895 Judazi
1401 4857 1531 4897 oves
1575 4844 1729 4898 nobis
1771 4846 2223 4904 circumvallaturi

626 4940 772 4994 sunt,
794 4930 857 4984 ad
890 4946 1095 5001 pugnos
1121 4941 1176 4986 et
1214 4946 1445 5001 pugnam
1490 4934 1832 5006 accingamur
1869 4947 2104 5007 oportet,
2156 4956 2223 4997 ne

626 5021 752 5093 quid
785 5022 937 5076 nobis
972 5032 1212 5093 ereptum
1262 5025 1417 5081 cedat
1464 5026 1515 5080 in
1566 5028 1798 5097 praedam
1844 5028 2099 5085 ferarmn.
2146 5032 2224 5087 Ne

627 5128 755 5168 vero
790 5115 984 5168 mirum
1028 5116 1181 5179 vobis
1227 5115 1504 5183 videatur,
1545 5118 1588 5173 si
1629 5133 1751 5173 cum
1795 5121 2053 5190 jejunium
2093 5123 2222 5178 illud

627 5213 750 5272 post
776 5204 960 5259 decem
994 5215 1047 5260 et
1076 5222 1141 5261 eo
1167 5208 1396 5276 amplius
1419 5208 1534 5264 dies
1561 5218 1845 5265 venturum
1893 5213 1984 5278 sit,
2018 5230 2114 5269 nos
2156 5215 2224 5270 ab

628 5296 731 5351 hoc
761 5297 939 5351 statim
964 5307 1203 5368 tempore
1222 5302 1491 5355 munimus
1513 5311 1565 5356 et
1590 5318 1858 5359 armamus
1887 5306 2093 5363 animas
2128 5324 2223 5363 ve-

627 5400 768 5444 stras
796 5408 809 5442 :
838 5392 1267 5462 quandoquidem
1294 5402 1351 5448 et
1378 5394 1515 5448 inter
1543 5396 1803 5465 agricolas
1823 5398 1913 5468 qui
1943 5400 2223 5470 vigilantes

624 5492 682 5539 et
710 5480 955 5537 indusuii
986 5493 1128 5549 sunt,
1163 5498 1286 5539 cum
1314 5483 1511 5539 habent
1532 5487 1763 5541 vicinum
1794 5498 2107 5558 torrentem,
2133 5492 2221 5561 qui

693 5659 829 5723 f_sic_
845 5666 948 5708 tres
974 5666 1104 5720 Mss;
1128 5665 1421 5723 postremam
1437 5672 1558 5711 vero
1588 5668 1778 5723 partem
1801 5664 1944 5722 tituli,
1967 5664 2226 5716 mtiochiw

628 5718 790 5785 habita
809 5721 862 5785 in
900 5718 1335 5785 magna‘ecclesia,
1376 5724 1526 5775 habet
1562 5718 1709 5773 etiam
1736 5725 1876 5775 savii.
1916 5718 1967 5776 In
2011 5728 2226 5777 editione

626 5780 787 5908 gregi:
808 5780 1021 5846 legitur]
1066 5782 1283 5846 ejusdem
1304 5780 1473 5835 eontra
1493 5786 1690 5838 Judwos
1711 5788 1864 5839 oratio
1887 5797 1937 5839 It
1952 5827 1966 5852 ,
2009 5796 2063 5841 et
2108 5789 2226 5839 nihil

790 5861 896 5899 rea.

2329 3240 2508 3298 vexat,
2538 3231 2794 3303 laeditque
2814 3243 3071 3303 segetem,
3095 3250 3203 3290 non
3225 3236 3545 3292 adventante
3591 3238 3791 3306 hieme,
3832 3242 3931 3295 sed

2327 3334 2539 3396 tempus
2564 3326 2691 3381 illud
2722 3336 3106 3397 praevertentes
3136 3337 3191 3384 et
3217 3330 3365 3403 ripas
3400 3331 3704 3401 obscpiunt,
3740 3343 3794 3388 et
3834 3349 3930 3403 ag-

2325 3432 2481 3488 geres
2506 3418 2738 3489 erigunt,
2767 3428 2821 3474 et
2850 3419 3022 3475 fossas
3046 3432 3229 3491 agunt,
3273 3422 3503 3493 denique
3538 3425 3713 3479 modis
3745 3427 3928 3479 omni-

2328 3508 2429 3563 bus
2456 3525 2576 3565 sese
2608 3521 2913 3581 praeparant
2936 3511 3192 3566 adversus
3233 3514 3487 3568 torrentis
3529 3513 3763 3569 futuram
3805 3517 3926 3569 vio-

2327 3601 2568 3657 lentiam.
2605 3603 2737 3657 Dum
2766 3604 2908 3657 enim
2939 3605 3258 3674 tranquillus
3297 3616 3401 3669 est,
3440 3614 3601 3676 atque
3638 3618 3923 3678 angustus,

2328 3692 2485 3748 facile
2512 3700 2596 3747 est
2620 3693 2695 3747 illi
2734 3694 2979 3748 admoliri
3032 3710 3222 3751 manus
3278 3712 3291 3749 :
3343 3712 3528 3751 verum
3574 3708 3922 3769 posteaquam

2327 3784 2575 3852 increvit,
2595 3785 2870 3855 multoque
2897 3801 3158 3856 aquarum
3192 3787 3389 3857 impetu
3427 3788 3595 3843 fertur
3627 3792 3919 3857 violentus,

2327 3893 2435 3932 non
2487 3878 2712 3948 perinde
2755 3878 2909 3936 facile
2948 3889 3031 3935 εει
3076 3881 3367 3937 exundanti
3406 3882 3690 3939 obsistere.
3730 3884 3922 3955 EOque

2326 3972 2500 4026 multo
2526 3981 2651 4027 ante
2698 3980 2938 4042 tempore
2988 3975 3322 4043 praaveniunt
3367 3975 3510 4031 illius
3554 3978 3915 4046 eruptionem,

2326 4064 2681 4133 undequaque
2708 4074 3073 4133 praaparantes
3107 4065 3362 4136 quidquid
3388 4081 3545 4138 agros
3581 4070 3750 4138 possit
3777 4078 3920 4125 tutos

2327 4156 2575 4214 reddere.
2595 4156 2684 4212 Sic
2704 4164 2757 4211 et
2778 4157 2978 4212 milites
2999 4166 3053 4211 et
3082 4167 3279 4220 nautas,
3310 4166 3366 4213 et
3390 4159 3660 4229 agricola},
3691 4169 3744 4215 et
3774 4176 3919 4216 mes-

2326 4266 2477 4305 sores
2511 4250 2688 4305 facere
2729 4259 3145 4306 consueverunt.
3184 4250 3478 4321 Siquidem'
3505 4254 3703 4308 milites
3738 4254 3918 4324 prius-

2326 4357 2487 4411 quam
2515 4343 2694 4399 veniat
2734 4340 3000 4412 pugnandi
3042 4349 3271 4411 tempus,
3312 4352 3366 4396 et
3396 4342 3670 4398 thoracem
3705 4344 3921 4399 abster-

2325 4444 2478 4505 gnnt,
2513 4444 2566 4489 et
2591 4442 2798 4489 scutum
2830 4432 3294 4503 circumspiciunt,
3327 4442 3381 4489 et
3425 4433 3606 4490 frenos
3635 4447 3915 4505 apparant,

2327 4536 2380 4582 et
2408 4541 2575 4597 equos
2603 4526 2749 4580 omni
2786 4526 3062 4595 diligentia
3099 4525 3359 4589 nutriunt,
3400 4534 3704 4596 cmteraque
3740 4530 3918 4583 omnia

2328 4626 2473 4673 recte
2499 4618 2889 4687 diligenterque
2913 4626 3124 4671 curant.
3156 4616 3414 4671 Similiter
3442 4624 3498 4672 et
3526 4626 3705 4692 itaque
3742 4622 3920 4688 prius-

2326 4725 2485 4780 quam
2511 4710 2688 4763 navim
2712 4712 2762 4763 in
2796 4717 3007 4778 portum
3030 4708 3332 4775 detrahant,
3369 4718 3423 4764 et
3465 4711 3704 4764 carinam
3751 4726 3919 4780 appa-

2329 4814 2470 4868 rant,
2494 4813 2548 4858 et
2575 4804 2875 4857 instaurant
2913 4802 3102 4868 latera,
3144 4810 3199 4856 et
3242 4816 3420 4856 remos
3457 4801 3662 4867 dolant,
3702 4809 3758 4855 et
3805 4804 3922 4858 vela

2326 4896 2722 4958 consarcinant,
2758 4894 2991 4963 denique
3032 4892 3288 4962 quidquid
3333 4900 3592 4961 praaterea
3638 4892 3708 4947 ad
3757 4893 3923 4947 totius

2329 4986 2478 5040 navis
2502 4993 2826 5040 armaturam
2853 4984 3105 5053 pertinet,
3122 4969 3421 5051 diligenter
3448 4992 3740 5037 accurant:
3774 4998 3922 5039 mes-

2326 5094 2479 5133 sores
2515 5078 2640 5132 item
2685 5076 2865 5143 multis
2902 5085 3026 5128 ante
3060 5073 3248 5129 diebus
3290 5084 3344 5130 et
3387 5073 3553 5129 falces
3600 5086 3826 5139 acuunt,
3871 5088 3918 5132 el

2326 5187 2505 5227 aream
2538 5176 2867 5241 praeparant,
2920 5168 3086 5224 boves
3136 5168 3264 5222 item
3304 5176 3359 5221 et
3396 5182 3636 5233 currum,
3688 5169 3919 5228 breviter

2328 5262 2582 5334 quidquid
2607 5261 2737 5330 ipsis
2761 5259 2829 5314 ad
2855 5273 3087 5314 messem
3116 5268 3172 5315 et
3196 5254 3437 5313 trituram
3468 5258 3811 5315 conducibile
3835 5260 3922 5330 ju-

2327 5355 2525 5409 dicant.
2554 5352 2665 5407 lmo
2692 5352 2876 5407 videas
2929 5366 3119 5406 omnes
3167 5348 3435 5415 homines,
3482 5350 3527 5403 si
3562 5349 3693 5420 quid
3741 5365 3923 5407 rerum

2328 5449 2591 5520 agendum
2619 5456 2721 5512 est,
2749 5447 2898 5516 prius
2920 5443 2985 5497 ad
3004 5458 3096 5499 eas
3127 5452 3441 5513 apparatum
3483 5442 3683 5510 facere,
3716 5454 3778 5500 ut
3804 5461 3925 5503 cum

2328 5542 2608 5598 advenerit
2638 5541 2711 5597 rei
2742 5537 2992 5611 gerendae
3014 5548 3245 5609 tempus,
3270 5536 3423 5593 facile
3452 5536 3765 5605 conﬁciant,
3785 5542 3927 5612 quod

2328 5645 2412 5691 est
2434 5648 2591 5704 opus.

2400 5748 2700 5803 .Indworum
2722 5746 2980 5819 jejunium
3006 5742 3239 5813 impium.
3279 5770 3349 5783 —
3388 5739 3498 5795 Hos
3532 5740 3699 5812 igitur
3734 5753 3792 5797 et
3834 5759 3930 5799 nos

2332 5841 2621 5906 imitantes,
2658 5839 2841 5896 multis
2884 5850 3013 5895 ante
3056 5834 3246 5891 diebus
3284 5831 3683 5903 praemunimus
3718 5837 3929 5890 animas
