4178 6324
288 341 402 398 873

242 469 476 521 vestras,
503 453 856 510 exhortantes
881 464 1002 516 vos,
1031 457 1089 504 ut
1121 449 1344 519 impium
1395 447 1497 503 hoc
1540 448 1850 504 Judzeorum

244 557 302 601 et
349 548 671 601 sceleratum
691 543 956 614 jejunium
987 541 1222 612 fugiatis.
1251 541 1440 610 Neque
1483 542 1627 596 enim
1670 541 1740 595 ita
1768 542 1851 596 di-

247 640 425 702 xeris,
443 635 691 707 jejunant
716 653 728 687 :
765 635 894 705 quin
919 634 1095 702 potius
1123 633 1256 686 illud
1281 632 1411 686 mihi
1435 632 1726 697 ostendito,
1757 647 1852 686 eos

243 747 311 785 ex
366 730 461 793 Del
507 730 770 784 sententia
820 726 1088 797 jejuuare.
1130 726 1284 792 Quod
1338 726 1391 779 ni
1439 726 1490 779 id
1521 725 1631 791 ﬂat,
1665 728 1854 796 quavis

245 820 511 875 ebrietate
537 817 855 873 sceleratius
877 827 960 873 est
978 817 1264 887 jejunium.
1292 816 1478 886 Neque
1506 816 1648 872 enim
1677 818 1850 872 solum

245 911 704 965 Considerandum
748 920 828 965 est
874 910 1002 980 quid
1048 909 1134 963 ab¢
1163 910 1283 963 istis
1329 910 1440 972 liat,
1491 925 1678 964 verum
1723 909 1851 964 illud

245 1003 413 1057 etiam
440 1001 855 1068 observandum,
887 1017 1046 1071 quam
1072 1001 1140 1055 ob
1165 1015 1380 1056 causam
1411 1001 1632 1055 iaciant.

323 1092 413 1146 Ea:
440 1094 697 1148 voluntate
725 1091 821 1146 Dei
852 1103 958 1145 tum
986 1092 1172 1145 bonum
1218 1102 1322 1144 tum
1362 1092 1556 1146 malum
1593 1092 1851 1162 penditur.

247 1184 560 1239 —Etenim
601 1182 744 1252 quod
785 1182 843 1236 ﬁt
879 1184 1030 1252 juxta
1070 1182 1164 1236 Dei
1208 1182 1560 1248 voluntatem,
1610 1183 1854 1252 quamvis

251 1277 499 1330 videatur
528 1275 826 1345 improbum
862 1289 1002 1338 esse,
1026 1273 1266 1327 omnium
1291 1275 1552 1342 optimum
1579 1282 1680 1328 est.
1710 1275 1852 1328 Con-

251 1378 356 1431 tra,
383 1365 527 1437 quod
556 1367 613 1421 fit
639 1376 834 1436 praeter
862 1365 958 1420 Dei
994 1366 1324 1420 voluntatem
1366 1375 1420 1419 et
1451 1366 1725 1434 placitum,
1754 1365 1854 1420 etsi

253 1468 477 1528 putetur
502 1457 783 1526 optimum,
821 1465 1000 1510 tamen
1051 1464 1135 1511 est
1179 1455 1418 1509 omnium
1460 1455 1754 1525 pessimum
1802 1464 1858 1510 et

253 1549 671 1619 iniquissimum.
701 1549 874 1602 Etiam
897 1547 941 1602 si
963 1548 1082 1617 quis
1111 1547 1321 1603 occidat
1342 1547 1638 1611 hominem,
1665 1548 1734 1602 ita
1765 1562 1860 1602 vo-

252 1645 401 1696 lente
424 1643 552 1706 Deo,
587 1644 774 1712 quavis
800 1641 1131 1695 humanitate
1160 1641 1350 1695 melius
1377 1651 1461 1695 est
1497 1641 1598 1695 hoc
1629 1641 1857 1695 homici-

251 1736 426 1789 dium.
459 1736 667 1790 Rursus
697 1735 742 1788 si
774 1734 893 1805 quis
925 1743 1126 1804 parcat,
1161 1744 1214 1788 et
1243 1733 1590 1788 humanitatis
1620 1734 1855 1788 officium

251 1828 534 1882 collocarit
560 1828 612 1882 in
641 1828 949 1897 quempiam
973 1836 1168 1896 prseter
1203 1826 1294 1880 Dei
1341 1827 1686 1891 sententiam,
1722 1843 1854 1894 qua-

253 1923 333 1976 vis
354 1922 508 1977 ezede
534 1921 851 1976 sceleratior
877 1929 960 1975 est
997 1920 1114 1975 haec
1152 1919 1501 1989 indulgentia.
1547 1918 1663 1974 Non
1713 1919 1856 1974 enim

255 2017 368 2084 ipsa
399 2029 578 2070 rerum
607 2024 798 2068 natura
829 2012 956 2088 facit
995 2023 1052 2066 ut
1097 2012 1285 2068 eadem
1326 2013 1410 2066 vel
1449 2011 1589 2067 bona
1628 2013 1736 2066 sint
1774 2012 1858 2066 vel

252 2107 415 2168 mala,
446 2107 538 2161 sed
569 2105 666 2160 Dei
691 2105 964 2174 placitum.

323 2197 380 2249 2.
424 2195 495 2252 Ut
538 2205 717 2249 autem
783 2195 1051 2264 intelligas
1106 2194 1209 2248 hoc
1262 2209 1382 2248 esse
1431 2209 1655 2256 verum,
1709 2191 1856 2245 audi.

253 2289 462 2353 Achab,
489 2303 611 2342 cum
639 2302 820 2357 regem
846 2287 1130 2360 quemdam
1158 2284 1416 2355 Syrorum
1448 2284 1696 2353 cepisset,
1723 2296 1856 2337 con-

255 2391 332 2435 tra
359 2383 456 2436 Dei
483 2381 811 2436 voluntatem
837 2379 986 2433 dedit
1014 2380 1208 2442 vitam,
1259 2386 1314 2431 et
1349 2392 1567 2432 assessu
1611 2376 1860 2444 dignatus

255 2484 358 2537 est,
386 2473 621 2542 denique
650 2473 815 2526 multa
850 2487 971 2526 cum
1019 2468 1423 2524 hoooriﬁcentia
1465 2469 1688 2523 dimisit.
1740 2467 1858 2520 Mox

256 2564 519 2634 propheta
546 2563 809 2634 quispiam
827 2563 1112 2629 accedens,
1132 2562 1265 2616 dixit
1293 2563 1359 2614 ad
1386 2561 1486 2615 sibi
1518 2560 1820 2630 proximum
1843 2573 1857 2610 :

258 2656 323 2711 In
347 2674 578 2711 sermone
609 2656 816 2709 Domini
843 2665 1044 2725 percute
1081 2671 1199 2718 me;
1246 2653 1334 2708 ille
1376 2669 1492 2706 vero
1536 2651 1700 2705 noluit
1747 2667 1860 2704 eum

259 2762 536 2819 percutere.
571 2749 714 2803 Dixit
743 2749 902 2819 igitur
927 2749 996 2801 ad
1030 2748 1178 2802 illum
1205 2745 1320 2802 :Eo
1340 2746 1476 2818 quod
1520 2762 1622 2799 non
1671 2744 1862 2797 audisti

258 2855 426 2893 vocem
450 2838 680 2904 Domini,
709 2856 823 2894 ecce
850 2849 904 2892 tu
931 2839 1129 2892 recedes
1152 2854 1184 2890 a
1211 2855 1310 2901 me,
1339 2847 1386 2890 et
1411 2837 1657 2908 percutiet
1687 2844 1734 2888 te
1761 2835 1860 2888 leo.

263 2931 502 2986 Discessit
529 2933 594 2986 ab
619 2933 729 2998 illo,
757 2940 804 2985 et
833 2933 1016 3002 reperit
1042 2947 1153 2984 eum
1177 2931 1272 2995 leo,
1308 2939 1354 2983 et
1381 2929 1646 2999 percussit.
1679 2929 1749 2981 Ac
1777 2944 1860 2980 re-

261 3024 384 3092 perit
412 3024 576 3076 alium
604 3023 858 3076 hominem
878 3065 892 3087 ,
922 3023 1003 3075 cui
1032 3022 1161 3074 dixit
1186 3038 1200 3075 :
1237 3025 1459 3078 Percute
1479 3037 1576 3074 me.
1629 3018 1697 3072 Et
1742 3022 1861 3088 per-

261 3117 412 3168 cussit
453 3132 569 3169 eum
611 3115 761 3168 homo
803 3115 911 3179 ille,
956 3115 1336 3184 vulneravitque
1371 3131 1505 3178 eum,
1547 3130 1607 3166 ac
1642 3112 1729 3166 ille
1771 3113 1863 3166 sibi

260 3204 494 3275 obligavit
542 3207 723 3277 {aciem
768 3205 844 3277 (3.
879 3205 1005 3276 Reg.
1035 3205 1124 3260 20.
1176 3206 1394 3274 55458).
1435 3204 1573 3270 Quid
1612 3205 1714 3260 hoc
1745 3214 1862 3259 stu-

261 3309 388 3364 pore
411 3295 626 3364 dignius
657 3296 768 3349 tieri
819 3295 1026 3366 possit?
1069 3296 1168 3363 Qui
1213 3297 1480 3366 percussit
1520 3295 1858 3365 prophetam,

261 3387 430 3440 evasit
457 3387 894 3456 incolumiszqui
938 3389 1197 3457 pepercit,
1241 3387 1391 3441 dedit
1441 3402 1626 3456 pinnas
1654 3403 1668 3442 :
1701 3387 1861 3440 nimi-

261 3492 374 3530 rum
409 3487 468 3531 ut
512 3478 876 3548 intelligercs,
920 3479 972 3532 in
1011 3478 1174 3547 jussis
1221 3477 1416 3531 divinis
1459 3494 1566 3530 non
1608 3487 1863 3553 oportere

261 3569 530 3624 curiosum
554 3585 698 3636 esse,
722 3571 1142 3641 examinareque
1164 3586 1346 3624 rerum
1387 3586 1508 3639 qua:
1537 3570 1860 3639 przecipiun-

263 3669 348 3714 tur
395 3671 677 3729 naturam,
726 3663 821 3719 sed
879 3660 1011 3717 nihil
1061 3664 1205 3718 aliud
1257 3679 1416 3734 quam
1464 3665 1860 3734 obtemperare.

262 3752 472 3809 Etenim
508 3771 575 3810 ne
608 3756 756 3826 prior
782 3756 872 3812 ille
904 3759 1107 3811 veritus
1136 3766 1386 3827 parceret
1420 3757 1717 3826 prOphetae,
1756 3771 1862 3810 non

260 3845 390 3901 dixit
413 3848 486 3902 illi
509 3848 845 3918 simpliciter,
889 3852 1114 3916 Percute
1138 3867 1241 3915 me,
1273 3848 1368 3904 sed
1400 3849 1626 3913 addidit,
1658 3847 1725 3901 In
1755 3864 1862 3902 ser-

261 3955 404 3992 mone
427 3939 637 3992 Domini
663 3955 683 3992 :
705 3941 809 3994 hoc
833 3948 936 4005 est,
971 3939 1114 3995 Deus
1142 3941 1418 4010 priscepit,
1451 3941 1530 3996 Ne
1558 3954 1740 4009 quaere
1776 3939 1862 3994 ul-

264 4031 426 4085 terius
465 4049 478 4084 :
509 4029 625 4085 Rex
644 4041 727 4085 est
751 4031 842 4101 qui
867 4031 1010 4086 hanc
1031 4032 1334 4102 praescribit
1363 4032 1531 4100 legem
1564 4031 1864 4086 :Reverere

257 4122 494 4190 jubentis
519 4124 923 4190 auctoritatem,
949 4122 1267 4195 summaque
1300 4139 1422 4178 cum
1471 4123 1636 4178 animi
1682 4139 1863 4194 prom-

261 4215 523 4283 ptitudine
537 4216 873 4285 obtempera.
895 4216 1031 4270 At‘id
1062 4215 1237 4270 facere
1261 4231 1367 4270 non
1391 4213 1666 4282 sustinuit,
1692 4227 1864 4284 coque

262 4321 444 4378 pcenas
474 4309 1013 4380 deditgravissimas,
1045 4323 1144 4364 suo
1175 4308 1427 4377 exemplo
1469 4313 1716 4377 posteros
1764 4304 1864 4359 ad-

264 4398 504 4470 hortans,
529 4409 588 4456 ut
613 4401 869 4471 quidquid
900 4400 1220 4471 praeceperit
1259 4400 1398 4454 Deus
1419 4441 1433 4466 ,
1466 4399 1516 4452 ei
1552 4413 1648 4468 per
1681 4397 1862 4452 omnia

261 4491 696 4564 obtemperarent
721 4509 1037 4564 moremque
1062 4503 1333 4565 gererent.
1368 4493 1498 4549 Dein
1527 4509 1646 4548 cum
1680 4501 1865 4564 poste-

262 4585 366 4640 rior
402 4587 498 4642 ille
537 4586 895 4657 percussisset
928 4601 1053 4641 eum
1094 4595 1150 4642 et
1187 4586 1554 4651 vulnerasset,
1599 4584 1862 4656 propheta

260 4677 359 4731 sibi
384 4687 550 4748 caput
572 4678 820 4732 obvinxit
847 4679 986 4744 loro,
1009 4687 1065 4733 et
1084 4677 1271 4734 oculos
1291 4677 1522 4742 obtexit,
1553 4677 1785 4749 denique
1808 4676 1861 4731 in

259 4783 371 4824 eam
397 4771 636 4842 speciem
665 4786 787 4826 sese
828 4771 1251 4836 transformavit,
1289 4781 1348 4826 ut
1373 4787 1402 4826 a
1434 4773 1648 4827 nemine
1678 4779 1862 4841 posset

258 4864 491 4929 agnosci.
522 4863 684 4932 Cujus
707 4863 783 4918 rei
813 4865 984 4934 gratia
1011 4863 1116 4919 hoc
1143 4863 1298 4919 fecit?
1316 4864 1446 4918 Erat
1474 4864 1860 4933 redarguturus

259 4950 478 5024 Regem,
500 4964 555 5010 et
583 4957 905 5034 sententiam
940 4956 992 5010 in
1016 4972 1140 5011 eum
1173 4956 1382 5012 laturus
1409 4956 1480 5012 de
1516 4957 1688 5012 salute
1718 4959 1860 5027 regis

259 5043 445 5118 Syrize.
479 5048 532 5105 Is
558 5049 722 5120 igitur
747 5066 891 5119 cum,
929 5060 983 5106 ut
1005 5061 1123 5105 erat
1161 5041 1630 5122 impius,‘semper
1674 5051 1856 5106 odium

256 5141 503 5206 gessisset
540 5141 798 5198 adversus
829 5143 1154 5214 prophetas,
1187 5160 1254 5198 ne
1284 5154 1632 5216 conspectum
1679 5146 1856 5216 ipsum

255 5238 305 5283 et
343 5235 583 5305 agnitum
621 5235 690 5291 ab
732 5236 903 5291 oculis
944 5237 1055 5291 suis
1093 5237 1457 5302 submoveret,
1505 5253 1677 5308 eoque
1717 5238 1858 5292 facto

233 5338 353 5410 ’non
392 5327 660 5399 reciperet
687 5331 1109 5398 correctionem,
1141 5331 1286 5384 velut
1317 5331 1573 5400 propheta
1615 5332 1773 5386 simul
1804 5340 1859 5386 et

260 5411 434 5474 faciem
457 5435 633 5486 suam,
657 5429 713 5475 et
737 5421 935 5490 negotii
963 5421 1350 5489 narrationem,
1376 5431 1433 5476 ut
1453 5431 1507 5478 et
1531 5422 1632 5492 ipsi
1654 5423 1856 5477 contin-

259 5517 394 5572 geret
431 5519 672 5582 potestas
710 5510 924 5566 dicendi
950 5528 1071 5582 qure
1099 5513 1336 5580 volebat,
1367 5525 1422 5569 et
1451 5515 1611 5587 Regis
1641 5515 1854 5570 confes-

260 5594 449 5656 sionem
472 5611 841 5673 extorqueret.
871 5604 1078 5659 Etenim
1102 5620 1225 5659 cum
1254 5605 1366 5659 Rex
1402 5608 1719 5676 praeteriret,
1748 5608 1856 5662 cla-

262 5700 399 5748 more
420 5695 758 5765 compellans
786 5713 932 5762 eum,
959 5697 1096 5750 dixit
1125 5714 1138 5751 :
1164 5697 1357 5752 Servus
1385 5709 1501 5753 tuus
1528 5718 1756 5772 egressus
1781 5711 1856 5756 est

267 5789 328 5844 ad
409 5791 600 5848 ercitus
622 5792 816 5860 aciem,
847 5801 895 5846 et
929 5809 1041 5847 ecce
1078 5792 1152 5846 vir
1179 5792 1390 5863 quidam
1431 5795 1649 5850 adduxit
1679 5797 1747 5851 ad
1777 5813 1856 5852 me

1491 333 1858 392 ADVERSUS
1895 333 2196 392 "ID/EOS.
2240 335 2330 390 IV.

3451 337 3553 390 87b

1965 452 2148 516 virum,
2182 449 2616 525 dixitque:Serva
2647 452 2775 505 mihi
2799 452 2933 506 hunc
2961 452 3137 523 :quod
3159 452 3203 506 si
3223 453 3424 522 elapsus
3452 469 3563 506 era-

1960 545 2102 607 serit,
2135 545 2232 598 erit
2260 545 2430 597 anima
2452 553 2539 597 tua
2567 562 2662 615 pro
2689 546 2863 599 animo
2890 546 3051 610 illius,
3081 555 3170 598 aut
3201 546 3454 614 dependes
3481 561 3568 596 nr-

1959 637 2096 707 genti
2128 638 2394 691 talentum.
2427 636 2493 690 Et
2533 639 2721 690 accidit
2759 638 2880 690 dum
2915 653 3087 690 servus
3117 647 3233 690 tuus
3269 636 3570 702 circumspi-

1959 741 2092 784 ceret
2124 731 2223 785 huc
2249 739 2296 782 et
2330 730 2475 796 illuc,
2505 740 2552 783 et
2579 746 2691 784 ecce
2715 730 2791 783 vir
2816 746 2916 783 non
2955 729 3296 794 comparebat.
3331 727 3398 780 Et
3439 727 3568 779 dixit

1961 822 2074 877 Rea:
2102 822 2270 877 Israel
2295 815 2466 876 .‘Eccc
2493 823 2657 892 judea:
2699 832 2751 875 tu
2787 823 2927 892 apud
2967 837 3044 873 me
3075 838 3094 874 :
3121 820 3369 874 occidisti.
3404 817 3468 871 Et
3501 817 3567 870 il-

1959 914 2058 967 lico
2089 915 2338 984 pr0pheta
2368 913 2589 966 detraxit
2614 915 2836 967 velamen
2858 915 2919 966 ab
2941 914 3101 966 oculis
3131 910 3258 975 suis,
3289 921 3335 965 et
3363 911 3569 981 agnovit

1959 1006 2106 1059 illum
2139 1005 2254 1059 Rex
2283 1007 2482 1069 Israel,
2526 1004 2661 1075 quod
2701 987 2829 1059 esset
2865 1022 2997 1059 unus
3026 1021 3088 1058 ea:
3127 1003 3250 1072 ﬁliis
3284 1003 3566 1074 prop/teta-

1960 1101 2104 1166 rum,
2131 1099 2358 1169 dixitque
2395 1100 2465 1151 ad
2495 1094 2822 1152 illunzﬂlwc
2850 1097 2972 1150 dicit
3006 1097 3260 1150 Dominus
3294 1096 3407 1149 :Eo
3431 1094 3569 1163 quod

1961 1190 2201 1243 dimisisti
2240 1170 2402 1242 virum
2437 1191 2589 1242 exitio
2621 1190 2831 1259 dignum
2869 1205 2896 1242 e
2925 1205 3082 1241 manu
3110 1195 3218 1255 tua,
3257 1188 3352 1241 erit
3396 1187 3569 1238 anima

1963 1291 2050 1333 tua
2077 1295 2169 1351 pro
2196 1279 2370 1332 anima
2401 1278 2560 1343 illius,
2590 1289 2635 1332 et
2666 1289 2781 1332 tuus
2810 1279 3033 1348 papulas
3063 1295 3155 1348 pro
3200 1277 3392 1349 populo
3423 1276 3568 1330 illius

1965 1373 2042 1442 (ὅ.
2089 1366 2220 1435 Reg.
2265 1369 2769 1440 20.56.sqq.)\’ides
2813 1370 2954 1440 quod
2980 1386 3081 1424 non
3100 1369 3271 1424 solum
3294 1369 3454 1432 Deus,
3475 1369 3571 1423 sed

1963 1472 2018 1518 et
2044 1464 2290 1518 homines
2315 1464 2474 1518 simili
2498 1462 2941 1531 modojudicant,
2983 1478 3086 1516 non
3120 1462 3469 1531 respicientes
3503 1461 3568 1513 ad

1963 1571 2150 1612 eorum
2195 1573 2314 1626 quae
2359 1556 2493 1610 ﬁunt
2536 1565 2800 1617 naturam,
2843 1555 2937 1610 sed
2982 1556 3048 1609 ad
3092 1555 3251 1610 linem
3299 1554 3476 1624 potius
3518 1563 3573 1608 et

1963 1651 2184 1703 causas?
2219 1651 2376 1714 Ecce,
2413 1649 2582 1719 inquit
2619 1649 2780 1703 etiam
2812 1650 2924 1719 ipse
2955 1649 3104 1713 Rex,
3141 1659 3195 1702 tu
3227 1649 3394 1718 judex
3429 1646 3568 1716 apud

1964 1757 2071 1807 me,
2125 1742 2216 1810 qui
2268 1741 2550 1795 occideris.
2601 1741 2893 1796 llomicida'
2928 1757 3016 1806 es,
3070 1741 3258 1810 inquit,
3307 1755 3374 1794 eo
3428 1739 3572 1809 quod

1965 1834 2173 1887 hostem
2205 1832 2496 1887 dimiseris.
2530 1831 2610 1885 Ob
2643 1831 2744 1886 hoc
2769 1833 2911 1886 enim
2943 1831 3201 1903 propheta
3225 1832 3401 1885 velum
3431 1829 3572 1883 addi-

1965 1924 2140 1990 derat,
2174 1933 2228 1978 et
2263 1923 2407 1978 velut
2442 1925 2494 1978 in
2525 1925 2698 1978 aliena
2734 1938 2892 1978 causa
2921 1923 3067 1977 litem
3097 1922 3335 1989 induxit,
3366 1930 3422 1975 ut
3458 1921 3572 1974 Rex

1965 2015 2289 2070 sententiam
2337 2023 2540 2070 rectam
2591 2014 2961 2083 pronuntiaret
3003 2031 3018 2068 :
3055 2012 3198 2084 quod
3251 2023 3304 2067 et
3354 2012 3571 2067 accidit.

1968 2109 2181 2165 Etenim
2215 2116 2495 2178 postquam
2527 2109 2762 2176 seipsum
2790 2123 2884 2162 sua
2917 2108 3179 2162 sententia
3212 2107 3571 2161 condemnas-

1965 2212 2068 2266 set,
2110 2202 2354 2256 detracto
2390 2197 2530 2265 vel‘o,
2569 2200 2703 2254 dixit
2745 2199 3002 2270 propheta
3035 2217 3046 2252 :
3081 2199 3341 2267 Quoniam
3385 2207 3439 2251 tu
3493 2197 3576 2251 di-

1966 2293 2153 2358 misisti.
2175 2293 2336 2365 virum
2369 2293 2522 2346 exitio
2552 2291 2762 2361 dignum
2789 2309 2815 2344 e
2844 2307 2997 2343 manu
3027 2300 3132 2353 tua,
3168 2291 3262 2344 erit
3287 2291 3459 2342 anima
3488 2299 3576 2342 tua

1966 2372 2277 2452 pro'anima
2322 2383 2480 2448 illius,
2527 2392 2573 2436 et
2618 2383 2840 2453 populus
2881 2391 2999 2435 tuus
3039 2399 3130 2450 pro
3175 2381 3366 2451 papula
3410 2381 3571 2434 illius.

1974 2476 2133 2530 Vides
2163 2489 2297 2545 quas
2321 2490 2419 2544 pro
2448 2475 2774 2528 humanitate
2809 2488 2993 2542 pcenas
3025 2473 3183 2527 luerit
3205 2472 3340 2538 Rex,
3375 2487 3576 2542 proque

1967 2567 2346 2636 intempestiva
2377 2565 2660 2620 clementia
2691 2580 2797 2634 quo
2826 2563 3047 2619 aﬂ'ectus
3078 2565 3147 2618 sit
3177 2563 3480 2634 supplicio?
3511 2563 3578 2616 Et

1969 2658 2059 2713 hic
2084 2658 2301 2729 quidem
2332 2659 2423 2727 qui
2465 2658 2725 2724 servavit,
2758 2658 3003 2727 punitur;
3038 2657 3171 2711 alter
3201 2672 3329 2712 vero
3359 2657 3447 2727 qui
3481 2671 3575 2709 oc-

1968 2748 2118 2815 cidit,
2166 2748 2425 2818 probatus
2474 2757 2576 2802 est.
2627 2748 2788 2816 Igitur
2841 2756 2894 2803 et
2938 2747 3192 2812 Phinees,
3245 2748 3333 2816 qui
3385 2746 3577 2800 eodem

1971 2841 2228 2910 temporis
2278 2839 2507 2894 articulo
2553 2839 2749 2908 duplex
2801 2838 3127 2907 perpetravit
3185 2837 3574 2904 homicidium,

1969 2933 2248 3000 virumque
2282 2931 2436 2984 simul
2466 2946 2586 2984 cum
2629 2930 2852 2983 muliere
2879 2929 3124 2994 sustulit,
3153 2929 3454 2984 sacerdotio
3484 2928 3579 2982 ho-

1969 3032 2193 3079 noratur
2213 3023 2401 3096 (Num.
2420 3024 2511 3093 95)
2535 3042 2547 3076 :
2573 3039 2674 3078 nec
2703 3023 2876 3078 solum
2909 3039 3011 3077 non
3041 3025 3339 3094 inquinavit
3361 3038 3578 3078 manum

1967 3119 2251 3188 Sanguine,
2295 3133 2480 3172 verum
2527 3118 2686 3172 etiam
2729 3119 3002 3186 puriorem
3048 3117 3298 3172 reddidit.
3348 3117 3580 3171 Proinde

1968 3225 2090 3265 cum
2121 3210 2318 3265 videris
2349 3226 2471 3264 eum
2495 3211 2584 3280 qui
2616 3210 2931 3280 prOphetam
2967 3212 3232 3280 percussit
3255 3225 3376 3265 esse
3398 3225 3581 3265 serva-

1971 3311 2105 3367 tum,
2134 3318 2257 3357 eum
2281 3318 2410 3357 vero
2435 3303 2525 3372 qui
2556 3318 2660 3356 non
2690 3304 2952 3371 percussit
2979 3303 3325 3365 exstinctum,
3355 3312 3408 3356 et
3431 3302 3580 3356 illum

1970 3396 2058 3465 qui
2093 3403 2408 3465 pepercerat
2434 3395 2562 3450 dare
2591 3410 2800 3463 ptenas,
2835 3395 3097 3463 punitum,
3132 3409 3316 3448 rursus
3341 3410 3461 3447 eum
3490 3393 3578 3463 qui

1970 3502 2076 3540 non
2114 3487 2374 3555 pepercit,
2418 3486 2774 3554 approbatum
2821 3503 2834 3538 :
2870 3501 3084 3554 semper
3127 3485 3268 3554 apud
3315 3494 3366 3538 te
3402 3485 3582 3553 potior

1971 3579 2042 3632 sit
2081 3578 2250 3643 ratio,
2282 3576 2408 3647 quid
2443 3577 2584 3631 Deus
2626 3577 2922 3646 pI'ZL‘Clplﬂl,
2965 3593 3124 3646 quam
3158 3592 3276 3645 qum
3317 3577 3386 3629 sit
3415 3590 3580 3645 nego-

1971 3671 2167 3725 tiorum
2197 3679 2384 3724 natura
2419 3688 2431 3724 :
2469 3669 2614 3739 quod
2650 3670 2694 3724 si
2727 3669 2850 3740 quid
2883 3670 3211 3738 compereris
3254 3670 3346 3725 illo
3377 3684 3579 3740 appro-

1969 3766 2132 3822 hante
2161 3764 2295 3833 geri,
2329 3764 2459 3818 illud
2488 3764 2662 3818 solum
2684 3764 3034 3833 amplectere.

2042 3856 2096 3910 5.
2124 3856 2301 3926 Atque
2334 3857 2434 3910 hac
2466 3865 2676 3910 utentes
2705 3856 2886 3926 regula
2908 3895 2922 3920 ,
2953 3865 3004 3908 et
3031 3854 3295 3924 jejunium
3339 3854 3445 3909 hoc
3486 3854 3581 3908 Ju-

1970 3949 2209 4004 datorum
2242 3946 2634 4017 expendamus.
2662 3947 2876 4002 Etenim
2923 3947 2974 4000 ni
3028 3946 3078 4000 id
3126 3945 3433 4009 fecerimus,
3481 3945 3580 4001 sed

1969 4041 2212 4095 actiones
2238 4025 2429 4103 nudas,
2466 4054 2561 4107 per
2598 4047 2891 4101 se,tantum
2929 4037 2980 4091 in
3021 4037 3254 4092 medium
3295 4035 3526 4104 prolatas
3553 4077 3568 4101 ,

1969 4132 2378 4188 consideremus
2409 4150 2422 4186 :
2457 4131 2648 4200 ingens
2680 4132 2783 4185 erit
2819 4129 3086 4194 confusio,
3128 4144 3426 4198 magnaque
3459 4143 3580 4197 per-

1972 4224 2226 4279 turbatio.
2256 4223 2390 4278 Nam
2416 4223 2713 4276 latronibus
2741 4223 3043 4277 lacerantur
3070 4221 3266 4289 latera,
3292 4229 3347 4274 et
3384 4234 3582 4274 menu-

1971 4326 2275 4371 mentorum
2309 4314 2728 4384 perfossoribus,
2760 4325 2813 4368 et
2844 4313 3321 4384 prmstigiatoribus
3349 4331 3360 4365 :
3390 4329 3578 4366 verum

1970 4407 2112 4462 idem
2147 4406 2425 4475 patiuntur
2467 4413 2522 4460 et
2564 4417 2850 4476 martyres.
2891 4403 3052 4458 Facta
3081 4404 3300 4473 quidem
3334 4414 3459 4457 sunt
3487 4420 3578 4457 ea-

1969 4500 2091 4555 dem
2115 4541 2130 4565 ,
2175 4507 2431 4554 cmterum
2479 4497 2691 4551 animus
2723 4505 2777 4551 et
2805 4511 2965 4551 causa
2996 4513 3093 4552 cur
3123 4497 3238 4551 haec
3269 4498 3397 4549 fiant
3423 4538 3437 4562 ,
3473 4513 3578 4552 non

1968 4601 2053 4646 est
2082 4590 2292 4655 eadem,
2327 4604 2500 4660 eoque
2527 4590 2818 4658 plurimum
2848 4597 2932 4642 est
2959 4589 3284 4643 discriminis
3314 4589 3456 4642 inter
3482 4588 3579 4642 hos

1969 4691 2024 4738 et
2066 4681 2205 4736 illos.
2235 4681 2385 4736 Sicut
2435 4681 2596 4750 igitur
2623 4681 2676 4734 in
2709 4679 2815 4734 illis
2857 4695 2964 4734 non
3004 4689 3328 4735 tormentum
3374 4690 3578 4734 tantum

1969 4773 2344 4843 expendimus,
2377 4772 2471 4828 sed
2504 4771 2653 4842 prius
2679 4771 2918 4826 animum
2948 4781 3001 4826 et
3029 4787 3246 4827 causam
3270 4813 3284 4836 ,
3318 4772 3388 4826 ob
3418 4787 3579 4841 quam

1967 4867 2238 4922 cruciatus
2259 4865 2578 4931 inferuntur,
2610 4865 3036 4931 consideramus,
3063 4874 3117 4919 et
3138 4866 3206 4920 ob
3233 4865 3283 4919 id
3313 4873 3582 4936 martyres

1967 4973 2232 5025 amamus,
2258 4974 2363 5012 non
2393 4957 2538 5028 quod
2563 4959 2893 5021 crucientur,
2919 4957 3011 5011 sed
3035 4956 3177 5026 quod
3204 4957 3272 5010 ob
3302 4956 3576 5011 Christum

1967 5051 2238 5105 cruciatus
2260 5050 2460 5113 ferant;
2487 5051 2675 5103 contra’
2691 5049 2928 5102 latrones
2945 5048 3298 5114 detestamur,
3327 5062 3431 5101 non
3455 5049 3579 5118 quia

1968 5143 2284 5212 puniuntur,
2314 5140 2407 5195 sed
2436 5140 2580 5210 quod
2611 5141 2680 5195 ob
2708 5139 2984 5194 malefacta
3025 5141 3354 5210 puniuntur:
3386 5141 3576 5194 eodem

1965 5237 2127 5291 modo
2149 5236 2251 5290 hac
2271 5237 2322 5290 in
2343 5251 2401 5290 re
2427 5235 2689 5289 calculum
2720 5249 2887 5303 ponas
2911 5251 2925 5288 :
2953 5234 2998 5288 si
3025 5233 3224 5288 videris
3253 5233 3372 5288 illos
3394 5249 3580 5287 amore

1965 5331 2060 5386 Dei
2089 5330 2430 5399 jejunantes,
2457 5327 2785 5398 amplectere
2815 5326 2956 5397 quod
2990 5327 3049 5380 ﬁt
3079 5345 3092 5380 :
3125 5335 3181 5379 at
3214 5325 3262 5380 si
3294 5341 3580 5396 perspexe-

1965 5425 2040 5479 ris
2061 5465 2074 5489 ,
2108 5423 2229 5478 illos
2256 5421 2358 5477 hoc
2400 5433 2595 5490 praeter
2625 5421 2858 5474 divinam
2903 5421 3231 5475 voluntatem
3279 5419 3535 5474 facientes
3563 5463 3576 5485 ,

1963 5516 2134 5585 magis
2186 5529 2280 5569 cos
2328 5513 2638 5578 detestare,
2687 5513 2997 5582 majoreque
3041 5511 3167 5566 odio
3210 5527 3575 5582 prosequere,

1963 5623 2122 5677 quam
2155 5606 2370 5672 ebrios,
2402 5621 2562 5675 quam
2616 5605 2943 5660 temulentis:
2990 5610 3045 5658 et
3089 5602 3577 5658 comessationibns

1965 5702 2324 5778 indulgentes.
2360 5700 2414 5756 ln
2445 5700 2549 5756 hoc
2574 5706 2752 5754 autem
2781 5696 2988 5769 jejunio
3014 5713 3123 5754 non
3162 5697 3292 5753 satis
3331 5704 3418 5752 est
3442 5711 3577 5751 cau-

1972 5811 2087 5851 sam
2135 5795 2402 5866 inquirere
2423 5835 2438 5864 ,
2471 5791 2568 5849 sed
2591 5801 2644 5850 et
2673 5792 2827 5849 locus
2856 5801 2906 5848 et
2938 5802 3155 5864 tempus
3183 5788 3466 5848 considera
3482 5797 3588 5852 nds
