4178 6324
681 344 788 403 813

681 472 827 517 sunt.
863 462 1062 518 Verum
1088 467 1411 538 priusquam
1444 488 1763 532 moveamus
1790 481 1964 535 aciem
1995 483 2261 541 adversus

674 556 915 624 Iudaeos,
949 560 1143 616 lubens
1165 564 1471 620 orationem
1496 572 1754 624 venerim
1788 573 1854 627 ad
1883 591 1980 631 eos
2011 578 2102 645 qtti
2128 587 2259 632 sunt

674 649 849 702 nostri
869 651 1116 718 corporis
1137 654 1379 706 membra
1391 669 1475 717 ,ac
1490 659 1665 711 nostri
1680 661 1898 727 quidem
1912 661 2122 719 Ordinis
2134 679 2257 719 esse

672 740 950 805 videntur,
970 752 1227 796 caeterum
1250 743 1466 797 illorum
1490 748 1695 801 cultum
1709 765 1801 817 seq
1812 760 2254 824 uuntur,proque

670 831 781 886 illis
810 829 1172 888 defendendis
1187 834 1321 887 nihil
1354 836 1560 892 laboris
1581 855 1694 893 non
1711 844 2042 913 suscipiunt,
2064 861 2171 915 qua
2194 847 2249 901 in

670 930 823 990 parte
854 924 1064 993 “dignos
1098 939 1228 979 esse
1275 926 1434 981 video
1483 931 1736 997 graviore
1766 935 2247 1001 condemnatione,

666 1029 832 1082 quam
871 1011 1093 1071 Iudaeos
1132 1017 1442 1073 universos.
1478 1020 1532 1073 ld
1562 1037 1685 1076 esse
1706 1038 1919 1091 verum,
1947 1041 2056 1079 non
2084 1029 2249 1083 modo

668 1104 945 1172 sapientes
959 1114 1013 1160 et
1031 1107 1459 1170 cordati.verum
1479 1113 1646 1166 etiam
1668 1115 2003 1185 quicumque
2016 1120 2101 1173 vel
2119 1134 2248 1189 pau-

666 1196 777 1249 lum
809 1196 1006 1251 habent
1034 1200 1234 1253 mentis
1268 1209 1322 1255 et
1362 1204 1619 1268 rationis,
1657 1220 1870 1262 mecum
1904 1207 2242 1265 fatebuntur.

661 1286 774 1341 Nec
794 1290 937 1341 enim
962 1306 1100 1359 opus
1129 1301 1213 1345 est
1239 1292 1698 1377 sophismatibus,
1729 1313 1827 1352 nec
1851 1312 2116 1369 apparatu
2135 1318 2245 1358 ser-

664 1380 866 1445 monis,
884 1396 986 1436 nec
1007 1384 1232 1451 prolixis
1257 1387 1499 1453 periodis
1519 1388 1585 1441 ad
1610 1388 1714 1443 hoc
1730 1389 2239 1459 demonstrandum,

661 1485 787 1525 cum
806 1473 941 1527 satis
954 1474 1025 1528 sit
1040 1474 1160 1529 illos
1180 1475 1415 1546 simplici
1439 1482 1857 1546 percontatione
1873 1484 2241 1556 interrogatos

658 1578 725 1616 ex
748 1562 862 1633 ipsa
880 1568 1242 1636 responsione
1254 1572 1619 1637 capere.Quid
1638 1575 1832 1643 igitur?
1854 1574 2231 1649 Unumquem-

658 1665 766 1719 que
779 1652 889 1707 isto
906 1655 1098 1709 morbo
1110 1656 1359 1710 aﬁ'ectnm
1376 1663 1740 1727 percontabor
1759 1682 1771 1717 :
1789 1665 2138 1725 Christianus
2152 1671 2237 1725 es?

653 1742 767 1797 Cur
813 1760 945 1815 ergo
973 1748 1248 1803 aemularis
1276 1748 1538 1804 Iudaica?
1563 1753 1629 1804 At
1669 1753 1889 1811 JlldiBUS
1939 1759 2035 1813 es?
2064 1760 2237 1826 Quam

652 1832 821 1898 igitur
835 1838 904 1890 ob
924 1854 1143 1914 causam
1162 1844 1421 1895 molestus
1442 1860 1500 1895 es
1520 1845 1798 1898 Ecclesim?
1819 1846 1920 1909 Qui
1945 1850 2105 1907 I’ersa
2128 1863 2237 1914 est,

548 1936 559 1941 ο
649 1919 830 1961 nonne
862 1923 987 1977 quae
1029 1910 1311 1967 Persarum
1359 1924 1483 1969 sunt
1519 1916 1710 1971 curat?
1738 1917 2021 1986 Barbarus,
2056 1910 2231 1975 nonne

654 1995 997 2052 barbarorum
1048 2002 1181 2055 ritus
1217 2003 1529 2058 aemulatur?
1564 2005 1662 2071 Qui
1702 2006 1902 2061 habitat
1941 2010 1991 2062 in
2033 2011 2231 2066 ditimue

655 2085 1037 2155 Romanorum,
1059 2105 1163 2143 non
1188 2092 1347 2145 utitur
1369 2095 1562 2146 nosuis
1585 2096 1821 2163 legibus?
1844 2098 1952 2169 Age
1971 2100 2056 2153 dic
2079 2102 2226 2169 mihi,

654 2190 831 2230 nonne
856 2177 900 2229 si
928 2180 1044 2247 quis
1071 2178 1258 2234 horum
1284 2222 1297 2244 ,
1329 2183 1416 2251 qui
1447 2184 1586 2251 apud
1613 2194 1708 2238 no’s
1729 2187 1909 2240 vivunt
1933 2230 1947 2254 ,
1981 2206 2098 2244 cum
2127 2193 2229 2248 illis

652 2268 849 2323 sentire
874 2267 1033 2323 fuerit
1055 2270 1435 2341 deprehensus,
1466 2277 1726 2330 inauditus
1752 2280 1991 2349 citraque
2011 2299 2229 2338 examen

653 2359 886 2426 punitur,
918 2362 1122 2415 etiamsi
1152 2363 1350 2417 inﬁnita
1379 2365 1588 2427 habeat,
1621 2369 1811 2436 quibus
1834 2385 2047 2425 causam
2080 2391 2227 2429 suam

654 2452 819 2516 possit
843 2452 1161 2509 defendere?
1191 2456 1254 2509 Et
1280 2457 1322 2511 si
1352 2458 1467 2525 quis
1494 2460 1630 2527 apud
1661 2460 1788 2514 istos
1814 2465 2111 2530 exstiterit,
2142 2468 2227 2533 qui

653 2543 906 2597 Romanis
936 2554 1115 2600 utatur
1140 2548 1395 2603 institutis
1419 2593 1432 2615 ,
1467 2566 1643 2604 nonne
1671 2568 1853 2606 rursus
1884 2555 2020 2608 idem
2062 2560 2229 2624 patie-

652 2634 776 2686 tur?
818 2634 1093 2702 Quomodo
1137 2638 1292 2707 igitur
1338 2650 1390 2694 tu
1433 2644 1520 2711 qui
1565 2643 1632 2696 ad
1674 2645 1889 2714 impium
1936 2649 2063 2702 illttd
2110 2651 2230 2704 vita:

653 2726 949 2797 institutum
981 2728 1244 2797 defecisti,
1276 2733 1439 2787 audes
1466 2748 1683 2803 sperare
1714 2738 1976 2792 salutem?
2002 2742 2081 2794 An
2112 2743 2229 2795 exi-

650 2830 807 2883 guum
837 2817 1166 2874 intervallum
1194 2830 1277 2875 est
1306 2823 1443 2877 inter
1468 2840 1562 2877 nos
1590 2836 1641 2879 et
1668 2826 1918 2883 Judaeos?
1938 2834 2016 2883 An
2046 2832 2111 2886 de
2143 2850 2230 2887 re-

653 2906 751 2960 bus
778 2909 981 2964 levibus
1006 2920 1097 2965 aut
1124 2914 1423 2982 vulgaribus
1456 2918 1595 2971 inter
1624 2934 1718 2972 nos
1745 2930 1825 2973 est
1849 2926 2227 2990 controversia,

653 3008 708 3051 ut
738 3009 787 3053 tu
819 3018 977 3055 unum
1021 3012 1075 3056 et
1122 3005 1258 3059 idem
1290 3021 1409 3061 esse
1436 3009 1624 3063 credas
1656 3022 1892 3065 nostrum
1924 3024 1977 3067 et
2020 3014 2228 3069 illorum

651 3090 986 3146 institutum?
1020 3094 1126 3149 Cur
1153 3112 1257 3150 non
1287 3099 1551 3151 miscenda
1585 3102 1816 3155 misces?
1843 3104 1920 3156 illi
1953 3106 2231 3193 crucifixi;-

651 3192 771 3235 rnnt
800 3183 1065 3239 Christum
1087 3229 1101 3249 ,
1132 3204 1287 3255 quem
1318 3198 1371 3242 tu
1397 3190 1607 3245 adoras.
1642 3191 1803 3246 Vides
1848 3206 2102 3262 quantum
2150 3183 2230 3250 iti-

653 3280 850 3331 terest?
874 3279 971 3346 Qui
1001 3282 1059 3335 ﬁt
1086 3282 1261 3350 igitur,
1298 3293 1352 3336 ut
1379 3285 1444 3337 ad
1475 3285 1592 3339 illos
1618 3277 1702 3354 qtii
1729 3286 1993 3341 Christum
2019 3291 2228 3345 occide-

652 3376 773 3421 runt
797 3386 979 3423 curras
1001 3414 1016 3435 ,
1049 3374 1305 3440 proiitens
1335 3386 1384 3428 te
1410 3375 1633 3429 adorare
1671 3378 2019 3431 cruciﬁxum?
2049 3380 2229 3448 Neque

650 3472 776 3511 vero
806 3459 917 3527 ipse
947 3460 1114 3529 legem
1146 3463 1280 3517 hanc
1311 3464 1423 3518 fero
1450 3508 1464 3532 ,
1512 3482 1612 3533 qna
1663 3467 1778 3520 illos
1823 3468 2095 3529 criminor,
2130 3487 2229 3523 nec

653 3548 787 3601 hanc
815 3554 1165 3608 accusationis
1207 3553 1428 3608 formam
1481 3557 1675 3610 inveni.
1718 3558 1907 3611 Annon
1957 3545 2226 3626 Scriptura

652 3640 810 3693 simili
838 3643 998 3695 modo
1035 3656 1247 3699 accusat
1278 3648 1431 3700 illos?
1457 3649 1591 3701 Audi
1626 3650 1782 3718 igitur
1814 3652 1945 3720 quid
1971 3652 2111 3705 dicat
2135 3653 2229 3707 Je-

653 3731 847 3784 remias
874 3732 1122 3787 adversus
1150 3737 1265 3789 illos
1297 3756 1311 3792 :
1338 3738 1480 3791 Abite
1504 3740 1555 3791 in
1584 3738 1765 3803 Cedar,
1796 3751 1841 3792 et
1872 3742 2063 3805 videte;
2085 3746 2229 3796 emil-

653 3821 739 3873 tite
760 3824 828 3873 ad
848 3824 1036 3877 insulas
1060 3825 1289 3891 Chetiim,
1315 3838 1360 3881 et
1379 3823 1625 3898 judicaté,
1653 3847 1769 3883 num
1794 3833 1914 3883 talia
1940 3834 2073 3901 facta
2100 3836 2230 3899 sint;

652 3926 717 3963 an
766 3910 943 3965 Gentes
988 3924 1171 3967 mutent
1216 3916 1331 3970 deos
1359 3934 1475 3970 suos
1501 3960 1513 3979 ,
1548 3930 1590 3971 et
1613 3911 1700 3972 isti
1729 3937 1826 3972 non
1856 3933 1969 3986 sunt
2010 3924 2098 3975 dii.
2132 3923 2231 3977 Vos

651 4010 816 4053 autem
852 4007 1079 4057 mutastis
1104 4008 1312 4073 gloriam
1341 4020 1550 4059 vestram
1594 4010 1645 4061 in
1689 4027 1831 4074 eam,
1875 4028 1935 4064 ea:
1968 4029 2063 4080 qua
2106 4016 2232 4067 nihil

652 4092 881 4145 utilitatis
907 4097 1111 4162 capietis
1144 4097 1271 4165 (Jer.
1304 4097 1356 4149 Ξ.
1392 4098 1471 4151 l0.
1504 4099 1612 4169 il).
1645 4099 1757 4152 Non
1800 4100 1959 4165 dixit,
1991 4106 2231 4158 mutastis

653 4180 779 4234 deos
809 4194 1012 4237 vestros
1035 4227 1047 4249 ,
1076 4186 1165 4239 sed
1195 4188 1412 4253 gloriam
1445 4206 1457 4241 :
1493 4189 1539 4241 id
1568 4200 1677 4255 est,
1713 4191 1814 4255 illi,
1861 4192 2026 4259 inquit
2050 4234 2065 4257 ,
2110 4209 2229 4246 cum

652 4272 876 4327 adorent
908 4275 1076 4340 idola,
1110 4278 1392 4346 coluntque
1422 4280 1691 4332 dmmones
1713 4323 1725 4341 ,
1760 4290 1864 4334 tam
1898 4294 2145 4336 constant
2172 4285 2223 4336 in

652 4380 853 4427 errore,
886 4376 939 4419 ut
970 4384 1037 4420 ne
1064 4369 1227 4421 velint
1254 4370 1466 4437 quidem
1501 4371 1583 4423 illa
1618 4372 1936 4440 relinquere,
1970 4383 2024 4427 et
2050 4374 2113 4425 ad
2144 4391 2233 4425 vc-

656 4456 874 4511 ritatem'
912 4458 1256 4527 transfugere.
1288 4460 1390 4513 Vos
1428 4473 1602 4514 autem
1650 4463 1737 4529 qui
1788 4479 1967 4516 verum
2001 4463 2233 4517 adoratis

658 4545 842 4609 Deum,
873 4548 1053 4600 relicta
1086 4549 1343 4615 majorum
1373 4552 1646 4618 religione,
1678 4554 1815 4605 ultro
1842 4554 1905 4607 ad
1938 4556 2107 4608 aliena
2135 4556 2230 4609 de-

655 4636 885 4701 fecistis;
917 4653 1085 4707 neque
1116 4649 1315 4692 tantum
1347 4641 1607 4709 religiosae
1652 4645 1844 4696 mentis
1876 4646 2135 4709 priestatis
2181 4647 2232 4698 in

653 4730 894 4789 veritate,
921 4740 1173 4797 quantum
1200 4732 1270 4783 illi
1296 4742 1544 4800 priestant
1574 4734 1625 4785 in
1652 4750 1748 4787 suo
1775 4750 1975 4787 errore.
2006 4734 2233 4789 Proinde

652 4822 780 4875 dicit
809 4839 821 4874 :
849 4822 909 4875 Si
935 4824 1074 4875 istius
1102 4826 1235 4876 modi
1258 4827 1390 4891 facta
1410 4836 1547 4890 sunt,
1570 4826 1611 4877 si
1639 4829 1896 4879 mutabunt
1919 4824 2096 4879 Gentes
2118 4829 2234 4881 deos

652 4928 770 4965 suos
791 4954 804 4974 ,
852 4922 897 4966 et
934 4914 1016 4966 isti
1056 4931 1154 4966 nou
1190 4924 1304 4967 sunt
1330 4916 1399 4966 dii
1424 4931 1440 4967 :
1468 4933 1549 4968 vos
1579 4926 1743 4968 autem
1769 4918 1995 4969 mutastis
2022 4918 2235 4986 gloriam

655 5014 886 5066 uestram,
914 5004 1045 5055 unde
1070 5004 1261 5057 nullam
1288 5006 1492 5071 capietis
1518 5006 1780 5058 utilitatem
1811 5005 1829 5077 (
1851 5006 2040 5058 Malae.
2071 5008 2122 5059 3.
2148 5007 2233 5076 6).

654 5090 769 5147 Non
815 5092 979 5157 dixit,
1024 5095 1265 5151 mutastis
1306 5095 1468 5148 Deum
1496 5104 1765 5150 vestrum:
1799 5097 1935 5150 Deus
1961 5099 2101 5149 enim
2132 5113 2233 5151 ttOn

652 5191 891 5236 mutatur
918 5201 930 5236 :
963 5181 1079 5250 sed,
1112 5185 1347 5239 Hutastis
1382 5187 1596 5257 gloriam
1625 5198 1856 5241 vestram.
1890 5188 2068 5257 Neque
2092 5190 2234 5243 enim

656 5289 741 5327 me
773 5274 1005 5339 lwsistis,
1037 5274 1242 5344 inquit;
1274 5291 1442 5345 neque
1466 5276 1568 5329 ulla
1594 5293 1726 5329 noxa
1760 5277 1823 5330 ad
1849 5292 1932 5330 me
1956 5278 2196 5345 pervenit
2222 5295 2233 5331 :

659 5364 1013 5433 vosmetipsos
1041 5360 1291 5421 aﬁ'eCislis
1322 5368 1637 5436 ignominia;
1669 5356 1842 5421 meam
1878 5369 2098 5437 gloriam
2132 5385 2235 5421 non

660 5456 1020 5517 itmninuistis,
1053 5457 1145 5510 sed
1178 5468 1427 5511 vestram.
1476 5458 1764 5513 Concedite
1807 5474 1936 5513 sane
1985 5460 2133 5519 mihi,
2184 5470 2240 5513 ut

662 5548 805 5603 hunc
846 5562 1146 5602 sermonem
1194 5549 1350 5601 etiam
1384 5547 1447 5600 ad
1482 5558 1688 5602 nostros
1732 5548 2161 5609 accommodem;
2195 5551 2238 5602 si

666 5657 838 5696 tamen
874 5658 965 5709 par
1005 5650 1086 5693 est
1115 5640 1235 5694 illos
1260 5641 1528 5710 appellare
1574 5650 1819 5703 nostros,
1855 5642 1943 5710 qui
1979 5656 2098 5695 cum
2134 5642 2238 5696 illis

663 5729 927 5789 sentiunt.
966 5734 1120 5789 Abite
1168 5734 1217 5787 in
1261 5732 1563 5803 Synagngas
1595 5741 1644 5787 et
1675 5732 1848 5787 videte
1869 5772 1884 5799 ,
1919 5748 2040 5786 num
2073 5731 2242 5786 Judaei

1310 354 1368 410 S.
1418 355 1702 415 JOANNIS
1760 362 2258 425 CHRYSOSTOMI
2298 370 2613 425 AHL‘HIEP.
2652 370 3186 426 CONSTANTINOP‘.

3813 376 3919 430 876

2341 478 2593 532 mutarint
2617 495 2771 534 suum
2798 480 3053 550 jejunium
3072 524 3087 548 ,
3120 498 3246 536 num
3273 483 3347 537 illi
3375 483 3477 539 sub
3501 484 3703 539 Pascha
3731 487 3920 538 nobisa

2335 582 2455 621 cum
2487 569 2808 624 celebrarint
2842 571 3122 639 jejunium,
3150 588 3276 626 num
3306 572 3406 629 hoc
3432 574 3517 628 die
3545 590 3795 646 umquam
3826 590 3918 627 co-

2337 659 2616 712 mederint.
2661 662 2817 730 Atqui
2867 662 2968 715 hoc
3012 677 3119 717 non
3163 672 3248 717 est
3294 663 3594 733 jejunium,
3643 664 3737 717 sed
3784 665 3917 732 legis

2337 750 2688 818 transgressio
2711 790 2726 815 ,
2771 750 2863 809 sed
2906 765 3079 817 error,
3106 751 3201 804 sed
3241 761 3513 821 peccatum
3542 755 3917 807 :attamen'illi

2336 854 2622 907 numquam
2670 849 2962 893 mutarunt.
3018 841 3125 894 Vos
3174 851 3349 895 autem
3402 845 3647 896 mutastis
3691 844 3916 912 gloriam

2336 940 2588 991 vestram,
2623 930 2761 982 unde
2791 929 2920 982 nihil
2951 930 3189 984 utilitatis
3216 932 3432 999 capietis
3459 972 3472 994 ,
3501 941 3554 985 et
3586 931 3725 997 ultro
3754 932 3821 985 ad
3852 933 3917 985 il—

2334 1019 2503 1074 lorum
2536 1020 2666 1072 ritus
2695 1020 3011 1074 descivistis.
3041 1020 3261 1088 Quando
3292 1022 3509 1076 Pascha;
3534 1021 3793 1091 jejunium
3823 1038 3915 1077 ce-

2334 1107 2606 1161 lebrarunt
2632 1108 2750 1162 illi?
2766 1110 2987 1174 Quando
3004 1119 3292 1180 martyrum
3320 1110 3482 1165 festos
3498 1111 3613 1165 dies
3635 1112 3916 1167 nobiscum

2333 1199 2593 1266 egerunt?
2618 1198 2840 1263 Quando
2867 1199 3006 1256 diem
3031 1199 3443 1268 Epiphaniorum
3472 1201 3745 1255 nobiscum
3772 1202 3918 1256 cele-

2334 1287 2595 1341 brarunt?
2620 1290 2698 1343 Illi
2726 1305 2831 1342 non
2867 1299 3150 1343 accurrunt
3192 1290 3257 1343 ad
3298 1292 3571 1345 veritatem
3599 1310 3613 1355 ;
3644 1302 3697 1345 et
3723 1307 3819 1346 vos
3849 1294 3918 1346 ad

2335 1378 2662 1444 iniquitatem
2695 1379 3009 1447 properatis.
3038 1378 3375 1445 lniquitatem
3403 1390 3578 1435 autem
3606 1381 3727 1435 dico
3745 1424 3760 1446 ,
3788 1383 3917 1451 quia

2333 1468 2432 1520 ista
2476 1467 2606 1520 ﬁunt
2649 1484 2754 1521 non
2798 1484 2895 1522 suo
2936 1479 3189 1537 tempore.
3229 1469 3356 1522 Erat
3395 1471 3519 1523 olim
3553 1480 3780 1538 tempus,
3808 1485 3919 1539 quo

2332 1558 2681 1611 conveniebat
2742 1560 2838 1611 ista
2894 1573 3159 1622 servare;
3198 1559 3309 1627 jam
3356 1574 3485 1613 vero
3525 1576 3630 1613 non
3674 1570 3757 1614 est
3794 1558 3919 1613 am-

2332 1649 2489 1718 plius.
2518 1649 2703 1718 quue
2730 1651 2873 1719 quod
2901 1659 3009 1703 tum
3031 1651 3181 1720 juxta
3211 1652 3380 1722 legem
3407 1651 3584 1718 ﬁebat,
3610 1667 3750 1706 nunc
3776 1666 3919 1721 pra:-

2335 1748 2416 1794 ter
2443 1740 2611 1808 legem
2644 1739 2722 1792 ﬁt.

2403 1831 2456 1884 4.
2486 1829 2772 1885 Concedite
2804 1830 2931 1884 mihi
2960 1839 3019 1884 ut
3059 1831 3186 1885 illud
3214 1831 3373 1885 etiam
3420 1832 3583 1886 lielize
3619 1833 3792 1885 dicam
3820 1833 3922 1886 ad-

2334 1938 2518 1975 versus
2544 1937 2655 1976 eos.
2687 1922 2817 1976 Cum
2846 1923 2988 1977 enim
3028 1924 3118 1977 ille
3145 1924 3475 1992 conspiceret
3501 1924 3712 1978 Judmos
3752 1924 3923 1993 impie

2333 2012 2591 2079 viventes,
2624 2018 2679 2067 et
2725 2027 2864 2064 nunc
2892 2010 3105 2080 quidem
3134 2012 3565 2080 obtemperantes
3598 2014 3704 2066 Deo
3728 2055 3742 2075 ,
3775 2029 3923 2067 nunc

2333 2117 2517 2155 rursus
2565 2102 2704 2155 idola
2759 2103 3035 2169 colentes,
3081 2103 3147 2157 ad
3197 2104 3339 2159 hunc
3381 2104 3611 2173 loquitur
3651 2107 3866 2158 modum
3906 2125 3921 2160 :

2336 2191 2604 2260 Quousque
2628 2192 2926 2245 claudicatis
2952 2203 3163 2260 utroque
3192 2194 3379 2261 poplite
3405 2194 3606 2247 vestro?
3639 2193 3699 2247 Si
3730 2194 3921 2247 Domi—

2332 2298 2429 2335 nus
2449 2282 2672 2335 esrﬂeus
2697 2283 2966 2348 vobiscum,
2995 2286 3150 2336 venite
3169 2292 3215 2336 et
3229 2284 3492 2363 sequimini
3512 2300 3663 2347 eum;
3687 2286 3730 2338 si
3748 2296 3923 2337 autem

2333 2372 2479 2437 Baal,
2515 2377 2583 2427 ite
2610 2384 2719 2443 post
2743 2392 2855 2427 eum
2889 2375 2980 2445 (5.
3011 2374 3137 2444 Reg.
3170 2376 3253 2429 18.
3284 2374 3348 2427 21
3377 2374 3416 2443 ).
3446 2375 3587 2429 Idem
3615 2385 3664 2427 ct
3692 2378 3803 2442 ipse
3834 2376 3923 2429 lo-

2332 2479 2467 2531 quor
2488 2464 2552 2515 ad
2586 2465 2733 2516 istos.
2764 2465 2819 2518 Si
2847 2465 3179 2519 Judaismum
3213 2465 3409 2533 putatis
3440 2480 3620 2518 verum
3652 2480 3790 2525 esse.
3819 2481 3926 2519 cur

2334 2554 2640 2622 obstrepitis
2671 2554 2970 2608 Ecclesiae?
3007 2554 3159 2619 Quod
3208 2554 3253 2608 si
3294 2554 3730 2607 Christianismus
3758 2570 3924 2608 verus

2334 2653 2435 2708 est,
2468 2645 2605 2697 sicut
2632 2659 2813 2698 revera
2844 2652 2965 2707 est,
3007 2645 3071 2696 in
3100 2658 3164 2697 eo
3192 2654 3433 2709 manete,
3465 2653 3519 2698 et
3544 2644 3691 2697 illum
3721 2658 3922 2712 sequa-

2334 2735 2484 2787 mini.
2529 2735 2802 2803 I’articeps
2847 2751 2904 2788 es
2950 2735 3223 2815 nobiscum
3268 2737 3639 2805 mysteriorum
3668 2753 3681 2787 :
3709 2751 3807 2804 age
3831 2737 3924 2790 dic

2333 2825 2498 2889 mihi,
2541 2824 2810 2877 Christum
2840 2824 3029 2878 adoras
3058 2834 3113 2878 ut
3142 2825 3507 2887 Christianus,
3538 2825 3604 2878 ab
3643 2826 3733 2877 illo
3779 2827 3923 2879 bona

2336 2916 2489 2983 petis,
2513 2925 2565 2969 et
2593 2930 2711 2969 cum
2743 2916 2888 2969 illius
2919 2915 3162 2969 hostibus
3187 2914 3379 2969 festum
3413 2916 3696 2970 celebras?
3719 2918 3783 2969 Et
3811 2933 3924 2985 quo

2335 3005 2545 3059 tandem
2597 3006 2773 3058 animo
2826 3005 3005 3073 prodis
3059 3005 3110 3058 in
3158 3004 3499 3059 Ecclesium?
3547 3005 3740 3059 Verum
3801 3007 3924 3059 hsce

2332 3094 2532 3149 dixisse
2562 3096 2787 3159 sufﬁciat
2815 3096 2880 3148 ad
2914 3096 3032 3149 illos
3072 3095 3160 3164 qui
3202 3095 3493 3163 praedicant
3538 3111 3596 3149 se
3637 3097 3922 3150 nobiscum

2333 3188 2549 3252 sentire,
2583 3202 2702 3241 cmn
2732 3202 2818 3241 res
2848 3187 3059 3240 illorum
3108 3186 3399 3240 imitentur.
3426 3187 3558 3252 Quia
3605 3203 3731 3239 vero
3769 3195 3824 3239 et
3849 3188 3920 3239 ad

2335 3278 2453 3330 illos
2474 3276 2593 3329 volo
2622 3276 2852 3344 dirigere
2874 3290 3199 3339 sermonem,
3229 3275 3502 3330 concedite
3526 3274 3651 3327 mihi
3683 3284 3736 3328 ut
3762 3276 3924 3329 liceat

2331 3367 2627 3419 doctrinam
2660 3364 2797 3419 hanc
2822 3366 2980 3418 altius
3008 3372 3269 3432 repetere,
3300 3378 3405 3433 quo
3436 3363 3771 3431 perspicuum
3802 3363 3919 3429 ﬁat,

2331 3456 2545 3511 Iudaeos
2580 3472 2721 3509 nunc
2763 3455 3064 3522 jejunantes
3110 3453 3281 3522 legem
3331 3453 3617 3522 ignominia
3663 3454 3871 3508 allicere
3899 3498 3916 3519 ,

2333 3550 2530 3617 Deique
2575 3556 2839 3616 praecepta
2886 3546 3219 3609 conculcare,
3262 3560 3474 3613 semper
3518 3560 3578 3597 ea
3626 3546 3916 3608 facientes,

2334 3656 2451 3708 quae
2479 3640 2618 3693 illius
2650 3638 2861 3706 placitis
2886 3637 3253 3690 adversantur.
3284 3635 3493 3687 Etenim
3521 3650 3641 3687 cum
3676 3634 3796 3688 illos
3823 3651 3920 3687 vo-

2335 3732 2475 3785 lehat
2500 3730 2761 3799 jejunarc,
2792 3738 2899 3781 tum
2932 3727 3380 3789 incrassahantur,
3410 3725 3910 3793 dilatabantnnjue:

2335 3837 2519 3875 rursus
2548 3820 2631 3873 ubi
2662 3834 2763 3872 non
2791 3818 2999 3871 volebat
3026 3831 3118 3871 eos
3145 3816 3385 3882 jejunare
3410 3858 3424 3878 ,
3454 3816 3549 3883 ipsi
3576 3815 3913 3882 jejunabant.

2333 3913 2463 3966 Cum
2493 3911 2650 3963 vellet
2681 3910 2796 3962 illos
2824 3910 3064 3960 victimas
3092 3904 3312 3967 offerre,
3358 3905 3426 3958 ad
3469 3904 3749 3959 simulacra
3791 3919 3921 3972 pro-

2335 4003 2589 4072 perabant
2618 4020 2628 4055 :
2660 4016 2779 4054 cum
2811 4000 2971 4052 vellet
3019 3999 3134 4051 illos
3178 3998 3445 4052 celebrare
3492 3995 3684 4049 festum
3733 3997 3873 4051 diem
3902 4040 3917 4060 ,

2334 4112 2439 4148 non
2472 4094 2742 4147 celebrare
2768 4092 3045 4145 curabant.
3076 4088 3144 4142 Et
3182 4086 3303 4140 ideo
3345 4085 3647 4154 Stephanus
3685 4086 3821 4139 dixit
3852 4088 3920 4139 ad

2331 4178 2475 4242 illos,
2492 4176 2591 4230 Vos
2606 4175 3229 4244 semperSpirituisancto
3251 4168 3500 4221 resistitis
3520 4165 3843 4235 (Act.7.51).
3868 4166 3922 4219 In

2330 4272 2452 4334 hoc,
2478 4269 2673 4339 inquit,
2701 4268 2876 4321 solum
2923 4262 3273 4322 incubuistis,
3305 4270 3364 4313 ut
3408 4272 3752 4328 quaecunque
3774 4255 3926 4311 Deus

2329 4361 2675 4431 prazceperit,
2706 4359 2774 4412 iis
2794 4355 3076 4411 contraria
3111 4353 3347 4417 faciatis,
3372 4351 3843 4421 quemadmodum
3870 4361 3928 4404 et

2330 4470 2475 4507 nunc
2502 4453 2731 4505 faciunt.
2753 4444 2910 4503 Unde
2933 4448 2985 4501 id
3015 4446 3224 4516 liquet?
3252 4445 3522 4497 Nimirum
3546 4458 3610 4496 ex
3633 4443 3749 4512 ipsa
3771 4443 3921 4512 iege.

2327 4542 2605 4611 Siquidem
2624 4542 2676 4595 in
2694 4541 2827 4610 ipsis
2851 4540 3014 4593 etiam
3035 4536 3188 4592 festis
3204 4534 3451 4589 Judaicis
3470 4550 3579 4587 non
3600 4542 3814 4602 tempus
3831 4550 3927 4588 so-

2328 4633 2664 4692 lum,verum
2682 4639 2734 4684 et
2756 4630 2934 4683 locum
2952 4628 3232 4681 observari
3254 4626 3421 4695 jussit
3443 4626 3560 4693 ipsa
3583 4625 3690 4679 lex.
3713 4623 3849 4677 Nam
3869 4632 3927 4678 et

2330 4726 2395 4779 de
2423 4724 2689 4778 Paschate
2729 4723 2873 4789 quod
2907 4732 3023 4775 erat
3050 4719 3192 4787 apud
3220 4720 3371 4787 ipsos
3401 4717 3706 4779 disserens,
3734 4716 3807 4769 ita
3840 4716 3929 4769 lo—

2328 4817 2515 4887 quitur
2538 4833 2549 4868 :
2574 4814 2694 4867 Non
2716 4814 2932 4883 potestis
2947 4811 3210 4865 celebrare
3230 4809 3440 4883 Pascha
3454 4811 3504 4861 in
3520 4808 3634 4861 ulla
3648 4810 3928 4860 ciuitatum

2330 4925 2536 4969 earum,
2556 4925 2686 4977 quas
2706 4907 2960 4960 Dominus
2980 4904 3121 4957 Deus
3150 4903 3245 4956 dat
3268 4903 3411 4956 vobis
3434 4902 3618 4968 (Deut.
3652 4901 3811 4954 16.5.
3839 4902 3924 4965 6).

2340 5000 2447 5055 Sed
2465 4988 2623 5051 'sicut
2649 4979 2855 5049 dc'cimo
2884 5002 3072 5061 quarto
3100 4989 3189 5044 die
3217 4987 3371 5059 primi
3396 4986 3631 5051 mensis,
3665 4985 3734 5039 ita
3761 4984 3929 5039 Jcroo

2342 5087 2562 5159 solytuis
2600 5086 2752 5155 jubet
2796 5080 2924 5137 illud
2954 5081 3131 5149 peragi
3154 5120 3167 5140 ,
3199 5078 3445 5131 similiter
3470 5076 3630 5129 etiam
3662 5075 3929 5128 Penteco-

2343 5191 2457 5237 sten
2490 5188 2543 5233 et
2569 5178 2668 5231 loci
2690 5184 2743 5229 et
2769 5174 3022 5241 temporis
3060 5169 3431 5225 observatione
3459 5166 3717 5221 conclusit
3749 5181 3763 5217 ε
3793 5163 3929 5217 dum

2344 5283 2463 5343 post
2486 5278 2689 5337 septem
2721 5262 3079 5319 hebdomadas
3110 5261 3261 5330 jubet
3289 5259 3393 5313 hoc
3418 5258 3610 5312 festum
3641 5254 3930 5317 celebrari,

2344 5373 2397 5417 et
2422 5375 2635 5416 rursum
2665 5373 2785 5413 cum
2812 5355 2993 5411 addit:
3029 5353 3094 5406 In
3133 5354 3241 5405 loco
3266 5368 3410 5420 quem
3444 5349 3645 5418 elegerit
3677 5345 3939 5399 Dominus

2347 5456 2483 5509 Deus
2511 5464 2624 5506 tuus
2652 5450 2847 5520 (Deut.
2878 5447 2963 5502 1‘2.
2994 5447 3053 5499 il
3084 5444 3123 5513 ).
3159 5442 3248 5497 Sic
3284 5449 3339 5495 et
3354 5438 3552 5494 festum
3578 5435 3939 5504 Sccnopegize

2349 5545 2595 5599 instituit.
2626 5541 2729 5597 Sed
2755 5538 3095 5607 dispiciamus
3121 5574 3134 5597 ,
3166 5543 3340 5585 utrum
3378 5528 3591 5582 tandem
3626 5526 3811 5579 horum
3839 5536 3937 5579 est
3972 5588 3983 5593 ν

2350 5640 2515 5708 magis
2544 5633 2926 5695 necessarium,
2958 5629 3109 5682 locus
3148 5641 3216 5679 an
3262 5632 3491 5690 tempus.
3517 5619 3587 5673 Et
3610 5618 3656 5672 si
3688 5632 3791 5670 non
3820 5617 3944 5670 sint

2353 5732 2465 5784 haec
2491 5730 2629 5783 inter
2656 5741 2712 5780 se
2741 5722 2905 5794 paria,
2941 5727 3116 5775 utrum
3145 5712 3536 5773 observandum
3562 5717 3642 5766 est
3679 5718 3897 5780 tempus
3921 5746 3943 5775 ,
