4178 6324
167 371 280 427 875

167 488 271 540 οὐκ
293 486 474 540 αἰτίαν
498 489 604 562 χρὴ
633 489 819 561 ζητεῖν
846 491 1027 560 μόνον,
1051 493 1188 548 ἀλλά
1207 495 1300 550 καὶ
1330 497 1495 551 τόπον
1517 499 1609 552 καὶ
1639 517 1760 553 και-

168 571 287 641 ρόν.
319 572 540 625 Μᾶλλον
560 572 616 624 δέ
642 575 771 644 πρὶν
805 573 999 646 ἢπρὸς
1034 577 1321 643 Ἰουδαίους
1351 581 1762 649 ἀποτείνασθαι,

163 656 284 716 τοῖς
313 655 608 724 ἡμετέροις
640 655 812 726 ἡδέως
839 657 1198 730 διαλεξόμεθα
1218 673 1243 702 α
1287 663 1496 732 μέλεσι,
1535 668 1650 729 τοῖς
1674 666 1759 720 δο-

165 735 328 789 κοῦσι
361 737 463 807 μὲν
492 737 610 808 μεθ’
640 739 798 809 ἡμῶν
829 741 1090 812 τετάχθαι
1119 783 1134 804 ,
1191 743 1558 814 θεραπεύουσι
1600 747 1657 800 δὲ
1695 748 1766 801 τά

165 817 422 885 ἐκείνων,
453 823 548 876 καὶ
580 822 672 876 τὸν
701 823 886 890 ἀγῶνα
916 825 1136 880 ᾶπαντα
1163 827 1306 899 ὑπὲρ
1347 830 1528 883 αὐτῶν
1559 831 1766 901 ἀνῃρη-

166 904 379 974 μένοις,
405 903 498 967 οὒς
520 905 615 958 καὶ
635 905 881 969 πλείονος
905 909 1047 963 κατὰ
1069 909 1228 963 τοῦτο
1252 913 1632 983 κατακρίσεως
1657 913 1764 966 τῶν

177 988 455 1042 Ἰουδαίων
483 989 741 1044 ἁπάντων
769 990 954 1057 ἀξίους
982 992 1146 1057 ὄντας
1170 995 1304 1064 ὁρῶ.
1345 997 1454 1049 Καὶ
1479 995 1640 1050 τοῦτο
1665 997 1765 1068 οὐχ

161 1074 212 1124 οί
240 1073 402 1141 σοφοὶ
428 1073 522 1126 καὶ
552 1073 767 1127 συνετοὶ
794 1074 978 1144 μόνον,
1010 1075 1147 1130 ἀλλά
1177 1079 1273 1131 καὶ
1318 1081 1365 1131 οί
1396 1079 1648 1134 ὁπωσοῦν
1676 1079 1766 1133 λό-

161 1173 263 1223 γου
316 1157 414 1210 καὶ
464 1156 703 1221 διανοίας
766 1159 1089 1228 μετέχοντες
1150 1161 1644 1234 συνομολογήσαιεν
1697 1163 1764 1217 ἂν

161 1241 325 1309 ἡμῖν.
352 1240 427 1293 Οὐ
464 1239 574 1311 γὰρ
607 1241 766 1310 χρεία
791 1243 1148 1316 σοφισμάτων
1183 1245 1276 1297 καὶ
1298 1246 1650 1315 κατασκευῆς
1669 1247 1764 1299 καὶ

166 1323 403 1395 μακρῶν
433 1325 700 1395 περιόδων
735 1324 877 1378 ῶστε
911 1327 1192 1392 ἀποδεῖξαι
1237 1329 1415 1395 τοῦτο,
1452 1329 1568 1383 ἀλλ’
1602 1332 1766 1401 ἀρκεῖ

163 1407 330 1478 ψιλήν
356 1425 480 1462 τινα
513 1407 785 1479 ἐρώτησιν
807 1411 1066 1482 ἐρόμενον
1103 1412 1243 1464 ἑλεῖν
1275 1414 1478 1477 αὐτοὺς
1521 1413 1630 1466 ἀπὸ
1662 1414 1764 1484 τῆς

163 1490 537 1563 ἀποκρίσεως.
591 1492 656 1545 Τί
695 1488 820 1558 οῦν;
851 1492 1084 1548 ἕκαστον
1115 1494 1224 1548 τῶν
1252 1494 1414 1549 τοῦτο
1463 1495 1763 1549 νοσούντων

161 1577 459 1648 ἐρήσομαι,
487 1576 813 1648 Χριστιανὸς
841 1573 929 1641 si;
971 1577 1118 1640 τίνος
1152 1574 1247 1631 οὗν
1279 1579 1467 1633 ἕνεκεν
1516 1579 1585 1634 τά
1633 1580 1764 1634 Ἰου-

162 1661 331 1714 δαίων
367 1660 586 1732 ζηλοῖςς
636 1659 798 1714 Ἀλλά
834 1660 1088 1724 Ἰουδαῖος
1121 1657 1212 1727 εἷς
1250 1663 1398 1726 τίνος
1432 1658 1526 1716 οὖν
1574 1663 1763 1717 ἑνεκεν

163 1744 407 1813 ἐνοχλεῖς
449 1746 514 1813 τῇ
562 1743 895 1815 Ἐκκλησίᾳς
953 1744 1010 1797 '0
1059 1745 1278 1815 Πέρσης
1315 1747 1377 1798 ού
1413 1746 1481 1798 τὰ
1532 1746 1762 1817 Περσῶν

164 1830 392 1896 φρονεῖ;
422 1829 452 1880 6
492 1826 770 1899 βάρϐαρος
823 1828 886 1881 οὐ
939 1827 1010 1883 τά
1044 1828 1340 1902 βαρϐάρων
1373 1830 1557 1900 ζηλοῖ;
1603 1834 1632 1884 6
1661 1831 1762 1901 τὴν

174 1911 467 1982 Ῥωμαίων
501 1912 685 1982 χώραν
709 1911 877 1966 οἰκῶν
899 1912 960 1964 ού
987 1914 1086 1984 τὴν
1116 1913 1395 1985 ἡμετέραν
1419 1915 1629 1985 μέτεισι
1658 1933 1759 1969 πο-

164 1993 412 2058 λιτείανς
447 1994 546 2048 Ἀν
584 1994 698 2065 ἁλῷ
746 2012 854 2058 τις,
897 1996 1020 2068 εἰπέ
1051 2014 1162 2066 μοι,
1191 1997 1299 2050 τῶν
1334 1999 1466 2068 παρ’
1503 2000 1634 2068 ἡμῖν
1681 2001 1762 2052 οἰ·-

166 2077 407 2131 κούντων
430 2079 498 2131 τά
523 2064 748 2132 ἐκείνων
781 2064 1017 2148 φρονῶν,
1050 2064 1149 2132 οὐκ
1171 2079 1375 2144 εὐθέως
1408 2064 1578 2152 χωρίς
1601 2082 1760 2149 λόγου

165 2163 258 2214 καὶ
307 2161 610 2225 ἐξετάσεως
658 2161 967 2226 κολάζεται,
1020 2162 1121 2216 κᾶν
1153 2164 1324 2234 μυρία
1371 2163 1760 2232 ἀπολογεῖσθαι

166 2247 300 2317 Exn;
334 2246 401 2299 ἂν
425 2248 565 2318 φανῇ
590 2263 674 2308 τις
705 2247 833 2318 παρ’
864 2247 1096 2310 ἐκείνοις
1133 2251 1245 2310 τοῖς
1295 2248 1584 2318 Ῥωμαίων
1613 2249 1758 2322 χρώ·

169 2347 328 2402 μενος
356 2331 563 2399 νόμοις,
589 2330 650 2382 ού
681 2329 839 2383 τοῦτο
859 2331 993 2384 αὐτὸ
1015 2333 1261 2384 πείσεται
1287 2331 1484 2400 πάλιν;
1519 2333 1644 2396 Πῶς
1665 2330 1760 2387 οὖν

170 2418 231 2468 σὺ
263 2416 404 2487 πρὸς
437 2414 534 2484 τὴν
566 2413 892 2484 παράνομον
909 2414 1125 2484 ἐκείνην
1169 2415 1568 2485 μεθιστάμενος
1608 2417 1760 2470 πολι-

164 2500 314 2552 τείαν
352 2500 524 2563 ἀξιοῖς
558 2497 862 2564 σώζεσθαι;
893 2499 984 2568 Μὴ
1010 2499 1120 2570 γὰρ
1145 2499 1324 2568 ὀλίγον
1357 2502 1474 2553 ἐστὶ
1496 2500 1557 2552 τὸ
1593 2501 1760 2570 μέσον

166 2583 323 2652 ἡμῶν
376 2583 472 2636 καί
516 2581 824 2646 Ἱουδαίων;
881 2582 955 2653 μὴ
1007 2581 1116 2653 7&9
1151 2583 1292 2654 ὑπὲρ
1321 2581 1432 2636 τῶν
1485 2584 1758 2654 τυχόντων

168 2669 311 2720 ἐστὶν
342 2669 376 2739 ἡ
420 2666 856 2738 ἀμφισϐήτησις,
917 2667 1005 2719 ἵνα
1033 2667 1092 2718 ἓν
1133 2668 1228 2720 καὶ
1267 2667 1330 2720 τὸ
1361 2667 1497 2720 αὐτὸ
1527 2669 1758 2741 νομίσῃς

166 2748 334 2818 εἷναις
372 2753 438 2805 Τί
467 2751 717 2821 μιγνύεις
748 2752 776 2791 ι)
803 2751 872 2805 τά
894 2751 1101 2821 ἄμικτα
1122 2768 1135 2816 ;
1160 2752 1514 2824 ἐσταύρωσαν
1558 2754 1757 2807 ἐκεῖνοι

167 2839 255 2890 τὸν
283 2837 544 2908 Χριστὸν,
581 2836 640 2889 δν
672 2836 736 2888 σὺ
767 2837 1116 2907 προσκυνεῖς.
1167 2837 1332 2907 Ὁρᾷς
1362 2837 1530 2890 πόσον
1573 2838 1635 2891 τὸ
1663 2839 1759 2908 μέ-

171 2938 295 2984 σον;
331 2921 456 2975 Πῶς
482 2916 574 2973 οῦν
604 2919 740 2988 πρὸς
768 2918 1011 2982 ἐκείνους
1043 2919 1258 2989 τρέχεις
1283 2920 1409 2983 τοὺς
1443 2921 1754 2984 ἀνελόντας.

169 3007 197 3056 6
233 3007 557 3074 προσκυνεῖν
589 2999 764 3070 λέγων
791 3001 880 3054 τὸν
905 3003 1357 3072 ἐσταυρωμένον;
1386 3005 1478 3076 Μὴ
1507 3005 1618 3076 γὰρ
1645 3005 1757 3072 ἐγὼ

168 3087 352 3142 τοῦτον
379 3087 587 3157 εἰσάγω
617 3086 726 3140 τῶν
756 3085 1122 3157 ἐγκλημάτων
1144 3085 1234 3138 τὸν
1258 3087 1422 3157 νόμον
1451 3088 1546 3142 καὶ
1573 3088 1633 3140 τὸ
1657 3089 1756 3159 τῆς

171 3171 503 3242 κατηγορίας
537 3166 712 3233 εἷδος;
741 3170 863 3238 οὐχὶ
891 3171 984 3222 καὶ
1009 3170 1042 3238 ἡ
1067 3169 1258 3240 Γραφὴ
1285 3170 1460 3242 τούτῳ
1491 3171 1755 3242 κέχρηται

172 3256 301 3326 πρὸς
327 3255 523 3317 αὐτοὺς
547 3252 624 3323 τῷ
645 3253 831 3324 τρόπῳ
855 3269 869 3318 ;
906 3253 1177 3306 Ἀκουσον
1200 3254 1254 3306 τί
1279 3271 1444 3325 φησιν
1489 3255 1756 3325 Ἱερεμίας

171 3338 301 3406 πρὸς
332 3339 528 3400 αὐτοὺς
580 3336 856 3400 ἐκείνους·
911 3335 1217 3390 Ἀπέλθετε
1253 3339 1342 3402 είς
1388 3336 1612 3405 Κηὸὰρ,
1654 3340 1752 3391 καὶ

175 3421 322 3476 ἴδετε
341 3439 355 3454 ·
385 3423 791 3476 ἀποστείλατε
822 3423 906 3485 εις
940 3422 1046 3485 τὰς
1100 3417 1337 3485 νήσους
1377 3422 1628 3489 Χετιεὶμ,
1655 3421 1755 3474 καὶ

172 3504 429 3573 γνῶτε,εῑ
462 3507 671 3575 γέγονε
728 3506 991 3560 τοιαῦτα.
1048 3506 1184 3558 Ποῖα
1225 3504 1435 3568 ταῦτα;
1473 3504 1757 3558 51W-

176 3588 372 3651 ξονται
400 3590 544 3655 ἔθνη
563 3589 738 3654 θεοὺς
756 3587 976 3650 αὐτῶν,
1009 3589 1294 3643 καὶαὺτοὶ
1319 3592 1431 3644 οὐκ
1458 3591 1576 3642 είσὶ
1593 3591 1716 3643 θεοί
1737 3608 1752 3623 ο

175 3673 332 3740 ὑμεῖς
356 3673 423 3726 δὲ
451 3673 807 3738 ῆλλάξασθε
839 3671 955 3738 τὴν
977 3671 1169 3737 δόξαν
1208 3671 1405 3742 ὑμῶν,
1435 3673 1505 3736 ἐξ
1536 3669 1612 3742 ἧς
1644 3675 1756 3726 οὐκ

175 3757 654 3826 ὠφεληθήσεσθε.
697 3757 813 3808 Ούκ
851 3751 1041 3807 εἶπεν·
1105 3754 1438 3821 Ἠλλάξασθε
1492 3757 1584 3809 τὸν
1621 3755 1757 3807 Θεὸν

177 3841 341 3909 ὑμῶν,
369 3841 527 3903 άλλά,
548 3840 661 3907 τὴν
679 3838 869 3904 δόξαν
904 3849 950 3890 ε.
980 3841 1046 3892 Ὃ
1069 3839 1123 3892 δέ
1150 3839 1297 3907 λέγει
1323 3839 1562 3893 τοιοῦτόν
1585 3840 1754 3893 ἐστίν·

187 3922 426 3987 Ἐκεῖνοι,
458 3923 644 3993 φησὶν,
678 3922 873 3975 είδωλα
903 3922 1356 3991 προσκυνοῦντες,
1377 3925 1471 3976 καὶ
1498 3923 1757 3994 δαίμονας

177 4007 583 4077 θεραπεύοντες,
615 3995 870 4059 τοσοῦτον
900 4007 1032 4076 περὶ
1058 4009 1158 4077 τὴν
1175 4007 1389 4078 πλάνην
1417 4007 1600 4078 έχουσι
1630 4025 1754 4061 συν-

179 4091 327 4154 ειδὸς,
359 4093 434 4154 ὡς
473 4090 607 4160 μηδέ
642 4089 856 4141 ἑλέσθαι
891 4089 1212 4143 καταλιπεῖν
1241 4092 1446 4147 ἐκεῖνα.
1492 4093 1585 4146 καὶ
1622 4091 1757 4162 πρὸς

176 4176 266 4243 τὴν
294 4175 552 4245 ἀλήθειαν
582 4172 950 4243 αὐτομολῆσαι
975 4188 986 4200 °
1023 4173 1182 4241 ὑμεῖς
1209 4173 1266 4225 δὲ
1295 4173 1387 4226 τὸν
1417 4173 1592 4243 ἀληθῆ
1624 4174 1756 4226 Θεὸν

177 4256 631 4327 προσκυνοῦντες,
697 4255 848 4327 [6‘20]
889 4256 1119 4324 ἀφέντες
1144 4257 1243 4327 τὴν
1287 4256 1545 4328 πατρῴαν
1600 4258 1755 4310 εὐσέ-

178 4339 352 4407 ϐειαν,
397 4342 537 4412 πρὸς
583 4340 653 4392 τά
694 4340 955 4409 ἀλλότρια
1002 4340 1447 4412 ηὑτομολήσατε·
1509 4341 1602 4392 καὶ
1637 4341 1756 4394 οὐδὲ

176 4423 297 4496 ὅσην
327 4426 543 4497 ἔχουσιν
567 4426 765 4477 ἐκεῖνοι
789 4424 917 4492 περὶ
948 4423 1046 4493 τὴν
1079 4423 1288 4494 πλάνην
1322 4424 1524 4493 ταύτην
1575 4425 1755 4476 συνεί-

174 4505 337 4577 δησιν,
363 4507 634 4578 τοσαύτην
670 4507 798 4576 περῖ¹
832 4506 929 4576 τὴν
979 4506 1237 4576 ἀλήθειαν
1272 4508 1429 4576 ὑμεῖς
1471 4507 1753 4570 ἐπεδείξα-

178 4593 284 4652 σθε,
307 4594 406 4646 Διά
433 4591 591 4645 τοῦτό
626 4595 821 4660 φησιν·
861 4593 930 4642 Εἰ
952 4589 1159 4658 γέγονε
1196 4590 1461 4653 τοιαῦτα,
1492 4590 1546 4642 εί
1567 4590 1754 4644 ἀλλά-

177 4674 372 4737 ξονται
397 4677 541 4743 ἔθνη
565 4676 742 4741 θεοὺς
767 4673 988 4740 αὐτῶν,
1017 4675 1114 4728 καὶ
1133 4675 1305 4728 αὐτοὶ
1335 4678 1447 4730 οὐκ
1464 4675 1585 4729 είσὶ
1608 4677 1750 4731 θεοί·

176 4760 332 4827 ὑμεῖς
351 4760 421 4813 δὲ
441 4758 796 4828 ἡλλάξασθε
835 4759 950 4824 τὴν
993 4759 1184 4822 δόξαν
1217 4755 1404 4827 ὑμῶν,
1439 4761 1509 4822 ἐξ
1535 4754 1610 4829 ἧς
1643 4763 1754 4814 οὐκ

174 4843 650 4915 ὠφεληθήσεσθε.
705 4844 820 4896 υύκ
859 4839 1034 4906 εἶπεν,
1101 4843 1436 4908 Ἦλλάξασθε
1469 4845 1562 4897 τὸν
1617 4846 1755 4899 Θεὸν

179 4926 352 4995 ὑμῶν·
386 4931 414 4982 6
441 4928 574 4992 Θεὸς
607 4927 718 4998 7&9
751 4927 852 4980 οὐκ
882 4927 1250 4980 ἀλλάσσεται·
1281 4926 1418 4990 ἀλλ’,
1461 4928 1754 4993 Ἠλλάξα-

176 5013 274 5063 σθε
291 5010 406 5080 τὴν
427 5010 616 5076 δόξαν
646 5009 833 5074 ὑμῶν.
866 5011 957 5081 Μὴ
983 5009 1092 5079 γὰρ
1119 5011 1240 5078 ἐμὲ,
1278 5013 1462 5082 φησὶν,
1487 5011 1755 5082 ἠδικήσα-

175 5109 253 5146 τε·
288 5096 359 5169 μὴ
396 5095 505 5165 γάρ
530 5095 655 5165 ἐμοὶ
683 5094 900 5161 ἐγένετο
935 5095 1109 5164 βλάϐη
1134 5112 1147 5124 ·
1181 5094 1338 5166 ὑμεῖς
1382 5098 1612 5160 ἑαυτοὺς
1636 5101 1756 5166 ἡτι-

179 5175 419 5244 μώσατεη·
446 5178 546 5249 τὴν
581 5178 720 5248 ἐμὴν
744 5178 846 5232 οὐκ
873 5177 1226 5247 ἠλάττωσατε
1257 5178 1440 5244 δόξαν,
1477 5180 1618 5234 ἀλλά
1655 5181 1756 5250 τὴν

177 5258 452 5334 ὑμετέραν.
483 5262 614 5315 Δότε
645 5260 709 5332 δὴ
737 5262 908 5331 κάμοὶ
932 5261 1093 5314 τοῦτο
1120 5263 1216 5316 καὶ
1244 5264 1380 5334 πρὸς
1401 5266 1526 5328 τοὺς
1552 5266 1752 5336 ήμετὲο-

179 5357 290 5410 ρους
315 5348 512 5408 είπεῖν,
532 5343 668 5412 εἴγε
701 5345 1005 5416 ἡμετέρους
1025 5346 1132 5416 χρὴ
1159 5347 1346 5400 καλεῖν
1370 5349 1496 5411 τοὺς
1514 5349 1582 5402 τά
1612 5349 1757 5401 ὲκεί-

177 5438 268 5478 νων
305 5429 656 5500 φρονοῦντας.
693 5429 998 5500 Πορεύεσθε
1031 5433 1110 5495 εἰς
1135 5432 1236 5494 τάς
1287 5436 1632 5501 συναγωγάς,
1663 5434 1756 5487 καὶ

178 5503 300 5562 ίδετε
331 5513 382 5564 εί
411 5511 717 5581 ἠλλάξαντο
762 5512 1006 5566 Ἰουδαῖοι
1046 5514 1145 5584 τὴν
1178 5515 1434 5584 νηστείαν
1469 5518 1672 5582 αὐτῶν,
1705 5519 1755 5570 εἰ

176 5634 572 5748 ὼξῐεὶςῡρὲυῐὶωί
596 5651 710 5688 mss.
740 5639 909 5694 Monlf.
936 5642 1274 5704 διαλεξὼμεθα,
1298 5645 1429 5706 quod
1454 5647 1616 5695 minus
1634 5661 1755 5709 qua-

231 5758 478 5826 §§eplem
501 5775 617 5826 mss.
645 5764 760 5811 εἶναι
786 5765 866 5812 καὶ
893 5765 1100 5826 μιγνύῃς.

234 5825 252 5850 ⁸⁵
273 5824 402 5891 ῌκεε,
427 5825 516 5891 οῦκ
537 5825 683 5891 εἶπεν,
707 5824 970 5882 ἠλλάξασθε
991 5824 1071 5873 τὸν
1098 5829 1218 5875 θεὸν
1239 5831 1391 5891 ὑμῶν,
1418 5830 1539 5880 ἀλλὰ
1561 5835 1645 5889 τήν
1669 5835 1750 5881 δό-

184 5882 463 5950 {00,510ng
484 5888 530 5932 in
555 5882 775 5950 Savil.gl
800 5891 848 5936 in
873 5899 987 5936 mss.
1011 5899 1224 5950 septem.
1252 5882 1338 5939 sed
1362 5882 1469 5942 c'um
1497 5897 1542 5942 in
1573 5882 1747 5944 Morel.

189 5948 234 5993 εὶ
254 5946 593 6006 aliisjaceanl.
618 5955 670 5997 el
692 5949 750 5998 ad
775 5962 974 5999 sensum
999 5946 1259 6012 quidrcm,
1285 5955 1466 6006 iulactn
1508 5967 1754 6010 maneant.

1401 382 1771 444 ADVERSUS
1810 386 2124 449 JUDEOS.
2166 395 2254 449 IV.

3370 410 3478 470 876

1867 507 1929 561 τὸ
1965 508 2151 578 πάσχα
2175 508 2295 579 μεθ’
2318 509 2478 580 ἡμῶν
2507 511 2866 584 ἐνήστευσαν,
2899 513 2949 568 εί
2977 515 3185 589 ταύτην
3211 518 3311 591 τὴν
3339 523 3477 592 ὴμέο

1872 609 1972 661 ραν
2005 591 2135 644 ποτέ
2162 591 2388 661 ἔφαγον.
2429 595 2540 648 Καὶ
2573 595 2715 668 αὕτη
2757 599 2858 652 οὐκ
2891 598 3009 652 ἔστι
3048 601 3294 670 νηστεία,
3335 591 3473 659 ἀλλά

1868 674 2190 746 παρανομία
2219 677 2315 728 καὶ
2346 677 2592 750 ἁμαρτία
2632 680 2728 733 καὶ
2745 679 3095 756 πλημμέλεια
3120 698 3135 716 ·
3178 684 3293 738 ἀλλ’
3317 686 3474 756 ὅμως

1865 755 2254 838 ούκῌήλλαξαν.
2306 759 2499 829 Ὑμεῖς
2529 761 2587 814 δὲ
2619 753 2929 832 undenso:
2967 764 3071 836 τὴν
3103 765 3262 831 δόξαν
3292 753 3471 838 ὑμῶν,

1867 834 2027 921 ὲξλῆς
2051 841 2154 894 οὑκ
2183 841 2628 915 ὠφεληθήσεσθε,
2655 846 2750 900 καὶ
2778 847 2916 918 πρὸς
2941 847 3012 901 τά
3029 834 3269 903 ἐκείνων
3306 834 3471 921 ηὐτο-

1871 919 2168 991 μολήσατε.
2207 925 2346 977 Πότε
2376 926 2438 979 τὸ
2475 929 2664 998 πάσχα
2694 931 3028 1000 ἐνήστευσαν
3069 931 3300 998 ἐκεῖνοι;
3330 919 3473 984 πότε

1870 1004 2168 1075 μαρτύρων
2193 1008 2499 1080 μεθ’,ὴμῶν
2529 1011 2726 1082 ἑορτὴν
2748 1012 3118 1078 ὲπετέλεσαν;
3155 1013 3287 1067 πότε
3330 1014 3477 1068 κατά

1865 1086 1966 1156 τὴν
1995 1087 2106 1141 τῶν
2157 1090 2492 1160 Ἐπιφανίων
2525 1095 2740 1165 ἡμέραν
2775 1097 2906 1165 ἡμῖν
2938 1095 3347 1170 ἐκοινώνησανς
3390 1098 3477 1150 Ἐ-

1867 1172 2037 1251 κεῖνοι
2065 1172 2204 1243 πρὸς
2218 1175 2318 1244 τὴν
2344 1174 2606 1246 ἀλήθειαν
2633 1178 2694 1230 οὑ
2719 1177 3002 1248 τρέχουσι,
3027 1180 3123 1232 καὶ
3149 1181 3311 1249 ὑμεῖς
3335 1180 3474 1251 πρὸς

1823 1293 1828 1299 .
1866 1249 1966 1321 τὴν
2004 1257 2362 1329 παρανομίαν.
2388 1258 2643 1328 τρέχετε·
2670 1261 3019 1331 παρανομίαν
3047 1261 3104 1314 δὲ
3136 1262 3301 1330 λέγω,
3322 1249 3476 1316 ἐπει-

1866 1335 1931 1405 δὴ
1973 1338 2125 1408 παρά
2153 1339 2246 1392 τὸν
2267 1342 2620 1412 προσήκοντα
2653 1342 2827 1397 ταῦτα
2855 1345 3068 1412 γίνεται
3120 1345 3332 1416 καιρόν.
3363 1341 3474 1398 Ἦν

1869 1438 2000 1474 ποτε
2035 1422 2247 1493 καιρὸς,
2290 1425 2379 1477 ὅτε
2419 1425 2593 1479 ταῦτα
2642 1427 3013 1496 φυλάττεσθαι
3047 1428 3177 1489 ἔδει,
3207 1429 3347 1482 ἀλλά
3376 1427 3474 1480 νῦν

1867 1504 1968 1556 οὐκ
1998 1505 2134 1560 ἐστι.
2163 1506 2263 1560 Διά
2288 1501 2449 1562 τοῦτο
2478 1510 2539 1564 τὸ
2565 1512 2698 1564 ποτὲ
2738 1512 2964 1579 ἔννομον
2999 1511 3322 1584 παράνομόν
3355 1513 3474 1566 ἐστι

1868 1605 1985 1642 νυν.

1934 1666 1998 1723 δ’.
2028 1671 2159 1724 Δότε
2195 1690 2286 1742 μοι
2316 1673 2378 1726 τὸ
2403 1675 2498 1728 τοῦ
2546 1675 2704 1731 Ἠλία
2743 1677 2878 1749 πρὸς
2908 1678 3107 1742 αὐτοὺς
3128 1679 3325 1732 εἰπεῖν.
3361 1678 3474 1731 Καὶ

1866 1752 1977 1824 γὰρ
1993 1755 2200 1818 ἐκεῖνος
2216 1757 2360 1825 ὁρῶν
2381 1760 2508 1821 τοὺς
2541 1759 2830 1823 Ἰουδαίους
2845 1761 3205 1824 ἀσεϐοῦντας,
3223 1762 3318 1815 καὶ
3338 1760 3472 1820 ποτέ

1871 1836 1970 1907 μὲν
1995 1835 2075 1908 τῷ
2116 1838 2237 1909 Θεῷ
2277 1840 2670 1911 προσέχοντας,
2714 1844 2846 1897 ποτὲ
2875 1845 2934 1900 δὲ
2962 1844 3034 1898 τὰ
3061 1845 3260 1898 εἴδωλα
3312 1844 3475 1910 θεραο

1869 1919 2158 1986 πεύοντας,
2190 1921 2333 1977 οὕτω
2363 1941 2478 1987 πως
2510 1926 2677 1994 φησίν
2699 1944 2713 1957 ·
2750 1928 2908 1992 Ἕως
2957 1930 3104 1983 πότε
3142 1929 3474 1998 χωλανεῖτε

1865 2004 1959 2058 ἐπ’
2006 2005 2372 2075 ἀμφοτέραις
2417 2010 2547 2075 ταῖς
2591 2011 2857 2080 ίγνύαις;
2901 2014 2972 2066 El
3017 2012 3150 2064 ἐστι
3181 2013 3401 2079 Κύριος
3439 2015 3474 2065 ό

1869 2087 2015 2153 Θεὸς
2042 2087 2213 2155 ἡμῶν
2235 2093 2367 2158 μεθ’
2385 2090 2553 2160 ὑμῶν
2581 2091 2834 2156 ἀ,,δεῦτε
2853 2095 2950 2148 καὶ
2981 2095 3314 2162 πορεύεσθε
3344 2094 3473 2147 ὀπι-

1865 2187 1954 2225 σω
1984 2172 2205 2225 αὑτοῦ·
2244 2175 2298 2226 εί
2335 2174 2404 2226 δὲ
2436 2177 2471 2227 ό
2510 2176 2700 2239 Βαὰλ,
2743 2179 3078 2245 πορεύεσθε
3121 2177 3319 2230 ὀπίσω
3365 2177 3473 2230 αὑ-

1865 2255 1992 2308 τοῦ.
2017 2255 2189 2308 Τοῦτο
2223 2258 2316 2310 καὶ
2367 2257 2480 2326 ἐγὼ
2521 2258 2616 2311 νῦν
2650 2259 2795 2327 λέγω
2829 2260 2968 2330 πρὸς
2999 2260 3199 2324 αὐτούς
3221 2277 3234 2291 ·
3285 2261 3349 2313 El
3379 2260 3472 2313 τὸν

1877 2339 2216 2410 ’Ῑουδαῐσμὸν
2257 2341 2512 2411 νομίζετε
2555 2343 2818 2414 ἀλήθειαν
2875 2340 3040 2409 εἶναι,
3101 2345 3243 2408 τίνος
3283 2344 3472 2397 ἕνεκεν

1863 2421 2132 2490 ἐνοχλεῖτε
2157 2425 2222 2493 τῇ
2271 2424 2607 2496 Ἐκκλησίᾳς
2634 2428 2682 2479 εί
2721 2427 2780 2480 δὲ
2807 2430 2835 2480 6
2854 2427 3288 2497 sz‘mzavaéc
3321 2429 3472 2480 ἐστιν

1863 2505 2093 2576 ἀληθὴς,
2147 2506 2435 2576 ὼσπεροῦν
2486 2509 2583 2562 καὶ
2613 2509 2752 2574 ἔστι,
2795 2511 3011 2581 μένετε,
3041 2512 3137 2563 καὶ
3167 2510 3470 2582 πορεύεσθε

1861 2587 2041 2642 ὀπίσω
2067 2587 2258 2644 αὐτοῦ.
2298 2589 2420 2644 Τῶν
2469 2593 2788 2663 μυστηρίων
2823 2598 3125 2659 κοινωνεῖς,
3175 2595 3298 2648 εἰπέ
3356 2611 3469 2665 μοι,

1860 2670 1954 2724 τὸν
1982 2671 2220 2742 Χριστὸν
2248 2677 2576 2742 προσκυνεῖς
2610 2675 2687 2739 ὡς
2710 2677 3042 2746 Χριστιανὸς
3076 2689 3122 2743 ο,
3173 2678 3304 2748 παρ’
3332 2677 3472 2731 ἐκεί-

1863 2771 1956 2807 νου
1987 2756 2056 2807 τά
2084 2753 2266 2822 ἀγαθά
2289 2757 2499 2821 αἰτεῖς·
2541 2759 2637 2811 καὶ
2681 2759 2820 2828 μετὰ
2857 2759 2970 2812 τῶν
3024 2761 3239 2831 ἐχθρῶν
3276 2760 3471 2830 ἑορτά-

1863 2835 1977 2901 ζεις
2014 2837 2124 2890 τῶν
2156 2838 2370 2891 ἐκείνου
2393 2857 2406 2904 ;
2433 2840 2528 2893 καὶ
2562 2840 2691 2910 ποία
2719 2840 2918 2913 γνώμῃ
2943 2845 3026 2906 είς
3045 2843 3144 2914 τὴν
3170 2843 3470 2914 ἐκκλησίαν

1862 2919 2110 2990 ἀπαντᾷς
2133 2919 2354 2986 λοιπόν;
2387 2923 2530 2991 Πρὸς
2569 2923 2670 2994 μὲν
2699 2919 2795 2978 οὗν
2835 2927 2963 2988 τοὺς
2995 2925 3064 2979 τά
3097 2926 3345 2996 ἡμέτερα
3381 2925 3472 2978 λέ-

1860 3018 2060 3080 γοντας
2112 3006 2357 3074 φρονεῖν,
2417 3006 2514 3057 καὶ
2563 3005 2633 3059 τὰ
2663 3006 2892 3060 ἐκείνων
2929 3007 3253 3077 ζηλοῦντας,
3306 3010 3471 3080 ἀρκεῖ

1861 3078 2015 3148 οὗτος
2041 3087 2069 3138 6
2091 3086 2250 3154 λόγος
2289 3089 2420 3159 ἡμῖν
2438 3103 2452 3118 ·
2484 3089 2676 3161 ἐπειδὴ
2702 3090 2758 3143 δὲ
2786 3090 2880 3143 καὶ
2907 3090 3045 3162 πρὸς
3071 3091 3313 3154 ἐκείνους
3331 3078 3465 3145 ἀπο-

1860 3168 2466 3240 τείνασθαιςβούλομαι,
2501 3172 2621 3225 δότε
2667 3192 2756 3244 μοι
2791 3174 3143 3245 μακροτέραν
3174 3189 3479 3248 προσενεγ-

1863 3255 1978 3305 κεῖν
2002 3254 2102 3325 τὴν
2132 3254 2484 3308 διδασκαλίαν
2519 3257 2615 3310 καὶ
2640 3258 2809 3323 δεῖξαι
2839 3259 2956 3322 πῶς
3004 3260 3096 3312 τὸν
3138 3259 3305 3327 νόμον
3340 3261 3463 3311 ἀτι-

1866 3336 2131 3407 μάζουσιν
2166 3339 2214 3390 οί
2263 3338 2507 3392 Ἰουδαῖοι
2546 3341 2905 3410 νηστεύοντες
2954 3341 3081 3406 νῦν,
3133 3344 3225 3396 καὶ
3255 3342 3327 3395 τά
3366 3342 3463 3396 τοῦ

1863 3420 1999 3474 Θεοῦ
2041 3421 2421 3476 καταπατοῦσι
2474 3424 2906 3494 προστάγματα,
2961 3426 3295 3489 ἀπεναντίας
3353 3430 3466 3490 τοῖς

1863 3504 2060 3575 ἐκείνῳ
2081 3506 2301 3560 δοκοῦσι
2332 3507 2511 3560 πάντα
2548 3507 2832 3578 ποιοῦντες
2858 3510 2962 3563 ἀεί.
3002 3511 3129 3562 Ὅτε
3161 3512 3292 3577 γοῦν
3313 3510 3466 3564 ἐϐού-

1863 3589 1984 3642 λετο
2027 3591 2222 3652 αὐτοὺς
2259 3589 2564 3659 νηστεύειν,
2605 3589 2952 3655 λιπαίνοντες
2999 3594 3364 3646 ἐπλατύνοντο
3406 3594 3460 3632 τ’

1861 3674 1950 3726 ὅτε
1979 3675 2036 3725 δὲ
2071 3671 2320 3741 βούλεται
2363 3673 2562 3736 αὐτοὺς
2594 3673 2670 3744 μὴ
2699 3675 3017 3745 νηστεύειν,
3068 3676 3191 3729 τότε
3227 3675 3465 3744 φιλονει-

1864 3747 2020 3808 κοῦσι
2048 3755 2404 3825 νηστεύοντες
2426 3773 2438 3784 ·
2463 3757 2552 3808 ὅτε
2590 3756 2785 3825 ἢθελεν
2829 3759 3031 3818 αὐτοὺς
3063 3757 3257 3811 θυσίαν
3290 3775 3467 3828 προσ-

1862 3839 2038 3906 άγειν,
2075 3838 2212 3909 πρὸς
2239 3839 2308 3890 τὰ
2333 3839 2529 3891 εἴδωλα
2561 3839 2817 3911 ἔτρεχον·
2861 3841 2951 3894 ὅτε
2994 3841 3054 3894 οὐ
3091 3839 3341 3910 βούλεται
3366 3841 3467 3893 αύ-

1861 3923 1989 3987 τοίλς
2031 3921 2226 3994 ἑορτὰς
2257 3921 2548 3985 ἐπιτελεῖν,
2583 3923 2979 3988 σπουδάζουσιν
3032 3925 3336 3994 ἑορτάζειν.
3369 3925 3467 3976 Διά

1861 4006 2021 4058 τοῦτο
2055 4008 2082 4058 6
2110 4004 2381 4072 Στέφανος
2406 4005 2558 4073 ἔλεγε
2589 4007 2726 4075 πρὸς
2750 4007 2949 4071 αὐτούς
2984 4025 2996 4036 ·
3047 4007 3234 4077 Ὑμεῖς
3261 4006 3357 4061 ἀεὶ
3386 4007 3466 4071 τῷ

1863 4088 2167 4162 Πνεύματι
2202 4087 2282 4151 τῷ
2321 4088 2469 4157 ἁγίῳ
2499 4089 2906 4143 ἀντιπίπτετε.
2959 4092 3056 4145 Ἓν
3088 4091 3267 4155 τοῦτο,
3312 4089 3463 4162 [621]

1865 4161 2470 4242 φησ“ιε.ο,’ὲσπουδάκατε
2510 4171 2692 4242 μόνον,
2750 4173 2970 4226 ἐναντία
3004 4176 3180 4226 ποιεῖν
3229 4161 3407 4226 ὧννᾶν
3438 4175 3468 4230 ὁ

1863 4255 1995 4316 Θεὸς
2023 4253 2285 4325 ἐπιτάξῃ·
2318 4254 2572 4326 καθάπερ
2602 4251 2695 4310 οῦν
2737 4257 2830 4310 καὶ
2865 4256 2961 4310 νῦν
3005 4258 3240 4310 ποιοῦσι.
3293 4257 3467 4310 Πόθεν

1861 4338 2022 4390 τοῦτο
2041 4337 2235 4407 δῆλον;
2274 4338 2393 4392 Ἀπ’
2424 4338 2590 4390 αὐτοῦ
2617 4339 2714 4392 τοῦ
2751 4341 2940 4410 νόμου.
2977 4340 3088 4393 Καὶ
3107 4341 3214 4410 7&9
3240 4341 3466 4393 ἐπὶτῶν

1864 4423 2066 4493 ἑορτῶν
2110 4422 2219 4474 τῶν
2261 4422 2572 4477 Ἰουδαϊκῶν
2623 4425 2683 4477 ού
2741 4425 2933 4496 καιρὸν
2981 4425 3166 4494 μόνον,
3207 4424 3342 4477 άλλά
3370 4424 3467 4480 καὶ

1859 4508 2027 4560 τόπον
2058 4510 2403 4578 παρατηρεῖν
2436 4507 2726 4561 ἐκέλευσεν
2759 4510 2787 4560 ὁ
2824 4510 3010 4579 νόμος.
3044 4510 3156 4562 Καὶ
3193 4509 3302 4578 γάρ
3336 4511 3467 4582 περὶ

1859 4590 1955 4644 τοῦ
1992 4593 2178 4662 πάσχα
2217 4592 2413 4644 τούτου
2455 4591 2591 4663 πρὸς
2633 4594 2832 4656 αὐτοὺς
2863 4593 3266 4664 διαλεγόμενος,
3320 4594 3466 4648 οὕτω

1861 4675 1979 4740 πώς
2007 4692 2200 4747 φησιν·
2231 4678 2312 4729 Οὐ
2340 4675 2688 4740 δυνήσεσθε
2711 4677 2904 4731 ποιεῖν
2931 4679 2998 4731 τὸ
3029 4678 3240 4746 πάσχα
3271 4680 3341 4733 ἐν
3365 4681 3467 4732 ού·-

1860 4758 2033 4829 ὃεμιᾷ
2064 4758 2182 4812 τῶν
2212 4760 2450 4812 πόλεων
2481 4753 2570 4812 ὧν
2596 4762 2812 4828 Κύριος
2837 4763 2868 4814 ὀ
2901 4764 3047 4828 Θεός
3089 4778 3207 4816 σου
3250 4761 3466 4823 δίδωσί

1861 4860 1982 4898 σοι.
2029 4843 2172 4896 Ἀλλ’
2189 4843 2380 4915 ὥσπερ
2406 4845 2465 4896 ἐν
2486 4846 2552 4914 τῇ
2583 4845 3158 4918 τεσσαρεσκαιδεκάτῃ
3186 4847 3280 4899 τοῦ
3309 4845 3464 4920 πρώ-

1861 4944 1953 4980 του
1992 4927 2183 4998 μηνδς,
2207 4925 2352 4980 οὓτω
2388 4927 2484 4979 καὶ
2512 4929 2569 4979 ἑν
2601 4929 2715 4990 τοῖς
2753 4926 3150 4998 Ἱεροσολύμοις
3193 4929 3328 4982 αὐτὸ
3367 4948 3430 4986 κε
3452 4960 3466 4966 -

1860 5011 2009 5063 λεύει
2040 5013 2217 5064 ποιεῖν
2237 5026 2252 5042 ·
2290 5011 2383 5063 καὶ
2411 5009 2509 5080 τὴν
2541 5011 2916 5082 πεντηκοστὴν
2959 5013 3162 5083 ὁμοίως
3215 5015 3308 5068 καὶ
3338 5015 3468 5083 χρό-

1859 5113 1951 5148 νου
1993 5095 2089 5148 καὶ
2136 5095 2304 5147 τόπου
2352 5097 2736 5165 παρατηρήσει
2780 5096 3117 5158 συνέκλεισε,
3152 5097 3294 5165 μετά
3325 5099 3468 5155 ἑπτά

1860 5179 2164 5249 ἑϐδομάδας
2185 5177 2448 5241 κελεύσας
2470 5180 2642 5250 αὐτὴν
2662 5180 2953 5242 ἐπιτελεῖν,
2983 5181 3080 5233 καὶ
3105 5180 3270 5234 πάλιν
3293 5198 3467 5251 προσ-

1860 5260 1994 5324 θεὶς,
2031 5262 2114 5314 ὅτι
2175 5261 2273 5314 Ἐν
2315 5261 2396 5326 τῷ
2420 5263 2582 5325 τόπῳ
2625 5255 2673 5328 ᾧ
2713 5262 2792 5316 ἂν
2821 5262 3144 5332 ἐκλέξηται
3179 5265 3398 5332 Κύριος
3432 5267 3467 5317 ὁ

1861 5340 2018 5412 Θεόςι
2038 5359 2176 5400 σου.
2207 5345 2365 5399 Οὕτω
2399 5348 2492 5399 καὶ
2517 5346 2617 5410 τὰς
2647 5348 3044 5419 σκηνοπηγίας.
3095 5348 3236 5401 Ἀλλ’
3265 5349 3465 5418 ἴδωμεν

1858 5431 2188 5500 ἀμφοτέρων
2227 5429 2456 5494 τούτων,
2491 5430 2587 5483 τοῦ
2648 5430 2842 5500 καιροῦ
2889 5432 2986 5484 καὶ
3039 5433 3135 5486 τοῦ
3163 5432 3368 5506 τόπου,
3409 5433 3465 5490 τί

1859 5514 1990 5566 ποτέ
2019 5516 2168 5567 ἐστιν
2193 5515 2644 5585 ἀναγκαιότερον,
2667 5515 2796 5570 ὃταν
2822 5515 3110 5588 ἀμφότερα
3142 5515 3216 5588 μὴ
3236 5517 3331 5588 ἐξῇ
3357 5517 3464 5571 σῶ-

1920 5709 1946 5784 fi
1970 5710 2314 5784 Plufi‘mi‘mss.
2341 5711 2482 5784 ..Θεὸς
2502 5712 2602 5784 μεθ’
2630 5711 2779 5784 ρμῶν.
2809 5709 3003 5784 MOI-ﬁl"
3023 5709 3204 5784 _S"a}"il._
3227 5717 3282 5784 eg
3308 5710 3391 5761 alii
3423 5717 3462 5784 εξ

1859 5777 2032 5847 Κύριος
2058 5776 2222 5829 ὁΘεὸς
2260 5776 2398 5835 ἡμῶν
2440 5767 2538 5836 μεθ’
2561 5767 2712 5834 ὑμῶν.
2756 5773 2811 5820 lu
2853 5767 2998 5822 editﬂ
3021 5767 3140 5822 LXX
3182 5776 3319 5835 ἡμῶν
3355 5779 3458 5835 μεθ’

1859 5839 1990 5885 {mum
2015 5850 2109 5883 non
2134 5836 2361 5885 habetur.

1857 5854 1990 5898 υμων
2015 5850 2109 5883 non
2134 5850 2361 5885 nanewr.

1939 5899 1958 5960 ξ
1985 5897 2117 5955 Haec,
2147 5900 2210 5952 ὡς
2237 5897 2532 5960 Χριστιανός,
2553 5896 2737 5945 desunt
2763 5897 2811 5943 in
2838 5895 3133 5960 quibusdam
3153 5911 3271 5946 mss.

1937 5957 1955 5998 ί
2003 5960 2210 6010 Plurimi
2235 5957 2348 6010 mss.
2378 5959 2688 6018 ἐλιπαίνοντο,
2727 5957 3059 6009 ἐπλατύνοντο.
