4150 6352
735 339 837 394 877

741 488 855 533 σαι,
873 473 1100 543 πότερον
1120 469 1216 525 τοῦ
1238 472 1404 525 τόπου
1428 474 1510 527 δεῖ
1535 473 1964 544 καταφρονῆσαι,
1995 474 2086 525 τὸν
2115 470 2307 541 καιρὸν

737 556 791 608 δὲ
817 556 1067 624 φυλάξαι,
1091 553 1122 624 ἢ
1148 554 1243 607 τοῦ
1262 556 1454 626 καιροῦ
1476 559 2012 626 καταφρονήσαντας,
2038 556 2126 609 τὸν
2147 555 2310 607 τόπον

736 640 992 710 τηρῆσαι.
1029 641 1095 692 Ὅ
1128 640 1184 692 δὲ
1215 639 1376 706 λέγω,
1412 639 1652 692 τοιοῦτόν
1687 643 1868 692 ἐστιν·
1919 638 2178 704 Ἐπὲταξε
2215 639 2311 690 καί⁵

736 724 795 774 ἐν
833 721 910 792 τῷ
963 722 1166 793 πρώτῳ
1199 723 1348 793 μηνὶ,
1395 725 1490 776 καὶ
1519 725 1576 776 ἐν
1613 723 2006 794 Ἱεροσολύμοις
2032 723 2094 776 τὸ
2127 723 2310 793 πάσχα

736 804 1013 872 γίνεσθαι,
1051 808 1145 858 καὶ
1184 808 1241 858 ἐν
1283 807 1461 876 καιρῷ
1500 807 1593 858 καὶ
1642 808 1700 858 ἐν
1748 799 2305 877 τόπῳδιωρισμένῳ.

745 887 1103 955 Ὑποθώμεθα
1137 888 1313 940 τοίνυν
1341 888 1434 941 δύο
1457 888 1608 948 τινάς
1639 885 1779 942 εἶναι
1813 887 2098 949 ποιοῦντας
2121 889 2181 940 τὸ
2207 889 2311 941 πά-

734 986 858 1039 σχα,
893 972 986 1022 καὶ
1008 972 1036 1023 6
1067 970 1167 1039 μέν
1189 971 1573 1041 παραϐαινέτω
1603 971 1694 1024 τὸν
1713 973 1896 1035 τόπον,
1924 971 2013 1024 τὸν
2035 971 2093 1023 δὲ
2118 971 2310 1040 καιρὸν

732 1052 968 1121 τηρείτω
989 1067 1000 1079 ·
1031 1055 1058 1104 ὁ
1090 1053 1146 1104 δέ
1193 1054 1427 1124 τηρείτω
1463 1055 1560 1125 μέν
1593 1055 1683 1107 τὸν
1709 1055 1889 1119 τόπον,
1923 1055 2310 1126 παραϐαινέτω

732 1136 786 1186 δέ
819 1135 909 1186 τὸν
933 1135 1123 1203 καιρόν
1145 1152 1157 1166 ⁸
1190 1139 1281 1187 καὶ
1313 1137 1533 1189 ποιείτω
1566 1140 1594 1189 6
1635 1138 1734 1207 μὲν
1767 1138 1857 1190 τὸν
1885 1138 2076 1208 καιρὸν
2103 1137 2306 1207 τηρῶν,

732 1218 1085 1288 παραϐαίνων
1110 1219 1166 1271 δέ
1192 1219 1281 1271 τὸν
1311 1220 1471 1272 τόπον
1497 1223 1556 1273 ἐν
1576 1220 1654 1290 τῷ
1676 1222 1875 1291 πρώτῳ
1912 1222 2062 1291 μηνὶ,
2089 1222 2182 1274 καὶ
2201 1221 2309 1274 τῶν

741 1299 1132 1370 Ἱεροσολύμων
1165 1301 1268 1367 ἔξω
1306 1321 1408 1356 που
1445 1305 1693 1374 μακράν’
1730 1307 1757 1357 6
1791 1304 1847 1356 δέ
1876 1303 1966 1355 τὸν
2013 1305 2175 1358 τόπον
2210 1320 2307 1373 τη-

733 1384 862 1453 ρῶν,
887 1384 1238 1452 παραϐαίνων
1266 1387 1322 1439 δέ
1343 1389 1432 1441 τὸν
1457 1389 1666 1458 καιρὸν,
1704 1389 1924 1440 ποιείτω
1962 1389 2060 1458 μὲν
2098 1390 2155 1439 ἐν
2207 1388 2307 1439 Ἱε-

734 1466 1052 1536 ροσολύμοις
1079 1468 1140 1520 τὸ
1172 1469 1379 1539 πάσχα,
1419 1471 1492 1541 μὴ
1525 1471 1602 1540 τῷ
1625 1473 1825 1541 πρώτῳ
1858 1471 1914 1522 δέ
1960 1471 2090 1540 μηνὶ
2111 1513 2124 1534 ,
2173 1469 2308 1521 ἀλλά

730 1548 808 1618 τῷ
834 1551 1070 1622 ’δευτέρῳ
1094 1569 1108 1582 ·
1142 1548 1261 1604 εἶτα
1293 1553 1491 1623 ἴδωμεν
1519 1556 1600 1618 τίς
1632 1554 1740 1607 τῶν
1763 1555 1855 1606 δύο
1876 1554 2082 1605 τούτων
2107 1553 2252 1605 ἐστὶν
2281 1553 2308 1602 6

730 1631 1149 1700 ἐγκαλούμενος,
1172 1635 1256 1696 τίς
1276 1635 1332 1687 δὲ
1350 1637 1376 1686 6
1399 1637 1714 1704 εὐδοκιμῶν,
1739 1639 1766 1689 6
1790 1635 2041 1706 παραϐὰς
2067 1636 2158 1687 τὸν
2187 1653 2308 1688 και-

734 1715 847 1785 ρὸν,
882 1716 976 1768 καὶ
999 1720 1056 1769 ἐν
1081 1717 1157 1787 τῷ
1185 1719 1331 1787 τόπῳ
1362 1721 1609 1789 ποιήσας,
1638 1721 1669 1789 ἢ
1700 1724 1726 1773 6
1756 1721 1845 1773 τὸν
1887 1721 2052 1772 τόπον
2078 1719 2304 1772 καταλιο

729 1797 868 1858 πὼν,
896 1801 989 1851 καὶ
1013 1801 1104 1852 τὸν
1128 1802 1316 1870 καιρὸν
1356 1802 1616 1870 φυλάξας.
1658 1807 1752 1855 “Av
1779 1806 1887 1873 γὰρ
1918 1807 1946 1856 6
1973 1805 2064 1857 τὸν
2115 1805 2305 1874 καιρὸν

733 1881 831 1949 μὲν
853 1884 1106 1952 παραϐὰς
1152 1886 1239 1937 ἵνα
1269 1885 1398 1937 είσω
1423 1889 1622 1958 ποιήσῃ
1656 1889 1754 1956 τῆς
1777 1888 2003 1950 πόλεως,
2037 1888 2307 1957 ἀποδοχῆς

728 1961 876 2024 ἄξιος
895 1963 970 2016 ὢν
1000 1971 1163 2036 φανῇ,
1194 1971 1221 2020 6
1243 1969 1298 2020 δὲ
1322 1970 1410 2020 τὸν
1438 1970 1624 2037 καιρὸν
1667 1971 1764 2039 μὲν
1794 1971 2053 2038 φυλάξας,
2091 1971 2309 2023 καταλι-

731 2042 848 2095 πὼν
877 2045 932 2096 δέ
952 2049 1042 2100 τὸν
1078 2050 1254 2111 τόπον,
1296 2050 1658 2120 ἐγκλημάτων
1701 2054 1792 2104 καὶ
1833 2053 2166 2122 κατηγορίας
2201 2052 2306 2104 ῶσ-

730 2143 835 2194 περ
871 2128 1164 2197 ἀσεϐήσας,
1192 2131 1430 2202 εὔδηλον,
1464 2134 1544 2185 ὃτι
1574 2136 1666 2186 καὶ
1694 2127 1837 2186 οὗτοι
1875 2135 2302 2206 παρανομοῦσιν,

727 2210 785 2259 ἐν
815 2208 893 2278 τῷ
921 2211 1069 2280 τόπῳ
1098 2214 1171 2284 μὴ
1210 2215 1506 2280 ποιοῦντες,
1550 2217 1653 2270 κάν
1696 2217 1953 2287 μυριάκις
1993 2218 2191 2286 λέγωσι
2217 2219 2306 2271 τὸν

727 2291 921 2361 καιρὸν
959 2297 1164 2363 τηρεῖν.
1216 2297 1385 2352 Πόθεν
1435 2294 1528 2351 οὖν
1555 2298 1712 2350 τοῦτο
1758 2300 1910 2352 ἔσται
1944 2301 2140 2370 δῆλονς
2188 2303 2305 2353 Ἀπ’

727 2374 892 2426 αὑτοῦ
922 2376 1015 2429 τοῦ
1043 2379 1338 2442 Μωῦσέως.
1389 2381 1607 2452 Ἐπειδὴ
1655 2382 1762 2454 γὰρ
1795 2385 2058 2454 ἐποίησαν
2103 2385 2207 2448 ἔξω
2244 2386 2305 2437 τὸ

727 2456 932 2525 πάσχα,
966 2461 1292 2530 προσῆλθον,
1323 2465 1475 2532 φησὶ,
1501 2466 1642 2528 τινὲς
1668 2466 1743 2535 τῷ
1772 2467 2001 2537 Μωῦσῇ,
2033 2467 2301 2534 λέγοντες·

737 2537 937 2605 Ἰιμεῖς
964 2541 1286 2610 ἀκάθαρτοί
1311 2546 1498 2614 ἐσμεν
1517 2547 1614 2598 ἐπὶ
1645 2547 1817 2616 ψυχῇ
1845 2549 2187 2616 ἀνθρώπου⁹
2217 2549 2303 2616 μὴ

725 2621 1153 2692 ὑστερήσωμεν
1173 2628 1600 2696 προσενεγκεῖν
1615 2629 1680 2680 τὸ
1706 2630 1897 2696 δῶρον
1913 2633 2132 2698 Κυρίου
2157 2633 2307 2682 κατὰ

727 2707 934 2769 καιρὸν
969 2707 1156 2760 αὐτοῦ
1202 2709 1272 2760 ἐν
1312 2712 1480 2778 μέσῳ
1521 2711 1664 2764 υίῶν
1706 2713 1982 2780 Ἰσραήλ;
2034 2715 2143 2766 Καὶ
2176 2711 2307 2767 εἷπε

724 2789 876 2852 πρὸς
895 2789 1118 2855 αὐτοὺς
1148 2792 1439 2859 Μωϋσῆςο
1462 2791 1647 2860 Στῆτε
1676 2795 1881 2862 αὐτοῦ,
1917 2797 2014 2848 καί
2043 2798 2304 2849 ἀκούσο-

725 2886 828 2937 μαι
855 2870 912 2921 τί
937 2871 1262 2927 ἐντελεῖται
1294 2877 1507 2943 Κύριος
1523 2877 1656 2944 περὶ
1689 2877 1870 2946 ὑμῶν.
1895 2879 2005 2931 Καὶ
2035 2879 2306 2944 ἐλάλησε

726 2953 942 3018 Κύριος
975 2955 1124 3022 πρὸς
1144 2959 1428 3025 Μωϋσιῆν.
1457 2959 1674 3028 λέγων’
1704 2959 1987 3027 Λὰλησον
2012 2961 2307 3028 τοῖςυὶοῖς

725 3034 986 3103 Ἰσραὴλ,
1017 3038 1209 3106 λέγων
1234 3055 1246 3070 ·
1291 3041 1624 3108 Ἀνθρωπος
1651 3041 1718 3106 ὃς
1749 3043 1858 3095 ἐὰν
1885 3043 2131 3112 ’γένηται
2163 3044 2308 3096 ἀκά-

725 3121 940 3184 θαρτος
962 3120 1056 3172 ἐπὶ
1090 3121 1264 3191 ψυχῇ
1300 3123 1632 3190 ἀνθρώπου,
1662 3125 1698 3194 ἢ
1729 3126 1798 3178 ἐν
1841 3125 1956 3190 ὀδῷ
2006 3126 2224 3196 μακρᾷ,
2267 3128 2304 3195 ἣ

724 3200 792 3252 ἐν
817 3201 979 3270 ὑμῖν,
997 3204 1068 3255 ἐν
1093 3205 1222 3270 ταῖς
1244 3205 1477 3273 γενεαῖς
1505 3207 1692 3275 ὑμῶν,
1724 3210 1966 3279 ποιήσει
1997 3209 2063 3261 τὸ
2097 3211 2307 3279 πάσχα

725 3283 796 3334 ἐν
824 3283 904 3348 τῷ
926 3285 1074 3352 μηνὶ
1107 3287 1187 3351 τῷ
1218 3288 1493 3357 δευτέρῳ.
1529 3291 1662 3343 Ὅδέ
1687 3277 1854 3360 λέγει,
1878 3292 2116 3346 τοιοῦτόν
2137 3277 2302 3346 ἐστιν·

731 3368 827 3454 Ὅς
849 3368 914 3421 ἂν
939 3366 996 3442 ᾖ,
1029 3375 1212 3441 φησὶν,
1236 3375 1293 3427 ἐν
1321 3376 1601 3448 ἀποδημία
1619 3378 1760 3430 κατά
1785 3379 1876 3430 τὸν
1898 3380 2112 3454 πρῶτον
2139 3382 2303 3451 μῆνα,

729 3452 805 3536 μὴ
845 3455 1066 3536 ποιείτω
1091 3456 1188 3524 τῆς
1219 3456 1424 3519 πόλεως
1444 3457 1568 3522 ἐξω,
1602 3461 1714 3512 ἀλλ’
1733 3465 1791 3514 ἐν
1819 3463 1896 3532 τῷ
1925 3452 2162 3534 δευτέρῳ
2197 3484 2304 3536 μη-

726 3535 800 3599 νὶ,
833 3529 1135 3610 ἴνίφθάοῃ
1163 3540 1241 3601 είς
1283 3541 1654 3612 Ἰεροσόλυμα,
1687 3546 1780 3596 καὶ
1811 3529 2306 3615 παραϐαινέτωτδν
2362 3568 2366 3572 '

727 3621 937 3690 καιρὸν,
977 3624 1064 3676 ἵνα
1089 3625 1162 3694 μὴ
1189 3625 1287 3695 τῆς
1323 3625 1531 3689 πόλεως
1565 3629 1771 3700 ἐκπέσῃ
1793 3646 1806 3657 ·
1863 3631 1956 3683 ἀπ’
2003 3632 2167 3686 αὐτοῦ
2201 3634 2308 3686 δει-

729 3705 877 3766 κνὺς,
901 3706 983 3758 ὃτι
1016 3708 1050 3776 ή
1082 3706 1175 3758 τοῦ
1216 3709 1381 3761 τόπου
1419 3714 1800 3781 παρατήρησις
1847 3715 1946 3784 τῆς
1989 3716 2083 3768 τοῦ
2114 3718 2304 3787 καιροῦ

728 3789 1164 3858 παρατηρήσεως
1197 3792 1344 3844 ἐστιν
1379 3793 1801 3863 ἀναγκαιοτέρα.
1839 3795 1902 3847 Τί
1927 3798 2106 3851 τοίνυν
2133 3799 2305 3869 ἔχοιεν

728 3870 796 3922 ἂν
821 3873 993 3950 εἰπεῖν
1016 3875 1063 3925 οί
1091 3875 1186 3945 τῆς
1221 3875 1427 3939 πόλεως
1454 3877 1558 3940 ἔξω
1590 3877 1741 3950 [6‘22]
1792 3880 2071 3946 ποιοῦντες
2097 3899 2111 3947 ;
2138 3884 2306 3939 Ὅταν

728 3949 930 4026 γὰρτὸ
955 3959 1379 4029 ἀναγκαιότερον
1412 3949 1752 4028 παραδῶσιν,
1797 3964 1916 4017 ούδέ
1941 3969 1972 4037 ή
1993 3969 2062 4018 ἓν
2104 3967 2181 4037 τῷ
2215 3985 2304 4037 μι-

731 4041 975 4111 κροτέρῳ
1025 4045 1406 4114 παρατήρησις
1448 4047 1587 4116 ὑπὲρ
1636 4049 1814 4101 αὐτῶν
1861 4051 2306 4122 ἀπολογήσασθαι

727 4122 970 4177 δύναται.
1005 4129 1168 4178 Ὥστε
1193 4129 1296 4180 κᾶν
1327 4130 1586 4198 μυριάκις
1606 4133 1804 4186 δοκῶσι
1835 4135 1909 4205 μὴ
1950 4136 2306 4206 παραϐαίνειν

727 4207 820 4258 τὸν
855 4211 1062 4280 καιρὸν,
1106 4212 1342 4281 ἐσχάτην
1385 4217 1728 4285 παρανομίαν
1763 4219 2160 4290 παρανομοῦσι.
2197 4223 2307 4275 Καὶ

727 4292 887 4352 τοῦτο
917 4294 1017 4346 οὑκ
1051 4295 1298 4348 ἐντεῦθεν
1328 4298 1486 4367 δῆλον
1519 4289 1678 4368 μόνον
1699 4342 1713 4365 ,
1753 4303 1892 4356 ἀλλά
1929 4307 2021 4358 καὶ
2065 4307 2172 4358 ἀπὸ
2199 4308 2306 4361 τῶν

722 4377 1045 4447 προφητῶν.
1110 4380 1276 4432 Ὅταν
1322 4381 1432 4450 γάρ
1462 4383 1757 4458 φαίνωνται
1791 4388 2009 4454 ἐκεῖνοι,
2050 4393 2189 4461 μήτε
2215 4392 2307 4444 θύ-

731 4477 943 4524 σαντες,
980 4462 1114 4532 μήτε
1145 4462 1288 4532 ᾠδὴν
1309 4465 1538 4535 ᾄσαντες
1560 4469 1653 4520 ἐπὶ
1689 4469 1792 4539 γῆς
1826 4472 2133 4545 ἀλλοτρίας,
2169 4479 2306 4547 μήτε

729 4547 982 4615 νηστείαν
1034 4548 1290 4616 τοιαύτην
1318 4552 1442 4603 τινά
1483 4553 1893 4622 νηστεύσαντες,
1933 4559 2089 4611 ποίαν
2132 4560 2306 4630 ἔχοιεν

731 4630 796 4682 ἂν
828 4622 972 4682 οὗτοι
999 4632 1360 4703 συγγνώμην;
1389 4636 1576 4688 Καίτοι
1599 4653 1662 4704 γε
1685 4639 1878 4693 ἐκεῖνοι
1903 4643 2308 4712 προσδοκῶντες

728 4713 1105 4786 ἀπολήψεσθαι
1149 4719 1248 4788 τὴν
1296 4719 1553 4791 τοιαύτην
1603 4723 1780 4775 αὐτῶν
1830 4725 2124 4792 πολιτείαν,
2159 4730 2323 4800 ὅμως

729 4796 924 4883 ἔμενον
948 4797 1026 4868 τῷ
1061 4799 1209 4883 νόμῳ
1239 4801 1568 4872 πειθόμενοι,
1604 4807 1698 4858 καὶ
1721 4807 1788 4860 τὰ
1833 4808 1928 4860 τοῦ
1967 4810 2130 4880 νόμου
2172 4796 2309 4883 πλη-

733 4878 955 4966 ροῦντες
980 4896 994 4909 ⁶
1027 4881 1184 4966 τοῦτο
1214 4883 1321 4954 γὰρ
1360 4888 1387 4936 6
1419 4887 1580 4955 νόμος
1613 4889 1796 4956 ἔλεγεν
1824 4908 1840 4922 ο
1880 4878 2042 4945 οὗτοι
2071 4895 2127 4946 δέ
2173 4878 2308 4966 μηδέ

730 4961 918 5015 ἐλπίδα
940 4964 1062 5016 τινά
1085 4964 1301 5034 ἔχοντες
1329 4968 1428 5038 τὴν
1456 4972 1726 5042 προτέραν
1755 4974 2135 5044 ἀπολήψεσθαι
2158 4961 2310 5030 πολι-

729 5046 880 5098 τείαν
913 5045 1038 5115 (ποῦ
1065 5047 1185 5129 γὰρ
1198 5048 1412 5122 ἔχουσιν
1451 5063 1477 5092 α
1517 5053 1624 5106 ἀπὸ
1650 5055 1756 5108 τῶν
1810 5060 2110 5128 προφητῶν
2140 5062 2309 5129 δεῖξαι

730 5130 949 5200 τοῦτο;)
980 5132 1098 5183 ούδέ
1131 5127 1304 5196 οὕτως
1349 5135 1630 5208 ἀνέχονται
1675 5127 1991 5211 ἡσυχάζειν.
2020 5146 2213 5199 Καίτοι
2234 5127 2310 5200 ῖεί

733 5214 829 5298 καὶ
861 5214 1205 5285 προσεδόκων
1251 5219 1656 5289 ἀπολήψεσθαι,
1698 5224 1790 5275 καὶ
1832 5223 1976 5279 οὕτω
2027 5231 2310 5298 μιμεῖσθαι

732 5296 992 5382 εδει-τοὺς
1023 5299 1206 5366 ἁγίους
1242 5301 1503 5369 ἐκείνους,
1534 5307 1628 5359 καὶ
1668 5308 1949 5378 νηστεύειν
1970 5352 1984 5378 ,
2016 5296 2151 5382 μηδὲ
2183 5315 2311 5368 ἄλλο

730 5387 970 5434 τοιοῦτον
992 5387 1185 5437 ποιεῖν.

806 5471 867 5518 ε’.
888 5467 1008 5518 Ὅτι
1027 5467 1134 5538 γάρ
1159 5467 1308 5521 οὐδὲν
1333 5469 1536 5524 τούτων
1558 5473 1820 5545 ἐποίησαν
1836 5477 2054 5545 ἐκεῖνοι,
2079 5481 2309 5539 ἄκουσον

795 5709 811 5729 ⁸
835 5709 1209 5778 ῥηίπολιτείαψ
1237 5715 1290 5760 οὐ
1313 5715 1400 5776 γὰρ
1423 5716 1630 5776 ἔχουσιν,
1652 5717 1781 5777 quod
1805 5719 1980 5767 eodem
2007 5723 2194 5771 recidit.
2232 5723 2309 5772 ln-

729 5775 796 5823 fra
830 5772 981 5820 SM‘il.
1005 5779 1054 5821 el
1078 5778 1275 5837 plurimi
1301 5772 1412 5825 nisi
1442 5772 1520 5825 καί
1544 5772 1937 5840 μήτενηστευειν,
1964 5785 2082 5846 μήτε
2103 5787 2239 5853 ἀλλα.

1426 360 1482 416 S.
1518 359 1803 417 JOANNIS
1844 355 2343 428 CIIRYSOSIOM‘I
2378 357 2702 416 ARCHIEP.
2749 353 3306 417 CONSTANTINOP;

3894 356 3994 412 873

2418 471 2471 522 τί
2512 474 2648 542 πρὸς
2692 476 2815 538 τοὺς
2861 477 3178 546 ἐρωτῶντας
3215 475 3418 544 ἔλεγον.
3475 475 3694 548 Ἐπειδὴ
3727 472 3834 547 γὰρ
3875 479 3993 532 ἐτοι-

2420 574 2598 608 κειντο
2619 557 2928 630 βιαζόμενοι
2951 561 3044 613 καὶ
3077 559 3480 628 ἀναγκάζοντες
3503 561 3702 623 αὐτοὺς
3732 563 3781 612 οἰ
3809 560 3999 630 βάρϐα-

2422 655 2502 708 ροι
2525 641 2824 710 κεχρῆσθαι
2846 645 2956 704 τοῖς
2973 643 3225 713 ὀργάνοις
3241 642 3443 713 αὐτῶν,
3467 643 3718 710 λέγοντες
3739 658 3752 670 ·
3782 645 3999 711 ’ᾼσατε

2416 722 2561 790 ἡμῖν
2583 722 2698 791 τὴν
2737 725 2903 793 ᾠδὴν
2954 712 3195 794 Κυρίου,
3249 712 3446 777 ἐκεῖνοι
3476 726 3567 777 τὸν
3597 726 3763 795 νόμον
3818 725 4000 793 σαφῶς

2416 806 2768 874 ἐπιστάμενοι
2796 809 2896 858 οὐκ
2924 809 3294 877 ἐπιτρέποντα
3313 807 3488 859 ταῦτα
3520 807 3624 871 ἔξω
3659 810 3855 870 ποιεῖν,
3888 808 3997 859 ἔλε-

2415 905 2512 954 γον
2530 907 2541 918 ·
2569 890 2701 953 Πῶς
2732 889 2964 958 ᾇσομεν
3000 890 3116 957 τὴν
3140 890 3306 958 ᾠδὴν
3319 891 3539 958 Κυρίου
3565 891 3661 942 ἐπὶ
3683 891 3799 958 γῆς
3820 892 4000 944 (LUD-

2415 972 2583 1038 τρίας
2605 989 2622 1037 ;
2653 975 2762 1025 Καὶ
2786 973 2948 1027 πάλιν
2973 975 3020 1026 οἰ
3043 974 3233 1035 παῖδες
3253 973 3303 1026 οί
3326 975 3473 1041 τρεῖς
3505 974 3564 1025 ἐν
3588 973 3868 1025 Βαϐυλῶνι
3889 973 3975 1026 δια

2414 1053 2690 1122 τρίϐοντες
2727 1055 2913 1124 ἔλεγον
2939 1058 3103 1110 ’κούκ
3151 1055 3325 1109 ἐστιν
3357 1055 3426 1108 ἐν
3475 1055 3556 1120 τῷ
3591 1055 3774 1122 καιρῷ
3815 1057 4000 1120 τούτῳ

2414 1136 2614 1204 ἅρχων
2651 1139 2748 1190 καί
2797 1139 3135 1208 προφήτης,
3169 1138 3313 1192 οὐδὲ
3342 1133 3526 1202 τόπος
3551 1137 3658 1190 τοῦ
3689 1138 3999 1206 καρπῶσαι

2414 1218 2670 1271 ἐνώπιόν
2711 1236 2847 1286 σου,
2887 1223 2985 1276 καί
3017 1221 3216 1289 εὑρεῖν
3255 1222 3449 1286 ἕλεος.
3490 1221 3685 1273 Καίτοι
3718 1237 3781 1287 γε
3838 1221 4000 1283 πολὺς

2413 1293 2480 1368 ἦν
2520 1303 2636 1354 ἐκεῖ
2657 1303 2841 1366 τόπος,
2876 1304 2992 1357 ἀλλ’
3022 1304 3213 1374 ἐπειδὴ
3242 1306 3270 1356 6
3299 1303 3426 1367 ναὸς
3456 1304 3556 1356 οὑκ
3589 1299 3674 1372 ἦν,
3701 1302 3894 1371 έμενον
3928 1303 4001 1374 μὴ

2415 1382 2654 1447 θύοντες.
2684 1386 2792 1438 Καὶ
2828 1386 2965 1456 πρὸς
2997 1387 3218 1461 ἐτέρους
3260 1386 3317 1438 δέ
3356 1385 3520 1437 πάλιν
3553 1387 3581 1437 6
3609 1384 3739 1447 Θεὸς
3769 1384 3859 1436 διὰ
3907 1385 4001 1436 τοῦ

2416 1467 2708 1535 Ζαχαρίου,
2761 1468 2856 1536 Μὴ
2903 1470 3198 1536 νηστείαν
3260 1465 3703 1535 νενηστεύκατέ
3739 1484 3843 1536 μοι
3897 1466 4002 1533 ἐτη

2413 1547 2822 1617 ἐϐδομήκοντα
2843 1567 2863 1614 ;
2888 1552 2956 1604 τὰ
2989 1552 3086 1622 τῆς
3116 1551 3496 1622 αἰχμαλωσίας
3525 1550 3720 1616 λέγων.
3765 1549 3889 1612 Πῶς
3911 1544 4004 1600 οὖν

2416 1632 2480 1683 σὺ
2514 1631 2609 1700 νῦν
2643 1633 2944 1701 νηστεύεις,
2982 1636 3104 1688 εἰπέ
3134 1653 3246 1706 μοι,
3283 1635 3393 1688 τῶν
3426 1634 3706 1702 προγόνων
3737 1627 3846 1684 τ’ῶν
3897 1632 4003 1682 σῶν

2413 1712 2538 1765 οὕτε
2578 1714 2876 1776 θυσάντων,
2913 1717 3039 1768 οὔτε
3075 1721 3512 1786 νηστευσάντων,
3541 1714 3666 1766 οὔτε
3701 1716 4002 1785 ἐορτασάν-

2413 1812 2557 1861 των;
2598 1797 2721 1849 ’Ὀτι
2767 1798 2876 1868 γὰρ
2928 1797 3055 1852 οὔτε
3087 1800 3148 1852 τὸ
3179 1800 3364 1869 πάσχα
3417 1797 3730 1862 ἐπετέλουν,
3770 1796 4005 1865 μάλιστα

2417 1879 2514 1947 μὲν
2545 1879 2640 1932 καὶ
2692 1881 2756 1931 ἐκ
2795 1881 3002 1933 τούτων
3031 1881 3211 1952 δῆλον.
3251 1884 3427 1934 Ὅπου
3456 1881 3564 1951 γὰρ
3591 1880 3752 1932 Θυσία
3783 1880 3885 1931 οὐκ
3911 1874 4000 1947 ἦν.

2413 1962 2532 2012 οὐδέ
2563 1963 2723 2033 ἑορτὴ
2762 1959 2849 2033 ἦν,
2873 1965 3062 2035 ἐπειδὴ
3089 1965 3268 2027 πάσας
3291 1964 3464 2027 οὕτως
3487 1962 3858 2016 ἐπιτελεῖσθαι
3875 1961 3998 2013 ἔδει.

2415 2043 2533 2095 Ἵνα
2567 2044 2623 2096 δὲ
2657 2047 2751 2096 καὶ
2799 2045 2963 2098 αὐτοῦ
2996 2047 3092 2098 τοῦ
3144 2048 3169 2086 b
3207 2049 3534 2117 πράγματος
3581 2046 3680 2114 τὴν
3728 2043 4002 2106 ἀπόδειξιν

2413 2127 2847 2197 παρασχώμεθα,
2877 2129 3109 2182 ἄκουσον
3135 2130 3186 2181 τί
3216 2147 3378 2198 φησιν
3409 2130 3436 2180 6
3470 2128 3670 2196 Δανιήλ
3691 2143 3703 2156 ·
3751 2127 3854 2178 Ἑν
3878 2126 4004 2191 ταῖς

2414 2209 2660 2278 ἡμέραις
2690 2212 2948 2277 ἐκείναις
2977 2212 3140 2282 ἤμην
3161 2212 3276 2282 ἐγὼ
3307 2213 3531 2277 Δανιὴλ
3561 2209 3819 2270 πενθῶν,
3847 2209 4005 2275 τρεῖς

2413 2292 2742 2360 ἑϐδομάδας
2765 2294 2947 2361 ἄρτον
2969 2294 3296 2364 ἐπιθυμιῶν
3313 2297 3422 2347 οὑκ
3449 2295 3696 2362 ἔφαγον,
3716 2291 3813 2344 καί
3840 2288 4004 2355 οἶνος

2413 2374 2512 2426 καὶ
2558 2375 2734 2441 κρέας
2779 2379 2890 2429 οὐκ
2928 2375 3212 2444 εἰσῆλθεν
3257 2379 3344 2442 είς
3368 2376 3435 2429 τὸ
3473 2378 3669 2442 στόμα
3703 2392 3860 2442 μου,
3905 2374 4005 2425 καὶ

2412 2457 2669 2524 ἄλειμμα
2693 2461 2804 2510 οὐκ
2841 2461 3188 2528 ἠλειψάμην
3223 2460 3293 2512 ἐν
3318 2459 3446 2523 ταῖς
3473 2457 3801 2526 ἑϐδομάσιν
3851 2457 4004 2509 ἐκείο

2411 2556 2562 2604 ναις.
2597 2540 2710 2593 Καὶ
2740 2541 2978 2608 ἐγένετο
2994 2543 3063 2594 ἐν
3085 2541 3160 2609 τῇ
3190 2540 3441 2608 τετάρτῃ
3468 2541 3566 2593 καὶ
3589 2539 3782 2592 εἰκάδι
3813 2539 4006 2607 ἡμέρᾳ

2413 2623 2518 2674 τοῦ
2550 2622 2783 2690 πρώτου
2799 2624 3014 2691 μηνὸς,
3033 2620 3196 2676 εἶδον
3218 2623 3586 2692 τὴννὸρασιν.
3616 2620 3886 2674 Ἑνταῦθά
3913 2637 4004 2690 μοι

2417 2703 2555 2772 μετά
2585 2706 2871 2774 ἀκριϐείας
2915 2708 3245 2778 προσέχετε·
3277 2709 3385 2758 ἀπὸ
3419 2707 3526 2776 γὰρ
3571 2705 3781 2759 τούτων
3820 2704 4002 2773 δῆλον,

2411 2787 2492 2838 δτι
2522 2786 2582 2837 τὸ
2617 2789 2804 2856 πάσχα
2842 2789 2942 2841 ούκ
2977 2790 3335 2842 ἐπετέλεσαν·
3384 2789 3477 2841 καὶ
3514 2789 3648 2850 πῶς,
3688 2789 3802 2855 ἐγὼ
3837 2788 4000 2854 λέγω.

2426 2867 2513 2919 Ἐν
2557 2873 2676 2932 ταῖς
2701 2869 2939 2940 ήμέραις
2979 2871 3088 2923 τῶν
3124 2871 3349 2940 ἀζύμων
3398 2872 3680 2940 νηστεύειν
3727 2870 4005 2930 Ἰουδαίοις

2412 2953 2472 3004 οὐ
2507 2953 2698 3022 θέμις’
2743 2949 2899 3016 οὗτος
2927 2955 2984 3006 δέ
3033 2955 3247 3025 ἡμέρας
3285 2955 3459 3007 εἴκοσι
3491 2956 3584 3007 καὶ
3614 2954 3745 3024 μίαν
3790 2953 4004 3016 οὐδενὸς

2412 3035 2548 3098 ὅλως
2579 3037 2898 3105 μετέλαϐεν.
2934 3039 3044 3090 Καὶ
3086 3038 3248 3090 πόθεν
3278 3037 3455 3107 δῆλον,
3491 3038 3678 3108 φησὶν,
3722 3038 3807 3090 ὅτι
3837 3037 3897 3089 αἱ
3930 3038 4005 3089 εί-

2414 3134 2534 3169 κοσι
2563 3119 2762 3190 ήμέραι
2787 3120 2881 3171 καὶ
2917 3121 3016 3189 μία
3055 3123 3194 3176 κατά
3217 3123 3318 3184 τὰς
3360 3121 3574 3193 ἡμέρας
3615 3121 3724 3175 τῶν
3777 3121 4006 3189 ἀζύμων

2411 3198 2587 3271 ἦσαν;
2640 3203 2727 3268 Ἐξ
2757 3197 2831 3255 ὧν
2867 3201 3043 3270 εἶπεν,
3087 3206 3171 3258 ὅτι
3214 3206 3466 3274 τετάρτῃ
3510 3205 3610 3260 καί
3653 3204 3851 3259 εἰκάδι
3898 3204 4005 3259 τοῦ

2413 3285 2646 3353 πρώτου
2674 3287 2890 3356 μηνός.

2487 3507 2681 3562 Καίτοι
2719 3524 2782 3575 γε
2817 3507 2876 3562 τὸ
2909 3509 3094 3578 πάσχα
3126 3509 3206 3572 εἰς
3239 3509 3367 3579 μίαν
3403 3508 3496 3562 καὶ
3528 3508 3721 3563 εἰκάδα
3751 3509 4003 3580 τελευτᾷ.

2416 3592 2564 3666 [6'35]
2608 3589 2934 3661 Ἀρξάμενοι
2970 3594 3079 3662 γὰρ
3117 3591 3225 3644 ἀπὸ
3255 3593 3354 3662 τῆς
3398 3592 4006 3662 τεσσαρεσκαιδεκάτης

2411 3674 2504 3730 τοῦ
2539 3675 2756 3746 πρώτου
2790 3675 2980 3746 μηνὸς,
3015 3673 3132 3728 εἷτα
3185 3676 3399 3745 ἡμέρας
3451 3677 3592 3729 ἐτι-τά
3621 3676 4002 3745 ἐορτάσαντες,

2413 3761 2494 3822 εἰς
2517 3759 2615 3830 τὴν
2639 3759 2830 3811 εἰκάδα
2876 3759 2970 3811 καὶ
3015 3759 3240 3830 πρώτην
3288 3759 3627 3812 ἀπαντῶσιν.
3672 3758 3812 3811 Ἀλλ’
3853 3759 4006 3827 ὅμως

2414 3844 2510 3897 καὶ
2541 3841 2904 3914 παρελθόντος
2935 3842 3029 3894 τοῦ
3058 3843 3242 3912 πάσχα
3264 3842 3480 3913 ἔμεινεν
3505 3843 3667 3906 αὐτὸς
3695 3843 4000 3913 νηστεύων.

2426 3927 2759 3998 Ἀρξάμενος
2785 3927 2895 3996 γὰρ
2928 3927 3036 3980 ἀπὸ
3057 3930 3157 3998 τῆς
3186 3927 3374 3997 τρίτης
3405 3926 3621 3997 ἡμέρας
3659 3925 3752 3978 τοῦ
3780 3925 4003 3995 πρώτου

2417 4011 2603 4081 μηνὸς,
2646 4008 2766 4064 εἶτα
2803 4014 2976 4065 εἰκοσι
3010 4011 3104 4062 καὶ
3147 4010 3276 4079 μίαν
3305 4009 3629 4079 πληρώσας,
3661 4009 3761 4079 τὴν
3797 4027 4001 4061 τεσσα-

2415 4095 2844 4165 ρεσκαιδεκάτην
2869 4092 3166 4164 παρῆλθεν,
3209 4097 3304 4146 καὶ
3330 4095 3445 4163 μετ’
3481 4094 3696 4165 ἐκείνην
3734 4092 3880 4144 ἐπτά
3914 4095 4005 4145 καὶ

2411 4179 2562 4248 τρεῖς
2590 4179 2802 4248 ⁴ἡμέρας
2853 4177 3047 4246 ἐτέρας
3083 4190 3130 4241 υ.
3163 4176 3286 4240 Πῶς
3335 4174 3428 4229 οὖν
3479 4176 3580 4228 οὐκ
3607 4179 3818 4247 ἐναγεῖς
3853 4171 4002 4228 οὗτοι

2413 4261 2508 4313 καὶ
2544 4261 2753 4332 μιαροὶ,
2805 4260 2913 4312 τῶν
2962 4260 3132 4328 ἁγίων
3170 4259 3394 4311 ἐκείνων
3427 4259 3581 4312 οὐδὲν
3625 4261 3870 4313 τοιοῦτον
3899 4261 4004 4313 τῶν

2413 4345 2660 4414 νομίμων
2719 4342 3096 4412 φυλαττόντων
3136 4346 3228 4396 ἐπὶ
3256 4342 3360 4411 γῆς
3407 4342 3715 4416 ἀλλοτρίας,
3753 4345 3915 4397 αὐτοὶ
3943 4347 4006 4396 τὰ

2413 4429 2630 4481 ἐναντία
2656 4428 2936 4492 ποιοῦντες
2956 4427 3094 4498 πρὸς
3109 4425 3441 4495 φιλονεικίαν
3471 4429 3566 4479 καὶ
3583 4428 3726 4497 έριν;
3759 4430 3873 4481 Καὶ
3899 4431 4003 4497 γαρ

2414 4517 2462 4566 εἰ
2489 4514 2588 4585 μὲν
2616 4514 2850 4586 ῥᾴθυμοί
2881 4531 3026 4576 τινες
3059 4509 3201 4582 ἦσαν
3249 4513 3343 4566 καὶ
3387 4511 3703 4576 ἀνευλαϐεῖς
3738 4514 3787 4564 οἰ
3825 4513 4004 4566 ταῦτα

2413 4597 2664 4666 λέγοντες
2695 4599 2789 4650 καὶ
2818 4596 3120 4659 ποιοῦντες,
3163 4596 3292 4658 ίσως
3321 4596 3386 4650 ἄν
3410 4613 3493 4658 τις
3522 4596 3794 4667 ῥᾳθυμίας
3820 4597 4004 4664 ἐνόμι-

2416 4697 2509 4733 σεν
2541 4676 2679 4732 εἶναι
2709 4679 2770 4732 τὸ
2801 4680 2876 4750 μὴ
2921 4679 3208 4747 φυλάττειν
3231 4695 3246 4710 ·
3273 4680 3322 4732 εί
3343 4679 3399 4732 δέ
3433 4679 3674 4747 φιλόθεοι
3705 4681 3820 4731 καὶ·
3845 4681 4006 4732 εὐλα‹

2415 4763 2666 4829 ϐεἶς,καὶ
2697 4763 2794 4825 τάς
2820 4762 2998 4832 ψυχὰς
3038 4764 3136 4825 τὰς
3177 4762 3390 4816 ἐαυτῶν
3431 4764 3571 4835 ὑπὲρ
3619 4763 3727 4815 τῶν
3776 4762 3854 4833 τῷ
3888 4763 4003 4831 Θεῴ

2415 4847 2716 4901 δοκούντων
2737 4847 2967 4909 ἔδωκαν,
2997 4845 3221 4916 εὔδηλον
3244 4847 3404 4900 ὅτιτὸ
3437 4846 3511 4917 μὴ
3536 4847 3772 4916 φυλάξαι
3799 4847 3896 4901 τὸν
3926 4850 4005 4900 v6-

2420 4950 2519 5002 μον
2547 4933 2609 4985 ού
2631 4932 2773 4985 κατά
2807 4931 3079 5002 ρᾳθυμίαν
3113 4931 3353 4997 ἐποίουν,
3381 4932 3518 4985 ἀλλὰ
3539 4932 3692 5003 παρά
3725 4930 3787 4983 τὸ
3811 4933 4005 4984 πεπεῖ-

2419 5019 2543 5072 σθαι
2573 5020 2704 5088 παρ’
2757 5016 2922 5070 αὑτοῦ
2963 5015 3059 5069 τοῦ
3099 5016 3290 5086 νόμου,
3329 5016 3411 5070 ὃτι
3449 5017 4004 5087 τὰςπαρατηρήσεις

2416 5103 2620 5165 ταύτας
2642 5101 2858 5164 ἁπάσας
2887 5099 2992 5164 ἔξω
3017 5099 3126 5152 τῶν
3150 5098 3178 5139 ἀ
3217 5098 3480 5170 Ίεροσολύ
3489 5117 3606 5169 μων
3631 5100 3931 5169 φυλάττειν
3950 5103 4003 5154 οὐ

2417 5190 2543 5259 χρή.
2573 5189 2684 5241 Καὶ
2709 5187 2895 5257 ἕτερον
2919 5185 2976 5238 δέ
2997 5185 3106 5238 ἀπὸ
3132 5183 3326 5238 τούτου
3367 5185 3817 5256 συνωμολόγηται
3851 5187 4004 5256 μέγι-

2419 5288 2574 5325 στον’
2618 5272 2702 5324 ὅτι
2745 5268 2948 5321 θυσιῶν
2994 5267 3412 5339 παρατηρήσεις
3448 5268 3543 5319 καὶ
3595 5267 3892 5322 σαϐϐάτων
3921 5274 4004 5324 καὶ

2417 5354 2742 5424 νουμηνιῶν,
2781 5353 2876 5404 καὶ
2901 5351 3123 5405 πάντων
3149 5352 3256 5404 τῶν
3287 5350 3565 5417 τοιούτων,
3594 5351 3657 5403 ἐκ
3684 5352 4004 5422 περιουσίας

2416 5439 2618 5511 ἀπῄτει
2663 5440 2696 5507 ή
2742 5435 2865 5488 τότε
2894 5435 3141 5489 πολιτεία
3165 5451 3178 5463 °
3217 5436 3312 5488 καὶ
3352 5431 3476 5486 οὕτε
3527 5436 3843 5506 τηρούμενα
3877 5437 4005 5508 πρὸς

2477 5601 2505 5642 Ι»
2531 5602 2667 5650 Unus
2697 5599 2804 5649 cod.
2828 5601 2910 5648 καὶ
2937 5600 3018 5647 ἀπ’
3042 5597 3189 5647 αὐτοῦ
3211 5597 3318 5647 τοῦ.

2481 5669 2503 5694 ε
2528 5665 2617 5712 Hic
2643 5671 2744 5732 I_res
2770 5675 2914 5732 _m§s._
2950 5663 3159 5710 multum
3206 5662 3418 5720 variant,
3453 5659 3537 5708 καὶ
3576 5659 3664 5717 τήν
3702 5663 4005 5722 μετ’ἐκείνην
4087 5695 4093 5732 ’λ

2417 5730 2577 5802 ἔπειτ-α
2597 5728 2678 5774 καὶ
2695 5725 2816 5801 τρεῖς
2839 5727 3014 5802 ἐτέρας.
3125 5787 3139 5802 ι
3235 5786 3248 5801 ἱ
3309 5785 3354 5802 υ
3454 5783 3477 5795 ⁴
3562 5784 3633 5802 m-
3689 5785 3721 5802 n
3792 5783 3801 5792 .

2483 5790 2508 5828 ἀ
2537 5790 2674 5839 Unus
2699 5784 2770 5835 ὅτι
2804 5789 2884 5842 τὰς
2905 5784 3094 5841 ἁπάσας
3120 5786 3284 5849 ἑορτὰς
3308 5785 3396 5841 ἔξω
3418 5784 3533 5831 τῶν.
3560 5784 3667 5848 (Sic
3689 5784 3872 5849 Savil.)
