4150 6352
229 365 340 422 877

228 493 480 558 neglecto
522 495 768 550 locozan
814 497 1056 568 neglecto
1088 506 1364 568 tempore,
1408 497 1512 553 loci
1559 499 1696 558 ratio
1744 507 1827 552 te—

227 583 419 637 nenda
438 587 738 655 θεωριωά
762 589 885 643 dico
909 631 925 654 ,
965 590 1070 644 tale
1100 599 1184 644 est
1206 608 1219 644 :
1253 590 1507 658 praecepit
1534 590 1791 644 Dominus
1811 632 1825 656 ,

227 683 288 724 ut
333 674 384 728 in
431 678 602 744 primo
646 695 834 734 mense
862 690 918 734 et
942 680 1292 752 Icrosolymis
1332 681 1698 736 celebraretur
1726 683 1824 734 Pa-

225 765 361 818 scha
396 784 412 821 :
449 769 696 825 videlicet
744 782 986 841 tempore
1036 774 1240 841 pariter
1279 781 1335 826 et
1376 771 1496 826 loco
1538 773 1822 842 praeﬁnito.

223 854 501 913 Ponamus
529 859 688 929 igitur
710 862 847 917 duos
867 864 1146 932 quospiam
1175 877 1317 926 esse,
1363 863 1453 932 qui
1501 863 1706 918 Pascha
1731 879 1823 918 ce-

221 944 458 1012 lebrent,
489 966 720 1019 quorum
749 952 888 1006 alter
915 955 1298 1022 praavaricetur
1342 955 1519 1008 locum
1546 996 1561 1020 ,
1613 964 1825 1023 tempus

217 1036 477 1096 observet
507 1058 521 1097 :
550 1057 736 1096 rursus
765 1045 904 1098 alter
931 1047 1182 1101 observet
1214 1045 1432 1116 quidem
1465 1048 1637 1101 locum
1661 1089 1677 1113 ,
1725 1048 1821 1101 sed

221 1129 651 1196 transgrediatur
679 1141 918 1203 tempus;
947 1147 1108 1206 atque
1139 1138 1183 1190 is
1213 1141 1301 1205 qui
1326 1147 1540 1208 tempus
1567 1139 1822 1194 observat

218 1217 466 1283 neglecto
496 1217 644 1286 loco,
685 1224 923 1279 celebret
949 1225 1151 1296 Pascha
1184 1227 1236 1280 in
1270 1228 1444 1296 primo
1471 1244 1691 1292 mense,
1723 1231 1816 1286 sed

215 1307 414 1362 alicubi
444 1313 628 1379 procul
653 1314 985 1387 Jerosolyma
1017 1336 1031 1371 :
1062 1320 1105 1372 is
1132 1333 1262 1372 vero
1296 1321 1386 1389 qui
1427 1321 1602 1378 locum
1629 1323 1819 1377 obser-

219 1408 312 1451 vat
361 1400 603 1469 neglecto
632 1414 904 1475 tempore,
939 1408 1138 1464 Pascha
1165 1410 1406 1467 celebret
1431 1411 1814 1484 Jerosolymis,

215 1503 325 1546 non
359 1497 534 1544 tamen
566 1495 738 1562 primo
765 1512 968 1562 mense,
997 1498 1094 1552 sed
1122 1498 1379 1554 secundo.
1412 1501 1610 1555 Deinde
1639 1502 1818 1558 videa-

212 1595 338 1633 mus
369 1591 488 1636 uter
516 1583 702 1638 horum
733 1586 959 1642 duorum
986 1590 1056 1642 sit
1084 1591 1137 1644 in
1167 1591 1412 1656 crimine,
1445 1597 1561 1646 uter
1585 1595 1817 1662 proban-

211 1670 355 1724 dus:
388 1673 503 1727 isne
545 1675 634 1744 qui
678 1677 924 1746 neglecto
962 1687 1203 1748 tempore
1251 1680 1424 1734 locum
1455 1684 1717 1748 servavit,
1747 1700 1814 1738 an

210 1765 302 1832 qui
346 1765 463 1819 loco
504 1769 745 1837 neglecto
776 1778 985 1840 tempus
1021 1775 1274 1826 servavit.
1315 1774 1528 1828 Etenim
1569 1778 1614 1830 si
1646 1778 1691 1830 is
1723 1779 1812 1844 qui

213 1864 424 1924 tempus
446 1861 700 1928 neglexit,
729 1873 787 1915 ut
811 1864 947 1916 intra
969 1865 1237 1919 civitatem
1266 1866 1467 1920 Pascha
1495 1868 1808 1934 celebraret,

211 1945 423 2001 videtur
465 1951 840 2017 approbandus
872 1972 885 2007 :
913 1963 1097 2008 contra
1123 1995 1139 2019 ,
1180 1956 1270 2025 qui
1310 1966 1523 2011 servato
1571 1968 1811 2026 tempore

211 2037 388 2097 locom
420 2041 676 2109 neglexit,
705 2046 973 2100 vocandus
1001 2057 1082 2100 est
1111 2047 1164 2100 in
1191 2049 1416 2116 crimen,
1443 2058 1497 2104 et
1525 2052 1810 2119 impietatis

211 2144 338 2183 reus
366 2132 697 2198 peragendns
730 2152 743 2186 :
775 2135 1024 2190 nimirum
1069 2138 1261 2206 liquet,
1290 2140 1434 2209 quod
1464 2141 1550 2194 isti
1593 2157 1808 2214 quoque

209 2221 382 2288 legem
411 2222 632 2301 violant,
664 2225 782 2278 loco
813 2243 918 2291 non
951 2243 1048 2282 suo
1076 2230 1333 2287 facientes
1352 2273 1366 2297 ,
1404 2233 1546 2302 quod
1573 2233 1771 2288 faciunt
1790 2276 1804 2300 ,

205 2314 417 2366 etiamsi
449 2314 628 2369 decies
657 2317 849 2377 millies
879 2319 1174 2394 praedicent
1215 2337 1274 2376 se
1319 2337 1536 2379 servare
1577 2335 1803 2394 tempus.

208 2403 363 2462 Unde
405 2405 562 2473 igitur
607 2407 709 2462 hoc
747 2409 902 2464 nobis
937 2412 1277 2482 perspicuum
1305 2416 1426 2472 est?
1453 2415 1712 2478 Videlicet
1738 2418 1806 2472 ab

205 2492 325 2562 ipso
366 2495 530 2550 Mose.
569 2497 843 2574 Siquidem
871 2516 992 2554 cum
1022 2502 1238 2570 quidam
1269 2514 1450 2559 essent
1486 2507 1804 2564 celebraturi

204 2581 432 2649 Pascha,
455 2585 706 2642 adierunt
732 2589 937 2658 Mosen,
969 2591 1208 2650 dicentes
1237 2610 1250 2646 :
1282 2593 1396 2648 Nos
1424 2597 1610 2665 impuri
1628 2613 1805 2651 sumus

201 2689 359 2741 super
396 2678 614 2731 hominis
657 2681 830 2733 anima
855 2697 876 2738 .'
903 2699 1025 2735 num
1067 2687 1350 2741 omittemus
1395 2686 1580 2754 oﬂ'erre
1622 2705 1806 2745 munus

201 2764 425 2828 Domino
452 2770 608 2838 juxta
635 2781 831 2843 tempus
858 2791 1038 2841 suum,
1067 2776 1119 2830 in
1143 2779 1308 2834 medio
1345 2779 1569 2847 ﬁliorum
1599 2781 1806 2835 Israel?

197 2856 482 2926 Respondit
507 2860 611 2915 illis
641 2862 812 2922 Moses
833 2860 1008 2921 :State
1049 2868 1130 2920 hic
1149 2909 1165 2934 ,
1198 2879 1246 2922 et
1272 2871 1479 2924 audiam
1506 2873 1627 2942 quid
1665 2890 1802 2942 pra:-

194 2956 438 3014 eepturus
461 2951 524 3001 sit
549 2950 803 3007 Dominus
831 2957 893 3007 de
921 2957 1078 3016 vobis.
1106 2957 1171 3010 Et
1199 2959 1433 3027 loquutus
1459 2971 1531 3015 est
1553 2961 1802 3018 Dominus

205 3036 340 3096 5105i
369 3039 568 3096 dicens:
591 3039 762 3098 Homo
779 3046 1076 3121 quicumque
1097 3053 1250 3126 fuerit
1288 3051 1418 3104 inter
1455 3069 1539 3106 vos
1568 3055 1798 3122 impurus

192 3146 352 3199 super
379 3129 595 3193 hominis
619 3135 812 3201 animo,
841 3136 931 3190 aut
961 3139 1012 3191 in
1041 3141 1193 3210 longo
1223 3143 1418 3208 itinere,
1446 3155 1535 3197 aut
1559 3146 1613 3202 in
1637 3147 1794 3217 vobis,

191 3222 246 3277 in
278 3226 680 3292 generationibus
712 3230 888 3283 vestris
909 3271 923 3294 ,
963 3227 1113 3302 faciet
1141 3231 1347 3293 Pascha
1374 3253 1541 3293 mense
1577 3243 1797 3296 secundo

192 3312 387 3374 (.‘Vum.
414 3317 466 3367 9.
484 3317 668 3387 7-H).
691 3317 745 3373 Id
771 3330 886 3375 est:
911 3323 1172 3400 quisquis,
1201 3327 1392 3393 inquit,
1419 3332 1592 3398 primo
1605 3348 1796 3393 mense

213 3405 562 3480 iepreltensus
584 3409 742 3463 fuerit
764 3411 816 3464 in
846 3416 1292 3488 peregrinatione,
1318 3435 1386 3476 ne
1415 3422 1569 3476 iaciat
1590 3423 1793 3479 Pascha

190 3504 344 3546 extra
371 3481 657 3562 civitatem,
687 3500 780 3554 sed
805 3518 992 3558 mense
1021 3507 1277 3571 secundo,
1317 3519 1375 3564 ut
1415 3513 1596 3567 venire
1626 3517 1794 3582 possit

189 3583 585 3656 Jerosolymam
613 3605 677 3644 ac
704 3601 913 3662 tempus
940 3597 1172 3667 negligat
1210 3601 1384 3668 potius
1404 3644 1417 3666 ,
1446 3619 1604 3673 quam
1633 3605 1792 3662 faciat

185 3684 342 3728 extra
373 3678 640 3735 civitatem
681 3699 694 3735 :
727 3699 795 3738 ex
837 3685 938 3740 hoc
967 3688 1244 3746 declarans
1265 3736 1278 3757 ,
1318 3696 1458 3763 quod
1486 3697 1789 3756 observatio

185 3766 294 3821 loci
323 3774 575 3838 temporis
603 3774 976 3834 observatione
1003 3783 1170 3851 magis
1190 3793 1272 3839 est
1301 3791 1618 3844 necessaria.
1650 3792 1786 3860 Quid

185 3861 349 3930 igitur
390 3863 474 3917 isti
519 3865 716 3921 habent
761 3871 903 3939 quod
946 3872 1160 3941 dicant,
1200 3878 1291 3946 qui
1331 3890 1478 3934 extra
1518 3883 1784 3941 civitatem

181 3953 548 4026 prtescriptam
568 3957 767 4014 faciunt
785 3961 985 4017 Pascha
1003 3965 1026 4017 ?
1042 3965 1171 4020 Nam
1194 3983 1312 4021 cum
1334 3975 1785 4042 transgrediantur

181 4042 235 4100 id
267 4043 412 4111 quod
441 4047 607 4116 magis
636 4058 720 4104 est
748 4056 1106 4109 necessarium
1125 4099 1140 4121 ,
1186 4058 1319 4114 nihil
1363 4062 1482 4117 illos
1523 4081 1782 4124 excusare

179 4143 362 4206 potest
402 4136 517 4203 ejus
557 4139 893 4210 observatio,
938 4147 1079 4215 quod
1121 4150 1339 4205 minoris
1376 4163 1457 4208 est
1500 4162 1777 4214 momenti.

179 4222 349 4291 Igitur
363 4226 570 4282 etiamsi
591 4231 771 4285 decies
793 4235 983 4290 millies
1004 4237 1285 4294 videantur
1304 4257 1521 4300 servare
1546 4256 1776 4319 tempus,

177 4322 421 4368 extrema
454 4317 582 4387 legis
613 4310 965 4392 transgressio
991 4337 1074 4382 est
1101 4331 1241 4399 quod
1273 4333 1491 4389 faciunt.
1517 4310 1693 4408 Atque
1724 4343 1775 4397 id

175 4419 303 4459 csse
329 4422 535 4470 verum,
563 4426 666 4464 non
699 4411 822 4468 hinc
849 4417 1016 4486 liquet
1044 4429 1269 4486 tantum,
1302 4441 1491 4482 verum
1520 4433 1680 4485 etiam
1708 4449 1774 4488 ex

174 4496 475 4563 prophetis.
498 4497 629 4553 Cum
660 4503 802 4558 enim
842 4518 1054 4563 constet
1092 4511 1210 4566 illos
1250 4531 1537 4586 numquam
1568 4525 1774 4578 sacriﬁ-

171 4600 352 4652 casse,
377 4602 550 4657 neque
575 4593 841 4648 canticum
871 4598 1131 4653 cecinisse
1152 4601 1203 4654 in
1235 4613 1372 4658 terra
1403 4609 1573 4664 aliena
1599 4612 1768 4682 (Psal.

173 4674 302 4728 156.
333 4673 429 4746 4),
459 4693 635 4748 neque
680 4682 977 4739 istiusmodi
1005 4687 1265 4756 jejunium
1292 4673 1769 4772 jejtinassc,“quatn

168 4764 383 4818 veniam
413 4783 784 4834 promerentur
803 4775 926 4829 isti?
954 4778 1202 4835 Attamen
1225 4783 1297 4836 illi
1337 4764 1550 4855 quidem
1581 4809 1771 4863 exspe-

167 4864 384 4909 ctantes
409 4858 566 4912 talem
613 4863 733 4917 vita:
777 4880 888 4918 sua:
928 4877 1122 4923 statum
1150 4889 1209 4927 se
1239 4889 1568 4948 recepturos,
1601 4887 1768 4960 nihilo

166 4945 350 4999 secius
377 4951 732 5016 persistebant
761 4955 811 5008 iu
840 4958 988 5028 lege,
1023 4975 1269 5030 parentes
1298 4945 1390 5036 illi,
1431 4954 1655 5044 qumque
1681 4979 1764 5034 lex

165 5038 575 5106 prmscribebat,
610 5043 912 5114 implentcs.
943 5050 1054 5105 [Ioc
1082 5056 1223 5109 enim
1257 5059 1340 5113 lex
1370 5038 1480 5132 ipsa
1520 5038 1626 5121 illis
1650 5069 1764 5126 iure

164 5128 507 5195 promiserat.
560 5132 648 5186 Isti
694 5151 823 5190 vero
867 5138 980 5194 luce
1009 5142 1242 5211 faciunt,
1285 5166 1406 5204 cum
1438 5156 1634 5211 nullam
1664 5160 1761 5213 ha-

160 5217 329 5273 beant
357 5231 508 5287 spem
539 5220 670 5288 I'ore,
702 5236 758 5278 ut
787 5228 1067 5294 pristinum
1097 5235 1216 5289 vita:
1237 5249 1430 5294 statum
1459 5247 1720 5315 recipiant
1745 5271 1758 5305 :

158 5310 318 5374 cujus
333 5310 475 5364 enim
489 5312 540 5365 id
559 5316 830 5384 propheta:
843 5323 1145 5378 testimonio
1161 5333 1489 5396 probabunt?
1501 5310 1758 5401 Et-tamen

161 5417 227 5454 ne
278 5403 355 5456 sic
392 5405 605 5473 quidem
653 5423 879 5478 possunt
924 5417 1221 5485 quiescere.
1249 5422 1366 5479 Jam
1390 5470 1403 5492 ,
1437 5439 1492 5482 ut
1526 5437 1757 5494 maxime

158 5503 444 5560 sperarent
473 5512 533 5552 se
552 5500 823 5559 civitatem
845 5519 1174 5577 recepturos,
1204 5515 1363 5571 etiam
1400 5528 1523 5577 tunc
1600 5543 1756 5597 opor-

163 5586 308 5639 tebat
337 5600 552 5645 sanctos
576 5592 695 5649 illos
719 5597 933 5664 imitari,
961 5610 1068 5656 tum
1095 5621 1123 5657 a
1148 5606 1384 5679 jejuniis,
1415 5623 1525 5670 tum
1550 5634 1578 5671 a
1602 5633 1754 5678 cxte—

160 5678 232 5743 ris
264 5679 726 5740 observationibus
750 5690 1101 5749 abstinentes.

230 5769 280 5827 5..
316 5770 470 5844 Quod
509 5777 651 5833 enim
682 5780 977 5842 istiusmodi
1009 5805 1186 5846 rerum
1217 5795 1346 5852 nihil
1378 5801 1446 5856 illi
1480 5806 1704 5865 fecerint
1726 5856 1740 5880 ,

1489 368 1853 430 ADVERSUS
1889 368 2191 430 JUD/EOS.
2232 373 2312 431 IV.

3429 401 3534 458 878

1938 498 2061 552 audi
2099 501 2224 569 quid
2253 504 2564 574 rogantibus
2601 509 2997 578 responderint.
3029 514 3164 570 Cum
3192 517 3334 572 enim
3369 535 3528 591 urge-

1934 597 2075 652 rent,
2103 593 2508 660 eompellerent,
2534 609 2894 671 cogeremque
2917 604 3147 672 barbari,
3174 617 3231 661 ut
3252 617 3530 668 uterentur
3558 644 3567 658 -

1932 681 2147 748 organis
2173 682 2302 748 suis,
2330 684 2678 758 dicerentque
2700 707 2717 745 :
2743 688 2956 747 Caritate
2984 694 3126 752 nobis
3146 700 3400 755 canticum
3430 701 3530 758 Do-

1929 772 2054 824 mini
2084 771 2256 843 (Psal.
2287 777 2409 833 l36.
2436 779 2494 848 3)
2523 798 2535 833 :
2567 782 2642 837 illi
2663 781 2756 851 qui
2768 786 2996 852 pulchre
3011 787 3145 860 legis
3176 803 3409 848 mentem
3442 803 3526 851 te-

1927 860 2161 927 nebant,
2205 869 2634 938 responderunt,
2677 890 2782 929 non
2820 876 3014 933 decere
3055 889 3112 935 ut
3141 882 3239 938 ista
3288 883 3526 942 iacerent

1926 961 2075 1006 extra
2105 953 2494 1029 Jerosolymam
2521 979 2535 1016 :
2570 963 2869 1034 Quomodo,
2902 970 3173 1040 inquiunt,
3206 979 3523 1035 cantabimus

1925 1042 2179 1096 canticum
2205 1043 2416 1105 Domini
2442 1051 2501 1104 in
2516 1061 2650 1106 terra
2669 1055 2879 1110 aliena?
2907 1057 3113 1116 Rursus
3134 1070 3244 1119 tres
3271 1065 3343 1120 illi
3367 1071 3517 1138 pueri

1924 1134 2014 1202 qui
2045 1137 2393 1195 verSabantnr
2419 1143 2472 1197 in
2501 1144 2770 1217 Babylone
2791 1190 2806 1216 ,
2854 1151 3143 1211 dicebant:
3175 1155 3298 1214 Non
3323 1134 3396 1216 est
3424 1164 3520 1221 hoc

1925 1233 2149 1296 tempore
2169 1231 2424 1301 princeps,
2454 1251 2614 1305 neque
2636 1227 2901 1310 mpsim,
2936 1263 3038 1299 non
3065 1246 3205 1304 locus
3228 1260 3286 1305 ut
3310 1255 3516 1322 sacri/i-

1922 1331 2092 1371 cemus
2127 1320 2180 1372 in
2219 1335 2488 1394 conspectu
2521 1337 2639 1396 tuo,
2671 1339 2718 1384 et
2767 1333 3081 1397 inveniamus
3117 1341 3516 1400 misericordium

1927 1405 2087 1474 (Dan.
2117 1411 2171 1464 5.
2197 1412 2308 1482 38).
2339 1419 2409 1468 At
2451 1431 2581 1473 sane
2609 1422 2806 1476 multus
2831 1436 2947 1480 erat
2976 1428 3048 1482 ibi
3074 1429 3224 1486 locus
3249 1451 3262 1486 :
3295 1443 3351 1489 at
3375 1452 3513 1507 quo-

1921 1499 2062 1552 niam
2093 1501 2161 1554 ibi
2195 1505 2452 1573 templum
2483 1525 2588 1563 non
2631 1523 2782 1580 erat,
2823 1516 3094 1593 abstinent
3137 1537 3168 1576 a
3215 1527 3510 1584 sacriﬁciis.

1918 1585 2036 1642 1am
2067 1606 2196 1645 vero
2233 1604 2287 1648 et
2325 1597 2389 1650 ad
2417 1598 2549 1653 alios
2591 1616 2686 1670 per
2713 1601 3026 1662 Zachariam
3063 1589 3297 1681 loquitur
3325 1616 3509 1675 Deus:

1921 1677 2061 1734 Num
2097 1683 2352 1753 jejunium
2373 1689 2647 1757 jejunastis
2689 1696 2812 1749 mihi
2857 1717 2947 1767 per
2986 1717 3146 1756 annos
3190 1711 3510 1779 septuaginta

1918 1768 2098 1838 (Zach.
2133 1773 2183 1826 7.
2219 1774 2320 1846 5)?
2349 1777 2570 1847 loquens
2593 1782 2660 1838 de
2687 1787 2841 1840 annis
2861 1805 2999 1857 quos
3023 1768 3315 1870 egerant'in
3341 1768 3514 1870 capti-

1917 1859 2099 1915 vitate.
2123 1861 2403 1932 Quomodo
2425 1885 2552 1940 ergo
2580 1880 2633 1926 tu
2660 1890 2803 1930 nunc
2827 1859 3172 1947 jejunas,‘dic
3202 1887 3354 1955 mihi,
3382 1859 3504 1946 eum

1913 1953 2143 2022 majores
2172 1958 2245 2010 tui
2290 1974 2388 2014 nec
2425 1962 2874 2033 sacriﬁcaverint,
2919 1987 3017 2027 nec
3047 1974 3373 2047 jejunarint,
3405 1999 3506 2040 nec

1912 2042 2045 2098 festa
2089 2046 2517 2107 celebraverint?
2563 2047 2716 2120 Quod
2760 2069 2936 2116 autem
2975 2063 3176 2120 Pascha
3208 2084 3314 2124 non
3357 2075 3506 2129 cele-

1913 2132 2185 2190 braverint
2214 2154 2278 2193 ex
2309 2140 2391 2195 his
2419 2143 2590 2210 palam
2618 2155 2719 2202 est.
2746 2147 2878 2204 Nam
2901 2153 2988 2208 ubi
3016 2170 3121 2210 non
3152 2169 3269 2213 erat
3297 2163 3503 2218 sacriﬁ-

1909 2224 2052 2280 cium
2071 2269 2085 2292 ,
2117 2227 2189 2281 ibi
2231 2245 2299 2285 ne
2325 2231 2518 2287 festum
2546 2223 2761 2305 quidem
2787 2250 2943 2295 erat:
2973 2259 3040 2298 eo
3063 2247 3205 2315 quod
3233 2265 3393 2307 omne
3423 2253 3503 2308 fe-

1908 2324 2049 2400 stum
2079 2318 2156 2372 sic
2199 2325 2378 2391 peragi
2408 2317 2706 2395 oportebat.
2741 2330 2892 2396 Quod
2919 2337 2962 2389 si
3003 2338 3300 2407 pleniorem
3346 2343 3502 2415 hujus

1908 2395 1988 2460 rei
2033 2408 2548 2470 demonstrationem
2597 2395 2852 2477 exbibtare
2897 2395 3154 2496 veliinus,
3205 2434 3328 2500 audi
3372 2395 3499 2506 quid

1907 2495 2049 2551 dicat
2081 2500 2261 2556 Daniel
2287 2521 2299 2555 :
2328 2502 2398 2558 In
2427 2506 2602 2563 diebus
2630 2510 2734 2565 illis
2762 2530 2901 2568 erant
2929 2534 3021 2589 ego
3059 2520 3249 2597 Daniel
3283 2495 3494 2598 lugens,

1907 2588 2066 2642 tribus
2091 2590 2483 2651 hebdomadibus
2515 2615 2698 2667 panem
2722 2605 3105 2664 desiderabilem
3134 2595 3237 2674 non
3266 2588 3463 2672 comedi

1906 2688 1953 2731 et
1982 2681 2153 2735 vinum
2177 2699 2448 2756 carnesque
2475 2705 2575 2743 non
2612 2691 2853 2763 ingressu:
2892 2701 3085 2761 suntin
3113 2726 3171 2763 os
3210 2724 3378 2766 meum
3398 2752 3413 2775 ,
3449 2721 3497 2764 et

1905 2785 2159 2843 unguento
2189 2793 2289 2830 non
2316 2779 2536 2850 angebar
2554 2783 2608 2837 in
2633 2786 3030 2852 hebdomadibus
3058 2802 3180 2855 illis.
3209 2803 3274 2858 Et
3302 2807 3495 2875 factum

1904 2873 1976 2915 est
2016 2866 2245 2921 vicesimo
2283 2881 2463 2939 quarto
2510 2874 2593 2928 die
2639 2878 2788 2945 primi
2835 2890 3052 2957 mensis,
3107 2894 3212 2949 vidi
3253 2898 3492 2954 visionem

1905 2951 2067 3022 (Dan.
2094 2957 2178 3012 l0.
2207 2957 2282 3028 2).
2318 2960 2415 3015 llic
2443 2963 2572 3024 mihi
2613 2965 2898 3043 diligenter
2934 2951 3247 3041 auscultate.
3291 2951 3493 3048 Exilii—is

1901 3045 2043 3099 enim
2077 3050 2412 3124 perspicuum
2439 3070 2537 3126 est,
2570 3065 2711 3133 quod
2743 3076 2852 3123 tum
2881 3071 3082 3128 Pascha
3111 3093 3214 3131 non
3245 3074 3490 3136 celebra-

1902 3137 2093 3195 vcrint.
2115 3140 2225 3206 Qui
2251 3146 2371 3201 sic?
2400 3151 2600 3205 Dicam.
2636 3155 2737 3209 Per
2761 3157 2876 3213 dies
2904 3177 3213 3232 azymorum
3241 3169 3486 3238 jejunare

1898 3228 2098 3284 Iudaeis
2139 3233 2220 3288 l‘as
2267 3252 2374 3292 non
2419 3251 2554 3295 erat.
2597 3243 2694 3300 Hic
2734 3258 2911 3305 autem
2957 3228 3072 3308 dies
3099 3228 3486 3326 viginti-unum

1897 3336 2114 3396 prorsus
2135 3341 2240 3381 non
2269 3331 2439 3402 attigit
2466 3349 2678 3403 panem.
2704 3339 2773 3393 Et
2793 3342 2931 3397 unde
2953 3344 3055 3401 hoc
3079 3348 3321 3417 docetur,
3344 3355 3487 3411 dicet

1894 3415 2113 3484 aliquis,
2145 3421 2286 3486 quod
2334 3422 2417 3477 isti
2454 3425 2636 3496 viginti
2674 3430 2790 3484 dies
2829 3443 2883 3488 et
2925 3452 3060 3491 unus
3105 3415 3389 3500 inciderint
3430 3449 3482 3504 in

1892 3503 2008 3560 dies
2050 3514 2398 3578 azymorum?
2440 3515 2493 3569 Id
2532 3517 2655 3574 inde
2699 3521 3121 3597 demonstratur,
3154 3534 3295 3603 quod
3318 3536 3480 3608 dicit,

1892 3609 2080 3674 quarto
2108 3611 2162 3656 et
2184 3605 2437 3674 vigesimo
2465 3609 2550 3664 die
2580 3614 2737 3681 primi
2767 3620 2990 3675 mensis.

1969 3692 2181 3751 Pass/tte
2208 3701 2486 3754 secundum
2525 3704 2682 3775 legem
2709 3717 2924 3778 tempus.
2953 3745 3027 3755 —
3053 3716 3122 3772 At
3150 3718 3374 3779 Pascha:
3401 3726 3481 3783 fe-

1890 3794 2027 3838 Stum
2061 3788 2315 3856 vigesimo
2340 3793 2512 3862 primo
2541 3796 2627 3852 die
2668 3799 2969 3859 ﬁniebatur.
3001 3807 3132 3864 Nam
3160 3812 3479 3885 incipientes

1887 3891 1915 3928 a
1941 3876 2152 3933 decimo
2176 3890 2365 3950 quarto
2395 3884 2482 3940 die
2515 3888 2667 3956 primi
2695 3895 2918 3963 mensis,
2951 3898 3146 3958 deinde
3172 3876 3362 3963 diebus
3386 3927 3476 3966 se-

1888 3980 2027 4038 ptem
2055 3975 2360 4030 continuata
2405 3979 2744 4051 celebritate,
2788 3988 2856 4043 ad
2884 3990 3197 4061 vigesimum
3244 4002 3475 4069 primum

1883 4059 2023 4113 diem
2065 4065 2463 4130 perveniebant.
2493 4072 2740 4128 Attamen
2773 4059 2957 4134 Daniel
2987 4059 3364 4152 perseverabat
3387 4096 3474 4163 je-

1877 4151 2092 4220 junans,
2122 4157 2280 4210 etiam
2309 4174 2429 4214 cum
2463 4167 2810 4230 prmteriisset
2839 4173 3055 4230 Pascha:
3085 4188 3312 4252 tempus.
3337 4186 3471 4243 Nam

1880 4258 2000 4299 cum
2031 4249 2280 4316 empisset
2310 4267 2338 4304 a
2386 4241 2543 4310 tertio
2568 4257 2654 4311 die
2697 4263 2849 4328 primi
2893 4271 3129 4337 mensis,
3173 4290 3237 4329 ac
3276 4277 3472 4337 deinde

1881 4351 1976 4403 per
1997 4337 2113 4393 dies
2137 4342 2316 4409 viginti
2341 4361 2498 4399 unum
2524 4351 2907 4418 continuasset,
2935 4361 3181 4417 nimirum
3203 4365 3468 4425 decimum

1877 4436 2120 4496 quartum
2149 4432 2288 4485 diem
2317 4439 2590 4503 prtetcriit,
2619 4451 2670 4494 et
2703 4453 2822 4510 post
2850 4447 2993 4503 hunc
3021 4453 3147 4507 item
3177 4468 3381 4526 septem
3416 4473 3471 4517 et

1877 4525 1986 4572 tres
2013 4519 2146 4574 alios
2170 4521 2428 4591 jejunavit
2455 4527 2614 4597 (Dan.
2641 4533 2727 4587 10.
2757 4534 2836 4605 4).
2869 4537 3057 4595 Annon
3084 4519 3253 4614 igitur
3270 4552 3353 4604 isti
3378 4569 3470 4607 ex-

1874 4607 2020 4678 leges
2048 4619 2102 4664 et
2128 4612 2294 4682 impii,
2323 4618 2434 4685 qui,
2465 4634 2584 4674 cum
2619 4623 2690 4676 illi
2725 4630 2892 4682 sancti
2923 4633 3018 4686 viri
3048 4636 3097 4688 in
3122 4638 3294 4694 aliena
3326 4651 3466 4701 terra

1875 4699 2003 4752 nihil
2032 4705 2365 4760 servaverint
2385 4725 2569 4764 eorum
2596 4731 2712 4782 qua:
2741 4717 2826 4771 lex
2857 4727 3253 4796 prtescribebat,
3287 4742 3465 4792 tamen

1873 4803 1970 4856 per
1993 4795 2385 4851 contentionem
2436 4811 2490 4855 et
2532 4806 2887 4872 pervicaciam
2930 4813 3140 4872 diversa
3185 4822 3466 4884 factitant?

1871 4879 2079 4935 Etenim
2131 4884 2174 4937 si
2221 4891 2460 4945 nonnulli
2507 4892 2733 4951 fuissent
2776 4900 3127 4973 incogitantes
3172 4930 3464 4989 parumque

1867 4971 2271 5042 circumspecti,
2313 4980 2403 5047 qui
2451 4983 2571 5037 talia
2605 4989 2686 5041 vel
2729 4989 3001 5064 facerent,
3049 5003 3131 5056 vel
3177 4971 3463 5067 dicereiit:

1869 5060 2088 5117 forsitan
2132 5069 2465 5138 negligentia:
2511 5076 2766 5136 tribueret
2796 5060 3026 5157 aliquis,
3071 5097 3211 5160 quod
3254 5116 3317 5156 ea
3350 5121 3460 5161 nou

1865 5153 2170 5221 observent.
2201 5158 2315 5213 Jam
2347 5177 2468 5218 eum
2510 5170 2745 5239 religiosi
2789 5175 2929 5245 sint,
2971 5197 3092 5238 cum
3126 5189 3231 5256 pii,
3264 5208 3386 5250 cum
3429 5200 3460 5251 ii

1864 5244 1952 5311 qui
1983 5260 2079 5313 pro
2109 5253 2393 5320 prmceptis
2424 5256 2513 5310 Dei
2542 5262 2875 5322 tradiderunt
2897 5244 3104 5329 animus
3126 5244 3257 5336 suas
3279 5326 3294 5348 ,
3325 5304 3456 5343 con-

1864 5336 2105 5403 Spicuum
2134 5350 2248 5408 est,
2280 5359 2375 5399 eos
2415 5347 2820 5423 haudquaquam
2855 5377 2948 5427 per
2975 5336 3350 5440 negligentiam
3382 5381 3457 5436 fe-

1861 5427 2001 5484 cisse
2030 5433 2171 5500 quod
2201 5433 2477 5507 fecerunt,
2519 5445 2612 5497 sed
2645 5447 2722 5500 ab.
2743 5449 2853 5518 ipsa
2882 5456 3060 5521 potius
3086 5461 3201 5532 lege
3229 5481 3451 5534 persua-

1859 5535 1948 5574 sos
1969 5563 1984 5586 ,
2012 5525 2151 5592 quod
2179 5543 2282 5581 non
2312 5544 2557 5599 Oporteat
2585 5539 2868 5610 quidquam
2903 5549 3085 5604 talium
3118 5566 3453 5618 ceremonia-

1861 5629 1974 5665 rum
2025 5626 2173 5670 extra
2231 5619 2615 5696 Jerosolymam
2665 5633 2977 5694 observare.
3026 5645 3162 5712 Quin
3209 5661 3263 5705 et
3307 5657 3450 5714 aliud

1857 5705 2104 5772 quiddam
2137 5725 2201 5764 ex
2232 5712 2312 5767 his
2340 5721 2617 5788 perspicue
2641 5727 2908 5797 colligitur
2935 5733 3090 5805 longe
3119 5745 3407 5802 maximum
3429 5793 3444 5818 ,

1857 5796 1941 5818 ηε,
1983 5799 2098 5818 ,.,,_
2296 5807 2307 5818 .
2387 5810 2397 5818 .
2603 5817 2609 5818 κ

2779 5796 2786 5797 ,
3025 5796 3053 5805 ν
3261 5796 3405 5802 """"
3429 5796 3440 5818 Ι

1856 5796 2138 5868 videlicet,
2170 5807 2309 5872 quod
2349 5810 2747 5874 observationes
2778 5825 3157 5888 sacriﬁciorum
3179 5879 3195 5903 ,
3241 5841 3440 5899 sabba‘
