4178 6324
688 383 790 438 879

686 511 894 564 torum,
939 507 995 556 et
1040 498 1467 565 noviluniorum,
1513 498 1743 567 denique
1772 496 2024 550 similium
2071 496 2269 550 rituum

683 591 921 644 omnium
963 606 1026 644 ex
1055 590 1342 645 abundanti
1387 589 1581 643 addita:
1610 597 1736 642 sunt
1769 587 2003 642 Iudaicae
2033 587 2153 640 vita}
2180 604 2193 640 :
2223 597 2280 639 ut

687 699 860 752 neque
886 684 928 736 si
959 694 1259 747 serventur,
1292 681 1490 752 aliquid
1521 681 1696 750 magni
1739 681 1996 732 momenti
2036 678 2280 732 conferre

685 775 891 842 possint
931 773 994 826 ad
1023 773 1312 838 virtutem;
1345 789 1517 841 neque
1546 772 1589 824 si
1624 770 2124 839 praetermittantur,
2158 782 2280 837 pos-

683 868 790 920 sint
818 883 883 919 ex
905 867 1045 919 bono
1071 865 1245 920 facere
1269 867 1488 930 malum,
1513 874 1602 916 :mt
1626 863 1836 933 pietatis
1858 862 2112 923 studium,
2137 858 2277 927 quod

684 955 736 1007 in
783 957 964 1008 animo
993 957 1152 1008 sitmn
1182 965 1293 1020 est,
1335 957 1513 1024 aliqua
1557 971 1621 1008 ex
1655 963 1803 1022 parte
1831 948 2275 1006 immimieresllli

681 1045 843 1116 igitur
885 1047 974 1115 qui
1018 1047 1178 1100 vitam
1223 1047 1474 1115 angelica-
1522 1045 1768 1098 temulam
1820 1042 1974 1095 nobis
2024 1041 2075 1093 iu
2121 1041 2279 1093 terris

681 1138 1066 1204 ostenderunt,
1099 1154 1220 1192 cum
1265 1138 1450 1191 barum
1496 1153 1675 1190 rerum
1714 1135 1845 1190 nihil
1876 1134 2096 1188 omnino
2125 1149 2281 1202 pere-

680 1229 891 1297 gerint,
943 1245 1050 1283 non
1079 1230 1346 1283 victimam
1395 1230 1714 1290 mactarint,
1760 1242 1865 1279 non
1912 1226 2102 1279 festum
2134 1224 2277 1278 diem

680 1321 1052 1383 observarint.
1101 1337 1205 1374 non
1250 1320 1549 1375 istiusmodi
1595 1320 1858 1388 jejunium
1905 1316 2273 1386 susceperint:

679 1409 814 1463 adeo
843 1418 1020 1464 tamen
1054 1411 1366 1481 placuerunt
1397 1411 1532 1472 Deo,
1569 1419 1626 1462 ut
1653 1410 1820 1476 ipsam
1855 1418 2095 1460 naturam
2126 1415 2275 1457 tran-

684 1500 1026 1565 scenderint,
1069 1510 1344 1568 totumque
1377 1509 1638 1553 terrarum
1666 1499 1883 1562 orbem,
1932 1512 2024 1563 per
2066 1510 2126 1547 ea
2157 1509 2276 1562 quae

683 1591 814 1658 ipsis
856 1591 1194 1660 obtigerunt,
1242 1591 1307 1644 ad
1355 1591 1448 1644 Dei
1495 1590 1849 1660 cognitionem
1877 1585 2272 1654 .pertraxerint.

677 1682 814 1750 Quid
838 1683 978 1736 enim
1010 1682 1233 1751 proferri
1263 1693 1439 1752 queat,
1469 1681 1608 1750 quod
1635 1697 1754 1734 cum
1786 1679 2002 1732 Daniele
2027 1677 2274 1730 confera-

679 1775 804 1827 tur?
847 1774 971 1842 quid
1014 1775 1154 1843 quod
1198 1789 1319 1827 eum
1361 1774 1526 1826 tribus
1567 1772 1787 1842 pueris?
1833 1769 2273 1839 Quandoquidem

681 1865 756 1918 illi
795 1865 938 1934 quod
970 1875 1293 1934 prmccptnm
1327 1866 1376 1919 in
1414 1866 1713 1935 Evangeliis
1739 1864 2072 1926 maximum,
2109 1861 2278 1930 quod-

675 1973 781 2025 que
809 1961 1070 2012 bonorum
1101 1959 1341 2012 omnium
1376 1969 1557 2026 caput.
1583 1968 1705 2011 ante
1733 1957 1999 2026 proditum
2030 1956 2275 2023 Evange-

677 2050 806 2104 lium
852 2062 1213 2120 occuparunt,
1250 2051 1486 2120 ipsisque
1519 2051 1668 2103 factis
1699 2049 2055 2101 declararunt.
2104 2045 2277 2113 Majo-

675 2157 783 2193 rem
828 2141 952 2206 hac,
1000 2141 1203 2210 inquit,
1250 2142 1508 2193 caritatem
1553 2157 1696 2192 nemo
1736 2138 1911 2203 habet,
1958 2147 2012 2191 ttt
2050 2137 2273 2189 animant

672 2246 820 2282 suam
860 2240 1014 2300 ponat
1053 2232 1166 2299 quis
1208 2247 1300 2300 pro
1328 2231 1504 2282 amicis
1546 2231 1649 2282 suis
1686 2228 1876 2296 (Joan.
1920 2228 2004 2282 15.
2041 2229 2149 2296 15).
2195 2227 2273 2280 llli

673 2335 804 2374 vero
835 2322 1068 2374 animam
1115 2337 1266 2376 suam
1303 2332 1667 2391 exposuerunt
1713 2336 1809 2389 pro
1849 2322 1974 2372 [)eo.
2020 2320 2129 2373 Nec
2175 2319 2274 2372 hac

676 2421 828 2479 parte
870 2412 1043 2465 solum
1089 2412 1388 2466 admirandi
1416 2421 1576 2477 sunt,
1628 2428 1817 2464 verum
1859 2411 2018 2464 etiam
2061 2411 2129 2462 ob
2171 2409 2273 2462 hoc

673 2506 814 2574 quod
846 2505 898 2559 id
927 2507 1123 2560 nullius
1148 2507 1415 2560 mercedis
1445 2507 1609 2575 gratia
1642 2505 1902 2558 fecerunt.
1937 2504 2166 2571 Ideoque
2186 2503 2269 2554 di-

671 2597 866 2651 cebant
903 2614 917 2648 :
966 2597 1060 2650 Est
1098 2597 1238 2652 Deus
1286 2600 1340 2652 in
1384 2598 1510 2652 coelo
1556 2609 1732 2666 potens
1772 2597 1962 2665 eripere
2003 2612 2091 2647 nos
2127 2609 2144 2646 :
2187 2592 2271 2661 qui

671 2690 870 2742 etiamsi
899 2706 998 2742 non
1028 2692 1244 2759 eripiat,
1279 2701 1450 2742 notum
1474 2690 1539 2742 sit
1571 2688 1689 2750 tibi,
1724 2705 1840 2751 rem,
1875 2703 1966 2738 nos
1993 2703 2091 2739 non
2119 2685 2274 2737 servi-

670 2791 814 2833 turos
840 2781 937 2833 diis
968 2781 1066 2834 tuis
1089 2780 1252 2850 (Dan.
1282 2782 1334 2835 5.
1362 2782 1471 2849 17).
1503 2780 1710 2834 Suflicit
1741 2778 1894 2832 nobis
1921 2778 2012 2831 illa
2039 2791 2265 2840 merces,

672 2873 817 2942 quod
842 2887 1058 2942 propter
1085 2875 1251 2928 Deum
1279 2875 1555 2927 morimur.
1583 2873 1704 2926 llaec
1726 2871 2110 2942 praestiterunt,
2137 2877 2272 2920 tam-

667 2982 777 3035 que
801 2967 1062 3036 insignem
1086 2968 1341 3020 virtutem
1371 2965 1732 3020 exhibuerunt
1755 3006 1768 3031 ,
1799 2963 1930 3018 nihil
1961 2975 2146 3016 eorum
2171 2959 2268 3015 0b-

667 3067 972 3118 servantes.
1008 3073 1127 3127 qum
1157 3058 1240 3110 lex
1271 3058 1694 3125 praescripserat.

743 3149 797 3203 6.
828 3149 968 3218 Ergo
998 3165 1098 3219 qua
1125 3148 1361 3212 tandem,
1390 3149 1616 3218 inquies,
1646 3147 1813 3216 gratia
1845 3146 1981 3199 Deus
2004 3144 2100 3197 ista
2135 3157 2270 3210 pra:-

667 3241 844 3309 cepit,
892 3240 936 3294 si
980 3257 1082 3294 non
1114 3241 1330 3294 volebat
1359 3240 1674 3294 observari?
1704 3248 1757 3291 et
1787 3239 1830 3292 si
1861 3237 1974 3291 fieri
2018 3235 2263 3299 volebat,

670 3347 772 3399 qua
805 3332 973 3400 gratia
1010 3342 1151 3385 tuam
1185 3333 1456 3385 civitatem
1498 3329 1933 3385 den'iolitus'est?
1963 3327 2095 3381 Nam
2131 3327 2268 3380 alte-

671 3440 788 3476 rum
817 3440 847 3476 e
873 3424 1080 3478 duobus
1111 3425 1181 3477 illi
1215 3423 1513 3477 faciendum
1546 3431 1680 3482 erat,
1714 3424 1755 3475 si
1784 3421 2043 3474 voluisset
2074 3421 2159 3472 illa
2184 3434 2268 3472 re-

670 3532 887 3570 manere
915 3534 926 3569 :
960 3529 1052 3569 aut
1083 3533 1186 3568 non
1231 3518 1520 3584 praecipere
1544 3558 1558 3580 ,
1607 3524 1662 3568 ut
1699 3514 1798 3582 ipsi
1831 3528 1936 3566 uno
1983 3520 2182 3565 tantum
2214 3511 2265 3564 in

668 3609 788 3676 loco
816 3611 1076 3663 sacriﬁcia
1109 3610 1315 3674 ﬁerent,
1345 3626 1465 3663 cum
1493 3624 1589 3663 vos
1617 3624 1709 3677 per
1738 3622 1925 3660 omnes
1953 3604 2132 3658 mundi
2160 3605 2268 3672 pla-

667 3715 762 3769 gas
793 3710 935 3754 esset
973 3702 1312 3770 diSpersurus
1342 3719 1353 3752 :
1396 3709 1487 3752 aut
1525 3701 1569 3752 si
1609 3699 1822 3751 volebat
1851 3711 1945 3750 vos
1969 3712 2034 3749 eo
2069 3698 2117 3746 lu
2149 3695 2266 3747 loco

661 3792 973 3847 sacriﬁcare
1005 3801 1208 3845 tantum
1233 3836 1245 3851 ,
1288 3808 1392 3844 non
1440 3791 1669 3843 debebat
1699 3804 1793 3842 vos
1826 3803 1920 3856 per
1961 3789 2265 3840 universum

660 3885 854 3938 orbem
887 3885 1182 3955 dissipare,
1231 3899 1293 3937 ac
1320 3884 1487 3936 Solam
1522 3883 1665 3936 illam
1709 3881 1976 3934 civitatem
2026 3880 2264 3931 inacces-

658 3993 782 4032 sam
813 3977 1056 4044 reddere,
1090 3979 1140 4030 in
1169 3992 1272 4044 qua
1301 3977 1411 4028 sola
1441 3974 1685 4027 victimas
1705 3973 1937 4040 jusserat
1962 3970 2261 4024 immolare.

738 4071 841 4126 Cur
874 4071 1010 4125 Deus
1039 4072 1294 4138 sacriﬁcia
1333 4069 1530 4121 Judwis
1560 4067 1875 4137 pra'ceperit.
1905 4095 1974 4103 —
2001 4063 2137 4130 Quid
2166 4064 2263 4132 igi-

661 4164 785 4217 tur?
813 4171 892 4217 An
920 4179 1102 4216 secum
1134 4163 1265 4230 ipse.
1299 4161 1493 4228 inquis,
1529 4169 1726 4229 pugnat
1755 4158 1894 4212 Deus
1914 4197 1928 4220 ,
1960 4157 2047 4225 qui
2079 4171 2182 4208 uno
2212 4155 2262 4207 in

668 4256 787 4311 loco
817 4256 1104 4311 sacriﬁcari
1149 4255 1404 4322 jusserit,
1447 4261 1500 4306 et
1543 4267 1729 4304 rursus
1757 4251 1824 4302 ab
1856 4250 1957 4303 hoc
2003 4248 2117 4317 ipso
2148 4248 2264 4300 loco

664 4347 950 4402 excludat?
980 4345 1363 4414 Nequaquam,
1409 4344 1516 4396 imo
1558 4355 1878 4410 magnopere
1910 4339 2009 4391 sibi
2055 4345 2265 4390 constat

668 4441 806 4493 Deus
832 4454 845 4491 :
874 4453 1046 4507 neque
1068 4439 1208 4490 enim
1244 4436 1393 4488 initio
1417 4435 1518 4488 sibi
1544 4433 1754 4486 Volebat
1773 4430 1951 4485 offerri
1980 4430 2261 4492 sacriﬁcia.

666 4531 744 4584 En
765 4573 778 4594 ,
827 4531 999 4599 ipsum
1032 4528 1346 4598 prephetam
1375 4527 1582 4580 adduco
1610 4534 1835 4587 testem,
1868 4523 1955 4592 qui
1988 4522 2064 4576 sic
2093 4521 2265 4590 loqui-

663 4632 790 4676 tur:
831 4623 1016 4676 Audite
1051 4623 1264 4674 verbum
1297 4620 1536 4682 Domini,
1588 4618 1839 4687 principes
1880 4616 2221 4671 Sodomorum
2245 4657 2260 4681 ,

659 4713 908 4766 attendite
929 4713 1024 4783 legi
1052 4711 1144 4765 Dei
1165 4713 1311 4765 vestri
1334 4713 1552 4780 populus
1581 4708 1875 4762 COmor'r/ue
1901 4707 2050 4778 (Isrrt'.
2079 4709 2128 4762 i.
2152 4706 2261 4775 10).

663 4804 778 4862 Non
809 4803 875 4857 ad
905 4803 1210 4857 Sodomitas
1235 4813 1290 4857 et
1318 4801 1698 4857 Gomorrhseos
1721 4802 1881 4854 verba
1915 4799 2114 4853 faciens
2150 4799 2266 4852 hanc

663 4896 916 4966 loquitur,
962 4895 1058 4950 sed
1106 4895 1172 4950 ad
1217 4895 1452 4949 Judazos.
1500 4895 1590 4949 Sic
1638 4907 1818 4948 autem
1870 4893 2097 4964 appellat
2146 4893 2265 4947 illos

665 4989 840 5053 Deus,
873 4987 1015 5057 quod
1046 4988 1318 5040 imitantes
1360 4987 1570 5040 illorum
1603 4987 1894 5051 malitiam,
1925 4985 2025 5039 sibi
2064 4999 2264 5053 cogna-

666 5081 868 5134 tionem
915 5095 1035 5135 cum
1069 5079 1172 5133 illis
1219 5078 1554 5133 ascivissent.
1586 5078 1842 5133 Similiter
1881 5085 1934 5130 et
1960 5091 2119 5129 canes
2148 5076 2265 5130 illos

662 5172 896 5240 appellat
931 5170 1094 5240 (Isai.
1130 5172 1218 5226 56.
1252 5170 1365 5239 id),
1399 5181 1455 5225 et
1487 5186 1656 5240 equos
1683 5169 1992 5223 emissarios
2032 5166 2173 5239 (Jcr.
2207 5168 2263 5221 5.

663 5263 741 5332 8),
777 5278 881 5315 non
920 5263 1060 5332 quod
1092 5264 1302 5316 illorun.
1329 5271 1473 5317 esset
1504 5261 1882 5315 transformata
1916 5269 2135 5324 natura,
2169 5258 2264 5312 sed

663 5353 806 5422 quod
838 5353 1050 5407 illorum
1081 5353 1390 5406 animalium
1429 5353 1872 5406 incentinentiam
1903 5352 2260 5404 imitarentur.

666 5449 781 5512 Quo
829 5447 950 5500 milii
1003 5447 1381 5500 multitudinem
1425 5447 1742 5498 victimarum
1789 5444 2107 5498 vestrarum?
2143 5444 2264 5496 dicit

667 5541 917 5596 Dominus
946 5539 1097 5610 (lsai.
1136 5542 1187 5594 1.
1217 5540 1325 5610 tl).
1359 5539 1625 5594 Cancrum
1655 5538 1742 5608 qui
1775 5537 2025 5592 Sodomis
2057 5536 2266 5590 habita-

666 5634 814 5698 bant,
856 5649 1146 5703 numquam
1179 5632 1277 5686 visi
1308 5641 1432 5686 sunt
1467 5631 1746 5684 immolare
1770 5631 2049 5694 victimas,
2077 5631 2169 5684 sed
2197 5630 2264 5684 ad

665 5726 877 5782 Judzeos
904 5741 1085 5779 sermo
1130 5725 1218 5779 Dei
1256 5724 1523 5793 dirigitur,
1569 5722 1638 5775 ob
1679 5737 1893 5777 causam
1937 5738 2094 5793 quam
2127 5721 2264 5776 dixi.

663 5835 804 5888 tuus,
833 5818 1188 5875 Sodomorum
1218 5816 1533 5887 cognomina
1563 5815 1666 5870 illis
1691 5815 1947 5872 tribuens.
1986 5815 2098 5884 Quo
2128 5815 2258 5870 mihi

1426 381 1487 437 S.
1526 377 1805 436 JOANNIS
1840 377 2319 436 CIIRYSOSTOMI
2360 378 2676 436 ARClllEP.
2718 381 3258 440 CONSTANTINOP.

3879 383 3989 438 88D

2391 495 2768 550 multitudinem
2814 499 3131 551 victimarum
3173 498 3492 553 vestrarum?
3535 497 3657 551 dicit
3715 497 3987 552 Dominus.

2387 588 2582 641 Plenus
2616 607 2728 642 sum
2782 589 3202 644 Itolocantomatis
3231 590 3444 642 arietant
3465 633 3479 654 ,
3522 602 3568 643 et
3595 590 3799 657 adipem
3827 607 3992 659 agnu-

2385 696 2522 746 rum,
2550 691 2596 733 et
2626 682 2925 750 sanguinth
2954 692 3216 734 taurorum
3240 692 3327 733 aut
3349 682 3605 734 hircorum
3634 682 3794 734 nolo:
3827 697 3919 733 nec
3952 683 3994 732 si

2383 773 2594 825 veniatis
2629 774 2680 825 in
2702 783 3236 842 conspectum‘meum.
3273 773 3397 838 Quis
3423 773 3558 826 enim
3585 775 3854 844 exquisirit
3887 776 3994 825 [ire

2383 868 2554 918 omnia
2565 861 2627 913 de
2643 859 2882 912 manibus
2895 861 3074 913 vestris
3088 857 3241 928 (Isai.
3258 857 3279 910 l
3294 859 3341 912 ,1
3355 859 3374 911 l
3389 899 3402 911 .
3417 859 3582 928 seqq.)
3595 855 3999 911 ?Audistisela-

2384 957 2652 1011 rissimam
2682 971 2866 1011 vocem
2895 957 3184 1021 dicentem,
3214 959 3355 1026 quod
3385 955 3535 1010 initio
3563 971 3672 1009 non
3701 955 3992 1024 postularit

2384 1047 2498 1101 haec
2527 1048 2594 1101 de
2622 1048 2868 1102 manibus
2891 1048 3118 1101 vestris?
3149 1048 3358 1102 Etenim
3385 1047 3428 1099 si
3458 1047 3803 1116 postulaSset,
3840 1046 3992 1099 simi~

2385 1139 2506 1193 liter
2534 1149 2588 1192 et
2613 1141 2820 1208 priscos
2851 1140 2970 1194 illos
2995 1156 3206 1206 omnes,
3239 1140 3326 1209 qui
3361 1150 3485 1193 ante
3519 1139 3619 1192 hos
3647 1139 3990 1205 floruerunt,

2382 1232 2531 1301 prius
2562 1231 2628 1284 ad
2676 1232 2776 1286 hoc
2818 1233 2939 1285 vitae
2983 1232 3284 1286 institutum
3317 1231 3603 1302 adegisset.
3643 1232 3761 1298 Quo
3801 1232 3991 1301 igitur,

2385 1323 2583 1392 inquis,
2617 1324 2842 1378 consilio
2866 1323 2980 1378 huic
3004 1324 3163 1378 modo
3189 1324 3476 1393 praecepit?
3507 1323 3766 1377 Nimirum
3791 1334 3993 1377 vestra:

2384 1428 2589 1467 morem
2632 1429 2828 1484 gerens
2872 1415 3189 1468 inﬁrmitati.
3225 1415 3290 1468 Et
3322 1413 3774 1484 quemadmodum
3817 1413 3995 1468 medi-

2383 1517 2499 1567 cus,
2534 1504 2719 1557 videns
2749 1506 3020 1559 hominem
3050 1505 3460 1568 febricitantem,
3489 1520 3787 1568 morosum,
3819 1506 3995 1573 impa-

2382 1595 2626 1655 tientem,
2657 1595 2702 1648 si
2729 1597 3074 1663 concupiscat
3109 1595 3352 1665 frigidam
3383 1595 3600 1661 bibere,
3630 1610 3693 1649 ac
3723 1595 3990 1660 minetur,

2383 1685 2435 1738 ni
2462 1687 2719 1754 accipiat,
2754 1687 2911 1755 plane
2952 1686 3187 1741 futurum
3219 1699 3276 1741 ut
3315 1687 3400 1742 vel
3431 1703 3489 1741 se
3531 1686 3724 1756 laqueo
3752 1702 3992 1754 SttSpen-

2382 1775 2493 1842 dat,
2524 1778 2608 1831 vel
2632 1796 2661 1831 e
2687 1777 2900 1832 sublimi
2929 1794 2988 1832 se
3017 1779 3345 1846 prmcipitem
3371 1777 3482 1843 det,
3511 1778 3636 1830 dum
3663 1777 3846 1831 studet
3877 1793 3996 1829 ma-

2378 1871 2466 1939 jus
2496 1871 2781 1936 excludere
2813 1873 3046 1934 malum,
3081 1872 3341 1940 permittit
3364 1871 3506 1940 quod
3533 1872 3710 1924 minus
3741 1877 3855 1935 est,
3891 1885 3992 1923 cu-

2381 1965 2536 2032 piens
2576 1964 2722 2016 illurn
2764 1980 2791 2016 a
2831 1963 3067 2018 violenta
3108 1975 3280 2017 morte
3321 1977 3575 2017 revocare
3608 1980 3619 2015 :
3657 1964 3726 2016 ita
3768 1962 3900 2016 fecit
3940 1971 3996 2016 et

2383 2057 2545 2120 Deus,
2579 2056 2830 2124 quoniam
2858 2055 2986 2108 vidit
3015 2055 3134 2108 illos
3163 2055 3514 2118 insanientes,
3547 2055 3756 2119 anxios,
3781 2068 3994 2107 concu-

2380 2148 2647 2216 pisccntes
2678 2147 3013 2199 victimarum
3045 2147 3371 2200 oblationem
3398 2189 3411 2209 ,
3437 2148 3674 2215 jamque,
3711 2147 3810 2199 nisi
3843 2148 3996 2200 acci-

2383 2248 2569 2307 perent
2595 2237 2735 2306 quod
2766 2237 3175 2303 desiderabant,
3217 2247 3431 2306 paratos
3460 2248 3516 2290 ut
3541 2236 3605 2290 ad
3637 2237 3780 2293 idola
3811 2237 3994 2303 deﬂe-

2382 2339 2610 2394 ctereut,
2645 2333 2754 2385 imo
2781 2347 2884 2386 non
2913 2331 3086 2387 solum
3117 2341 3348 2400 paratos,
3379 2343 3562 2385 verum
3591 2333 3750 2386 etiam
3784 2350 3851 2386 eo
3875 2334 3994 2401 jam

2382 2423 2657 2491 prolapsos
2683 2442 2695 2474 :
2725 2423 2966 2491 permisit
2987 2422 3406 2477 immolationem
3430 2423 3786 2476 victimarum.
3810 2425 3997 2492 Atque

2380 2521 2436 2565 ut
2466 2515 2640 2579 scias,
2688 2514 2827 2566 hanc
2869 2512 3034 2566 fuisse
3066 2529 3319 2578 causam,
3362 2513 3446 2568 vel
3487 2530 3551 2568 ex
3593 2515 3709 2582 ipso
3741 2525 3997 2584 tempore

2379 2604 2682 2658 declaretur
2713 2604 2761 2657 id
2792 2604 2936 2674 quod
2967 2604 3107 2659 dico.
3137 2605 3410 2674 Siquidem
3440 2615 3560 2674 post
3588 2605 3804 2671 festum,
3837 2608 3994 2675 quod

2380 2694 2558 2763 impiis
2584 2695 2918 2748 dzr-monibus
2943 2695 3319 2760 celebrarunt,
3352 2707 3461 2749 tum
3494 2696 3708 2750 demum
3741 2698 3996 2766 permisit

2382 2785 2483 2839 illis
2517 2787 2910 2841 immolationes
2943 2788 3228 2856 pecudum,
3264 2797 3470 2842 tantum
3503 2804 3607 2842 non
3637 2789 3860 2844 dicens:
3901 2791 3993 2845 in-

2377 2875 2563 2930 sanitis
2584 2916 2599 2942 ,
2633 2886 2686 2930 et
2713 2877 2869 2931 vultis
2900 2878 3182 2933 immolare
3211 2879 3478 2944 victimas,
3514 2880 3676 2948 igitur
3714 2881 3847 2934 mihi
3882 2897 3991 2949 po-

2378 2969 2481 3022 tius
2513 2969 2822 3023 immoletis.
2853 2970 3187 3040 Quamquam
3219 2986 3286 3024 ne
3323 2970 3425 3024 hoc
3454 2972 3670 3040 quidem
3703 2973 3990 3040 permisit,

2376 3071 2434 3115 ut
2461 3073 2723 3130 perpetuo
2752 3065 2960 3129 liceret,
2993 3064 3087 3118 sed
3117 3065 3536 3133 prudentissimo
3559 3066 3807 3128 consilio,
3836 3067 3991 3135 quod

2378 3156 2738 3224 permiserat,
2773 3171 2960 3208 rursus
2999 3156 3212 3224 eripuit.
3248 3156 3314 3209 Et
3343 3156 3481 3209 sicut
3519 3155 3564 3208 si
3601 3155 3842 3210 medicus
3869 3157 3990 3222 ille,

2377 3248 2507 3301 nihil
2556 3249 2697 3301 enim
2733 3258 2878 3302 vetat
2908 3249 3099 3303 eodem
3141 3251 3391 3317 exemplo
3438 3248 3614 3302 denuo
3658 3247 3762 3309 uti,
3794 3259 3990 3318 postea

2376 3355 2532 3408 quam
2562 3338 2780 3393 indulsit
2808 3339 3068 3407 appetitui
3094 3340 3386 3393 laborantis
3407 3381 3420 3402 ,
3453 3355 3576 3392 mox
3609 3339 3785 3406 phiala
3815 3356 3846 3394 e
3871 3341 3991 3394 suis

2375 3432 2578 3485 a-dibus
2607 3433 2766 3484 allata
2794 3432 3120 3500 praescribat,
3150 3443 3206 3483 ut
3227 3444 3288 3484 ex
3316 3430 3413 3483 hac
3436 3431 3545 3484 sola
3573 3429 3716 3484 bibat
3743 3446 3944 3500 aquam
3971 3449 3984 3485 :

2374 3523 2568 3576 deinde
2611 3539 2869 3591 persuaso
2910 3534 3140 3592 mgroto,
3195 3523 3330 3576 clam
3384 3523 3448 3576 iis
3493 3522 3583 3591 qui
3633 3522 3984 3587 ministrant,

2376 3616 2648 3684 principiat
2693 3615 3029 3686 confringere
3079 3615 3312 3684 phialam
3355 3617 3528 3681 illam,
3577 3625 3632 3668 ut
3681 3632 3805 3669 eum
3841 3617 3984 3670 clam

2375 3706 2614 3774 nihilque
2641 3708 3002 3775 suspicantem
3027 3706 3296 3759 avocetab
3326 3706 3413 3758 illa
3440 3705 3730 3775 cupiditate
3758 3706 3982 3761 bibendi

2375 3796 2617 3865 frigidam
2652 3815 2663 3848 :
2699 3798 2881 3850 itidem
2925 3797 3044 3852 fecit
3094 3797 3237 3851 Deus
3287 3797 3647 3866 permittendo
3689 3798 3979 3851 sacriﬁcia.

2373 3887 2557 3956 Neque
2583 3889 2724 3941 enim
2760 3888 2810 3940 in
2845 3889 2951 3940 ullo
2972 3888 3118 3942 orbis
3149 3888 3267 3941 loco
3299 3888 3540 3956 permisit
3571 3887 3621 3940 id
3655 3887 3766 3940 ﬁeri
3795 3888 3898 3942 nisi
3925 3889 3980 3941 in

2373 3980 2492 4031 unis
2541 3978 2908 4050 Jerosolymis.
2955 3979 3078 4032 Mox
3105 3979 3191 4032 ubi
3219 3994 3313 4047 per
3341 3978 3508 4033 breve
3537 3989 3745 4046 tempus
3773 3976 3981 4030 sacriﬁ-

2375 4081 2586 4123 cassent
2611 4112 2625 4135 ,
2674 4071 2838 4124 diruit
2876 4070 3144 4123 civitatem
3178 4088 3190 4122 :
3235 4080 3294 4122 ut
3334 4069 3472 4123 sicut
3520 4069 3760 4122 medicus
3804 4067 3980 4121 fracto

2375 4178 2499 4216 vase
2521 4204 2533 4226 ,
2580 4163 2652 4215 ita
2686 4163 2826 4216 Deus
2857 4163 3111 4216 subversa
3142 4162 3356 4215 civitate
3385 4162 3466 4215 vel
3505 4161 3700 4215 invitos
3731 4161 3850 4214 illos
3878 4162 3980 4214 ab-

2370 4254 2589 4307 duceret
2611 4270 2638 4307 a
2665 4255 2911 4310 victimis.
2949 4254 3160 4306 Etenim
3187 4253 3230 4306 si
3252 4251 3397 4306 clare
3422 4253 3701 4322 palamque
3728 4253 3974 4319 dixisset,

2371 4345 2636 4411 desistite,
2670 4362 2774 4399 non
2790 4346 2944 4399 facile
2959 4345 3024 4399 ab
3050 4345 3355 4399 immolandi
3385 4347 3589 4399 insania
3617 4346 3972 4400 destitissent.

2369 4434 2520 4489 Nunc
2550 4446 2727 4493 autem
2759 4437 2858 4491 loci
2886 4437 3118 4507 adempti
3143 4437 3481 4503 necessitate,
3511 4437 3811 4491 clanculum
3855 4437 3976 4490 illos

2370 4525 2591 4580 abduxit
2633 4528 2701 4582 ab
2751 4528 3078 4581 oblatinnum
3126 4527 3351 4582 insania.
3401 4526 3482 4581 Sit
3527 4527 3688 4596 igitur
3734 4526 3974 4580 medicus

2371 4621 2588 4689 quidem
2632 4621 2745 4689 ipse
2785 4621 2960 4687 Deus,
3005 4621 3178 4690 phiala
3218 4635 3348 4673 vero
3385 4619 3610 4681 civitas;
3646 4621 3713 4672 sit
3740 4630 3972 4688 mgrotus

2373 4712 2463 4765 ille
2491 4727 2736 4766 morosus
2761 4712 3068 4767 Judteorum
3101 4712 3329 4781 populus
3354 4728 3366 4762 :
3396 4710 3630 4779 denique
3659 4709 3843 4780 frigida
3874 4725 3971 4777 po-

2372 4803 2446 4856 tio
2473 4805 2541 4856 sit
2575 4804 2908 4857 victimarum
2945 4802 3223 4870 permissio
3263 4802 3670 4872 concessioque.
3700 4802 3969 4868 Quemad-

2375 4895 2592 4949 modum
2625 4897 2786 4965 igitur
2807 4895 3224 4952 medicusfracto
3237 4911 3362 4951 vase
3383 4907 3642 4965 aegrotum
3661 4896 3872 4950 cohibet
3903 4895 3972 4948 ab

2376 4987 2540 5041 intem
2551 4989 2755 5056 pestivo
2775 4988 2948 5058 frigidi
2968 5000 3122 5058 potus
3139 4990 3397 5059 appetitu,
3424 4989 3502 5043 sic
3520 4999 3573 5043 et
3594 4991 3754 5057 Deus,
3777 5003 3974 5045 eversa

2371 5081 2585 5136 civitate
2600 5082 2732 5150 ipsa,
2753 5082 2996 5150 adeoque
3018 5082 3253 5137 funditus
3271 5083 3469 5148 diruta,
3486 5094 3541 5135 ut
3565 5083 3806 5136 omnibus
3825 5081 3971 5137 facta

2371 5171 2440 5224 sit
2467 5173 2761 5241 inaccessa,
2789 5172 3003 5228 Judazos
3025 5189 3053 5226 a
3082 5174 3356 5227 sacriﬁciis
3379 5173 3619 5227 abduxit.
3651 5174 3779 5227 Nam
3799 5174 3840 5226 si
3869 5173 3973 5231 hoc

2372 5280 2478 5318 non
2527 5267 2751 5335 agebat,
2797 5281 2892 5321 cur
2937 5267 3249 5336 religionem
3292 5266 3434 5320 illam
3485 5266 3536 5319 in
3586 5282 3747 5320 unum
3793 5268 3976 5320 locum

2373 5355 2670 5422 conclusit,
2704 5355 2793 5424 qui
2825 5372 3087 5426 nusquam
3123 5372 3227 5409 non
3256 5365 3336 5409 est
3370 5372 3639 5423 praesens,
3673 5356 3760 5424 qui
3789 5356 3977 5424 implet

2374 5447 2659 5500 universa?
2690 5448 2795 5501 Cur
2822 5448 2983 5518 igitur
3008 5448 3208 5502 cultura
3240 5447 3450 5516 redegit
3487 5447 3554 5501 ad
3585 5448 3852 5510 victimas,
3890 5451 3971 5498 vi-

2371 5540 2563 5594 ctimas
2589 5540 2654 5593 ad
2684 5549 2889 5594 certum
2934 5541 3109 5595 locum
3134 5584 3146 5608 ,
3181 5541 3356 5595 locum
3385 5541 3451 5594 ad
3485 5551 3697 5609 tempus
3716 5583 3730 5602 ,
3762 5549 3975 5606 tempus

2371 5631 2436 5683 ad
2472 5647 2630 5684 unam
2662 5631 2933 5686 civitatem
2977 5633 3280 5694 contraxit,
3313 5647 3374 5684 ac
3405 5647 3593 5685 rursus
3623 5632 3757 5685 haue
3798 5628 3971 5696 ipsam

2371 5723 2641 5776 civitatem
2681 5723 2983 5777 subvertit?
3012 5722 3164 5776 Adde
3193 5722 3333 5792 quod
3376 5722 3570 5775 mirum
3604 5732 3685 5777 est
3711 5728 3763 5775 et
3791 5720 3971 5774 incre-

2375 5816 2536 5872 dibile
2558 5858 2571 5883 ,
2621 5825 2764 5873 totus
2796 5826 3061 5873 terrarum
3104 5816 3251 5873 orbis
3281 5813 3596 5872 conceditur
3624 5813 3852 5881 ludmis,
3883 5813 3976 5870 ubi
