4150 6352
194 430 308 491 $79

191 550 407 624 ἀρετήν
450 571 501 607 τι
539 552 679 625 μέγα
714 555 987 609 συντελεῖν
1016 556 1240 610 ἐδύνατο
1279 568 1328 621 ⁸,
1355 559 1478 611 οὔτε
1518 554 1785 623 καταλιμ-

189 640 483 709 πανόμενα
522 637 724 709 φαῦλον
764 641 987 709 ποιῆσαι
1040 640 1132 693 τὸν
1184 641 1478 694 σπουδαῖον
1516 642 1711 708 ἴσχυεν.
1751 636 1783 706 ἢ

195 724 435 792 μειῶσαί
466 742 516 776 τι
546 724 642 793 τῆς
670 727 727 777 ἐν
749 727 814 795 τῇ
844 724 989 796 ψυχῇ
1025 726 1364 793 φιλοσοφίας.
1397 718 1557 777 Οὗτοι
1579 721 1709 789 γοῦν
1741 723 1789 773 οἱ

192 808 262 875 τῇ
302 807 591 876 φιλοσοφία
612 807 719 860 τῶν
750 808 998 875 ἀγγέλων
1031 809 1435 879 ἐπιδειξάμενοι
1460 804 1789 876 ἐφαμίλλους

191 890 475 954 πολιτείας
503 893 594 943 ἐπὶ
612 892 735 961 γῆς,
768 893 923 945 οὐδὲν
950 893 1154 945 τούτων
1189 892 1586 953 ἐπιτελοῦντες,
1619 890 1679 941 οὑ
1707 888 1769 940 Ou

195 974 326 1025 σίαν
358 974 782 1039 καταϐαλόντες,
809 977 907 1045 οὐχ
941 977 1136 1047 ἑορτὴν
1168 978 1513 1047 τηρήσαντες
1538 1014 1552 1031 .
1594 972 1657 1024 ού
1703 988 1791 1041 νη-

195 1057 388 1109 στείαν
408 1058 665 1130 τοιαύτην
682 1060 1103 1130 ἐπιδειξάμενοι.
1125 1061 1295 1123 οὕτως
1316 1061 1519 1131 ἤρεσαν
1550 1057 1628 1126 τῷ
1648 1054 1787 1124 Θεῷ,

191 1142 277 1205 ὼς
312 1143 404 1195 καὶ
434 1143 605 1213 αὐτῆς
641 1142 1029 1214 περιγενέσθαι
1064 1142 1162 1215 τῆς
1192 1141 1430 1213 φύσεως,
1462 1143 1557 1195 καί
1586 1141 1681 1211 τήν
1714 1142 1791 1192 οἰ-

191 1225 473 1294 κουμένην
505 1224 723 1278 ἃπασαν
752 1228 839 1279 διὰ
868 1228 978 1279 τῶν
1009 1230 1089 1289 εἰς
1118 1227 1315 1289 αὐτοὺς
1358 1225 1684 1293 συμϐάντων
1711 1224 1790 1285 εἰς

191 1307 531 1375 θεογνωσίαν
561 1302 994 1365 ἐπισπάσασθαι.
1033 1312 1097 1364 Τί
1129 1311 1241 1382 γὰρ
1294 1312 1361 1364 ἂν
1412 1312 1525 1362 ἴσον
1578 1309 1790 1376 γένοιτο

188 1392 291 1445 τοῦ
329 1394 528 1463 Δαν.ήλ
554 1411 567 1457 ;
605 1396 656 1448 τί
683 1395 739 1448 δέ
767 1396 877 1449 τῶν
904 1395 1075 1467 τριῶν
1100 1392 1335 1458 παίδων,
1363 1394 1413 1447 οἳ
1443 1394 1501 1445 τὸ
1535 1394 1789 1463 μέγιστον

190 1475 255 1525 ὲν
306 1478 417 1537 τοῖς
447 1477 805 1545 Εὐαγγελίοις
845 1480 1243 1549 παράγγελμα,
1272 1478 1397 1556 ,καὶ
1425 1477 1534 1529 τῶν
1568 1476 1790 1543 ἀγαθῶν

190 1558 455 1611 ἁπάντων
489 1561 784 1625 κεφάλαιον
814 1562 1203 1632 προλαϐόντες,
1240 1561 1341 1632 ἤδη
1373 1561 1461 1613 διὰ
1485 1560 1593 1612 τῶν
1615 1559 1791 1628 έργων

191 1639 581 1707 ἐπεδείξαντο;
623 1644 873 1703 Μείζονα
902 1646 1009 1715 γὰρ
1038 1646 1283 1712 ταύτης,
1314 1645 1499 1713 φησὶν,
1551 1640 1792 1712 ἀγάπην

190 1727 404 1792 οὐδεὶς
431 1727 577 1796 ἔχει,
603 1729 704 1781 ἵνα
735 1745 823 1795 τις
860 1730 973 1797 τὴν
1006 1729 1224 1799 ψυχὴν
1260 1728 1447 1783 αὐτοῦ
1488 1726 1647 1793 ὑπὲρ
1672 1722 1793 1776 τῶν

191 1808 395 1876 φίλων
421 1811 609 1864 αὐτοῦ
639 1811 798 1879 θήσῃ
833 1812 882 1865 δ.
929 1812 1158 1865 Ἐκεῖνοι
1184 1812 1239 1865 δὲ
1270 1812 1367 1882 τὴν
1396 1810 1577 1880 ψυχὴν
1611 1808 1791 1861 αὐτῶν

190 1892 403 1963 ἔθηκαν
434 1895 570 1965 ὑπὲρ
622 1892 721 1947 τοῦ
758 1895 916 1947 Θεοῦ.
960 1897 1071 1948 Καὶ
1117 1896 1179 1948 ού
1222 1895 1312 1949 διά
1354 1893 1513 1946 τοῦτο
1568 1893 1726 1963 μόνον
1765 1901 1787 1929 ο

190 1975 521 2046 θαυμαστοὶ,
549 1979 664 2032 ἀλλ’
689 1981 769 2033 ὅτι
800 1981 921 2033 οὐδὲ
944 1983 1035 2034 ἐπὶ
1068 1980 1246 2051 μισθῷ
1273 1987 1379 2033 τινι
1402 1980 1561 2031 τοῦτο
1590 1978 1793 2047 ἐπρατ-

185 2076 308 2113 τον.
346 2065 443 2114 Διά
465 2062 623 2116 τοῦτο
650 2063 855 2131 ἔλεγον,
883 2066 965 2117 ὅτι
992 2068 1166 2119 Ἐστι
1198 2068 1341 2130 Θεὸς
1368 2065 1437 2117 ἐν
1455 2062 1532 2128 τῷ
1556 2060 1792 2130 οὐρανῷ

187 2142 456 2210 δυνατὸς
507 2146 826 2209 ἐξελέσθαι
860 2147 1048 2216 ἡμᾶς’
1105 2148 1202 2201 καὶ
1233 2148 1343 2201 ἐὰν
1367 2151 1475 2216 μὴ,
1518 2144 1793 2215 γνωστὸν

185 2225 353 2280 ἔστω
376 2243 494 2290 σοι,
513 2229 802 2293 βασιλεῦ,
834 2231 924 2285 ὅτι
957 2231 1077 2295 τοῖς
1093 2231 1247 2297 θεοῖς
1265 2246 1382 2285 σου
1411 2232 1483 2284 οὐ
1504 2230 1791 2296 λατρεύο-

180 2328 326 2380 per.
372 2313 627 2381 Ἀρκετὸν
657 2313 684 2353 ἀ
713 2317 843 2385 ἡμῖν
872 2318 1021 2368 ἐστιν
1055 2316 1083 2366 6
1117 2315 1326 2385 μισθὸς,
1366 2315 1551 2384 φησὶν,
1588 2314 1670 2365 ὅτι
1703 2311 1792 2363 διὰ

186 2395 286 2448 τὸν
316 2394 449 2449 Θεὸν
482 2397 925 2469 ἀποθνήσκομεν.
956 2398 1065 2453 Καὶ
1094 2399 1270 2454 ταῦτα
1299 2399 1539 2459 ἐποίουν,
1580 2399 1673 2451 καὶ
1705 2414 1791 2449 το-

189 2478 402 2550 σαύτην
429 2481 631 2552 ἀρετήν
653 2484 1049 2549 ἐπεδείκνυντο,
1086 2483 1237 2538 οὐδὲν
1273 2482 1380 2537 τῶν
1417 2481 1788 2553 νομιζομένων

186 2579 271 2615 πα
277 2580 414 2635 ρατη
423 2564 611 2633 ροῦντε
618 2584 666 2628 ς.

264 2722 341 2779 ς’.
361 2717 470 2767 Καὶ
483 2717 631 2779 τίνος
649 2717 857 2777 ἕνεκεν,
879 2718 1033 2788 φησὶ,
1058 2716 1231 2770 ταῦτα
1248 2715 1509 2780 ἐπέταξεν
1524 2715 1551 2767 6
1572 2714 1787 2777 Θεὸς,εἰ

188 2799 271 2870 μὴ
295 2799 544 2854 ἐϐούλετο
560 2802 805 2869 γίνεσθαι
826 2819 841 2867 ;
873 2804 980 2855 Καὶ
1003 2804 1051 2854 εἰ
1080 2801 1332 2855 ἐϐούλετο
1352 2798 1621 2867 γίνεσθαι,
1647 2797 1789 2861 τίνος

182 2877 285 2935 οῦν
313 2882 498 2936 ἕνεκεν
515 2885 610 2955 τὴν
636 2886 789 2938 πόλιν
814 2903 908 2938 σου
936 2886 1202 2939 κατέλυσε
1224 2888 1407 2951 ;Δυοίν
1435 2885 1544 2953 γάρ
1561 2882 1788 2952 θάτερον

184 2967 361 3037 ἐχρῆν
393 2971 568 3021 ποιεῖν
614 2970 800 3031 αὑτὸν,
846 2970 1168 3041 βουλόμενον
1203 2971 1343 3024 αύτά
1394 2967 1661 3039 μένειν,ἢ
1713 2969 1787 3038 μὴ

182 3050 450 3104 κελεῦσαι
470 3053 538 3105 ἐν
570 3052 650 3105 ἐνὶ
668 3054 815 3123 τόπῳ
842 3053 1009 3114 θύειν,
1032 3052 1309 3123 πανταχοῦ
1340 3054 1437 3122 τῆς
1462 3052 1789 3121 οἰκουμένης

186 3135 462 3206 μέλλοντα
491 3138 830 3207 διασπείρειν
862 3140 1027 3209 ὑμᾶς,
1057 3139 1090 3208 ἢ
1119 3137 1442 3208 βουλόμενον
1490 3137 1634 3206 ὑμᾶς
1673 3137 1792 3188 ἐκεῖ

182 3220 343 3272 θύειν
375 3220 555 3290 μόνον,
599 3220 751 3293 [624]
792 3221 867 3293 μὴ
896 3221 1173 3290 πανταχοῦ
1198 3220 1297 3289 τῆς
1320 3219 1647 3290 οἰκουμένης
1676 3219 1792 3272 δια-

184 3305 415 3375 σπεῖραι
452 3306 543 3358 καὶ
573 3305 742 3376 μόνην
773 3305 989 3376 ἐκείνην
1022 3306 1121 3376 τὴν
1154 3305 1308 3357 πόλιν
1333 3304 1560 3374 ποιῆσαι
1589 3303 1790 3356 ἄϐατον

184 3388 247 3439 ἐν
343 3388 479 3461 μόνῃ
499 3387 599 3459 τὴν
627 3388 820 3443 θυσίαν
853 3388 1225 3460 ἀναφέρεσθαι
1254 3389 1443 3459 ἐχρῆν.

262 3530 332 3583 Τί
343 3525 471 3603 οῦν;
499 3531 675 3602 ἐαυτῷ
696 3532 949 3602 μάχεται,
975 3532 1130 3603 φησὶ,
1158 3532 1318 3586 θῦσαι
1343 3532 1443 3605 μὲν
1466 3534 1523 3585 ἐν
1543 3534 1622 3587 ἐνί
1638 3533 1789 3604 τόπῳ

184 3615 478 3679 κελεύσας,
505 3616 666 3669 αὑτὸν
698 3616 754 3669 δὲ
786 3618 947 3670 πάλιν
974 3618 1307 3680 ἀποκλείσας
1330 3619 1422 3671 τὸν
1451 3618 1614 3671 τόπον
1641 3621 1787 3671 ἐκεῖ·

182 3715 282 3751 νον
304 3717 316 3758 ;
341 3698 626 3769 Οὐδαμῶς,
643 3699 779 3751 ἀλλά
796 3700 889 3753 καὶ
917 3700 1121 3771 σφόδρα
1140 3700 1316 3769 ἑαυτῴ
1345 3704 1642 3771 συμφωνεῖ·
1670 3702 1790 3754 ούδέ

183 3781 464 3851 γὰρπαρὰ
488 3783 585 3852 τήν
598 3781 771 3852 ἀρχὴν
792 3784 920 3853 ὑμῖν
938 3781 1119 3836 δοῦναι
1135 3783 1233 3845 τάς
1252 3783 1443 3846 θυσίας
1465 3784 1724 3853 ἠϐούλετο
1742 3794 1785 3823 ο·

183 3867 289 3921 καὶ
324 3866 512 3918 τούτου
556 3866 718 3919 αὑτὸν
766 3866 856 3919 τὸν
892 3868 1179 3937 προφήτην
1228 3868 1465 3938 παράγω
1510 3868 1787 3941 μάρτυρα,

183 3952 419 4017 λέγοντα
454 3948 628 4012 οὕτως
647 3965 661 3979 ⁸
702 3951 1020 4005 Ἀκούσατε
1052 3952 1240 4021 λόγον
1273 3952 1527 4019 Κυρίου,
1569 3952 1789 4022 ἄρχον..

184 4050 293 4098 τες
313 4032 594 4101 Σοδόμων
612 4048 626 4062 ’
657 4033 989 4102 προσέχετε
1014 4034 1206 4103 νόμον
1240 4034 1388 4088 Θεοῦ
1415 4035 1604 4104 ὑμῶν,
1639 4036 1790 4102 λαὸς

184 4117 535 4185 Γομόρραςο
559 4116 622 4169 οὐ
652 4117 787 4187 πρὸς
816 4118 1107 4187 Σοδομίτας
1140 4117 1234 4170 καὶ
1258 4120 1383 4181 τοὺς
1413 4120 1472 4171 ἐν
1489 4120 1790 4191 Γομόρροις

185 4197 483 4262 οἰκοῦντας
510 4198 914 4269 διαλεγόμενος,
936 4201 1074 4268 ἀλλά
1102 4201 1239 4273 πρὸς
1283 4201 1589 4265 Ἰουδαίους.
1621 4202 1792 4255 Καλεῖ

182 4281 250 4334 δὲ
283 4281 481 4344 αὐτοὺς
510 4281 704 4345 οὕτως,
732 4283 922 4355 ἐπειδὴ
962 4287 1027 4355 τῇ
1064 4286 1177 4355 τῆςικ
1205 4285 1403 4347 κακίας
1433 4286 1664 4357 μιμήσει
1691 4288 1791 4357 τήν

186 4364 334 4435 πρὸς
372 4364 614 4428 ἐκείνους
646 4367 1030 4420 ἐπεσπάσαντο
1060 4370 1401 4437 συγγένειαν.
1451 4368 1606 4421 Οὕτω
1658 4370 1790 4437 γοῦν

188 4448 294 4501 καὶ
321 4448 489 4511 κύνας
520 4448 695 4515 καλεῖ,
730 4451 823 4503 καὶ
850 4450 1051 4513 ἵππους
1082 4450 1435 4523 θηλυμανεῖς,
1466 4454 1566 4508 οὐκ
1602 4455 1789 4527 ἐπειδὴ

186 4532 335 4603 πρὸς
359 4531 459 4603 τὴν
511 4531 673 4602 φύσιν
732 4533 959 4587 ἐκείνων
1014 4537 1323 4606 μετέπεσαν
1368 4538 1411 4603 τ,
1452 4539 1566 4591 ἀλλ’
1604 4540 1791 4611 ἐπειδὴ

186 4615 297 4685 τὴν
322 4614 430 4667 τῶν
452 4614 605 4679 ζώων
627 4616 833 4669 τούτων
861 4616 1117 4687 λαγνείαν
1146 4619 1389 4675 ἐδίωκον.
1417 4622 1478 4675 Τί
1505 4640 1607 4690 μοι
1636 4622 1793 4690 πλῆ-

186 4701 303 4765 θος
330 4698 448 4751 τῶν
475 4697 707 4753 θυσιῶν
738 4700 941 4771 ὐμῶν;
973 4702 1137 4771 λέγει
1170 4704 1407 4771 Κύριος.
1437 4706 1499 4758 Οἱ
1530 4706 1585 4759 δὲ
1620 4708 1677 4759 ἐν
1706 4707 1794 4759 Σο-

185 4780 381 4851 δόμοις
427 4781 683 4835 ούδέποτε
740 4784 1090 4854 ἀνεφάνησαν
1140 4785 1507 4857 ἀναφέροντες
1564 4788 1791 4851 θυσίας’

188 4862 337 4917 ἀλλά
367 4864 503 4935 πρὸς
526 4864 751 4929 τούτους
780 4868 808 4918 6
833 4867 990 4935 λόγος
1019 4869 1365 4923 ἀποτείνεται
1392 4870 1574 4923 καλῶν
1596 4872 1794 4934 αὐτοὺς

186 4946 308 5003 ἀπὸ
332 4946 428 5015 τῆς
458 4948 685 5001 ἐκείνων
713 4950 1053 5019 ἐπωνυμίας,
1080 4951 1170 5005 διὰ
1184 4951 1282 5023 τὴν
1308 4954 1489 5007 αἰτίαν
1519 4955 1586 5025 ἢν
1618 4950 1790 5008 εἶπον·

195 5031 265 5084 Τί
286 5046 389 5098 μοι
410 5030 644 5098 πλῆθος
685 5032 804 5084 τῶν
829 5032 1061 5087 θυσιῶν
1104 5035 1308 5105 ὑμῶν;
1346 5036 1509 5106 λέγει
1554 5041 1791 5108 Κύριος.

188 5113 449 5183 Πλήρης
469 5116 586 5184 εὶμί
624 5116 1141 5187 ὁλοκαυτωμάτων
1172 5119 1352 5188 κριῶν
1391 5130 1416 5168 ε
1440 5138 1453 5153 ⁸
1483 5122 1582 5175 καί
1610 5122 1795 5193 στέαρ

264 5268 292 5297 ⁸
316 5265 511 5315 Edimm
534 5266 695 5318 fuerat
720 5268 960 5317 ἐδύναντο.
987 5268 1122 5318 Enn.

257 5327 291 5369 δ
314 5327 410 5377 Alii
434 5331 509 5377 θῇ.

378 5331 410 5376 ii
434 5331 509 5377 θῇ.

263 5331 291 5461 ζ
314 5331 763 5461 ἒίὲῗι-ῗξεςὶρείμιιιε
786 5405 816 5441 e
838 5391 1042 5461 Savi_l_io.
1071 5393 1357 5457 Lngebatur
1380 5396 1524 5447 τοῦτο
1552 5400 1651 5461 μέν.
1680 5400 1773 5451 En.

262 5450 415 5523 d_A|ii
440 5450 618 5523 ἀρκῶν.
648 5452 703 5500 In
726 5455 1057 5523 sgqugplilg‘us
1080 5450 1253 5520 mavgna
1299 5461 1520 5509 codicum
1552 5450 1794 5523 \rarielas;

190 5518 395 5566 textum
418 5514 677 5562 refecimus
698 5526 726 5562 e
750 5514 950 5563 Sévilio.
976 5516 1111 5565 Enn.
1147 5514 1165 5538 ‘

258 5576 280 5597 ‘
309 5575 415 5623 Duo
438 5577 577 5623 codd.
593 5576 755 5632 θυσίας
776 5577 1192 5635 ἐϐούλετο,καὶότι
1215 5582 1303 5630 οὐκ
1324 5582 1561 5631 ἐϐούλετο.
1622 5581 1795 5634 Montf.

189 5636 452 5705 ἠϐούλετο.
484 5638 638 5705 Αύτὸν
657 5638 739 5685 τὸν
752 5654 842 5705 3p.
865 5639 1112 5705 Savilianka
1133 5647 1488 5705 expressimus.
1513 5646 1649 5693 Enrr.

270 5695 288 5733 ἲ
316 5695 415 5745 Alii
446 5699 724 5766 μετέπεσον.
752 5695 1043 5766 Ρρμιο-ροεί
1067 5695 1218 5751 ΞενΗῖ
1245 5710 1297 5753 et
1318 5704 1507 5766 aliquot
1530 5721 1644 5754 mss.
1670 5711 1797 5757 scri-

192 5764 401 5825 p_tur_a_rq
422 5761 721 5825 recgpimqs.
754 5760 836 5809 ubi
882 5762 1051 5825 Momf.
1078 5776 1139 5811 ex
1191 5760 1417 5824 Metello;
1464 5770 1641 5825 θυσίας·
1673 5771 1795 5820 ἀλλὰ

193 5818 488 5886 @1636on
506 5818 803 5886 ἀποτείνεται
821 5825 937 5886 πρὸς
966 5823 1219 5883 Ἰουδαίους
1242 5829 1337 5877 ἀπὸ
1356 5818 1440 5886 τῆς
1461 5830 1533 5879 ἐκ.
1561 5818 1693 5882 Εόιτ.

264 5881 293 5920 Ι
326 5880 549 5941 Quatuor
572 5895 689 5933 mss.
710 5880 1030 5948 ὁλοκαύτωμα
1045 5880 1209 5947 κριῶν.

1422 438 1463 492 Δ
1476 431 1795 493 ῡνιίῐιειε
1828 429 2141 495 JUDJZOS.
2186 438 2275 495 IV.

3398 438 3501 493 880

1894 553 2097 621 ἀρνῶν
2123 556 2221 609 καί
2252 550 2397 625 αἷμα
2433 556 2668 623 ταύρων
2687 556 2785 609 καὶ
2817 552 3049 625 τράγων
3078 552 3150 608 οὐ
3166 552 3494 622 ,ϐούλομαι⁸

1892 639 2035 690 οὐδὲ
2058 639 2168 691 ἐὰν
2184 640 2449 707 ἕρχησθε
2479 636 2745 710 ὀφθῆναί
2764 659 2885 709 μοι.
2918 642 3014 705 Τίς
3043 640 3154 708 γὰρ
3170 636 3497 707 ἐξεζήτησε

1892 721 2079 774 ταῦτα
2116 723 2314 775 πάντα
2338 724 2405 776 ἐκ
2438 724 2564 777 τῶν
2595 723 2811 793 χειρῶν
2840 722 3044 792 ὐμῶνς
3076 726 3355 783 Ἤκουσας
3396 739 3494 773 σα-

1894 806 2168 875 φεστάτης
2203 810 2386 877 φωνῆς
2423 802 2723 877 λεγούσης,
2770 809 2852 861 ὅτι
2886 808 2986 861 οὐκ
3021 805 3265 876 ἐξεζήτει
3318 804 3496 857 ταῦτα

1894 889 2021 959 παρ’
2059 886 2213 959 ὑμῶν
2237 891 2388 961 παρὰ
2417 890 2517 960 τὴν
2550 893 2725 963 ἀρχήν
2751 893 2847 957 ;Ἐί
2874 890 2983 961 γὰρ
3006 889 3180 943 ταῦτα
3209 888 3493 957 ἐπεζήτει,

1894 972 1986 1022 καὶ
2017 973 2145 1035 τοὺς
2178 973 2443 1036 παλαιοὺς
2478 976 2685 1037 πάντας
2735 976 2861 1037 τοὺς
2906 972 3010 1044 πρὸ
3032 971 3213 1025 αὐτῶν
3246 969 3494 1040 λάμψαν-

1893 1072 1991 1116 τας
2013 1056 2039 1093 h
2071 1054 2321 1127 πρώτους
2344 1050 2409 1110 ἂν
2440 1060 2520 1120 εἰς
2543 1058 2748 1127 ταύτην
2776 1059 3039 1127 εἰσήγαγε
3070 1056 3169 1126 τὴν
3192 1053 3487 1106 πολιτείαν·

1896 1137 2020 1200 Πῶς
2050 1135 2143 1191 οῦν
2175 1141 2317 1209 ἄρτι.
2356 1141 2540 1209 φησὶν,
2572 1142 2871 1212 ἐπέτρεψε;
2897 1143 2973 1211 Τῇ
2998 1138 3253 1208 ἀσθενείᾳ
3279 1140 3345 1207 τῇ
3364 1137 3493 1206 ὑμε·

1893 1220 2028 1289 τέρα
2062 1223 2535 1287 συγκαταϐαίνων.
2594 1226 2701 1277 Καί
2746 1224 2997 1292 καθάπερ
3041 1221 3254 1293 ἰατρὸς,
3285 1218 3493 1289 πυρέτ-

1893 1319 2054 1355 τοντα
2090 1303 2233 1373 ὁρῶν
2268 1304 2575 1376 ἄνθρωπον,
2608 1307 2938 1378 δυσάρεστόν
2967 1323 3090 1358 τινα
3116 1306 3209 1357 καὶ
3247 1300 3490 1372 ἀκαρτέ-

1896 1404 2076 1457 ρητον,
2105 1388 2478 1459 ἐπιθυμοῦντα
2508 1391 2899 1461 ψυχροποσίας,
2933 1392 3028 1443 καλ⁹
3060 1386 3408 1449 ἀπειλοῦντα,
3442 1386 3493 1437 εί

1898 1471 1972 1541 μὴ
2004 1470 2179 1537 λάϐοι,
2210 1472 2402 1543 βρόχον
2438 1474 2698 1543 ἀνάψειν,
2743 1474 2776 1545 ἢ
2816 1474 2957 1527 κατά
2988 1471 3252 1542 κρημνῶν
3297 1468 3493 1522 ἐαυτὸν

1892 1553 2145 1624 ἀφήσειν,
2179 1555 2238 1607 τὸ
2288 1555 2473 1625 μεῖζον
2507 1556 2829 1627 βουλόμενος
2882 1555 3127 1608 κωλῦσαι
3184 1552 3375 1615 κακὸν,
3429 1550 3494 1604 τὸ

1894 1634 2115 1689 ἔλαττον
2175 1636 2381 1701 δίδωσι,
2439 1638 2767 1709 βουλόμενος
2811 1639 2988 1709 βιαίου
3026 1636 3288 1705 τελευτῆς
3327 1632 3492 1687 αὐτὸν

1893 1718 2204 1787 ἀπαγαγεῖν
2244 1723 2260 1761 ί
2287 1737 2301 1749 ·
2334 1721 2477 1773 οὕτω
2504 1722 2567 1793 δὴ
2604 1723 2699 1776 καὶ
2723 1724 2750 1774 ό
2781 1722 2914 1783 Θεὸς
2948 1721 3226 1791 ἐποίησεν.
3272 1716 3492 1786 Ἐπειδὴ

1893 1802 2000 1875 γάρ
2029 1802 2168 1856 εἶδεν
2221 1806 2604 1876 μαινομένους,
2668 1806 3028 1875 ἀγχομένους,
3086 1802 3492 1870 ἐπιθυμοῦντας

1894 1885 2116 1946 θυσιῶν,
2152 1889 2732 1957 παρεσκευασμένους,
2767 1890 2816 1939 εἰ
2861 1890 2934 1958 μὴ
2967 1887 3213 1948 λάϐοιεν,
3250 1884 3385 1953 πρὸς
3424 1881 3493 1933 τὰ

1894 1968 2089 2021 εἴδωλα
2107 1969 2501 2041 αὐτομολῆσαι,
2533 1971 2812 2041 μᾶλλονδὲ
2846 1973 2906 2023 ού
2939 1966 3494 2041 παρεσκευασμένους

1898 2052 2078 2120 μόνον,
2112 2052 2247 2105 ἀλλά
2280 2054 2375 2106 καὶ
2404 2054 2897 2125 αὐτομολήσαντας.
2920 2055 3043 2123 ἤδη.
3082 2050 3349 2122 ἐπέτρεψε
3391 2048 3493 2109 τὰς

1896 2135 2102 2197 θυσίας.
2126 2136 2234 2188 Καί
2259 2138 2338 2188 ὃτι
2369 2136 2505 2208 αῦτη
2533 2138 2680 2189 ἐστὶν
2710 2137 2934 2207 ήαίτία,
2965 2137 3058 2188 καί
3093 2134 3186 2188 ἀπ’
3209 2130 3375 2185 αὑτοῦ
3396 2130 3491 2183 τοῦ

1894 2220 2087 2289 χρόνου
2110 2221 2308 2288 γένοιτ’
2338 2222 2402 2272 ἂν
2432 2222 2741 2290 καταφανὲς
2766 2221 2825 2273 τὸ
2851 2220 3163 2289 λεγόμενον.
3199 2217 3355 2271 Μετὰ
3382 2215 3494 2285 γὰρ

1892 2306 1991 2375 τὴν
2020 2307 2235 2376 ἑορτὴν,
2290 2307 2356 2375 ἣν
2388 2306 2719 2358 ἐπετέλεσαν
2778 2307 2890 2367 τοῖς
2932 2306 3194 2373 πονηροῖς
3248 2301 3492 2370 δαίμοσι,

1892 2389 2013 2441 τότε
2047 2389 2147 2451 τὰς
2181 2388 2372 2452 θυσίας
2399 2390 2689 2460 ἐπέτρεψε,
2739 2388 3024 2458 μονονουχί
3048 2386 3224 2453 λέγων
3244 2401 3259 2416 ο
3290 2384 3493 2437 Μαίνε-

1895 2470 1987 2523 σθε
2011 2472 2107 2525 καὶ
2135 2472 2391 2541 βούλεσθε
2421 2472 2569 2523 θύειν
2588 2489 2602 2505 ο
2628 2471 2825 2524 οὐκοῦν
2852 2471 2956 2523 κᾶν
2984 2471 3107 2539 ἐμοὶ
3140 2466 3320 2521 θύετε.
3347 2464 3493 2518 Ἀλλ’

1892 2557 2042 2625 ὅμως
2076 2556 2353 2609 καὶτοῦτο
2381 2556 2683 2627 ἐπιτρέψας
2715 2556 2776 2608 ού
2813 2556 2976 2625 μέχρι
3016 2552 3205 2614 τέλους
3254 2551 3491 2620 ἀφῆκεν,

1892 2640 2029 2693 ἀλλά
2056 2640 2145 2691 διὰ
2175 2642 2275 2711 τῆς
2310 2641 2631 2711 σοφωτάτης
2690 2640 2915 2711 μεθόδου
2970 2637 3136 2691 πάλιν
3181 2638 3492 2705 ἀπήγαγεν.

1894 2727 2003 2779 Καὶ
2028 2726 2279 2797 καθάπερ
2309 2728 2336 2779 6
2362 2726 2543 2797 ἰατρὸς
2589 2727 2795 2788 ἐκεῖνος
2820 2723 3003 2794 (οὐδὲν
3042 2722 3151 2792 γὰρ
3192 2714 3497 2789 κωλύειτῴ
3540 2745 3551 2753 -

1894 2808 2043 2879 αὐτῷ
2090 2809 2499 2879 παραδείγματι
2543 2808 2704 2881 [695}
2732 2806 3046 2878 χρήσασθαι
3072 2803 3288 2875 πάλιν),
3336 2818 3497 2873 χαρι-

1896 2891 2132 2962 σάμενος
2167 2895 2234 2963 τῇ
2284 2892 2555 2964 ἐπιθυμίᾳ
2610 2893 2702 2945 τοῦ
2744 2893 3080 2961 κάμνοντος,
3121 2887 3322 2956 φιάλην
3346 2886 3496 2937 οἴκο-

1894 2974 1986 3029 θεν
2035 2976 2273 3045 κομίσας
2312 2976 2603 3029 ἐκέλευσεν
2647 2978 2705 3029 ἐν
2744 2975 2916 3045 ταύτῃ
2966 2973 3104 3045 μόνῃ
3152 2972 3253 3040 τῆς
3286 2969 3495 3039 ψυχρο-

1893 3059 2089 3121 ποσίας
2128 3058 2457 3123 ἀπολαύειν,
2511 3060 2603 3113 καὶ
2652 3058 2746 3111 τοῦ
2781 3058 3083 3129 κάμνοντος
3133 3053 3449 3115 πεισθέντος
3478 3092 3497 3117 ,

1892 3141 2069 3212 λάθρα
2096 3145 2207 3205 τοῖς
2237 3142 2534 3195 ἐπιδιδυῦσι
2560 3141 2866 3214 προσέταξε
2901 3138 3193 3210 συντρῖψαι
3225 3136 3325 3207 τῆν
3366 3136 3498 3203 φιά-

1892 3224 1991 3294 λην
2018 3224 2208 3295 αὐτὴν,
2241 3226 2330 3279 ῐνα
2362 3227 2691 3289 ἀνυπόπτως
2724 3226 2820 3278 καί⁵
2852 3224 3132 3295 λαθραίως
3187 3220 3353 3273 αὑτὸν
3389 3223 3499 3270 ἀπ-

1892 3309 2077 3382 αγάγῃ
2092 3309 2191 3379 τῆς
2216 3310 2514 3379 ἐπιθυμίας
2535 3310 2751 3380 ἐκείνης
2772 3325 2785 3337 '
2810 3307 2954 3360 οὕτω
2979 3307 3073 3361 καὶ
3093 3308 3120 3359 6
3143 3304 3276 3367 Θεὸς
3301 3305 3497 3373 ἐποίη-

1894 3409 1982 3450 σε.
2037 3384 2564 3463 θύεινἚπιτρέψας,
2618 3395 2674 3445 ἐν
2726 3391 2904 3444 οὐδενὶ
2941 3388 3163 3461 [ἑτέρῳ]
3198 3389 3350 3457 τόπῳ
3397 3386 3499 3456 τῆς

1892 3475 2221 3546 οἰκουμένης
2249 3476 2400 3528 εἴασε
2434 3475 2594 3528 τοῦτο
2617 3474 2887 3543 γίνεσθαι,
2928 3472 3044 3526 ἀλλ’
3070 3478 3127 3525 ἐν
3162 3475 3276 3534 τοῖς
3329 3470 3497 3540 Ἰερο-

1894 3558 2150 3627 σολύμοις
2187 3559 2369 3629 μόνον.
2405 3554 2539 3611 Εἶτα
2573 3556 2763 3628 ἐπειδὴ
2798 3558 2991 3629 χρόνον
3026 3556 3227 3608 ἔθυσαν
3263 3552 3497 3624 βραχὺν,

1893 3641 2109 3695 καθεῖλε
2140 3644 2240 3711 τὴν
2286 3642 2442 3695 πόλιν
2467 3683 2482 3703 ,
2527 3643 2591 3694 ἵν’
2631 3640 2822 3711 ὥσπερ
2852 3644 2879 3694 6
2909 3639 3095 3709 ἰιτρὸς
3128 3639 3218 3691 διὰ
3269 3640 3363 3707 τῆς
3398 3636 3492 3689 τοῦ

1896 3727 2124 3788 σκεύους
2157 3726 2472 3796 συντριϐῆς,
2495 3724 2639 3778 οῦτω
2664 3726 2801 3779 καὶὸ
2822 3724 2955 3786 Θεὸς
2984 3724 3075 3777 διὰ
3098 3724 3195 3794 τῆς
3222 3738 3495 3775 κατασκα·

1895 3809 2003 3879 φῆς
2031 3809 2126 3877 τῆς
2155 3810 2296 3861 κατά
2317 3809 2416 3878 τὴν
2442 3809 2597 3861 πόλιν
2621 3809 2716 3860 καὶ
2741 3808 2974 3869 ἄκοντας
2996 3808 3195 3868 αὐτοὺς
3226 3805 3496 3876 ἀπαγάγῃ

1892 3892 1985 3944 τοῦ
2021 3891 2368 3962 πράγματος.
2402 3892 2465 3944 Εἰ
2496 3893 2606 3962 γάρ
2636 3891 2887 3962 φανερῶς
2918 3887 3075 3944 εἶπεν
3109 3888 3154 3948 i.
3187 3889 3490 3947 ἀπόστητε,

1892 3977 1993 4027 οὐκ
2026 3974 2091 4027 ἂν
2134 3976 2427 4045 ἠνέσχοντο
2468 3975 2666 4046 ῥαδίως
2708 3974 2811 4044 τῆς
2853 3976 2997 4027 κατά
3022 3966 3129 4043 ’τὴν
3160 3970 3353 4024 θυσίαν
3386 3987 3492 4039 μα-

1894 4060 2013 4120 νίας
2051 4053 2389 4128 ἀποστῆναι⁶
2437 4060 2555 4111 νυνὶ
2595 4058 2652 4111 δὲ
2681 4057 2815 4110 1ιδιὸι
2855 4058 2955 4128 τῆς
2999 4056 3143 4110 κατὰ
3189 4056 3282 4107 τὸν
3326 4053 3492 4105 τόπον

1892 4142 2141 4211 ἀνάγκης
2186 4140 2559 4203 λανθανόντως
2608 4141 2805 4203 αὐτοὺς
2835 4141 3091 4210 ἀπήγαγε
3118 4138 3217 4209 τῆς
3257 4136 3386 4208 περὶ
3429 4134 3497 4188 τὸ

1894 4225 2130 4294 πρᾶγμα
2162 4224 2581 4295 μανίας.Ἕστω
2600 4224 2779 4276 τοίνυν
2808 4226 2835 4277 6
2867 4224 2966 4294 μὲν
3004 4222 3188 4294 ἰατρὸς
3218 4224 3246 4275 ὁ
3278 4218 3430 4283 Θεὸς,

1896 4308 2059 4378 φιάλη
2087 4309 2143 4360 δὲ
2175 4310 2206 4378 ή
2240 4308 2413 4371 πόλις,
2443 4310 2470 4360 ὁ
2494 4308 2551 4361 δὲ
2579 4308 2750 4360 νοσῶν
2794 4310 2823 4361 6
2850 4308 3182 4379 δυσάρεστος
3210 4304 3320 4357 τῶν
3355 4304 3493 4358 ἰου-

1893 4391 2059 4443 δαίων
2084 4391 2277 4461 δῆμος,
2383 4392 2439 4444 δὲ
2467 4392 2815 4463 ψυχροποσία
2848 4395 2881 4463 ή
2907 4392 3016 4444 τῶν
3048 4390 3251 4444 θυσιῶν
3278 4390 3505 4463 ἐπιτρο-

1896 4474 1972 4545 πὴ
2006 4474 2102 4526 καὶ
2124 4475 2582 4547 ἐξουσία.Ὢσπερ
2611 4473 2704 4530 οὖν
2731 4478 2759 4530 6
2792 4477 2975 4548 ίατρὸς
2998 4480 3179 4545 ἵστησι
3200 4476 3300 4544 τῆς
3324 4473 3491 4527 ἀκαί-

1900 4577 1993 4630 ρου
2022 4558 2227 4629 ταύτης
2255 4560 2522 4630 αἰτήσεως
2552 4562 2643 4615 τὸν
2676 4562 2968 4632 ἄρρωστον.
3011 4561 3072 4612 τὸ
3125 4558 3319 4620 σκεῦος
3351 4558 3507 4625 ἀφα-

1896 4644 2049 4705 νίσας
2075 4659 2086 4669 ·
2135 4642 2278 4695 οὕτω
2310 4643 2405 4695 καί⁷
2434 4646 2463 4695 6
2490 4644 2623 4708 Θεὸς
2667 4645 2777 4697 τῶν
2821 4644 3022 4697 θυσιῶν
3064 4644 3341 4712 ἀπήγαγε,
3390 4642 3493 4711 τὴν

1897 4725 2050 4778 πόλιν
2083 4726 2253 4796 αὐτὴν
2278 4725 2541 4791 καθελὼν,
2567 4729 2662 4780 καί⁵
2696 4729 2928 4798 ποιήσας
2957 4728 3128 4796 αὐτὴν
3157 4725 3357 4778 ἄϐατον
3387 4724 3494 4776 πᾶ-

1898 4827 2003 4862 σιν.
2030 4810 2094 4861 Εἰ
2125 4810 2233 4878 γάρ
2283 4810 2357 4880 μὴ
2402 4809 2561 4863 τοῦτο
2594 4812 3003 4865 κατασκευάσαι
3045 4809 3315 4871 ἐϐούλετο,
3348 4808 3506 4869 τίνοςῑ

1897 4893 2083 4945 ’ἐνεκεν
2123 4896 2203 4955 εἰς
2246 4894 2409 4946 τόπον
2465 4895 2563 4947 ’ένα
2606 4895 2917 4947 συνέκλεισε
2948 4892 3048 4960 τὴν
3076 4892 3335 4961 τοιαύτην
3365 4892 3491 4957 ἀγι-

1900 4977 2105 5037 στείαν,
2142 4977 2169 5027 6
2210 4977 2484 5046 πανταχοῦ
2520 4977 2714 5049 παρὼν
2760 4978 2853 5030 καί⁵
2893 4976 2962 5030 τά
3007 4977 3184 5029 πάντα
3225 4974 3449 5046 πληρῶν
3477 4990 3503 5037 ς

1898 5058 2057 5121 Τίνος
2094 5058 2150 5111 δὲ
2176 5059 2361 5111 ἕνεκεν
2394 5059 2491 5131 τήν
2518 5062 2615 5129 μέν
2654 5059 2913 5132 λατρείαν
2945 5062 3024 5123 εἰς
3059 5060 3269 5121 θυσίας,
3300 5060 3397 5119 τάς
3436 5056 3505 5109 δὲ

1900 5140 2091 5203 θυσίας
2124 5144 2203 5204 εἰς
2228 5142 2414 5203 τόπον,
2442 5144 2533 5196 τὸν
2554 5144 2610 5195 δὲ
2632 5144 2802 5197 τόπον
2828 5146 2907 5207 εἰς
2938 5143 3152 5213 καιρὸν,
3183 5143 3273 5195 τὸν
3296 5143 3349 5193 δὲ
3371 5158 3484 5194 και-

1902 5224 1993 5295 ρὸν
2023 5226 2103 5287 εἰς
2140 5224 2269 5295 μίαν
2301 5225 2453 5278 πόλιν
2495 5225 2841 5295 συναγαγὼν,
2879 5226 3051 5297 αὐτὴν
3085 5226 3248 5278 πάλιν
3278 5224 3501 5293 ἐκείνην

1898 5306 1995 5377 τὴν
2024 5307 2179 5360 πόλιν
2209 5309 2562 5378 κατέσκαψε;
2590 5311 2704 5363 Καὶ
2734 5310 2796 5363 τὸ
2823 5310 2887 5380 δὴ
2918 5308 3231 5379 θαυμαστὸν
3264 5310 3356 5361 καὶ
3388 5326 3499 5360 πα·-

1901 5389 2210 5461 ράδοξον,ή
2265 5392 2362 5462 μὲν
2408 5392 2707 5463 οἰκουμένη
2752 5394 2901 5445 πᾶσα
2951 5393 3160 5445 ἀνεῖται
3209 5395 3321 5455 τοῖς
3365 5393 3495 5443 Ἰου-

1964 5520 1993 5560 Ῑι
2026 5522 2201 5571 Morel.
2243 5522 2354 5579 τοὺς
2392 5525 2505 5586 παρ’
2551 5525 2683 5586 αὖτῷ
2714 5524 3024 5587 Ῠλάμψαντας,
3080 5530 3182 5573 tres
3228 5538 3342 5573 nm.
3385 5526 3503 5580 τοὺς

1898 5587 2011 5647 παρ’
2055 5586 2213 5651 αὐτῶν
2256 5586 2551 5651 λ-όιμψαπας,
2593 5586 2745 5635 Savil.
2789 5586 2899 5643 τοὺς
2940 5589 3034 5651 πρὸ
3070 5588 3229 5636 αὐτῶν
3276 5590 3478 5649 λάμψαν-

1898 5645 2000 5708 τας,
2026 5653 2077 5695 el
2097 5646 2169 5708 sic
2193 5645 2587 5708 legit'lirasmus.

1967 5707 1983 5745 ί
2017 5707 2797 5773 ζΑΙίί-δίδωσιβουλόμενοςτσῖίςτοῦ
2820 5710 2925 5773 βίου
2947 5714 3168 5767 τελευτῆς
3191 5710 3333 5757 αὐτὸν
3343 5708 3494 5770 ἀπαγ.

1968 5781 1982 5834 ξ
2117 5771 2266 5834 Savil.
2291 5768 2357 5817 AI
2382 5768 2557 5834 Μοίρι.
2581 5770 2742 5828 ἐπειδή
2769 5768 2859 5834 γᾶρ
2879 5775 3089 5834 φανερῶς
3123 5773 3244 5831 εἶπε,
3271 5774 3416 5834 male,

1966 5831 1992 5869 Ιί
2021 5831 2177 5896 νει-ω
2203 5836 2288 5888 τῆς
2304 5830 2430 5896 κατά
2448 5830 2858 5896 πόλινμηνυνὶςδέ,
2885 5830 3007 5896 Qua!
3024 5834 3195 5884 Momf.
3218 5830 3311 5882 non
3337 5831 3492 5880 habe-

1900 5890 1999 5952 bal,
2026 5892 2166 5941 nobis
2189 5892 2523 5953 suppeditavit
2546 5891 2699 5942 Savil.
2737 5894 2873 5944 Enn.
