4178 6324
190 415 292 471 881

188 534 262 588 tas
286 547 393 587 non
421 541 504 588 est
535 531 862 600 sacriﬁcari;
892 534 1063 589 solam
1092 523 1482 607 Jerosolymam
1513 537 1615 592 illis
1633 538 1784 594 adire

188 639 290 680 non
323 625 484 692 licet,
528 626 581 680 in
620 640 723 695 qua
752 626 869 681 sola
908 614 1371 682 licet‘immolare.
1400 628 1593 683 Annon
1623 624 1799 698 igitur

192 716 536 771 vehementer
560 717 724 771 etiam
747 717 957 771 stolidis
977 719 1180 773 clarum
1202 719 1649 790 perspicuumque
1671 732 1776 791 est,

184 818 339 873 quam
370 806 443 860 ob
467 819 685 859 causam
716 820 778 860 ea
814 805 1002 861 civitas
1028 806 1185 862 fuerit
1217 808 1512 863 subversa?
1538 810 1671 864 Nam
1702 811 1778 865 si-

182 904 271 947 cut
299 894 628 949 architectus
646 896 801 965 jactis
830 896 1210 963 fundamentis,
1241 898 1435 952 erectis
1464 898 1775 967 parietibus.

181 994 560 1040 concamerata
600 988 900 1051 testudine,
948 988 1169 1058 ipsaque
1209 992 1677 1046 concameratione
1720 993 1774 1046 in

182 1094 345 1132 unum
388 1081 620 1149 lapidem
662 1080 715 1134 in
752 1082 930 1136 medio
974 1083 1204 1149 positum
1248 1067 1525 1150 connexa,
1576 1086 1620 1140 si
1652 1102 1774 1140 eum

183 1170 366 1237 tollat,
421 1181 586 1226 totam
630 1168 838 1228 aediﬁcii
884 1189 1195 1244 compagem
1239 1176 1496 1231 solverit:
1530 1178 1777 1232 similiter

189 1265 332 1319 Deus
361 1279 486 1318 cum
514 1281 632 1319 eam
659 1266 931 1320 civitatem
976 1265 1164 1321 fecerit
1190 1267 1341 1336 quasi
1378 1270 1579 1322 nodum
1614 1270 1775 1323 totius

183 1354 459 1423 religionis
488 1355 758 1420 Judaicaa,
800 1370 864 1409 ac
902 1370 1025 1409 mox
1063 1371 1180 1410 eam
1209 1359 1561 1424 subvertcrit,
1596 1373 1775 1413 nonne

183 1447 383 1517 pariter
408 1456 465 1501 et
494 1448 802 1502 universum
829 1449 948 1516 ejus
976 1458 1173 1503 statum
1204 1449 1489 1504 dissolvit?

248 1539 299 1591 'l.
346 1536 548 1591 Verum
602 1537 861 1592 hactenus
916 1538 1174 1594 adversus
1213 1540 1430 1595 Judmos
1481 1550 1771 1611 pugnatum

181 1638 316 1683 esto.
346 1628 483 1683 Nam
517 1628 679 1684 hodie
707 1630 881 1684 solum
908 1630 1120 1685 eminus
1139 1632 1190 1685 in
1219 1632 1340 1686 illos
1357 1631 1550 1701 jaculis
1571 1632 1773 1687 velitati

182 1736 396 1787 sumus,
433 1731 637 1775 tantum
691 1722 922 1791 loqunti,
953 1732 1207 1792 quantum
1235 1723 1368 1777 satis
1394 1733 1511 1777 erat
1555 1723 1622 1777 ad
1673 1724 1771 1778 de-

182 1810 491 1879 pellendum
519 1811 814 1880 periculum
844 1826 873 1864 a
923 1811 1176 1865 fratribus
1207 1811 1437 1879 nostris,
1472 1814 1581 1867 imo
1606 1814 1773 1867 multo

183 1901 343 1955 etiam
365 1902 615 1971 amplius.
643 1902 828 1956 Restat
852 1910 1033 1957 autem
1061 1901 1191 1955 illud
1240 1904 1566 1969 necessario,
1597 1913 1651 1956 ut
1675 1920 1773 1958 vos

183 1994 269 2063 qui
295 1995 500 2050 adestis
523 2036 537 2059 ,
567 1995 934 2059 adhortemur,
966 2004 1025 2049 ut
1074 1997 1296 2049 multam
1349 1996 1767 2050 sollicitudinem

184 2083 424 2138 habeatis
474 2099 574 2153 pro
627 2085 879 2139 membris
926 2084 1270 2153 nostris,,Ne
1317 2085 1596 2149 dixeritis,
1644 2084 1769 2154 quid

183 2193 299 2233 mea
328 2179 530 2233 refert?
550 2194 648 2233 cur
666 2188 842 2249 autem
864 2194 963 2248 ego
988 2193 1171 2234 rerum
1202 2178 1502 2232 alienarum
1528 2179 1773 2232 curiosus

183 2270 279 2322 sim
297 2277 351 2324 et
370 2269 633 2325 sollicitus
656 2270 681 2322 ἲ
702 2269 961 2323 Dominus
986 2277 1210 2338 propter
1230 2282 1330 2321 nos
1369 2278 1611 2322 mortuus
1652 2279 1768 2332 est;

184 2369 236 2412 tu
255 2375 386 2413 vero
407 2375 477 2414 ne
505 2374 806 2414 sermonem
839 2359 1053 2428 quidem
1084 2358 1316 2428 profers?
1330 2358 1396 2411 Et
1420 2374 1577 2428 quam
1622 2359 1771 2412 inve-

186 2449 296 2501 nies
320 2449 531 2502 veniam
553 2458 691 2514 ,-aut
710 2463 869 2517 quam
900 2448 1140 2516 reperies
1164 2448 1597 2502 eXcrrsationeiit?
1621 2446 1769 2512 Quo-

185 2537 340 2591 modo
365 2538 432 2592 ad
450 2539 646 2593 Christi
673 2538 904 2592 tribunal
930 2538 1096 2593 stabis
1117 2553 1237 2592 cum
1269 2538 1481 2602 ﬁducia,
1509 2537 1594 2591 dic
1616 2537 1769 2601 mihi,

190 2638 263 2682 tot
313 2631 618 2683 animarum
669 2630 889 2684 exitium
939 2629 1319 2684 dissimulans?
1375 2629 1588 2683 Utinam
1640 2628 1769 2680 mihi

184 2722 454 2790 contingat
484 2736 549 2775 eo
575 2729 853 2775 currentes
879 2720 1084 2786 videre,
1103 2735 1435 2789 nequaquam
1464 2719 1613 2773 vobis
1634 2734 1771 2787 opus

185 2821 343 2875 esset,
371 2811 469 2866 sed
492 2811 826 2869 celet-rimam
855 2811 1164 2866 adhiberem
1187 2811 1597 2866 correctionem.

250 2896 551 2949 Adhortatio
598 2896 666 2947 ad
707 2896 1105 2950 emendationem
1153 2897 1394 2967 fratrum.
1433 2923 1507 2934 -
1543 2894 1766 2960 Quoties

184 2985 343 3040 frater
372 2996 456 3041 est
475 2985 849 3041 emendandus
870 3027 886 3053 ,
916 2985 1123 3040 etiamsi
1170 2984 1276 3038 vita
1296 2985 1368 3039 sit
1390 2983 1767 3053 impendenda,

184 3093 247 3131 ne
272 3091 508 3132 recuses.
534 3076 746 3132 Imitare
775 3077 1059 3130 Dominum
1077 3085 1245 3130 tuum.
1269 3075 1419 3143 Quod
1442 3074 1486 3129 si
1517 3075 1769 3129 famulum

185 3168 384 3235 habes,
438 3170 484 3223 si
522 3184 742 3223 uxorem
764 3210 779 3234 ,
813 3170 979 3223 multa
1008 3184 1127 3222 cum
1174 3167 1448 3238 diligentia
1480 3168 1598 3221 illos
1623 3167 1769 3221 domi

183 3260 478 3316 contineas.
506 3261 719 3315 Etenim
748 3261 795 3316 si
836 3276 944 3315 non
974 3259 1238 3329 permittis
1282 3260 1386 3312 illis
1424 3269 1484 3313 ut
1514 3260 1568 3312 in
1623 3259 1771 3312 thea-

184 3360 316 3405 trum
345 3362 472 3406 eant
490 3393 505 3415 ,
529 3361 728 3421 quanto
758 3352 925 3421 magis
950 3368 980 3405 a
1007 3351 1280 3423 Synagoga
1310 3350 1617 3406 Iudaeorum
1645 3359 1771 3405 sunt

183 3443 435 3497 arcendi?
456 3442 626 3512 Majas
658 3453 740 3497 est
788 3442 887 3496 hic.
918 3442 1093 3495 scelus
1139 3456 1298 3511 quam
1327 3441 1451 3494 illic.
1480 3441 1632 3506 Quod
1662 3441 1770 3496 illic

185 3536 279 3600 lit,
302 3545 578 3604 peccatum
605 3543 717 3601 est;
745 3534 887 3603 quod
918 3535 1002 3588 hic
1022 3576 1038 3601 ,
1062 3533 1326 3602 impietas.
1358 3532 1481 3585 Hice
1510 3548 1615 3585 non
1649 3532 1769 3587 ideo

186 3626 387 3694 loquor.
415 3634 474 3680 ut
495 3625 614 3679 illos
639 3626 823 3679 sinatis
850 3624 901 3677 in
924 3627 1187 3678 theatrum
1211 3623 1319 3687 ire,
1350 3637 1473 3676 nam
1504 3632 1558 3676 et
1580 3621 1629 3674 id
1656 3637 1770 3674 ma-

186 3718 287 3772 lum
325 3728 409 3773 est
436 3737 450 3773 :
482 3718 577 3773 sed
630 3726 687 3771 ut
736 3717 802 3771 ab
841 3718 941 3770 hoc
996 3717 1163 3769 multo
1207 3716 1375 3785 magis
1415 3714 1767 3784 prohibeatis.

184 3809 311 3875 Quid
338 3806 681 3879 spectaturus
714 3809 886 3863 curris
925 3807 989 3860 ad
1032 3806 1365 3878 Synagogam
1397 3807 1488 3860 Dei
1534 3806 1767 3859 hostium

185 3900 518 3955 ludicorum?
544 3915 675 3955 num
701 3899 946 3953 homines
970 3898 1093 3952 tuba
1122 3897 1416 3952 canentes?
1447 3898 1513 3949 At
1533 3897 1770 3965 oportuit

184 3990 320 4044 domi
347 3992 622 4047 sedentem
653 3991 880 4060 gemitus
904 4004 969 4043 ac
995 3990 1256 4059 lacrymas
1290 4004 1385 4057 pro
1413 3988 1515 4041 illis
1545 3986 1767 4055 profun-

184 4080 339 4146 dere,
365 4083 508 4151 quod
540 4078 799 4135 rebellent
827 4089 1094 4149 praecepto
1136 4080 1263 4142 Dei,
1308 4078 1450 4146 quod
1491 4078 1765 4131 diabolum

187 4170 409 4225 habeant
459 4188 583 4225 cum
624 4172 748 4239 ipsis
785 4170 1009 4225 choreas
1044 4178 1309 4239 agentem.
1351 4168 1518 4234 Nam,
1544 4179 1601 4221 ut
1644 4175 1769 4222 ante

186 4260 307 4323 dixi,
336 4262 475 4331 quod
500 4265 558 4314 lit
581 4270 774 4330 praeter
802 4261 1124 4315 voluntatem
1154 4261 1266 4325 Dei,
1290 4261 1498 4315 etiamsi
1522 4260 1768 4328 aliquan-

187 4350 250 4403 do
269 4351 361 4405 fuit
386 4353 706 4420 permissum
730 4393 745 4414 ,
782 4362 961 4419 postea
990 4351 1206 4404 violatio
1232 4352 1359 4415 legis
1380 4359 1481 4415 est,
1527 4358 1580 4404 et
1607 4351 1766 4403 innu-

189 4446 516 4499 merabilium
579 4444 962 4514 suppliciorum
1012 4444 1253 4497 materia.
1287 4442 1435 4496 Tuba
1503 4441 1770 4494 canebant

186 4532 345 4589 Jodzei
379 4546 490 4588 tum
518 4551 639 4589 cum
670 4534 935 4603 habebant
962 4534 1253 4598 sacriﬁcia,
1283 4548 1424 4587 nunc
1477 4548 1607 4587 vero
1658 4548 1766 4586 non

188 4623 304 4679 licet
341 4627 446 4681 illis
486 4625 625 4679 idem
670 4624 869 4679 facere.
923 4626 1152 4679 Proinde
1178 4626 1359 4693 accipe
1396 4625 1505 4692 jam
1527 4664 1541 4687 ,
1566 4640 1668 4694 qua
1699 4625 1768 4680 de

190 4731 338 4771 causa
394 4718 531 4771 datm.
588 4718 695 4771 sint
738 4717 841 4770 illis
887 4717 1048 4771 tuba).
1082 4716 1222 4779 Fac,
1254 4717 1451 4785 inquit,
1484 4717 1570 4769 tibi
1622 4717 1767 4770 tubas

188 4810 388 4863 ductiles
428 4820 692 4879 argenteas
739 4807 927 4876 (Num.
959 4808 1044 4862 10.
1088 4807 1168 4880 2),
1209 4823 1441 4877 moxque
1486 4817 1766 4862 common-

188 4909 357 4955 strans
402 4915 555 4954 usum
589 4901 822 4964 illarum,
854 4901 1101 4969 subjicit:
1128 4902 1191 4954 Et
1221 4901 1325 4954 illis
1351 4903 1515 4955 canite
1542 4902 1595 4954 in
1621 4904 1768 4955 holo-

188 4994 473 5046 caatomatis
490 4994 684 5058 vestris,
703 5003 750 5047 et
776 4994 829 5046 in
855 4994 1121 5061 sacriﬁciis
1136 4995 1435 5047 salutarium
1464 5005 1762 5047 vestrorum.

189 5078 283 5135 Ubi
322 5082 481 5151 igitur
509 5092 594 5137 est
619 5083 817 5147 altare,
848 5083 935 5137 ubi
963 5098 1084 5138 arca
1102 5126 1117 5147 ,
1146 5084 1234 5136 ubi
1263 5084 1659 5137 tabernaculum
1714 5092 1768 5138 et

190 5170 381 5228 Sancta
395 5174 847 5238 sanctorum,ubi
895 5174 1165 5237 sacerdos,
1200 5173 1287 5227 ubi
1319 5172 1606 5228 Cherubim
1646 5174 1765 5243 glo-

185 5268 301 5330 rize,
346 5266 457 5321 ubi'
487 5264 814 5318 thuribulum
864 5279 1117 5329 aureum,
1165 5265 1252 5317 ubi
1304 5264 1763 5333 propitiatorium,

188 5355 272 5409 ubi
301 5357 493 5426 phiala,
521 5357 609 5411 ubi
645 5364 840 5425 patera:
868 5356 1147 5421 libatorire,
1170 5357 1257 5411 ubi
1291 5357 1426 5426 ignis
1451 5358 1539 5411 ille
1561 5358 1767 5411 caalitus

189 5441 478 5502 demissus?
516 5446 651 5500 Cum
690 5446 868 5503 omnia
894 5446 1336 5511 amiseris,rnihil
1381 5447 1524 5501 aliud
1568 5448 1767 5502 retines

191 5552 337 5603 quam
369 5540 555 5595 tubas?
582 5538 743 5595 Vides
784 5540 901 5594 illos
931 5540 1115 5595 ludere
1165 5541 1344 5594 verius
1388 5556 1547 5610 quam
1600 5541 1764 5595 Deum

192 5630 390 5687 colere?
413 5633 608 5688 Verum
654 5632 1102 5704 queritadniodum
1134 5633 1254 5687 illos
1275 5635 1549 5705 culpamus
1573 5678 1589 5704 ,
1622 5635 1763 5706 quod

1417 420 1784 481 aovansus
1819 423 2122 481 JUDIEOS.
2162 421 2253 481 tv.
2308 382 2311 383 ί

3368 431 3476 487 889.

1893 536 2067 606 legem
2100 536 2593 607 transgrediuntur:
2625 537 2695 592 ita
2743 538 2912 594 multo
2937 540 3103 611 magis
3123 554 3219 596 vos
3265 541 3479 598 incusa-

1890 642 2010 681 mus
2032 669 2047 692 ,
2074 628 2216 696 quod
2246 626 2313 681 ad
2371 636 2797 697 transgressores
2824 630 2954 700 legis
2987 634 3343 699 concurritis;
3376 651 3483 691 nec

1887 720 2008 774 illos
2039 729 2240 774 tantum
2260 762 2275 780 .
2306 722 2395 787 qui
2426 736 2492 774 eo
2543 730 2890 787 concurrunt,
2920 738 3107 779 verum
3157 726 3317 779 etiam
3377 743 3474 783 eos

1885 814 2080 880 quibus
2102 826 2222 866 cum
2249 812 2319 866 sit
2364 813 2655 867 auctoritas
2675 815 2989 882 prohibendi
3016 832 3169 882 suos,
3195 820 3363 873 nolint
3391 830 3470 875 ta-

1888 917 2011 956 men
2071 903 2121 957 id
2163 903 2354 958 facere.
2407 903 2482 958 Ne
2506 905 2634 958 mihi
2666 905 2899 959 dixeris:
2921 907 3047 975 quid
3078 909 3349 964 mihicum
3382 911 3474 965 illo

1882 992 2186 1047 commercii
2215 993 2336 1047 est?
2371 993 2595 1047 Alienus
2617 1003 2699 1048 est
2718 1035 2733 1060 ,
2763 994 2972 1061 ignotus
3000 1005 3110 1049 est.
3146 997 3279 1051 Dum
3313 997 3475 1053 fuerit

1883 1079 2056 1135 ﬁdelis
2078 1123 2091 1145 ,
2111 1081 2246 1151 dum
2277 1084 2587 1137 earumdem
2616 1085 2877 1153 particeps
2908 1080 3281 1155 mySteriorum
3303 1129 3319 1153 ,
3344 1088 3470 1142 dum

1881 1172 1933 1225 in
1963 1172 2207 1228 eamdem
2256 1175 2507 1228 convenit
2536 1174 2829 1228 Ecclesiam
2850 1216 2864 1239 ,
2891 1185 2945 1228 et
2973 1176 3260 1242 fratribus,
3291 1187 3345 1232 ct
3381 1176 3469 1232 eo-

1880 1263 2083 1331 gnatis,
2111 1270 2166 1316 et
2190 1264 2509 1317 necessariis
2528 1305 2542 1329 ,
2568 1273 2623 1318 et
2647 1266 2856 1319 caeteris
2883 1265 3131 1319 omnibus
3152 1278 3232 1319 est
3252 1267 3470 1337 propin-

1879 1355 2053 1422 quior.
2083 1354 2313 1408 Proinde
2338 1356 2478 1409 sicut
2507 1370 2611 1409 non
2650 1356 2747 1425 ipsi
2775 1366 2979 1409 tantum
3023 1355 3167 1411 fures
3197 1358 3324 1412 dant
3352 1371 3483 1428 pm-‘

1880 1460 2002 1511 nas,
2038 1462 2221 1500 verum
2248 1447 2408 1501 etiam
2446 1448 2634 1502 eadem
2666 1462 2821 1516 pinna
2846 1450 3157 1518 plectuntur
3187 1452 3245 1517 ii,
3278 1453 3473 1524 quibus

1878 1549 2000 1588 cum
2052 1546 2196 1591 esset
2248 1546 2482 1605 potestas
2504 1539 2746 1603 vetandi,
2790 1554 2895 1593 non
2923 1550 3206 1595 vetuerunt
3251 1553 3465 1598 tamen:

1879 1624 1952 1679 ita
1978 1641 2082 1678 non
2108 1627 2280 1680 solum
2305 1629 2393 1696 qui
2444 1629 2605 1694 impie
2627 1642 2818 1698 agunt,
2841 1646 3027 1684 verum
3051 1632 3212 1685 etiam
3244 1633 3318 1688 illi
3372 1637 3474 1703 qui

1876 1730 1998 1769 cum
2034 1718 2235 1784 possint
2261 1718 2329 1771 ab
2377 1718 2647 1786 impietate
2699 1735 2983 1785 revocare,
3040 1729 3215 1775 tamen
3274 1722 3358 1778 vel
3397 1724 3472 1778 ob

1879 1807 2176 1877 pigritiam,
2207 1808 2292 1864 vel
2323 1807 2393 1865 ob
2437 1808 2770 1863 timiditatem
2797 1810 2847 1863 id
2872 1810 3047 1865 facere
3078 1811 3285 1880 nolunt,
3308 1812 3470 1868 simili

1836 1950 1839 1953 λ
1881 1912 2001 1952 cum
2033 1898 2138 1952 illis
2184 1914 2337 1967 pecua
2369 1899 2696 1969 plectuntur.
2724 1900 3000 1970 Siquidem
3034 1902 3289 1957 talentum
3338 1906 3471 1961 illud

1878 1988 2021 2057 quod
2050 2000 2327 2057 acceperat
2347 2005 2409 2044 ac
2430 1989 2707 2044 defoderat
2731 2005 2919 2045 servus
2943 1992 3050 2058 ille,
3074 1994 3303 2049 reddidit
3333 1995 3474 2051 inte-

1846 2069 2062 2150 grum;
2110 2090 2345 2135 attamen
2394 2082 2489 2136 dat
2541 2097 2851 2152 ptenas,eo
2897 2085 3037 2153 quod
3092 2100 3196 2138 non
3248 2096 3474 2142 auxerat

1878 2170 2082 2225 lucrum
2130 2169 2357 2243 (Matth.
2386 2171 2471 2227 i8.
2502 2172 2591 2226 24.
2618 2173 2776 2243 sqq.):
2826 2174 2895 2228 ita
2927 2183 2981 2227 tu
3007 2174 3221 2244 quidem
3258 2176 3471 2233 etiamsi

1877 2260 1993 2328 ipse
2023 2276 2189 2330 purus
2215 2271 2263 2316 et
2293 2262 2548 2317 innocens
2573 2278 2883 2331 perseveres
2901 2304 2917 2329 ,
2947 2264 2993 2317 si
3020 2281 3124 2319 non
3153 2281 3349 2337 augeas
3392 2274 3473 2322 ta-

1879 2351 2080 2405 lentum
2101 2358 2120 2414 ,'
2149 2367 2247 2406 nec
2268 2351 2485 2417 fratrem
2510 2362 2821 2420 pereuntem
2850 2368 3072 2409 revoces
3104 2354 3169 2408 ad
3205 2355 3467 2421 salutem,

1881 2440 2069 2494 eadem
2095 2456 2214 2509 quae
2245 2441 2335 2495 ille
2364 2442 2601 2510 patieris.
2629 2441 2766 2509 Quid
2797 2443 2971 2511 magni
3015 2444 3269 2512 postulo?
3292 2443 3470 2499 Unus-

1876 2533 2101 2601 quisque
2125 2541 2359 2587 vestrum
2394 2549 2555 2587 unum
2583 2533 2712 2587 mihi
2740 2550 2805 2587 ex
2836 2534 3085 2589 fratribus
3131 2536 3197 2591 ad
3242 2539 3469 2596 salutem

1876 2634 2129 2689 revocet;
2159 2624 2245 2677 hic
2267 2625 2547 2690 sollicitus,
2583 2625 2670 2679 hic
2693 2626 2917 2694 quisque
2937 2626 3182 2682 curiosus
3200 2640 3339 2698 esto,
3363 2645 3471 2701 quo

1876 2716 2126 2781 nimirum
2152 2717 2202 2769 in
2230 2718 2461 2770 crastina
2489 2717 2709 2772 collecta
2742 2718 2904 2772 multa
2934 2733 3054 2773 cum
3102 2721 3289 2775 fiducia
3316 2739 3467 2778 com-

1875 2822 2163 2878 pareamus
2201 2808 2423 2862 donaria
2470 2810 2578 2863 Deo
2624 2810 2853 2864 ferentes
2877 2848 2892 2875 ,
2927 2810 3147 2864 donaria
3171 2854 3187 2878 ,
3219 2813 3465 2884 inquam,

1879 2898 2116 2951 omnium
2151 2898 2567 2967 pretiosissima,
2595 2900 2637 2953 si
2670 2900 2878 2953 animas
2906 2902 3199 2955 errantium
3232 2902 3467 2960 reduxe-

1876 2991 2079 3055 rimus;
2108 2990 2319 3045 etiamsi
2356 2992 2678 3046 contumelia
2712 2991 2869 3045 fuerit
2890 2990 3110 3047 ferenda
3129 3035 3144 3058 ,
3169 2994 3215 3048 si
3238 2994 3473 3050 toleran-

1876 3082 1941 3133 da
1990 3080 2247 3148 verbera,
2300 3082 2344 3135 si
2393 3081 2603 3151 quidvis
2653 3082 2793 3136 aliud
2838 3080 3234 3149 suﬁ‘erendum,
3286 3085 3470 3140 omnia

1879 3171 2134 3228 faciamus
2185 3182 2243 3226 ut
2296 3173 2414 3226 illos
2458 3187 2859 3240 recuperemus.
2905 3173 3351 3245 Quandoquidem
3405 3184 3465 3233 et

1876 3274 2109 3331 :rgrotos
2136 3264 2372 3317 calcibus
2425 3262 2713 3329 ferientes,
2746 3266 3084 3319 contumeliis
3112 3277 3166 3322 ct
3210 3268 3469 3323 conviciis

1876 3354 2211 3409 incessentes
2257 3356 2515 3420 ferimus,
2569 3372 2669 3410 nec
2720 3356 3045 3411 ochndimur
3088 3360 3466 3415 contumeliis:

1874 3461 2063 3500 verum
2112 3447 2242 3500 nihil
2295 3448 2437 3500 aliud
2470 3447 2651 3501 videre
2680 3448 2924 3516 cupimus
2944 3489 2960 3513 ,
2989 3464 3149 3518 quam
3180 3451 3466 3506 sanitatem

1875 3535 2107 3591 hominis
2130 3554 2226 3607 per
2254 3538 2500 3593 morbum
2532 3539 2783 3615 indecora
2808 3537 3073 3594 facientis.
3103 3539 3241 3608 Quin
3270 3551 3324 3596 et
3348 3557 3467 3598 me—

1875 3629 1981 3684 dici
2011 3640 2214 3687 vestem
2264 3646 2407 3699 saepe
2454 3632 2708 3687 laceravit
2735 3639 3000 3699 aegrotans
3020 3672 3035 3697 ,
3067 3640 3121 3685 at
3153 3648 3258 3686 non
3287 3633 3408 3687 ideo
3434 3650 3464 3689 a

1874 3736 1999 3773 cura
2046 3706 2251 3774 destitit
2303 3721 2410 3775 ille.
2461 3722 2560 3788 Qui
2594 3722 2651 3775 ﬁt
2701 3721 2880 3790 igitur,
2913 3731 2968 3774 ut
3011 3722 3101 3791 qui
3147 3724 3466 3791 corporibus

1875 3812 2196 3875 consulunt,
2229 3821 2373 3866 tanta
2406 3822 2620 3866 utantur
2647 3813 2919 3882 diligentia
2941 3854 2955 3875 ,
2992 3828 3091 3867 nos
3133 3822 3209 3867 tot
3259 3816 3466 3868 anima-

1877 3902 1975 3955 bus
2000 3904 2343 3971 pereuntibus
2362 3918 2656 3967 cessemus,
2683 3903 2900 3972 pcriude
2920 3905 3070 3972 quasi
3097 3905 3466 3960 existimemus

1875 3994 2006 4047 nihil
2034 3996 2278 4050 accidere
2330 4012 2520 4065 grave,
2552 4011 2671 4048 cum
2730 3996 2970 4050 membra
3013 4005 3194 4051 nostra
3252 4006 3465 4064 putres-

1873 4085 2038 4139 cunt?
2068 4089 2136 4139 At
2161 4102 2266 4141 non
2290 4088 2360 4140 ita
2386 4086 2578 4140 Paulus
2602 4103 2617 4140 :
2640 4085 2737 4140 scd
2764 4068 3069 4155 quomodo?
3091 4086 3250 4153 Quis,
3273 4087 3463 4154 inquit,

1873 4175 2182 4243 inﬁrmatur,
2215 4186 2261 4230 et
2286 4193 2386 4230 non
2409 4177 2673 4242 inﬁrmor?
2703 4176 2829 4242 Quis
2850 4174 3143 4241 olfenditur,
3172 4185 3217 4228 et
3243 4192 3333 4245 ego
3363 4193 3464 4229 non

1873 4282 1995 4319 uror
2022 4265 2096 4337 (2.
2130 4266 2246 4320 Cor.
2273 4269 2358 4321 il.
2387 4265 2506 4336 '29)?
2528 4266 2678 4320 Hunc
2708 4267 2880 4335 ignem
2908 4277 2959 4319 tu
2983 4281 3193 4335 quoque
3217 4266 3462 4335 concipe,

1873 4365 1927 4411 et
1957 4359 1999 4411 si
2028 4357 2372 4426 conspexeris
2397 4358 2610 4411 fratrem
2643 4368 2953 4425 pereuntem
2971 4398 2985 4422 ,
3009 4355 3253 4425 quamvis
3276 4357 3461 4410 convi-

1872 4449 2064 4509 cietur.
2088 4450 2328 4518 quamvis
2352 4448 2725 4503 contumeliam
2754 4446 2980 4513 inferat,
3007 4447 3247 4515 quamvis
3274 4448 3456 4502 verbe-

1872 4548 1976 4605 ret,
2004 4540 2251 4608 quamvis
2279 4540 2553 4594 minitetur
2586 4553 2644 4591 se
2675 4537 2908 4591 futurum
2939 4542 3166 4600 hostem,
3198 4544 3289 4591 aut
3317 4530 3457 4595 aliud

1873 4629 2390 4701 quidlibctiutcntet,
2413 4630 2496 4683 fac
2522 4629 2699 4682 omnia
2726 4628 2964 4697 perferas
2992 4627 3214 4691 fortiter,
3244 4637 3301 4681 ut
3324 4627 3461 4683 illius

1874 4720 2174 4776 lucrifacias
2195 4722 2441 4775 salutem.
2460 4721 2517 4776 Si
2547 4721 2637 4775 ille
2664 4720 2755 4773 ﬁat
2777 4719 3025 4774 inimicus
3044 4719 3223 4795 ,Deus
3247 4719 3337 4771 tibi
3360 4722 3460 4775 erit

1872 4813 2096 4876 amicus;
2119 4814 2429 4883 magnisque
2458 4813 2509 4865 in
2535 4811 2621 4865 die
2645 4811 2739 4864 illo
2758 4810 2912 4864 bonis
2940 4819 2991 4864 te
3011 4810 3457 4864 remunerabitur.

1874 4903 2085 4957 Utinam
2115 4914 2292 4958 autem
2317 4905 2366 4957 id
2392 4902 2601 4957 eveniat
2624 4910 2929 4956 sanctorum
2952 4904 3089 4953 votis
3107 4915 3171 4955 ac
3193 4902 3458 4969 precibus,

1872 5005 2013 5050 utet
2056 4996 2220 5065 quiin
2238 5010 2473 5050 errorem
2526 4994 2736 5048 abducti
2768 5002 2927 5059 sunt,
2960 5004 3345 5063 recuperentur
3394 4994 3461 5048 ad

1873 5088 2131 5150 salutem,
2165 5099 2217 5140 et
2244 5104 2336 5140 vos
2365 5088 2415 5140 in
2450 5085 2551 5140 hoc
2580 5096 2772 5141 venatu
2801 5086 2907 5140 voti
2933 5096 3210 5155 compotes
3262 5086 3459 5139 evada-

1874 5178 1975 5244 tis;
2026 5189 2081 5232 et
2135 5179 2209 5230 illi
2268 5177 2366 5246 ipsi
2413 5177 2745 5247 blasphemi,
2802 5176 3011 5231 liberati
3066 5176 3134 5229 ab
3188 5175 3462 5242 impietate

1872 5281 2003 5332 sua,
2050 5268 2321 5321 Christum
2387 5276 2679 5334 agnoscant
2748 5282 2843 5334 pro
2901 5266 3027 5333 ipsis
3100 5265 3457 5329 cruciﬁxum,

1873 5370 1931 5412 ut
1999 5374 2187 5413 omnes
2241 5374 2348 5413 uno
2402 5359 2617 5423 animo,
2668 5358 2964 5427 eodemque
3024 5372 3120 5412 ore
3190 5357 3460 5425 gloriﬁce-

1875 5467 1994 5505 mus
2027 5451 2191 5506 Deum
2223 5460 2275 5504 et
2308 5451 2518 5503 Patrem
2547 5448 2757 5503 Domini
2780 5448 2948 5502 nostri
2969 5446 3093 5501 Jesu
3122 5447 3339 5509 Chrisd,
3376 5449 3460 5500 cui

1873 5541 2039 5609 gloria
2069 5551 2123 5595 et
2150 5540 2386 5609 potentia
2418 5555 2535 5593 cum
2566 5547 2751 5594 sancto
2768 5536 2971 5610 Spiritu
2995 5536 3045 5590 in
3072 5546 3261 5589 cuncta
3289 5550 3453 5589 saecu'

1873 5633 1921 5687 la
1945 5633 2285 5698 szeculorum,
2319 5633 2511 5685 Amen.
