4178 6324
693 420 801 473 833

1012 510 3493 552 .___.____.—————————-———————————-—-—,

1403 393 1473 455 S.‘
1504 398 1779 457 JOANNIS
1817 392 2287 453 CIIRYFOSTOMI
2331 388 2649 446 ARClllEP.
2692 384 3229 443 CONSTANTINOP.

3867 386 3979 444 εει

1461 607 1686 716 ,ΑΒ
1708 601 2100 715 VERS
2125 598 2292 706 US
2372 595 3033 765 Jun/Eos
3082 597 3132 699 ι.

1250 830 1443 873 ORATIO
1479 830 1692 880 eumn.

762 917 814 969 i.
857 912 1007 969 Unde
1038 911 1189 965 nobis
1238 909 1395 962 hodie
1435 902 1759 973 frequentior
1782 904 2077 953 conventus
2104 896 2271 947 lactus

685 1010 813 1064 est?
851 1006 931 1061 Ad
977 999 1371 1071 emugitandum
1422 996 1564 1065 quod
1615 990 1833 1061 polliciti
1885 1001 2071 1041 sumus
2117 986 2271 1053 plane

687 1097 1036 1160 convenistis,
1088 1103 1144 1146 ut
1186 1098 1462 1159 argentum
1495 1085 1601 1154 igni
1657 1081 1958 1152 probatum,
1992 1078 2134 1146 quod
2186 1089 2272 1128 me

692 1192 845 1245 vobis
865 1181 1609 1250 exhibiturumpromiseram
1632 1216 1647 1241 ,
1679 1172 1972 1240 accipiatis.
2001 1168 2132 1224 Nam
2161 1167 2269 1220 elo-

688 1282 837 1353 quia,
872 1278 1063 1347 inquit,
1089 1274 1182 1327 Dei
1202 1318 1215 1335 ,
1242 1271 1449 1339 eloquia
1479 1276 1617 1321 casta
1642 1280 1660 1317 :
1689 1272 1953 1333 argentum
1993 1260 2269 1353 igne-exa-

690 1344 960 1432 mina—tum,—
1012 1367 1279 1435 probatum
1321 1371 1466 1413 term
1514 1355 1683 1425 (Psal.
1716 1354 1802 1407 il.
1832 1350 1909 1419 7).
1954 1344 2271 1402 Benedictus

692 1463 851 1523 Deus,
876 1474 962 1525 qm
991 1455 1140 1508 vobis
1169 1462 1369 1506 tantum
1391 1446 1639 1503 audiendi
1663 1441 1965 1511 spirituales
1986 1449 2268 1492 sermones

689 1549 969 1620 inspiravit
1007 1545 1275 1599 ardorem.
1329 1536 1785 1607 Quemadmodum
1825 1530 1967 1585 enim
2025 1528 2270 1582 homines

686 1617 812 1693 vino
838 1648 890 1692 et
920 1634 1226 1707 potionibus
1255 1629 1417 1684 dediti
1442 1669 1456 1691 ,
1485 1626 1691 1694 singulo
1714 1636 1923 1691 quoque
1952 1619 2039 1673 die
2081 1617 2270 1671 obam-

688 1731 910 1792 hulant,
964 1728 1275 1791 curioseque
1319 1718 1649 1786 disquirunt,
1710 1713 1796 1767 ubi
1850 1708 2271 1778 contpotationes

687 1820 973 1890 agitentur,
1023 1813 1111 1867 ubi
1152 1810 1425 1873 convivia,
1458 1804 1545 1860 ubi
1600 1818 1803 1866 ciente,
1853 1800 1945 1853 ubi
1998 1809 2274 1851 comessa-

689 1887 892 1975 tiones,
926 1908 1014 1962 ubi
1044 1903 1387 1964 temulentizn,
1436 1897 1648 1968 phiala,
1682 1907 1913 1949 crateres
1943 1899 1998 1944 et
2043 1887 2269 1957 pocula:

689 2005 767 2059 sic
795 2013 851 2059 ct
876 2014 972 2055 vos
1004 1996 1243 2069 quotidie
1268 1992 1423 2069 simul
1452 1999 1611 2056 atque
1657 1982 1998 2039 surrexeritis
2017 2021 2031 2044 ,
2062 1978 2272 2033 curiose

690 2091 992 2166 perquiritis
1012 2067 1031 2151 ,ί
1052 2087 1263 2140 ubinam
1295 2067 1464 2134 futura
1495 2078 1565 2131 sit
1601 2072 1922 2136 exhortatio,
1952 2070 2041 2124 uhi
2080 2067 2273 2166 adma:

690 2154 857 2250 uitio,
888 2182 977 2236 ubi
1019 2177 1282 2240 doctrina,
1326 2172 1411 2226 ubi
1451 2182 1628 2223 sermo
1684 2165 1750 2218 ad
1805 2164 2026 2232 gloriam
2071 2154 2271 2250 Christi

689 2248 1015 2334 conducens.
1047 2272 1188 2337 Quas
1210 2268 1281 2331 ob
1309 2278 1395 2318 res
1443 2270 1507 2315 et
1554 2274 1651 2314 nos
1678 2271 1890 2327 quoque
1930 2248 2275 2320 propensiore

690 2369 866 2423 studio
893 2363 1031 2435 quod
1058 2359 1277 2430 polliciti
1310 2368 1493 2410 sumus
1517 2347 1884 2418 aggredimur:
1925 2351 1977 2395 et
2002 2356 2121 2410 qua:
2154 2351 2272 2406 pro-

692 2459 969 2521 misimus,
1026 2450 1373 2506 libentissime
1424 2439 1810 2513 praestabimps.
1862 2435 2046 2501 Itaque
2102 2440 2272 2497 pugna

690 2550 847 2605 nobis
872 2561 991 2602 cum
1012 2542 1209 2598 Judmis
1230 2544 1493 2603 suscepta,
1526 2532 1724 2587 exitum
1754 2540 1910 2596 quem
1930 2521 2130 2585 debuit,
2161 2532 2273 2571 sor-

693 2645 787 2697 tita
840 2648 942 2694 est.
992 2636 1272 2702 Tropmum
1323 2636 1560 2681 erectum
1602 2630 1715 2686 est,
1762 2629 1816 2673 et
1865 2628 2062 2671 corona
2122 2610 2275 2665 nobis

689 2744 841 2804 parta
866 2738 948 2787 est
966 2771 982 2797 ,
1011 2737 1061 2781 et
1092 2725 1329 2779 bravium
1360 2736 1426 2774 ex
1453 2718 1725 2786 superiore
1750 2709 2275 2804 concione-reporta-

691 2798 889 2880 vimus.
934 2818 1206 2891 Siquidem
1258 2814 1360 2867 hoc
1411 2818 1817 2875 susceperamus
1867 2798 2163 2870 agendum,
2200 2802 2276 2891 ἰιι

686 2886 1179 2977 demonstraremus
1203 2905 1342 2976 quod
1362 2918 1425 2957 ea
1451 2916 1564 2970 qum
1588 2910 1730 2952 nunc
1751 2894 1884 2948 fiunt
1912 2891 1979 2944 ab
2007 2889 2146 2953 istis,
2170 2886 2275 2938 sint

686 3008 933 3081 qumdam
997 2999 1348 3069 transgressio
1420 2995 1553 3063 legis
1621 2983 2121 3058 praevaricatioque,
2176 2989 2276 3031 nec

684 3073 833 3153 aliud
854 3109 1010 3165 quam
1032 3091 1303 3145 hominum
1329 3085 1582 3139 adversus
1602 3081 1767 3134 Deum
1796 3073 2077 3129 commissa
2094 3079 2275 3165 pugna

688 3156 1024 3253 bellumque:
1057 3181 1216 3249 idque
1244 3177 1357 3230 Deo
1387 3172 1671 3227 auxiliante
1696 3166 1849 3221 nobis
1877 3156 2275 3216 accuratissime

686 3279 1112 3332 demonstratum
1162 3279 1262 3323 est.
1295 3264 1506 3320 Etenim
1550 3261 1594 3315 si
1621 3259 1887 3313 civitatem
1914 3267 2062 3309 suam
2093 3255 2276 3304 essent

689 3365 977 3436 aliquando
1024 3355 1322 3427 recepturi,
1371 3359 1438 3407 et'
1468 3352 1533 3405 ad
1579 3348 1857 3419 pristinum
1904 3343 2027 3396 vitae
2079 3348 2272 3394 statum

693 3435 948 3517 redituri,
980 3450 1339 3521 templumque
1359 3446 1705 3498 instauratum
1738 3435 1928 3495 visuri.
1956 3443 2272 3502 quamquam

686 3540 737 3593 id
769 3551 1056 3605 numquam
1110 3540 1193 3585 est
1242 3533 1507 3594 futurum;
1535 3541 1601 3579 ne
1644 3525 1720 3576 sic
1760 3524 1976 3591 quidem
2019 3522 2279 3571 haberent

682 3630 883 3699 justam
904 3624 1299 3680 excusationem
1330 3632 1516 3673 eorum
1542 3630 1661 3685 qua:
1696 3612 1909 3666 faciunt.
1932 3609 2062 3664 Nam
2088 3615 2143 3660 et
2170 3617 2276 3659 tres

690 3698 765 3773 illi
792 3718 965 3789 pueri,
996 3724 1052 3769 et
1083 3713 1281 3777 Daniel,
1316 3711 1603 3779 caeterique
1626 3718 1813 3759 omnes
1836 3701 1928 3772 qui
1954 3700 2202 3755 vivebant
2222 3698 2276 3752 in

687 3811 1014 3880 captivitate,
1031 3803 1409 3875 exspectabant
1423 3799 1483 3856 s'e
1496 3806 1805 3867 recepturos
1820 3795 2089 3850 civitatem
2103 3807 2275 3856 suam,

690 3912 750 3956 ut
794 3910 918 3972 post
959 3912 1129 3953 annos
1169 3895 1496 3965 septuaginta
1542 3890 1790 3944 viderent
1838 3886 2023 3972 patria:
2067 3885 2276 3948 solum,

690 3966 1038 4068 pris—tinisqne
1084 3990 1327 4068 viverent
1368 3985 1574 4055 legibus
1620 3981 1778 4054 (Dan.
1809 3981 1834 4035 1
1864 3990 1908 4033 et
1934 3966 2093 4048 seqq).
2118 3976 2278 4068 Atqui

686 4067 811 4143 cum
845 4087 945 4141 hoc
975 4084 1081 4139 illis
1106 4067 1385 4137 evidenter
1408 4084 1553 4131 esset
1579 4074 1897 4145 promissum
1921 4112 1936 4135 ,
1972 4085 2040 4124 ne
2059 4070 2136 4124 sic
2160 4067 2279 4138 qui-

688 4180 815 4234 dem
846 4185 970 4231 ante
1000 4169 1411 4244 promissionem
1441 4175 1496 4222 et
1537 4165 1766 4221 reditum
1808 4162 1925 4216 ausi
1974 4168 2097 4214 sunt
2124 4156 2280 4228 quid-

689 4284 851 4340 quam
882 4281 1069 4323 eorum
1089 4263 1263 4318 facere
1282 4262 1430 4331 juxta
1463 4258 1597 4327 legis
1621 4257 1790 4321 ritus,
1813 4268 1931 4323 quae
1955 4252 2153 4306 faciunt
2173 4249 2281 4304 isti.

692 4364 807 4418 lloc
833 4370 989 4432 pacto
1015 4355 1216 4428 poteris
1252 4366 1308 4408 et
1337 4353 1448 4421 ipse
1469 4350 1657 4405 Judaeo
1710 4362 1774 4402 os
1802 4344 2103 4400 occludere.
2138 4342 2284 4411 Roga

690 4456 841 4511 illum
858 4494 874 4519 ,
903 4466 1003 4522 qua
1030 4448 1098 4504 de
1124 4461 1285 4503 causa
1309 4444 1523 4515 jejunus
1544 4483 1559 4508 ,
1588 4455 1710 4494 eum
1741 4454 1845 4493 non
1875 4436 2074 4491 habeas
2100 4433 2287 4489 civita-

692 4543 846 4601 tem?
874 4540 1026 4610 Quod
1048 4541 1091 4595 si
1115 4540 1328 4600 dixerit,
1352 4529 1613 4605 quoniam
1634 4546 1793 4601 spero
1822 4545 1907 4585 me
1945 4538 2284 4599 recepturum

592 4645 601 4656 '
692 4636 990 4698 civitatem,
1019 4631 1105 4686 dic
1132 4631 1206 4683 illi
1241 4647 1253 4682 :
1288 4627 1509 4695 proinde
1538 4624 1775 4693 quiesce,
1803 4621 1974 4675 donec
1998 4620 2283 4687 receperis.

697 4730 834 4787 Nam
881 4726 960 4782 illi
1006 4724 1207 4788 sancti,
1236 4721 1409 4775 donec
1450 4717 1521 4771 ad-
1546 4716 1769 4785 patriam
1816 4729 1964 4769 suam
2016 4711 2285 4775 redirent,

696 4822 833 4878 nihil
858 4834 1045 4887 eorum
1075 4830 1195 4885 qua:
1224 4823 1281 4868 tu
1311 4811 1438 4866 facis
1463 4852 1476 4875 ,
1500 4809 1617 4863 ausi
1647 4816 1774 4861 sunt
1797 4806 1992 4862 facere.
2024 4804 2288 4869 Proinde,

695 4925 752 4971 ut
780 4914 956 4984 palam
976 4917 1080 4973 est,
1111 4920 1252 4961 nunc
1276 4904 1443 4972 legem
1472 4902 1564 4956 Dei
1586 4900 1756 4955 violas
1785 4917 1796 4951 :
1822 4894 2055 4959 etiamsi,
2089 4903 2147 4948 ut
2175 4895 2255 4948 ais
2274 4935 2288 4958 ,

698 5016 1018 5073 recepturus
1036 5000 1117 5057 sis
1143 4997 1412 5057 civitatem
1437 5032 1454 5058 ,
1486 5003 1660 5047 tamen
1688 5000 1840 5060 pacta
1866 5004 1989 5043 cum
2025 4987 2136 5042 Deo
2166 4986 2291 5039 inita

700 5094 997 5158 rescindis,
1024 5102 1079 5145 et
1106 5091 1357 5159 irripsum
1379 5086 1505 5139 vita:
1530 5091 1726 5137 statum
1757 5079 2181 5135 contumeliosus
2212 5090 2290 5129 es.

705 5190 869 5258 lgitur
920 5186 970 5239 in
1002 5182 1241 5237 oratione
1267 5178 1547 5247 superiore
1567 5174 1797 5229 diximus
1824 5182 2017 5227 vestra:
2048 5168 2293 5233 caritati,

701 5288 956 5351 quantum
1002 5274 1131 5329 satis
1173 5272 1239 5326 ad
1267 5266 1651 5353 retundendam
1687 5264 1989 5320 Judmorum
2022 5261 2300 5330 impuden—

707 5375 867 5437 tiam,
895 5367 1033 5423 etad
1063 5361 1485 5433 redarguendam
1502 5372 1686 5413 eorum
1714 5354 2226 5426 prmvaricationem.

740 5446 743 5451 ’
779 5459 1044 5529 Templum
1087 5455 1388 5509 Iudaeorum
1431 5464 1706 5518 numquam
1754 5443 2149 5500 restaurandum
2195 5456 2303 5494 esse

706 5563 968 5627 probatur.
999 5578 1071 5589 οι-
1091 5547 1356 5602 Caeterum
1395 5540 1608 5611 quando
1637 5554 1742 5593 non
1769 5537 1873 5591 hoc
1913 5545 2115 5589 tantum
2146 5530 2302 5586 nobis

707 5654 824 5700 erat
865 5640 1219 5713 propositum,
1252 5646 1307 5690 ut
1334 5635 1665 5689 illorum-ora
1694 5628 2086 5693 clauderemus,
2114 5639 2300 5679 verum

710 5744 772 5789 ut
796 5734 1095 5791 Ecclesiam
1142 5728 1411 5796 c0piosius
1441 5724 1509 5778 de
1553 5724 1662 5777 suis
1698 5720 1927 5795 propriis
1964 5716 2303 5789 dogmatibus

774 5843 794 5875 ι
829 5845 949 5887 'm-s
965 5832 1100 5893 Mss,
1116 5839 1291 5883 contra
1313 5828 1519 5881 Judazos
1531 5828 1748 5881 Homilia
1767 5825 1928 5877 tertia.

2379 801 2725 856 edoceremus
2749 819 2763 855 :
2792 816 2890 871 age
2914 816 3098 855 rursus
3123 808 3176 854 et
3203 800 3305 855 hoc
3329 814 3394 855 ex
3420 798 3709 854 abundanti
3736 797 3987 853 demon-

2378 902 2629 957 stremus,
2658 891 2797 961 quod
2823 890 3074 959 templum
3114 906 3399 957 numquam
3427 888 3827 951 iustanrabitur,
3870 901 3979 942 ne-

2376 999 2477 1053 que
2507 983 2572 1036 ad
2605 982 2883 1053 pristinum
2912 983 3252 1035 vit:estatum
3279 980 3590 1035 restituendi
3622 979 3793 1033 Judaei
3819 986 3975 1033 sunt.

2378 1074 2488 1127 Hoc
2513 1080 2668 1143 pacto
2693 1072 2805 1136 fiet,
2837 1080 2896 1125 ut
2919 1081 2972 1125 et
2998 1085 3092 1125 vos
3112 1070 3356 1125 exactius
3385 1070 3644 1124 noveritis
3672 1066 3981 1137 apostolica

2379 1162 2647 1231 dogmata,
2674 1172 2727 1215 et
2759 1160 2833 1214 illi
2862 1169 3044 1214 contra
3067 1160 3132 1214 ad
3164 1162 3435 1229 majorem
3477 1160 3802 1228 impietatem
3837 1173 3968 1227 pro-

2381 1251 2515 1320 lapsi
2558 1251 2858 1321 capiantur.
2904 1250 3099 1305 [lariun
3132 1264 3258 1304 vero
3290 1264 3469 1304 rerum
3501 1260 3690 1304 testem
3734 1248 3979 1303 adduce-

2381 1358 2499 1397 mus
2537 1357 2640 1397 nou
2670 1343 2940 1413 angelum,
2972 1359 3079 1396 non
3108 1342 3509 1412 archangelum,
3545 1342 3641 1395 sed
3670 1342 3816 1401 orbis
3842 1342 3973 1394 uni-

2379 1433 2518 1487 versi
2552 1434 2841 1501 principem
2874 1432 3152 1487 Dominum
3185 1442 3423 1487 nostrum
3456 1432 3637 1488 Iesum
3668 1432 3972 1487 Christum.

2379 1523 2429 1576 ls
2470 1525 2632 1587 enim,
2662 1540 2786 1578 cum
2830 1526 3095 1595 ingressus
3134 1520 3521 1596 JerosOlymam
3567 1525 3782 1599 vidisset
3830 1535 3973 1579 tem-

2380 1616 2547 1685 plum,
2594 1615 2761 1669 dixit:
2795 1615 3054 1669 Futurum
3083 1628 3136 1669 ut
3162 1616 3485 1686 Jerasolyma
3522 1618 3906 1671 conculcaretur
3935 1633 3973 1669 α

2378 1709 2608 1779 gentibus
2655 1710 2856 1772 multis.
2902 1710 3062 1762 donec
3104 1710 3432 1777 intplerentur
3475 1718 3703 1778 tempora
3742 1709 3978 1778 gentium

2379 1802 2653 1852 multarunt
2686 1798 2837 1872 (Luc.
2863 1798 2953 1853 21.
2988 1797 3081 1869 24)
3111 1816 3123 1851 :
3155 1808 3364 1867 tempus
3383 1799 3688 1868 significans
3712 1813 3882 1867 usque
3904 1796 3978 1850 ad

2380 1892 2892 1945 consuunuationem
2938 1890 3141 1945 mttudi.
3188 1890 3264 1945 Ac
3295 1904 3478 1943 rursus
3519 1888 3725 1944 Inecde
3768 1888 3982 1957 templo

2379 1983 2730 2035 comminatus
2757 1993 2859 2047 esr,
2912 1982 3136 2050 loquens
3181 1979 3478 2049 discipulis,
3511 1994 3618 2033 non
3659 1992 3982 2031 mansurum

2382 2071 2610 2141 lapidem
2651 2086 2812 2140 super
2857 2070 3085 2140 lapidem
3126 2070 3178 2122 in
3219 2085 3285 2123 eo
3316 2069 3433 2122 loco
3459 2068 3546 2137 qui
3594 2082 3699 2120 non
3729 2057 3984 2121 diruatur

2382 2162 2593 2235 (Matth.
2640 2161 2730 2216 ει.
2784 2160 2883 2229 2):
2936 2162 3215 2230 perSpicue
3258 2159 3554 2229 praedicens
3598 2172 3721 2213 eum
3754 2172 3985 2226 prorsus

2381 2251 2796 2316 abolendum,et
2824 2252 2873 2305 in
2900 2259 3205 2320 perpetuam
3232 2249 3572 2304 solitudinem
3595 2246 3982 2317 redigendum.

2384 2342 2578 2396 Verum
2609 2340 2823 2395 Judaeus
2860 2341 3077 2394 omnino
3106 2338 3283 2407 rejicit
3307 2338 3408 2392 hoc
3436 2337 3823 2401 testimonium,
3871 2352 3984 2390 nec

2382 2434 2569 2502 recipit
2596 2448 2655 2486 ea
2687 2447 2807 2500 quae
2834 2431 3080 2506 dicimus.
3115 2431 3367 2483 Inimicus
3401 2429 3565 2492 enim,
3598 2429 3787 2495 inquit.
3819 2442 3982 2480 meus

2381 2531 2483 2585 est,
2510 2522 2601 2592 qui
2630 2522 2751 2575 talia
2783 2521 3048 2590 loquitur;
3080 2534 3178 2589 ego
3209 2520 3354 2573 illum
3379 2518 3531 2587 adegi
3564 2519 3615 2571 itt
3644 2532 3857 2571 crucem
3880 2534 3895 2580 ;
3921 2527 3995 2569 et

2382 2612 2648 2682 quomodo
2673 2612 2924 2680 recipiam
2951 2611 3093 2664 illius
3123 2610 3527 2665 testimonium?
3557 2609 3715 2679 Atqui
3746 2609 3848 2662 hoc
3877 2610 3973 2678 ip-

2382 2718 2499 2756 sum
2535 2703 2724 2755 mirum
2750 2709 2854 2767 est,
2903 2716 2936 2754 o
2960 2700 3162 2765 Judaee,
3193 2700 3335 2769 quod
3368 2716 3489 2757 cum
3537 2709 3592 2753 tu
3639 2698 3983 2753 crucifixcris

2382 2808 2527 2857 eum,
2559 2792 2645 2845 ille
2677 2801 2959 2861 postquam
2990 2790 3087 2845 abs
3114 2799 3165 2846 te
3190 2790 3476 2846 cruciﬁxus
3504 2799 3606 2853 est,
3636 2799 3763 2843 tunc
3784 2789 3979 2843 civita-

2384 2893 2489 2937 tem
2522 2892 2664 2936 tuam
2693 2884 2903 2947 evertit,
2938 2892 3079 2936 tuam
3107 2889 3321 2951 gentem
3346 2880 3642 2949 dissipavit,
3688 2888 3839 2933 tuum
3874 2892 3981 2947 po-

2382 2975 2563 3044 pulum
2594 2989 2689 3042 per
2718 2974 3030 3033 universum
3058 2976 3242 3026 orbem
3274 2970 3563 3041 dispersit:
3594 2969 3844 3023 videlicet
3889 2984 3983 3024 re—

2384 3067 2494 3135 ipsa
2516 3065 2815 3128 declarans,
2845 3077 2903 3118 se
2929 3063 3309 3129 resurrexisse,
3340 3075 3405 3117 ac
3429 3061 3628 3123 vivere,
3655 3067 3817 3129 atque
3833 3072 3984 3112 nunc

2382 3170 2503 3210 esse
2545 3156 2599 3210 in
2626 3155 2790 3209 cmiis.
2832 3153 3093 3221 Quoniam
3126 3154 3268 3209 enim
3312 3167 3381 3208 ex
3418 3150 3709 3208 benefactis
3752 3149 3976 3204 noluisti

2382 3250 2673 3317 potentiam
2716 3246 2857 3301 illius
2888 3261 3236 3316 cognoscere,
3267 3261 3364 3315 per
3394 3260 3580 3314 pmnas
3606 3260 3669 3297 ac
3707 3243 3978 3313 supplicia

2380 3337 2770 3392 demonstravit
2798 3337 2960 3391 robur
2983 3352 3158 3399 suum,
3192 3336 3499 3391 inevitabile
3522 3336 3724 3404 pariter
3744 3343 3802 3389 et
3827 3335 3987 3389 inex-

2386 3429 2687 3500 pugnabile.
2723 3429 2789 3481 At
2815 3442 2882 3481 ne
2923 3428 3000 3481 sic
3030 3425 3242 3496 quidem
3284 3425 3482 3492 credis,
3514 3432 3607 3479 aut
3630 3433 3787 3494 putas
3830 3423 3987 3478 illum

2385 3532 2505 3572 esse
2533 3517 2721 3581 Deum,
2752 3530 2815 3572 ac
2846 3517 3010 3572 totius
3038 3517 3183 3572 orbis
3211 3517 3532 3581 Dominum;
3564 3517 3657 3571 sed
3703 3517 3994 3573 arbitraris

2388 3608 2661 3663 hominem
2702 3607 2868 3663 fuisse
2896 3608 3192 3677 vulgarem.
3225 3607 3339 3677 Age
3380 3607 3558 3678 igitur,
3595 3606 3819 3675 perinde
3849 3622 3915 3662 ac
3946 3609 3996 3662 si

2387 3700 2550 3756 homo
2576 3710 2782 3755 tantum
2829 3700 3005 3777 fuerit,
3053 3716 3168 3756 rem
3209 3701 3562 3756 excutiamus.
3590 3700 3723 3754 Cum
3770 3700 3993 3771 aliquos

2386 3792 2631 3846 videmus
2662 3790 2928 3855 homines,
2957 3806 3092 3859 quos
3119 3792 3171 3844 in
3204 3791 3455 3845 omnibus
3480 3792 3846 3860 comperimus
3868 3806 4000 3847 esse

2391 3897 2631 3948 veraces,
2684 3895 2783 3936 nec
2811 3881 2917 3935 ulla
2948 3881 3001 3934 in
3031 3896 3093 3935 re
3120 3881 3481 3936 mentientes:
3515 3882 3728 3949 horum,
3779 3882 3995 3937 etiamsi

2391 3972 2587 4027 fuerint
2616 3973 2819 4037 hostes,
2850 3970 3010 4026 modo
3034 3971 3325 4040 sapiamus,
3359 3970 3500 4025 dicta
3528 3972 3817 4041 recipimus
3844 3965 3996 4027 Rur-

2389 4079 2507 4119 sum
2536 4065 2582 4119 si
2600 4063 2900 4117 viderimus
2926 4076 3022 4117 eos
3059 4061 3636 4131 mentientes,getiamsi
3669 4065 3722 4116 in
3751 4062 3992 4118 nonnul-

2390 4156 2455 4210 lis
2483 4169 2703 4210 veraces
2728 4152 2947 4218 fuerint,
2977 4167 3081 4208 nec
3101 4152 3187 4207 illa
3211 4151 3365 4208 facile
3386 4151 3693 4220 recipimus,
3722 4167 3845 4222 qua:
3865 4167 3999 4207 vere

2390 4246 2459 4300 ab
2487 4245 2589 4299 illis
2614 4244 2759 4300 dicta
2782 4252 2928 4298 sunt.

2462 4339 2519 4390 2.
2560 4336 2817 4391 Christum
2841 4336 2895 4388 in
2932 4333 3341 4404 pradictionibus
3378 4349 3587 4404 prorsus
3611 4347 3837 4385 ueracem
3884 4348 3997 4386 esse

2392 4430 2784 4483 demonstratur.
2808 4456 2881 4468 —
2900 4428 3019 4497 Age
3038 4441 3199 4489 nunc,
3230 4425 3633 4480 consideremus
3652 4422 3851 4479 Christi
3878 4440 4001 4479 mo-

2394 4537 2483 4577 res
2507 4530 2562 4576 et
2603 4521 2788 4575 vitam.
2837 4518 2956 4574 Non
3000 4520 3143 4574 enim
3173 4518 3274 4573 hoc
3303 4527 3505 4572 tantum
3548 4517 3691 4587 quod
3730 4517 3996 4581 diximus,

2395 4612 2666 4682 praedixit,
2699 4623 2860 4679 atque
2889 4610 3285 4681 praenuntiavit,
3318 4624 3503 4664 verum
3531 4610 3692 4663 etiam
3721 4609 3826 4662 alia
3849 4610 4000 4664 mul-

2398 4714 2471 4769 ta,
2500 4702 2658 4771 longo
2687 4710 2807 4772 post
2837 4697 3077 4769 tempore
3103 4708 3361 4763 ventura;
3375 4698 3695 4754 vaticinatus
3721 4708 3827 4752 est.
3866 4698 4001 4753 Pro-

2398 4794 2631 4849 feramus
2660 4795 2816 4864 igitur
2842 4793 3220 4863 praedictiones
3250 4792 3366 4845 illas
3396 4792 3447 4845 in
3480 4791 3756 4847 medium:
3785 4791 3839 4845 in
3872 4792 4003 4861 qui.

2399 4885 2500 4941 bus
2527 4886 2571 4941 si
2602 4886 2799 4941 videris
2826 4886 2972 4939 illum
3004 4884 3339 4948 mendacem,
3370 4897 3437 4938 ne
3460 4882 3599 4937 hanc
3622 4882 3840 4952 quidem
3860 4883 4009 4939 reci-

2403 4978 2535 5046 pito,
2581 4991 2753 5045 neque
2797 4984 2954 5044 putes
2994 4974 3072 5028 illi
3118 4974 3275 5029 fidem
3309 4973 3634 5030 habendam.
3682 4973 3910 5037 Contra,
3958 4976 4003 5028 si

2404 5066 2599 5119 videris
2632 5066 2777 5144 illum
2812 5066 2861 5119 in
2908 5067 3117 5119 caeteris
3156 5065 3406 5118 omnibus
3441 5078 3712 5127 veracem,
3764 5074 3819 5117 et
3857 5062 4012 5117 hanc

2405 5159 2573 5227 ipsam
2622 5155 3018 5224 pra-dictionem
3063 5154 3309 5209 evenisse
3352 5170 3365 5206 :
3415 5154 3608 5209 deinde
3646 5169 3767 5209 cum
3816 5154 4005 5208 videas

2406 5249 2725 5304 immensum
2759 5256 3057 5315 temporum
3102 5246 3429 5303 curriculum
3473 5255 3737 5301 attestans
3785 5247 4007 5301 veritati

2402 5354 2591 5395 eorum
2619 5354 2738 5407 quae
2766 5338 3031 5406 praedixit,
3076 5351 3145 5391 ne
3171 5336 3301 5391 velis
3343 5336 3477 5391 ultra
3519 5335 3807 5405 perfricare
3851 5338 4006 5393 fron-

2409 5438 2538 5494 tem,
2572 5443 2745 5497 neque
2771 5428 2935 5482 rebus
2960 5428 3073 5482 sole
3102 5427 3422 5481 clarioribus
3445 5422 3775 5495 obstrepere.
3813 5426 4014 5482 Videa-

2409 5533 2526 5571 mus
2550 5519 2709 5587 igitur
2729 5519 2853 5587 quid
2877 5528 3135 5588 pneterea
3159 5518 3482 5587 praedixerit.
3502 5517 3744 5571 Accessit
3763 5517 3830 5571 ad
3854 5518 4010 5572 illum

2406 5607 2603 5663 mulier
2623 5607 2946 5662 alabastrum
2971 5608 3173 5663 habens
3194 5606 3445 5677 unguenti
3473 5606 3715 5676 pretiosi.
3737 5618 3790 5661 et
3821 5606 4012 5663 eﬂ‘udit

2409 5707 2736 5769 unguentum
2762 5698 2975 5771 (Matth.
3005 5697 3119 5769 26).
3149 5698 3262 5753 Hoc
3290 5699 3483 5753 factum
3526 5696 3741 5767 indigne
3770 5698 4013 5757 females

2319 5862 2329 5879 ί
2411 5790 2677 5863 discipuli,
2705 5791 2956 5851 dicebant
2980 5810 2993 5845 :
3018 5792 3189 5860 Quare
3211 5808 3314 5846 non
3332 5792 3689 5846 venumdatum
3710 5802 3785 5847 est
3812 5802 4013 5846 trecen-
