  <div class='ocr_page' id='page_1' title='image "/cluster/home/n/w/nwhite01/storage/ocr_20150623/48/pst.000005712458/372.png"; bbox 0 0 4178 6324; ppageno 0'>
   <div class='ocr_carea' id='block_1_1' title="bbox 353 391 465 451">
    <p class='ocr_par' dir='ltr' id='par_1_1' title="bbox 353 391 465 451">
     <span class='ocr_line' id='line_1_1' title="bbox 353 391 465 451; baseline -0.027 0"><span class='ocrx_word' id='word_1_1' title='bbox 353 391 465 451; x_wconf 75' lang='lat'><strong>885</strong></span> 
     </span>
    </p>
   </div>
   <div class='ocr_carea' id='block_1_2' title="bbox 350 507 1962 583">
    <p class='ocr_par' dir='ltr' id='par_1_2' title="bbox 350 507 1962 583">
     <span class='ocr_line' id='line_1_2' title="bbox 350 507 1962 583; baseline -0.002 -15"><span class='ocrx_word' id='word_1_2' title='bbox 350 515 422 568; x_wconf 80' lang='lat' dir='ltr'><strong>tis</strong></span> <span class='ocrx_word' id='word_1_3' title='bbox 445 513 760 578; x_wconf 75' lang='lat' dir='ltr'><strong>denariis,ac</strong></span> <span class='ocrx_word' id='word_1_4' title='bbox 779 512 953 564; x_wconf 82' lang='lat' dir='ltr'><strong>datum</strong></span> <span class='ocrx_word' id='word_1_5' title='bbox 968 509 1271 580; x_wconf 72' lang='lat' dir='ltr'><strong>pauperibus</strong></span> <span class='ocrx_word' id='word_1_6' title='bbox 1289 507 1505 580; x_wconf 76' lang='lat' dir='ltr'><strong>(Matth.</strong></span> <span class='ocrx_word' id='word_1_7' title='bbox 1523 510 1615 564; x_wconf 75' lang='grc'><strong>26.</strong></span> <span class='ocrx_word' id='word_1_8' title='bbox 1633 510 1688 583; x_wconf 89' lang='grc'>9)</span> <span class='ocrx_word' id='word_1_9' title='bbox 1702 512 1726 564; x_wconf 73' lang='lat'><strong>7</strong></span> <span class='ocrx_word' id='word_1_10' title='bbox 1742 510 1855 566; x_wconf 77' lang='lat' dir='ltr'><strong>Hoc</strong></span> <span class='ocrx_word' id='word_1_11' title='bbox 1875 524 1962 564; x_wconf 85' lang='lat' dir='ltr'><strong>re-</strong></span> 
     </span>
    </p>
   </div>
   <div class='ocr_carea' id='block_1_3' title="bbox 353 602 1964 676">
    <p class='ocr_par' dir='ltr' id='par_1_3' title="bbox 353 602 1964 676">
     <span class='ocr_line' id='line_1_3' title="bbox 353 602 1964 676; baseline -0.002 -17"><span class='ocrx_word' id='word_1_12' title='bbox 353 605 703 676; x_wconf 82' lang='lat' dir='ltr'><strong>prehendens</strong></span> <span class='ocrx_word' id='word_1_13' title='bbox 747 605 984 674; x_wconf 97' lang='lat' dir='ltr'><strong>loquitur</strong></span> <span class='ocrx_word' id='word_1_14' title='bbox 1023 604 1076 658; x_wconf 90' lang='lat' dir='ltr'><strong>in</strong></span> <span class='ocrx_word' id='word_1_15' title='bbox 1114 604 1258 659; x_wconf 87' lang='lat' dir='ltr'><strong>hunc</strong></span> <span class='ocrx_word' id='word_1_16' title='bbox 1287 602 1525 668; x_wconf 88' lang='lat' dir='ltr'><strong>modum,</strong></span> <span class='ocrx_word' id='word_1_17' title='bbox 1581 602 1717 670; x_wconf 74' lang='lat' dir='ltr'><strong>Quid</strong></span> <span class='ocrx_word' id='word_1_18' title='bbox 1767 603 1964 657; x_wconf 84' lang='lat' dir='ltr'><strong>molesti</strong></span> 
     </span>
    </p>
   </div>
   <div class='ocr_carea' id='block_1_4' title="bbox 358 692 1957 764">
    <p class='ocr_par' dir='ltr' id='par_1_4' title="bbox 358 692 1957 764">
     <span class='ocr_line' id='line_1_4' title="bbox 358 692 1957 764; baseline -0.003 -13"><span class='ocrx_word' id='word_1_19' title='bbox 358 698 485 751; x_wconf 78' lang='lat' dir='ltr'><strong>estis</strong></span> <span class='ocrx_word' id='word_1_20' title='bbox 513 695 757 749; x_wconf 72' lang='lat' dir='ltr'><strong>mulieri?</strong></span> <span class='ocrx_word' id='word_1_21' title='bbox 781 695 970 749; x_wconf 81' lang='lat' dir='ltr'><strong>bonum</strong></span> <span class='ocrx_word' id='word_1_22' title='bbox 993 696 1128 749; x_wconf 82' lang='lat' dir='ltr'><strong>enim</strong></span> <span class='ocrx_word' id='word_1_23' title='bbox 1155 711 1284 764; x_wconf 85' lang='lat' dir='ltr'><strong>opus</strong></span> <span class='ocrx_word' id='word_1_24' title='bbox 1311 694 1452 764; x_wconf 82' lang='lat' dir='ltr'><strong>fecit.</strong></span> <span class='ocrx_word' id='word_1_25' title='bbox 1485 692 1610 747; x_wconf 84' lang='lat' dir='ltr'><strong>Dico</strong></span> <span class='ocrx_word' id='word_1_26' title='bbox 1636 693 1770 746; x_wconf 85' lang='lat' dir='ltr'><strong>enim</strong></span> <span class='ocrx_word' id='word_1_27' title='bbox 1798 693 1957 758; x_wconf 78' lang='lat' dir='ltr'><strong>vobis,</strong></span> 
     </span>
    </p>
   </div>
   <div class='ocr_carea' id='block_1_5' title="bbox 355 784 1957 856">
    <p class='ocr_par' dir='ltr' id='par_1_5' title="bbox 355 784 1957 856">
     <span class='ocr_line' id='line_1_5' title="bbox 355 784 1957 856; baseline -0.001 -16"><span class='ocrx_word' id='word_1_28' title='bbox 355 788 665 855; x_wconf 70' lang='lat' dir='ltr'><strong>ubicumque</strong></span> <span class='ocrx_word' id='word_1_29' title='bbox 712 786 1049 856; x_wconf 81' lang='lat' dir='ltr'><strong>prtedieiuum</strong></span> <span class='ocrx_word' id='word_1_30' title='bbox 1088 787 1247 854; x_wconf 83' lang='lat' dir='ltr'><strong>fuerit</strong></span> <span class='ocrx_word' id='word_1_31' title='bbox 1277 784 1372 838; x_wconf 84' lang='lat' dir='ltr'><strong>hoc</strong></span> <span class='ocrx_word' id='word_1_32' title='bbox 1414 785 1729 856; x_wconf 74' lang='lat' dir='ltr'><strong>evangelium</strong></span> <span class='ocrx_word' id='word_1_33' title='bbox 1757 785 1811 838; x_wconf 84' lang='lat' dir='ltr'><strong>in</strong></span> <span class='ocrx_word' id='word_1_34' title='bbox 1839 786 1957 838; x_wconf 84' lang='lat' dir='ltr'><strong>uni-</strong></span> 
     </span>
    </p>
   </div>
   <div class='ocr_carea' id='block_1_6' title="bbox 350 869 1959 946">
    <p class='ocr_par' dir='ltr' id='par_1_6' title="bbox 350 869 1959 946">
     <span class='ocr_line' id='line_1_6' title="bbox 350 869 1959 946; baseline -0.002 -14"><span class='ocrx_word' id='word_1_35' title='bbox 350 895 498 932; x_wconf 77' lang='lat' dir='ltr'><strong>versa</strong></span> <span class='ocrx_word' id='word_1_36' title='bbox 523 888 682 940; x_wconf 86' lang='lat' dir='ltr'><strong>terra,</strong></span> <span class='ocrx_word' id='word_1_37' title='bbox 714 878 908 931; x_wconf 84' lang='lat' dir='ltr'><strong>dicetur</strong></span> <span class='ocrx_word' id='word_1_38' title='bbox 926 885 972 930; x_wconf 87' lang='lat' dir='ltr'><strong>et</strong></span> <span class='ocrx_word' id='word_1_39' title='bbox 994 877 1090 929; x_wconf 83' lang='lat' dir='ltr'><strong>hoc</strong></span> <span class='ocrx_word' id='word_1_40' title='bbox 1117 878 1255 946; x_wconf 86' lang='lat' dir='ltr'><strong>quod</strong></span> <span class='ocrx_word' id='word_1_41' title='bbox 1281 876 1388 929; x_wconf 73' lang='lat' dir='ltr'><strong>Im</strong></span> <span class='ocrx_word' id='word_1_42' title='bbox 1409 869 1527 945; x_wconf 78' lang='lat' dir='ltr'><strong>fecit</strong></span> <span class='ocrx_word' id='word_1_43' title='bbox 1546 916 1561 941; x_wconf 97' lang='lat'><strong>,</strong></span> <span class='ocrx_word' id='word_1_44' title='bbox 1589 875 1642 928; x_wconf 84' lang='lat' dir='ltr'><strong>in</strong></span> <span class='ocrx_word' id='word_1_45' title='bbox 1664 877 1959 928; x_wconf 78' lang='lat' dir='ltr'><strong>memoriam</strong></span> 
     </span>
    </p>
   </div>
   <div class='ocr_carea' id='block_1_7' title="bbox 347 966 1953 1040">
    <p class='ocr_par' dir='ltr' id='par_1_7' title="bbox 347 966 1953 1040">
     <span class='ocr_line' id='line_1_7' title="bbox 347 966 1953 1040; baseline -0.002 -17"><span class='ocrx_word' id='word_1_46' title='bbox 347 970 467 1040; x_wconf 84' lang='lat' dir='ltr'><strong>ejus</strong></span> <span class='ocrx_word' id='word_1_47' title='bbox 500 968 603 1040; x_wconf 86' lang='lat' dir='ltr'><strong>(Ib.</strong></span> <span class='ocrx_word' id='word_1_48' title='bbox 641 985 689 1022; x_wconf 78' lang='grc' dir='ltr'><strong>υ.</strong></span> <span class='ocrx_word' id='word_1_49' title='bbox 724 968 812 1023; x_wconf 78' lang='grc'><strong>10.</strong></span> <span class='ocrx_word' id='word_1_50' title='bbox 857 966 957 1039; x_wconf 87' lang='lat' dir='ltr'><strong>sq).</strong></span> <span class='ocrx_word' id='word_1_51' title='bbox 1003 968 1264 1023; x_wconf 88' lang='lat' dir='ltr'><strong>Utrumne</strong></span> <span class='ocrx_word' id='word_1_52' title='bbox 1295 969 1547 1022; x_wconf 88' lang='lat' dir='ltr'><strong>mentitus</strong></span> <span class='ocrx_word' id='word_1_53' title='bbox 1573 976 1676 1033; x_wconf 91' lang='lat' dir='ltr'><strong>est,</strong></span> <span class='ocrx_word' id='word_1_54' title='bbox 1720 982 1787 1021; x_wconf 91' lang='lat' dir='ltr'><strong>an</strong></span> <span class='ocrx_word' id='word_1_55' title='bbox 1816 966 1953 1021; x_wconf 85' lang='lat' dir='ltr'><strong>dixit</strong></span> 
     </span>
    </p>
   </div>
   <div class='ocr_carea' id='block_1_8' title="bbox 345 1059 1956 1132">
    <p class='ocr_par' dir='ltr' id='par_1_8' title="bbox 345 1059 1956 1132">
     <span class='ocr_line' id='line_1_8' title="bbox 345 1059 1956 1132; baseline -0.002 -16"><span class='ocrx_word' id='word_1_56' title='bbox 345 1063 576 1116; x_wconf 77' lang='lat' dir='ltr'><strong>verum?</strong></span> <span class='ocrx_word' id='word_1_57' title='bbox 595 1059 786 1116; x_wconf 87' lang='lat' dir='ltr'><strong>Evenit</strong></span> <span class='ocrx_word' id='word_1_58' title='bbox 805 1060 948 1130; x_wconf 91' lang='lat' dir='ltr'><strong>quod</strong></span> <span class='ocrx_word' id='word_1_59' title='bbox 968 1060 1230 1132; x_wconf 58' lang='lat' dir='ltr'><strong>praedixit,</strong></span> <span class='ocrx_word' id='word_1_60' title='bbox 1248 1076 1313 1114; x_wconf 90' lang='lat' dir='ltr'><strong>an</strong></span> <span class='ocrx_word' id='word_1_61' title='bbox 1335 1059 1431 1114; x_wconf 90' lang='lat' dir='ltr'><strong>fuit</strong></span> <span class='ocrx_word' id='word_1_62' title='bbox 1449 1060 1605 1114; x_wconf 85' lang='lat' dir='ltr'><strong>inane</strong></span> <span class='ocrx_word' id='word_1_63' title='bbox 1622 1059 1956 1113; x_wconf 81' lang='lat' dir='ltr'><strong>vaticinium?</strong></span> 
     </span>
    </p>
   </div>
   <div class='ocr_carea' id='block_1_9' title="bbox 345 1151 1948 1224">
    <p class='ocr_par' dir='ltr' id='par_1_9' title="bbox 345 1151 1948 1224">
     <span class='ocr_line' id='line_1_9' title="bbox 345 1151 1948 1224; baseline -0.002 -16"><span class='ocrx_word' id='word_1_64' title='bbox 345 1154 628 1224; x_wconf 82' lang='lat' dir='ltr'><strong>Interroga</strong></span> <span class='ocrx_word' id='word_1_65' title='bbox 656 1154 932 1224; x_wconf 66' lang='lat' dir='ltr'><strong>Judaeum;</strong></span> <span class='ocrx_word' id='word_1_66' title='bbox 966 1155 1066 1208; x_wconf 89' lang='lat' dir='ltr'><strong>etsi</strong></span> <span class='ocrx_word' id='word_1_67' title='bbox 1097 1154 1290 1208; x_wconf 91' lang='lat' dir='ltr'><strong>millies</strong></span> <span class='ocrx_word' id='word_1_68' title='bbox 1333 1152 1670 1222; x_wconf 88' lang='lat' dir='ltr'><strong>perfricuerit</strong></span> <span class='ocrx_word' id='word_1_69' title='bbox 1699 1151 1948 1215; x_wconf 77' lang='lat' dir='ltr'><strong>frontem,</strong></span> 
     </span>
    </p>
   </div>
   <div class='ocr_carea' id='block_1_10' title="bbox 343 1243 1950 1314">
    <p class='ocr_par' dir='ltr' id='par_1_10' title="bbox 343 1243 1950 1314">
     <span class='ocr_line' id='line_1_10' title="bbox 343 1243 1950 1314; baseline -0.001 -16"><span class='ocrx_word' id='word_1_70' title='bbox 343 1245 609 1300; x_wconf 80' lang='lat' dir='ltr'><strong>adversus</strong></span> <span class='ocrx_word' id='word_1_71' title='bbox 661 1244 798 1299; x_wconf 88' lang='lat' dir='ltr'><strong>hanc</strong></span> <span class='ocrx_word' id='word_1_72' title='bbox 841 1244 1245 1313; x_wconf 69' lang='lat' dir='ltr'><strong>praedictionem</strong></span> <span class='ocrx_word' id='word_1_73' title='bbox 1289 1260 1393 1297; x_wconf 89' lang='lat' dir='ltr'><strong>non</strong></span> <span class='ocrx_word' id='word_1_74' title='bbox 1427 1244 1624 1314; x_wconf 85' lang='lat' dir='ltr'><strong>poterit</strong></span> <span class='ocrx_word' id='word_1_75' title='bbox 1653 1243 1839 1298; x_wconf 91' lang='lat' dir='ltr'><strong>oculos</strong></span> <span class='ocrx_word' id='word_1_76' title='bbox 1866 1250 1950 1296; x_wconf 91' lang='lat' dir='ltr'><strong>at-</strong></span> 
     </span>
    </p>
   </div>
   <div class='ocr_carea' id='block_1_11' title="bbox 346 1332 1951 1390">
    <p class='ocr_par' dir='ltr' id='par_1_11' title="bbox 346 1332 1951 1390">
     <span class='ocr_line' id='line_1_11' title="bbox 346 1332 1951 1390; baseline -0.002 -1"><span class='ocrx_word' id='word_1_77' title='bbox 346 1335 566 1390; x_wconf 89' lang='lat' dir='ltr'><strong>tollere.</strong></span> <span class='ocrx_word' id='word_1_78' title='bbox 597 1335 652 1389; x_wconf 92' lang='lat' dir='ltr'><strong>ln</strong></span> <span class='ocrx_word' id='word_1_79' title='bbox 685 1336 937 1389; x_wconf 90' lang='lat' dir='ltr'><strong>omnibus</strong></span> <span class='ocrx_word' id='word_1_80' title='bbox 977 1334 1121 1388; x_wconf 88' lang='lat' dir='ltr'><strong>enim</strong></span> <span class='ocrx_word' id='word_1_81' title='bbox 1153 1334 1409 1389; x_wconf 82' lang='lat' dir='ltr'><strong>Ecclesiis</strong></span> <span class='ocrx_word' id='word_1_82' title='bbox 1443 1334 1728 1388; x_wconf 88' lang='lat' dir='ltr'><strong>memorari</strong></span> <span class='ocrx_word' id='word_1_83' title='bbox 1759 1332 1951 1386; x_wconf 78' lang='lat' dir='ltr'><strong>mulie-</strong></span> 
     </span>
    </p>
   </div>
   <div class='ocr_carea' id='block_1_12' title="bbox 341 1426 1948 1492">
    <p class='ocr_par' dir='ltr' id='par_1_12' title="bbox 341 1426 1948 1492">
     <span class='ocr_line' id='line_1_12' title="bbox 341 1426 1948 1492; baseline -0.003 -10"><span class='ocrx_word' id='word_1_84' title='bbox 341 1441 466 1482; x_wconf 80' lang='lat' dir='ltr'><strong>rem</strong></span> <span class='ocrx_word' id='word_1_85' title='bbox 498 1428 762 1482; x_wconf 78' lang='lat' dir='ltr'><strong>audimus.</strong></span> <span class='ocrx_word' id='word_1_86' title='bbox 794 1427 931 1483; x_wconf 92' lang='lat' dir='ltr'><strong>Sunt</strong></span> <span class='ocrx_word' id='word_1_87' title='bbox 974 1428 1244 1492; x_wconf 82' lang='lat' dir='ltr'><strong>consules,</strong></span> <span class='ocrx_word' id='word_1_88' title='bbox 1275 1427 1462 1491; x_wconf 91' lang='lat' dir='ltr'><strong>duces,</strong></span> <span class='ocrx_word' id='word_1_89' title='bbox 1507 1426 1628 1492; x_wconf 89' lang='lat' dir='ltr'><strong>viri,</strong></span> <span class='ocrx_word' id='word_1_90' title='bbox 1674 1426 1948 1489; x_wconf 87' lang='lat' dir='ltr'><strong>mulieres,</strong></span> 
     </span>
    </p>
   </div>
   <div class='ocr_carea' id='block_1_13' title="bbox 343 1517 1952 1589">
    <p class='ocr_par' dir='ltr' id='par_1_13' title="bbox 343 1517 1952 1589">
     <span class='ocr_line' id='line_1_13' title="bbox 343 1517 1952 1589; baseline -0.002 -13"><span class='ocrx_word' id='word_1_91' title='bbox 343 1522 580 1586; x_wconf 85' lang='lat' dir='ltr'><strong>nobiles,</strong></span> <span class='ocrx_word' id='word_1_92' title='bbox 609 1521 867 1585; x_wconf 85' lang='lat' dir='ltr'><strong>illustres,</strong></span> <span class='ocrx_word' id='word_1_93' title='bbox 902 1521 1189 1589; x_wconf 84' lang='lat' dir='ltr'><strong>splendidi,</strong></span> <span class='ocrx_word' id='word_1_94' title='bbox 1221 1520 1274 1573; x_wconf 90' lang='lat' dir='ltr'><strong>in</strong></span> <span class='ocrx_word' id='word_1_95' title='bbox 1302 1519 1553 1573; x_wconf 90' lang='lat' dir='ltr'><strong>omnibus</strong></span> <span class='ocrx_word' id='word_1_96' title='bbox 1589 1517 1846 1582; x_wconf 89' lang='lat' dir='ltr'><strong>urbibus;</strong></span> <span class='ocrx_word' id='word_1_97' title='bbox 1897 1528 1952 1572; x_wconf 89' lang='lat' dir='ltr'><strong>et</strong></span> 
     </span>
    </p>
   </div>
   <div class='ocr_carea' id='block_1_14' title="bbox 342 1599 1948 1686">
    <p class='ocr_par' dir='ltr' id='par_1_14' title="bbox 342 1599 1948 1686">
     <span class='ocr_line' id='line_1_14' title="bbox 342 1599 1948 1686; baseline -0.004 -17"><span class='ocrx_word' id='word_1_98' title='bbox 342 1613 406 1669; x_wconf 89' lang='lat' dir='ltr'><strong>in</strong></span> <span class='ocrx_word' id='word_1_99' title='bbox 435 1629 824 1686; x_wconf 85' lang='lat' dir='ltr'><strong>quamcumque</strong></span> <span class='ocrx_word' id='word_1_100' title='bbox 850 1613 998 1668; x_wconf 89' lang='lat' dir='ltr'><strong>orbis</strong></span> <span class='ocrx_word' id='word_1_101' title='bbox 1032 1599 1236 1683; x_wconf 74' lang='lat' dir='ltr'><strong>partem</strong></span> <span class='ocrx_word' id='word_1_102' title='bbox 1267 1611 1572 1677; x_wconf 77' lang='lat' dir='ltr'><strong>deveneris,</strong></span> <span class='ocrx_word' id='word_1_103' title='bbox 1594 1625 1806 1665; x_wconf 85' lang='lat' dir='ltr'><strong>summe</strong></span> <span class='ocrx_word' id='word_1_104' title='bbox 1825 1625 1948 1664; x_wconf 93' lang='lat' dir='ltr'><strong>cum</strong></span> 
     </span>
    </p>
   </div>
   <div class='ocr_carea' id='block_1_15' title="bbox 340 1701 1948 1772">
    <p class='ocr_par' dir='ltr' id='par_1_15' title="bbox 340 1701 1948 1772">
     <span class='ocr_line' id='line_1_15' title="bbox 340 1701 1948 1772; baseline -0.004 -12"><span class='ocrx_word' id='word_1_105' title='bbox 340 1705 563 1760; x_wconf 81' lang='lat' dir='ltr'><strong>silentio</strong></span> <span class='ocrx_word' id='word_1_106' title='bbox 591 1705 776 1760; x_wconf 82' lang='lat' dir='ltr'><strong>audies</strong></span> <span class='ocrx_word' id='word_1_107' title='bbox 802 1704 960 1772; x_wconf 88' lang='lat' dir='ltr'><strong>hujus</strong></span> <span class='ocrx_word' id='word_1_108' title='bbox 987 1704 1227 1759; x_wconf 75' lang='lat' dir='ltr'><strong>mulieris</strong></span> <span class='ocrx_word' id='word_1_109' title='bbox 1255 1703 1490 1758; x_wconf 90' lang='lat' dir='ltr'><strong>ofﬁcium</strong></span> <span class='ocrx_word' id='word_1_110' title='bbox 1529 1720 1544 1757; x_wconf 89' lang='lat'>:</span> <span class='ocrx_word' id='word_1_111' title='bbox 1577 1717 1676 1757; x_wconf 91' lang='lat' dir='ltr'><strong>nec</strong></span> <span class='ocrx_word' id='word_1_112' title='bbox 1725 1711 1811 1756; x_wconf 88' lang='lat' dir='ltr'><strong>est</strong></span> <span class='ocrx_word' id='word_1_113' title='bbox 1839 1701 1948 1756; x_wconf 88' lang='lat' dir='ltr'><strong>ulla</strong></span> 
     </span>
    </p>
   </div>
   <div class='ocr_carea' id='block_1_16' title="bbox 342 1794 1950 1869">
    <p class='ocr_par' dir='ltr' id='par_1_16' title="bbox 342 1794 1950 1869">
     <span class='ocr_line' id='line_1_16' title="bbox 342 1794 1950 1869; baseline -0.002 -16"><span class='ocrx_word' id='word_1_114' title='bbox 342 1797 534 1853; x_wconf 89' lang='lat' dir='ltr'><strong>mundi</strong></span> <span class='ocrx_word' id='word_1_115' title='bbox 561 1798 734 1869; x_wconf 91' lang='lat' dir='ltr'><strong>plaga,</strong></span> <span class='ocrx_word' id='word_1_116' title='bbox 771 1813 891 1868; x_wconf 73' lang='lat' dir='ltr'><strong>qua:</strong></span> <span class='ocrx_word' id='word_1_117' title='bbox 915 1796 1113 1852; x_wconf 88' lang='lat' dir='ltr'><strong>factum</strong></span> <span class='ocrx_word' id='word_1_118' title='bbox 1142 1797 1245 1851; x_wconf 91' lang='lat' dir='ltr'><strong>hoc</strong></span> <span class='ocrx_word' id='word_1_119' title='bbox 1274 1796 1501 1864; x_wconf 82' lang='lat' dir='ltr'><strong>ignoret.</strong></span> <span class='ocrx_word' id='word_1_120' title='bbox 1531 1794 1689 1865; x_wconf 86' lang='lat' dir='ltr'><strong>Atqui</strong></span> <span class='ocrx_word' id='word_1_121' title='bbox 1715 1807 1844 1865; x_wconf 90' lang='lat' dir='ltr'><strong>quot</strong></span> <span class='ocrx_word' id='word_1_122' title='bbox 1865 1809 1950 1849; x_wconf 88' lang='lat' dir='ltr'><strong>re-</strong></span> 
     </span>
    </p>
   </div>
   <div class='ocr_carea' id='block_1_17' title="bbox 338 1881 1945 1958">
    <p class='ocr_par' dir='ltr' id='par_1_17' title="bbox 338 1881 1945 1958">
     <span class='ocr_line' id='line_1_17' title="bbox 338 1881 1945 1958; baseline -0.003 -15"><span class='ocrx_word' id='word_1_123' title='bbox 338 1904 444 1957; x_wconf 76' lang='lat' dir='ltr'><strong>ges</strong></span> <span class='ocrx_word' id='word_1_124' title='bbox 472 1881 638 1942; x_wconf 84' lang='lat' dir='ltr'><strong>multa</strong></span> <span class='ocrx_word' id='word_1_125' title='bbox 669 1902 967 1958; x_wconf 86' lang='lat' dir='ltr'><strong>magnaque</strong></span> <span class='ocrx_word' id='word_1_126' title='bbox 994 1888 1047 1942; x_wconf 92' lang='lat' dir='ltr'><strong>in</strong></span> <span class='ocrx_word' id='word_1_127' title='bbox 1091 1887 1255 1942; x_wconf 87' lang='lat' dir='ltr'><strong>urbes</strong></span> <span class='ocrx_word' id='word_1_128' title='bbox 1285 1887 1628 1941; x_wconf 87' lang='lat' dir='ltr'><strong>contulerunt</strong></span> <span class='ocrx_word' id='word_1_129' title='bbox 1666 1886 1945 1950; x_wconf 89' lang='lat' dir='ltr'><strong>beneﬁcia,</strong></span> 
     </span>
    </p>
   </div>
   <div class='ocr_carea' id='block_1_18' title="bbox 337 1976 1949 2047">
    <p class='ocr_par' dir='ltr' id='par_1_18' title="bbox 337 1976 1949 2047">
     <span class='ocr_line' id='line_1_18' title="bbox 337 1976 1949 2047; baseline -0.004 -13"><span class='ocrx_word' id='word_1_130' title='bbox 337 1978 485 2034; x_wconf 85' lang='lat' dir='ltr'><strong>bella</strong></span> <span class='ocrx_word' id='word_1_131' title='bbox 515 1994 635 2033; x_wconf 89' lang='lat' dir='ltr'><strong>cum</strong></span> <span class='ocrx_word' id='word_1_132' title='bbox 666 1976 820 2032; x_wconf 81' lang='lat' dir='ltr'><strong>laude</strong></span> <span class='ocrx_word' id='word_1_133' title='bbox 844 1985 1150 2047; x_wconf 87' lang='lat' dir='ltr'><strong>gesserunt,</strong></span> <span class='ocrx_word' id='word_1_134' title='bbox 1183 1986 1380 2046; x_wconf 70' lang='lat' dir='ltr'><strong>trepaza</strong></span> <span class='ocrx_word' id='word_1_135' title='bbox 1407 1983 1729 2039; x_wconf 90' lang='lat' dir='ltr'><strong>statuerunt,</strong></span> <span class='ocrx_word' id='word_1_136' title='bbox 1760 1983 1949 2046; x_wconf 79' lang='lat' dir='ltr'><strong>gentes</strong></span> 
     </span>
    </p>
   </div>
   <div class='ocr_carea' id='block_1_19' title="bbox 337 2067 1956 2137">
    <p class='ocr_par' dir='ltr' id='par_1_19' title="bbox 337 2067 1956 2137">
     <span class='ocr_line' id='line_1_19' title="bbox 337 2067 1956 2137; baseline -0.004 -13"><span class='ocrx_word' id='word_1_137' title='bbox 337 2076 754 2134; x_wconf 87' lang='lat' dir='ltr'><strong>conservarunt,</strong></span> <span class='ocrx_word' id='word_1_138' title='bbox 787 2068 949 2123; x_wconf 89' lang='lat' dir='ltr'><strong>urbes</strong></span> <span class='ocrx_word' id='word_1_139' title='bbox 973 2067 1348 2130; x_wconf 89' lang='lat' dir='ltr'><strong>condiderunt,</strong></span> <span class='ocrx_word' id='word_1_140' title='bbox 1371 2076 1425 2122; x_wconf 91' lang='lat' dir='ltr'><strong>et</strong></span> <span class='ocrx_word' id='word_1_141' title='bbox 1451 2067 1766 2122; x_wconf 89' lang='lat' dir='ltr'><strong>innumeros</strong></span> <span class='ocrx_word' id='word_1_142' title='bbox 1790 2081 1956 2137; x_wconf 60' lang='lat' dir='ltr'><strong>para-</strong></span> 
     </span>
    </p>
   </div>
   <div class='ocr_carea' id='block_1_20' title="bbox 337 2159 1947 2230">
    <p class='ocr_par' dir='ltr' id='par_1_20' title="bbox 337 2159 1947 2230">
     <span class='ocr_line' id='line_1_20' title="bbox 337 2159 1947 2230; baseline -0.001 -17"><span class='ocrx_word' id='word_1_143' title='bbox 337 2175 472 2215; x_wconf 79' lang='lat' dir='ltr'><strong>vere</strong></span> <span class='ocrx_word' id='word_1_144' title='bbox 509 2160 715 2216; x_wconf 89' lang='lat' dir='ltr'><strong>reditus</strong></span> <span class='ocrx_word' id='word_1_145' title='bbox 753 2177 768 2215; x_wconf 91' lang='lat'><strong><em>:</em></strong></span> <span class='ocrx_word' id='word_1_146' title='bbox 800 2168 855 2215; x_wconf 91' lang='lat' dir='ltr'><strong>et</strong></span> <span class='ocrx_word' id='word_1_147' title='bbox 885 2167 1063 2214; x_wconf 88' lang='lat' dir='ltr'><strong>tamen</strong></span> <span class='ocrx_word' id='word_1_148' title='bbox 1094 2173 1216 2213; x_wconf 90' lang='lat' dir='ltr'><strong>cum</strong></span> <span class='ocrx_word' id='word_1_149' title='bbox 1247 2159 1328 2213; x_wconf 92' lang='lat' dir='ltr'><strong>his</strong></span> <span class='ocrx_word' id='word_1_150' title='bbox 1363 2159 1620 2228; x_wconf 60' lang='lat' dir='ltr'><strong>praeclare</strong></span> <span class='ocrx_word' id='word_1_151' title='bbox 1657 2160 1825 2230; x_wconf 78' lang='lat' dir='ltr'><strong>gestis</strong></span> <span class='ocrx_word' id='word_1_152' title='bbox 1869 2159 1947 2212; x_wconf 84' lang='lat' dir='ltr'><strong>si-</strong></span> 
     </span>
    </p>
   </div>
   <div class='ocr_carea' id='block_1_21' title="bbox 337 2252 1948 2325">
    <p class='ocr_par' dir='ltr' id='par_1_21' title="bbox 337 2252 1948 2325">
     <span class='ocr_line' id='line_1_21' title="bbox 337 2252 1948 2325; baseline -0.002 -16"><span class='ocrx_word' id='word_1_153' title='bbox 337 2253 511 2309; x_wconf 87' lang='lat' dir='ltr'><strong>lentio</strong></span> <span class='ocrx_word' id='word_1_154' title='bbox 543 2254 841 2325; x_wconf 80' lang='lat' dir='ltr'><strong>teguntur?</strong></span> <span class='ocrx_word' id='word_1_155' title='bbox 887 2254 1022 2309; x_wconf 90' lang='lat' dir='ltr'><strong>Item</strong></span> <span class='ocrx_word' id='word_1_156' title='bbox 1063 2254 1264 2325; x_wconf 74' lang='lat' dir='ltr'><strong>reginrc</strong></span> <span class='ocrx_word' id='word_1_157' title='bbox 1309 2254 1687 2324; x_wconf 75' lang='lat' dir='ltr'><strong>primarichue</strong></span> <span class='ocrx_word' id='word_1_158' title='bbox 1735 2252 1948 2307; x_wconf 72' lang='lat' dir='ltr'><strong>femina:</strong></span> 
     </span>
    </p>
   </div>
   <div class='ocr_carea' id='block_1_22' title="bbox 335 2343 1947 2414">
    <p class='ocr_par' dir='ltr' id='par_1_22' title="bbox 335 2343 1947 2414">
     <span class='ocr_line' id='line_1_22' title="bbox 335 2343 1947 2414; baseline -0.002 -14"><span class='ocrx_word' id='word_1_159' title='bbox 335 2344 753 2401; x_wconf 85' lang='lat' dir='ltr'><strong>innumerabilia</strong></span> <span class='ocrx_word' id='word_1_160' title='bbox 799 2344 1080 2400; x_wconf 75' lang='lat' dir='ltr'><strong>benefacta</strong></span> <span class='ocrx_word' id='word_1_161' title='bbox 1130 2345 1475 2400; x_wconf 85' lang='lat' dir='ltr'><strong>contulerunt</strong></span> <span class='ocrx_word' id='word_1_162' title='bbox 1524 2344 1577 2399; x_wconf 90' lang='lat' dir='ltr'><strong>in</strong></span> <span class='ocrx_word' id='word_1_163' title='bbox 1609 2358 1707 2399; x_wconf 91' lang='lat' dir='ltr'><strong>eos</strong></span> <span class='ocrx_word' id='word_1_164' title='bbox 1752 2343 1947 2414; x_wconf 85' lang='lat' dir='ltr'><strong>quibus</strong></span> 
     </span>
    </p>
   </div>
   <div class='ocr_carea' id='block_1_23' title="bbox 336 2436 1944 2507">
    <p class='ocr_par' dir='ltr' id='par_1_23' title="bbox 336 2436 1944 2507">
     <span class='ocr_line' id='line_1_23' title="bbox 336 2436 1944 2507; baseline -0.002 -15"><span class='ocrx_word' id='word_1_165' title='bbox 336 2437 696 2507; x_wconf 83' lang='lat' dir='ltr'><strong>imperabant,</strong></span> <span class='ocrx_word' id='word_1_166' title='bbox 718 2452 836 2507; x_wconf 75' lang='lat' dir='ltr'><strong>qua:</strong></span> <span class='ocrx_word' id='word_1_167' title='bbox 860 2452 926 2490; x_wconf 92' lang='lat' dir='ltr'><strong>ne</strong></span> <span class='ocrx_word' id='word_1_168' title='bbox 951 2437 1018 2490; x_wconf 91' lang='lat' dir='ltr'><strong>de</strong></span> <span class='ocrx_word' id='word_1_169' title='bbox 1040 2437 1256 2491; x_wconf 88' lang='lat' dir='ltr'><strong>nomine</strong></span> <span class='ocrx_word' id='word_1_170' title='bbox 1282 2436 1498 2507; x_wconf 85' lang='lat' dir='ltr'><strong>quidem</strong></span> <span class='ocrx_word' id='word_1_171' title='bbox 1527 2436 1618 2490; x_wconf 90' lang='lat' dir='ltr'><strong>ulli</strong></span> <span class='ocrx_word' id='word_1_172' title='bbox 1641 2447 1782 2490; x_wconf 75' lang='lat' dir='ltr'><strong>noue</strong></span> <span class='ocrx_word' id='word_1_173' title='bbox 1799 2444 1944 2491; x_wconf 89' lang='lat' dir='ltr'><strong>sunt.</strong></span> 
     </span>
    </p>
   </div>
   <div class='ocr_carea' id='block_1_24' title="bbox 335 2527 1943 2598">
    <p class='ocr_par' dir='ltr' id='par_1_24' title="bbox 335 2527 1943 2598">
     <span class='ocr_line' id='line_1_24' title="bbox 335 2527 1943 2598; baseline 0 -16"><span class='ocrx_word' id='word_1_174' title='bbox 335 2528 468 2583; x_wconf 69' lang='lat' dir='ltr'><strong>Haec</strong></span> <span class='ocrx_word' id='word_1_175' title='bbox 502 2539 683 2582; x_wconf 89' lang='lat' dir='ltr'><strong>autem</strong></span> <span class='ocrx_word' id='word_1_176' title='bbox 710 2528 918 2597; x_wconf 89' lang='lat' dir='ltr'><strong>abjecta</strong></span> <span class='ocrx_word' id='word_1_177' title='bbox 951 2527 1168 2594; x_wconf 90' lang='lat' dir='ltr'><strong>mulier,</strong></span> <span class='ocrx_word' id='word_1_178' title='bbox 1197 2543 1317 2598; x_wconf 74' lang='lat' dir='ltr'><strong>qua:</strong></span> <span class='ocrx_word' id='word_1_179' title='bbox 1360 2536 1567 2582; x_wconf 91' lang='lat' dir='ltr'><strong>tantum</strong></span> <span class='ocrx_word' id='word_1_180' title='bbox 1611 2527 1799 2584; x_wconf 82' lang='lat' dir='ltr'><strong>ell&#39;udit</strong></span> <span class='ocrx_word' id='word_1_181' title='bbox 1845 2543 1943 2582; x_wconf 50' lang='lat' dir='ltr'><strong>nn.</strong></span> 
     </span>
    </p>
   </div>
   <div class='ocr_carea' id='block_1_25' title="bbox 334 2618 1947 2690">
    <p class='ocr_par' dir='ltr' id='par_1_25' title="bbox 334 2618 1947 2690">
     <span class='ocr_line' id='line_1_25' title="bbox 334 2618 1947 2690; baseline -0.002 -15"><span class='ocrx_word' id='word_1_182' title='bbox 334 2631 614 2690; x_wconf 87' lang='lat' dir='ltr'><strong>guentum,</strong></span> <span class='ocrx_word' id='word_1_183' title='bbox 646 2629 758 2675; x_wconf 88' lang='lat' dir='ltr'><strong>toto</strong></span> <span class='ocrx_word' id='word_1_184' title='bbox 787 2629 1046 2674; x_wconf 88' lang='lat' dir='ltr'><strong>terrarum</strong></span> <span class='ocrx_word' id='word_1_185' title='bbox 1068 2620 1200 2675; x_wconf 89' lang='lat' dir='ltr'><strong>orbe</strong></span> <span class='ocrx_word' id='word_1_186' title='bbox 1229 2620 1563 2675; x_wconf 71' lang='lat' dir='ltr'><strong>demittatur.</strong></span> <span class='ocrx_word' id='word_1_187' title='bbox 1587 2618 1665 2674; x_wconf 80' lang='lat' dir='ltr'><strong>Ne</strong></span> <span class='ocrx_word' id='word_1_188' title='bbox 1689 2618 1947 2688; x_wconf 86' lang='lat' dir='ltr'><strong>temporis</strong></span> 
     </span>
    </p>
   </div>
   <div class='ocr_carea' id='block_1_26' title="bbox 332 2709 1944 2782">
    <p class='ocr_par' dir='ltr' id='par_1_26' title="bbox 332 2709 1944 2782">
     <span class='ocr_line' id='line_1_26' title="bbox 332 2709 1944 2782; baseline -0.002 -17"><span class='ocrx_word' id='word_1_189' title='bbox 332 2712 559 2781; x_wconf 87' lang='lat' dir='ltr'><strong>quidem</strong></span> <span class='ocrx_word' id='word_1_190' title='bbox 591 2719 696 2766; x_wconf 90' lang='lat' dir='ltr'><strong>tam</strong></span> <span class='ocrx_word' id='word_1_191' title='bbox 738 2712 1001 2766; x_wconf 88' lang='lat' dir='ltr'><strong>immensa</strong></span> <span class='ocrx_word' id='word_1_192' title='bbox 1031 2711 1307 2782; x_wconf 77' lang='lat' dir='ltr'><strong>longitudo</strong></span> <span class='ocrx_word' id='word_1_193' title='bbox 1334 2709 1649 2766; x_wconf 84' lang='lat' dir='ltr'><strong>memoriam</strong></span> <span class='ocrx_word' id='word_1_194' title='bbox 1685 2710 1827 2763; x_wconf 90' lang='lat' dir='ltr'><strong>illius</strong></span> <span class='ocrx_word' id='word_1_195' title='bbox 1861 2709 1944 2763; x_wconf 89' lang='lat' dir='ltr'><strong>vel</strong></span> 
     </span>
    </p>
   </div>
   <div class='ocr_carea' id='block_1_27' title="bbox 333 2803 1944 2874">
    <p class='ocr_par' dir='ltr' id='par_1_27' title="bbox 333 2803 1944 2874">
     <span class='ocr_line' id='line_1_27' title="bbox 333 2803 1944 2874; baseline -0.002 -15"><span class='ocrx_word' id='word_1_196' title='bbox 333 2805 618 2871; x_wconf 79' lang='lat' dir='ltr'><strong>exstinxit,</strong></span> <span class='ocrx_word' id='word_1_197' title='bbox 658 2803 744 2859; x_wconf 86' lang='lat' dir='ltr'><strong>vel</strong></span> <span class='ocrx_word' id='word_1_198' title='bbox 773 2805 1076 2874; x_wconf 89' lang='lat' dir='ltr'><strong>exslinguet</strong></span> <span class='ocrx_word' id='word_1_199' title='bbox 1101 2819 1376 2872; x_wconf 88' lang='lat' dir='ltr'><strong>umquam,</strong></span> <span class='ocrx_word' id='word_1_200' title='bbox 1409 2804 1568 2874; x_wconf 90' lang='lat' dir='ltr'><strong>idque</strong></span> <span class='ocrx_word' id='word_1_201' title='bbox 1594 2819 1718 2858; x_wconf 92' lang='lat' dir='ltr'><strong>cum</strong></span> <span class='ocrx_word' id='word_1_202' title='bbox 1750 2803 1944 2857; x_wconf 88' lang='lat' dir='ltr'><strong>factum</strong></span> 
     </span>
    </p>
   </div>
   <div class='ocr_carea' id='block_1_28' title="bbox 333 2896 1946 2967">
    <p class='ocr_par' dir='ltr' id='par_1_28' title="bbox 333 2896 1946 2967">
     <span class='ocr_line' id='line_1_28' title="bbox 333 2896 1946 2967; baseline -0.002 -15"><span class='ocrx_word' id='word_1_203' title='bbox 333 2897 518 2967; x_wconf 86' lang='lat' dir='ltr'><strong>ipsum</strong></span> <span class='ocrx_word' id='word_1_204' title='bbox 563 2905 841 2952; x_wconf 85' lang='lat' dir='ltr'><strong>nouesset</strong></span> <span class='ocrx_word' id='word_1_205' title='bbox 886 2897 1093 2967; x_wconf 80' lang='lat' dir='ltr'><strong>insigne</strong></span> <span class='ocrx_word' id='word_1_206' title='bbox 1123 2915 1136 2950; x_wconf 91' lang='lat'>:</span> <span class='ocrx_word' id='word_1_207' title='bbox 1166 2896 1292 2967; x_wconf 89' lang='lat' dir='ltr'><strong>quid</strong></span> <span class='ocrx_word' id='word_1_208' title='bbox 1322 2897 1465 2951; x_wconf 89' lang='lat' dir='ltr'><strong>enim</strong></span> <span class='ocrx_word' id='word_1_209' title='bbox 1497 2896 1673 2964; x_wconf 91' lang='lat' dir='ltr'><strong>magni</strong></span> <span class='ocrx_word' id='word_1_210' title='bbox 1699 2903 1816 2950; x_wconf 85' lang='lat' dir='ltr'><strong>erat</strong></span> <span class='ocrx_word' id='word_1_211' title='bbox 1845 2911 1946 2949; x_wconf 83' lang='lat' dir='ltr'><strong>un-</strong></span> 
     </span>
    </p>
   </div>
   <div class='ocr_carea' id='block_1_29' title="bbox 330 2986 1944 3060">
    <p class='ocr_par' dir='ltr' id='par_1_29' title="bbox 330 2986 1944 3060">
     <span class='ocr_line' id='line_1_29' title="bbox 330 2986 1944 3060; baseline -0.002 -16"><span class='ocrx_word' id='word_1_212' title='bbox 330 2998 596 3060; x_wconf 76' lang='lat' dir='ltr'><strong>guentum</strong></span> <span class='ocrx_word' id='word_1_213' title='bbox 635 2988 951 3044; x_wconf 69' lang='lat' dir='ltr'><strong>effundere?</strong></span> <span class='ocrx_word' id='word_1_214' title='bbox 997 3004 1174 3059; x_wconf 84' lang='lat' dir='ltr'><strong>neque</strong></span> <span class='ocrx_word' id='word_1_215' title='bbox 1205 3003 1432 3058; x_wconf 86' lang='lat' dir='ltr'><strong>persona</strong></span> <span class='ocrx_word' id='word_1_216' title='bbox 1473 2997 1619 3042; x_wconf 86' lang='lat' dir='ltr'><strong>esset</strong></span> <span class='ocrx_word' id='word_1_217' title='bbox 1667 2986 1944 3052; x_wconf 86' lang='lat' dir='ltr'><strong>celebris;</strong></span> 
     </span>
    </p>
   </div>
   <div class='ocr_carea' id='block_1_30' title="bbox 332 3077 1944 3150">
    <p class='ocr_par' dir='ltr' id='par_1_30' title="bbox 332 3077 1944 3150">
     <span class='ocr_line' id='line_1_30' title="bbox 332 3077 1944 3150; baseline -0.004 -12"><span class='ocrx_word' id='word_1_218' title='bbox 332 3093 458 3138; x_wconf 85' lang='lat' dir='ltr'><strong>erat</strong></span> <span class='ocrx_word' id='word_1_219' title='bbox 496 3082 641 3138; x_wconf 88' lang='lat' dir='ltr'><strong>enim</strong></span> <span class='ocrx_word' id='word_1_220' title='bbox 683 3081 878 3136; x_wconf 90' lang='lat' dir='ltr'><strong>mulier</strong></span> <span class='ocrx_word' id='word_1_221' title='bbox 924 3080 1131 3150; x_wconf 70' lang='lat' dir='ltr'><strong>abiecta</strong></span> <span class='ocrx_word' id='word_1_222' title='bbox 1170 3099 1184 3134; x_wconf 85' lang='lat'><strong>:</strong></span> <span class='ocrx_word' id='word_1_223' title='bbox 1219 3095 1394 3150; x_wconf 87' lang='lat' dir='ltr'><strong>neque</strong></span> <span class='ocrx_word' id='word_1_224' title='bbox 1423 3078 1578 3134; x_wconf 87' lang='lat' dir='ltr'><strong>multi</strong></span> <span class='ocrx_word' id='word_1_225' title='bbox 1635 3088 1799 3134; x_wconf 90' lang='lat' dir='ltr'><strong>testes</strong></span> <span class='ocrx_word' id='word_1_226' title='bbox 1845 3077 1944 3132; x_wconf 84' lang='lat' dir='ltr'><strong>ad-</strong></span> 
     </span>
    </p>
   </div>
   <div class='ocr_carea' id='block_1_31' title="bbox 333 3170 1946 3242">
    <p class='ocr_par' dir='ltr' id='par_1_31' title="bbox 333 3170 1946 3242">
     <span class='ocr_line' id='line_1_31' title="bbox 333 3170 1946 3242; baseline -0.003 -11"><span class='ocrx_word' id='word_1_227' title='bbox 333 3182 524 3240; x_wconf 84' lang='lat' dir='ltr'><strong>erant;</strong></span> <span class='ocrx_word' id='word_1_228' title='bbox 555 3189 675 3228; x_wconf 90' lang='lat' dir='ltr'><strong>nam</strong></span> <span class='ocrx_word' id='word_1_229' title='bbox 709 3174 848 3228; x_wconf 88' lang='lat' dir='ltr'><strong>inter</strong></span> <span class='ocrx_word' id='word_1_230' title='bbox 866 3172 1157 3242; x_wconf 80' lang='lat' dir='ltr'><strong>discipulos</strong></span> <span class='ocrx_word' id='word_1_231' title='bbox 1181 3187 1268 3226; x_wconf 89' lang='lat' dir='ltr'><strong>res</strong></span> <span class='ocrx_word' id='word_1_232' title='bbox 1283 3181 1366 3226; x_wconf 91' lang='lat' dir='ltr'><strong>est</strong></span> <span class='ocrx_word' id='word_1_233' title='bbox 1380 3179 1528 3242; x_wconf 87' lang='lat' dir='ltr'><strong>gesta</strong></span> <span class='ocrx_word' id='word_1_234' title='bbox 1554 3189 1566 3225; x_wconf 91' lang='lat'>:</span> <span class='ocrx_word' id='word_1_235' title='bbox 1596 3186 1769 3242; x_wconf 90' lang='lat' dir='ltr'><strong>neque</strong></span> <span class='ocrx_word' id='word_1_236' title='bbox 1796 3170 1946 3226; x_wconf 88' lang='lat' dir='ltr'><strong>locus</strong></span> 
     </span>
    </p>
   </div>
   <div class='ocr_carea' id='block_1_32' title="bbox 333 3262 1942 3335">
    <p class='ocr_par' dir='ltr' id='par_1_32' title="bbox 333 3262 1942 3335">
     <span class='ocr_line' id='line_1_32' title="bbox 333 3262 1942 3335; baseline -0.002 -15"><span class='ocrx_word' id='word_1_237' title='bbox 333 3264 568 3330; x_wconf 84' lang='lat' dir='ltr'><strong>nobilis;</strong></span> <span class='ocrx_word' id='word_1_238' title='bbox 601 3279 777 3335; x_wconf 89' lang='lat' dir='ltr'><strong>neque</strong></span> <span class='ocrx_word' id='word_1_239' title='bbox 793 3265 937 3319; x_wconf 90' lang='lat' dir='ltr'><strong>enim</strong></span> <span class='ocrx_word' id='word_1_240' title='bbox 968 3263 1069 3318; x_wconf 90' lang='lat' dir='ltr'><strong>hoc</strong></span> <span class='ocrx_word' id='word_1_241' title='bbox 1093 3262 1216 3318; x_wconf 82' lang='lat' dir='ltr'><strong>fecit</strong></span> <span class='ocrx_word' id='word_1_242' title='bbox 1248 3279 1344 3332; x_wconf 90' lang='lat' dir='ltr'><strong>per</strong></span> <span class='ocrx_word' id='word_1_243' title='bbox 1365 3264 1631 3318; x_wconf 89' lang='lat' dir='ltr'><strong>theatrum</strong></span> <span class='ocrx_word' id='word_1_244' title='bbox 1658 3263 1942 3326; x_wconf 88' lang='lat' dir='ltr'><strong>lransiens,</strong></span> 
     </span>
    </p>
   </div>
   <div class='ocr_carea' id='block_1_33' title="bbox 332 3353 1941 3428">
    <p class='ocr_par' dir='ltr' id='par_1_33' title="bbox 332 3353 1941 3428">
     <span class='ocr_line' id='line_1_33' title="bbox 332 3353 1941 3428; baseline -0.003 -17"><span class='ocrx_word' id='word_1_245' title='bbox 332 3355 514 3428; x_wconf 71' lang='lat' dir='ltr'><strong>sedjn</strong></span> <span class='ocrx_word' id='word_1_246' title='bbox 540 3354 703 3410; x_wconf 91' lang='lat' dir='ltr'><strong>domo</strong></span> <span class='ocrx_word' id='word_1_247' title='bbox 729 3354 916 3410; x_wconf 86' lang='lat' dir='ltr'><strong>decem</strong></span> <span class='ocrx_word' id='word_1_248' title='bbox 937 3355 1216 3409; x_wconf 81' lang='lat' dir='ltr'><strong>dumtaxat</strong></span> <span class='ocrx_word' id='word_1_249' title='bbox 1237 3353 1545 3408; x_wconf 90' lang='lat' dir='ltr'><strong>hominibus</strong></span> <span class='ocrx_word' id='word_1_250' title='bbox 1569 3354 1941 3423; x_wconf 72' lang='lat' dir='ltr'><strong>przesentibus.</strong></span> 
     </span>
    </p>
   </div>
   <div class='ocr_carea' id='block_1_34' title="bbox 333 3446 1942 3516">
    <p class='ocr_par' dir='ltr' id='par_1_34' title="bbox 333 3446 1942 3516">
     <span class='ocr_line' id='line_1_34' title="bbox 333 3446 1942 3516; baseline -0.002 -14"><span class='ocrx_word' id='word_1_251' title='bbox 333 3449 592 3502; x_wconf 79' lang='lat' dir='ltr'><strong>Attamen</strong></span> <span class='ocrx_word' id='word_1_252' title='bbox 620 3461 794 3516; x_wconf 88' lang='lat' dir='ltr'><strong>neque</strong></span> <span class='ocrx_word' id='word_1_253' title='bbox 839 3461 1086 3516; x_wconf 85' lang='lat' dir='ltr'><strong>person:e</strong></span> <span class='ocrx_word' id='word_1_254' title='bbox 1116 3446 1313 3510; x_wconf 82' lang='lat' dir='ltr'><strong>vilitas,</strong></span> <span class='ocrx_word' id='word_1_255' title='bbox 1343 3461 1517 3516; x_wconf 89' lang='lat' dir='ltr'><strong>neque</strong></span> <span class='ocrx_word' id='word_1_256' title='bbox 1551 3446 1766 3500; x_wconf 89' lang='lat' dir='ltr'><strong>testium</strong></span> <span class='ocrx_word' id='word_1_257' title='bbox 1809 3461 1942 3515; x_wconf 86' lang='lat' dir='ltr'><strong>pau-</strong></span> 
     </span>
    </p>
   </div>
   <div class='ocr_carea' id='block_1_35' title="bbox 331 3537 1943 3607">
    <p class='ocr_par' dir='ltr' id='par_1_35' title="bbox 331 3537 1943 3607">
     <span class='ocr_line' id='line_1_35' title="bbox 331 3537 1943 3607; baseline -0.001 -15"><span class='ocrx_word' id='word_1_258' title='bbox 331 3541 496 3598; x_wconf 85' lang='lat' dir='ltr'><strong>citas,</strong></span> <span class='ocrx_word' id='word_1_259' title='bbox 529 3552 705 3607; x_wconf 90' lang='lat' dir='ltr'><strong>neque</strong></span> <span class='ocrx_word' id='word_1_260' title='bbox 736 3537 836 3591; x_wconf 91' lang='lat' dir='ltr'><strong>loci</strong></span> <span class='ocrx_word' id='word_1_261' title='bbox 883 3538 1207 3602; x_wconf 85' lang='lat' dir='ltr'><strong>obscuritas,</strong></span> <span class='ocrx_word' id='word_1_262' title='bbox 1242 3552 1417 3606; x_wconf 90' lang='lat' dir='ltr'><strong>neque</strong></span> <span class='ocrx_word' id='word_1_263' title='bbox 1447 3537 1550 3590; x_wconf 88' lang='lat' dir='ltr'><strong>ulla</strong></span> <span class='ocrx_word' id='word_1_264' title='bbox 1585 3551 1674 3591; x_wconf 88' lang='lat' dir='ltr'><strong>res</strong></span> <span class='ocrx_word' id='word_1_265' title='bbox 1719 3537 1822 3591; x_wconf 89' lang='lat' dir='ltr'><strong>alia</strong></span> <span class='ocrx_word' id='word_1_266' title='bbox 1851 3552 1943 3606; x_wconf 79' lang='lat' dir='ltr'><strong>po-</strong></span> 
     </span>
    </p>
   </div>
   <div class='ocr_carea' id='block_1_36' title="bbox 332 3629 1945 3701">
    <p class='ocr_par' dir='ltr' id='par_1_36' title="bbox 332 3629 1945 3701">
     <span class='ocr_line' id='line_1_36' title="bbox 332 3629 1945 3701; baseline 0 -17"><span class='ocrx_word' id='word_1_267' title='bbox 332 3631 443 3685; x_wconf 86' lang='lat' dir='ltr'><strong>tuit</strong></span> <span class='ocrx_word' id='word_1_268' title='bbox 493 3630 634 3685; x_wconf 90' lang='lat' dir='ltr'><strong>illius</strong></span> <span class='ocrx_word' id='word_1_269' title='bbox 680 3629 903 3684; x_wconf 89' lang='lat' dir='ltr'><strong>abolere</strong></span> <span class='ocrx_word' id='word_1_270' title='bbox 953 3630 1289 3683; x_wconf 86' lang='lat' dir='ltr'><strong>memoriam.</strong></span> <span class='ocrx_word' id='word_1_271' title='bbox 1336 3629 1476 3696; x_wconf 92' lang='lat' dir='ltr'><strong>Quin</strong></span> <span class='ocrx_word' id='word_1_272' title='bbox 1521 3630 1700 3700; x_wconf 84' lang='lat' dir='ltr'><strong>potius</strong></span> <span class='ocrx_word' id='word_1_273' title='bbox 1743 3630 1945 3701; x_wconf 88' lang='lat' dir='ltr'><strong>reginis</strong></span> 
     </span>
    </p>
   </div>
   <div class='ocr_carea' id='block_1_37' title="bbox 330 3719 1943 3791">
    <p class='ocr_par' dir='ltr' id='par_1_37' title="bbox 330 3719 1943 3791">
     <span class='ocr_line' id='line_1_37' title="bbox 330 3719 1943 3791; baseline -0.001 -15"><span class='ocrx_word' id='word_1_274' title='bbox 330 3722 590 3777; x_wconf 78' lang='lat' dir='ltr'><strong>omnibus</strong></span> <span class='ocrx_word' id='word_1_275' title='bbox 617 3736 682 3776; x_wconf 89' lang='lat' dir='ltr'><strong>ac</strong></span> <span class='ocrx_word' id='word_1_276' title='bbox 709 3721 924 3791; x_wconf 88' lang='lat' dir='ltr'><strong>regibus</strong></span> <span class='ocrx_word' id='word_1_277' title='bbox 956 3720 1218 3775; x_wconf 87' lang='lat' dir='ltr'><strong>universis</strong></span> <span class='ocrx_word' id='word_1_278' title='bbox 1243 3720 1507 3775; x_wconf 89' lang='lat' dir='ltr'><strong>celebrior</strong></span> <span class='ocrx_word' id='word_1_279' title='bbox 1545 3728 1629 3775; x_wconf 87' lang='lat' dir='ltr'><strong>est</strong></span> <span class='ocrx_word' id='word_1_280' title='bbox 1657 3734 1799 3774; x_wconf 93' lang='lat' dir='ltr'><strong>nunc</strong></span> <span class='ocrx_word' id='word_1_281' title='bbox 1827 3719 1943 3775; x_wconf 70' lang='lat' dir='ltr'><strong>hare</strong></span> 
     </span>
    </p>
   </div>
   <div class='ocr_carea' id='block_1_38' title="bbox 333 3810 1940 3881">
    <p class='ocr_par' dir='ltr' id='par_1_38' title="bbox 333 3810 1940 3881">
     <span class='ocr_line' id='line_1_38' title="bbox 333 3810 1940 3881; baseline -0.001 -13"><span class='ocrx_word' id='word_1_282' title='bbox 333 3813 556 3877; x_wconf 83' lang='lat' dir='ltr'><strong>mulier,</strong></span> <span class='ocrx_word' id='word_1_283' title='bbox 605 3828 704 3868; x_wconf 90' lang='lat' dir='ltr'><strong>nec</strong></span> <span class='ocrx_word' id='word_1_284' title='bbox 730 3812 838 3866; x_wconf 90' lang='lat' dir='ltr'><strong>ulla</strong></span> <span class='ocrx_word' id='word_1_285' title='bbox 867 3820 996 3867; x_wconf 70' lang='lat' dir='ltr'><strong>tetas</strong></span> <span class='ocrx_word' id='word_1_286' title='bbox 1037 3812 1292 3867; x_wconf 81' lang='lat' dir='ltr'><strong>oblivioni</strong></span> <span class='ocrx_word' id='word_1_287' title='bbox 1323 3811 1540 3865; x_wconf 87' lang='lat' dir='ltr'><strong>tradidit</strong></span> <span class='ocrx_word' id='word_1_288' title='bbox 1569 3810 1712 3881; x_wconf 88' lang='lat' dir='ltr'><strong>quod</strong></span> <span class='ocrx_word' id='word_1_289' title='bbox 1743 3812 1940 3866; x_wconf 82' lang='lat' dir='ltr'><strong>factttm</strong></span> 
     </span>
    </p>
   </div>
   <div class='ocr_carea' id='block_1_39' title="bbox 332 3901 1940 3973">
    <p class='ocr_par' dir='ltr' id='par_1_39' title="bbox 332 3901 1940 3973">
     <span class='ocr_line' id='line_1_39' title="bbox 332 3901 1940 3973; baseline -0.002 -14"><span class='ocrx_word' id='word_1_290' title='bbox 332 3914 443 3959; x_wconf 84' lang='lat' dir='ltr'><strong>est.</strong></span> <span class='ocrx_word' id='word_1_291' title='bbox 472 3903 627 3959; x_wconf 85' lang='lat' dir='ltr'><strong>Unde</strong></span> <span class='ocrx_word' id='word_1_292' title='bbox 657 3903 730 3968; x_wconf 91' lang='lat' dir='ltr'><strong>id,</strong></span> <span class='ocrx_word' id='word_1_293' title='bbox 759 3903 846 3959; x_wconf 88' lang='lat' dir='ltr'><strong>dic</strong></span> <span class='ocrx_word' id='word_1_294' title='bbox 883 3903 1038 3970; x_wconf 90' lang='lat' dir='ltr'><strong>mihi,</strong></span> <span class='ocrx_word' id='word_1_295' title='bbox 1078 3912 1169 3958; x_wconf 87' lang='lat' dir='ltr'><strong>aut</strong></span> <span class='ocrx_word' id='word_1_296' title='bbox 1195 3903 1316 3973; x_wconf 87' lang='lat' dir='ltr'><strong>quis</strong></span> <span class='ocrx_word' id='word_1_297' title='bbox 1347 3904 1448 3957; x_wconf 86' lang='lat' dir='ltr'><strong>hoc</strong></span> <span class='ocrx_word' id='word_1_298' title='bbox 1474 3903 1690 3958; x_wconf 79' lang='lat' dir='ltr'><strong>eil&#39;ecit?</strong></span> <span class='ocrx_word' id='word_1_299' title='bbox 1748 3901 1940 3957; x_wconf 77' lang='lat' dir='ltr'><strong>Annon</strong></span> 
     </span>
    </p>
   </div>
   <div class='ocr_carea' id='block_1_40' title="bbox 333 3977 1943 4066">
    <p class='ocr_par' dir='ltr' id='par_1_40' title="bbox 333 3977 1943 4066">
     <span class='ocr_line' id='line_1_40' title="bbox 333 3977 1943 4066; baseline -0.001 -16"><span class='ocrx_word' id='word_1_300' title='bbox 333 3998 483 4051; x_wconf 86' lang='lat' dir='ltr'><strong>Deus</strong></span> <span class='ocrx_word' id='word_1_301' title='bbox 525 3997 659 4066; x_wconf 79' lang='lat' dir='ltr'><strong>ipse,</strong></span> <span class='ocrx_word' id='word_1_302' title='bbox 703 3995 788 4050; x_wconf 91' lang='lat' dir='ltr'><strong>cui</strong></span> <span class='ocrx_word' id='word_1_303' title='bbox 827 4005 937 4050; x_wconf 91' lang='lat' dir='ltr'><strong>tum</strong></span> <span class='ocrx_word' id='word_1_304' title='bbox 969 3994 1072 4050; x_wconf 85' lang='lat' dir='ltr'><strong>hoc</strong></span> <span class='ocrx_word' id='word_1_305' title='bbox 1113 3977 1351 4050; x_wconf 83' lang='lat' dir='ltr'><strong>ofﬁcium</strong></span> <span class='ocrx_word' id='word_1_306' title='bbox 1381 3995 1756 4064; x_wconf 66' lang='lat' dir='ltr'><strong>prmstabatur,</strong></span> <span class='ocrx_word' id='word_1_307' title='bbox 1805 3993 1943 4049; x_wconf 90' lang='lat' dir='ltr'><strong>hanc</strong></span> 
     </span>
    </p>
   </div>
   <div class='ocr_carea' id='block_1_41' title="bbox 329 4084 1941 4158">
    <p class='ocr_par' dir='ltr' id='par_1_41' title="bbox 329 4084 1941 4158">
     <span class='ocr_line' id='line_1_41' title="bbox 329 4084 1941 4158; baseline -0.002 -15"><span class='ocrx_word' id='word_1_308' title='bbox 329 4089 535 4144; x_wconf 74' lang='lat' dir='ltr'><strong>famam</strong></span> <span class='ocrx_word' id='word_1_309' title='bbox 567 4103 662 4158; x_wconf 88' lang='lat' dir='ltr'><strong>per</strong></span> <span class='ocrx_word' id='word_1_310' title='bbox 691 4087 873 4141; x_wconf 89' lang='lat' dir='ltr'><strong>omnia</strong></span> <span class='ocrx_word' id='word_1_311' title='bbox 913 4098 1175 4142; x_wconf 89' lang='lat' dir='ltr'><strong>terrarum</strong></span> <span class='ocrx_word' id='word_1_312' title='bbox 1221 4086 1337 4141; x_wconf 89' lang='lat' dir='ltr'><strong>loca</strong></span> <span class='ocrx_word' id='word_1_313' title='bbox 1384 4085 1681 4155; x_wconf 82' lang='lat' dir='ltr'><strong>dispersit?</strong></span> <span class='ocrx_word' id='word_1_314' title='bbox 1708 4084 1941 4141; x_wconf 83' lang='lat' dir='ltr'><strong>Proinde</strong></span> 
     </span>
    </p>
   </div>
   <div class='ocr_carea' id='block_1_42' title="bbox 329 4177 1940 4248">
    <p class='ocr_par' dir='ltr' id='par_1_42' title="bbox 329 4177 1940 4248">
     <span class='ocr_line' id='line_1_42' title="bbox 329 4177 1940 4248; baseline -0.002 -14"><span class='ocrx_word' id='word_1_315' title='bbox 329 4181 428 4234; x_wconf 86' lang='lat' dir='ltr'><strong>dic</strong></span> <span class='ocrx_word' id='word_1_316' title='bbox 451 4180 601 4243; x_wconf 92' lang='lat' dir='ltr'><strong>mihi,</strong></span> <span class='ocrx_word' id='word_1_317' title='bbox 628 4195 757 4233; x_wconf 89' lang='lat' dir='ltr'><strong>num</strong></span> <span class='ocrx_word' id='word_1_318' title='bbox 786 4177 1093 4248; x_wconf 85' lang='lat' dir='ltr'><strong>bujusmodi</strong></span> <span class='ocrx_word' id='word_1_319' title='bbox 1123 4178 1420 4248; x_wconf 71' lang='lat' dir='ltr'><strong>prmdicere</strong></span> <span class='ocrx_word' id='word_1_320' title='bbox 1449 4177 1665 4230; x_wconf 91' lang='lat' dir='ltr'><strong>virtutis</strong></span> <span class='ocrx_word' id='word_1_321' title='bbox 1692 4177 1940 4231; x_wconf 77' lang='lat' dir='ltr'><strong>humana:</strong></span> 
     </span>
    </p>
   </div>
   <div class='ocr_carea' id='block_1_43' title="bbox 328 4267 1936 4336">
    <p class='ocr_par' dir='ltr' id='par_1_43' title="bbox 328 4267 1936 4336">
     <span class='ocr_line' id='line_1_43' title="bbox 328 4267 1936 4336; baseline 0.001 -15"><span class='ocrx_word' id='word_1_322' title='bbox 328 4271 580 4324; x_wconf 82' lang='lat' dir='ltr'><strong>videtur?</strong></span> <span class='ocrx_word' id='word_1_323' title='bbox 627 4269 758 4336; x_wconf 85' lang='lat' dir='ltr'><strong>Quis</strong></span> <span class='ocrx_word' id='word_1_324' title='bbox 800 4270 942 4323; x_wconf 89' lang='lat' dir='ltr'><strong>enim</strong></span> <span class='ocrx_word' id='word_1_325' title='bbox 977 4283 1121 4322; x_wconf 83' lang='lat' dir='ltr'><strong>same</strong></span> <span class='ocrx_word' id='word_1_326' title='bbox 1148 4269 1366 4323; x_wconf 64' lang='lat' dir='ltr'><strong>‘mentis</strong></span> <span class='ocrx_word' id='word_1_327' title='bbox 1395 4269 1496 4322; x_wconf 86' lang='lat' dir='ltr'><strong>hoc</strong></span> <span class='ocrx_word' id='word_1_328' title='bbox 1538 4268 1776 4322; x_wconf 79' lang='lat' dir='ltr'><strong>dixerit?</strong></span> <span class='ocrx_word' id='word_1_329' title='bbox 1803 4267 1936 4322; x_wconf 85' lang='lat' dir='ltr'><strong>Nam</strong></span> 
     </span>
    </p>
   </div>
   <div class='ocr_carea' id='block_1_44' title="bbox 328 4359 1938 4432">
    <p class='ocr_par' dir='ltr' id='par_1_44' title="bbox 328 4359 1938 4432">
     <span class='ocr_line' id='line_1_44' title="bbox 328 4359 1938 4432; baseline -0.001 -16"><span class='ocrx_word' id='word_1_330' title='bbox 328 4362 633 4432; x_wconf 60' lang='lat' dir='ltr'><strong>praedicere</strong></span> <span class='ocrx_word' id='word_1_331' title='bbox 649 4377 767 4431; x_wconf 72' lang='lat' dir='ltr'><strong>qum</strong></span> <span class='ocrx_word' id='word_1_332' title='bbox 795 4361 1030 4415; x_wconf 88' lang='lat' dir='ltr'><strong>facturus</strong></span> <span class='ocrx_word' id='word_1_333' title='bbox 1051 4371 1214 4425; x_wconf 85' lang='lat' dir='ltr'><strong>esset,</strong></span> <span class='ocrx_word' id='word_1_334' title='bbox 1241 4361 1433 4413; x_wconf 90' lang='lat' dir='ltr'><strong>mirum</strong></span> <span class='ocrx_word' id='word_1_335' title='bbox 1474 4359 1690 4426; x_wconf 87' lang='lat' dir='ltr'><strong>quidem</strong></span> <span class='ocrx_word' id='word_1_336' title='bbox 1722 4375 1784 4413; x_wconf 88' lang='lat' dir='ltr'><strong>ac</strong></span> <span class='ocrx_word' id='word_1_337' title='bbox 1810 4375 1938 4429; x_wconf 72' lang='lat' dir='ltr'><strong>pro~</strong></span> 
     </span>
    </p>
   </div>
   <div class='ocr_carea' id='block_1_45' title="bbox 329 4450 1938 4525">
    <p class='ocr_par' dir='ltr' id='par_1_45' title="bbox 329 4450 1938 4525">
     <span class='ocr_line' id='line_1_45' title="bbox 329 4450 1938 4525; baseline -0.002 -19"><span class='ocrx_word' id='word_1_338' title='bbox 329 4454 603 4523; x_wconf 86' lang='lat' dir='ltr'><strong>digiosum</strong></span> <span class='ocrx_word' id='word_1_339' title='bbox 632 4470 646 4506; x_wconf 89' lang='lat'><strong>:</strong></span> <span class='ocrx_word' id='word_1_340' title='bbox 674 4467 860 4506; x_wconf 88' lang='lat' dir='ltr'><strong>verum</strong></span> <span class='ocrx_word' id='word_1_341' title='bbox 889 4451 1183 4520; x_wconf 72' lang='lat' dir='ltr'><strong>praadicere</strong></span> <span class='ocrx_word' id='word_1_342' title='bbox 1207 4467 1326 4521; x_wconf 67' lang='lat' dir='ltr'><strong>quae</strong></span> <span class='ocrx_word' id='word_1_343' title='bbox 1355 4450 1446 4505; x_wconf 87' lang='lat' dir='ltr'><strong>alii</strong></span> <span class='ocrx_word' id='word_1_344' title='bbox 1472 4451 1663 4525; x_wconf 82' lang='lat' dir='ltr'><strong>facturi</strong></span> <span class='ocrx_word' id='word_1_345' title='bbox 1691 4459 1834 4518; x_wconf 88' lang='lat' dir='ltr'><strong>sunt,</strong></span> <span class='ocrx_word' id='word_1_346' title='bbox 1863 4451 1938 4506; x_wconf 77' lang='lat' dir='ltr'><strong>ef-</strong></span> 
     </span>
    </p>
   </div>
   <div class='ocr_carea' id='block_1_46' title="bbox 330 4542 1937 4614">
    <p class='ocr_par' dir='ltr' id='par_1_46' title="bbox 330 4542 1937 4614">
     <span class='ocr_line' id='line_1_46' title="bbox 330 4542 1937 4614; baseline -0.002 -15"><span class='ocrx_word' id='word_1_347' title='bbox 330 4545 608 4614; x_wconf 77' lang='lat' dir='ltr'><strong>ﬁcercque</strong></span> <span class='ocrx_word' id='word_1_348' title='bbox 636 4555 688 4598; x_wconf 91' lang='lat' dir='ltr'><strong>ut</strong></span> <span class='ocrx_word' id='word_1_349' title='bbox 721 4543 856 4597; x_wconf 90' lang='lat' dir='ltr'><strong>ﬁdes</strong></span> <span class='ocrx_word' id='word_1_350' title='bbox 887 4543 993 4596; x_wconf 88' lang='lat' dir='ltr'><strong>illis</strong></span> <span class='ocrx_word' id='word_1_351' title='bbox 1021 4542 1302 4607; x_wconf 84' lang='lat' dir='ltr'><strong>habeatur,</strong></span> <span class='ocrx_word' id='word_1_352' title='bbox 1331 4545 1544 4612; x_wconf 86' lang='lat' dir='ltr'><strong>sintque</strong></span> <span class='ocrx_word' id='word_1_353' title='bbox 1571 4543 1781 4597; x_wconf 67' lang='lat' dir='ltr'><strong>cunctis</strong></span> <span class='ocrx_word' id='word_1_354' title='bbox 1814 4557 1937 4611; x_wconf 89' lang='lat' dir='ltr'><strong>per-</strong></span> 
     </span>
    </p>
   </div>
   <div class='ocr_carea' id='block_1_47' title="bbox 328 4633 1938 4704">
    <p class='ocr_par' dir='ltr' id='par_1_47' title="bbox 328 4633 1938 4704">
     <span class='ocr_line' id='line_1_47' title="bbox 328 4633 1938 4704; baseline -0.003 -12"><span class='ocrx_word' id='word_1_355' title='bbox 328 4638 544 4704; x_wconf 85' lang='lat' dir='ltr'><strong>spicua,</strong></span> <span class='ocrx_word' id='word_1_356' title='bbox 575 4636 746 4690; x_wconf 87' lang='lat' dir='ltr'><strong>multo</strong></span> <span class='ocrx_word' id='word_1_357' title='bbox 794 4635 968 4700; x_wconf 89' lang='lat' dir='ltr'><strong>majus</strong></span> <span class='ocrx_word' id='word_1_358' title='bbox 994 4642 1074 4689; x_wconf 90' lang='lat' dir='ltr'><strong>est</strong></span> <span class='ocrx_word' id='word_1_359' title='bbox 1119 4649 1181 4688; x_wconf 89' lang='lat' dir='ltr'><strong>ac</strong></span> <span class='ocrx_word' id='word_1_360' title='bbox 1209 4633 1526 4688; x_wconf 89' lang='lat' dir='ltr'><strong>mirabilius.</strong></span> <span class='ocrx_word' id='word_1_361' title='bbox 1560 4633 1766 4687; x_wconf 79' lang='lat' dir='ltr'><strong>Rursus</strong></span> <span class='ocrx_word' id='word_1_362' title='bbox 1799 4649 1938 4701; x_wconf 74' lang='lat' dir='ltr'><strong>pra:-</strong></span> 
     </span>
    </p>
   </div>
   <div class='ocr_carea' id='block_1_48' title="bbox 327 4725 1937 4799">
    <p class='ocr_par' dir='ltr' id='par_1_48' title="bbox 327 4725 1937 4799">
     <span class='ocr_line' id='line_1_48' title="bbox 327 4725 1937 4799; baseline -0.005 -12"><span class='ocrx_word' id='word_1_363' title='bbox 327 4732 474 4787; x_wconf 78' lang='lat' dir='ltr'><strong>disit</strong></span> <span class='ocrx_word' id='word_1_364' title='bbox 499 4731 696 4785; x_wconf 82' lang='lat' dir='ltr'><strong>Petro:</strong></span> <span class='ocrx_word' id='word_1_365' title='bbox 751 4729 924 4799; x_wconf 82' lang='lat' dir='ltr'><strong>Super</strong></span> <span class='ocrx_word' id='word_1_366' title='bbox 950 4727 1082 4781; x_wconf 80' lang='lat' dir='ltr'><strong>hanc</strong></span> <span class='ocrx_word' id='word_1_367' title='bbox 1107 4735 1300 4797; x_wconf 83' lang='lat' dir='ltr'><strong>petram</strong></span> <span class='ocrx_word' id='word_1_368' title='bbox 1340 4726 1608 4794; x_wconf 81' lang='lat' dir='ltr'><strong>tediﬁcabo</strong></span> <span class='ocrx_word' id='word_1_369' title='bbox 1654 4725 1937 4779; x_wconf 78' lang='lat' dir='ltr'><strong>Ecclesium</strong></span> 
     </span>
    </p>
   </div>
   <div class='ocr_carea' id='block_1_49' title="bbox 327 4819 1938 4890">
    <p class='ocr_par' dir='ltr' id='par_1_49' title="bbox 327 4819 1938 4890">
     <span class='ocr_line' id='line_1_49' title="bbox 327 4819 1938 4890; baseline -0.004 -11"><span class='ocrx_word' id='word_1_370' title='bbox 327 4840 525 4889; x_wconf 72' lang='lat' dir='ltr'><strong>mm,</strong></span> <span class='ocrx_word' id='word_1_371' title='bbox 555 4831 602 4877; x_wconf 86' lang='lat' dir='ltr'><strong>et</strong></span> <span class='ocrx_word' id='word_1_372' title='bbox 650 4831 810 4890; x_wconf 79' lang='lat' dir='ltr'><strong>porta:</strong></span> <span class='ocrx_word' id='word_1_373' title='bbox 837 4821 990 4890; x_wconf 81' lang='lat' dir='ltr'><strong>inferi</strong></span> <span class='ocrx_word' id='word_1_374' title='bbox 1033 4837 1135 4874; x_wconf 81' lang='lat' dir='ltr'><strong>non</strong></span> <span class='ocrx_word' id='word_1_375' title='bbox 1179 4819 1520 4889; x_wconf 72' lang='lat' dir='ltr'><strong>prmalebuut</strong></span> <span class='ocrx_word' id='word_1_376' title='bbox 1561 4820 1802 4874; x_wconf 77' lang='lat' dir='ltr'><strong>adversus</strong></span> <span class='ocrx_word' id='word_1_377' title='bbox 1827 4836 1938 4872; x_wconf 86' lang='lat' dir='ltr'><strong>eam</strong></span> 
     </span>
    </p>
   </div>
   <div class='ocr_carea' id='block_1_50' title="bbox 335 4912 1939 4986">
    <p class='ocr_par' dir='ltr' id='par_1_50' title="bbox 335 4912 1939 4986">
     <span class='ocr_line' id='line_1_50' title="bbox 335 4912 1939 4986; baseline -0.001 -19"><span class='ocrx_word' id='word_1_378' title='bbox 335 4914 558 4986; x_wconf 68' lang='lat' dir='ltr'><strong>(Matth.</strong></span> <span class='ocrx_word' id='word_1_379' title='bbox 587 4914 673 4970; x_wconf 88' lang='lat' dir='ltr'><strong>l6.</strong></span> <span class='ocrx_word' id='word_1_380' title='bbox 707 4914 820 4986; x_wconf 80' lang='lat' dir='ltr'><strong>l8).</strong></span> <span class='ocrx_word' id='word_1_381' title='bbox 864 4913 1093 4968; x_wconf 87' lang='lat' dir='ltr'><strong>Proinde</strong></span> <span class='ocrx_word' id='word_1_382' title='bbox 1117 4912 1204 4966; x_wconf 90' lang='lat' dir='ltr'><strong>dic</strong></span> <span class='ocrx_word' id='word_1_383' title='bbox 1234 4928 1352 4983; x_wconf 87' lang='lat' dir='ltr'><strong>age,</strong></span> <span class='ocrx_word' id='word_1_384' title='bbox 1383 4912 1588 4975; x_wconf 75' lang='lat' dir='ltr'><strong>Judzee,</strong></span> <span class='ocrx_word' id='word_1_385' title='bbox 1619 4914 1744 4983; x_wconf 90' lang='lat' dir='ltr'><strong>quid</strong></span> <span class='ocrx_word' id='word_1_386' title='bbox 1775 4913 1939 4966; x_wconf 85' lang='lat' dir='ltr'><strong>habes</strong></span> 
     </span>
    </p>
   </div>
   <div class='ocr_carea' id='block_1_51' title="bbox 327 5002 1933 5077">
    <p class='ocr_par' dir='ltr' id='par_1_51' title="bbox 327 5002 1933 5077">
     <span class='ocr_line' id='line_1_51' title="bbox 327 5002 1933 5077; baseline -0.002 -19"><span class='ocrx_word' id='word_1_387' title='bbox 327 5006 482 5077; x_wconf 86' lang='lat' dir='ltr'><strong>quod</strong></span> <span class='ocrx_word' id='word_1_388' title='bbox 527 5005 914 5074; x_wconf 88' lang='lat' dir='ltr'><strong>reprehendas,</strong></span> <span class='ocrx_word' id='word_1_389' title='bbox 962 5011 1055 5057; x_wconf 90' lang='lat' dir='ltr'><strong>aut</strong></span> <span class='ocrx_word' id='word_1_390' title='bbox 1084 5002 1375 5072; x_wconf 83' lang='lat' dir='ltr'><strong>redarguas</strong></span> <span class='ocrx_word' id='word_1_391' title='bbox 1419 5020 1484 5057; x_wconf 86' lang='lat' dir='ltr'><strong>ex</strong></span> <span class='ocrx_word' id='word_1_392' title='bbox 1516 5003 1579 5056; x_wconf 91' lang='lat' dir='ltr'><strong>iis</strong></span> <span class='ocrx_word' id='word_1_393' title='bbox 1628 5019 1747 5072; x_wconf 74' lang='lat' dir='ltr'><strong>qua:</strong></span> <span class='ocrx_word' id='word_1_394' title='bbox 1794 5004 1933 5057; x_wconf 87' lang='lat' dir='ltr'><strong>dicta</strong></span> 
     </span>
    </p>
   </div>
   <div class='ocr_carea' id='block_1_52' title="bbox 328 5096 1938 5166">
    <p class='ocr_par' dir='ltr' id='par_1_52' title="bbox 328 5096 1938 5166">
     <span class='ocr_line' id='line_1_52' title="bbox 328 5096 1938 5166; baseline -0.002 -11"><span class='ocrx_word' id='word_1_395' title='bbox 328 5109 463 5155; x_wconf 88' lang='lat' dir='ltr'><strong>sunt</strong></span> <span class='ocrx_word' id='word_1_396' title='bbox 481 5099 505 5151; x_wconf 71' lang='grc' dir='ltr'><strong><em>τ</em></strong></span> <span class='ocrx_word' id='word_1_397' title='bbox 521 5097 658 5164; x_wconf 87' lang='lat' dir='ltr'><strong>Quid</strong></span> <span class='ocrx_word' id='word_1_398' title='bbox 678 5099 861 5160; x_wconf 86' lang='lat' dir='ltr'><strong>habes,</strong></span> <span class='ocrx_word' id='word_1_399' title='bbox 889 5112 996 5166; x_wconf 90' lang='lat' dir='ltr'><strong>quo</strong></span> <span class='ocrx_word' id='word_1_400' title='bbox 1017 5096 1212 5160; x_wconf 85' lang='lat' dir='ltr'><strong>doceas</strong></span> <span class='ocrx_word' id='word_1_401' title='bbox 1239 5099 1374 5149; x_wconf 90' lang='lat' dir='ltr'><strong>hanc</strong></span> <span class='ocrx_word' id='word_1_402' title='bbox 1395 5097 1792 5166; x_wconf 65' lang='lat' dir='ltr'><strong>praedictionem</strong></span> <span class='ocrx_word' id='word_1_403' title='bbox 1816 5111 1938 5152; x_wconf 87' lang='lat' dir='ltr'><strong>esse</strong></span> 
     </span>
    </p>
   </div>
   <div class='ocr_carea' id='block_1_53' title="bbox 330 5190 1933 5246">
    <p class='ocr_par' dir='ltr' id='par_1_53' title="bbox 330 5190 1933 5246">
     <span class='ocr_line' id='line_1_53' title="bbox 330 5190 1933 5246; baseline -0.001 0"><span class='ocrx_word' id='word_1_404' title='bbox 330 5191 693 5246; x_wconf 83' lang='lat' dir='ltr'><strong>mendacem?</strong></span> <span class='ocrx_word' id='word_1_405' title='bbox 715 5191 906 5243; x_wconf 81' lang='lat' dir='ltr'><strong>Annon</strong></span> <span class='ocrx_word' id='word_1_406' title='bbox 928 5190 1291 5244; x_wconf 90' lang='lat' dir='ltr'><strong>testimonium</strong></span> <span class='ocrx_word' id='word_1_407' title='bbox 1315 5205 1438 5244; x_wconf 90' lang='lat' dir='ltr'><strong>cum</strong></span> <span class='ocrx_word' id='word_1_408' title='bbox 1467 5190 1626 5243; x_wconf 88' lang='lat' dir='ltr'><strong>rebus</strong></span> <span class='ocrx_word' id='word_1_409' title='bbox 1647 5190 1933 5244; x_wconf 90' lang='lat' dir='ltr'><strong>consentit.</strong></span> 
     </span>
    </p>
   </div>
   <div class='ocr_carea' id='block_1_54' title="bbox 327 5280 1936 5350">
    <p class='ocr_par' dir='ltr' id='par_1_54' title="bbox 327 5280 1936 5350">
     <span class='ocr_line' id='line_1_54' title="bbox 327 5280 1936 5350; baseline 0 -16"><span class='ocrx_word' id='word_1_410' title='bbox 327 5283 547 5335; x_wconf 72' lang='lat' dir='ltr'><strong>etiamsi</strong></span> <span class='ocrx_word' id='word_1_411' title='bbox 598 5281 748 5335; x_wconf 87' lang='lat' dir='ltr'><strong>mille</strong></span> <span class='ocrx_word' id='word_1_412' title='bbox 795 5281 970 5335; x_wconf 88' lang='lat' dir='ltr'><strong>modis</strong></span> <span class='ocrx_word' id='word_1_413' title='bbox 1013 5282 1127 5350; x_wconf 90' lang='lat' dir='ltr'><strong>ipse</strong></span> <span class='ocrx_word' id='word_1_414' title='bbox 1169 5280 1464 5334; x_wconf 85' lang='lat' dir='ltr'><strong>contendas</strong></span> <span class='ocrx_word' id='word_1_415' title='bbox 1507 5282 1559 5335; x_wconf 92' lang='lat' dir='ltr'><strong>in</strong></span> <span class='ocrx_word' id='word_1_416' title='bbox 1605 5281 1936 5336; x_wconf 80' lang='lat' dir='ltr'><strong>adversum?</strong></span> 
     </span>
    </p>
   </div>
   <div class='ocr_carea' id='block_1_55' title="bbox 328 5370 1935 5440">
    <p class='ocr_par' dir='ltr' id='par_1_55' title="bbox 328 5370 1935 5440">
     <span class='ocr_line' id='line_1_55' title="bbox 328 5370 1935 5440; baseline 0 -15"><span class='ocrx_word' id='word_1_417' title='bbox 328 5374 478 5440; x_wconf 83' lang='lat' dir='ltr'><strong>Quot</strong></span> <span class='ocrx_word' id='word_1_418' title='bbox 506 5373 651 5426; x_wconf 89' lang='lat' dir='ltr'><strong>enim</strong></span> <span class='ocrx_word' id='word_1_419' title='bbox 679 5371 820 5426; x_wconf 89' lang='lat' dir='ltr'><strong>bella</strong></span> <span class='ocrx_word' id='word_1_420' title='bbox 850 5371 1112 5427; x_wconf 84' lang='lat' dir='ltr'><strong>adversus</strong></span> <span class='ocrx_word' id='word_1_421' title='bbox 1136 5370 1432 5428; x_wconf 75' lang='lat' dir='ltr'><strong>Ecclesium</strong></span> <span class='ocrx_word' id='word_1_422' title='bbox 1459 5372 1724 5426; x_wconf 88' lang='lat' dir='ltr'><strong>concitata</strong></span> <span class='ocrx_word' id='word_1_423' title='bbox 1765 5382 1888 5425; x_wconf 87' lang='lat' dir='ltr'><strong>sunt</strong></span> <span class='ocrx_word' id='word_1_424' title='bbox 1911 5373 1935 5425; x_wconf 88' lang='lat'><strong>?</strong></span> 
     </span>
    </p>
   </div>
   <div class='ocr_carea' id='block_1_56' title="bbox 327 5463 1933 5532">
    <p class='ocr_par' dir='ltr' id='par_1_56' title="bbox 327 5463 1933 5532">
     <span class='ocr_line' id='line_1_56' title="bbox 327 5463 1933 5532; baseline 0.001 -16"><span class='ocrx_word' id='word_1_425' title='bbox 327 5467 480 5528; x_wconf 80' lang='lat' dir='ltr'><strong>Quot</strong></span> <span class='ocrx_word' id='word_1_426' title='bbox 515 5463 786 5518; x_wconf 58' lang='lat' dir='ltr'><strong>exercitus</strong></span> <span class='ocrx_word' id='word_1_427' title='bbox 813 5463 1077 5528; x_wconf 86' lang='lat' dir='ltr'><strong>instructi,</strong></span> <span class='ocrx_word' id='word_1_428' title='bbox 1109 5473 1237 5531; x_wconf 90' lang='lat' dir='ltr'><strong>quot</strong></span> <span class='ocrx_word' id='word_1_429' title='bbox 1266 5479 1414 5516; x_wconf 85' lang='lat' dir='ltr'><strong>arma</strong></span> <span class='ocrx_word' id='word_1_430' title='bbox 1460 5474 1620 5526; x_wconf 88' lang='lat' dir='ltr'><strong>mota,</strong></span> <span class='ocrx_word' id='word_1_431' title='bbox 1652 5463 1794 5532; x_wconf 88' lang='lat' dir='ltr'><strong>quod</strong></span> <span class='ocrx_word' id='word_1_432' title='bbox 1827 5480 1933 5518; x_wconf 89' lang='lat' dir='ltr'><strong>non</strong></span> 
     </span>
    </p>
   </div>
   <div class='ocr_carea' id='block_1_57' title="bbox 329 5555 1931 5626">
    <p class='ocr_par' dir='ltr' id='par_1_57' title="bbox 329 5555 1931 5626">
     <span class='ocr_line' id='line_1_57' title="bbox 329 5555 1931 5626; baseline -0.001 -14"><span class='ocrx_word' id='word_1_433' title='bbox 329 5557 607 5612; x_wconf 84' lang='lat' dir='ltr'><strong>cruciatus</strong></span> <span class='ocrx_word' id='word_1_434' title='bbox 639 5567 693 5611; x_wconf 90' lang='lat' dir='ltr'><strong>et</strong></span> <span class='ocrx_word' id='word_1_435' title='bbox 724 5556 970 5625; x_wconf 81' lang='lat' dir='ltr'><strong>supplicii</strong></span> <span class='ocrx_word' id='word_1_436' title='bbox 1003 5572 1172 5625; x_wconf 88' lang='lat' dir='ltr'><strong>genus</strong></span> <span class='ocrx_word' id='word_1_437' title='bbox 1200 5555 1576 5626; x_wconf 85' lang='lat' dir='ltr'><strong>excogitatum,</strong></span> <span class='ocrx_word' id='word_1_438' title='bbox 1608 5557 1931 5626; x_wconf 80' lang='lat' dir='ltr'><strong>sartagines,</strong></span> 
     </span>
    </p>
   </div>
   <div class='ocr_carea' id='block_1_58' title="bbox 330 5647 1934 5716">
    <p class='ocr_par' dir='ltr' id='par_1_58' title="bbox 330 5647 1934 5716">
     <span class='ocr_line' id='line_1_58' title="bbox 330 5647 1934 5716; baseline -0.001 -13"><span class='ocrx_word' id='word_1_439' title='bbox 330 5649 638 5715; x_wconf 79' lang='lat' dir='ltr'><strong>catapultae,</strong></span> <span class='ocrx_word' id='word_1_440' title='bbox 669 5647 895 5713; x_wconf 88' lang='lat' dir='ltr'><strong>lebetes,</strong></span> <span class='ocrx_word' id='word_1_441' title='bbox 925 5647 1194 5712; x_wconf 87' lang='lat' dir='ltr'><strong>fornaces,</strong></span> <span class='ocrx_word' id='word_1_442' title='bbox 1235 5648 1383 5702; x_wconf 89' lang='lat' dir='ltr'><strong>lacus</strong></span> <span class='ocrx_word' id='word_1_443' title='bbox 1412 5656 1468 5703; x_wconf 91' lang='lat' dir='ltr'><strong>et</strong></span> <span class='ocrx_word' id='word_1_444' title='bbox 1496 5648 1810 5716; x_wconf 58' lang='lat' dir='ltr'><strong>praecipitia,</strong></span> <span class='ocrx_word' id='word_1_445' title='bbox 1839 5647 1934 5702; x_wconf 80' lang='lat' dir='ltr'><strong>be~</strong></span> 
     </span>
    </p>
   </div>
   <div class='ocr_carea' id='block_1_59' title="bbox 325 5738 1934 5810">
    <p class='ocr_par' dir='ltr' id='par_1_59' title="bbox 325 5738 1934 5810">
     <span class='ocr_line' id='line_1_59' title="bbox 325 5738 1934 5810; baseline -0.001 -15"><span class='ocrx_word' id='word_1_446' title='bbox 325 5738 559 5796; x_wconf 88' lang='lat' dir='ltr'><strong>stiarum</strong></span> <span class='ocrx_word' id='word_1_447' title='bbox 586 5739 797 5806; x_wconf 83' lang='lat' dir='ltr'><strong>dentes,</strong></span> <span class='ocrx_word' id='word_1_448' title='bbox 827 5739 1014 5806; x_wconf 88' lang='lat' dir='ltr'><strong>maria,</strong></span> <span class='ocrx_word' id='word_1_449' title='bbox 1058 5748 1114 5795; x_wconf 93' lang='lat' dir='ltr'><strong>et</strong></span> <span class='ocrx_word' id='word_1_450' title='bbox 1142 5739 1584 5810; x_wconf 85' lang='lat' dir='ltr'><strong>proscriptiones,</strong></span> <span class='ocrx_word' id='word_1_451' title='bbox 1613 5738 1825 5810; x_wconf 88' lang='lat' dir='ltr'><strong>aliaque</strong></span> <span class='ocrx_word' id='word_1_452' title='bbox 1852 5739 1934 5793; x_wconf 90' lang='lat' dir='ltr'><strong>in-</strong></span> 
     </span>
    </p>
   </div>
   <div class='ocr_carea' id='block_1_60' title="bbox 324 5829 1930 5903">
    <p class='ocr_par' dir='ltr' id='par_1_60' title="bbox 324 5829 1930 5903">
     <span class='ocr_line' id='line_1_60' title="bbox 324 5829 1930 5903; baseline -0.001 -16"><span class='ocrx_word' id='word_1_453' title='bbox 324 5843 558 5888; x_wconf 81' lang='lat' dir='ltr'><strong>numera</strong></span> <span class='ocrx_word' id='word_1_454' title='bbox 612 5837 1004 5886; x_wconf 81' lang='lat' dir='ltr'><strong>tormentorum</strong></span> <span class='ocrx_word' id='word_1_455' title='bbox 1062 5846 1282 5903; x_wconf 85' lang='lat' dir='ltr'><strong>genera,</strong></span> <span class='ocrx_word' id='word_1_456' title='bbox 1315 5847 1489 5902; x_wconf 86' lang='lat' dir='ltr'><strong>neque</strong></span> <span class='ocrx_word' id='word_1_457' title='bbox 1530 5829 1682 5886; x_wconf 86' lang='lat' dir='ltr'><strong>dictis</strong></span> <span class='ocrx_word' id='word_1_458' title='bbox 1721 5844 1930 5885; x_wconf 86' lang='lat' dir='ltr'><strong>memo-</strong></span> 
     </span>
    </p>
   </div>
   <div class='ocr_carea' id='block_1_61' title="bbox 1607 381 2421 452">
    <p class='ocr_par' dir='ltr' id='par_1_61' title="bbox 1607 381 2421 452">
     <span class='ocr_line' id='line_1_61' title="bbox 1607 381 2421 452; baseline 0.001 -4"><span class='ocrx_word' id='word_1_459' title='bbox 1607 385 1971 450; x_wconf 78' lang='lat' dir='ltr'><strong>Anvsnsus</strong></span> <span class='ocrx_word' id='word_1_460' title='bbox 2007 387 2305 452; x_wconf 68' lang='lat' dir='ltr'><strong>.llJDABOS.</strong></span> <span class='ocrx_word' id='word_1_461' title='bbox 2355 381 2421 449; x_wconf 75' lang='lat' dir='ltr'><strong>v.’</strong></span> 
     </span>
    </p>
   </div>
   <div class='ocr_carea' id='block_1_62' title="bbox 3573 407 3682 467">
    <p class='ocr_par' dir='ltr' id='par_1_62' title="bbox 3573 407 3682 467">
     <span class='ocr_line' id='line_1_62' title="bbox 3573 407 3682 467; baseline 0 -1"><span class='ocrx_word' id='word_1_462' title='bbox 3573 407 3682 467; x_wconf 70' lang='lat'><strong>886</strong></span> 
     </span>
    </p>
   </div>
   <div class='ocr_carea' id='block_1_63' title="bbox 2074 510 3678 586">
    <p class='ocr_par' dir='ltr' id='par_1_63' title="bbox 2074 510 3678 586">
     <span class='ocr_line' id='line_1_63' title="bbox 2074 510 3678 586; baseline 0.006 -22"><span class='ocrx_word' id='word_1_463' title='bbox 2074 510 2259 576; x_wconf 89' lang='lat' dir='ltr'><strong>randa,</strong></span> <span class='ocrx_word' id='word_1_464' title='bbox 2293 526 2468 582; x_wconf 88' lang='lat' dir='ltr'><strong>neque</strong></span> <span class='ocrx_word' id='word_1_465' title='bbox 2513 511 2667 569; x_wconf 87' lang='lat' dir='ltr'><strong>factis</strong></span> <span class='ocrx_word' id='word_1_466' title='bbox 2697 511 3014 571; x_wconf 71' lang='lat' dir='ltr'><strong>toleranda?</strong></span> <span class='ocrx_word' id='word_1_467' title='bbox 3039 515 3213 586; x_wconf 71' lang='lat' dir='ltr'><strong>Atque</strong></span> <span class='ocrx_word' id='word_1_468' title='bbox 3241 515 3356 572; x_wconf 66' lang='lat' dir='ltr'><strong>baac</strong></span> <span class='ocrx_word' id='word_1_469' title='bbox 3406 533 3513 574; x_wconf 88' lang='lat' dir='ltr'><strong>non</strong></span> <span class='ocrx_word' id='word_1_470' title='bbox 3559 529 3678 575; x_wconf 86' lang='lat' dir='ltr'><strong>tan-</strong></span> 
     </span>
    </p>
   </div>
   <div class='ocr_carea' id='block_1_64' title="bbox 2073 598 3669 669">
    <p class='ocr_par' dir='ltr' id='par_1_64' title="bbox 2073 598 3669 669">
     <span class='ocr_line' id='line_1_64' title="bbox 2073 598 3669 669; baseline 0.005 -15"><span class='ocrx_word' id='word_1_471' title='bbox 2073 598 2185 655; x_wconf 77' lang='lat' dir='ltr'><strong>tum</strong></span> <span class='ocrx_word' id='word_1_472' title='bbox 2215 600 2286 656; x_wconf 88' lang='lat' dir='ltr'><strong>ab</strong></span> <span class='ocrx_word' id='word_1_473' title='bbox 2310 603 2600 669; x_wconf 86' lang='lat' dir='ltr'><strong>extraneis,</strong></span> <span class='ocrx_word' id='word_1_474' title='bbox 2644 618 2832 659; x_wconf 90' lang='lat' dir='ltr'><strong>verum</strong></span> <span class='ocrx_word' id='word_1_475' title='bbox 2863 605 3024 660; x_wconf 90' lang='lat' dir='ltr'><strong>ctiam</strong></span> <span class='ocrx_word' id='word_1_476' title='bbox 3048 620 3077 660; x_wconf 86' lang='lat' dir='ltr'><strong>a</strong></span> <span class='ocrx_word' id='word_1_477' title='bbox 3108 606 3309 661; x_wconf 86' lang='lat' dir='ltr'><strong>nostris</strong></span> <span class='ocrx_word' id='word_1_478' title='bbox 3335 602 3669 665; x_wconf 88' lang='lat' dir='ltr'><strong>domesticis.</strong></span> 
     </span>
    </p>
   </div>
   <div class='ocr_carea' id='block_1_65' title="bbox 2070 692 3677 768">
    <p class='ocr_par' dir='ltr' id='par_1_65' title="bbox 2070 692 3677 768">
     <span class='ocr_line' id='line_1_65' title="bbox 2070 692 3677 768; baseline 0.004 -21"><span class='ocrx_word' id='word_1_479' title='bbox 2070 692 2202 748; x_wconf 80' lang='lat' dir='ltr'><strong>Nam</strong></span> <span class='ocrx_word' id='word_1_480' title='bbox 2234 693 2392 762; x_wconf 88' lang='lat' dir='ltr'><strong>civile</strong></span> <span class='ocrx_word' id='word_1_481' title='bbox 2437 695 2709 765; x_wconf 87' lang='lat' dir='ltr'><strong>quoddam</strong></span> <span class='ocrx_word' id='word_1_482' title='bbox 2749 694 2947 752; x_wconf 88' lang='lat' dir='ltr'><strong>bellum</strong></span> <span class='ocrx_word' id='word_1_483' title='bbox 3001 709 3292 768; x_wconf 83' lang='lat' dir='ltr'><strong>occuparat</strong></span> <span class='ocrx_word' id='word_1_484' title='bbox 3340 701 3541 766; x_wconf 89' lang='lat' dir='ltr'><strong>omnia,</strong></span> <span class='ocrx_word' id='word_1_485' title='bbox 3590 697 3677 750; x_wconf 67' lang='lat' dir='ltr'><strong>vel</strong></span> 
     </span>
    </p>
   </div>
   <div class='ocr_carea' id='block_1_66' title="bbox 2066 782 3668 860">
    <p class='ocr_par' dir='ltr' id='par_1_66' title="bbox 2066 782 3668 860">
     <span class='ocr_line' id='line_1_66' title="bbox 2066 782 3668 860; baseline 0.006 -24"><span class='ocrx_word' id='word_1_486' title='bbox 2066 782 2257 853; x_wconf 90' lang='lat' dir='ltr'><strong>quovis</strong></span> <span class='ocrx_word' id='word_1_487' title='bbox 2287 784 2462 852; x_wconf 90' lang='lat' dir='ltr'><strong>potius</strong></span> <span class='ocrx_word' id='word_1_488' title='bbox 2509 785 2654 840; x_wconf 87' lang='lat' dir='ltr'><strong>civili</strong></span> <span class='ocrx_word' id='word_1_489' title='bbox 2696 785 2838 841; x_wconf 88' lang='lat' dir='ltr'><strong>bello</strong></span> <span class='ocrx_word' id='word_1_490' title='bbox 2884 787 3259 855; x_wconf 89' lang='lat' dir='ltr'><strong>perniciosius.</strong></span> <span class='ocrx_word' id='word_1_491' title='bbox 3292 784 3478 860; x_wconf 82' lang='lat' dir='ltr'><strong>Neque</strong></span> <span class='ocrx_word' id='word_1_492' title='bbox 3522 793 3668 846; x_wconf 86' lang='lat' dir='ltr'><strong>enim</strong></span> 
     </span>
    </p>
   </div>
   <div class='ocr_carea' id='block_1_67' title="bbox 2066 875 3669 955">
    <p class='ocr_par' dir='ltr' id='par_1_67' title="bbox 2066 875 3669 955">
     <span class='ocr_line' id='line_1_67' title="bbox 2066 875 3669 955; baseline 0.007 -26"><span class='ocrx_word' id='word_1_493' title='bbox 2066 875 2210 930; x_wconf 89' lang='lat' dir='ltr'><strong>cives</strong></span> <span class='ocrx_word' id='word_1_494' title='bbox 2255 876 2416 949; x_wconf 84' lang='lat' dir='ltr'><strong>modo</strong></span> <span class='ocrx_word' id='word_1_495' title='bbox 2446 892 2567 931; x_wconf 88' lang='lat' dir='ltr'><strong>cum</strong></span> <span class='ocrx_word' id='word_1_496' title='bbox 2599 878 2825 946; x_wconf 89' lang='lat' dir='ltr'><strong>civibus,</strong></span> <span class='ocrx_word' id='word_1_497' title='bbox 2861 896 3050 936; x_wconf 89' lang='lat' dir='ltr'><strong>verum</strong></span> <span class='ocrx_word' id='word_1_498' title='bbox 3077 883 3238 938; x_wconf 78' lang='lat' dir='ltr'><strong>etiam</strong></span> <span class='ocrx_word' id='word_1_499' title='bbox 3289 886 3501 955; x_wconf 89' lang='lat' dir='ltr'><strong>cognati</strong></span> <span class='ocrx_word' id='word_1_500' title='bbox 3547 901 3669 940; x_wconf 88' lang='lat' dir='ltr'><strong>cum</strong></span> 
     </span>
    </p>
   </div>
   <div class='ocr_carea' id='block_1_68' title="bbox 2064 966 3673 1038">
    <p class='ocr_par' dir='ltr' id='par_1_68' title="bbox 2064 966 3673 1038">
     <span class='ocr_line' id='line_1_68' title="bbox 2064 966 3673 1038; baseline 0.008 -20"><span class='ocrx_word' id='word_1_501' title='bbox 2064 968 2328 1035; x_wconf 86' lang='lat' dir='ltr'><strong>cognatis,</strong></span> <span class='ocrx_word' id='word_1_502' title='bbox 2366 966 2650 1022; x_wconf 90' lang='lat' dir='ltr'><strong>domestici</strong></span> <span class='ocrx_word' id='word_1_503' title='bbox 2676 985 2796 1023; x_wconf 90' lang='lat' dir='ltr'><strong>cum</strong></span> <span class='ocrx_word' id='word_1_504' title='bbox 2829 970 3160 1038; x_wconf 79' lang='lat' dir='ltr'><strong>domesticis,</strong></span> <span class='ocrx_word' id='word_1_505' title='bbox 3193 967 3351 1028; x_wconf 88' lang='lat' dir='ltr'><strong>amici</strong></span> <span class='ocrx_word' id='word_1_506' title='bbox 3380 989 3502 1029; x_wconf 92' lang='lat' dir='ltr'><strong>cum</strong></span> <span class='ocrx_word' id='word_1_507' title='bbox 3531 977 3673 1031; x_wconf 88' lang='lat' dir='ltr'><strong>ami-</strong></span> 
     </span>
    </p>
   </div>
   <div class='ocr_carea' id='block_1_69' title="bbox 2061 1058 3673 1125">
    <p class='ocr_par' dir='ltr' id='par_1_69' title="bbox 2061 1058 3673 1125">
     <span class='ocr_line' id='line_1_69' title="bbox 2061 1058 3673 1125; baseline 0.009 -15"><span class='ocrx_word' id='word_1_508' title='bbox 2061 1058 2142 1111; x_wconf 91' lang='lat' dir='ltr'><strong>cis</strong></span> <span class='ocrx_word' id='word_1_509' title='bbox 2169 1058 2616 1115; x_wconf 72' lang='lat' dir='ltr'><strong>conflictabantur</strong></span> <span class='ocrx_word' id='word_1_510' title='bbox 2647 1080 2659 1116; x_wconf 91' lang='lat'>:</span> <span class='ocrx_word' id='word_1_511' title='bbox 2694 1062 2827 1118; x_wconf 89' lang='lat' dir='ltr'><strong>nihil</strong></span> <span class='ocrx_word' id='word_1_512' title='bbox 2860 1072 3038 1120; x_wconf 89' lang='lat' dir='ltr'><strong>tamen</strong></span> <span class='ocrx_word' id='word_1_513' title='bbox 3070 1061 3262 1120; x_wconf 89' lang='lat' dir='ltr'><strong>horum</strong></span> <span class='ocrx_word' id='word_1_514' title='bbox 3289 1064 3538 1124; x_wconf 88' lang='lat' dir='ltr'><strong>dissolvit</strong></span> <span class='ocrx_word' id='word_1_515' title='bbox 3570 1067 3673 1125; x_wconf 80' lang='lat' dir='ltr'><strong>Ec-</strong></span> 
     </span>
    </p>
   </div>
   <div class='ocr_carea' id='block_1_70' title="bbox 2060 1149 3671 1230">
    <p class='ocr_par' dir='ltr' id='par_1_70' title="bbox 2060 1149 3671 1230">
     <span class='ocr_line' id='line_1_70' title="bbox 2060 1149 3671 1230; baseline 0.009 -28"><span class='ocrx_word' id='word_1_516' title='bbox 2060 1149 2279 1204; x_wconf 88' lang='lat' dir='ltr'><strong>clesiam</strong></span> <span class='ocrx_word' id='word_1_517' title='bbox 2301 1192 2315 1215; x_wconf 95' lang='lat'><strong>,</strong></span> <span class='ocrx_word' id='word_1_518' title='bbox 2339 1167 2402 1206; x_wconf 91' lang='lat' dir='ltr'><strong>ac</strong></span> <span class='ocrx_word' id='word_1_519' title='bbox 2429 1168 2497 1206; x_wconf 88' lang='lat' dir='ltr'><strong>ne</strong></span> <span class='ocrx_word' id='word_1_520' title='bbox 2527 1152 2881 1211; x_wconf 88' lang='lat' dir='ltr'><strong>inﬁrmiorem</strong></span> <span class='ocrx_word' id='word_1_521' title='bbox 2904 1157 3118 1227; x_wconf 88' lang='lat' dir='ltr'><strong>quidem</strong></span> <span class='ocrx_word' id='word_1_522' title='bbox 3142 1154 3396 1215; x_wconf 89' lang='lat' dir='ltr'><strong>reddidit.</strong></span> <span class='ocrx_word' id='word_1_523' title='bbox 3422 1163 3596 1230; x_wconf 86' lang='lat' dir='ltr'><strong>Atque</strong></span> <span class='ocrx_word' id='word_1_524' title='bbox 3621 1161 3671 1216; x_wconf 91' lang='lat' dir='ltr'><strong>id</strong></span> 
     </span>
    </p>
   </div>
   <div class='ocr_carea' id='block_1_71' title="bbox 2059 1241 3668 1320">
    <p class='ocr_par' dir='ltr' id='par_1_71' title="bbox 2059 1241 3668 1320">
     <span class='ocr_line' id='line_1_71' title="bbox 2059 1241 3668 1320; baseline 0.008 -26"><span class='ocrx_word' id='word_1_525' title='bbox 2059 1254 2190 1296; x_wconf 90' lang='lat' dir='ltr'><strong>sane</strong></span> <span class='ocrx_word' id='word_1_526' title='bbox 2220 1242 2416 1296; x_wconf 91' lang='lat' dir='ltr'><strong>mirum</strong></span> <span class='ocrx_word' id='word_1_527' title='bbox 2456 1253 2512 1298; x_wconf 91' lang='lat' dir='ltr'><strong>et</strong></span> <span class='ocrx_word' id='word_1_528' title='bbox 2539 1241 2871 1309; x_wconf 89' lang='lat' dir='ltr'><strong>incredibile,</strong></span> <span class='ocrx_word' id='word_1_529' title='bbox 2923 1248 3067 1318; x_wconf 91' lang='lat' dir='ltr'><strong>quod</strong></span> <span class='ocrx_word' id='word_1_530' title='bbox 3099 1248 3217 1303; x_wconf 68' lang='lat' dir='ltr'><strong>bare</strong></span> <span class='ocrx_word' id='word_1_531' title='bbox 3243 1250 3294 1303; x_wconf 93' lang='lat' dir='ltr'><strong>in</strong></span> <span class='ocrx_word' id='word_1_532' title='bbox 3329 1243 3458 1320; x_wconf 88' lang='lat' dir='ltr'><strong>ipsis</strong></span> <span class='ocrx_word' id='word_1_533' title='bbox 3485 1253 3668 1307; x_wconf 90' lang='lat' dir='ltr'><strong>statim</strong></span> 
     </span>
    </p>
   </div>
   <div class='ocr_carea' id='block_1_72' title="bbox 2059 1329 3671 1401">
    <p class='ocr_par' dir='ltr' id='par_1_72' title="bbox 2059 1329 3671 1401">
     <span class='ocr_line' id='line_1_72' title="bbox 2059 1329 3671 1401; baseline 0.008 -16"><span class='ocrx_word' id='word_1_534' title='bbox 2059 1332 2370 1401; x_wconf 90' lang='lat' dir='ltr'><strong>primordiis</strong></span> <span class='ocrx_word' id='word_1_535' title='bbox 2417 1345 2560 1389; x_wconf 86' lang='lat' dir='ltr'><strong>mota</strong></span> <span class='ocrx_word' id='word_1_536' title='bbox 2610 1347 2756 1391; x_wconf 88' lang='lat' dir='ltr'><strong>sunt.</strong></span> <span class='ocrx_word' id='word_1_537' title='bbox 2804 1329 2938 1392; x_wconf 80' lang='lat' dir='ltr'><strong>Nam</strong></span> <span class='ocrx_word' id='word_1_538' title='bbox 2983 1340 3028 1393; x_wconf 87' lang='lat' dir='ltr'><strong>si</strong></span> <span class='ocrx_word' id='word_1_539' title='bbox 3079 1347 3190 1394; x_wconf 92' lang='lat' dir='ltr'><strong>tum</strong></span> <span class='ocrx_word' id='word_1_540' title='bbox 3221 1336 3506 1398; x_wconf 84' lang='lat' dir='ltr'><strong>irruissent</strong></span> <span class='ocrx_word' id='word_1_541' title='bbox 3553 1341 3671 1400; x_wconf 74' lang='lat' dir='ltr'><strong>lucc</strong></span> 
     </span>
    </p>
   </div>
   <div class='ocr_carea' id='block_1_73' title="bbox 2056 1423 3665 1502">
    <p class='ocr_par' dir='ltr' id='par_1_73' title="bbox 2056 1423 3665 1502">
     <span class='ocr_line' id='line_1_73' title="bbox 2056 1423 3665 1502; baseline 0.007 -25"><span class='ocrx_word' id='word_1_542' title='bbox 2056 1425 2274 1488; x_wconf 86' lang='lat' dir='ltr'><strong>acerba,</strong></span> <span class='ocrx_word' id='word_1_543' title='bbox 2308 1435 2589 1495; x_wconf 86' lang='lat' dir='ltr'><strong>postquam</strong></span> <span class='ocrx_word' id='word_1_544' title='bbox 2617 1424 2727 1496; x_wconf 89' lang='lat' dir='ltr'><strong>jam</strong></span> <span class='ocrx_word' id='word_1_545' title='bbox 2759 1423 2967 1485; x_wconf 84' lang='lat' dir='ltr'><strong>radices</strong></span> <span class='ocrx_word' id='word_1_546' title='bbox 3000 1439 3204 1500; x_wconf 86' lang='lat' dir='ltr'><strong>egerat,</strong></span> <span class='ocrx_word' id='word_1_547' title='bbox 3235 1442 3290 1486; x_wconf 90' lang='lat' dir='ltr'><strong>et</strong></span> <span class='ocrx_word' id='word_1_548' title='bbox 3321 1428 3520 1502; x_wconf 86' lang='lat' dir='ltr'><strong>ubique</strong></span> <span class='ocrx_word' id='word_1_549' title='bbox 3553 1445 3665 1488; x_wconf 71' lang='grc' dir='ltr'>ιρι·-</span> 
     </span>
    </p>
   </div>
   <div class='ocr_carea' id='block_1_74' title="bbox 2057 1507 3665 1592">
    <p class='ocr_par' dir='ltr' id='par_1_74' title="bbox 2057 1507 3665 1592">
     <span class='ocr_line' id='line_1_74' title="bbox 2057 1507 3665 1592; baseline 0.007 -24"><span class='ocrx_word' id='word_1_550' title='bbox 2057 1530 2238 1570; x_wconf 87' lang='lat' dir='ltr'><strong>rarum</strong></span> <span class='ocrx_word' id='word_1_551' title='bbox 2263 1518 2561 1588; x_wconf 90' lang='lat' dir='ltr'><strong>plantatum</strong></span> <span class='ocrx_word' id='word_1_552' title='bbox 2581 1507 2701 1574; x_wconf 79' lang='lat' dir='ltr'><strong>erat</strong></span> <span class='ocrx_word' id='word_1_553' title='bbox 2724 1517 3093 1589; x_wconf 84' lang='lat' dir='ltr'><strong>Evangelinm,</strong></span> <span class='ocrx_word' id='word_1_554' title='bbox 3120 1520 3259 1577; x_wconf 88' lang='lat' dir='ltr'><strong>haud</strong></span> <span class='ocrx_word' id='word_1_555' title='bbox 3287 1521 3508 1592; x_wconf 85' lang='lat' dir='ltr'><strong>perinde</strong></span> <span class='ocrx_word' id='word_1_556' title='bbox 3532 1524 3665 1579; x_wconf 78' lang='lat' dir='ltr'><strong>fuis-</strong></span> 
     </span>
    </p>
   </div>
   <div class='ocr_carea' id='block_1_75' title="bbox 2055 1605 3661 1676">
    <p class='ocr_par' dir='ltr' id='par_1_75' title="bbox 2055 1605 3661 1676">
     <span class='ocr_line' id='line_1_75' title="bbox 2055 1605 3661 1676; baseline 0.006 -17"><span class='ocrx_word' id='word_1_557' title='bbox 2055 1615 2140 1660; x_wconf 88' lang='lat' dir='ltr'><strong>set</strong></span> <span class='ocrx_word' id='word_1_558' title='bbox 2183 1605 2583 1676; x_wconf 85' lang='lat' dir='ltr'><strong>admirandum,</strong></span> <span class='ocrx_word' id='word_1_559' title='bbox 2634 1625 2742 1665; x_wconf 89' lang='lat' dir='ltr'><strong>non</strong></span> <span class='ocrx_word' id='word_1_560' title='bbox 2786 1610 2952 1666; x_wconf 84' lang='lat' dir='ltr'><strong>fuisse</strong></span> <span class='ocrx_word' id='word_1_561' title='bbox 2992 1614 3308 1670; x_wconf 87' lang='lat' dir='ltr'><strong>subversam</strong></span> <span class='ocrx_word' id='word_1_562' title='bbox 3343 1611 3661 1671; x_wconf 85' lang='lat' dir='ltr'><strong>Eccleslam.</strong></span> 
     </span>
    </p>
   </div>
   <div class='ocr_carea' id='block_1_76' title="bbox 2053 1695 3661 1777">
    <p class='ocr_par' dir='ltr' id='par_1_76' title="bbox 2053 1695 3661 1777">
     <span class='ocr_line' id='line_1_76' title="bbox 2053 1695 3661 1777; baseline 0.006 -25"><span class='ocrx_word' id='word_1_563' title='bbox 2053 1695 2321 1752; x_wconf 52' lang='lat' dir='ltr'><strong>Ceterum</strong></span> <span class='ocrx_word' id='word_1_564' title='bbox 2349 1714 2470 1754; x_wconf 92' lang='lat' dir='ltr'><strong>cum</strong></span> <span class='ocrx_word' id='word_1_565' title='bbox 2503 1699 2555 1754; x_wconf 92' lang='lat' dir='ltr'><strong>in</strong></span> <span class='ocrx_word' id='word_1_566' title='bbox 2583 1700 2702 1769; x_wconf 92' lang='lat' dir='ltr'><strong>ipso</strong></span> <span class='ocrx_word' id='word_1_567' title='bbox 2731 1699 2991 1758; x_wconf 71' lang='lat' dir='ltr'><strong>doctrina:</strong></span> <span class='ocrx_word' id='word_1_568' title='bbox 3020 1699 3271 1770; x_wconf 87' lang='lat' dir='ltr'><strong>exordio,&#39;</strong></span> <span class='ocrx_word' id='word_1_569' title='bbox 3307 1722 3482 1777; x_wconf 89' lang='lat' dir='ltr'><strong>nuper</strong></span> <span class='ocrx_word' id='word_1_570' title='bbox 3512 1705 3661 1777; x_wconf 89' lang='lat' dir='ltr'><strong>jacto</strong></span> 
     </span>
    </p>
   </div>
   <div class='ocr_carea' id='block_1_77' title="bbox 2056 1787 3656 1865">
    <p class='ocr_par' dir='ltr' id='par_1_77' title="bbox 2056 1787 3656 1865">
     <span class='ocr_line' id='line_1_77' title="bbox 2056 1787 3656 1865; baseline 0.008 -23"><span class='ocrx_word' id='word_1_571' title='bbox 2056 1787 2176 1844; x_wconf 88' lang='lat' dir='ltr'><strong>ﬁdei</strong></span> <span class='ocrx_word' id='word_1_572' title='bbox 2208 1791 2436 1858; x_wconf 89' lang='lat' dir='ltr'><strong>semine,</strong></span> <span class='ocrx_word' id='word_1_573' title='bbox 2469 1789 2669 1848; x_wconf 87' lang='lat' dir='ltr'><strong>teneris</strong></span> <span class='ocrx_word' id='word_1_574' title='bbox 2697 1794 2994 1849; x_wconf 89' lang='lat' dir='ltr'><strong>etiamnum</strong></span> <span class='ocrx_word' id='word_1_575' title='bbox 3022 1792 3327 1854; x_wconf 87' lang='lat' dir='ltr'><strong>auditorum</strong></span> <span class='ocrx_word' id='word_1_576' title='bbox 3361 1798 3656 1865; x_wconf 90' lang='lat' dir='ltr'><strong>mentibus,</strong></span> 
     </span>
    </p>
   </div>
   <div class='ocr_carea' id='block_1_78' title="bbox 2055 1882 3663 1954">
    <p class='ocr_par' dir='ltr' id='par_1_78' title="bbox 2055 1882 3663 1954">
     <span class='ocr_line' id='line_1_78' title="bbox 2055 1882 3663 1954; baseline 0.007 -19"><span class='ocrx_word' id='word_1_577' title='bbox 2055 1889 2135 1935; x_wconf 92' lang='lat' dir='ltr'><strong>tot</strong></span> <span class='ocrx_word' id='word_1_578' title='bbox 2167 1882 2310 1937; x_wconf 79' lang='lat' dir='ltr'><strong>bella</strong></span> <span class='ocrx_word' id='word_1_579' title='bbox 2349 1884 2650 1954; x_wconf 88' lang='lat' dir='ltr'><strong>eruperint,</strong></span> <span class='ocrx_word' id='word_1_580' title='bbox 2685 1901 2775 1942; x_wconf 91' lang='lat' dir='ltr'><strong>res</strong></span> <span class='ocrx_word' id='word_1_581' title='bbox 2817 1896 3031 1943; x_wconf 85' lang='lat' dir='ltr'><strong>nostras</strong></span> <span class='ocrx_word' id='word_1_582' title='bbox 3063 1905 3167 1944; x_wconf 91' lang='lat' dir='ltr'><strong>non</strong></span> <span class='ocrx_word' id='word_1_583' title='bbox 3197 1891 3369 1945; x_wconf 92' lang='lat' dir='ltr'><strong>solum</strong></span> <span class='ocrx_word' id='word_1_584' title='bbox 3422 1891 3567 1946; x_wconf 90' lang='lat' dir='ltr'><strong>nulla</strong></span> <span class='ocrx_word' id='word_1_585' title='bbox 3594 1905 3663 1948; x_wconf 85' lang='lat' dir='ltr'><strong>ex</strong></span> 
     </span>
    </p>
   </div>
   <div class='ocr_carea' id='block_1_79' title="bbox 2053 1973 3663 2045">
    <p class='ocr_par' dir='ltr' id='par_1_79' title="bbox 2053 1973 3663 2045">
     <span class='ocr_line' id='line_1_79' title="bbox 2053 1973 3663 2045; baseline 0.007 -17"><span class='ocrx_word' id='word_1_586' title='bbox 2053 1983 2206 2042; x_wconf 85' lang='lat' dir='ltr'><strong>parte</strong></span> <span class='ocrx_word' id='word_1_587' title='bbox 2250 1973 2414 2029; x_wconf 90' lang='lat' dir='ltr'><strong>fuisse</strong></span> <span class='ocrx_word' id='word_1_588' title='bbox 2442 1976 2754 2045; x_wconf 89' lang='lat' dir='ltr'><strong>diminutas,</strong></span> <span class='ocrx_word' id='word_1_589' title='bbox 2787 1994 2975 2034; x_wconf 89' lang='lat' dir='ltr'><strong>verum</strong></span> <span class='ocrx_word' id='word_1_590' title='bbox 3007 1981 3168 2035; x_wconf 86' lang='lat' dir='ltr'><strong>etiam</strong></span> <span class='ocrx_word' id='word_1_591' title='bbox 3217 1977 3439 2036; x_wconf 89' lang='lat' dir='ltr'><strong>multam</strong></span> <span class='ocrx_word' id='word_1_592' title='bbox 3470 1998 3663 2039; x_wconf 83' lang='lat' dir='ltr'><strong>acces-</strong></span> 
     </span>
    </p>
   </div>
   <div class='ocr_carea' id='block_1_80' title="bbox 2051 2064 3664 2142">
    <p class='ocr_par' dir='ltr' id='par_1_80' title="bbox 2051 2064 3664 2142">
     <span class='ocr_line' id='line_1_80' title="bbox 2051 2064 3664 2142; baseline 0.006 -23"><span class='ocrx_word' id='word_1_593' title='bbox 2051 2066 2259 2122; x_wconf 88' lang='lat' dir='ltr'><strong>sionem</strong></span> <span class='ocrx_word' id='word_1_594' title='bbox 2287 2065 2596 2136; x_wconf 84' lang='lat' dir='ltr'><strong>adjunctam</strong></span> <span class='ocrx_word' id='word_1_595' title='bbox 2627 2064 2814 2135; x_wconf 90' lang='lat' dir='ltr'><strong>fuisse,</strong></span> <span class='ocrx_word' id='word_1_596' title='bbox 2847 2069 2951 2125; x_wconf 87' lang='lat' dir='ltr'><strong>hoc</strong></span> <span class='ocrx_word' id='word_1_597' title='bbox 2981 2067 3231 2126; x_wconf 87' lang='lat' dir='ltr'><strong>nimirum</strong></span> <span class='ocrx_word' id='word_1_598' title='bbox 3258 2081 3359 2142; x_wconf 91' lang='lat' dir='ltr'><strong>sup</strong></span> <span class='ocrx_word' id='word_1_599' title='bbox 3396 2083 3478 2128; x_wconf 90' lang='lat' dir='ltr'><strong>rat</strong></span> <span class='ocrx_word' id='word_1_600' title='bbox 3500 2089 3664 2128; x_wconf 89' lang='lat' dir='ltr'><strong>omne</strong></span> 
     </span>
    </p>
   </div>
   <div class='ocr_carea' id='block_1_81' title="bbox 2053 2155 3661 2235">
    <p class='ocr_par' dir='ltr' id='par_1_81' title="bbox 2053 2155 3661 2235">
     <span class='ocr_line' id='line_1_81' title="bbox 2053 2155 3661 2235; baseline 0.006 -25"><span class='ocrx_word' id='word_1_601' title='bbox 2053 2156 2392 2212; x_wconf 89' lang='lat' dir='ltr'><strong>miraculum.</strong></span> <span class='ocrx_word' id='word_1_602' title='bbox 2422 2159 2499 2213; x_wconf 85' lang='lat' dir='ltr'><strong>Ne</strong></span> <span class='ocrx_word' id='word_1_603' title='bbox 2527 2159 2648 2231; x_wconf 86' lang='lat' dir='ltr'><strong>quis</strong></span> <span class='ocrx_word' id='word_1_604' title='bbox 2676 2172 2858 2216; x_wconf 90' lang='lat' dir='ltr'><strong>autem</strong></span> <span class='ocrx_word' id='word_1_605' title='bbox 2886 2155 3072 2218; x_wconf 88' lang='lat' dir='ltr'><strong>dicere</strong></span> <span class='ocrx_word' id='word_1_606' title='bbox 3106 2166 3295 2233; x_wconf 88' lang='lat' dir='ltr'><strong>possit,</strong></span> <span class='ocrx_word' id='word_1_607' title='bbox 3336 2166 3479 2235; x_wconf 89' lang='lat' dir='ltr'><strong>quod</strong></span> <span class='ocrx_word' id='word_1_608' title='bbox 3514 2177 3661 2220; x_wconf 87' lang='lat' dir='ltr'><strong>nunc</strong></span> 
     </span>
    </p>
   </div>
   <div class='ocr_carea' id='block_1_82' title="bbox 2055 2248 3660 2323">
    <p class='ocr_par' dir='ltr' id='par_1_82' title="bbox 2055 2248 3660 2323">
     <span class='ocr_line' id='line_1_82' title="bbox 2055 2248 3660 2323; baseline 0.007 -22"><span class='ocrx_word' id='word_1_609' title='bbox 2055 2248 2291 2302; x_wconf 85' lang='lat' dir='ltr'><strong>Ecclesia</strong></span> <span class='ocrx_word' id='word_1_610' title='bbox 2325 2259 2445 2318; x_wconf 91' lang='lat' dir='ltr'><strong>post</strong></span> <span class='ocrx_word' id='word_1_611' title='bbox 2472 2266 2656 2320; x_wconf 91' lang='lat' dir='ltr'><strong>pacem</strong></span> <span class='ocrx_word' id='word_1_612' title='bbox 2685 2267 2716 2306; x_wconf 91' lang='lat' dir='ltr'><strong>a</strong></span> <span class='ocrx_word' id='word_1_613' title='bbox 2747 2253 2964 2323; x_wconf 86' lang='lat' dir='ltr'><strong>regibus</strong></span> <span class='ocrx_word' id='word_1_614' title='bbox 3008 2251 3290 2323; x_wconf 74' lang='lat' dir='ltr'><strong>prmbitam</strong></span> <span class='ocrx_word' id='word_1_615' title='bbox 3318 2256 3660 2312; x_wconf 78' lang='lat' dir='ltr'><strong>constabilita</strong></span> 
     </span>
    </p>
   </div>
   <div class='ocr_carea' id='block_1_83' title="bbox 2052 2340 3662 2415">
    <p class='ocr_par' dir='ltr' id='par_1_83' title="bbox 2052 2340 3662 2415">
     <span class='ocr_line' id='line_1_83' title="bbox 2052 2340 3662 2415; baseline 0.008 -22"><span class='ocrx_word' id='word_1_616' title='bbox 2052 2340 2143 2399; x_wconf 86' lang='lat' dir='ltr'><strong>sit.</strong></span> <span class='ocrx_word' id='word_1_617' title='bbox 2166 2354 2288 2403; x_wconf 84' lang='lat' dir='ltr'><strong>cum</strong></span> <span class='ocrx_word' id='word_1_618' title='bbox 2319 2351 2463 2396; x_wconf 89' lang='lat' dir='ltr'><strong>esset</strong></span> <span class='ocrx_word' id='word_1_619' title='bbox 2485 2343 2682 2410; x_wconf 89' lang='lat' dir='ltr'><strong>minor,</strong></span> <span class='ocrx_word' id='word_1_620' title='bbox 2715 2358 2838 2398; x_wconf 87' lang='lat' dir='ltr'><strong>cum</strong></span> <span class='ocrx_word' id='word_1_621' title='bbox 2866 2343 3137 2400; x_wconf 87' lang='lat' dir='ltr'><strong>videretur</strong></span> <span class='ocrx_word' id='word_1_622' title='bbox 3157 2345 3502 2415; x_wconf 82' lang='lat' dir='ltr'><strong>imbecillior,</strong></span> <span class='ocrx_word' id='word_1_623' title='bbox 3534 2360 3662 2406; x_wconf 88' lang='lat' dir='ltr'><strong>tunc</strong></span> 
     </span>
    </p>
   </div>
   <div class='ocr_carea' id='block_1_84' title="bbox 2053 2427 3654 2510">
    <p class='ocr_par' dir='ltr' id='par_1_84' title="bbox 2053 2427 3654 2510">
     <span class='ocr_line' id='line_1_84' title="bbox 2053 2427 3654 2510; baseline 0.007 -27"><span class='ocrx_word' id='word_1_624' title='bbox 2053 2427 2198 2484; x_wconf 87' lang='lat' dir='ltr'><strong>illam</strong></span> <span class='ocrx_word' id='word_1_625' title='bbox 2249 2433 2544 2510; x_wconf 84' lang='lat' dir='ltr'><strong>oppugnari</strong></span> <span class='ocrx_word' id='word_1_626' title='bbox 2593 2429 2837 2503; x_wconf 90' lang='lat' dir='ltr'><strong>permisit</strong></span> <span class='ocrx_word' id='word_1_627' title='bbox 2889 2434 3072 2491; x_wconf 90' lang='lat' dir='ltr'><strong>Deus:</strong></span> <span class='ocrx_word' id='word_1_628' title='bbox 3125 2444 3183 2491; x_wconf 88' lang='lat' dir='ltr'><strong>ut</strong></span> <span class='ocrx_word' id='word_1_629' title='bbox 3210 2434 3442 2504; x_wconf 84' lang='lat' dir='ltr'><strong>ediscas,</strong></span> <span class='ocrx_word' id='word_1_630' title='bbox 3490 2441 3654 2495; x_wconf 90' lang='lat' dir='ltr'><strong>etiam</strong></span> 
     </span>
    </p>
   </div>
   <div class='ocr_carea' id='block_1_85' title="bbox 2051 2513 3657 2600">
    <p class='ocr_par' dir='ltr' id='par_1_85' title="bbox 2051 2513 3657 2600">
     <span class='ocr_line' id='line_1_85' title="bbox 2051 2513 3657 2600; baseline 0.007 -26"><span class='ocrx_word' id='word_1_631' title='bbox 2051 2521 2194 2592; x_wconf 89' lang='lat' dir='ltr'><strong>quod</strong></span> <span class='ocrx_word' id='word_1_632' title='bbox 2245 2524 2471 2578; x_wconf 90' lang='lat' dir='ltr'><strong>nuncin</strong></span> <span class='ocrx_word' id='word_1_633' title='bbox 2505 2532 2619 2578; x_wconf 92' lang='lat' dir='ltr'><strong>tuto</strong></span> <span class='ocrx_word' id='word_1_634' title='bbox 2662 2513 2753 2589; x_wconf 86' lang='lat' dir='ltr'><strong>sit,</strong></span> <span class='ocrx_word' id='word_1_635' title='bbox 2809 2541 2916 2580; x_wconf 91' lang='lat' dir='ltr'><strong>non</strong></span> <span class='ocrx_word' id='word_1_636' title='bbox 2962 2522 3305 2583; x_wconf 88' lang='lat' dir='ltr'><strong>tribuendum</strong></span> <span class='ocrx_word' id='word_1_637' title='bbox 3339 2545 3461 2585; x_wconf 87' lang='lat' dir='ltr'><strong>esse</strong></span> <span class='ocrx_word' id='word_1_638' title='bbox 3517 2532 3657 2600; x_wconf 87' lang='lat' dir='ltr'><strong>paci,</strong></span> 
     </span>
    </p>
   </div>
   <div class='ocr_carea' id='block_1_86' title="bbox 2051 2612 3656 2692">
    <p class='ocr_par' dir='ltr' id='par_1_86' title="bbox 2051 2612 3656 2692">
     <span class='ocr_line' id='line_1_86' title="bbox 2051 2612 3656 2692; baseline 0.007 -27"><span class='ocrx_word' id='word_1_639' title='bbox 2051 2628 2212 2683; x_wconf 90' lang='lat' dir='ltr'><strong>quam</strong></span> <span class='ocrx_word' id='word_1_640' title='bbox 2257 2620 2515 2682; x_wconf 62' lang='lat' dir='ltr'><strong>praestant</strong></span> <span class='ocrx_word' id='word_1_641' title='bbox 2545 2629 2721 2684; x_wconf 82' lang='lat' dir='ltr'><strong>reges,</strong></span> <span class='ocrx_word' id='word_1_642' title='bbox 2751 2612 2845 2671; x_wconf 89' lang='lat' dir='ltr'><strong>sed</strong></span> <span class='ocrx_word' id='word_1_643' title='bbox 2885 2634 2913 2671; x_wconf 89' lang='lat' dir='ltr'><strong>a</strong></span> <span class='ocrx_word' id='word_1_644' title='bbox 2953 2621 3188 2688; x_wconf 90' lang='lat' dir='ltr'><strong>potentia</strong></span> <span class='ocrx_word' id='word_1_645' title='bbox 3232 2621 3324 2675; x_wconf 92' lang='lat' dir='ltr'><strong>Dei</strong></span> <span class='ocrx_word' id='word_1_646' title='bbox 3365 2621 3656 2692; x_wconf 87' lang='lat' dir='ltr'><strong>proﬁcisci.</strong></span> 
     </span>
    </p>
   </div>
   <div class='ocr_carea' id='block_1_87' title="bbox 2124 2698 3657 2782">
    <p class='ocr_par' dir='ltr' id='par_1_87' title="bbox 2124 2698 3657 2782">
     <span class='ocr_line' id='line_1_87' title="bbox 2124 2698 3657 2782; baseline 0.004 -22"><span class='ocrx_word' id='word_1_647' title='bbox 2124 2705 2179 2760; x_wconf 82' lang='grc'><strong>5.</strong></span> <span class='ocrx_word' id='word_1_648' title='bbox 2211 2698 2366 2758; x_wconf 74' lang='lat' dir='ltr'><strong>Multi</strong></span> <span class='ocrx_word' id='word_1_649' title='bbox 2392 2707 2563 2760; x_wconf 87' lang='lat' dir='ltr'><strong>conati</strong></span> <span class='ocrx_word' id='word_1_650' title='bbox 2586 2717 2704 2760; x_wconf 82' lang='lat' dir='ltr'><strong>sunt</strong></span> <span class='ocrx_word' id='word_1_651' title='bbox 2725 2724 2880 2761; x_wconf 85' lang='lat' dir='ltr'><strong>novas</strong></span> <span class='ocrx_word' id='word_1_652' title='bbox 2902 2708 3143 2764; x_wconf 82' lang='lat' dir='ltr'><strong>inducere</strong></span> <span class='ocrx_word' id='word_1_653' title='bbox 3166 2711 3320 2782; x_wconf 82' lang='lat' dir='ltr'><strong>leges,</strong></span> <span class='ocrx_word' id='word_1_654' title='bbox 3351 2727 3482 2767; x_wconf 81' lang='lat' dir='ltr'><strong>unus</strong></span> <span class='ocrx_word' id='word_1_655' title='bbox 3505 2710 3657 2768; x_wconf 83' lang='lat' dir='ltr'><strong>Chri-</strong></span> 
     </span>
    </p>
   </div>
   <div class='ocr_carea' id='block_1_88' title="bbox 2049 2796 3656 2874">
    <p class='ocr_par' dir='ltr' id='par_1_88' title="bbox 2049 2796 3656 2874">
     <span class='ocr_line' id='line_1_88' title="bbox 2049 2796 3656 2874; baseline 0.005 -23"><span class='ocrx_word' id='word_1_656' title='bbox 2049 2805 2159 2851; x_wconf 84' lang='lat' dir='ltr'><strong>stus</strong></span> <span class='ocrx_word' id='word_1_657' title='bbox 2189 2797 2370 2866; x_wconf 82' lang='lat' dir='ltr'><strong>potuit.</strong></span> <span class='ocrx_word' id='word_1_658' title='bbox 2400 2827 2469 2836; x_wconf 89' lang='lat'><strong>—</strong></span> <span class='ocrx_word' id='word_1_659' title='bbox 2494 2796 2548 2852; x_wconf 94' lang='lat' dir='ltr'><strong>Id</strong></span> <span class='ocrx_word' id='word_1_660' title='bbox 2578 2807 2635 2852; x_wconf 93' lang='lat' dir='ltr'><strong>ut</strong></span> <span class='ocrx_word' id='word_1_661' title='bbox 2659 2812 2954 2868; x_wconf 82' lang='lat' dir='ltr'><strong>cognoscas</strong></span> <span class='ocrx_word' id='word_1_662' title='bbox 2975 2815 3098 2857; x_wconf 86' lang='lat' dir='ltr'><strong>esse</strong></span> <span class='ocrx_word' id='word_1_663' title='bbox 3128 2817 3334 2867; x_wconf 82' lang='lat' dir='ltr'><strong>verum,</strong></span> <span class='ocrx_word' id='word_1_664' title='bbox 3364 2814 3553 2874; x_wconf 84' lang='lat' dir='ltr'><strong>reputa</strong></span> <span class='ocrx_word' id='word_1_665' title='bbox 3581 2815 3656 2860; x_wconf 89' lang='lat' dir='ltr'><strong>te-</strong></span> 
     </span>
    </p>
   </div>
   <div class='ocr_carea' id='block_1_89' title="bbox 2050 2889 3658 2966">
    <p class='ocr_par' dir='ltr' id='par_1_89' title="bbox 2050 2889 3658 2966">
     <span class='ocr_line' id='line_1_89' title="bbox 2050 2889 3658 2966; baseline 0.004 -21"><span class='ocrx_word' id='word_1_666' title='bbox 2050 2905 2196 2958; x_wconf 91' lang='lat' dir='ltr'><strong>cum,</strong></span> <span class='ocrx_word' id='word_1_667' title='bbox 2225 2908 2385 2962; x_wconf 90' lang='lat' dir='ltr'><strong>qnam</strong></span> <span class='ocrx_word' id='word_1_668' title='bbox 2421 2889 2573 2947; x_wconf 89' lang='lat' dir='ltr'><strong>multi</strong></span> <span class='ocrx_word' id='word_1_669' title='bbox 2600 2893 2778 2947; x_wconf 88' lang='lat' dir='ltr'><strong>conati</strong></span> <span class='ocrx_word' id='word_1_670' title='bbox 2810 2889 2918 2947; x_wconf 88' lang='lat' dir='ltr'><strong>sint</strong></span> <span class='ocrx_word' id='word_1_671' title='bbox 2956 2893 3097 2964; x_wconf 90' lang='lat' dir='ltr'><strong>apud</strong></span> <span class='ocrx_word' id='word_1_672' title='bbox 3127 2889 3345 2952; x_wconf 62' lang='lat' dir='ltr'><strong>Graecos</strong></span> <span class='ocrx_word' id='word_1_673' title='bbox 3370 2897 3658 2966; x_wconf 80' lang='lat' dir='ltr'><strong>Opiniones</strong></span> 
     </span>
    </p>
   </div>
   <div class='ocr_carea' id='block_1_90' title="bbox 2053 2981 3659 3058">
    <p class='ocr_par' dir='ltr' id='par_1_90' title="bbox 2053 2981 3659 3058">
     <span class='ocr_line' id='line_1_90' title="bbox 2053 2981 3659 3058; baseline 0.005 -20"><span class='ocrx_word' id='word_1_674' title='bbox 2053 2999 2221 3039; x_wconf 89' lang='lat' dir='ltr'><strong>novas</strong></span> <span class='ocrx_word' id='word_1_675' title='bbox 2251 3000 2315 3040; x_wconf 90' lang='lat' dir='ltr'><strong>ac</strong></span> <span class='ocrx_word' id='word_1_676' title='bbox 2339 2986 2652 3055; x_wconf 71' lang='lat' dir='ltr'><strong>peregrinas</strong></span> <span class='ocrx_word' id='word_1_677' title='bbox 2681 2981 2894 3040; x_wconf 77' lang='lat' dir='ltr'><strong>vivendi</strong></span> <span class='ocrx_word' id='word_1_678' title='bbox 2921 2983 3160 3044; x_wconf 88' lang='lat' dir='ltr'><strong>rationes</strong></span> <span class='ocrx_word' id='word_1_679' title='bbox 3203 2985 3482 3058; x_wconf 85' lang='lat' dir='ltr'><strong>inducere,</strong></span> <span class='ocrx_word' id='word_1_680' title='bbox 3513 2991 3659 3046; x_wconf 81' lang='lat' dir='ltr'><strong>velut</strong></span> 
     </span>
    </p>
   </div>
   <div class='ocr_carea' id='block_1_91' title="bbox 2050 3074 3660 3154">
    <p class='ocr_par' dir='ltr' id='par_1_91' title="bbox 2050 3074 3660 3154">
     <span class='ocr_line' id='line_1_91' title="bbox 2050 3074 3660 3154; baseline 0.005 -24"><span class='ocrx_word' id='word_1_681' title='bbox 2050 3074 2218 3140; x_wconf 80' lang='lat' dir='ltr'><strong>Zeno,</strong></span> <span class='ocrx_word' id='word_1_682' title='bbox 2250 3076 2422 3144; x_wconf 86' lang='lat' dir='ltr'><strong>Plato,</strong></span> <span class='ocrx_word' id='word_1_683' title='bbox 2450 3077 2721 3143; x_wconf 90' lang='lat' dir='ltr'><strong>Socrates,</strong></span> <span class='ocrx_word' id='word_1_684' title='bbox 2750 3079 3026 3148; x_wconf 82' lang='lat' dir='ltr'><strong>Diagoras,</strong></span> <span class='ocrx_word' id='word_1_685' title='bbox 3072 3075 3426 3154; x_wconf 78' lang='lat' dir='ltr'><strong>Pythagoras,</strong></span> <span class='ocrx_word' id='word_1_686' title='bbox 3461 3078 3660 3154; x_wconf 86' lang='lat' dir='ltr'><strong>aliique</strong></span> 
     </span>
    </p>
   </div>
   <div class='ocr_carea' id='block_1_92' title="bbox 2051 3167 3658 3244">
    <p class='ocr_par' dir='ltr' id='par_1_92' title="bbox 2051 3167 3658 3244">
     <span class='ocr_line' id='line_1_92' title="bbox 2051 3167 3658 3244; baseline 0.005 -23"><span class='ocrx_word' id='word_1_687' title='bbox 2051 3167 2316 3222; x_wconf 88' lang='lat' dir='ltr'><strong>innumeri</strong></span> <span class='ocrx_word' id='word_1_688' title='bbox 2344 3185 2358 3221; x_wconf 90' lang='lat'>:</span> <span class='ocrx_word' id='word_1_689' title='bbox 2392 3177 2570 3222; x_wconf 85' lang='lat' dir='ltr'><strong>tamen</strong></span> <span class='ocrx_word' id='word_1_690' title='bbox 2600 3168 2738 3224; x_wconf 88' lang='lat' dir='ltr'><strong>adeo</strong></span> <span class='ocrx_word' id='word_1_691' title='bbox 2767 3186 2872 3223; x_wconf 89' lang='lat' dir='ltr'><strong>non</strong></span> <span class='ocrx_word' id='word_1_692' title='bbox 2903 3172 3164 3234; x_wconf 90' lang='lat' dir='ltr'><strong>vicerunt,</strong></span> <span class='ocrx_word' id='word_1_693' title='bbox 3198 3179 3256 3226; x_wconf 90' lang='lat' dir='ltr'><strong>ut</strong></span> <span class='ocrx_word' id='word_1_694' title='bbox 3285 3173 3556 3244; x_wconf 87' lang='lat' dir='ltr'><strong>plerisque</strong></span> <span class='ocrx_word' id='word_1_695' title='bbox 3588 3190 3658 3229; x_wconf 86' lang='lat' dir='ltr'><strong>ne</strong></span> 
     </span>
    </p>
   </div>
   <div class='ocr_carea' id='block_1_93' title="bbox 2048 3255 3659 3343">
    <p class='ocr_par' dir='ltr' id='par_1_93' title="bbox 2048 3255 3659 3343">
     <span class='ocr_line' id='line_1_93' title="bbox 2048 3255 3659 3343; baseline 0.002 -29"><span class='ocrx_word' id='word_1_696' title='bbox 2048 3258 2117 3314; x_wconf 89' lang='lat' dir='ltr'><strong>de</strong></span> <span class='ocrx_word' id='word_1_697' title='bbox 2138 3259 2352 3314; x_wconf 92' lang='lat' dir='ltr'><strong>nomine</strong></span> <span class='ocrx_word' id='word_1_698' title='bbox 2373 3255 2590 3329; x_wconf 89' lang='lat' dir='ltr'><strong>quidem</strong></span> <span class='ocrx_word' id='word_1_699' title='bbox 2609 3261 2718 3315; x_wconf 90' lang='lat' dir='ltr'><strong>sint</strong></span> <span class='ocrx_word' id='word_1_700' title='bbox 2743 3263 2875 3328; x_wconf 90' lang='lat' dir='ltr'><strong>noti,</strong></span> <span class='ocrx_word' id='word_1_701' title='bbox 2898 3262 3146 3318; x_wconf 88' lang='lat' dir='ltr'><strong>Christus</strong></span> <span class='ocrx_word' id='word_1_702' title='bbox 3165 3274 3346 3319; x_wconf 88' lang='lat' dir='ltr'><strong>autem</strong></span> <span class='ocrx_word' id='word_1_703' title='bbox 3366 3276 3474 3319; x_wconf 88' lang='lat' dir='ltr'><strong>non</strong></span> <span class='ocrx_word' id='word_1_704' title='bbox 3498 3263 3659 3343; x_wconf 79' lang='lat' dir='ltr'><strong>modo</strong></span> 
     </span>
    </p>
   </div>
   <div class='ocr_carea' id='block_1_94' title="bbox 2049 3351 3653 3427">
    <p class='ocr_par' dir='ltr' id='par_1_94' title="bbox 2049 3351 3653 3427">
     <span class='ocr_line' id='line_1_94' title="bbox 2049 3351 3653 3427; baseline 0.004 -22"><span class='ocrx_word' id='word_1_705' title='bbox 2049 3352 2377 3421; x_wconf 83' lang='lat' dir='ltr'><strong>pra-scripsit</strong></span> <span class='ocrx_word' id='word_1_706' title='bbox 2405 3356 2530 3405; x_wconf 71' lang='lat' dir='ltr'><strong>vitm</strong></span> <span class='ocrx_word' id='word_1_707' title='bbox 2579 3351 2830 3417; x_wconf 83' lang='lat' dir='ltr'><strong>formam,</strong></span> <span class='ocrx_word' id='word_1_708' title='bbox 2868 3370 3055 3409; x_wconf 87' lang='lat' dir='ltr'><strong>verum</strong></span> <span class='ocrx_word' id='word_1_709' title='bbox 3087 3351 3250 3410; x_wconf 88' lang='lat' dir='ltr'><strong>etiam</strong></span> <span class='ocrx_word' id='word_1_710' title='bbox 3285 3356 3424 3410; x_wconf 88' lang='lat' dir='ltr'><strong>hanc</strong></span> <span class='ocrx_word' id='word_1_711' title='bbox 3453 3352 3653 3427; x_wconf 85' lang='lat' dir='ltr'><strong>ubique</strong></span> 
     </span>
    </p>
   </div>
   <div class='ocr_carea' id='block_1_95' title="bbox 2050 3443 3653 3518">
    <p class='ocr_par' dir='ltr' id='par_1_95' title="bbox 2050 3443 3653 3518">
     <span class='ocr_line' id='line_1_95' title="bbox 2050 3443 3653 3518; baseline 0.004 -21"><span class='ocrx_word' id='word_1_712' title='bbox 2050 3457 2314 3498; x_wconf 87' lang='lat' dir='ltr'><strong>terrarum</strong></span> <span class='ocrx_word' id='word_1_713' title='bbox 2343 3445 2618 3514; x_wconf 89' lang='lat' dir='ltr'><strong>plantavit.</strong></span> <span class='ocrx_word' id='word_1_714' title='bbox 2644 3445 2814 3512; x_wconf 87' lang='lat' dir='ltr'><strong>Quam</strong></span> <span class='ocrx_word' id='word_1_715' title='bbox 2842 3445 3010 3502; x_wconf 87' lang='lat' dir='ltr'><strong>multa</strong></span> <span class='ocrx_word' id='word_1_716' title='bbox 3033 3448 3201 3502; x_wconf 90' lang='lat' dir='ltr'><strong>fertur</strong></span> <span class='ocrx_word' id='word_1_717' title='bbox 3223 3443 3539 3518; x_wconf 77' lang='lat' dir='ltr'><strong>Apollonius</strong></span> <span class='ocrx_word' id='word_1_718' title='bbox 3561 3446 3653 3504; x_wconf 88' lang='lat' dir='ltr'><strong>ille</strong></span> 
     </span>
    </p>
   </div>
   <div class='ocr_carea' id='block_1_96' title="bbox 2047 3535 3660 3606">
    <p class='ocr_par' dir='ltr' id='par_1_96' title="bbox 2047 3535 3660 3606">
     <span class='ocr_line' id='line_1_96' title="bbox 2047 3535 3660 3606; baseline 0.005 -16"><span class='ocrx_word' id='word_1_719' title='bbox 2047 3535 2299 3606; x_wconf 84' lang='lat' dir='ltr'><strong>Tyaneus</strong></span> <span class='ocrx_word' id='word_1_720' title='bbox 2329 3537 2567 3592; x_wconf 78' lang='lat' dir='ltr'><strong>fecisse?</strong></span> <span class='ocrx_word' id='word_1_721' title='bbox 2611 3536 2810 3592; x_wconf 83' lang='lat' dir='ltr'><strong>Verum</strong></span> <span class='ocrx_word' id='word_1_722' title='bbox 2842 3537 2918 3592; x_wconf 91' lang='lat' dir='ltr'><strong>uti</strong></span> <span class='ocrx_word' id='word_1_723' title='bbox 2955 3540 3156 3606; x_wconf 62' lang='lat' dir='ltr'><strong>scires,</strong></span> <span class='ocrx_word' id='word_1_724' title='bbox 3179 3537 3268 3594; x_wconf 91' lang='lat' dir='ltr'><strong>illa</strong></span> <span class='ocrx_word' id='word_1_725' title='bbox 3311 3539 3492 3596; x_wconf 90' lang='lat' dir='ltr'><strong>omnia</strong></span> <span class='ocrx_word' id='word_1_726' title='bbox 3533 3555 3660 3598; x_wconf 86' lang='lat' dir='ltr'><strong>esse</strong></span> 
     </span>
    </p>
   </div>
   <div class='ocr_carea' id='block_1_97' title="bbox 2047 3628 3651 3697">
    <p class='ocr_par' dir='ltr' id='par_1_97' title="bbox 2047 3628 3651 3697">
     <span class='ocr_line' id='line_1_97' title="bbox 2047 3628 3651 3697; baseline 0.003 -13"><span class='ocrx_word' id='word_1_727' title='bbox 2047 3628 2300 3697; x_wconf 89' lang='lat' dir='ltr'><strong>conﬁcta,</strong></span> <span class='ocrx_word' id='word_1_728' title='bbox 2327 3644 2486 3695; x_wconf 86' lang='lat' dir='ltr'><strong>vana,</strong></span> <span class='ocrx_word' id='word_1_729' title='bbox 2521 3629 2652 3683; x_wconf 89' lang='lat' dir='ltr'><strong>nihil</strong></span> <span class='ocrx_word' id='word_1_730' title='bbox 2687 3631 2937 3686; x_wconf 89' lang='lat' dir='ltr'><strong>habentia</strong></span> <span class='ocrx_word' id='word_1_731' title='bbox 2970 3632 3080 3686; x_wconf 89' lang='lat' dir='ltr'><strong>veri</strong></span> <span class='ocrx_word' id='word_1_732' title='bbox 3109 3651 3123 3686; x_wconf 90' lang='lat'><strong>:</strong></span> <span class='ocrx_word' id='word_1_733' title='bbox 3153 3633 3419 3688; x_wconf 78' lang='lat' dir='ltr'><strong>exstincta</strong></span> <span class='ocrx_word' id='word_1_734' title='bbox 3445 3643 3568 3689; x_wconf 89' lang='lat' dir='ltr'><strong>sunt</strong></span> <span class='ocrx_word' id='word_1_735' title='bbox 3595 3645 3651 3689; x_wconf 89' lang='lat' dir='ltr'><strong>et</strong></span> 
     </span>
    </p>
   </div>
   <div class='ocr_carea' id='block_1_98' title="bbox 2049 3719 3654 3792">
    <p class='ocr_par' dir='ltr' id='par_1_98' title="bbox 2049 3719 3654 3792">
     <span class='ocr_line' id='line_1_98' title="bbox 2049 3719 3654 3792; baseline 0.003 -19"><span class='ocrx_word' id='word_1_736' title='bbox 2049 3722 2210 3775; x_wconf 85' lang='lat' dir='ltr'><strong>linem</strong></span> <span class='ocrx_word' id='word_1_737' title='bbox 2242 3729 2587 3792; x_wconf 88' lang='lat' dir='ltr'><strong>acceperunt.</strong></span> <span class='ocrx_word' id='word_1_738' title='bbox 2620 3719 2738 3776; x_wconf 52' lang='lat' dir='ltr'><strong>Jnm</strong></span> <span class='ocrx_word' id='word_1_739' title='bbox 2770 3737 2837 3777; x_wconf 89' lang='lat' dir='ltr'><strong>ne</strong></span> <span class='ocrx_word' id='word_1_740' title='bbox 2879 3723 3001 3792; x_wconf 87' lang='lat' dir='ltr'><strong>quis</strong></span> <span class='ocrx_word' id='word_1_741' title='bbox 3039 3723 3347 3789; x_wconf 85' lang='lat' dir='ltr'><strong>arbitretur</strong></span> <span class='ocrx_word' id='word_1_742' title='bbox 3371 3730 3654 3780; x_wconf 56' lang='lat' dir='ltr'><strong>contumec</strong></span> 
     </span>
    </p>
   </div>
   <div class='ocr_carea' id='block_1_99' title="bbox 2050 3810 3650 3887">
    <p class='ocr_par' dir='ltr' id='par_1_99' title="bbox 2050 3810 3650 3887">
     <span class='ocr_line' id='line_1_99' title="bbox 2050 3810 3650 3887; baseline 0.004 -22"><span class='ocrx_word' id='word_1_743' title='bbox 2050 3811 2174 3865; x_wconf 90' lang='lat' dir='ltr'><strong>liam</strong></span> <span class='ocrx_word' id='word_1_744' title='bbox 2205 3825 2328 3866; x_wconf 87' lang='lat' dir='ltr'><strong>esse</strong></span> <span class='ocrx_word' id='word_1_745' title='bbox 2356 3811 2579 3880; x_wconf 89' lang='lat' dir='ltr'><strong>Christi,</strong></span> <span class='ocrx_word' id='word_1_746' title='bbox 2619 3811 2763 3883; x_wconf 89' lang='lat' dir='ltr'><strong>quod</strong></span> <span class='ocrx_word' id='word_1_747' title='bbox 2793 3813 2861 3869; x_wconf 94' lang='lat' dir='ltr'><strong>de</strong></span> <span class='ocrx_word' id='word_1_748' title='bbox 2905 3813 2999 3868; x_wconf 92' lang='lat' dir='ltr'><strong>illo</strong></span> <span class='ocrx_word' id='word_1_749' title='bbox 3029 3814 3192 3869; x_wconf 87' lang='lat' dir='ltr'><strong>verba</strong></span> <span class='ocrx_word' id='word_1_750' title='bbox 3227 3810 3506 3877; x_wconf 70' lang='lat' dir='ltr'><strong>facientes,</strong></span> <span class='ocrx_word' id='word_1_751' title='bbox 3543 3812 3650 3887; x_wconf 80' lang='lat' dir='ltr'><strong>Py-</strong></span> 
     </span>
    </p>
   </div>
   <div class='ocr_carea' id='block_1_100' title="bbox 2050 3897 3648 3977">
    <p class='ocr_par' dir='ltr' id='par_1_100' title="bbox 2050 3897 3648 3977">
     <span class='ocr_line' id='line_1_100' title="bbox 2050 3897 3648 3977; baseline 0.001 -20"><span class='ocrx_word' id='word_1_752' title='bbox 2050 3904 2307 3975; x_wconf 77' lang='lat' dir='ltr'><strong>thagorzc,</strong></span> <span class='ocrx_word' id='word_1_753' title='bbox 2333 3904 2593 3971; x_wconf 90' lang='lat' dir='ltr'><strong>Platonis,</strong></span> <span class='ocrx_word' id='word_1_754' title='bbox 2622 3897 2876 3972; x_wconf 81' lang='lat' dir='ltr'><strong>Zenonis,</strong></span> <span class='ocrx_word' id='word_1_755' title='bbox 2904 3915 2960 3960; x_wconf 91' lang='lat' dir='ltr'><strong>et</strong></span> <span class='ocrx_word' id='word_1_756' title='bbox 2985 3899 3186 3977; x_wconf 80' lang='lat' dir='ltr'><strong>Tyanei</strong></span> <span class='ocrx_word' id='word_1_757' title='bbox 3205 3900 3612 3962; x_wconf 84' lang='lat' dir='ltr'><strong>meminerimus</strong></span> <span class='ocrx_word' id='word_1_758' title='bbox 3638 3927 3648 3958; x_wconf 92' lang='lat'>:</span> 
     </span>
    </p>
   </div>
   <div class='ocr_carea' id='block_1_101' title="bbox 2048 3991 3650 4066">
    <p class='ocr_par' dir='ltr' id='par_1_101' title="bbox 2048 3991 3650 4066">
     <span class='ocr_line' id='line_1_101' title="bbox 2048 3991 3650 4066; baseline 0.003 -18"><span class='ocrx_word' id='word_1_759' title='bbox 2048 4011 2155 4049; x_wconf 91' lang='lat' dir='ltr'><strong>non</strong></span> <span class='ocrx_word' id='word_1_760' title='bbox 2185 3995 2327 4050; x_wconf 91' lang='lat' dir='ltr'><strong>enim</strong></span> <span class='ocrx_word' id='word_1_761' title='bbox 2373 3995 2424 4050; x_wconf 92' lang='lat' dir='ltr'><strong>id</strong></span> <span class='ocrx_word' id='word_1_762' title='bbox 2457 3995 2690 4050; x_wconf 84' lang='lat' dir='ltr'><strong>facimus</strong></span> <span class='ocrx_word' id='word_1_763' title='bbox 2717 4012 2784 4051; x_wconf 90' lang='lat' dir='ltr'><strong>ex</strong></span> <span class='ocrx_word' id='word_1_764' title='bbox 2825 3997 2988 4051; x_wconf 88' lang='lat' dir='ltr'><strong>animi</strong></span> <span class='ocrx_word' id='word_1_765' title='bbox 3025 3991 3194 4053; x_wconf 89' lang='lat' dir='ltr'><strong>nostri</strong></span> <span class='ocrx_word' id='word_1_766' title='bbox 3225 3999 3514 4066; x_wconf 89' lang='lat' dir='ltr'><strong>sententia,</strong></span> <span class='ocrx_word' id='word_1_767' title='bbox 3555 3999 3650 4054; x_wconf 86' lang='lat' dir='ltr'><strong>sed</strong></span> 
     </span>
    </p>
   </div>
   <div class='ocr_carea' id='block_1_102' title="bbox 2047 4081 3654 4160">
    <p class='ocr_par' dir='ltr' id='par_1_102' title="bbox 2047 4081 3654 4160">
     <span class='ocr_line' id='line_1_102' title="bbox 2047 4081 3654 4160; baseline 0.004 -20"><span class='ocrx_word' id='word_1_768' title='bbox 2047 4087 2113 4141; x_wconf 89' lang='lat' dir='ltr'><strong>ad</strong></span> <span class='ocrx_word' id='word_1_769' title='bbox 2138 4085 2448 4141; x_wconf 75' lang='lat' dir='ltr'><strong>Judasorum</strong></span> <span class='ocrx_word' id='word_1_770' title='bbox 2479 4087 2845 4142; x_wconf 89' lang='lat' dir='ltr'><strong>inﬁrmitatem</strong></span> <span class='ocrx_word' id='word_1_771' title='bbox 2873 4102 2972 4142; x_wconf 91' lang='lat' dir='ltr'><strong>nos</strong></span> <span class='ocrx_word' id='word_1_772' title='bbox 2995 4087 3141 4158; x_wconf 89' lang='lat' dir='ltr'><strong>ipsos</strong></span> <span class='ocrx_word' id='word_1_773' title='bbox 3165 4081 3535 4154; x_wconf 88' lang='lat' dir='ltr'><strong>demittentes,</strong></span> <span class='ocrx_word' id='word_1_774' title='bbox 3559 4089 3654 4160; x_wconf 90' lang='lat' dir='ltr'><strong>qui</strong></span> 
     </span>
    </p>
   </div>
   <div class='ocr_carea' id='block_1_103' title="bbox 2045 4172 3654 4243">
    <p class='ocr_par' dir='ltr' id='par_1_103' title="bbox 2045 4172 3654 4243">
     <span class='ocr_line' id='line_1_103' title="bbox 2045 4172 3654 4243; baseline 0.002 -11"><span class='ocrx_word' id='word_1_775' title='bbox 2045 4177 2272 4232; x_wconf 89' lang='lat' dir='ltr'><strong>credunt</strong></span> <span class='ocrx_word' id='word_1_776' title='bbox 2317 4193 2439 4233; x_wconf 89' lang='lat' dir='ltr'><strong>eum</strong></span> <span class='ocrx_word' id='word_1_777' title='bbox 2495 4192 2617 4233; x_wconf 88' lang='lat' dir='ltr'><strong>esse</strong></span> <span class='ocrx_word' id='word_1_778' title='bbox 2669 4177 2872 4233; x_wconf 92' lang='lat' dir='ltr'><strong>nudum</strong></span> <span class='ocrx_word' id='word_1_779' title='bbox 2919 4177 3236 4243; x_wconf 89' lang='lat' dir='ltr'><strong>hominem;</strong></span> <span class='ocrx_word' id='word_1_780' title='bbox 3288 4172 3472 4236; x_wconf 88' lang='lat' dir='ltr'><strong>itidem</strong></span> <span class='ocrx_word' id='word_1_781' title='bbox 3517 4189 3572 4235; x_wconf 90' lang='lat' dir='ltr'><strong>et</strong></span> <span class='ocrx_word' id='word_1_782' title='bbox 3623 4196 3654 4235; x_wconf 87' lang='lat' dir='ltr'><strong>a</strong></span> 
     </span>
    </p>
   </div>
   <div class='ocr_carea' id='block_1_104' title="bbox 2047 4266 3653 4343">
    <p class='ocr_par' dir='ltr' id='par_1_104' title="bbox 2047 4266 3653 4343">
     <span class='ocr_line' id='line_1_104' title="bbox 2047 4266 3653 4343; baseline 0.003 -19"><span class='ocrx_word' id='word_1_783' title='bbox 2047 4271 2212 4325; x_wconf 90' lang='lat' dir='ltr'><strong>Paulo</strong></span> <span class='ocrx_word' id='word_1_784' title='bbox 2239 4269 2436 4325; x_wconf 87' lang='lat' dir='ltr'><strong>factum</strong></span> <span class='ocrx_word' id='word_1_785' title='bbox 2463 4280 2546 4325; x_wconf 91' lang='lat' dir='ltr'><strong>est</strong></span> <span class='ocrx_word' id='word_1_786' title='bbox 2587 4269 2724 4342; x_wconf 80' lang='lat' dir='ltr'><strong>(Act.</strong></span> <span class='ocrx_word' id='word_1_787' title='bbox 2761 4269 2872 4343; x_wconf 79' lang='grc' dir='ltr'><strong>Π).</strong></span> <span class='ocrx_word' id='word_1_788' title='bbox 2910 4271 2956 4326; x_wconf 90' lang='lat' dir='ltr'><strong>Is</strong></span> <span class='ocrx_word' id='word_1_789' title='bbox 2998 4273 3142 4326; x_wconf 88' lang='lat' dir='ltr'><strong>enim</strong></span> <span class='ocrx_word' id='word_1_790' title='bbox 3172 4266 3449 4342; x_wconf 80' lang='lat' dir='ltr'><strong>ingressus</strong></span> <span class='ocrx_word' id='word_1_791' title='bbox 3479 4271 3653 4330; x_wconf 86' lang='lat' dir='ltr'><strong>Albe-</strong></span> 
     </span>
    </p>
   </div>
   <div class='ocr_carea' id='block_1_105' title="bbox 2047 4359 3655 4435">
    <p class='ocr_par' dir='ltr' id='par_1_105' title="bbox 2047 4359 3655 4435">
     <span class='ocr_line' id='line_1_105' title="bbox 2047 4359 3655 4435; baseline 0.002 -22"><span class='ocrx_word' id='word_1_792' title='bbox 2047 4376 2236 4414; x_wconf 90' lang='lat' dir='ltr'><strong>narum</strong></span> <span class='ocrx_word' id='word_1_793' title='bbox 2285 4360 2496 4426; x_wconf 90' lang='lat' dir='ltr'><strong>urbem,</strong></span> <span class='ocrx_word' id='word_1_794' title='bbox 2541 4377 2645 4416; x_wconf 87' lang='lat' dir='ltr'><strong>non</strong></span> <span class='ocrx_word' id='word_1_795' title='bbox 2689 4377 2755 4415; x_wconf 88' lang='lat' dir='ltr'><strong>ex</strong></span> <span class='ocrx_word' id='word_1_796' title='bbox 2792 4361 3070 4430; x_wconf 83' lang='lat' dir='ltr'><strong>prophetis</strong></span> <span class='ocrx_word' id='word_1_797' title='bbox 3119 4375 3217 4416; x_wconf 91' lang='lat' dir='ltr'><strong>nec</strong></span> <span class='ocrx_word' id='word_1_798' title='bbox 3247 4378 3314 4416; x_wconf 83' lang='lat' dir='ltr'><strong>ex</strong></span> <span class='ocrx_word' id='word_1_799' title='bbox 3361 4359 3655 4435; x_wconf 76' lang='lat' dir='ltr'><strong>Evangelia</strong></span> 
     </span>
    </p>
   </div>
   <div class='ocr_carea' id='block_1_106' title="bbox 2045 4447 3648 4522">
    <p class='ocr_par' dir='ltr' id='par_1_106' title="bbox 2045 4447 3648 4522">
     <span class='ocr_line' id='line_1_106' title="bbox 2045 4447 3648 4522; baseline 0.003 -18"><span class='ocrx_word' id='word_1_800' title='bbox 2045 4466 2166 4505; x_wconf 92' lang='lat' dir='ltr'><strong>cum</strong></span> <span class='ocrx_word' id='word_1_801' title='bbox 2200 4451 2302 4504; x_wconf 91' lang='lat' dir='ltr'><strong>illis</strong></span> <span class='ocrx_word' id='word_1_802' title='bbox 2328 4451 2602 4516; x_wconf 87' lang='lat' dir='ltr'><strong>disseruit,</strong></span> <span class='ocrx_word' id='word_1_803' title='bbox 2632 4450 2728 4506; x_wconf 90' lang='lat' dir='ltr'><strong>sed</strong></span> <span class='ocrx_word' id='word_1_804' title='bbox 2773 4452 2840 4504; x_wconf 89' lang='lat' dir='ltr'><strong>ab</strong></span> <span class='ocrx_word' id='word_1_805' title='bbox 2867 4467 2958 4505; x_wconf 87' lang='lat' dir='ltr'><strong>ara</strong></span> <span class='ocrx_word' id='word_1_806' title='bbox 3002 4447 3145 4522; x_wconf 91' lang='lat' dir='ltr'><strong>cepit</strong></span> <span class='ocrx_word' id='word_1_807' title='bbox 3177 4450 3606 4509; x_wconf 87' lang='lat' dir='ltr'><strong>exhortationem</strong></span> <span class='ocrx_word' id='word_1_808' title='bbox 3635 4473 3648 4509; x_wconf 90' lang='lat'><strong>:</strong></span> 
     </span>
    </p>
   </div>
   <div class='ocr_carea' id='block_1_107' title="bbox 2047 4536 3654 4614">
    <p class='ocr_par' dir='ltr' id='par_1_107' title="bbox 2047 4536 3654 4614">
     <span class='ocr_line' id='line_1_107' title="bbox 2047 4536 3654 4614; baseline 0.006 -19"><span class='ocrx_word' id='word_1_809' title='bbox 2047 4557 2153 4595; x_wconf 92' lang='lat' dir='ltr'><strong>non</strong></span> <span class='ocrx_word' id='word_1_810' title='bbox 2185 4541 2328 4612; x_wconf 87' lang='lat' dir='ltr'><strong>quod</strong></span> <span class='ocrx_word' id='word_1_811' title='bbox 2359 4557 2507 4596; x_wconf 88' lang='lat' dir='ltr'><strong>aram</strong></span> <span class='ocrx_word' id='word_1_812' title='bbox 2531 4536 2676 4596; x_wconf 91' lang='lat' dir='ltr'><strong>illam</strong></span> <span class='ocrx_word' id='word_1_813' title='bbox 2703 4542 2770 4596; x_wconf 87' lang='lat' dir='ltr'><strong>ad</strong></span> <span class='ocrx_word' id='word_1_814' title='bbox 2796 4539 3096 4598; x_wconf 88' lang='lat' dir='ltr'><strong>faciendam</strong></span> <span class='ocrx_word' id='word_1_815' title='bbox 3125 4542 3285 4599; x_wconf 84' lang='lat' dir='ltr'><strong>ﬁdem</strong></span> <span class='ocrx_word' id='word_1_816' title='bbox 3311 4546 3430 4614; x_wconf 88' lang='lat' dir='ltr'><strong>plus</strong></span> <span class='ocrx_word' id='word_1_817' title='bbox 3452 4545 3654 4604; x_wconf 85' lang='lat' dir='ltr'><strong>habere</strong></span> 
     </span>
    </p>
   </div>
   <div class='ocr_carea' id='block_1_108' title="bbox 2045 4626 3649 4706">
    <p class='ocr_par' dir='ltr' id='par_1_108' title="bbox 2045 4626 3649 4706">
     <span class='ocr_line' id='line_1_108' title="bbox 2045 4626 3649 4706; baseline 0.002 -18"><span class='ocrx_word' id='word_1_818' title='bbox 2045 4634 2303 4688; x_wconf 89' lang='lat' dir='ltr'><strong>momenti</strong></span> <span class='ocrx_word' id='word_1_819' title='bbox 2341 4633 2609 4697; x_wconf 87' lang='lat' dir='ltr'><strong>crederet,</strong></span> <span class='ocrx_word' id='word_1_820' title='bbox 2643 4649 2802 4701; x_wconf 90' lang='lat' dir='ltr'><strong>quam</strong></span> <span class='ocrx_word' id='word_1_821' title='bbox 2835 4626 3147 4704; x_wconf 79' lang='lat' dir='ltr'><strong>Evangelia,</strong></span> <span class='ocrx_word' id='word_1_822' title='bbox 3199 4651 3374 4706; x_wconf 89' lang='lat' dir='ltr'><strong>neque</strong></span> <span class='ocrx_word' id='word_1_823' title='bbox 3404 4638 3546 4706; x_wconf 82' lang='lat' dir='ltr'><strong>quod</strong></span> <span class='ocrx_word' id='word_1_824' title='bbox 3583 4638 3649 4692; x_wconf 88' lang='lat' dir='ltr'><strong>li-</strong></span> 
     </span>
    </p>
   </div>
   <div class='ocr_carea' id='block_1_109' title="bbox 2046 4719 3650 4798">
    <p class='ocr_par' dir='ltr' id='par_1_109' title="bbox 2046 4719 3650 4798">
     <span class='ocr_line' id='line_1_109' title="bbox 2046 4719 3650 4798; baseline 0.005 -20"><span class='ocrx_word' id='word_1_825' title='bbox 2046 4734 2188 4782; x_wconf 73' lang='lat' dir='ltr'><strong>teras</strong></span> <span class='ocrx_word' id='word_1_826' title='bbox 2220 4726 2331 4779; x_wconf 90' lang='lat' dir='ltr'><strong>illic</strong></span> <span class='ocrx_word' id='word_1_827' title='bbox 2360 4726 2648 4794; x_wconf 89' lang='lat' dir='ltr'><strong>inscriptas</strong></span> <span class='ocrx_word' id='word_1_828' title='bbox 2683 4719 2920 4794; x_wconf 84' lang='lat' dir='ltr'><strong>potiores</strong></span> <span class='ocrx_word' id='word_1_829' title='bbox 2950 4725 3174 4781; x_wconf 89' lang='lat' dir='ltr'><strong>duceret</strong></span> <span class='ocrx_word' id='word_1_830' title='bbox 3213 4729 3526 4798; x_wconf 72' lang='lat' dir='ltr'><strong>pr0phetis;</strong></span> <span class='ocrx_word' id='word_1_831' title='bbox 3554 4729 3650 4786; x_wconf 88' lang='lat' dir='ltr'><strong>sed</strong></span> 
     </span>
    </p>
   </div>
   <div class='ocr_carea' id='block_1_110' title="bbox 2044 4818 3652 4888">
    <p class='ocr_par' dir='ltr' id='par_1_110' title="bbox 2044 4818 3652 4888">
     <span class='ocr_line' id='line_1_110' title="bbox 2044 4818 3652 4888; baseline 0.001 -18"><span class='ocrx_word' id='word_1_832' title='bbox 2044 4819 2294 4888; x_wconf 81' lang='lat' dir='ltr'><strong>quoniam</strong></span> <span class='ocrx_word' id='word_1_833' title='bbox 2321 4833 2442 4872; x_wconf 89' lang='lat' dir='ltr'><strong>cum</strong></span> <span class='ocrx_word' id='word_1_834' title='bbox 2474 4818 2724 4888; x_wconf 84' lang='lat' dir='ltr'><strong>gentibus</strong></span> <span class='ocrx_word' id='word_1_835' title='bbox 2751 4818 3078 4888; x_wconf 84' lang='lat' dir='ltr'><strong>disputabat,</strong></span> <span class='ocrx_word' id='word_1_836' title='bbox 3114 4835 3233 4888; x_wconf 78' lang='lat' dir='ltr'><strong>qnze</strong></span> <span class='ocrx_word' id='word_1_837' title='bbox 3277 4821 3407 4875; x_wconf 89' lang='lat' dir='ltr'><strong>nulli</strong></span> <span class='ocrx_word' id='word_1_838' title='bbox 3439 4829 3652 4876; x_wconf 81' lang='lat' dir='ltr'><strong>nostro—</strong></span> 
     </span>
    </p>
   </div>
   <div class='ocr_carea' id='block_1_111' title="bbox 2044 4909 3646 4989">
    <p class='ocr_par' dir='ltr' id='par_1_111' title="bbox 2044 4909 3646 4989">
     <span class='ocr_line' id='line_1_111' title="bbox 2044 4909 3646 4989; baseline 0.002 -24"><span class='ocrx_word' id='word_1_839' title='bbox 2044 4925 2166 4965; x_wconf 91' lang='lat' dir='ltr'><strong>rum</strong></span> <span class='ocrx_word' id='word_1_840' title='bbox 2193 4909 2523 4963; x_wconf 87' lang='lat' dir='ltr'><strong>voluminum</strong></span> <span class='ocrx_word' id='word_1_841' title='bbox 2550 4910 2799 4972; x_wconf 89' lang='lat' dir='ltr'><strong>crednnt,</strong></span> <span class='ocrx_word' id='word_1_842' title='bbox 2832 4925 2860 4963; x_wconf 90' lang='lat' dir='ltr'><strong>a</strong></span> <span class='ocrx_word' id='word_1_843' title='bbox 2895 4912 3130 4981; x_wconf 81' lang='lat' dir='ltr'><strong>prOprils</strong></span> <span class='ocrx_word' id='word_1_844' title='bbox 3163 4911 3400 4989; x_wconf 85' lang='lat' dir='ltr'><strong>ipsorum</strong></span> <span class='ocrx_word' id='word_1_845' title='bbox 3429 4912 3646 4984; x_wconf 81' lang='lat' dir='ltr'><strong>dogma-</strong></span> 
     </span>
    </p>
   </div>
   <div class='ocr_carea' id='block_1_112' title="bbox 2046 5000 3649 5079">
    <p class='ocr_par' dir='ltr' id='par_1_112' title="bbox 2046 5000 3649 5079">
     <span class='ocr_line' id='line_1_112' title="bbox 2046 5000 3649 5079; baseline 0.002 -23"><span class='ocrx_word' id='word_1_846' title='bbox 2046 5003 2186 5057; x_wconf 91' lang='lat' dir='ltr'><strong>tibus</strong></span> <span class='ocrx_word' id='word_1_847' title='bbox 2214 5003 2359 5070; x_wconf 87' lang='lat' dir='ltr'><strong>ipsos</strong></span> <span class='ocrx_word' id='word_1_848' title='bbox 2403 5017 2687 5072; x_wconf 86' lang='lat' dir='ltr'><strong>aggressus</strong></span> <span class='ocrx_word' id='word_1_849' title='bbox 2715 5011 2816 5056; x_wconf 87' lang='lat' dir='ltr'><strong>est.</strong></span> <span class='ocrx_word' id='word_1_850' title='bbox 2850 5003 2988 5079; x_wconf 25' lang='lat' dir='ltr'><strong>‘llinc</strong></span> <span class='ocrx_word' id='word_1_851' title='bbox 3009 5011 3093 5056; x_wconf 69' lang='grc' dir='ltr'><strong>εει</strong></span> <span class='ocrx_word' id='word_1_852' title='bbox 3121 5000 3263 5072; x_wconf 89' lang='lat' dir='ltr'><strong>quod</strong></span> <span class='ocrx_word' id='word_1_853' title='bbox 3305 5005 3380 5058; x_wconf 92' lang='lat' dir='ltr'><strong>ait</strong></span> <span class='ocrx_word' id='word_1_854' title='bbox 3405 5021 3417 5059; x_wconf 93' lang='lat'>:</span> <span class='ocrx_word' id='word_1_855' title='bbox 3454 5003 3649 5060; x_wconf 78' lang='lat' dir='ltr'><strong>Factus</strong></span> 
     </span>
    </p>
   </div>
   <div class='ocr_carea' id='block_1_113' title="bbox 2044 5082 3650 5164">
    <p class='ocr_par' dir='ltr' id='par_1_113' title="bbox 2044 5082 3650 5164">
     <span class='ocr_line' id='line_1_113' title="bbox 2044 5082 3650 5164; baseline 0.001 -16"><span class='ocrx_word' id='word_1_856' title='bbox 2044 5111 2157 5148; x_wconf 88' lang='lat' dir='ltr'><strong>sum</strong></span> <span class='ocrx_word' id='word_1_857' title='bbox 2185 5094 2388 5148; x_wconf 78' lang='lat' dir='ltr'><strong>Judwis</strong></span> <span class='ocrx_word' id='word_1_858' title='bbox 2431 5104 2486 5147; x_wconf 88' lang='lat' dir='ltr'><strong>ut</strong></span> <span class='ocrx_word' id='word_1_859' title='bbox 2525 5093 2763 5156; x_wconf 72' lang='lat' dir='ltr'><strong>Judteus,</strong></span> <span class='ocrx_word' id='word_1_860' title='bbox 2798 5089 2877 5146; x_wconf 80' lang='lat' dir='ltr'><strong>his</strong></span> <span class='ocrx_word' id='word_1_861' title='bbox 2920 5088 3006 5163; x_wconf 83' lang='lat' dir='ltr'><strong>qui</strong></span> <span class='ocrx_word' id='word_1_862' title='bbox 3032 5097 3142 5148; x_wconf 85' lang='lat' dir='ltr'><strong>sine</strong></span> <span class='ocrx_word' id='word_1_863' title='bbox 3170 5082 3471 5164; x_wconf 35' lang='lat' dir='ltr'><strong>lege&#39;crant,</strong></span> <span class='ocrx_word' id='word_1_864' title='bbox 3519 5107 3650 5150; x_wconf 82' lang='lat' dir='ltr'><strong>tam-</strong></span> 
     </span>
    </p>
   </div>
   <div class='ocr_carea' id='block_1_114' title="bbox 2043 5181 3644 5256">
    <p class='ocr_par' dir='ltr' id='par_1_114' title="bbox 2043 5181 3644 5256">
     <span class='ocr_line' id='line_1_114' title="bbox 2043 5181 3644 5256; baseline 0.003 -18"><span class='ocrx_word' id='word_1_865' title='bbox 2043 5202 2194 5255; x_wconf 86' lang='lat' dir='ltr'><strong>quam</strong></span> <span class='ocrx_word' id='word_1_866' title='bbox 2223 5202 2379 5239; x_wconf 84' lang='lat' dir='ltr'><strong>essem</strong></span> <span class='ocrx_word' id='word_1_867' title='bbox 2409 5186 2520 5239; x_wconf 85' lang='lat' dir='ltr'><strong>sine</strong></span> <span class='ocrx_word' id='word_1_868' title='bbox 2554 5185 2700 5256; x_wconf 80' lang='lat' dir='ltr'><strong>lege;</strong></span> <span class='ocrx_word' id='word_1_869' title='bbox 2731 5202 2845 5238; x_wconf 85' lang='lat' dir='ltr'><strong>cum</strong></span> <span class='ocrx_word' id='word_1_870' title='bbox 2888 5181 2998 5239; x_wconf 84' lang='lat' dir='ltr'><strong>sine</strong></span> <span class='ocrx_word' id='word_1_871' title='bbox 3018 5186 3128 5256; x_wconf 88' lang='lat' dir='ltr'><strong>lege</strong></span> <span class='ocrx_word' id='word_1_872' title='bbox 3171 5203 3272 5239; x_wconf 84' lang='lat' dir='ltr'><strong>non</strong></span> <span class='ocrx_word' id='word_1_873' title='bbox 3316 5204 3474 5241; x_wconf 84' lang='lat' dir='ltr'><strong>essem</strong></span> <span class='ocrx_word' id='word_1_874' title='bbox 3513 5187 3644 5251; x_wconf 78' lang='lat' dir='ltr'><strong>Deo,</strong></span> 
     </span>
    </p>
   </div>
   <div class='ocr_carea' id='block_1_115' title="bbox 2041 5272 3647 5349">
    <p class='ocr_par' dir='ltr' id='par_1_115' title="bbox 2041 5272 3647 5349">
     <span class='ocr_line' id='line_1_115' title="bbox 2041 5272 3647 5349; baseline 0.001 -19"><span class='ocrx_word' id='word_1_875' title='bbox 2041 5279 2132 5331; x_wconf 84' lang='lat' dir='ltr'><strong>sed</strong></span> <span class='ocrx_word' id='word_1_876' title='bbox 2155 5293 2312 5331; x_wconf 82' lang='lat' dir='ltr'><strong>essem</strong></span> <span class='ocrx_word' id='word_1_877' title='bbox 2355 5277 2410 5329; x_wconf 88' lang='lat' dir='ltr'><strong>in</strong></span> <span class='ocrx_word' id='word_1_878' title='bbox 2438 5277 2544 5347; x_wconf 84' lang='lat' dir='ltr'><strong>lege</strong></span> <span class='ocrx_word' id='word_1_879' title='bbox 2573 5275 2761 5329; x_wconf 81' lang='lat' dir='ltr'><strong>Christi</strong></span> <span class='ocrx_word' id='word_1_880' title='bbox 2808 5277 2883 5347; x_wconf 84' lang='lat' dir='ltr'><strong>(l.</strong></span> <span class='ocrx_word' id='word_1_881' title='bbox 2915 5272 3034 5332; x_wconf 88' lang='lat' dir='ltr'><strong>Cor.</strong></span> <span class='ocrx_word' id='word_1_882' title='bbox 3065 5278 3121 5332; x_wconf 90' lang='lat'><strong>9.</strong></span> <span class='ocrx_word' id='word_1_883' title='bbox 3149 5276 3244 5331; x_wconf 63' lang='grc' dir='ltr'><strong>εἰ).</strong></span> <span class='ocrx_word' id='word_1_884' title='bbox 3291 5277 3408 5349; x_wconf 74' lang='grc'><strong>21).</strong></span> <span class='ocrx_word' id='word_1_885' title='bbox 3460 5279 3647 5332; x_wconf 79' lang='lat' dir='ltr'><strong>Itidem</strong></span> 
     </span>
    </p>
   </div>
   <div class='ocr_carea' id='block_1_116' title="bbox 2048 5365 3648 5438">
    <p class='ocr_par' dir='ltr' id='par_1_116' title="bbox 2048 5365 3648 5438">
     <span class='ocr_line' id='line_1_116' title="bbox 2048 5365 3648 5438; baseline 0 -14"><span class='ocrx_word' id='word_1_886' title='bbox 2048 5380 2103 5424; x_wconf 89' lang='lat' dir='ltr'><strong>et</strong></span> <span class='ocrx_word' id='word_1_887' title='bbox 2149 5368 2345 5424; x_wconf 87' lang='lat' dir='ltr'><strong>veteris</strong></span> <span class='ocrx_word' id='word_1_888' title='bbox 2387 5368 2694 5423; x_wconf 89' lang='lat' dir='ltr'><strong>testamenti</strong></span> <span class='ocrx_word' id='word_1_889' title='bbox 2741 5365 3018 5438; x_wconf 84' lang='lat' dir='ltr'><strong>Scriptura</strong></span> <span class='ocrx_word' id='word_1_890' title='bbox 3063 5369 3188 5423; x_wconf 84' lang='lat' dir='ltr'><strong>facit</strong></span> <span class='ocrx_word' id='word_1_891' title='bbox 3213 5369 3281 5423; x_wconf 90' lang='lat' dir='ltr'><strong>de</strong></span> <span class='ocrx_word' id='word_1_892' title='bbox 3311 5371 3419 5425; x_wconf 89' lang='lat' dir='ltr'><strong>Deo</strong></span> <span class='ocrx_word' id='word_1_893' title='bbox 3446 5370 3648 5426; x_wconf 79' lang='lat' dir='ltr'><strong>Juda-is</strong></span> 
     </span>
    </p>
   </div>
   <div class='ocr_carea' id='block_1_117' title="bbox 2045 5455 3646 5529">
    <p class='ocr_par' dir='ltr' id='par_1_117' title="bbox 2045 5455 3646 5529">
     <span class='ocr_line' id='line_1_117' title="bbox 2045 5455 3646 5529; baseline 0.002 -17"><span class='ocrx_word' id='word_1_894' title='bbox 2045 5459 2306 5529; x_wconf 88' lang='lat' dir='ltr'><strong>loquens:</strong></span> <span class='ocrx_word' id='word_1_895' title='bbox 2341 5459 2420 5513; x_wconf 91' lang='lat' dir='ltr'><strong>sic</strong></span> <span class='ocrx_word' id='word_1_896' title='bbox 2449 5457 2594 5514; x_wconf 89' lang='lat' dir='ltr'><strong>enim</strong></span> <span class='ocrx_word' id='word_1_897' title='bbox 2647 5459 2760 5512; x_wconf 89' lang='lat' dir='ltr'><strong>ait:</strong></span> <span class='ocrx_word' id='word_1_898' title='bbox 2796 5455 2921 5525; x_wconf 79' lang='lat' dir='ltr'><strong>Quis</strong></span> <span class='ocrx_word' id='word_1_899' title='bbox 2967 5460 3145 5513; x_wconf 82' lang='lat' dir='ltr'><strong>similis</strong></span> <span class='ocrx_word' id='word_1_900' title='bbox 3176 5460 3250 5513; x_wconf 87' lang='lat' dir='ltr'><strong>tui</strong></span> <span class='ocrx_word' id='word_1_901' title='bbox 3277 5460 3331 5513; x_wconf 85' lang='lat' dir='ltr'><strong>in</strong></span> <span class='ocrx_word' id='word_1_902' title='bbox 3377 5461 3496 5526; x_wconf 86' lang='lat' dir='ltr'><strong>diis,</strong></span> <span class='ocrx_word' id='word_1_903' title='bbox 3531 5460 3646 5516; x_wconf 81' lang='lat' dir='ltr'><strong>Do-</strong></span> 
     </span>
    </p>
   </div>
   <div class='ocr_carea' id='block_1_118' title="bbox 2042 5549 3644 5624">
    <p class='ocr_par' dir='ltr' id='par_1_118' title="bbox 2042 5549 3644 5624">
     <span class='ocr_line' id='line_1_118' title="bbox 2042 5549 3644 5624; baseline 0.001 -20"><span class='ocrx_word' id='word_1_904' title='bbox 2042 5552 2177 5604; x_wconf 86' lang='lat' dir='ltr'><strong>mine</strong></span> <span class='ocrx_word' id='word_1_905' title='bbox 2223 5549 2416 5622; x_wconf 74' lang='lat' dir='ltr'><strong>(Exod.</strong></span> <span class='ocrx_word' id='word_1_906' title='bbox 2449 5551 2536 5606; x_wconf 80' lang='lat' dir='ltr'><strong>l5.</strong></span> <span class='ocrx_word' id='word_1_907' title='bbox 2572 5551 2698 5620; x_wconf 83' lang='lat' dir='ltr'><strong>ll)?</strong></span> <span class='ocrx_word' id='word_1_908' title='bbox 2728 5549 2865 5620; x_wconf 84' lang='lat' dir='ltr'><strong>Quid</strong></span> <span class='ocrx_word' id='word_1_909' title='bbox 2895 5551 3249 5624; x_wconf 79' lang='lat' dir='ltr'><strong>uts,Moyses?</strong></span> <span class='ocrx_word' id='word_1_910' title='bbox 3301 5551 3450 5608; x_wconf 89' lang='lat' dir='ltr'><strong>Itane</strong></span> <span class='ocrx_word' id='word_1_911' title='bbox 3489 5569 3644 5607; x_wconf 83' lang='lat' dir='ltr'><strong>com-</strong></span> 
     </span>
    </p>
   </div>
   <div class='ocr_carea' id='block_1_119' title="bbox 2041 5644 3643 5714">
    <p class='ocr_par' dir='ltr' id='par_1_119' title="bbox 2041 5644 3643 5714">
     <span class='ocr_line' id='line_1_119' title="bbox 2041 5644 3643 5714; baseline 0.002 -17"><span class='ocrx_word' id='word_1_912' title='bbox 2041 5645 2252 5714; x_wconf 87' lang='lat' dir='ltr'><strong>paratio</strong></span> <span class='ocrx_word' id='word_1_913' title='bbox 2282 5655 2364 5699; x_wconf 90' lang='lat' dir='ltr'><strong>est</strong></span> <span class='ocrx_word' id='word_1_914' title='bbox 2404 5644 2512 5700; x_wconf 91' lang='lat' dir='ltr'><strong>ulla</strong></span> <span class='ocrx_word' id='word_1_915' title='bbox 2543 5644 2639 5700; x_wconf 90' lang='lat' dir='ltr'><strong>Dei</strong></span> <span class='ocrx_word' id='word_1_916' title='bbox 2688 5645 2800 5700; x_wconf 91' lang='lat' dir='ltr'><strong>veri</strong></span> <span class='ocrx_word' id='word_1_917' title='bbox 2830 5660 2894 5699; x_wconf 90' lang='lat' dir='ltr'><strong>ac</strong></span> <span class='ocrx_word' id='word_1_918' title='bbox 2920 5645 3147 5700; x_wconf 89' lang='lat' dir='ltr'><strong>deorum</strong></span> <span class='ocrx_word' id='word_1_919' title='bbox 3177 5644 3474 5701; x_wconf 84' lang='lat' dir='ltr'><strong>falsorum?</strong></span> <span class='ocrx_word' id='word_1_920' title='bbox 3504 5646 3643 5713; x_wconf 86' lang='lat' dir='ltr'><strong>Non,</strong></span> 
     </span>
    </p>
   </div>
   <div class='ocr_carea' id='block_1_120' title="bbox 2041 5737 3644 5809">
    <p class='ocr_par' dir='ltr' id='par_1_120' title="bbox 2041 5737 3644 5809">
     <span class='ocr_line' id='line_1_120' title="bbox 2041 5737 3644 5809; baseline 0.002 -20"><span class='ocrx_word' id='word_1_921' title='bbox 2041 5737 2236 5806; x_wconf 90' lang='lat' dir='ltr'><strong>inquit,</strong></span> <span class='ocrx_word' id='word_1_922' title='bbox 2259 5737 2361 5791; x_wconf 89' lang='lat' dir='ltr'><strong>hoc</strong></span> <span class='ocrx_word' id='word_1_923' title='bbox 2381 5746 2438 5790; x_wconf 91' lang='lat' dir='ltr'><strong>ut</strong></span> <span class='ocrx_word' id='word_1_924' title='bbox 2454 5738 2910 5806; x_wconf 88' lang='lat' dir='ltr'><strong>comparationem</strong></span> <span class='ocrx_word' id='word_1_925' title='bbox 2939 5737 3186 5792; x_wconf 88' lang='lat' dir='ltr'><strong>inducam</strong></span> <span class='ocrx_word' id='word_1_926' title='bbox 3211 5739 3465 5809; x_wconf 89' lang='lat' dir='ltr'><strong>loquutus</strong></span> <span class='ocrx_word' id='word_1_927' title='bbox 3487 5755 3604 5794; x_wconf 91' lang='lat' dir='ltr'><strong>sum</strong></span> <span class='ocrx_word' id='word_1_928' title='bbox 3630 5757 3644 5793; x_wconf 86' lang='lat'><strong>:</strong></span> 
     </span>
    </p>
   </div>
   <div class='ocr_carea' id='block_1_121' title="bbox 2043 5816 3648 5907">
    <p class='ocr_par' dir='ltr' id='par_1_121' title="bbox 2043 5816 3648 5907">
     <span class='ocr_line' id='line_1_121' title="bbox 2043 5816 3648 5907; baseline 0.003 -23"><span class='ocrx_word' id='word_1_929' title='bbox 2043 5828 2138 5884; x_wconf 88' lang='lat' dir='ltr'><strong>sed</strong></span> <span class='ocrx_word' id='word_1_930' title='bbox 2163 5831 2286 5900; x_wconf 83' lang='lat' dir='ltr'><strong>quia</strong></span> <span class='ocrx_word' id='word_1_931' title='bbox 2315 5831 2380 5886; x_wconf 91' lang='lat' dir='ltr'><strong>ad</strong></span> <span class='ocrx_word' id='word_1_932' title='bbox 2409 5816 2622 5888; x_wconf 66' lang='lat' dir='ltr'><strong>Judatos</strong></span> <span class='ocrx_word' id='word_1_933' title='bbox 2652 5834 2782 5888; x_wconf 88' lang='lat' dir='ltr'><strong>mihi</strong></span> <span class='ocrx_word' id='word_1_934' title='bbox 2812 5843 2924 5888; x_wconf 88' lang='lat' dir='ltr'><strong>crat</strong></span> <span class='ocrx_word' id='word_1_935' title='bbox 2947 5847 3148 5896; x_wconf 87' lang='lat' dir='ltr'><strong>sermo.</strong></span> <span class='ocrx_word' id='word_1_936' title='bbox 3187 5835 3277 5906; x_wconf 88' lang='lat' dir='ltr'><strong>qui</strong></span> <span class='ocrx_word' id='word_1_937' title='bbox 3307 5834 3648 5907; x_wconf 86' lang='lat' dir='ltr'><strong>magniﬁcam</strong></span> 
     </span>
    </p>
   </div>
  </div>
