  <div class='ocr_page' id='page_1' title='image "/cluster/home/n/w/nwhite01/storage/ocr_20150623/48/pst.000005712458/373.png"; bbox 0 0 4150 6352; ppageno 0'>
   <div class='ocr_carea' id='block_1_1' title="bbox 655 364 767 427">
    <p class='ocr_par' dir='ltr' id='par_1_1' title="bbox 655 364 767 427">
     <span class='ocr_line' id='line_1_1' title="bbox 655 364 767 427; baseline -0.036 0"><span class='ocrx_word' id='word_1_1' title='bbox 655 364 767 427; x_wconf 66' lang='grc' dir='ltr'><strong>ἩΒἾ</strong></span> 
     </span>
    </p>
   </div>
   <div class='ocr_carea' id='block_1_2' title="bbox 660 481 2243 554">
    <p class='ocr_par' dir='ltr' id='par_1_2' title="bbox 660 481 2243 554">
     <span class='ocr_line' id='line_1_2' title="bbox 660 481 2243 554; baseline -0.002 -14"><span class='ocrx_word' id='word_1_2' title='bbox 660 486 728 540; x_wconf 85' lang='lat' dir='ltr'><strong>de</strong></span> <span class='ocrx_word' id='word_1_3' title='bbox 749 483 1079 540; x_wconf 68' lang='lat' dir='ltr'><strong>dmonibus</strong></span> <span class='ocrx_word' id='word_1_4' title='bbox 1104 482 1300 538; x_wconf 86' lang='lat' dir='ltr'><strong>habent</strong></span> <span class='ocrx_word' id='word_1_5' title='bbox 1319 484 1649 554; x_wconf 84' lang='lat' dir='ltr'><strong>Opinionem,</strong></span> <span class='ocrx_word' id='word_1_6' title='bbox 1671 482 1735 536; x_wconf 91' lang='lat' dir='ltr'><strong>ad</strong></span> <span class='ocrx_word' id='word_1_7' title='bbox 1769 482 1975 537; x_wconf 91' lang='lat' dir='ltr'><strong>illorum</strong></span> <span class='ocrx_word' id='word_1_8' title='bbox 2003 481 2243 537; x_wconf 89' lang='lat' dir='ltr'><strong>imbecil-</strong></span> 
     </span>
    </p>
   </div>
   <div class='ocr_carea' id='block_1_3' title="bbox 658 570 2240 645">
    <p class='ocr_par' dir='ltr' id='par_1_3' title="bbox 658 570 2240 645">
     <span class='ocr_line' id='line_1_3' title="bbox 658 570 2240 645; baseline -0.003 -14"><span class='ocrx_word' id='word_1_9' title='bbox 658 577 857 633; x_wconf 82' lang='lat' dir='ltr'><strong>litatem</strong></span> <span class='ocrx_word' id='word_1_10' title='bbox 905 592 989 630; x_wconf 90' lang='lat' dir='ltr'><strong>me</strong></span> <span class='ocrx_word' id='word_1_11' title='bbox 1036 574 1444 631; x_wconf 82' lang='lat' dir='ltr'><strong>accommodans</strong></span> <span class='ocrx_word' id='word_1_12' title='bbox 1485 575 1588 629; x_wconf 85' lang='lat' dir='ltr'><strong>hoc</strong></span> <span class='ocrx_word' id='word_1_13' title='bbox 1619 570 1848 630; x_wconf 78' lang='lat' dir='ltr'><strong>docendi</strong></span> <span class='ocrx_word' id='word_1_14' title='bbox 1891 589 2086 645; x_wconf 80' lang='lat' dir='ltr'><strong>genere</strong></span> <span class='ocrx_word' id='word_1_15' title='bbox 2123 588 2240 628; x_wconf 89' lang='lat' dir='ltr'><strong>sum</strong></span> 
     </span>
    </p>
   </div>
   <div class='ocr_carea' id='block_1_4' title="bbox 660 664 2239 735">
    <p class='ocr_par' dir='ltr' id='par_1_4' title="bbox 660 664 2239 735">
     <span class='ocr_line' id='line_1_4' title="bbox 660 664 2239 735; baseline 0 -16"><span class='ocrx_word' id='word_1_16' title='bbox 660 681 786 719; x_wconf 84' lang='lat' dir='ltr'><strong>usus</strong></span> <span class='ocrx_word' id='word_1_17' title='bbox 836 664 1097 731; x_wconf 82' lang='lat' dir='ltr'><strong>Quoniam</strong></span> <span class='ocrx_word' id='word_1_18' title='bbox 1132 665 1291 734; x_wconf 80' lang='lat' dir='ltr'><strong>igitur</strong></span> <span class='ocrx_word' id='word_1_19' title='bbox 1322 665 1475 719; x_wconf 90' lang='lat' dir='ltr'><strong>nobis</strong></span> <span class='ocrx_word' id='word_1_20' title='bbox 1499 680 1708 735; x_wconf 90' lang='lat' dir='ltr'><strong>quoque</strong></span> <span class='ocrx_word' id='word_1_21' title='bbox 1729 664 2015 734; x_wconf 73' lang='lat' dir='ltr'><strong>disputatio</strong></span> <span class='ocrx_word' id='word_1_22' title='bbox 2038 673 2119 719; x_wconf 84' lang='lat' dir='ltr'><strong>est</strong></span> <span class='ocrx_word' id='word_1_23' title='bbox 2143 664 2239 719; x_wconf 82' lang='lat' dir='ltr'><strong>ad-</strong></span> 
     </span>
    </p>
   </div>
   <div class='ocr_carea' id='block_1_5' title="bbox 656 744 2239 827">
    <p class='ocr_par' dir='ltr' id='par_1_5' title="bbox 656 744 2239 827">
     <span class='ocr_line' id='line_1_5' title="bbox 656 744 2239 827; baseline 0.002 -20"><span class='ocrx_word' id='word_1_24' title='bbox 656 772 841 812; x_wconf 81' lang='lat' dir='ltr'><strong>versus</strong></span> <span class='ocrx_word' id='word_1_25' title='bbox 876 755 1115 823; x_wconf 53' lang='lat' dir='ltr'><strong>‘Judznos,</strong></span> <span class='ocrx_word' id='word_1_26' title='bbox 1163 744 1253 827; x_wconf 86' lang='lat' dir='ltr'><strong>qui</strong></span> <span class='ocrx_word' id='word_1_27' title='bbox 1278 755 1551 811; x_wconf 75' lang='lat' dir='ltr'><strong>Christum</strong></span> <span class='ocrx_word' id='word_1_28' title='bbox 1597 756 1904 810; x_wconf 76' lang='lat' dir='ltr'><strong>existimant</strong></span> <span class='ocrx_word' id='word_1_29' title='bbox 1946 755 2239 825; x_wconf 78' lang='lat' dir='ltr'><strong>simplicem</strong></span> 
     </span>
    </p>
   </div>
   <div class='ocr_carea' id='block_1_6' title="bbox 655 846 2238 917">
    <p class='ocr_par' dir='ltr' id='par_1_6' title="bbox 655 846 2238 917">
     <span class='ocr_line' id='line_1_6' title="bbox 655 846 2238 917; baseline 0 -18"><span class='ocrx_word' id='word_1_30' title='bbox 655 847 820 900; x_wconf 79' lang='lat' dir='ltr'><strong>fuisse</strong></span> <span class='ocrx_word' id='word_1_31' title='bbox 863 847 1155 913; x_wconf 84' lang='lat' dir='ltr'><strong>hominem,</strong></span> <span class='ocrx_word' id='word_1_32' title='bbox 1187 856 1240 902; x_wconf 91' lang='lat' dir='ltr'><strong>et</strong></span> <span class='ocrx_word' id='word_1_33' title='bbox 1266 847 1394 917; x_wconf 82' lang='lat' dir='ltr'><strong>legis</strong></span> <span class='ocrx_word' id='word_1_34' title='bbox 1436 846 1930 915; x_wconf 71' lang='lat' dir='ltr'><strong>prievaricatorem:</strong></span> <span class='ocrx_word' id='word_1_35' title='bbox 1962 855 2238 916; x_wconf 79' lang='lat' dir='ltr'><strong>propterea</strong></span> 
     </span>
    </p>
   </div>
   <div class='ocr_carea' id='block_1_7' title="bbox 646 937 2237 1008">
    <p class='ocr_par' dir='ltr' id='par_1_7' title="bbox 646 937 2237 1008">
     <span class='ocr_line' id='line_1_7' title="bbox 646 937 2237 1008; baseline -0.003 -14"><span class='ocrx_word' id='word_1_36' title='bbox 646 940 720 994; x_wconf 86' lang='lat' dir='ltr'><strong>ab</strong></span> <span class='ocrx_word' id='word_1_37' title='bbox 751 941 976 1008; x_wconf 85' lang='lat' dir='ltr'><strong>iis,-quac</strong></span> <span class='ocrx_word' id='word_1_38' title='bbox 1006 938 1144 1008; x_wconf 91' lang='lat' dir='ltr'><strong>apud</strong></span> <span class='ocrx_word' id='word_1_39' title='bbox 1183 948 1371 1008; x_wconf 83' lang='lat' dir='ltr'><strong>gentes</strong></span> <span class='ocrx_word' id='word_1_40' title='bbox 1397 937 1450 993; x_wconf 91' lang='lat' dir='ltr'><strong>in</strong></span> <span class='ocrx_word' id='word_1_41' title='bbox 1490 937 1843 993; x_wconf 80' lang='lat' dir='ltr'><strong>admiratione</strong></span> <span class='ocrx_word' id='word_1_42' title='bbox 1868 947 2010 1005; x_wconf 90' lang='lat' dir='ltr'><strong>sunt,</strong></span> <span class='ocrx_word' id='word_1_43' title='bbox 2057 938 2237 993; x_wconf 79' lang='lat' dir='ltr'><strong>induxi</strong></span> 
     </span>
    </p>
   </div>
   <div class='ocr_carea' id='block_1_8' title="bbox 650 1028 2239 1099">
    <p class='ocr_par' dir='ltr' id='par_1_8' title="bbox 650 1028 2239 1099">
     <span class='ocr_line' id='line_1_8' title="bbox 650 1028 2239 1099; baseline 0 -18"><span class='ocrx_word' id='word_1_44' title='bbox 650 1030 1127 1097; x_wconf 89' lang='lat' dir='ltr'><strong>comparationem.</strong></span> <span class='ocrx_word' id='word_1_45' title='bbox 1150 1029 1301 1097; x_wconf 87' lang='lat' dir='ltr'><strong>Quod</strong></span> <span class='ocrx_word' id='word_1_46' title='bbox 1324 1030 1368 1085; x_wconf 93' lang='lat' dir='ltr'><strong>si</strong></span> <span class='ocrx_word' id='word_1_47' title='bbox 1390 1029 1547 1084; x_wconf 84' lang='lat' dir='ltr'><strong>vultis</strong></span> <span class='ocrx_word' id='word_1_48' title='bbox 1569 1044 1653 1084; x_wconf 88' lang='lat' dir='ltr'><strong>me</strong></span> <span class='ocrx_word' id='word_1_49' title='bbox 1679 1038 1731 1085; x_wconf 87' lang='lat' dir='ltr'><strong>et</strong></span> <span class='ocrx_word' id='word_1_50' title='bbox 1756 1044 1963 1096; x_wconf 88' lang='lat' dir='ltr'><strong>eorum,</strong></span> <span class='ocrx_word' id='word_1_51' title='bbox 1989 1028 2079 1099; x_wconf 91' lang='lat' dir='ltr'><strong>qui</strong></span> <span class='ocrx_word' id='word_1_52' title='bbox 2100 1028 2239 1097; x_wconf 88' lang='lat' dir='ltr'><strong>apud</strong></span> 
     </span>
    </p>
   </div>
   <div class='ocr_carea' id='block_1_9' title="bbox 647 1119 2240 1189">
    <p class='ocr_par' dir='ltr' id='par_1_9' title="bbox 647 1119 2240 1189">
     <span class='ocr_line' id='line_1_9' title="bbox 647 1119 2240 1189; baseline -0.001 -15"><span class='ocrx_word' id='word_1_53' title='bbox 647 1119 797 1189; x_wconf 85' lang='lat' dir='ltr'><strong>ipsos</strong></span> <span class='ocrx_word' id='word_1_54' title='bbox 821 1120 1034 1177; x_wconf 71' lang='lat' dir='ltr'><strong>Judteos</strong></span> <span class='ocrx_word' id='word_1_55' title='bbox 1062 1122 1250 1175; x_wconf 86' lang='lat' dir='ltr'><strong>eadem</strong></span> <span class='ocrx_word' id='word_1_56' title='bbox 1270 1121 1457 1176; x_wconf 82' lang='lat' dir='ltr'><strong>conati</strong></span> <span class='ocrx_word' id='word_1_57' title='bbox 1482 1129 1607 1175; x_wconf 87' lang='lat' dir='ltr'><strong>sunt</strong></span> <span class='ocrx_word' id='word_1_58' title='bbox 1626 1130 1681 1175; x_wconf 87' lang='lat' dir='ltr'><strong>et</strong></span> <span class='ocrx_word' id='word_1_59' title='bbox 1709 1119 1998 1188; x_wconf 77' lang='lat' dir='ltr'><strong>discipulos</strong></span> <span class='ocrx_word' id='word_1_60' title='bbox 2029 1119 2127 1173; x_wconf 86' lang='lat' dir='ltr'><strong>sibi</strong></span> <span class='ocrx_word' id='word_1_61' title='bbox 2154 1119 2240 1172; x_wconf 90' lang='lat' dir='ltr'><strong>ad-</strong></span> 
     </span>
    </p>
   </div>
   <div class='ocr_carea' id='block_1_10' title="bbox 646 1210 2238 1284">
    <p class='ocr_par' dir='ltr' id='par_1_10' title="bbox 646 1210 2238 1284">
     <span class='ocr_line' id='line_1_10' title="bbox 646 1210 2238 1284; baseline -0.003 -14"><span class='ocrx_word' id='word_1_62' title='bbox 646 1218 942 1279; x_wconf 86' lang='lat' dir='ltr'><strong>sciverunt,</strong></span> <span class='ocrx_word' id='word_1_63' title='bbox 990 1223 1046 1268; x_wconf 89' lang='lat' dir='ltr'><strong>et</strong></span> <span class='ocrx_word' id='word_1_64' title='bbox 1068 1214 1343 1284; x_wconf 88' lang='lat' dir='ltr'><strong>principes</strong></span> <span class='ocrx_word' id='word_1_65' title='bbox 1384 1221 1477 1267; x_wconf 90' lang='lat' dir='ltr'><strong>aut</strong></span> <span class='ocrx_word' id='word_1_66' title='bbox 1522 1212 1778 1283; x_wconf 85' lang='lat' dir='ltr'><strong>praesides</strong></span> <span class='ocrx_word' id='word_1_67' title='bbox 1817 1212 2099 1282; x_wconf 83' lang='lat' dir='ltr'><strong>designati,</strong></span> <span class='ocrx_word' id='word_1_68' title='bbox 2145 1210 2238 1265; x_wconf 89' lang='lat' dir='ltr'><strong>sed</strong></span> 
     </span>
    </p>
   </div>
   <div class='ocr_carea' id='block_1_11' title="bbox 643 1305 2235 1374">
    <p class='ocr_par' dir='ltr' id='par_1_11' title="bbox 643 1305 2235 1374">
     <span class='ocr_line' id='line_1_11' title="bbox 643 1305 2235 1374; baseline -0.003 -16"><span class='ocrx_word' id='word_1_69' title='bbox 643 1305 895 1372; x_wconf 76' lang='lat' dir='ltr'><strong>protinus</strong></span> <span class='ocrx_word' id='word_1_70' title='bbox 924 1306 1169 1360; x_wconf 78' lang='lat' dir='ltr'><strong>exstincti</strong></span> <span class='ocrx_word' id='word_1_71' title='bbox 1200 1314 1343 1371; x_wconf 83' lang='lat' dir='ltr'><strong>sunt,</strong></span> <span class='ocrx_word' id='word_1_72' title='bbox 1375 1306 1621 1374; x_wconf 70' lang='lat' dir='ltr'><strong>exempla</strong></span> <span class='ocrx_word' id='word_1_73' title='bbox 1650 1318 1933 1358; x_wconf 88' lang='lat' dir='ltr'><strong>recensere</strong></span> <span class='ocrx_word' id='word_1_74' title='bbox 1963 1321 1975 1355; x_wconf 90' lang='lat'><strong>:</strong></span> <span class='ocrx_word' id='word_1_75' title='bbox 2018 1318 2113 1371; x_wconf 86' lang='lat' dir='ltr'><strong>age</strong></span> <span class='ocrx_word' id='word_1_76' title='bbox 2144 1318 2235 1355; x_wconf 79' lang='lat' dir='ltr'><strong>co—</strong></span> 
     </span>
    </p>
   </div>
   <div class='ocr_carea' id='block_1_12' title="bbox 651 1393 2235 1467">
    <p class='ocr_par' dir='ltr' id='par_1_12' title="bbox 651 1393 2235 1467">
     <span class='ocr_line' id='line_1_12' title="bbox 651 1393 2235 1467; baseline -0.003 -19"><span class='ocrx_word' id='word_1_77' title='bbox 651 1398 895 1451; x_wconf 87' lang='lat' dir='ltr'><strong>nabimur</strong></span> <span class='ocrx_word' id='word_1_78' title='bbox 922 1408 974 1452; x_wconf 90' lang='lat' dir='ltr'><strong>et</strong></span> <span class='ocrx_word' id='word_1_79' title='bbox 996 1397 1070 1452; x_wconf 87' lang='lat' dir='ltr'><strong>sic</strong></span> <span class='ocrx_word' id='word_1_80' title='bbox 1099 1397 1487 1451; x_wconf 84' lang='lat' dir='ltr'><strong>demonstrare.</strong></span> <span class='ocrx_word' id='word_1_81' title='bbox 1523 1397 1634 1451; x_wconf 90' lang='lat' dir='ltr'><strong>lloc</strong></span> <span class='ocrx_word' id='word_1_82' title='bbox 1664 1395 1823 1467; x_wconf 80' lang='lat' dir='ltr'><strong>igitur</strong></span> <span class='ocrx_word' id='word_1_83' title='bbox 1858 1394 2015 1448; x_wconf 89' lang='lat' dir='ltr'><strong>modo</strong></span> <span class='ocrx_word' id='word_1_84' title='bbox 2042 1393 2235 1448; x_wconf 84' lang='lat' dir='ltr'><strong>Gama-</strong></span> 
     </span>
    </p>
   </div>
   <div class='ocr_carea' id='block_1_13' title="bbox 648 1484 2235 1542">
    <p class='ocr_par' dir='ltr' id='par_1_13' title="bbox 648 1484 2235 1542">
     <span class='ocr_line' id='line_1_13' title="bbox 648 1484 2235 1542; baseline -0.003 -3"><span class='ocrx_word' id='word_1_85' title='bbox 648 1488 735 1541; x_wconf 89' lang='lat' dir='ltr'><strong>liel</strong></span> <span class='ocrx_word' id='word_1_86' title='bbox 780 1502 841 1540; x_wconf 87' lang='lat' dir='ltr'><strong>os</strong></span> <span class='ocrx_word' id='word_1_87' title='bbox 869 1488 1131 1542; x_wconf 89' lang='lat' dir='ltr'><strong>obturavit</strong></span> <span class='ocrx_word' id='word_1_88' title='bbox 1174 1488 1296 1541; x_wconf 89' lang='lat' dir='ltr'><strong>illis.</strong></span> <span class='ocrx_word' id='word_1_89' title='bbox 1345 1489 1476 1541; x_wconf 82' lang='lat' dir='ltr'><strong>Cum</strong></span> <span class='ocrx_word' id='word_1_90' title='bbox 1522 1488 1663 1540; x_wconf 87' lang='lat' dir='ltr'><strong>enim</strong></span> <span class='ocrx_word' id='word_1_91' title='bbox 1695 1486 1899 1538; x_wconf 84' lang='lat' dir='ltr'><strong>videret</strong></span> <span class='ocrx_word' id='word_1_92' title='bbox 1944 1485 2062 1538; x_wconf 87' lang='lat' dir='ltr'><strong>illus</strong></span> <span class='ocrx_word' id='word_1_93' title='bbox 2095 1484 2235 1535; x_wconf 77' lang='lat' dir='ltr'><strong>insa-</strong></span> 
     </span>
    </p>
   </div>
   <div class='ocr_carea' id='block_1_14' title="bbox 644 1570 2232 1649">
    <p class='ocr_par' dir='ltr' id='par_1_14' title="bbox 644 1570 2232 1649">
     <span class='ocr_line' id='line_1_14' title="bbox 644 1570 2232 1649; baseline -0.002 -19"><span class='ocrx_word' id='word_1_94' title='bbox 644 1579 872 1645; x_wconf 86' lang='lat' dir='ltr'><strong>nientes,</strong></span> <span class='ocrx_word' id='word_1_95' title='bbox 889 1579 1212 1649; x_wconf 87' lang='lat' dir='ltr'><strong>cupidosque</strong></span> <span class='ocrx_word' id='word_1_96' title='bbox 1228 1577 1528 1633; x_wconf 81' lang='lat' dir='ltr'><strong>ell‘undendi</strong></span> <span class='ocrx_word' id='word_1_97' title='bbox 1551 1570 1819 1646; x_wconf 78' lang='lat' dir='ltr'><strong>sanguinis</strong></span> <span class='ocrx_word' id='word_1_98' title='bbox 1836 1575 2232 1645; x_wconf 77' lang='lat' dir='ltr'><strong>discipulorum,</strong></span> 
     </span>
    </p>
   </div>
   <div class='ocr_carea' id='block_1_15' title="bbox 648 1665 2234 1738">
    <p class='ocr_par' dir='ltr' id='par_1_15' title="bbox 648 1665 2234 1738">
     <span class='ocr_line' id='line_1_15' title="bbox 648 1665 2234 1738; baseline -0.002 -16"><span class='ocrx_word' id='word_1_99' title='bbox 648 1669 875 1724; x_wconf 85' lang='lat' dir='ltr'><strong>studens</strong></span> <span class='ocrx_word' id='word_1_100' title='bbox 919 1686 1013 1725; x_wconf 86' lang='lat' dir='ltr'><strong>eos</strong></span> <span class='ocrx_word' id='word_1_101' title='bbox 1054 1670 1121 1724; x_wconf 89' lang='lat' dir='ltr'><strong>ab</strong></span> <span class='ocrx_word' id='word_1_102' title='bbox 1172 1669 1444 1738; x_wconf 80' lang='lat' dir='ltr'><strong>impotenti</strong></span> <span class='ocrx_word' id='word_1_103' title='bbox 1496 1669 1707 1722; x_wconf 79' lang='lat' dir='ltr'><strong>vesania</strong></span> <span class='ocrx_word' id='word_1_104' title='bbox 1754 1668 2024 1731; x_wconf 88' lang='lat' dir='ltr'><strong>cohibere,</strong></span> <span class='ocrx_word' id='word_1_105' title='bbox 2069 1665 2234 1735; x_wconf 85' lang='lat' dir='ltr'><strong>jussis</strong></span> 
     </span>
    </p>
   </div>
   <div class='ocr_carea' id='block_1_16' title="bbox 646 1756 2230 1830">
    <p class='ocr_par' dir='ltr' id='par_1_16' title="bbox 646 1756 2230 1830">
     <span class='ocr_line' id='line_1_16' title="bbox 646 1756 2230 1830; baseline 0.001 -22"><span class='ocrx_word' id='word_1_106' title='bbox 646 1761 914 1830; x_wconf 82' lang='lat' dir='ltr'><strong>paulisper</strong></span> <span class='ocrx_word' id='word_1_107' title='bbox 936 1761 1187 1815; x_wconf 86' lang='lat' dir='ltr'><strong>secedere</strong></span> <span class='ocrx_word' id='word_1_108' title='bbox 1214 1760 1489 1829; x_wconf 87' lang='lat' dir='ltr'><strong>apostolis,</strong></span> <span class='ocrx_word' id='word_1_109' title='bbox 1536 1760 1615 1814; x_wconf 87' lang='lat' dir='ltr'><strong>sic</strong></span> <span class='ocrx_word' id='word_1_110' title='bbox 1642 1758 1706 1812; x_wconf 90' lang='lat' dir='ltr'><strong>ad</strong></span> <span class='ocrx_word' id='word_1_111' title='bbox 1744 1759 1859 1812; x_wconf 91' lang='lat' dir='ltr'><strong>illos</strong></span> <span class='ocrx_word' id='word_1_112' title='bbox 1889 1758 2047 1813; x_wconf 88' lang='lat' dir='ltr'><strong>verba</strong></span> <span class='ocrx_word' id='word_1_113' title='bbox 2071 1756 2193 1810; x_wconf 78' lang='lat' dir='ltr'><strong>fecit</strong></span> <span class='ocrx_word' id='word_1_114' title='bbox 2216 1774 2230 1810; x_wconf 88' lang='lat'><strong>:</strong></span> 
     </span>
    </p>
   </div>
   <div class='ocr_carea' id='block_1_17' title="bbox 644 1848 2235 1923">
    <p class='ocr_par' dir='ltr' id='par_1_17' title="bbox 644 1848 2235 1923">
     <span class='ocr_line' id='line_1_17' title="bbox 644 1848 2235 1923; baseline -0.003 -18"><span class='ocrx_word' id='word_1_115' title='bbox 644 1852 929 1922; x_wconf 81' lang='lat' dir='ltr'><strong>Prospicite</strong></span> <span class='ocrx_word' id='word_1_116' title='bbox 954 1853 1089 1907; x_wconf 76' lang='lat' dir='ltr'><strong>vobis</strong></span> <span class='ocrx_word' id='word_1_117' title='bbox 1109 1854 1231 1923; x_wconf 89' lang='lat' dir='ltr'><strong>quid</strong></span> <span class='ocrx_word' id='word_1_118' title='bbox 1258 1855 1319 1905; x_wconf 89' lang='lat' dir='ltr'><strong>de</strong></span> <span class='ocrx_word' id='word_1_119' title='bbox 1340 1852 1417 1905; x_wconf 82' lang='lat' dir='ltr'><strong>liis</strong></span> <span class='ocrx_word' id='word_1_120' title='bbox 1444 1851 1727 1905; x_wconf 74' lang='lat' dir='ltr'><strong>hominibus</strong></span> <span class='ocrx_word' id='word_1_121' title='bbox 1746 1851 1856 1903; x_wconf 79' lang='lat' dir='ltr'><strong>sitis</strong></span> <span class='ocrx_word' id='word_1_122' title='bbox 1877 1849 2084 1921; x_wconf 74' lang='lat' dir='ltr'><strong>facturi.</strong></span> <span class='ocrx_word' id='word_1_123' title='bbox 2106 1848 2235 1900; x_wconf 80' lang='lat' dir='ltr'><strong>Ante</strong></span> 
     </span>
    </p>
   </div>
   <div class='ocr_carea' id='block_1_18' title="bbox 644 1938 2233 2005">
    <p class='ocr_par' dir='ltr' id='par_1_18' title="bbox 644 1938 2233 2005">
     <span class='ocr_line' id='line_1_18' title="bbox 644 1938 2233 2005; baseline -0.004 -8"><span class='ocrx_word' id='word_1_124' title='bbox 644 1946 734 1999; x_wconf 77' lang='lat' dir='ltr'><strong>Iios</strong></span> <span class='ocrx_word' id='word_1_125' title='bbox 768 1947 898 1999; x_wconf 84' lang='lat' dir='ltr'><strong>enim</strong></span> <span class='ocrx_word' id='word_1_126' title='bbox 930 1946 1034 1998; x_wconf 77' lang='lat' dir='ltr'><strong>dies</strong></span> <span class='ocrx_word' id='word_1_127' title='bbox 1079 1955 1279 1998; x_wconf 69' lang='lat' dir='ltr'><strong>exortus</strong></span> <span class='ocrx_word' id='word_1_128' title='bbox 1305 1954 1374 1998; x_wconf 73' lang='lat' dir='ltr'><strong>est</strong></span> <span class='ocrx_word' id='word_1_129' title='bbox 1408 1942 1663 2005; x_wconf 81' lang='lat' dir='ltr'><strong>Tlieudas,</strong></span> <span class='ocrx_word' id='word_1_130' title='bbox 1694 1942 1864 1994; x_wconf 79' lang='lat' dir='ltr'><strong>dicens</strong></span> <span class='ocrx_word' id='word_1_131' title='bbox 1906 1957 1959 1995; x_wconf 77' lang='lat' dir='ltr'><strong>se</strong></span> <span class='ocrx_word' id='word_1_132' title='bbox 1991 1956 2097 1993; x_wconf 79' lang='lat' dir='ltr'><strong>esse</strong></span> <span class='ocrx_word' id='word_1_133' title='bbox 2135 1938 2233 1991; x_wconf 81' lang='lat' dir='ltr'><strong>ali-</strong></span> 
     </span>
    </p>
   </div>
   <div class='ocr_carea' id='block_1_19' title="bbox 636 2030 2235 2108">
    <p class='ocr_par' dir='ltr' id='par_1_19' title="bbox 636 2030 2235 2108">
     <span class='ocr_line' id='line_1_19' title="bbox 636 2030 2235 2108; baseline -0.003 -21"><span class='ocrx_word' id='word_1_134' title='bbox 636 2051 789 2105; x_wconf 84' lang='lat' dir='ltr'><strong>quem</strong></span> <span class='ocrx_word' id='word_1_135' title='bbox 820 2054 840 2093; x_wconf 92' lang='lat'><strong><em>:</em></strong></span> <span class='ocrx_word' id='word_1_136' title='bbox 883 2047 929 2091; x_wconf 91' lang='lat' dir='ltr'><strong>et</strong></span> <span class='ocrx_word' id='word_1_137' title='bbox 974 2039 1165 2108; x_wconf 76' lang='lat' dir='ltr'><strong>sequuti</strong></span> <span class='ocrx_word' id='word_1_138' title='bbox 1196 2047 1311 2091; x_wconf 73' lang='lat' dir='ltr'><strong>sunt</strong></span> <span class='ocrx_word' id='word_1_139' title='bbox 1336 2038 1480 2089; x_wconf 86' lang='lat' dir='ltr'><strong>illum</strong></span> <span class='ocrx_word' id='word_1_140' title='bbox 1511 2034 1603 2087; x_wconf 85' lang='lat' dir='ltr'><strong>viri</strong></span> <span class='ocrx_word' id='word_1_141' title='bbox 1643 2032 2022 2102; x_wconf 77' lang='lat' dir='ltr'><strong>quadringenti,</strong></span> <span class='ocrx_word' id='word_1_142' title='bbox 2071 2039 2116 2085; x_wconf 87' lang='lat' dir='ltr'><strong>et</strong></span> <span class='ocrx_word' id='word_1_143' title='bbox 2145 2030 2235 2084; x_wconf 82' lang='lat' dir='ltr'><strong>ille</strong></span> 
     </span>
    </p>
   </div>
   <div class='ocr_carea' id='block_1_20' title="bbox 639 2126 2226 2200">
    <p class='ocr_par' dir='ltr' id='par_1_20' title="bbox 639 2126 2226 2200">
     <span class='ocr_line' id='line_1_20' title="bbox 639 2126 2226 2200; baseline -0.004 -19"><span class='ocrx_word' id='word_1_144' title='bbox 639 2130 818 2200; x_wconf 83' lang='lat' dir='ltr'><strong>.pcriit,</strong></span> <span class='ocrx_word' id='word_1_145' title='bbox 864 2140 911 2184; x_wconf 88' lang='lat' dir='ltr'><strong>et</strong></span> <span class='ocrx_word' id='word_1_146' title='bbox 939 2146 1108 2184; x_wconf 76' lang='lat' dir='ltr'><strong>omnes</strong></span> <span class='ocrx_word' id='word_1_147' title='bbox 1139 2137 1374 2198; x_wconf 79' lang='lat' dir='ltr'><strong>quotquot</strong></span> <span class='ocrx_word' id='word_1_148' title='bbox 1415 2127 1459 2180; x_wconf 84' lang='lat' dir='ltr'><strong>ei</strong></span> <span class='ocrx_word' id='word_1_149' title='bbox 1488 2135 1787 2195; x_wconf 84' lang='lat' dir='ltr'><strong>paruerunt,</strong></span> <span class='ocrx_word' id='word_1_150' title='bbox 1830 2126 2042 2194; x_wconf 78' lang='lat' dir='ltr'><strong>dispersi</strong></span> <span class='ocrx_word' id='word_1_151' title='bbox 2068 2131 2226 2177; x_wconf 37' lang='lat' dir='ltr'><strong>(sunt.</strong></span> 
     </span>
    </p>
   </div>
   <div class='ocr_carea' id='block_1_21' title="bbox 641 2216 2229 2291">
    <p class='ocr_par' dir='ltr' id='par_1_21' title="bbox 641 2216 2229 2291">
     <span class='ocr_line' id='line_1_21' title="bbox 641 2216 2229 2291; baseline -0.003 -16"><span class='ocrx_word' id='word_1_152' title='bbox 641 2221 708 2275; x_wconf 83' lang='lat' dir='ltr'><strong>Et</strong></span> <span class='ocrx_word' id='word_1_153' title='bbox 734 2233 844 2291; x_wconf 77' lang='lat' dir='ltr'><strong>post</strong></span> <span class='ocrx_word' id='word_1_154' title='bbox 873 2222 1017 2275; x_wconf 86' lang='lat' dir='ltr'><strong>illum</strong></span> <span class='ocrx_word' id='word_1_155' title='bbox 1048 2232 1249 2275; x_wconf 75' lang='lat' dir='ltr'><strong>exortus</strong></span> <span class='ocrx_word' id='word_1_156' title='bbox 1292 2231 1363 2274; x_wconf 71' lang='lat' dir='ltr'><strong>est</strong></span> <span class='ocrx_word' id='word_1_157' title='bbox 1403 2218 1440 2272; x_wconf 80' lang='grc'><strong>,1</strong></span> <span class='ocrx_word' id='word_1_158' title='bbox 1446 2220 1571 2271; x_wconf 80' lang='lat' dir='ltr'><strong>udas</strong></span> <span class='ocrx_word' id='word_1_159' title='bbox 1600 2216 1864 2284; x_wconf 78' lang='lat' dir='ltr'><strong>Gali/(eus,</strong></span> <span class='ocrx_word' id='word_1_160' title='bbox 1897 2218 1983 2286; x_wconf 85' lang='lat' dir='ltr'><strong>qui</strong></span> <span class='ocrx_word' id='word_1_161' title='bbox 2025 2217 2229 2271; x_wconf 76' lang='lat' dir='ltr'><strong>abduxit</strong></span> 
     </span>
    </p>
   </div>
   <div class='ocr_carea' id='block_1_22' title="bbox 633 2310 2231 2383">
    <p class='ocr_par' dir='ltr' id='par_1_22' title="bbox 633 2310 2231 2383">
     <span class='ocr_line' id='line_1_22' title="bbox 633 2310 2231 2383; baseline -0.002 -18"><span class='ocrx_word' id='word_1_162' title='bbox 633 2315 837 2367; x_wconf 76' lang='lat' dir='ltr'><strong>turbam</strong></span> <span class='ocrx_word' id='word_1_163' title='bbox 860 2330 1116 2383; x_wconf 86' lang='lat' dir='ltr'><strong>magnam,</strong></span> <span class='ocrx_word' id='word_1_164' title='bbox 1139 2321 1183 2366; x_wconf 88' lang='lat' dir='ltr'><strong>et</strong></span> <span class='ocrx_word' id='word_1_165' title='bbox 1215 2323 1438 2366; x_wconf 82' lang='lat' dir='ltr'><strong>mortuus</strong></span> <span class='ocrx_word' id='word_1_166' title='bbox 1469 2321 1562 2377; x_wconf 78' lang='lat' dir='ltr'><strong>est,</strong></span> <span class='ocrx_word' id='word_1_167' title='bbox 1587 2310 1923 2380; x_wconf 84' lang='lat' dir='ltr'><strong>discipulique</strong></span> <span class='ocrx_word' id='word_1_168' title='bbox 1948 2311 2085 2363; x_wconf 79' lang='lat' dir='ltr'><strong>illius</strong></span> <span class='ocrx_word' id='word_1_169' title='bbox 2112 2327 2231 2378; x_wconf 83' lang='lat' dir='ltr'><strong>per-</strong></span> 
     </span>
    </p>
   </div>
   <div class='ocr_carea' id='block_1_23' title="bbox 635 2400 2226 2470">
    <p class='ocr_par' dir='ltr' id='par_1_23' title="bbox 635 2400 2226 2470">
     <span class='ocr_line' id='line_1_23' title="bbox 635 2400 2226 2470; baseline -0.001 -15"><span class='ocrx_word' id='word_1_170' title='bbox 635 2406 824 2462; x_wconf 79' lang='lat' dir='ltr'><strong>ierunt.</strong></span> <span class='ocrx_word' id='word_1_171' title='bbox 874 2403 939 2456; x_wconf 79' lang='lat' dir='ltr'><strong>Et</strong></span> <span class='ocrx_word' id='word_1_172' title='bbox 971 2420 1101 2456; x_wconf 84' lang='lat' dir='ltr'><strong>nunc</strong></span> <span class='ocrx_word' id='word_1_173' title='bbox 1144 2404 1255 2455; x_wconf 81' lang='lat' dir='ltr'><strong>dico</strong></span> <span class='ocrx_word' id='word_1_174' title='bbox 1280 2401 1416 2455; x_wconf 78' lang='lat' dir='ltr'><strong>vobis</strong></span> <span class='ocrx_word' id='word_1_175' title='bbox 1454 2417 1471 2454; x_wconf 90' lang='lat'><em>:</em></span> <span class='ocrx_word' id='word_1_176' title='bbox 1504 2402 1743 2455; x_wconf 86' lang='lat' dir='ltr'><strong>attendite</strong></span> <span class='ocrx_word' id='word_1_177' title='bbox 1783 2401 1935 2461; x_wconf 82' lang='lat' dir='ltr'><strong>vobis,</strong></span> <span class='ocrx_word' id='word_1_178' title='bbox 1988 2400 2226 2470; x_wconf 76' lang='lat' dir='ltr'><strong>quoniam</strong></span> 
     </span>
    </p>
   </div>
   <div class='ocr_carea' id='block_1_24' title="bbox 636 2491 2227 2567">
    <p class='ocr_par' dir='ltr' id='par_1_24' title="bbox 636 2491 2227 2567">
     <span class='ocr_line' id='line_1_24' title="bbox 636 2491 2227 2567; baseline -0.005 -15"><span class='ocrx_word' id='word_1_179' title='bbox 636 2500 679 2552; x_wconf 76' lang='lat' dir='ltr'><strong>si</strong></span> <span class='ocrx_word' id='word_1_180' title='bbox 704 2513 829 2567; x_wconf 72' lang='lat' dir='ltr'><strong>Opus</strong></span> <span class='ocrx_word' id='word_1_181' title='bbox 856 2495 950 2549; x_wconf 85' lang='lat' dir='ltr'><strong>hoc</strong></span> <span class='ocrx_word' id='word_1_182' title='bbox 981 2496 1133 2567; x_wconf 79' lang='lat' dir='ltr'><strong>fuerit</strong></span> <span class='ocrx_word' id='word_1_183' title='bbox 1158 2511 1221 2548; x_wconf 74' lang='lat' dir='ltr'><strong>ea:</strong></span> <span class='ocrx_word' id='word_1_184' title='bbox 1246 2494 1549 2559; x_wconf 82' lang='lat' dir='ltr'><strong>hominibus,</strong></span> <span class='ocrx_word' id='word_1_185' title='bbox 1576 2493 1908 2555; x_wconf 82' lang='lat' dir='ltr'><strong>dissolvetur;</strong></span> <span class='ocrx_word' id='word_1_186' title='bbox 1935 2493 2012 2545; x_wconf 74' lang='lat' dir='ltr'><strong>sin</strong></span> <span class='ocrx_word' id='word_1_187' title='bbox 2039 2509 2101 2545; x_wconf 82' lang='lat' dir='ltr'><strong>ea:</strong></span> <span class='ocrx_word' id='word_1_188' title='bbox 2126 2491 2227 2545; x_wconf 83' lang='lat' dir='ltr'><strong>Deo</strong></span> 
     </span>
    </p>
   </div>
   <div class='ocr_carea' id='block_1_25' title="bbox 632 2582 2228 2657">
    <p class='ocr_par' dir='ltr' id='par_1_25' title="bbox 632 2582 2228 2657">
     <span class='ocr_line' id='line_1_25' title="bbox 632 2582 2228 2657; baseline -0.004 -15"><span class='ocrx_word' id='word_1_189' title='bbox 632 2599 729 2653; x_wconf 76' lang='lat' dir='ltr'><strong>est,</strong></span> <span class='ocrx_word' id='word_1_190' title='bbox 753 2605 853 2641; x_wconf 87' lang='lat' dir='ltr'><strong>non</strong></span> <span class='ocrx_word' id='word_1_191' title='bbox 884 2587 1111 2657; x_wconf 77' lang='lat' dir='ltr'><strong>poteritis</strong></span> <span class='ocrx_word' id='word_1_192' title='bbox 1132 2586 1261 2638; x_wconf 85' lang='lat' dir='ltr'><strong>illud</strong></span> <span class='ocrx_word' id='word_1_193' title='bbox 1287 2585 1578 2648; x_wconf 79' lang='lat' dir='ltr'><strong>dissolvere,</strong></span> <span class='ocrx_word' id='word_1_194' title='bbox 1608 2600 1670 2635; x_wconf 84' lang='lat' dir='ltr'><strong>ne</strong></span> <span class='ocrx_word' id='word_1_195' title='bbox 1692 2583 1822 2649; x_wconf 77' lang='lat' dir='ltr'><strong>forte</strong></span> <span class='ocrx_word' id='word_1_196' title='bbox 1847 2582 2228 2650; x_wconf 79' lang='lat' dir='ltr'><strong>comperiamiui</strong></span> 
     </span>
    </p>
   </div>
   <div class='ocr_carea' id='block_1_26' title="bbox 634 2672 2223 2747">
    <p class='ocr_par' dir='ltr' id='par_1_26' title="bbox 634 2672 2223 2747">
     <span class='ocr_line' id='line_1_26' title="bbox 634 2672 2223 2747; baseline -0.004 -14"><span class='ocrx_word' id='word_1_197' title='bbox 634 2691 679 2733; x_wconf 84' lang='lat' dir='ltr'><strong>et</strong></span> <span class='ocrx_word' id='word_1_198' title='bbox 704 2681 942 2733; x_wconf 76' lang='lat' dir='ltr'><strong>adversus</strong></span> <span class='ocrx_word' id='word_1_199' title='bbox 976 2677 1135 2732; x_wconf 87' lang='lat' dir='ltr'><strong>Deum</strong></span> <span class='ocrx_word' id='word_1_200' title='bbox 1164 2694 1391 2747; x_wconf 84' lang='lat' dir='ltr'><strong>pugnare</strong></span> <span class='ocrx_word' id='word_1_201' title='bbox 1423 2674 1559 2747; x_wconf 75' lang='lat' dir='ltr'><strong>(Act.</strong></span> <span class='ocrx_word' id='word_1_202' title='bbox 1594 2675 1645 2730; x_wconf 87' lang='lat'><strong>5.</strong></span> <span class='ocrx_word' id='word_1_203' title='bbox 1682 2675 1913 2742; x_wconf 78' lang='lat'><strong>55-39).</strong></span> <span class='ocrx_word' id='word_1_204' title='bbox 1952 2672 2102 2727; x_wconf 88' lang='lat' dir='ltr'><strong>Unde</strong></span> <span class='ocrx_word' id='word_1_205' title='bbox 2126 2674 2223 2743; x_wconf 86' lang='lat' dir='ltr'><strong>igi-</strong></span> 
     </span>
    </p>
   </div>
   <div class='ocr_carea' id='block_1_27' title="bbox 634 2765 2228 2833">
    <p class='ocr_par' dir='ltr' id='par_1_27' title="bbox 634 2765 2228 2833">
     <span class='ocr_line' id='line_1_27' title="bbox 634 2765 2228 2833; baseline -0.005 -7"><span class='ocrx_word' id='word_1_206' title='bbox 634 2784 721 2826; x_wconf 88' lang='lat' dir='ltr'><strong>tur</strong></span> <span class='ocrx_word' id='word_1_207' title='bbox 744 2770 1080 2826; x_wconf 84' lang='lat' dir='ltr'><strong>manifestum</strong></span> <span class='ocrx_word' id='word_1_208' title='bbox 1109 2779 1209 2833; x_wconf 88' lang='lat' dir='ltr'><strong>est,</strong></span> <span class='ocrx_word' id='word_1_209' title='bbox 1243 2770 1354 2824; x_wconf 80' lang='lat' dir='ltr'><strong>fore</strong></span> <span class='ocrx_word' id='word_1_210' title='bbox 1382 2770 1499 2823; x_wconf 89' lang='lat' dir='ltr'><strong>utsi</strong></span> <span class='ocrx_word' id='word_1_211' title='bbox 1529 2783 1594 2822; x_wconf 86' lang='lat' dir='ltr'><strong>ex</strong></span> <span class='ocrx_word' id='word_1_212' title='bbox 1619 2767 1920 2820; x_wconf 89' lang='lat' dir='ltr'><strong>hominibus</strong></span> <span class='ocrx_word' id='word_1_213' title='bbox 1942 2766 2010 2819; x_wconf 89' lang='lat' dir='ltr'><strong>sit</strong></span> <span class='ocrx_word' id='word_1_214' title='bbox 2034 2765 2228 2819; x_wconf 86' lang='lat' dir='ltr'><strong>dissol-</strong></span> 
     </span>
    </p>
   </div>
   <div class='ocr_carea' id='block_1_28' title="bbox 634 2856 2225 2931">
    <p class='ocr_par' dir='ltr' id='par_1_28' title="bbox 634 2856 2225 2931">
     <span class='ocr_line' id='line_1_28' title="bbox 634 2856 2225 2931; baseline -0.003 -16"><span class='ocrx_word' id='word_1_215' title='bbox 634 2874 806 2918; x_wconf 82' lang='lat' dir='ltr'><strong>vatur.</strong></span> <span class='ocrx_word' id='word_1_216' title='bbox 854 2862 1319 2931; x_wconf 83' lang='lat' dir='ltr'><strong>Experimentum,</strong></span> <span class='ocrx_word' id='word_1_217' title='bbox 1384 2858 1573 2928; x_wconf 84' lang='lat' dir='ltr'><strong>inquit,</strong></span> <span class='ocrx_word' id='word_1_218' title='bbox 1630 2857 1848 2926; x_wconf 88' lang='lat' dir='ltr'><strong>cepistis</strong></span> <span class='ocrx_word' id='word_1_219' title='bbox 1902 2872 1930 2909; x_wconf 89' lang='lat' dir='ltr'><strong>a</strong></span> <span class='ocrx_word' id='word_1_220' title='bbox 1982 2856 2117 2918; x_wconf 85' lang='lat' dir='ltr'><strong>Juda</strong></span> <span class='ocrx_word' id='word_1_221' title='bbox 2172 2866 2225 2910; x_wconf 90' lang='lat' dir='ltr'><strong>et</strong></span> 
     </span>
    </p>
   </div>
   <div class='ocr_carea' id='block_1_29' title="bbox 631 2948 2223 3022">
    <p class='ocr_par' dir='ltr' id='par_1_29' title="bbox 631 2948 2223 3022">
     <span class='ocr_line' id='line_1_29' title="bbox 631 2948 2223 3022; baseline -0.003 -14"><span class='ocrx_word' id='word_1_222' title='bbox 631 2953 871 3009; x_wconf 55' lang='lat' dir='ltr'><strong>Thetida.</strong></span> <span class='ocrx_word' id='word_1_223' title='bbox 906 2952 1088 3022; x_wconf 87' lang='lat' dir='ltr'><strong>Itaque</strong></span> <span class='ocrx_word' id='word_1_224' title='bbox 1112 2963 1165 3007; x_wconf 91' lang='lat' dir='ltr'><strong>et</strong></span> <span class='ocrx_word' id='word_1_225' title='bbox 1196 2951 1281 3005; x_wconf 81' lang='lat' dir='ltr'><strong>hic</strong></span> <span class='ocrx_word' id='word_1_226' title='bbox 1308 2952 1395 3020; x_wconf 90' lang='lat' dir='ltr'><strong>qui</strong></span> <span class='ocrx_word' id='word_1_227' title='bbox 1435 2950 1501 3005; x_wconf 90' lang='lat' dir='ltr'><strong>ab</strong></span> <span class='ocrx_word' id='word_1_228' title='bbox 1527 2950 1643 3004; x_wconf 88' lang='lat' dir='ltr'><strong>istis</strong></span> <span class='ocrx_word' id='word_1_229' title='bbox 1669 2948 2007 3017; x_wconf 66' lang='lat' dir='ltr'><strong>praedicatur,</strong></span> <span class='ocrx_word' id='word_1_230' title='bbox 2032 2949 2076 3002; x_wconf 91' lang='lat' dir='ltr'><strong>si</strong></span> <span class='ocrx_word' id='word_1_231' title='bbox 2107 2948 2223 3003; x_wconf 90' lang='lat' dir='ltr'><strong>talis</strong></span> 
     </span>
    </p>
   </div>
   <div class='ocr_carea' id='block_1_30' title="bbox 632 3040 2226 3114">
    <p class='ocr_par' dir='ltr' id='par_1_30' title="bbox 632 3040 2226 3114">
     <span class='ocr_line' id='line_1_30' title="bbox 632 3040 2226 3114; baseline -0.003 -16"><span class='ocrx_word' id='word_1_232' title='bbox 632 3052 734 3112; x_wconf 83' lang='lat' dir='ltr'><strong>est,</strong></span> <span class='ocrx_word' id='word_1_233' title='bbox 779 3044 963 3114; x_wconf 85' lang='lat' dir='ltr'><strong>quales</strong></span> <span class='ocrx_word' id='word_1_234' title='bbox 1006 3044 1219 3098; x_wconf 82' lang='lat' dir='ltr'><strong>luerunt</strong></span> <span class='ocrx_word' id='word_1_235' title='bbox 1257 3042 1351 3108; x_wconf 89' lang='lat' dir='ltr'><strong>illi,</strong></span> <span class='ocrx_word' id='word_1_236' title='bbox 1388 3057 1488 3095; x_wconf 83' lang='lat' dir='ltr'><strong>nec</strong></span> <span class='ocrx_word' id='word_1_237' title='bbox 1531 3041 1706 3093; x_wconf 88' lang='lat' dir='ltr'><strong>divina</strong></span> <span class='ocrx_word' id='word_1_238' title='bbox 1748 3040 1978 3109; x_wconf 90' lang='lat' dir='ltr'><strong>potentia</strong></span> <span class='ocrx_word' id='word_1_239' title='bbox 2023 3041 2226 3109; x_wconf 81' lang='lat' dir='ltr'><strong>peragit</strong></span> 
     </span>
    </p>
   </div>
   <div class='ocr_carea' id='block_1_31' title="bbox 630 3134 2223 3205">
    <p class='ocr_par' dir='ltr' id='par_1_31' title="bbox 630 3134 2223 3205">
     <span class='ocr_line' id='line_1_31' title="bbox 630 3134 2223 3205; baseline -0.004 -14"><span class='ocrx_word' id='word_1_240' title='bbox 630 3140 847 3193; x_wconf 89' lang='lat' dir='ltr'><strong>omnia:</strong></span> <span class='ocrx_word' id='word_1_241' title='bbox 889 3145 1193 3205; x_wconf 63' lang='lat' dir='ltr'><strong>exspectate</strong></span> <span class='ocrx_word' id='word_1_242' title='bbox 1221 3134 1508 3204; x_wconf 82' lang='lat' dir='ltr'><strong>paulisper,</strong></span> <span class='ocrx_word' id='word_1_243' title='bbox 1542 3142 1593 3186; x_wconf 90' lang='lat' dir='ltr'><strong>et</strong></span> <span class='ocrx_word' id='word_1_244' title='bbox 1626 3134 1741 3201; x_wconf 90' lang='lat' dir='ltr'><strong>ipse</strong></span> <span class='ocrx_word' id='word_1_245' title='bbox 1789 3148 1963 3186; x_wconf 90' lang='lat' dir='ltr'><strong>rerum</strong></span> <span class='ocrx_word' id='word_1_246' title='bbox 2002 3143 2223 3185; x_wconf 81' lang='lat' dir='ltr'><strong>eventus</strong></span> 
     </span>
    </p>
   </div>
   <div class='ocr_carea' id='block_1_32' title="bbox 628 3224 2218 3293">
    <p class='ocr_par' dir='ltr' id='par_1_32' title="bbox 628 3224 2218 3293">
     <span class='ocr_line' id='line_1_32' title="bbox 628 3224 2218 3293; baseline -0.002 -15"><span class='ocrx_word' id='word_1_247' title='bbox 628 3227 780 3282; x_wconf 80' lang='lat' dir='ltr'><strong>vobis</strong></span> <span class='ocrx_word' id='word_1_248' title='bbox 831 3224 989 3281; x_wconf 83' lang='lat' dir='ltr'><strong>faciet</strong></span> <span class='ocrx_word' id='word_1_249' title='bbox 1032 3227 1185 3279; x_wconf 85' lang='lat' dir='ltr'><strong>ﬁdem</strong></span> <span class='ocrx_word' id='word_1_250' title='bbox 1224 3244 1235 3279; x_wconf 92' lang='lat'>:</span> <span class='ocrx_word' id='word_1_251' title='bbox 1267 3242 1329 3279; x_wconf 84' lang='lat' dir='ltr'><strong>ex</strong></span> <span class='ocrx_word' id='word_1_252' title='bbox 1362 3227 1473 3293; x_wconf 86' lang='lat' dir='ltr'><strong>ipso</strong></span> <span class='ocrx_word' id='word_1_253' title='bbox 1513 3226 1614 3278; x_wconf 88' lang='lat' dir='ltr'><strong>line</strong></span> <span class='ocrx_word' id='word_1_254' title='bbox 1643 3224 1995 3292; x_wconf 84' lang='lat' dir='ltr'><strong>cognoscetis,</strong></span> <span class='ocrx_word' id='word_1_255' title='bbox 2042 3233 2218 3275; x_wconf 86' lang='lat' dir='ltr'><strong>utrum</strong></span> 
     </span>
    </p>
   </div>
   <div class='ocr_carea' id='block_1_33' title="bbox 639 3300 2219 3387">
    <p class='ocr_par' dir='ltr' id='par_1_33' title="bbox 639 3300 2219 3387">
     <span class='ocr_line' id='line_1_33' title="bbox 639 3300 2219 3387; baseline -0.004 -15"><span class='ocrx_word' id='word_1_256' title='bbox 639 3320 723 3373; x_wconf 86' lang='lat' dir='ltr'><strong>hic</strong></span> <span class='ocrx_word' id='word_1_257' title='bbox 756 3318 823 3373; x_wconf 85' lang='lat' dir='ltr'><strong>sit</strong></span> <span class='ocrx_word' id='word_1_258' title='bbox 865 3321 1141 3387; x_wconf 87' lang='lat' dir='ltr'><strong>impostor,</strong></span> <span class='ocrx_word' id='word_1_259' title='bbox 1176 3328 1233 3369; x_wconf 88' lang='lat' dir='ltr'><strong>ut</strong></span> <span class='ocrx_word' id='word_1_260' title='bbox 1264 3316 1459 3379; x_wconf 77' lang='lat' dir='ltr'><strong>dicitis,</strong></span> <span class='ocrx_word' id='word_1_261' title='bbox 1489 3330 1550 3367; x_wconf 89' lang='lat' dir='ltr'><strong>ac</strong></span> <span class='ocrx_word' id='word_1_262' title='bbox 1584 3300 1711 3384; x_wconf 65' lang='lat' dir='ltr'><strong>legis</strong></span> <span class='ocrx_word' id='word_1_263' title='bbox 1745 3324 2124 3381; x_wconf 65' lang='lat' dir='ltr'><strong>tran&lt;grc55t.r,</strong></span> <span class='ocrx_word' id='word_1_264' title='bbox 2153 3328 2219 3367; x_wconf 92' lang='lat' dir='ltr'><strong>an</strong></span> 
     </span>
    </p>
   </div>
   <div class='ocr_carea' id='block_1_34' title="bbox 629 3406 2219 3474">
    <p class='ocr_par' dir='ltr' id='par_1_34' title="bbox 629 3406 2219 3474">
     <span class='ocr_line' id='line_1_34' title="bbox 629 3406 2219 3474; baseline -0.004 -10"><span class='ocrx_word' id='word_1_265' title='bbox 629 3411 774 3465; x_wconf 83' lang='lat' dir='ltr'><strong>Deus</strong></span> <span class='ocrx_word' id='word_1_266' title='bbox 829 3408 1071 3463; x_wconf 86' lang='lat' dir='ltr'><strong>universa</strong></span> <span class='ocrx_word' id='word_1_267' title='bbox 1102 3424 1444 3466; x_wconf 60' lang='grc' dir='ltr'><strong>(ξμηερτγειης,</strong></span> <span class='ocrx_word' id='word_1_268' title='bbox 1481 3406 1834 3474; x_wconf 69' lang='lat' dir='ltr'><strong>int-[labiliun</strong></span> <span class='ocrx_word' id='word_1_269' title='bbox 1868 3406 2100 3473; x_wconf 85' lang='lat' dir='ltr'><strong>polentia</strong></span> <span class='ocrx_word' id='word_1_270' title='bbox 2133 3420 2219 3459; x_wconf 85' lang='lat' dir='ltr'><strong>res</strong></span> 
     </span>
    </p>
   </div>
   <div class='ocr_carea' id='block_1_35' title="bbox 642 3496 2219 3570">
    <p class='ocr_par' dir='ltr' id='par_1_35' title="bbox 642 3496 2219 3570">
     <span class='ocr_line' id='line_1_35' title="bbox 642 3496 2219 3570; baseline -0.005 -14"><span class='ocrx_word' id='word_1_271' title='bbox 642 3503 947 3556; x_wconf 85' lang='lat' dir='ltr'><strong>mortalium</strong></span> <span class='ocrx_word' id='word_1_272' title='bbox 978 3501 1293 3570; x_wconf 82' lang='lat' dir='ltr'><strong>dispensans</strong></span> <span class='ocrx_word' id='word_1_273' title='bbox 1327 3498 1729 3565; x_wconf 62' lang='lat' dir='ltr'><strong>nmdernnsque.</strong></span> <span class='ocrx_word' id='word_1_274' title='bbox 1782 3496 1929 3564; x_wconf 89' lang='lat' dir='ltr'><strong>Quod</strong></span> <span class='ocrx_word' id='word_1_275' title='bbox 1964 3497 2101 3560; x_wconf 86' lang='lat' dir='ltr'><strong>dico,</strong></span> <span class='ocrx_word' id='word_1_276' title='bbox 2144 3496 2219 3549; x_wconf 84' lang='lat' dir='ltr'><strong>l&#39;a-</strong></span> 
     </span>
    </p>
   </div>
   <div class='ocr_carea' id='block_1_36' title="bbox 622 3590 2219 3665">
    <p class='ocr_par' dir='ltr' id='par_1_36' title="bbox 622 3590 2219 3665">
     <span class='ocr_line' id='line_1_36' title="bbox 622 3590 2219 3665; baseline -0.004 -16"><span class='ocrx_word' id='word_1_277' title='bbox 622 3606 764 3649; x_wconf 76' lang='lat' dir='ltr'><strong>etum</strong></span> <span class='ocrx_word' id='word_1_278' title='bbox 789 3605 886 3651; x_wconf 88' lang='lat' dir='ltr'><strong>est.</strong></span> <span class='ocrx_word' id='word_1_279' title='bbox 911 3597 1313 3665; x_wconf 75' lang='lat' dir='ltr'><strong>Exspectaruzit,</strong></span> <span class='ocrx_word' id='word_1_280' title='bbox 1344 3604 1394 3647; x_wconf 90' lang='lat' dir='ltr'><strong>et</strong></span> <span class='ocrx_word' id='word_1_281' title='bbox 1424 3608 1487 3645; x_wconf 80' lang='lat' dir='ltr'><strong>ex</strong></span> <span class='ocrx_word' id='word_1_282' title='bbox 1512 3591 1639 3660; x_wconf 63' lang='lat' dir='ltr'><strong>ipsis</strong></span> <span class='ocrx_word' id='word_1_283' title='bbox 1668 3591 1818 3643; x_wconf 83' lang='lat' dir='ltr'><strong>laetis</strong></span> <span class='ocrx_word' id='word_1_284' title='bbox 1850 3590 2111 3643; x_wconf 87' lang='lat' dir='ltr'><strong>declarata</strong></span> <span class='ocrx_word' id='word_1_285' title='bbox 2138 3598 2219 3643; x_wconf 91' lang='lat' dir='ltr'><strong>est</strong></span> 
     </span>
    </p>
   </div>
   <div class='ocr_carea' id='block_1_37' title="bbox 622 3680 2209 3755">
    <p class='ocr_par' dir='ltr' id='par_1_37' title="bbox 622 3680 2209 3755">
     <span class='ocr_line' id='line_1_37' title="bbox 622 3680 2209 3755; baseline -0.005 -14"><span class='ocrx_word' id='word_1_286' title='bbox 622 3688 797 3741; x_wconf 87' lang='lat' dir='ltr'><strong>divina</strong></span> <span class='ocrx_word' id='word_1_287' title='bbox 826 3699 877 3742; x_wconf 89' lang='lat' dir='ltr'><strong>et</strong></span> <span class='ocrx_word' id='word_1_288' title='bbox 908 3686 1329 3755; x_wconf 74' lang='lat' dir='ltr'><strong>ineXpugnabilis</strong></span> <span class='ocrx_word' id='word_1_289' title='bbox 1376 3683 1633 3752; x_wconf 86' lang='lat' dir='ltr'><strong>potentia.</strong></span> <span class='ocrx_word' id='word_1_290' title='bbox 1668 3682 1840 3747; x_wconf 79' lang='lat' dir='ltr'><strong>Atque</strong></span> <span class='ocrx_word' id='word_1_291' title='bbox 1872 3680 1971 3733; x_wconf 81' lang='lat' dir='ltr'><strong>huc</strong></span> <span class='ocrx_word' id='word_1_292' title='bbox 2021 3681 2209 3733; x_wconf 85' lang='lat' dir='ltr'><strong>inven-</strong></span> 
     </span>
    </p>
   </div>
   <div class='ocr_carea' id='block_1_38' title="bbox 623 3771 2212 3847">
    <p class='ocr_par' dir='ltr' id='par_1_38' title="bbox 623 3771 2212 3847">
     <span class='ocr_line' id='line_1_38' title="bbox 623 3771 2212 3847; baseline -0.006 -15"><span class='ocrx_word' id='word_1_293' title='bbox 623 3788 756 3843; x_wconf 84' lang='lat' dir='ltr'><strong>tum,</strong></span> <span class='ocrx_word' id='word_1_294' title='bbox 792 3777 932 3847; x_wconf 89' lang='lat' dir='ltr'><strong>quod</strong></span> <span class='ocrx_word' id='word_1_295' title='bbox 962 3776 1025 3831; x_wconf 87' lang='lat' dir='ltr'><strong>ad</strong></span> <span class='ocrx_word' id='word_1_296' title='bbox 1056 3774 1401 3845; x_wconf 82' lang='lat' dir='ltr'><strong>decipiendus</strong></span> <span class='ocrx_word' id='word_1_297' title='bbox 1443 3773 1697 3842; x_wconf 89' lang='lat' dir='ltr'><strong>plurimos</strong></span> <span class='ocrx_word' id='word_1_298' title='bbox 1740 3771 2029 3824; x_wconf 85' lang='lat' dir='ltr'><strong>adhibitum</strong></span> <span class='ocrx_word' id='word_1_299' title='bbox 2079 3780 2212 3834; x_wconf 89' lang='lat' dir='ltr'><strong>erat,</strong></span> 
     </span>
    </p>
   </div>
   <div class='ocr_carea' id='block_1_39' title="bbox 620 3852 2212 3936">
    <p class='ocr_par' dir='ltr' id='par_1_39' title="bbox 620 3852 2212 3936">
     <span class='ocr_line' id='line_1_39' title="bbox 620 3852 2212 3936; baseline -0.008 -11"><span class='ocrx_word' id='word_1_300' title='bbox 620 3880 879 3925; x_wconf 84' lang='lat' dir='ltr'><strong>retortum</strong></span> <span class='ocrx_word' id='word_1_301' title='bbox 918 3878 1001 3924; x_wconf 84' lang='lat' dir='ltr'><strong>est</strong></span> <span class='ocrx_word' id='word_1_302' title='bbox 1027 3869 1078 3921; x_wconf 92' lang='lat' dir='ltr'><strong>in</strong></span> <span class='ocrx_word' id='word_1_303' title='bbox 1105 3876 1261 3936; x_wconf 89' lang='lat' dir='ltr'><strong>caput</strong></span> <span class='ocrx_word' id='word_1_304' title='bbox 1287 3865 1501 3920; x_wconf 85' lang='lat' dir='ltr'><strong>diaboli.</strong></span> <span class='ocrx_word' id='word_1_305' title='bbox 1530 3852 1659 3917; x_wconf 74' lang='lat' dir='ltr'><strong>Nam</strong></span> <span class='ocrx_word' id='word_1_306' title='bbox 1685 3877 1803 3916; x_wconf 92' lang='lat' dir='ltr'><strong>cum</strong></span> <span class='ocrx_word' id='word_1_307' title='bbox 1833 3862 2036 3915; x_wconf 78' lang='lat' dir='ltr'><strong>videret</strong></span> <span class='ocrx_word' id='word_1_308' title='bbox 2068 3862 2212 3914; x_wconf 88' lang='lat' dir='ltr'><strong>illum</strong></span> 
     </span>
    </p>
   </div>
   <div class='ocr_carea' id='block_1_40' title="bbox 620 3953 2214 4027">
    <p class='ocr_par' dir='ltr' id='par_1_40' title="bbox 620 3953 2214 4027">
     <span class='ocr_line' id='line_1_40' title="bbox 620 3953 2214 4027; baseline -0.004 -13"><span class='ocrx_word' id='word_1_309' title='bbox 620 3962 924 4027; x_wconf 81' lang='lat' dir='ltr'><strong>advenisse,</strong></span> <span class='ocrx_word' id='word_1_310' title='bbox 950 3960 1133 4013; x_wconf 77' lang='lat' dir='ltr'><strong>volens</strong></span> <span class='ocrx_word' id='word_1_311' title='bbox 1155 3958 1294 4011; x_wconf 90' lang='lat' dir='ltr'><strong>illius</strong></span> <span class='ocrx_word' id='word_1_312' title='bbox 1317 3957 1603 4010; x_wconf 87' lang='lat' dir='ltr'><strong>obscurare</strong></span> <span class='ocrx_word' id='word_1_313' title='bbox 1626 3953 1917 4023; x_wconf 53' lang='lat' dir='ltr'><strong>adventant</strong></span> <span class='ocrx_word' id='word_1_314' title='bbox 1931 3968 2214 4022; x_wconf 83' lang='lat' dir='ltr'><strong>veramque</strong></span> 
     </span>
    </p>
   </div>
   <div class='ocr_carea' id='block_1_41' title="bbox 618 4046 2208 4123">
    <p class='ocr_par' dir='ltr' id='par_1_41' title="bbox 618 4046 2208 4123">
     <span class='ocr_line' id='line_1_41' title="bbox 618 4046 2208 4123; baseline -0.004 -18"><span class='ocrx_word' id='word_1_315' title='bbox 618 4052 1094 4123; x_wconf 80' lang='lat' dir='ltr'><strong>dispensationem,</strong></span> <span class='ocrx_word' id='word_1_316' title='bbox 1116 4048 1364 4103; x_wconf 87' lang='lat' dir='ltr'><strong>submisit</strong></span> <span class='ocrx_word' id='word_1_317' title='bbox 1390 4049 1704 4115; x_wconf 87' lang='lat' dir='ltr'><strong>deceptores</strong></span> <span class='ocrx_word' id='word_1_318' title='bbox 1743 4046 1961 4114; x_wconf 86' lang='lat' dir='ltr'><strong>aliquot,</strong></span> <span class='ocrx_word' id='word_1_319' title='bbox 1996 4061 2099 4113; x_wconf 92' lang='lat' dir='ltr'><strong>quo</strong></span> <span class='ocrx_word' id='word_1_320' title='bbox 2131 4046 2208 4098; x_wconf 90' lang='lat' dir='ltr'><strong>vi-</strong></span> 
     </span>
    </p>
   </div>
   <div class='ocr_carea' id='block_1_42' title="bbox 610 4138 2212 4207">
    <p class='ocr_par' dir='ltr' id='par_1_42' title="bbox 610 4138 2212 4207">
     <span class='ocr_line' id='line_1_42' title="bbox 610 4138 2212 4207; baseline -0.005 -8"><span class='ocrx_word' id='word_1_321' title='bbox 610 4146 807 4199; x_wconf 81' lang='lat' dir='ltr'><strong>delicet</strong></span> <span class='ocrx_word' id='word_1_322' title='bbox 837 4151 890 4197; x_wconf 87' lang='lat' dir='ltr'><strong>et</strong></span> <span class='ocrx_word' id='word_1_323' title='bbox 915 4144 1000 4196; x_wconf 89' lang='lat' dir='ltr'><strong>ille</strong></span> <span class='ocrx_word' id='word_1_324' title='bbox 1022 4158 1157 4195; x_wconf 89' lang='lat' dir='ltr'><strong>unus</strong></span> <span class='ocrx_word' id='word_1_325' title='bbox 1180 4158 1245 4195; x_wconf 90' lang='lat' dir='ltr'><strong>ex</strong></span> <span class='ocrx_word' id='word_1_326' title='bbox 1271 4154 1453 4194; x_wconf 91' lang='lat' dir='ltr'><strong>eorum</strong></span> <span class='ocrx_word' id='word_1_327' title='bbox 1480 4154 1700 4193; x_wconf 87' lang='lat' dir='ltr'><strong>numero</strong></span> <span class='ocrx_word' id='word_1_328' title='bbox 1724 4148 2014 4207; x_wconf 83' lang='lat' dir='ltr'><strong>putaretur.</strong></span> <span class='ocrx_word' id='word_1_329' title='bbox 2035 4138 2212 4206; x_wconf 83' lang='lat' dir='ltr'><strong>Quod-</strong></span> 
     </span>
    </p>
   </div>
   <div class='ocr_carea' id='block_1_43' title="bbox 616 4229 2204 4304">
    <p class='ocr_par' dir='ltr' id='par_1_43' title="bbox 616 4229 2204 4304">
     <span class='ocr_line' id='line_1_43' title="bbox 616 4229 2204 4304; baseline -0.006 -14"><span class='ocrx_word' id='word_1_330' title='bbox 616 4252 720 4304; x_wconf 84' lang='lat' dir='ltr'><strong>que</strong></span> <span class='ocrx_word' id='word_1_331' title='bbox 751 4235 804 4289; x_wconf 91' lang='lat' dir='ltr'><strong>in</strong></span> <span class='ocrx_word' id='word_1_332' title='bbox 849 4250 1007 4289; x_wconf 89' lang='lat' dir='ltr'><strong>cruce</strong></span> <span class='ocrx_word' id='word_1_333' title='bbox 1053 4232 1196 4299; x_wconf 76' lang='lat' dir='ltr'><strong>fecit,</strong></span> <span class='ocrx_word' id='word_1_334' title='bbox 1240 4245 1551 4301; x_wconf 80' lang='lat' dir='ltr'><strong>procurans,</strong></span> <span class='ocrx_word' id='word_1_335' title='bbox 1587 4238 1640 4283; x_wconf 89' lang='lat' dir='ltr'><strong>ut</strong></span> <span class='ocrx_word' id='word_1_336' title='bbox 1667 4229 1771 4283; x_wconf 90' lang='lat' dir='ltr'><strong>duo</strong></span> <span class='ocrx_word' id='word_1_337' title='bbox 1803 4230 2034 4283; x_wconf 89' lang='lat' dir='ltr'><strong>latrones</strong></span> <span class='ocrx_word' id='word_1_338' title='bbox 2082 4244 2204 4284; x_wconf 88' lang='lat' dir='ltr'><strong>cum</strong></span> 
     </span>
    </p>
   </div>
   <div class='ocr_carea' id='block_1_44' title="bbox 618 4314 2205 4397">
    <p class='ocr_par' dir='ltr' id='par_1_44' title="bbox 618 4314 2205 4397">
     <span class='ocr_line' id='line_1_44' title="bbox 618 4314 2205 4397; baseline -0.004 -16"><span class='ocrx_word' id='word_1_339' title='bbox 618 4330 711 4382; x_wconf 88' lang='lat' dir='ltr'><strong>illo</strong></span> <span class='ocrx_word' id='word_1_340' title='bbox 738 4325 1212 4397; x_wconf 86' lang='lat' dir='ltr'><strong>crnciﬁgerentur:</strong></span> <span class='ocrx_word' id='word_1_341' title='bbox 1246 4314 1386 4379; x_wconf 87' lang='lat' dir='ltr'><strong>idem</strong></span> <span class='ocrx_word' id='word_1_342' title='bbox 1416 4322 1539 4377; x_wconf 82' lang='lat' dir='ltr'><strong>fecit</strong></span> <span class='ocrx_word' id='word_1_343' title='bbox 1566 4323 1617 4375; x_wconf 89' lang='lat' dir='ltr'><strong>in</strong></span> <span class='ocrx_word' id='word_1_344' title='bbox 1650 4322 1791 4377; x_wconf 90' lang='lat' dir='ltr'><strong>illius</strong></span> <span class='ocrx_word' id='word_1_345' title='bbox 1818 4321 2068 4385; x_wconf 87' lang='lat' dir='ltr'><strong>adventu,</strong></span> <span class='ocrx_word' id='word_1_346' title='bbox 2094 4332 2205 4375; x_wconf 90' lang='lat' dir='ltr'><strong>stu-</strong></span> 
     </span>
    </p>
   </div>
   <div class='ocr_carea' id='block_1_45' title="bbox 620 4416 2205 4476">
    <p class='ocr_par' dir='ltr' id='par_1_45' title="bbox 620 4416 2205 4476">
     <span class='ocr_line' id='line_1_45' title="bbox 620 4416 2205 4476; baseline -0.006 0"><span class='ocrx_word' id='word_1_347' title='bbox 620 4422 753 4476; x_wconf 89' lang='lat' dir='ltr'><strong>dens</strong></span> <span class='ocrx_word' id='word_1_348' title='bbox 785 4422 1060 4476; x_wconf 85' lang='lat' dir='ltr'><strong>veritatem</strong></span> <span class='ocrx_word' id='word_1_349' title='bbox 1093 4419 1327 4473; x_wconf 82' lang='lat' dir='ltr'><strong>admixto</strong></span> <span class='ocrx_word' id='word_1_350' title='bbox 1356 4416 1633 4471; x_wconf 81' lang='lat' dir='ltr'><strong>mendacio</strong></span> <span class='ocrx_word' id='word_1_351' title='bbox 1662 4416 1949 4471; x_wconf 89' lang='lat' dir='ltr'><strong>obscurare</strong></span> <span class='ocrx_word' id='word_1_352' title='bbox 1976 4433 1988 4469; x_wconf 89' lang='lat'>:</span> <span class='ocrx_word' id='word_1_353' title='bbox 2023 4430 2205 4469; x_wconf 89' lang='lat' dir='ltr'><strong>verum</strong></span> 
     </span>
    </p>
   </div>
   <div class='ocr_carea' id='block_1_46' title="bbox 620 4506 2205 4579">
    <p class='ocr_par' dir='ltr' id='par_1_46' title="bbox 620 4506 2205 4579">
     <span class='ocr_line' id='line_1_46' title="bbox 620 4506 2205 4579; baseline -0.005 -14"><span class='ocrx_word' id='word_1_354' title='bbox 620 4527 718 4566; x_wconf 88' lang='lat' dir='ltr'><strong>nec</strong></span> <span class='ocrx_word' id='word_1_355' title='bbox 744 4512 849 4565; x_wconf 88' lang='lat' dir='ltr'><strong>illic</strong></span> <span class='ocrx_word' id='word_1_356' title='bbox 880 4510 1172 4579; x_wconf 81' lang='lat' dir='ltr'><strong>praevaluit,</strong></span> <span class='ocrx_word' id='word_1_357' title='bbox 1204 4524 1302 4563; x_wconf 90' lang='lat' dir='ltr'><strong>nec</strong></span> <span class='ocrx_word' id='word_1_358' title='bbox 1343 4507 1449 4574; x_wconf 89' lang='lat' dir='ltr'><strong>hic,</strong></span> <span class='ocrx_word' id='word_1_359' title='bbox 1479 4508 1603 4577; x_wconf 92' lang='lat' dir='ltr'><strong>quin</strong></span> <span class='ocrx_word' id='word_1_360' title='bbox 1638 4506 1866 4560; x_wconf 86' lang='lat' dir='ltr'><strong>maxime</strong></span> <span class='ocrx_word' id='word_1_361' title='bbox 1902 4506 2003 4559; x_wconf 89' lang='lat' dir='ltr'><strong>hoc</strong></span> <span class='ocrx_word' id='word_1_362' title='bbox 2036 4508 2205 4576; x_wconf 84' lang='lat' dir='ltr'><strong>ipsum</strong></span> 
     </span>
    </p>
   </div>
   <div class='ocr_carea' id='block_1_47' title="bbox 620 4584 2202 4672">
    <p class='ocr_par' dir='ltr' id='par_1_47' title="bbox 620 4584 2202 4672">
     <span class='ocr_line' id='line_1_47' title="bbox 620 4584 2202 4672; baseline -0.003 -17"><span class='ocrx_word' id='word_1_363' title='bbox 620 4602 906 4672; x_wconf 72' lang='lat' dir='ltr'><strong>potentiam</strong></span> <span class='ocrx_word' id='word_1_364' title='bbox 950 4601 1145 4655; x_wconf 78' lang='lat' dir='ltr'><strong>Christi</strong></span> <span class='ocrx_word' id='word_1_365' title='bbox 1191 4599 1498 4653; x_wconf 84' lang='lat' dir='ltr'><strong>declaravit.</strong></span> <span class='ocrx_word' id='word_1_366' title='bbox 1530 4598 1739 4667; x_wconf 82' lang='lat' dir='ltr'><strong>Alioqui</strong></span> <span class='ocrx_word' id='word_1_367' title='bbox 1769 4597 1855 4651; x_wconf 90' lang='lat' dir='ltr'><strong>dic</strong></span> <span class='ocrx_word' id='word_1_368' title='bbox 1884 4598 2035 4662; x_wconf 88' lang='lat' dir='ltr'><strong>mihi,</strong></span> <span class='ocrx_word' id='word_1_369' title='bbox 2084 4584 2202 4661; x_wconf 76' lang='lat' dir='ltr'><strong>cur;</strong></span> 
     </span>
    </p>
   </div>
   <div class='ocr_carea' id='block_1_48' title="bbox 619 4690 2204 4752">
    <p class='ocr_par' dir='ltr' id='par_1_48' title="bbox 619 4690 2204 4752">
     <span class='ocr_line' id='line_1_48' title="bbox 619 4690 2204 4752; baseline -0.003 -5"><span class='ocrx_word' id='word_1_370' title='bbox 619 4710 739 4747; x_wconf 83' lang='lat' dir='ltr'><strong>cum</strong></span> <span class='ocrx_word' id='word_1_371' title='bbox 770 4704 878 4747; x_wconf 88' lang='lat' dir='ltr'><strong>tres</strong></span> <span class='ocrx_word' id='word_1_372' title='bbox 922 4692 1119 4746; x_wconf 82' lang='lat' dir='ltr'><strong>fuerint</strong></span> <span class='ocrx_word' id='word_1_373' title='bbox 1149 4690 1387 4745; x_wconf 71' lang='lat' dir='ltr'><strong>crucifixi</strong></span> <span class='ocrx_word' id='word_1_374' title='bbox 1430 4690 1615 4744; x_wconf 86' lang='lat' dir='ltr'><strong>eodem</strong></span> <span class='ocrx_word' id='word_1_375' title='bbox 1660 4692 1793 4752; x_wconf 89' lang='lat' dir='ltr'><strong>loco,</strong></span> <span class='ocrx_word' id='word_1_376' title='bbox 1832 4690 2019 4743; x_wconf 87' lang='lat' dir='ltr'><strong>eodem</strong></span> <span class='ocrx_word' id='word_1_377' title='bbox 2068 4699 2204 4743; x_wconf 89' lang='lat' dir='ltr'><strong>tem-</strong></span> 
     </span>
    </p>
   </div>
   <div class='ocr_carea' id='block_1_49' title="bbox 620 4781 2205 4857">
    <p class='ocr_par' dir='ltr' id='par_1_49' title="bbox 620 4781 2205 4857">
     <span class='ocr_line' id='line_1_49' title="bbox 620 4781 2205 4857; baseline -0.003 -18"><span class='ocrx_word' id='word_1_378' title='bbox 620 4802 771 4857; x_wconf 77' lang='lat' dir='ltr'><strong>pore,</strong></span> <span class='ocrx_word' id='word_1_379' title='bbox 797 4783 896 4837; x_wconf 90' lang='lat' dir='ltr'><strong>sub</strong></span> <span class='ocrx_word' id='word_1_380' title='bbox 940 4784 1125 4838; x_wconf 88' lang='lat' dir='ltr'><strong>iisdem</strong></span> <span class='ocrx_word' id='word_1_381' title='bbox 1170 4783 1453 4853; x_wconf 85' lang='lat' dir='ltr'><strong>judicibns,</strong></span> <span class='ocrx_word' id='word_1_382' title='bbox 1500 4783 1573 4835; x_wconf 89' lang='lat' dir='ltr'><strong>illi</strong></span> <span class='ocrx_word' id='word_1_383' title='bbox 1604 4782 1882 4845; x_wconf 88' lang='lat' dir='ltr'><strong>sileantur,</strong></span> <span class='ocrx_word' id='word_1_384' title='bbox 1930 4781 2015 4835; x_wconf 87' lang='lat' dir='ltr'><strong>hic</strong></span> <span class='ocrx_word' id='word_1_385' title='bbox 2059 4783 2205 4835; x_wconf 89' lang='lat' dir='ltr'><strong>solus</strong></span> 
     </span>
    </p>
   </div>
   <div class='ocr_carea' id='block_1_50' title="bbox 618 4873 2203 4945">
    <p class='ocr_par' dir='ltr' id='par_1_50' title="bbox 618 4873 2203 4945">
     <span class='ocr_line' id='line_1_50' title="bbox 618 4873 2203 4945; baseline -0.002 -16"><span class='ocrx_word' id='word_1_386' title='bbox 618 4875 906 4929; x_wconf 81' lang='lat' dir='ltr'><strong>adoretur?</strong></span> <span class='ocrx_word' id='word_1_387' title='bbox 948 4875 1151 4929; x_wconf 78' lang='lat' dir='ltr'><strong>Rursus</strong></span> <span class='ocrx_word' id='word_1_388' title='bbox 1180 4889 1335 4945; x_wconf 91' lang='lat' dir='ltr'><strong>quam</strong></span> <span class='ocrx_word' id='word_1_389' title='bbox 1366 4874 1432 4927; x_wconf 91' lang='lat' dir='ltr'><strong>ob</strong></span> <span class='ocrx_word' id='word_1_390' title='bbox 1460 4889 1570 4928; x_wconf 86' lang='lat' dir='ltr'><strong>rem</strong></span> <span class='ocrx_word' id='word_1_391' title='bbox 1602 4873 1836 4935; x_wconf 84' lang='lat' dir='ltr'><strong>tandem,</strong></span> <span class='ocrx_word' id='word_1_392' title='bbox 1870 4888 1989 4924; x_wconf 88' lang='lat' dir='ltr'><strong>cuni</strong></span> <span class='ocrx_word' id='word_1_393' title='bbox 2026 4874 2203 4941; x_wconf 54' lang='lat' dir='ltr'><strong>plures</strong></span> 
     </span>
    </p>
   </div>
   <div class='ocr_carea' id='block_1_51' title="bbox 620 4963 2204 5032">
    <p class='ocr_par' dir='ltr' id='par_1_51' title="bbox 620 4963 2204 5032">
     <span class='ocr_line' id='line_1_51' title="bbox 620 4963 2204 5032; baseline -0.003 -11"><span class='ocrx_word' id='word_1_394' title='bbox 620 4983 811 5022; x_wconf 86' lang='lat' dir='ltr'><strong>novam</strong></span> <span class='ocrx_word' id='word_1_395' title='bbox 834 4968 1043 5021; x_wconf 87' lang='lat' dir='ltr'><strong>vivendi</strong></span> <span class='ocrx_word' id='word_1_396' title='bbox 1073 4968 1332 5021; x_wconf 89' lang='lat' dir='ltr'><strong>rationem</strong></span> <span class='ocrx_word' id='word_1_397' title='bbox 1360 4965 1685 5029; x_wconf 84' lang='lat' dir='ltr'><strong>induxerint,</strong></span> <span class='ocrx_word' id='word_1_398' title='bbox 1715 4980 1775 5018; x_wconf 86' lang='lat' dir='ltr'><strong>ac</strong></span> <span class='ocrx_word' id='word_1_399' title='bbox 1803 4963 2091 5032; x_wconf 89' lang='lat' dir='ltr'><strong>discipulos</strong></span> <span class='ocrx_word' id='word_1_400' title='bbox 2114 4964 2204 5016; x_wconf 85' lang='lat' dir='ltr'><strong>lia-</strong></span> 
     </span>
    </p>
   </div>
   <div class='ocr_carea' id='block_1_52' title="bbox 621 5055 2198 5127">
    <p class='ocr_par' dir='ltr' id='par_1_52' title="bbox 621 5055 2198 5127">
     <span class='ocr_line' id='line_1_52' title="bbox 621 5055 2198 5127; baseline -0.006 -12"><span class='ocrx_word' id='word_1_401' title='bbox 621 5062 850 5127; x_wconf 87' lang='lat' dir='ltr'><strong>buerint,</strong></span> <span class='ocrx_word' id='word_1_402' title='bbox 894 5060 1105 5113; x_wconf 86' lang='lat' dir='ltr'><strong>illorum</strong></span> <span class='ocrx_word' id='word_1_403' title='bbox 1144 5074 1209 5113; x_wconf 92' lang='lat' dir='ltr'><strong>ne</strong></span> <span class='ocrx_word' id='word_1_404' title='bbox 1248 5072 1442 5112; x_wconf 89' lang='lat' dir='ltr'><strong>nomen</strong></span> <span class='ocrx_word' id='word_1_405' title='bbox 1470 5056 1683 5126; x_wconf 90' lang='lat' dir='ltr'><strong>quidem</strong></span> <span class='ocrx_word' id='word_1_406' title='bbox 1712 5056 1867 5108; x_wconf 86' lang='lat' dir='ltr'><strong>hodie</strong></span> <span class='ocrx_word' id='word_1_407' title='bbox 1904 5064 2083 5108; x_wconf 89' lang='lat' dir='ltr'><strong>notum</strong></span> <span class='ocrx_word' id='word_1_408' title='bbox 2114 5055 2198 5115; x_wconf 85' lang='lat' dir='ltr'><strong>sit,</strong></span> 
     </span>
    </p>
   </div>
   <div class='ocr_carea' id='block_1_53' title="bbox 621 5144 2202 5220">
    <p class='ocr_par' dir='ltr' id='par_1_53' title="bbox 621 5144 2202 5220">
     <span class='ocr_line' id='line_1_53' title="bbox 621 5144 2202 5220; baseline -0.005 -16"><span class='ocrx_word' id='word_1_409' title='bbox 621 5154 705 5207; x_wconf 83' lang='lat' dir='ltr'><strong>hic</strong></span> <span class='ocrx_word' id='word_1_410' title='bbox 738 5166 829 5220; x_wconf 88' lang='lat' dir='ltr'><strong>per</strong></span> <span class='ocrx_word' id='word_1_411' title='bbox 853 5164 1038 5205; x_wconf 89' lang='lat' dir='ltr'><strong>omnes</strong></span> <span class='ocrx_word' id='word_1_412' title='bbox 1063 5146 1246 5211; x_wconf 63' lang='lat' dir='ltr'><strong>mundi</strong></span> <span class='ocrx_word' id='word_1_413' title='bbox 1275 5148 1453 5218; x_wconf 87' lang='lat' dir='ltr'><strong>plagas</strong></span> <span class='ocrx_word' id='word_1_414' title='bbox 1478 5146 1723 5200; x_wconf 87' lang='lat' dir='ltr'><strong>colatur?</strong></span> <span class='ocrx_word' id='word_1_415' title='bbox 1746 5144 1851 5198; x_wconf 81' lang='lat' dir='ltr'><strong>Res</strong></span> <span class='ocrx_word' id='word_1_416' title='bbox 1876 5144 2017 5197; x_wconf 90' lang='lat' dir='ltr'><strong>enim</strong></span> <span class='ocrx_word' id='word_1_417' title='bbox 2042 5145 2202 5211; x_wconf 83' lang='lat' dir='ltr'><strong>potis-</strong></span> 
     </span>
    </p>
   </div>
   <div class='ocr_carea' id='block_1_54' title="bbox 621 5236 2201 5314">
    <p class='ocr_par' dir='ltr' id='par_1_54' title="bbox 621 5236 2201 5314">
     <span class='ocr_line' id='line_1_54' title="bbox 621 5236 2201 5314; baseline -0.003 -20"><span class='ocrx_word' id='word_1_418' title='bbox 621 5246 814 5297; x_wconf 80' lang='lat' dir='ltr'><strong>simum</strong></span> <span class='ocrx_word' id='word_1_419' title='bbox 857 5243 1167 5314; x_wconf 65' lang='lat' dir='ltr'><strong>elucescuiit</strong></span> <span class='ocrx_word' id='word_1_420' title='bbox 1208 5258 1271 5296; x_wconf 86' lang='lat' dir='ltr'><strong>ex</strong></span> <span class='ocrx_word' id='word_1_421' title='bbox 1303 5240 1607 5295; x_wconf 83' lang='lat' dir='ltr'><strong>collatione.</strong></span> <span class='ocrx_word' id='word_1_422' title='bbox 1639 5237 1835 5293; x_wconf 83' lang='lat' dir='ltr'><strong>Confer</strong></span> <span class='ocrx_word' id='word_1_423' title='bbox 1865 5239 1962 5291; x_wconf 86' lang='lat' dir='ltr'><strong>ista</strong></span> <span class='ocrx_word' id='word_1_424' title='bbox 1992 5236 2137 5301; x_wconf 88' lang='lat' dir='ltr'><strong>mihi,</strong></span> <span class='ocrx_word' id='word_1_425' title='bbox 2171 5254 2201 5289; x_wconf 90' lang='grc' dir='ltr'>ο</span> 
     </span>
    </p>
   </div>
   <div class='ocr_carea' id='block_1_55' title="bbox 620 5328 2202 5397">
    <p class='ocr_par' dir='ltr' id='par_1_55' title="bbox 620 5328 2202 5397">
     <span class='ocr_line' id='line_1_55' title="bbox 620 5328 2202 5397; baseline -0.004 -9"><span class='ocrx_word' id='word_1_426' title='bbox 620 5333 823 5397; x_wconf 67' lang='lat' dir='ltr'><strong>iudice,</strong></span> <span class='ocrx_word' id='word_1_427' title='bbox 855 5348 915 5387; x_wconf 91' lang='lat' dir='ltr'><strong>ac</strong></span> <span class='ocrx_word' id='word_1_428' title='bbox 940 5334 1083 5387; x_wconf 89' lang='lat' dir='ltr'><strong>disce</strong></span> <span class='ocrx_word' id='word_1_429' title='bbox 1116 5334 1352 5386; x_wconf 87' lang='lat' dir='ltr'><strong>veritatis</strong></span> <span class='ocrx_word' id='word_1_430' title='bbox 1375 5331 1763 5386; x_wconf 76' lang='lat' dir='ltr'><strong>excellentiam;</strong></span> <span class='ocrx_word' id='word_1_431' title='bbox 1796 5328 1922 5395; x_wconf 89' lang='lat' dir='ltr'><strong>Quis</strong></span> <span class='ocrx_word' id='word_1_432' title='bbox 1946 5329 2202 5396; x_wconf 90' lang='lat' dir='ltr'><strong>impostor</strong></span> 
     </span>
    </p>
   </div>
   <div class='ocr_carea' id='block_1_56' title="bbox 624 5420 2199 5491">
    <p class='ocr_par' dir='ltr' id='par_1_56' title="bbox 624 5420 2199 5491">
     <span class='ocr_line' id='line_1_56' title="bbox 624 5420 2199 5491; baseline -0.003 -15"><span class='ocrx_word' id='word_1_433' title='bbox 624 5436 694 5477; x_wconf 78' lang='lat' dir='ltr'><strong>tot</strong></span> <span class='ocrx_word' id='word_1_434' title='bbox 724 5425 987 5479; x_wconf 74' lang='lat' dir='ltr'><strong>Ecclesiae</strong></span> <span class='ocrx_word' id='word_1_435' title='bbox 1012 5434 1120 5478; x_wconf 89' lang='lat' dir='ltr'><strong>toto</strong></span> <span class='ocrx_word' id='word_1_436' title='bbox 1144 5434 1403 5479; x_wconf 84' lang='lat' dir='ltr'><strong>terrarum</strong></span> <span class='ocrx_word' id='word_1_437' title='bbox 1427 5422 1554 5476; x_wconf 89' lang='lat' dir='ltr'><strong>orbe</strong></span> <span class='ocrx_word' id='word_1_438' title='bbox 1588 5421 1829 5491; x_wconf 83' lang='lat' dir='ltr'><strong>paravit?</strong></span> <span class='ocrx_word' id='word_1_439' title='bbox 1853 5421 1981 5485; x_wconf 90' lang='lat' dir='ltr'><strong>Quis</strong></span> <span class='ocrx_word' id='word_1_440' title='bbox 2011 5420 2077 5472; x_wconf 89' lang='lat' dir='ltr'><strong>ab</strong></span> <span class='ocrx_word' id='word_1_441' title='bbox 2104 5435 2199 5472; x_wconf 80' lang='lat' dir='ltr'><strong>ex-</strong></span> 
     </span>
    </p>
   </div>
   <div class='ocr_carea' id='block_1_57' title="bbox 623 5511 2198 5582">
    <p class='ocr_par' dir='ltr' id='par_1_57' title="bbox 623 5511 2198 5582">
     <span class='ocr_line' id='line_1_57' title="bbox 623 5511 2198 5582; baseline -0.003 -13"><span class='ocrx_word' id='word_1_442' title='bbox 623 5518 805 5572; x_wconf 79' lang='lat' dir='ltr'><strong>tremis</strong></span> <span class='ocrx_word' id='word_1_443' title='bbox 834 5516 900 5571; x_wconf 89' lang='lat' dir='ltr'><strong>ad</strong></span> <span class='ocrx_word' id='word_1_444' title='bbox 929 5529 1166 5573; x_wconf 84' lang='lat' dir='ltr'><strong>extrema</strong></span> <span class='ocrx_word' id='word_1_445' title='bbox 1190 5515 1371 5570; x_wconf 89' lang='lat' dir='ltr'><strong>mundi</strong></span> <span class='ocrx_word' id='word_1_446' title='bbox 1402 5516 1598 5569; x_wconf 90' lang='lat' dir='ltr'><strong>cultum</strong></span> <span class='ocrx_word' id='word_1_447' title='bbox 1627 5527 1777 5567; x_wconf 89' lang='lat' dir='ltr'><strong>suum</strong></span> <span class='ocrx_word' id='word_1_448' title='bbox 1802 5511 2052 5582; x_wconf 84' lang='lat' dir='ltr'><strong>protulit?</strong></span> <span class='ocrx_word' id='word_1_449' title='bbox 2073 5511 2198 5577; x_wconf 88' lang='lat' dir='ltr'><strong>Quis</strong></span> 
     </span>
    </p>
   </div>
   <div class='ocr_carea' id='block_1_58' title="bbox 622 5605 2199 5678">
    <p class='ocr_par' dir='ltr' id='par_1_58' title="bbox 622 5605 2199 5678">
     <span class='ocr_line' id='line_1_58' title="bbox 622 5605 2199 5678; baseline -0.001 -16"><span class='ocrx_word' id='word_1_450' title='bbox 622 5624 809 5665; x_wconf 82' lang='lat' dir='ltr'><strong>omnes</strong></span> <span class='ocrx_word' id='word_1_451' title='bbox 838 5609 1105 5677; x_wconf 86' lang='lat' dir='ltr'><strong>subjectos</strong></span> <span class='ocrx_word' id='word_1_452' title='bbox 1145 5610 1349 5673; x_wconf 83' lang='lat' dir='ltr'><strong>habuit,</strong></span> <span class='ocrx_word' id='word_1_453' title='bbox 1392 5606 1548 5678; x_wconf 91' lang='lat' dir='ltr'><strong>idque</strong></span> <span class='ocrx_word' id='word_1_454' title='bbox 1576 5622 1692 5661; x_wconf 92' lang='lat' dir='ltr'><strong>cum</strong></span> <span class='ocrx_word' id='word_1_455' title='bbox 1719 5614 1900 5661; x_wconf 90' lang='lat' dir='ltr'><strong>essent</strong></span> <span class='ocrx_word' id='word_1_456' title='bbox 1926 5605 2199 5661; x_wconf 89' lang='lat' dir='ltr'><strong>innumera</strong></span> 
     </span>
    </p>
   </div>
   <div class='ocr_carea' id='block_1_59' title="bbox 621 5698 2194 5768">
    <p class='ocr_par' dir='ltr' id='par_1_59' title="bbox 621 5698 2194 5768">
     <span class='ocr_line' id='line_1_59' title="bbox 621 5698 2194 5768; baseline -0.003 -15"><span class='ocrx_word' id='word_1_457' title='bbox 621 5700 935 5754; x_wconf 75' lang='lat' dir='ltr'><strong>obstacula?</strong></span> <span class='ocrx_word' id='word_1_458' title='bbox 965 5700 1132 5754; x_wconf 82' lang='lat' dir='ltr'><strong>Nemo</strong></span> <span class='ocrx_word' id='word_1_459' title='bbox 1157 5714 1305 5755; x_wconf 88' lang='lat' dir='ltr'><strong>sane.</strong></span> <span class='ocrx_word' id='word_1_460' title='bbox 1338 5701 1527 5754; x_wconf 84' lang='lat' dir='ltr'><strong>Annon</strong></span> <span class='ocrx_word' id='word_1_461' title='bbox 1553 5699 1712 5768; x_wconf 82' lang='lat' dir='ltr'><strong>igitur</strong></span> <span class='ocrx_word' id='word_1_462' title='bbox 1734 5698 2070 5767; x_wconf 79' lang='lat' dir='ltr'><strong>perspicuum</strong></span> <span class='ocrx_word' id='word_1_463' title='bbox 2094 5706 2194 5762; x_wconf 85' lang='lat' dir='ltr'><strong>est,</strong></span> 
     </span>
    </p>
   </div>
   <div class='ocr_carea' id='block_1_60' title="bbox 614 5788 2193 5861">
    <p class='ocr_par' dir='ltr' id='par_1_60' title="bbox 614 5788 2193 5861">
     <span class='ocr_line' id='line_1_60' title="bbox 614 5788 2193 5861; baseline 0.003 -21"><span class='ocrx_word' id='word_1_464' title='bbox 614 5789 887 5845; x_wconf 60' lang='lat' dir='ltr'><strong>(flii-istum</strong></span> <span class='ocrx_word' id='word_1_465' title='bbox 913 5808 1016 5848; x_wconf 86' lang='lat' dir='ltr'><strong>non</strong></span> <span class='ocrx_word' id='word_1_466' title='bbox 1046 5808 1161 5849; x_wconf 90' lang='lat' dir='ltr'><strong>esse</strong></span> <span class='ocrx_word' id='word_1_467' title='bbox 1192 5793 1555 5861; x_wconf 80' lang='lat' dir='ltr'><strong>inipustorem,</strong></span> <span class='ocrx_word' id='word_1_468' title='bbox 1588 5790 1681 5846; x_wconf 86' lang='lat' dir='ltr'><strong>sed</strong></span> <span class='ocrx_word' id='word_1_469' title='bbox 1724 5793 2065 5855; x_wconf 77' lang='lat' dir='ltr'><strong>salvatorem,</strong></span> <span class='ocrx_word' id='word_1_470' title='bbox 2098 5788 2193 5845; x_wconf 80' lang='lat' dir='ltr'><strong>sed</strong></span> 
     </span>
    </p>
   </div>
   <div class='ocr_carea' id='block_1_61' title="bbox 1401 358 3197 430">
    <p class='ocr_par' dir='ltr' id='par_1_61' title="bbox 1401 358 3197 430">
     <span class='ocr_line' id='line_1_61' title="bbox 1401 358 3197 430; baseline -0.002 -3"><span class='ocrx_word' id='word_1_471' title='bbox 1401 372 1457 427; x_wconf 86' lang='lat' dir='ltr'><strong>s.</strong></span> <span class='ocrx_word' id='word_1_472' title='bbox 1497 367 1777 427; x_wconf 73' lang='lat' dir='ltr'><strong>JOANMS</strong></span> <span class='ocrx_word' id='word_1_473' title='bbox 1816 358 2287 424; x_wconf 69' lang='lat' dir='ltr'><strong>Ctttti&#39;sos&#39;roul</strong></span> <span class='ocrx_word' id='word_1_474' title='bbox 2331 360 2643 422; x_wconf 76' lang='lat' dir='ltr'><strong>ARCIIIEI&#39;.</strong></span> <span class='ocrx_word' id='word_1_475' title='bbox 2688 368 3197 430; x_wconf 71' lang='lat' dir='ltr'><strong>CONSTANTt&#39;Nup</strong></span> 
     </span>
    </p>
   </div>
   <div class='ocr_carea' id='block_1_62' title="bbox 3845 360 3950 424">
    <p class='ocr_par' dir='ltr' id='par_1_62' title="bbox 3845 360 3950 424">
     <span class='ocr_line' id='line_1_62' title="bbox 3845 360 3950 424; baseline -0.019 0"><span class='ocrx_word' id='word_1_476' title='bbox 3845 360 3950 424; x_wconf 74' lang='lat'><strong>888</strong></span> 
     </span>
    </p>
   </div>
   <div class='ocr_carea' id='block_1_63' title="bbox 2351 480 3936 563">
    <p class='ocr_par' dir='ltr' id='par_1_63' title="bbox 2351 480 3936 563">
     <span class='ocr_line' id='line_1_63' title="bbox 2351 480 3936 563; baseline 0.011 -27"><span class='ocrx_word' id='word_1_477' title='bbox 2351 480 2669 551; x_wconf 85' lang='lat' dir='ltr'><strong>beneﬁcum,</strong></span> <span class='ocrx_word' id='word_1_478' title='bbox 2687 484 2781 540; x_wconf 86' lang='lat' dir='ltr'><strong>sed</strong></span> <span class='ocrx_word' id='word_1_479' title='bbox 2806 497 3128 556; x_wconf 89' lang='lat' dir='ltr'><strong>curatorem,</strong></span> <span class='ocrx_word' id='word_1_480' title='bbox 3148 490 3241 545; x_wconf 82' lang='lat' dir='ltr'><strong>sed</strong></span> <span class='ocrx_word' id='word_1_481' title='bbox 3263 489 3555 563; x_wconf 88' lang='lat' dir='ltr'><strong>principem</strong></span> <span class='ocrx_word' id='word_1_482' title='bbox 3577 493 3700 551; x_wconf 63' lang='lat' dir='ltr'><strong>vite</strong></span> <span class='ocrx_word' id='word_1_483' title='bbox 3718 506 3936 553; x_wconf 56' lang='lat' dir='ltr'><strong>nostra).</strong></span> 
     </span>
    </p>
   </div>
   <div class='ocr_carea' id='block_1_64' title="bbox 2350 570 3938 657">
    <p class='ocr_par' dir='ltr' id='par_1_64' title="bbox 2350 570 3938 657">
     <span class='ocr_line' id='line_1_64' title="bbox 2350 570 3938 657; baseline 0.013 -33"><span class='ocrx_word' id='word_1_484' title='bbox 2350 570 2580 627; x_wconf 84' lang='lat' dir='ltr'><strong>Proinde</strong></span> <span class='ocrx_word' id='word_1_485' title='bbox 2606 573 2671 627; x_wconf 84' lang='lat' dir='ltr'><strong>ad</strong></span> <span class='ocrx_word' id='word_1_486' title='bbox 2705 574 2756 629; x_wconf 89' lang='lat' dir='ltr'><strong>id</strong></span> <span class='ocrx_word' id='word_1_487' title='bbox 2782 576 2922 646; x_wconf 88' lang='lat' dir='ltr'><strong>quod</strong></span> <span class='ocrx_word' id='word_1_488' title='bbox 2948 586 3067 632; x_wconf 88' lang='lat' dir='ltr'><strong>erat</strong></span> <span class='ocrx_word' id='word_1_489' title='bbox 3107 582 3438 649; x_wconf 86' lang='lat' dir='ltr'><strong>propositum</strong></span> <span class='ocrx_word' id='word_1_490' title='bbox 3480 584 3686 647; x_wconf 88' lang='lat' dir='ltr'><strong>redibo.</strong></span> <span class='ocrx_word' id='word_1_491' title='bbox 3717 587 3761 641; x_wconf 87' lang='lat' dir='ltr'><strong>si</strong></span> <span class='ocrx_word' id='word_1_492' title='bbox 3794 591 3938 657; x_wconf 79' lang='lat' dir='ltr'><strong>prius</strong></span> 
     </span>
    </p>
   </div>
   <div class='ocr_carea' id='block_1_65' title="bbox 2349 662 3938 743">
    <p class='ocr_par' dir='ltr' id='par_1_65' title="bbox 2349 662 3938 743">
     <span class='ocr_line' id='line_1_65' title="bbox 2349 662 3938 743; baseline 0.009 -28"><span class='ocrx_word' id='word_1_493' title='bbox 2349 676 2507 716; x_wconf 85' lang='lat' dir='ltr'><strong>unam</strong></span> <span class='ocrx_word' id='word_1_494' title='bbox 2539 662 2714 719; x_wconf 89' lang='lat' dir='ltr'><strong>adhuc</strong></span> <span class='ocrx_word' id='word_1_495' title='bbox 2744 666 3145 735; x_wconf 73' lang='lat' dir='ltr'><strong>prindietionem</strong></span> <span class='ocrx_word' id='word_1_496' title='bbox 3191 670 3467 727; x_wconf 88' lang='lat' dir='ltr'><strong>addidero.</strong></span> <span class='ocrx_word' id='word_1_497' title='bbox 3503 674 3624 728; x_wconf 85' lang='lat' dir='ltr'><strong>Non</strong></span> <span class='ocrx_word' id='word_1_498' title='bbox 3673 679 3807 743; x_wconf 83' lang='lat' dir='ltr'><strong>veni,</strong></span> <span class='ocrx_word' id='word_1_499' title='bbox 3856 680 3938 732; x_wconf 84' lang='lat' dir='ltr'><strong>iu-</strong></span> 
     </span>
    </p>
   </div>
   <div class='ocr_carea' id='block_1_66' title="bbox 2348 752 3936 842">
    <p class='ocr_par' dir='ltr' id='par_1_66' title="bbox 2348 752 3936 842">
     <span class='ocr_line' id='line_1_66' title="bbox 2348 752 3936 842; baseline 0.013 -37"><span class='ocrx_word' id='word_1_500' title='bbox 2348 752 2482 822; x_wconf 90' lang='lat' dir='ltr'><strong>quit,</strong></span> <span class='ocrx_word' id='word_1_501' title='bbox 2515 755 2710 809; x_wconf 84' lang='lat' dir='ltr'><strong>mittere</strong></span> <span class='ocrx_word' id='word_1_502' title='bbox 2732 774 2907 826; x_wconf 80' lang='lat' dir='ltr'><strong>pacem</strong></span> <span class='ocrx_word' id='word_1_503' title='bbox 2938 775 3093 829; x_wconf 72' lang='lat' dir='ltr'><strong>super</strong></span> <span class='ocrx_word' id='word_1_504' title='bbox 3119 771 3325 826; x_wconf 83' lang='lat' dir='ltr'><strong>terram,</strong></span> <span class='ocrx_word' id='word_1_505' title='bbox 3354 767 3443 817; x_wconf 70' lang='lat' dir='ltr'><strong>sed</strong></span> <span class='ocrx_word' id='word_1_506' title='bbox 3469 768 3697 836; x_wconf 84' lang='lat' dir='ltr'><strong>gladium</strong></span> <span class='ocrx_word' id='word_1_507' title='bbox 3720 769 3936 842; x_wconf 77' lang='lat' dir='ltr'><strong>(Matth.</strong></span> 
     </span>
    </p>
   </div>
   <div class='ocr_carea' id='block_1_67' title="bbox 2350 844 3937 925">
    <p class='ocr_par' dir='ltr' id='par_1_67' title="bbox 2350 844 3937 925">
     <span class='ocr_line' id='line_1_67' title="bbox 2350 844 3937 925; baseline 0.013 -28"><span class='ocrx_word' id='word_1_508' title='bbox 2350 844 2438 898; x_wconf 76' lang='grc'><strong>10.</strong></span> <span class='ocrx_word' id='word_1_509' title='bbox 2467 844 2558 914; x_wconf 69' lang='grc'><strong>54)</strong></span> <span class='ocrx_word' id='word_1_510' title='bbox 2588 862 2601 898; x_wconf 90' lang='lat'><strong>:</strong></span> <span class='ocrx_word' id='word_1_511' title='bbox 2635 862 2739 899; x_wconf 92' lang='lat' dir='ltr'><strong>non</strong></span> <span class='ocrx_word' id='word_1_512' title='bbox 2765 846 3045 904; x_wconf 87' lang='lat' dir='ltr'><strong>declarans</strong></span> <span class='ocrx_word' id='word_1_513' title='bbox 3072 852 3195 920; x_wconf 93' lang='lat' dir='ltr'><strong>quid</strong></span> <span class='ocrx_word' id='word_1_514' title='bbox 3227 852 3342 923; x_wconf 85' lang='lat' dir='ltr'><strong>ipse</strong></span> <span class='ocrx_word' id='word_1_515' title='bbox 3370 868 3608 925; x_wconf 88' lang='lat' dir='ltr'><strong>cuperet,</strong></span> <span class='ocrx_word' id='word_1_516' title='bbox 3633 860 3728 915; x_wconf 88' lang='lat' dir='ltr'><strong>sed</strong></span> <span class='ocrx_word' id='word_1_517' title='bbox 3761 877 3937 916; x_wconf 87' lang='lat' dir='ltr'><strong>rerum</strong></span> 
     </span>
    </p>
   </div>
   <div class='ocr_carea' id='block_1_68' title="bbox 2348 937 3942 1022">
    <p class='ocr_par' dir='ltr' id='par_1_68' title="bbox 2348 937 3942 1022">
     <span class='ocr_line' id='line_1_68' title="bbox 2348 937 3942 1022; baseline 0.014 -34"><span class='ocrx_word' id='word_1_518' title='bbox 2348 944 2595 989; x_wconf 87' lang='lat' dir='ltr'><strong>eventum</strong></span> <span class='ocrx_word' id='word_1_519' title='bbox 2642 937 2953 1005; x_wconf 79' lang='lat' dir='ltr'><strong>praedicens.</strong></span> <span class='ocrx_word' id='word_1_520' title='bbox 2994 938 3121 995; x_wconf 83' lang='lat' dir='ltr'><strong>Veni</strong></span> <span class='ocrx_word' id='word_1_521' title='bbox 3148 945 3299 1011; x_wconf 82' lang='lat' dir='ltr'><strong>enim,</strong></span> <span class='ocrx_word' id='word_1_522' title='bbox 3349 946 3537 1018; x_wconf 91' lang='lat' dir='ltr'><strong>inquit,</strong></span> <span class='ocrx_word' id='word_1_523' title='bbox 3579 968 3830 1022; x_wconf 71' lang='lat' dir='ltr'><strong>separare</strong></span> <span class='ocrx_word' id='word_1_524' title='bbox 3853 956 3942 1009; x_wconf 83' lang='lat' dir='ltr'><strong>lio-</strong></span> 
     </span>
    </p>
   </div>
   <div class='ocr_carea' id='block_1_69' title="bbox 2347 1027 3940 1103">
    <p class='ocr_par' dir='ltr' id='par_1_69' title="bbox 2347 1027 3940 1103">
     <span class='ocr_line' id='line_1_69' title="bbox 2347 1027 3940 1103; baseline 0.015 -26"><span class='ocrx_word' id='word_1_525' title='bbox 2347 1027 2531 1079; x_wconf 85' lang='lat' dir='ltr'><strong>minem</strong></span> <span class='ocrx_word' id='word_1_526' title='bbox 2568 1029 2808 1084; x_wconf 80' lang='lat' dir='ltr'><strong>adversus</strong></span> <span class='ocrx_word' id='word_1_527' title='bbox 2851 1044 3045 1102; x_wconf 84' lang='lat' dir='ltr'><strong>patrem</strong></span> <span class='ocrx_word' id='word_1_528' title='bbox 3066 1052 3235 1103; x_wconf 78' lang='lat' dir='ltr'><strong>suum,</strong></span> <span class='ocrx_word' id='word_1_529' title='bbox 3282 1049 3330 1093; x_wconf 86' lang='lat' dir='ltr'><strong>et</strong></span> <span class='ocrx_word' id='word_1_530' title='bbox 3372 1057 3559 1095; x_wconf 87' lang='lat' dir='ltr'><strong>nurum</strong></span> <span class='ocrx_word' id='word_1_531' title='bbox 3584 1045 3833 1099; x_wconf 75' lang='lat' dir='ltr'><strong>adversus</strong></span> <span class='ocrx_word' id='word_1_532' title='bbox 3855 1061 3940 1100; x_wconf 73' lang='lat' dir='ltr'><strong>so-</strong></span> 
     </span>
    </p>
   </div>
   <div class='ocr_carea' id='block_1_70' title="bbox 2346 1120 3935 1206">
    <p class='ocr_par' dir='ltr' id='par_1_70' title="bbox 2346 1120 3935 1206">
     <span class='ocr_line' id='line_1_70' title="bbox 2346 1120 3935 1206; baseline 0.015 -38"><span class='ocrx_word' id='word_1_533' title='bbox 2346 1134 2485 1170; x_wconf 83' lang='lat' dir='ltr'><strong>crum</strong></span> <span class='ocrx_word' id='word_1_534' title='bbox 2513 1134 2677 1187; x_wconf 74' lang='lat' dir='ltr'><strong>suam,</strong></span> <span class='ocrx_word' id='word_1_535' title='bbox 2710 1131 2756 1174; x_wconf 89' lang='lat' dir='ltr'><strong>et</strong></span> <span class='ocrx_word' id='word_1_536' title='bbox 2781 1123 2942 1189; x_wconf 83' lang='lat' dir='ltr'><strong>ﬁliam</strong></span> <span class='ocrx_word' id='word_1_537' title='bbox 2972 1120 3219 1177; x_wconf 76' lang='lat' dir='ltr'><strong>adversus</strong></span> <span class='ocrx_word' id='word_1_538' title='bbox 3240 1139 3450 1184; x_wconf 86' lang='lat' dir='ltr'><strong>matrem</strong></span> <span class='ocrx_word' id='word_1_539' title='bbox 3476 1150 3621 1186; x_wconf 77' lang='lat' dir='ltr'><strong>suam</strong></span> <span class='ocrx_word' id='word_1_540' title='bbox 3641 1133 3747 1205; x_wconf 85' lang='lat' dir='ltr'><strong>(Ib.</strong></span> <span class='ocrx_word' id='word_1_541' title='bbox 3768 1137 3935 1206; x_wconf 74' lang='lat' dir='ltr'><strong>v.55).</strong></span> 
     </span>
    </p>
   </div>
   <div class='ocr_carea' id='block_1_71' title="bbox 2349 1208 3934 1293">
    <p class='ocr_par' dir='ltr' id='par_1_71' title="bbox 2349 1208 3934 1293">
     <span class='ocr_line' id='line_1_71' title="bbox 2349 1208 3934 1293; baseline 0.012 -31"><span class='ocrx_word' id='word_1_542' title='bbox 2349 1208 2501 1263; x_wconf 87' lang='lat' dir='ltr'><strong>Unde</strong></span> <span class='ocrx_word' id='word_1_543' title='bbox 2532 1210 2647 1265; x_wconf 61' lang='lat' dir='ltr'><strong>haec</strong></span> <span class='ocrx_word' id='word_1_544' title='bbox 2678 1213 2943 1281; x_wconf 71' lang='lat' dir='ltr'><strong>prmdixit,</strong></span> <span class='ocrx_word' id='word_1_545' title='bbox 2996 1216 3039 1270; x_wconf 91' lang='lat' dir='ltr'><strong>si</strong></span> <span class='ocrx_word' id='word_1_546' title='bbox 3072 1217 3374 1275; x_wconf 83' lang='lat' dir='ltr'><strong>nihilaliud</strong></span> <span class='ocrx_word' id='word_1_547' title='bbox 3405 1232 3520 1276; x_wconf 84' lang='lat' dir='ltr'><strong>erat</strong></span> <span class='ocrx_word' id='word_1_548' title='bbox 3562 1239 3721 1293; x_wconf 88' lang='lat' dir='ltr'><strong>quam</strong></span> <span class='ocrx_word' id='word_1_549' title='bbox 3756 1226 3934 1292; x_wconf 87' lang='lat' dir='ltr'><strong>homo,</strong></span> 
     </span>
    </p>
   </div>
   <div class='ocr_carea' id='block_1_72' title="bbox 2346 1306 3937 1383">
    <p class='ocr_par' dir='ltr' id='par_1_72' title="bbox 2346 1306 3937 1383">
     <span class='ocr_line' id='line_1_72' title="bbox 2346 1306 3937 1383; baseline 0.011 -28"><span class='ocrx_word' id='word_1_550' title='bbox 2346 1312 2398 1355; x_wconf 88' lang='lat' dir='ltr'><strong>et</strong></span> <span class='ocrx_word' id='word_1_551' title='bbox 2442 1318 2575 1357; x_wconf 90' lang='lat' dir='ltr'><strong>unus</strong></span> <span class='ocrx_word' id='word_1_552' title='bbox 2604 1306 2864 1375; x_wconf 90' lang='lat' dir='ltr'><strong>quispiam</strong></span> <span class='ocrx_word' id='word_1_553' title='bbox 2894 1322 2925 1363; x_wconf 91' lang='lat' dir='ltr'><strong>e</strong></span> <span class='ocrx_word' id='word_1_554' title='bbox 2970 1309 3169 1380; x_wconf 74' lang='lat' dir='ltr'><strong>Vulgo?</strong></span> <span class='ocrx_word' id='word_1_555' title='bbox 3204 1311 3355 1379; x_wconf 83' lang='lat' dir='ltr'><strong>Quod</strong></span> <span class='ocrx_word' id='word_1_556' title='bbox 3397 1325 3573 1370; x_wconf 90' lang='lat' dir='ltr'><strong>autem</strong></span> <span class='ocrx_word' id='word_1_557' title='bbox 3601 1316 3767 1383; x_wconf 87' lang='lat' dir='ltr'><strong>dicit,</strong></span> <span class='ocrx_word' id='word_1_558' title='bbox 3801 1318 3937 1373; x_wconf 91' lang='lat' dir='ltr'><strong>hunc</strong></span> 
     </span>
    </p>
   </div>
   <div class='ocr_carea' id='block_1_73' title="bbox 2346 1394 3939 1471">
    <p class='ocr_par' dir='ltr' id='par_1_73' title="bbox 2346 1394 3939 1471">
     <span class='ocr_line' id='line_1_73' title="bbox 2346 1394 3939 1471; baseline 0.009 -25"><span class='ocrx_word' id='word_1_559' title='bbox 2346 1394 2506 1449; x_wconf 90' lang='lat' dir='ltr'><strong>habet</strong></span> <span class='ocrx_word' id='word_1_560' title='bbox 2553 1412 2770 1453; x_wconf 87' lang='lat' dir='ltr'><strong>sensum</strong></span> <span class='ocrx_word' id='word_1_561' title='bbox 2800 1418 2812 1454; x_wconf 88' lang='lat'><em>:</em></span> <span class='ocrx_word' id='word_1_562' title='bbox 2846 1402 3096 1470; x_wconf 88' lang='lat' dir='ltr'><strong>quoniam</strong></span> <span class='ocrx_word' id='word_1_563' title='bbox 3143 1406 3338 1471; x_wconf 89' lang='lat' dir='ltr'><strong>evenit,</strong></span> <span class='ocrx_word' id='word_1_564' title='bbox 3373 1416 3430 1460; x_wconf 89' lang='lat' dir='ltr'><strong>ut</strong></span> <span class='ocrx_word' id='word_1_565' title='bbox 3474 1408 3523 1461; x_wconf 94' lang='lat' dir='ltr'><strong>in</strong></span> <span class='ocrx_word' id='word_1_566' title='bbox 3556 1411 3745 1464; x_wconf 89' lang='lat' dir='ltr'><strong>eadem</strong></span> <span class='ocrx_word' id='word_1_567' title='bbox 3780 1410 3939 1463; x_wconf 84' lang='lat' dir='ltr'><strong>deum</strong></span> 
     </span>
    </p>
   </div>
   <div class='ocr_carea' id='block_1_74' title="bbox 2344 1487 3931 1567">
    <p class='ocr_par' dir='ltr' id='par_1_74' title="bbox 2344 1487 3931 1567">
     <span class='ocr_line' id='line_1_74' title="bbox 2344 1487 3931 1567; baseline 0.013 -31"><span class='ocrx_word' id='word_1_568' title='bbox 2344 1500 2482 1539; x_wconf 88' lang='lat' dir='ltr'><strong>unus</strong></span> <span class='ocrx_word' id='word_1_569' title='bbox 2513 1487 2580 1540; x_wconf 88' lang='lat' dir='ltr'><strong>sit</strong></span> <span class='ocrx_word' id='word_1_570' title='bbox 2609 1488 2798 1555; x_wconf 83' lang='lat' dir='ltr'><strong>ﬁdelis,</strong></span> <span class='ocrx_word' id='word_1_571' title='bbox 2831 1492 2967 1545; x_wconf 87' lang='lat' dir='ltr'><strong>alter</strong></span> <span class='ocrx_word' id='word_1_572' title='bbox 3013 1493 3240 1549; x_wconf 84' lang='lat' dir='ltr'><strong>inﬁdelis</strong></span> <span class='ocrx_word' id='word_1_573' title='bbox 3267 1513 3279 1547; x_wconf 92' lang='lat'>:</span> <span class='ocrx_word' id='word_1_574' title='bbox 3314 1497 3505 1553; x_wconf 89' lang='lat' dir='ltr'><strong>deinde</strong></span> <span class='ocrx_word' id='word_1_575' title='bbox 3537 1512 3689 1567; x_wconf 78' lang='lat' dir='ltr'><strong>pater</strong></span> <span class='ocrx_word' id='word_1_576' title='bbox 3718 1502 3846 1555; x_wconf 81' lang='lat' dir='ltr'><strong>velit</strong></span> <span class='ocrx_word' id='word_1_577' title='bbox 3873 1503 3931 1555; x_wconf 84' lang='lat' dir='ltr'><strong>ﬁ-</strong></span> 
     </span>
    </p>
   </div>
   <div class='ocr_carea' id='block_1_75' title="bbox 2343 1577 3932 1662">
    <p class='ocr_par' dir='ltr' id='par_1_75' title="bbox 2343 1577 3932 1662">
     <span class='ocr_line' id='line_1_75' title="bbox 2343 1577 3932 1662; baseline 0.009 -32"><span class='ocrx_word' id='word_1_578' title='bbox 2343 1577 2470 1632; x_wconf 91' lang='lat' dir='ltr'><strong>lium</strong></span> <span class='ocrx_word' id='word_1_579' title='bbox 2522 1594 2673 1633; x_wconf 91' lang='lat' dir='ltr'><strong>suum</strong></span> <span class='ocrx_word' id='word_1_580' title='bbox 2726 1583 3034 1657; x_wconf 83' lang='lat' dir='ltr'><strong>pertrahere</strong></span> <span class='ocrx_word' id='word_1_581' title='bbox 3080 1585 3145 1639; x_wconf 90' lang='lat' dir='ltr'><strong>ad</strong></span> <span class='ocrx_word' id='word_1_582' title='bbox 3193 1586 3517 1658; x_wconf 88' lang='lat' dir='ltr'><strong>impietatem</strong></span> <span class='ocrx_word' id='word_1_583' title='bbox 3562 1608 3575 1644; x_wconf 91' lang='lat'><strong>:</strong></span> <span class='ocrx_word' id='word_1_584' title='bbox 3617 1591 3721 1646; x_wconf 86' lang='lat' dir='ltr'><strong>hoc</strong></span> <span class='ocrx_word' id='word_1_585' title='bbox 3763 1593 3932 1662; x_wconf 86' lang='lat' dir='ltr'><strong>ipsum</strong></span> 
     </span>
    </p>
   </div>
   <div class='ocr_carea' id='block_1_76' title="bbox 2344 1668 3931 1750">
    <p class='ocr_par' dir='ltr' id='par_1_76' title="bbox 2344 1668 3931 1750">
     <span class='ocr_line' id='line_1_76' title="bbox 2344 1668 3931 1750; baseline 0.011 -29"><span class='ocrx_word' id='word_1_586' title='bbox 2344 1668 2639 1737; x_wconf 81' lang='lat' dir='ltr'><strong>praedicens</strong></span> <span class='ocrx_word' id='word_1_587' title='bbox 2662 1671 2731 1724; x_wconf 88' lang='lat' dir='ltr'><strong>ait</strong></span> <span class='ocrx_word' id='word_1_588' title='bbox 2760 1673 2932 1727; x_wconf 89' lang='lat' dir='ltr'><strong>:adeo</strong></span> <span class='ocrx_word' id='word_1_589' title='bbox 2959 1677 3134 1730; x_wconf 90' lang='lat' dir='ltr'><strong>vincet</strong></span> <span class='ocrx_word' id='word_1_590' title='bbox 3161 1678 3429 1748; x_wconf 88' lang='lat' dir='ltr'><strong>Evangelii</strong></span> <span class='ocrx_word' id='word_1_591' title='bbox 3463 1693 3722 1750; x_wconf 88' lang='lat' dir='ltr'><strong>potestas,</strong></span> <span class='ocrx_word' id='word_1_592' title='bbox 3758 1697 3814 1737; x_wconf 89' lang='lat' dir='ltr'><strong>ut</strong></span> <span class='ocrx_word' id='word_1_593' title='bbox 3842 1684 3931 1738; x_wconf 86' lang='lat' dir='ltr'><strong>ﬁlii</strong></span> 
     </span>
    </p>
   </div>
   <div class='ocr_carea' id='block_1_77' title="bbox 2339 1772 3935 1840">
    <p class='ocr_par' dir='ltr' id='par_1_77' title="bbox 2339 1772 3935 1840">
     <span class='ocr_line' id='line_1_77' title="bbox 2339 1772 3935 1840; baseline 0.011 -27"><span class='ocrx_word' id='word_1_594' title='bbox 2339 1775 2552 1831; x_wconf 90' lang='lat' dir='ltr'><strong>quoque</strong></span> <span class='ocrx_word' id='word_1_595' title='bbox 2596 1772 2938 1819; x_wconf 89' lang='lat' dir='ltr'><strong>contemnant</strong></span> <span class='ocrx_word' id='word_1_596' title='bbox 2970 1776 3148 1835; x_wconf 91' lang='lat' dir='ltr'><strong>patres</strong></span> <span class='ocrx_word' id='word_1_597' title='bbox 3181 1783 3328 1837; x_wconf 89' lang='lat' dir='ltr'><strong>suos,</strong></span> <span class='ocrx_word' id='word_1_598' title='bbox 3377 1782 3431 1825; x_wconf 91' lang='lat' dir='ltr'><strong>et</strong></span> <span class='ocrx_word' id='word_1_599' title='bbox 3460 1772 3579 1827; x_wconf 70' lang='lat' dir='ltr'><strong>lilia:</strong></span> <span class='ocrx_word' id='word_1_600' title='bbox 3626 1785 3849 1840; x_wconf 87' lang='lat' dir='ltr'><strong>matres,</strong></span> <span class='ocrx_word' id='word_1_601' title='bbox 3882 1785 3935 1830; x_wconf 86' lang='lat' dir='ltr'><strong>et</strong></span> 
     </span>
    </p>
   </div>
   <div class='ocr_carea' id='block_1_78' title="bbox 2343 1854 3935 1933">
    <p class='ocr_par' dir='ltr' id='par_1_78' title="bbox 2343 1854 3935 1933">
     <span class='ocr_line' id='line_1_78' title="bbox 2343 1854 3935 1933; baseline 0.012 -30"><span class='ocrx_word' id='word_1_602' title='bbox 2343 1862 2587 1917; x_wconf 82' lang='lat' dir='ltr'><strong>parentes</strong></span> <span class='ocrx_word' id='word_1_603' title='bbox 2636 1854 2851 1909; x_wconf 90' lang='lat' dir='ltr'><strong>liberos.</strong></span> <span class='ocrx_word' id='word_1_604' title='bbox 2884 1856 2998 1911; x_wconf 86' lang='lat' dir='ltr'><strong>Non</strong></span> <span class='ocrx_word' id='word_1_605' title='bbox 3043 1858 3214 1912; x_wconf 90' lang='lat' dir='ltr'><strong>solum</strong></span> <span class='ocrx_word' id='word_1_606' title='bbox 3261 1873 3434 1916; x_wconf 88' lang='lat' dir='ltr'><strong>autem</strong></span> <span class='ocrx_word' id='word_1_607' title='bbox 3483 1866 3630 1933; x_wconf 90' lang='lat' dir='ltr'><strong>prius</strong></span> <span class='ocrx_word' id='word_1_608' title='bbox 3662 1865 3935 1922; x_wconf 83' lang='lat' dir='ltr'><strong>habebunt</strong></span> 
     </span>
    </p>
   </div>
   <div class='ocr_carea' id='block_1_79' title="bbox 2339 1939 3930 2015">
    <p class='ocr_par' dir='ltr' id='par_1_79' title="bbox 2339 1939 3930 2015">
     <span class='ocr_line' id='line_1_79' title="bbox 2339 1939 3930 2015; baseline 0.013 -22"><span class='ocrx_word' id='word_1_609' title='bbox 2339 1939 2632 1998; x_wconf 83' lang='lat' dir='ltr'><strong>familiares</strong></span> <span class='ocrx_word' id='word_1_610' title='bbox 2697 1954 3064 2015; x_wconf 89' lang='lat' dir='ltr'><strong>contemnere,</strong></span> <span class='ocrx_word' id='word_1_611' title='bbox 3110 1966 3292 2004; x_wconf 91' lang='lat' dir='ltr'><strong>verum</strong></span> <span class='ocrx_word' id='word_1_612' title='bbox 3323 1956 3483 2007; x_wconf 88' lang='lat' dir='ltr'><strong>etiam</strong></span> <span class='ocrx_word' id='word_1_613' title='bbox 3516 1972 3665 2010; x_wconf 87' lang='lat' dir='ltr'><strong>suam</strong></span> <span class='ocrx_word' id='word_1_614' title='bbox 3699 1961 3930 2014; x_wconf 85' lang='lat' dir='ltr'><strong>animam</strong></span> 
     </span>
    </p>
   </div>
   <div class='ocr_carea' id='block_1_80' title="bbox 2338 2045 3935 2119">
    <p class='ocr_par' dir='ltr' id='par_1_80' title="bbox 2338 2045 3935 2119">
     <span class='ocr_line' id='line_1_80' title="bbox 2338 2045 3935 2119; baseline 0.011 -32"><span class='ocrx_word' id='word_1_615' title='bbox 2338 2049 2642 2104; x_wconf 68' lang='lat' dir='ltr'><strong>esponere,</strong></span> <span class='ocrx_word' id='word_1_616' title='bbox 2671 2049 2969 2108; x_wconf 89' lang='lat' dir='ltr'><strong>cunctaque</strong></span> <span class='ocrx_word' id='word_1_617' title='bbox 2998 2045 3265 2098; x_wconf 86' lang='lat' dir='ltr'><strong>sustinere</strong></span> <span class='ocrx_word' id='word_1_618' title='bbox 3294 2061 3354 2098; x_wconf 89' lang='lat' dir='ltr'><strong>ac</strong></span> <span class='ocrx_word' id='word_1_619' title='bbox 3388 2050 3612 2116; x_wconf 87' lang='lat' dir='ltr'><strong>perpeti,</strong></span> <span class='ocrx_word' id='word_1_620' title='bbox 3648 2068 3715 2105; x_wconf 85' lang='lat' dir='ltr'><strong>ne</strong></span> <span class='ocrx_word' id='word_1_621' title='bbox 3767 2053 3935 2119; x_wconf 84' lang='lat' dir='ltr'><strong>pieta-</strong></span> 
     </span>
    </p>
   </div>
   <div class='ocr_carea' id='block_1_81' title="bbox 2338 2127 3931 2203">
    <p class='ocr_par' dir='ltr' id='par_1_81' title="bbox 2338 2127 3931 2203">
     <span class='ocr_line' id='line_1_81' title="bbox 2338 2127 3931 2203; baseline 0.011 -22"><span class='ocrx_word' id='word_1_622' title='bbox 2338 2136 2441 2181; x_wconf 84' lang='lat' dir='ltr'><strong>tem</strong></span> <span class='ocrx_word' id='word_1_623' title='bbox 2464 2127 2750 2199; x_wconf 87' lang='lat' dir='ltr'><strong>abnegent.</strong></span> <span class='ocrx_word' id='word_1_624' title='bbox 2779 2129 2933 2186; x_wconf 90' lang='lat' dir='ltr'><strong>Unde</strong></span> <span class='ocrx_word' id='word_1_625' title='bbox 2972 2132 3086 2187; x_wconf 64' lang='lat' dir='ltr'><strong>haec</strong></span> <span class='ocrx_word' id='word_1_626' title='bbox 3112 2135 3200 2189; x_wconf 90' lang='lat' dir='ltr'><strong>ille</strong></span> <span class='ocrx_word' id='word_1_627' title='bbox 3232 2144 3341 2189; x_wconf 89' lang='lat' dir='ltr'><strong>tum</strong></span> <span class='ocrx_word' id='word_1_628' title='bbox 3383 2139 3546 2203; x_wconf 90' lang='lat' dir='ltr'><strong>scire,</strong></span> <span class='ocrx_word' id='word_1_629' title='bbox 3577 2150 3685 2193; x_wconf 85' lang='lat' dir='ltr'><strong>tum</strong></span> <span class='ocrx_word' id='word_1_630' title='bbox 3719 2142 3931 2198; x_wconf 78' lang='lat' dir='ltr'><strong>efﬁcere</strong></span> 
     </span>
    </p>
   </div>
   <div class='ocr_carea' id='block_1_82' title="bbox 2340 2220 3928 2300">
    <p class='ocr_par' dir='ltr' id='par_1_82' title="bbox 2340 2220 3928 2300">
     <span class='ocr_line' id='line_1_82' title="bbox 2340 2220 3928 2300; baseline 0.011 -29"><span class='ocrx_word' id='word_1_631' title='bbox 2340 2220 2530 2288; x_wconf 89' lang='lat' dir='ltr'><strong>potuit,</strong></span> <span class='ocrx_word' id='word_1_632' title='bbox 2560 2223 2601 2275; x_wconf 91' lang='lat' dir='ltr'><strong>si</strong></span> <span class='ocrx_word' id='word_1_633' title='bbox 2634 2222 2727 2276; x_wconf 80' lang='lat' dir='ltr'><strong>fuit</strong></span> <span class='ocrx_word' id='word_1_634' title='bbox 2760 2222 2919 2277; x_wconf 88' lang='lat' dir='ltr'><strong>homo</strong></span> <span class='ocrx_word' id='word_1_635' title='bbox 2949 2240 3084 2279; x_wconf 90' lang='lat' dir='ltr'><strong>unus</strong></span> <span class='ocrx_word' id='word_1_636' title='bbox 3112 2227 3371 2297; x_wconf 90' lang='lat' dir='ltr'><strong>quispiam</strong></span> <span class='ocrx_word' id='word_1_637' title='bbox 3404 2244 3433 2283; x_wconf 92' lang='lat' dir='ltr'><strong>e</strong></span> <span class='ocrx_word' id='word_1_638' title='bbox 3464 2231 3657 2300; x_wconf 83' lang='lat' dir='ltr'><strong>vulgo?</strong></span> <span class='ocrx_word' id='word_1_639' title='bbox 3682 2232 3834 2289; x_wconf 80' lang='lat' dir='ltr'><strong>Unde</strong></span> <span class='ocrx_word' id='word_1_640' title='bbox 3858 2235 3928 2288; x_wconf 85' lang='lat' dir='ltr'><strong>illi</strong></span> 
     </span>
    </p>
   </div>
   <div class='ocr_carea' id='block_1_83' title="bbox 2337 2310 3930 2391">
    <p class='ocr_par' dir='ltr' id='par_1_83' title="bbox 2337 2310 3930 2391">
     <span class='ocr_line' id='line_1_83' title="bbox 2337 2310 3930 2391; baseline 0.011 -28"><span class='ocrx_word' id='word_1_641' title='bbox 2337 2310 2482 2365; x_wconf 89' lang='lat' dir='ltr'><strong>venit</strong></span> <span class='ocrx_word' id='word_1_642' title='bbox 2510 2313 2561 2366; x_wconf 94' lang='lat' dir='ltr'><strong>in</strong></span> <span class='ocrx_word' id='word_1_643' title='bbox 2608 2324 2840 2369; x_wconf 90' lang='lat' dir='ltr'><strong>mentem</strong></span> <span class='ocrx_word' id='word_1_644' title='bbox 2870 2315 2984 2370; x_wconf 71' lang='lat' dir='ltr'><strong>hrcc</strong></span> <span class='ocrx_word' id='word_1_645' title='bbox 3012 2318 3266 2387; x_wconf 86' lang='lat' dir='ltr'><strong>cogitare,</strong></span> <span class='ocrx_word' id='word_1_646' title='bbox 3307 2320 3449 2389; x_wconf 91' lang='lat' dir='ltr'><strong>quod</strong></span> <span class='ocrx_word' id='word_1_647' title='bbox 3481 2324 3592 2391; x_wconf 92' lang='lat' dir='ltr'><strong>ipse</strong></span> <span class='ocrx_word' id='word_1_648' title='bbox 3636 2324 3759 2377; x_wconf 81' lang='lat' dir='ltr'><strong>ﬁliis</strong></span> <span class='ocrx_word' id='word_1_649' title='bbox 3791 2336 3930 2381; x_wconf 81' lang='lat' dir='ltr'><strong>esset</strong></span> 
     </span>
    </p>
   </div>
   <div class='ocr_carea' id='block_1_84' title="bbox 2334 2404 3927 2487">
    <p class='ocr_par' dir='ltr' id='par_1_84' title="bbox 2334 2404 3927 2487">
     <span class='ocr_line' id='line_1_84' title="bbox 2334 2404 3927 2487; baseline 0.01 -33"><span class='ocrx_word' id='word_1_650' title='bbox 2334 2404 2502 2471; x_wconf 77' lang='lat' dir='ltr'><strong>magis</strong></span> <span class='ocrx_word' id='word_1_651' title='bbox 2534 2407 2857 2461; x_wconf 86' lang='lat' dir='ltr'><strong>reverendus</strong></span> <span class='ocrx_word' id='word_1_652' title='bbox 2883 2406 3090 2462; x_wconf 80' lang='lat' dir='ltr'><strong>futurus</strong></span> <span class='ocrx_word' id='word_1_653' title='bbox 3119 2426 3275 2478; x_wconf 80' lang='lat' dir='ltr'><strong>quam</strong></span> <span class='ocrx_word' id='word_1_654' title='bbox 3310 2422 3506 2480; x_wconf 88' lang='lat' dir='ltr'><strong>patres,</strong></span> <span class='ocrx_word' id='word_1_655' title='bbox 3558 2416 3698 2484; x_wconf 89' lang='lat' dir='ltr'><strong>quod</strong></span> <span class='ocrx_word' id='word_1_656' title='bbox 3731 2432 3927 2487; x_wconf 81' lang='lat' dir='ltr'><strong>paren-</strong></span> 
     </span>
    </p>
   </div>
   <div class='ocr_carea' id='block_1_85' title="bbox 2336 2491 3924 2568">
    <p class='ocr_par' dir='ltr' id='par_1_85' title="bbox 2336 2491 3924 2568">
     <span class='ocr_line' id='line_1_85' title="bbox 2336 2491 3924 2568; baseline 0.011 -25"><span class='ocrx_word' id='word_1_657' title='bbox 2336 2491 2475 2545; x_wconf 90' lang='lat' dir='ltr'><strong>tibus</strong></span> <span class='ocrx_word' id='word_1_658' title='bbox 2499 2492 2702 2547; x_wconf 89' lang='lat' dir='ltr'><strong>dulcior</strong></span> <span class='ocrx_word' id='word_1_659' title='bbox 2730 2510 2886 2565; x_wconf 87' lang='lat' dir='ltr'><strong>quam</strong></span> <span class='ocrx_word' id='word_1_660' title='bbox 2922 2497 3096 2564; x_wconf 88' lang='lat' dir='ltr'><strong>liberi,</strong></span> <span class='ocrx_word' id='word_1_661' title='bbox 3124 2500 3263 2568; x_wconf 91' lang='lat' dir='ltr'><strong>quod</strong></span> <span class='ocrx_word' id='word_1_662' title='bbox 3297 2502 3552 2557; x_wconf 80' lang='lat' dir='ltr'><strong>uxoribus</strong></span> <span class='ocrx_word' id='word_1_663' title='bbox 3591 2503 3924 2561; x_wconf 83' lang='lat' dir='ltr'><strong>desiderabi-</strong></span> 
     </span>
    </p>
   </div>
   <div class='ocr_carea' id='block_1_86' title="bbox 2335 2580 3926 2667">
    <p class='ocr_par' dir='ltr' id='par_1_86' title="bbox 2335 2580 3926 2667">
     <span class='ocr_line' id='line_1_86' title="bbox 2335 2580 3926 2667; baseline 0.012 -35"><span class='ocrx_word' id='word_1_664' title='bbox 2335 2580 2434 2633; x_wconf 91' lang='lat' dir='ltr'><strong>lior</strong></span> <span class='ocrx_word' id='word_1_665' title='bbox 2463 2598 2621 2651; x_wconf 88' lang='lat' dir='ltr'><strong>quam</strong></span> <span class='ocrx_word' id='word_1_666' title='bbox 2669 2585 2886 2637; x_wconf 87' lang='lat' dir='ltr'><strong>mariti?</strong></span> <span class='ocrx_word' id='word_1_667' title='bbox 2930 2586 3087 2657; x_wconf 87' lang='lat' dir='ltr'><strong>idque</strong></span> <span class='ocrx_word' id='word_1_668' title='bbox 3141 2602 3247 2641; x_wconf 90' lang='lat' dir='ltr'><strong>non</strong></span> <span class='ocrx_word' id='word_1_669' title='bbox 3300 2604 3400 2643; x_wconf 92' lang='lat' dir='ltr'><strong>una</strong></span> <span class='ocrx_word' id='word_1_670' title='bbox 3447 2591 3498 2645; x_wconf 93' lang='lat' dir='ltr'><strong>in</strong></span> <span class='ocrx_word' id='word_1_671' title='bbox 3528 2592 3710 2655; x_wconf 87' lang='lat' dir='ltr'><strong>domo,</strong></span> <span class='ocrx_word' id='word_1_672' title='bbox 3755 2612 3926 2667; x_wconf 89' lang='lat' dir='ltr'><strong>neque</strong></span> 
     </span>
    </p>
   </div>
   <div class='ocr_carea' id='block_1_87' title="bbox 2332 2671 3923 2759">
    <p class='ocr_par' dir='ltr' id='par_1_87' title="bbox 2332 2671 3923 2759">
     <span class='ocr_line' id='line_1_87' title="bbox 2332 2671 3923 2759; baseline 0.011 -34"><span class='ocrx_word' id='word_1_673' title='bbox 2332 2671 2557 2739; x_wconf 86' lang='lat' dir='ltr'><strong>duabus,</strong></span> <span class='ocrx_word' id='word_1_674' title='bbox 2606 2691 2778 2745; x_wconf 91' lang='lat' dir='ltr'><strong>neque</strong></span> <span class='ocrx_word' id='word_1_675' title='bbox 2810 2677 3000 2743; x_wconf 90' lang='lat' dir='ltr'><strong>tribus,</strong></span> <span class='ocrx_word' id='word_1_676' title='bbox 3032 2695 3203 2749; x_wconf 88' lang='lat' dir='ltr'><strong>neque</strong></span> <span class='ocrx_word' id='word_1_677' title='bbox 3253 2681 3465 2751; x_wconf 89' lang='lat' dir='ltr'><strong>decem,</strong></span> <span class='ocrx_word' id='word_1_678' title='bbox 3500 2700 3673 2755; x_wconf 90' lang='lat' dir='ltr'><strong>neque</strong></span> <span class='ocrx_word' id='word_1_679' title='bbox 3717 2690 3923 2759; x_wconf 84' lang='lat' dir='ltr'><strong>viginti,</strong></span> 
     </span>
    </p>
   </div>
   <div class='ocr_carea' id='block_1_88' title="bbox 2332 2770 3919 2840">
    <p class='ocr_par' dir='ltr' id='par_1_88' title="bbox 2332 2770 3919 2840">
     <span class='ocr_line' id='line_1_88' title="bbox 2332 2770 3919 2840; baseline 0.013 -23"><span class='ocrx_word' id='word_1_680' title='bbox 2332 2780 2502 2833; x_wconf 87' lang='lat' dir='ltr'><strong>neque</strong></span> <span class='ocrx_word' id='word_1_681' title='bbox 2527 2778 2762 2833; x_wconf 86' lang='lat' dir='ltr'><strong>centum,</strong></span> <span class='ocrx_word' id='word_1_682' title='bbox 2792 2770 2885 2823; x_wconf 90' lang='lat' dir='ltr'><strong>sed</strong></span> <span class='ocrx_word' id='word_1_683' title='bbox 2916 2771 3111 2840; x_wconf 90' lang='lat' dir='ltr'><strong>ubique</strong></span> <span class='ocrx_word' id='word_1_684' title='bbox 3140 2780 3423 2840; x_wconf 86' lang='lat' dir='ltr'><strong>terrarum,</strong></span> <span class='ocrx_word' id='word_1_685' title='bbox 3470 2777 3521 2829; x_wconf 92' lang='lat' dir='ltr'><strong>in</strong></span> <span class='ocrx_word' id='word_1_686' title='bbox 3551 2778 3774 2833; x_wconf 87' lang='lat' dir='ltr'><strong>urbibus</strong></span> <span class='ocrx_word' id='word_1_687' title='bbox 3802 2796 3919 2836; x_wconf 90' lang='lat' dir='ltr'><strong>om-</strong></span> 
     </span>
    </p>
   </div>
   <div class='ocr_carea' id='block_1_89' title="bbox 2332 2855 3924 2941">
    <p class='ocr_par' dir='ltr' id='par_1_89' title="bbox 2332 2855 3924 2941">
     <span class='ocr_line' id='line_1_89' title="bbox 2332 2855 3924 2941; baseline 0.012 -33"><span class='ocrx_word' id='word_1_688' title='bbox 2332 2855 2489 2911; x_wconf 88' lang='lat' dir='ltr'><strong>nibus</strong></span> <span class='ocrx_word' id='word_1_689' title='bbox 2534 2872 2597 2911; x_wconf 90' lang='lat' dir='ltr'><strong>ac</strong></span> <span class='ocrx_word' id='word_1_690' title='bbox 2642 2861 2986 2929; x_wconf 67' lang='lat' dir='ltr'><strong>regionibus,</strong></span> <span class='ocrx_word' id='word_1_691' title='bbox 3025 2864 3074 2915; x_wconf 91' lang='lat' dir='ltr'><strong>in</strong></span> <span class='ocrx_word' id='word_1_692' title='bbox 3106 2871 3268 2929; x_wconf 82' lang='lat' dir='ltr'><strong>terra,</strong></span> <span class='ocrx_word' id='word_1_693' title='bbox 3317 2864 3369 2918; x_wconf 92' lang='lat' dir='ltr'><strong>in</strong></span> <span class='ocrx_word' id='word_1_694' title='bbox 3402 2867 3555 2932; x_wconf 87' lang='lat' dir='ltr'><strong>mari,</strong></span> <span class='ocrx_word' id='word_1_695' title='bbox 3588 2878 3642 2922; x_wconf 89' lang='lat' dir='ltr'><strong>et</strong></span> <span class='ocrx_word' id='word_1_696' title='bbox 3672 2872 3724 2924; x_wconf 93' lang='lat' dir='ltr'><strong>in</strong></span> <span class='ocrx_word' id='word_1_697' title='bbox 3773 2882 3924 2941; x_wconf 88' lang='lat' dir='ltr'><strong>parte</strong></span> 
     </span>
    </p>
   </div>
   <div class='ocr_carea' id='block_1_90' title="bbox 2331 2946 3921 3030">
    <p class='ocr_par' dir='ltr' id='par_1_90' title="bbox 2331 2946 3921 3030">
     <span class='ocr_line' id='line_1_90' title="bbox 2331 2946 3921 3030; baseline 0.011 -31"><span class='ocrx_word' id='word_1_698' title='bbox 2331 2946 2513 3000; x_wconf 90' lang='lat' dir='ltr'><strong>mundi</strong></span> <span class='ocrx_word' id='word_1_699' title='bbox 2546 2947 2775 3003; x_wconf 84' lang='lat' dir='ltr'><strong>habitata</strong></span> <span class='ocrx_word' id='word_1_700' title='bbox 2803 2951 2958 3004; x_wconf 87' lang='lat' dir='ltr'><strong>simul</strong></span> <span class='ocrx_word' id='word_1_701' title='bbox 2982 2960 3034 3005; x_wconf 93' lang='lat' dir='ltr'><strong>et</strong></span> <span class='ocrx_word' id='word_1_702' title='bbox 3066 2954 3437 3009; x_wconf 83' lang='lat' dir='ltr'><strong>inliabitabili?</strong></span> <span class='ocrx_word' id='word_1_703' title='bbox 3462 2957 3568 3011; x_wconf 86' lang='lat' dir='ltr'><strong>Nec</strong></span> <span class='ocrx_word' id='word_1_704' title='bbox 3595 2960 3722 3013; x_wconf 90' lang='lat' dir='ltr'><strong>illud</strong></span> <span class='ocrx_word' id='word_1_705' title='bbox 3750 2965 3921 3030; x_wconf 72' lang='lat' dir='ltr'><strong>possis</strong></span> 
     </span>
    </p>
   </div>
   <div class='ocr_carea' id='block_1_91' title="bbox 2330 3036 3921 3120">
    <p class='ocr_par' dir='ltr' id='par_1_91' title="bbox 2330 3036 3921 3120">
     <span class='ocr_line' id='line_1_91' title="bbox 2330 3036 3921 3120; baseline 0.011 -30"><span class='ocrx_word' id='word_1_706' title='bbox 2330 3036 2548 3092; x_wconf 88' lang='lat' dir='ltr'><strong>dicere:</strong></span> <span class='ocrx_word' id='word_1_707' title='bbox 2581 3039 2714 3093; x_wconf 83' lang='lat' dir='ltr'><strong>dixit</strong></span> <span class='ocrx_word' id='word_1_708' title='bbox 2750 3041 2959 3109; x_wconf 90' lang='lat' dir='ltr'><strong>quidem</strong></span> <span class='ocrx_word' id='word_1_709' title='bbox 2994 3044 3113 3109; x_wconf 86' lang='lat' dir='ltr'><strong>ista,</strong></span> <span class='ocrx_word' id='word_1_710' title='bbox 3156 3060 3340 3099; x_wconf 91' lang='lat' dir='ltr'><strong>verum</strong></span> <span class='ocrx_word' id='word_1_711' title='bbox 3390 3047 3528 3101; x_wconf 89' lang='lat' dir='ltr'><strong>haud</strong></span> <span class='ocrx_word' id='word_1_712' title='bbox 3561 3053 3813 3120; x_wconf 78' lang='lat' dir='ltr'><strong>perduxit</strong></span> <span class='ocrx_word' id='word_1_713' title='bbox 3856 3055 3921 3107; x_wconf 86' lang='lat' dir='ltr'><strong>ad</strong></span> 
     </span>
    </p>
   </div>
   <div class='ocr_carea' id='block_1_92' title="bbox 2327 3127 3919 3205">
    <p class='ocr_par' dir='ltr' id='par_1_92' title="bbox 2327 3127 3919 3205">
     <span class='ocr_line' id='line_1_92' title="bbox 2327 3127 3919 3205; baseline 0.011 -24"><span class='ocrx_word' id='word_1_714' title='bbox 2327 3127 2595 3182; x_wconf 65' lang='lat' dir='ltr'><strong>ell‘ectum.</strong></span> <span class='ocrx_word' id='word_1_715' title='bbox 2645 3131 2962 3200; x_wconf 82' lang='lat' dir='ltr'><strong>Complures</strong></span> <span class='ocrx_word' id='word_1_716' title='bbox 3008 3135 3165 3202; x_wconf 88' lang='lat' dir='ltr'><strong>igitur</strong></span> <span class='ocrx_word' id='word_1_717' title='bbox 3206 3137 3255 3189; x_wconf 92' lang='lat' dir='ltr'><strong>in</strong></span> <span class='ocrx_word' id='word_1_718' title='bbox 3305 3138 3610 3205; x_wconf 85' lang='lat' dir='ltr'><strong>primordiis</strong></span> <span class='ocrx_word' id='word_1_719' title='bbox 3660 3140 3919 3198; x_wconf 68' lang='lat' dir='ltr'><strong>Ecclesiae</strong></span> 
     </span>
    </p>
   </div>
   <div class='ocr_carea' id='block_1_93' title="bbox 2326 3220 3917 3300">
    <p class='ocr_par' dir='ltr' id='par_1_93' title="bbox 2326 3220 3917 3300">
     <span class='ocr_line' id='line_1_93' title="bbox 2326 3220 3917 3300; baseline 0.008 -28"><span class='ocrx_word' id='word_1_720' title='bbox 2326 3228 2483 3288; x_wconf 84' lang='lat' dir='ltr'><strong>atque</strong></span> <span class='ocrx_word' id='word_1_721' title='bbox 2511 3220 2645 3273; x_wconf 88' lang='lat' dir='ltr'><strong>adeo</strong></span> <span class='ocrx_word' id='word_1_722' title='bbox 2674 3237 2813 3275; x_wconf 91' lang='lat' dir='ltr'><strong>nunc</strong></span> <span class='ocrx_word' id='word_1_723' title='bbox 2842 3238 3051 3293; x_wconf 88' lang='lat' dir='ltr'><strong>quoque</strong></span> <span class='ocrx_word' id='word_1_724' title='bbox 3081 3226 3149 3277; x_wconf 87' lang='lat' dir='ltr'><strong>oh</strong></span> <span class='ocrx_word' id='word_1_725' title='bbox 3183 3228 3431 3295; x_wconf 89' lang='lat' dir='ltr'><strong>pietatem</strong></span> <span class='ocrx_word' id='word_1_726' title='bbox 3478 3230 3747 3286; x_wconf 75' lang='lat' dir='ltr'><strong>habentur</strong></span> <span class='ocrx_word' id='word_1_727' title='bbox 3771 3236 3917 3300; x_wconf 80' lang='lat' dir='ltr'><strong>odio,</strong></span> 
     </span>
    </p>
   </div>
   <div class='ocr_carea' id='block_1_94' title="bbox 2328 3309 3917 3389">
    <p class='ocr_par' dir='ltr' id='par_1_94' title="bbox 2328 3309 3917 3389">
     <span class='ocr_line' id='line_1_94' title="bbox 2328 3309 3917 3389; baseline 0.009 -27"><span class='ocrx_word' id='word_1_728' title='bbox 2328 3309 2611 3379; x_wconf 87' lang='lat' dir='ltr'><strong>ejiciuntnr</strong></span> <span class='ocrx_word' id='word_1_729' title='bbox 2635 3326 2664 3365; x_wconf 92' lang='lat' dir='ltr'><strong>e</strong></span> <span class='ocrx_word' id='word_1_730' title='bbox 2688 3315 2920 3389; x_wconf 87' lang='lat' dir='ltr'><strong>paternis</strong></span> <span class='ocrx_word' id='word_1_731' title='bbox 2939 3315 3164 3381; x_wconf 62' lang='lat' dir='ltr'><strong>sedibus,</strong></span> <span class='ocrx_word' id='word_1_732' title='bbox 3198 3333 3294 3371; x_wconf 90' lang='lat' dir='ltr'><strong>nec</strong></span> <span class='ocrx_word' id='word_1_733' title='bbox 3325 3319 3387 3372; x_wconf 89' lang='lat' dir='ltr'><strong>ad</strong></span> <span class='ocrx_word' id='word_1_734' title='bbox 3412 3321 3698 3389; x_wconf 81' lang='lat' dir='ltr'><strong>quidquam</strong></span> <span class='ocrx_word' id='word_1_735' title='bbox 3725 3322 3917 3377; x_wconf 84' lang='lat' dir='ltr'><strong>horum</strong></span> 
     </span>
    </p>
   </div>
   <div class='ocr_carea' id='block_1_95' title="bbox 2328 3388 3916 3478">
    <p class='ocr_par' dir='ltr' id='par_1_95' title="bbox 2328 3388 3916 3478">
     <span class='ocr_line' id='line_1_95' title="bbox 2328 3388 3916 3478; baseline 0.009 -25"><span class='ocrx_word' id='word_1_736' title='bbox 2328 3409 2686 3467; x_wconf 89' lang='lat' dir='ltr'><strong>revertuntur,</strong></span> <span class='ocrx_word' id='word_1_737' title='bbox 2711 3388 2922 3458; x_wconf 84' lang='lat' dir='ltr'><strong>abunde</strong></span> <span class='ocrx_word' id='word_1_738' title='bbox 2950 3421 3197 3474; x_wconf 89' lang='lat' dir='ltr'><strong>magnum</strong></span> <span class='ocrx_word' id='word_1_739' title='bbox 3221 3409 3465 3462; x_wconf 88' lang='lat' dir='ltr'><strong>solatium</strong></span> <span class='ocrx_word' id='word_1_740' title='bbox 3489 3388 3609 3464; x_wconf 81' lang='lat' dir='ltr'><strong>esse</strong></span> <span class='ocrx_word' id='word_1_741' title='bbox 3632 3411 3916 3478; x_wconf 76' lang='lat' dir='ltr'><strong>ducentes,</strong></span> 
     </span>
    </p>
   </div>
   <div class='ocr_carea' id='block_1_96' title="bbox 2324 3490 3916 3570">
    <p class='ocr_par' dir='ltr' id='par_1_96' title="bbox 2324 3490 3916 3570">
     <span class='ocr_line' id='line_1_96' title="bbox 2324 3490 3916 3570; baseline 0.01 -29"><span class='ocrx_word' id='word_1_742' title='bbox 2324 3490 2464 3559; x_wconf 90' lang='lat' dir='ltr'><strong>quod</strong></span> <span class='ocrx_word' id='word_1_743' title='bbox 2496 3490 2610 3545; x_wconf 65' lang='lat' dir='ltr'><strong>haec</strong></span> <span class='ocrx_word' id='word_1_744' title='bbox 2639 3504 2855 3562; x_wconf 85' lang='lat' dir='ltr'><strong>propter</strong></span> <span class='ocrx_word' id='word_1_745' title='bbox 2896 3494 3165 3549; x_wconf 84' lang='lat' dir='ltr'><strong>Christum</strong></span> <span class='ocrx_word' id='word_1_746' title='bbox 3218 3500 3600 3567; x_wconf 85' lang='lat' dir='ltr'><strong>perpetiantur.</strong></span> <span class='ocrx_word' id='word_1_747' title='bbox 3638 3502 3732 3555; x_wconf 85' lang='lat' dir='ltr'><strong>Dic</strong></span> <span class='ocrx_word' id='word_1_748' title='bbox 3763 3504 3916 3570; x_wconf 87' lang='lat' dir='ltr'><strong>milii,</strong></span> 
     </span>
    </p>
   </div>
   <div class='ocr_carea' id='block_1_97' title="bbox 2324 3582 3919 3665">
    <p class='ocr_par' dir='ltr' id='par_1_97' title="bbox 2324 3582 3919 3665">
     <span class='ocr_line' id='line_1_97' title="bbox 2324 3582 3919 3665; baseline 0.011 -31"><span class='ocrx_word' id='word_1_749' title='bbox 2324 3583 2443 3650; x_wconf 91' lang='lat' dir='ltr'><strong>quis</strong></span> <span class='ocrx_word' id='word_1_750' title='bbox 2489 3582 2603 3637; x_wconf 75' lang='lat' dir='ltr'><strong>hcce</strong></span> <span class='ocrx_word' id='word_1_751' title='bbox 2644 3601 2892 3654; x_wconf 85' lang='lat' dir='ltr'><strong>umquam</strong></span> <span class='ocrx_word' id='word_1_752' title='bbox 2942 3589 3112 3655; x_wconf 86' lang='lat' dir='ltr'><strong>potuit</strong></span> <span class='ocrx_word' id='word_1_753' title='bbox 3142 3589 3281 3641; x_wconf 90' lang='lat' dir='ltr'><strong>inter</strong></span> <span class='ocrx_word' id='word_1_754' title='bbox 3315 3589 3599 3644; x_wconf 77' lang='lat' dir='ltr'><strong>homines?</strong></span> <span class='ocrx_word' id='word_1_755' title='bbox 3631 3593 3728 3647; x_wconf 91' lang='lat' dir='ltr'><strong>llic</strong></span> <span class='ocrx_word' id='word_1_756' title='bbox 3759 3596 3919 3665; x_wconf 85' lang='lat' dir='ltr'><strong>igitur</strong></span> 
     </span>
    </p>
   </div>
   <div class='ocr_carea' id='block_1_98' title="bbox 2325 3674 3917 3751">
    <p class='ocr_par' dir='ltr' id='par_1_98' title="bbox 2325 3674 3917 3751">
     <span class='ocr_line' id='line_1_98' title="bbox 2325 3674 3917 3751; baseline 0.009 -25"><span class='ocrx_word' id='word_1_757' title='bbox 2325 3674 2439 3728; x_wconf 73' lang='lat' dir='ltr'><strong>hinc</strong></span> <span class='ocrx_word' id='word_1_758' title='bbox 2469 3676 2644 3729; x_wconf 90' lang='lat' dir='ltr'><strong>omnia</strong></span> <span class='ocrx_word' id='word_1_759' title='bbox 2679 3677 2942 3745; x_wconf 63' lang='lat' dir='ltr'><strong>pra-dixit,</strong></span> <span class='ocrx_word' id='word_1_760' title='bbox 2974 3678 3041 3732; x_wconf 90' lang='lat' dir='ltr'><strong>de</strong></span> <span class='ocrx_word' id='word_1_761' title='bbox 3072 3680 3295 3734; x_wconf 88' lang='lat' dir='ltr'><strong>muliere</strong></span> <span class='ocrx_word' id='word_1_762' title='bbox 3319 3681 3429 3746; x_wconf 90' lang='lat' dir='ltr'><strong>illa,</strong></span> <span class='ocrx_word' id='word_1_763' title='bbox 3463 3681 3531 3735; x_wconf 90' lang='lat' dir='ltr'><strong>de</strong></span> <span class='ocrx_word' id='word_1_764' title='bbox 3559 3682 3823 3751; x_wconf 80' lang='lat' dir='ltr'><strong>Ecclesia,</strong></span> <span class='ocrx_word' id='word_1_765' title='bbox 3851 3686 3917 3741; x_wconf 88' lang='lat' dir='ltr'><strong>de</strong></span> 
     </span>
    </p>
   </div>
   <div class='ocr_carea' id='block_1_99' title="bbox 2323 3764 3912 3839">
    <p class='ocr_par' dir='ltr' id='par_1_99' title="bbox 2323 3764 3912 3839">
     <span class='ocr_line' id='line_1_99' title="bbox 2323 3764 3912 3839; baseline 0.008 -21"><span class='ocrx_word' id='word_1_766' title='bbox 2323 3764 2463 3819; x_wconf 87' lang='lat' dir='ltr'><strong>bello</strong></span> <span class='ocrx_word' id='word_1_767' title='bbox 2492 3764 2593 3819; x_wconf 91' lang='lat' dir='ltr'><strong>hoc</strong></span> <span class='ocrx_word' id='word_1_768' title='bbox 2638 3783 2652 3819; x_wconf 88' lang='lat'>:</span> <span class='ocrx_word' id='word_1_769' title='bbox 2696 3767 2834 3820; x_wconf 87' lang='lat' dir='ltr'><strong>idem</strong></span> <span class='ocrx_word' id='word_1_770' title='bbox 2882 3769 3123 3835; x_wconf 68' lang='lat' dir='ltr'><strong>praedixit</strong></span> <span class='ocrx_word' id='word_1_771' title='bbox 3148 3772 3399 3839; x_wconf 89' lang='lat' dir='ltr'><strong>templum</strong></span> <span class='ocrx_word' id='word_1_772' title='bbox 3432 3773 3717 3839; x_wconf 90' lang='lat' dir='ltr'><strong>ruiturum,</strong></span> <span class='ocrx_word' id='word_1_773' title='bbox 3754 3774 3912 3829; x_wconf 80' lang='lat' dir='ltr'><strong>Jeru-</strong></span> 
     </span>
    </p>
   </div>
   <div class='ocr_carea' id='block_1_100' title="bbox 2322 3857 3914 3937">
    <p class='ocr_par' dir='ltr' id='par_1_100' title="bbox 2322 3857 3914 3937">
     <span class='ocr_line' id='line_1_100' title="bbox 2322 3857 3914 3937; baseline 0.008 -27"><span class='ocrx_word' id='word_1_774' title='bbox 2322 3857 2581 3926; x_wconf 84' lang='lat' dir='ltr'><strong>solyinam</strong></span> <span class='ocrx_word' id='word_1_775' title='bbox 2614 3870 2827 3927; x_wconf 87' lang='lat' dir='ltr'><strong>captum</strong></span> <span class='ocrx_word' id='word_1_776' title='bbox 2875 3861 2958 3923; x_wconf 90' lang='lat' dir='ltr'><strong>iri,</strong></span> <span class='ocrx_word' id='word_1_777' title='bbox 2993 3875 3218 3930; x_wconf 90' lang='lat' dir='ltr'><strong>eamque</strong></span> <span class='ocrx_word' id='word_1_778' title='bbox 3249 3864 3513 3919; x_wconf 81' lang='lat' dir='ltr'><strong>civitatem</strong></span> <span class='ocrx_word' id='word_1_779' title='bbox 3550 3881 3653 3919; x_wconf 90' lang='lat' dir='ltr'><strong>non</strong></span> <span class='ocrx_word' id='word_1_780' title='bbox 3683 3870 3914 3937; x_wconf 86' lang='lat' dir='ltr'><strong>amplius</strong></span> 
     </span>
    </p>
   </div>
   <div class='ocr_carea' id='block_1_101' title="bbox 2321 3948 3911 4031">
    <p class='ocr_par' dir='ltr' id='par_1_101' title="bbox 2321 3948 3911 4031">
     <span class='ocr_line' id='line_1_101' title="bbox 2321 3948 3911 4031; baseline 0.01 -31"><span class='ocrx_word' id='word_1_781' title='bbox 2321 3948 2433 4002; x_wconf 85' lang='lat' dir='ltr'><strong>lore</strong></span> <span class='ocrx_word' id='word_1_782' title='bbox 2482 3950 2745 4004; x_wconf 87' lang='lat' dir='ltr'><strong>civitatem</strong></span> <span class='ocrx_word' id='word_1_783' title='bbox 2794 3952 3120 4020; x_wconf 73' lang='lat' dir='ltr'><strong>Judieorum,</strong></span> <span class='ocrx_word' id='word_1_784' title='bbox 3179 3966 3235 4007; x_wconf 94' lang='lat' dir='ltr'><strong>ut</strong></span> <span class='ocrx_word' id='word_1_785' title='bbox 3284 3966 3437 4009; x_wconf 89' lang='lat' dir='ltr'><strong>antea</strong></span> <span class='ocrx_word' id='word_1_786' title='bbox 3481 3957 3591 4029; x_wconf 88' lang='lat' dir='ltr'><strong>(Id.</strong></span> <span class='ocrx_word' id='word_1_787' title='bbox 3644 3960 3759 4031; x_wconf 62' lang='lat'><strong>24).</strong></span> <span class='ocrx_word' id='word_1_788' title='bbox 3806 3962 3911 4016; x_wconf 82' lang='lat' dir='ltr'><strong>Ita-</strong></span> 
     </span>
    </p>
   </div>
   <div class='ocr_carea' id='block_1_102' title="bbox 2320 4042 3911 4120">
    <p class='ocr_par' dir='ltr' id='par_1_102' title="bbox 2320 4042 3911 4120">
     <span class='ocr_line' id='line_1_102' title="bbox 2320 4042 3911 4120; baseline 0.009 -28"><span class='ocrx_word' id='word_1_789' title='bbox 2320 4056 2423 4109; x_wconf 89' lang='lat' dir='ltr'><strong>que</strong></span> <span class='ocrx_word' id='word_1_790' title='bbox 2446 4042 2487 4094; x_wconf 90' lang='lat' dir='ltr'><strong>si</strong></span> <span class='ocrx_word' id='word_1_791' title='bbox 2510 4042 2759 4095; x_wconf 87' lang='lat' dir='ltr'><strong>inentitus</strong></span> <span class='ocrx_word' id='word_1_792' title='bbox 2784 4053 2865 4097; x_wconf 89' lang='lat' dir='ltr'><strong>est</strong></span> <span class='ocrx_word' id='word_1_793' title='bbox 2883 4044 2965 4096; x_wconf 90' lang='lat' dir='ltr'><strong>illa</strong></span> <span class='ocrx_word' id='word_1_794' title='bbox 2986 4046 3183 4107; x_wconf 87' lang='lat' dir='ltr'><strong>omnia,</strong></span> <span class='ocrx_word' id='word_1_795' title='bbox 3206 4061 3304 4099; x_wconf 89' lang='lat' dir='ltr'><strong>nec</strong></span> <span class='ocrx_word' id='word_1_796' title='bbox 3324 4061 3616 4101; x_wconf 85' lang='lat' dir='ltr'><strong>evenerunt</strong></span> <span class='ocrx_word' id='word_1_797' title='bbox 3636 4068 3755 4119; x_wconf 75' lang='lat' dir='ltr'><strong>quze</strong></span> <span class='ocrx_word' id='word_1_798' title='bbox 3773 4068 3911 4120; x_wconf 70' lang='lat' dir='ltr'><strong>prte-</strong></span> 
     </span>
    </p>
   </div>
   <div class='ocr_carea' id='block_1_103' title="bbox 2317 4131 3910 4205">
    <p class='ocr_par' dir='ltr' id='par_1_103' title="bbox 2317 4131 3910 4205">
     <span class='ocr_line' id='line_1_103' title="bbox 2317 4131 3910 4205; baseline 0.009 -21"><span class='ocrx_word' id='word_1_799' title='bbox 2317 4131 2470 4197; x_wconf 86' lang='lat' dir='ltr'><strong>dixit,</strong></span> <span class='ocrx_word' id='word_1_800' title='bbox 2522 4134 2602 4186; x_wconf 91' lang='lat' dir='ltr'><strong>his</strong></span> <span class='ocrx_word' id='word_1_801' title='bbox 2652 4135 2809 4187; x_wconf 84' lang='lat' dir='ltr'><strong>tidem</strong></span> <span class='ocrx_word' id='word_1_802' title='bbox 2840 4151 2994 4205; x_wconf 85' lang='lat' dir='ltr'><strong>nega.</strong></span> <span class='ocrx_word' id='word_1_803' title='bbox 3028 4137 3175 4201; x_wconf 88' lang='lat' dir='ltr'><strong>Quod</strong></span> <span class='ocrx_word' id='word_1_804' title='bbox 3208 4139 3249 4189; x_wconf 90' lang='lat' dir='ltr'><strong>si</strong></span> <span class='ocrx_word' id='word_1_805' title='bbox 3292 4139 3439 4191; x_wconf 89' lang='lat' dir='ltr'><strong>vides</strong></span> <span class='ocrx_word' id='word_1_806' title='bbox 3478 4141 3565 4193; x_wconf 85' lang='lat' dir='ltr'><strong>illa</strong></span> <span class='ocrx_word' id='word_1_807' title='bbox 3609 4142 3910 4199; x_wconf 67' lang='lat' dir='ltr'><strong>clarissime</strong></span> 
     </span>
    </p>
   </div>
   <div class='ocr_carea' id='block_1_104' title="bbox 2317 4226 3907 4302">
    <p class='ocr_par' dir='ltr' id='par_1_104' title="bbox 2317 4226 3907 4302">
     <span class='ocr_line' id='line_1_104' title="bbox 2317 4226 3907 4302; baseline 0.006 -24"><span class='ocrx_word' id='word_1_808' title='bbox 2317 4226 2578 4291; x_wconf 66' lang='lat' dir='ltr'><strong>evenisse,</strong></span> <span class='ocrx_word' id='word_1_809' title='bbox 2614 4227 2774 4295; x_wconf 89' lang='lat' dir='ltr'><strong>inque</strong></span> <span class='ocrx_word' id='word_1_810' title='bbox 2804 4227 2917 4281; x_wconf 92' lang='lat' dir='ltr'><strong>dies</strong></span> <span class='ocrx_word' id='word_1_811' title='bbox 2948 4228 3185 4296; x_wconf 82' lang='lat' dir='ltr'><strong>singulos</strong></span> <span class='ocrx_word' id='word_1_812' title='bbox 3229 4244 3537 4298; x_wconf 82' lang='lat' dir='ltr'><strong>augescere,</strong></span> <span class='ocrx_word' id='word_1_813' title='bbox 3571 4249 3746 4302; x_wconf 88' lang='lat' dir='ltr'><strong>neque</strong></span> <span class='ocrx_word' id='word_1_814' title='bbox 3777 4234 3907 4289; x_wconf 80' lang='lat' dir='ltr'><strong>inle-</strong></span> 
     </span>
    </p>
   </div>
   <div class='ocr_carea' id='block_1_105' title="bbox 2316 4317 3906 4389">
    <p class='ocr_par' dir='ltr' id='par_1_105' title="bbox 2316 4317 3906 4389">
     <span class='ocr_line' id='line_1_105' title="bbox 2316 4317 3906 4389; baseline 0.008 -21"><span class='ocrx_word' id='word_1_815' title='bbox 2316 4330 2493 4369; x_wconf 84' lang='lat' dir='ltr'><strong>rnrum</strong></span> <span class='ocrx_word' id='word_1_816' title='bbox 2524 4326 2703 4385; x_wconf 84' lang='lat' dir='ltr'><strong>portas</strong></span> <span class='ocrx_word' id='word_1_817' title='bbox 2731 4317 2985 4371; x_wconf 89' lang='lat' dir='ltr'><strong>adversus</strong></span> <span class='ocrx_word' id='word_1_818' title='bbox 3014 4319 3305 4373; x_wconf 88' lang='lat' dir='ltr'><strong>Ecclesiam</strong></span> <span class='ocrx_word' id='word_1_819' title='bbox 3331 4322 3650 4389; x_wconf 66' lang='lat' dir='ltr'><strong>praevalere;</strong></span> <span class='ocrx_word' id='word_1_820' title='bbox 3680 4327 3725 4378; x_wconf 91' lang='lat' dir='ltr'><strong>si</strong></span> <span class='ocrx_word' id='word_1_821' title='bbox 3759 4328 3906 4381; x_wconf 84' lang='lat' dir='ltr'><strong>vides</strong></span> 
     </span>
    </p>
   </div>
   <div class='ocr_carea' id='block_1_106' title="bbox 2313 4408 3903 4489">
    <p class='ocr_par' dir='ltr' id='par_1_106' title="bbox 2313 4408 3903 4489">
     <span class='ocr_line' id='line_1_106' title="bbox 2313 4408 3903 4489; baseline 0.007 -27"><span class='ocrx_word' id='word_1_822' title='bbox 2313 4408 2455 4477; x_wconf 91' lang='lat' dir='ltr'><strong>quod</strong></span> <span class='ocrx_word' id='word_1_823' title='bbox 2501 4411 2688 4463; x_wconf 90' lang='lat' dir='ltr'><strong>mulier</strong></span> <span class='ocrx_word' id='word_1_824' title='bbox 2719 4411 2802 4462; x_wconf 88' lang='lat' dir='ltr'><strong>illa</strong></span> <span class='ocrx_word' id='word_1_825' title='bbox 2844 4410 2989 4476; x_wconf 80' lang='lat' dir='ltr'><strong>fecit,</strong></span> <span class='ocrx_word' id='word_1_826' title='bbox 3038 4413 3315 4480; x_wconf 70' lang='lat' dir='ltr'><strong>prmdicari</strong></span> <span class='ocrx_word' id='word_1_827' title='bbox 3346 4424 3493 4468; x_wconf 90' lang='lat' dir='ltr'><strong>tanto</strong></span> <span class='ocrx_word' id='word_1_828' title='bbox 3517 4415 3903 4489; x_wconf 72' lang='lat' dir='ltr'><strong>jamteinpnre</strong></span> 
     </span>
    </p>
   </div>
   <div class='ocr_carea' id='block_1_107' title="bbox 2315 4503 3898 4574">
    <p class='ocr_par' dir='ltr' id='par_1_107' title="bbox 2315 4503 3898 4574">
     <span class='ocr_line' id='line_1_107' title="bbox 2315 4503 3898 4574; baseline 0.005 -18"><span class='ocrx_word' id='word_1_829' title='bbox 2315 4517 2409 4571; x_wconf 88' lang='lat' dir='ltr'><strong>per</strong></span> <span class='ocrx_word' id='word_1_830' title='bbox 2441 4503 2743 4555; x_wconf 88' lang='lat' dir='ltr'><strong>universum</strong></span> <span class='ocrx_word' id='word_1_831' title='bbox 2791 4504 3005 4567; x_wconf 88' lang='lat' dir='ltr'><strong>orbem;</strong></span> <span class='ocrx_word' id='word_1_832' title='bbox 3039 4503 3080 4556; x_wconf 89' lang='lat' dir='ltr'><strong>si</strong></span> <span class='ocrx_word' id='word_1_833' title='bbox 3134 4503 3376 4557; x_wconf 79' lang='lat' dir='ltr'><strong>homines</strong></span> <span class='ocrx_word' id='word_1_834' title='bbox 3406 4506 3494 4574; x_wconf 89' lang='lat' dir='ltr'><strong>qui</strong></span> <span class='ocrx_word' id='word_1_835' title='bbox 3530 4508 3603 4561; x_wconf 92' lang='lat' dir='ltr'><strong>illi</strong></span> <span class='ocrx_word' id='word_1_836' title='bbox 3647 4510 3898 4564; x_wconf 73' lang='lat' dir='ltr'><strong>credide-</strong></span> 
     </span>
    </p>
   </div>
   <div class='ocr_carea' id='block_1_108' title="bbox 2313 4594 3901 4669">
    <p class='ocr_par' dir='ltr' id='par_1_108' title="bbox 2313 4594 3901 4669">
     <span class='ocr_line' id='line_1_108' title="bbox 2313 4594 3901 4669; baseline 0.005 -21"><span class='ocrx_word' id='word_1_837' title='bbox 2313 4605 2457 4658; x_wconf 89' lang='lat' dir='ltr'><strong>runt,</strong></span> <span class='ocrx_word' id='word_1_838' title='bbox 2485 4610 2607 4648; x_wconf 92' lang='lat' dir='ltr'><strong>eum</strong></span> <span class='ocrx_word' id='word_1_839' title='bbox 2641 4596 2804 4663; x_wconf 88' lang='lat' dir='ltr'><strong>pluris</strong></span> <span class='ocrx_word' id='word_1_840' title='bbox 2836 4594 3039 4648; x_wconf 84' lang='lat' dir='ltr'><strong>faciunt</strong></span> <span class='ocrx_word' id='word_1_841' title='bbox 3064 4612 3219 4665; x_wconf 89' lang='lat' dir='ltr'><strong>quam</strong></span> <span class='ocrx_word' id='word_1_842' title='bbox 3252 4604 3525 4666; x_wconf 85' lang='lat' dir='ltr'><strong>parentes,</strong></span> <span class='ocrx_word' id='word_1_843' title='bbox 3574 4615 3733 4669; x_wconf 87' lang='lat' dir='ltr'><strong>quam</strong></span> <span class='ocrx_word' id='word_1_844' title='bbox 3768 4617 3901 4657; x_wconf 85' lang='lat' dir='ltr'><strong>uxo-</strong></span> 
     </span>
    </p>
   </div>
   <div class='ocr_carea' id='block_1_109' title="bbox 2312 4689 3900 4760">
    <p class='ocr_par' dir='ltr' id='par_1_109' title="bbox 2312 4689 3900 4760">
     <span class='ocr_line' id='line_1_109' title="bbox 2312 4689 3900 4760; baseline 0.004 -18"><span class='ocrx_word' id='word_1_845' title='bbox 2312 4705 2417 4754; x_wconf 87' lang='lat' dir='ltr'><strong>res,</strong></span> <span class='ocrx_word' id='word_1_846' title='bbox 2448 4705 2606 4757; x_wconf 85' lang='lat' dir='ltr'><strong>quain</strong></span> <span class='ocrx_word' id='word_1_847' title='bbox 2638 4689 2833 4742; x_wconf 89' lang='lat' dir='ltr'><strong>liberos</strong></span> <span class='ocrx_word' id='word_1_848' title='bbox 2860 4706 2871 4740; x_wconf 89' lang='lat'><strong>:</strong></span> <span class='ocrx_word' id='word_1_849' title='bbox 2904 4703 3019 4754; x_wconf 89' lang='lat' dir='ltr'><strong>cur,</strong></span> <span class='ocrx_word' id='word_1_850' title='bbox 3054 4704 3257 4757; x_wconf 76' lang='lat' dir='ltr'><strong>quieso,</strong></span> <span class='ocrx_word' id='word_1_851' title='bbox 3290 4690 3411 4744; x_wconf 88' lang='lat' dir='ltr'><strong>huic</strong></span> <span class='ocrx_word' id='word_1_852' title='bbox 3442 4693 3531 4745; x_wconf 92' lang='lat' dir='ltr'><strong>uni</strong></span> <span class='ocrx_word' id='word_1_853' title='bbox 3565 4694 3900 4760; x_wconf 70' lang='lat' dir='ltr'><strong>przcdletioni</strong></span> 
     </span>
    </p>
   </div>
   <div class='ocr_carea' id='block_1_110' title="bbox 2315 4781 3903 4853">
    <p class='ocr_par' dir='ltr' id='par_1_110' title="bbox 2315 4781 3903 4853">
     <span class='ocr_line' id='line_1_110' title="bbox 2315 4781 3903 4853; baseline 0.004 -19"><span class='ocrx_word' id='word_1_854' title='bbox 2315 4781 2469 4835; x_wconf 87' lang='lat' dir='ltr'><strong>ﬁdem</strong></span> <span class='ocrx_word' id='word_1_855' title='bbox 2518 4797 2625 4834; x_wconf 70' lang='lat' dir='ltr'><strong>non</strong></span> <span class='ocrx_word' id='word_1_856' title='bbox 2680 4781 2939 4834; x_wconf 83' lang='lat' dir='ltr'><strong>adhibes?</strong></span> <span class='ocrx_word' id='word_1_857' title='bbox 2990 4784 3281 4849; x_wconf 60' lang='lat' dir='ltr'><strong>praesertim</strong></span> <span class='ocrx_word' id='word_1_858' title='bbox 3334 4798 3455 4837; x_wconf 90' lang='lat' dir='ltr'><strong>eum</strong></span> <span class='ocrx_word' id='word_1_859' title='bbox 3503 4800 3567 4837; x_wconf 88' lang='lat' dir='ltr'><strong>ex</strong></span> <span class='ocrx_word' id='word_1_860' title='bbox 3612 4786 3729 4853; x_wconf 61' lang='lat' dir='ltr'><strong>ipso</strong></span> <span class='ocrx_word' id='word_1_861' title='bbox 3768 4800 3903 4840; x_wconf 78' lang='lat' dir='ltr'><strong>tem-</strong></span> 
     </span>
    </p>
   </div>
   <div class='ocr_carea' id='block_1_111' title="bbox 2314 4872 3903 4946">
    <p class='ocr_par' dir='ltr' id='par_1_111' title="bbox 2314 4872 3903 4946">
     <span class='ocr_line' id='line_1_111' title="bbox 2314 4872 3903 4946; baseline 0.003 -21"><span class='ocrx_word' id='word_1_862' title='bbox 2314 4888 2440 4942; x_wconf 81' lang='lat' dir='ltr'><strong>pore</strong></span> <span class='ocrx_word' id='word_1_863' title='bbox 2497 4874 2853 4926; x_wconf 88' lang='lat' dir='ltr'><strong>testimonium</strong></span> <span class='ocrx_word' id='word_1_864' title='bbox 2910 4872 3049 4925; x_wconf 85' lang='lat' dir='ltr'><strong>illius</strong></span> <span class='ocrx_word' id='word_1_865' title='bbox 3102 4874 3369 4926; x_wconf 87' lang='lat' dir='ltr'><strong>silentium</strong></span> <span class='ocrx_word' id='word_1_866' title='bbox 3432 4875 3667 4944; x_wconf 83' lang='lat' dir='ltr'><strong>imponat</strong></span> <span class='ocrx_word' id='word_1_867' title='bbox 3724 4877 3903 4946; x_wconf 82' lang='lat' dir='ltr'><strong>impu-</strong></span> 
     </span>
    </p>
   </div>
   <div class='ocr_carea' id='block_1_112' title="bbox 2311 4964 3900 5033">
    <p class='ocr_par' dir='ltr' id='par_1_112' title="bbox 2311 4964 3900 5033">
     <span class='ocr_line' id='line_1_112' title="bbox 2311 4964 3900 5033; baseline 0.003 -14"><span class='ocrx_word' id='word_1_868' title='bbox 2311 4966 2502 5020; x_wconf 73' lang='lat' dir='ltr'><strong>dentiae</strong></span> <span class='ocrx_word' id='word_1_869' title='bbox 2535 4976 2655 5019; x_wconf 71' lang='lat' dir='ltr'><strong>tum.</strong></span> <span class='ocrx_word' id='word_1_870' title='bbox 2687 4966 2835 5031; x_wconf 90' lang='lat' dir='ltr'><strong>Quod</strong></span> <span class='ocrx_word' id='word_1_871' title='bbox 2867 4964 2910 5018; x_wconf 89' lang='lat' dir='ltr'><strong>si</strong></span> <span class='ocrx_word' id='word_1_872' title='bbox 2942 4974 3060 5033; x_wconf 73' lang='lat' dir='ltr'><strong>post</strong></span> <span class='ocrx_word' id='word_1_873' title='bbox 3106 4966 3369 5020; x_wconf 81' lang='lat' dir='ltr'><strong>excidium</strong></span> <span class='ocrx_word' id='word_1_874' title='bbox 3402 4968 3547 5021; x_wconf 89' lang='lat' dir='ltr'><strong>urbis</strong></span> <span class='ocrx_word' id='word_1_875' title='bbox 3577 4983 3683 5021; x_wconf 81' lang='lat' dir='ltr'><strong>non</strong></span> <span class='ocrx_word' id='word_1_876' title='bbox 3719 4978 3900 5025; x_wconf 46' lang='lat' dir='ltr'><strong>trans-</strong></span> 
     </span>
    </p>
   </div>
   <div class='ocr_carea' id='block_1_113' title="bbox 2312 5056 3907 5129">
    <p class='ocr_par' dir='ltr' id='par_1_113' title="bbox 2312 5056 3907 5129">
     <span class='ocr_line' id='line_1_113' title="bbox 2312 5056 3907 5129; baseline 0.003 -19"><span class='ocrx_word' id='word_1_877' title='bbox 2312 5058 2477 5111; x_wconf 80' lang='lat' dir='ltr'><strong>issent</strong></span> <span class='ocrx_word' id='word_1_878' title='bbox 2515 5057 2615 5110; x_wconf 90' lang='lat' dir='ltr'><strong>nisi</strong></span> <span class='ocrx_word' id='word_1_879' title='bbox 2663 5058 2848 5110; x_wconf 83' lang='lat' dir='ltr'><strong>decem</strong></span> <span class='ocrx_word' id='word_1_880' title='bbox 2880 5056 3024 5119; x_wconf 90' lang='lat' dir='ltr'><strong>anni,</strong></span> <span class='ocrx_word' id='word_1_881' title='bbox 3057 5067 3147 5110; x_wconf 91' lang='lat' dir='ltr'><strong>aut</strong></span> <span class='ocrx_word' id='word_1_882' title='bbox 3171 5057 3377 5127; x_wconf 85' lang='lat' dir='ltr'><strong>viginti,</strong></span> <span class='ocrx_word' id='word_1_883' title='bbox 3411 5067 3502 5111; x_wconf 88' lang='lat' dir='ltr'><strong>aut</strong></span> <span class='ocrx_word' id='word_1_884' title='bbox 3534 5059 3766 5129; x_wconf 83' lang='lat' dir='ltr'><strong>triginta,</strong></span> <span class='ocrx_word' id='word_1_885' title='bbox 3811 5073 3907 5115; x_wconf 82' lang='lat' dir='ltr'><strong>aut</strong></span> 
     </span>
    </p>
   </div>
   <div class='ocr_carea' id='block_1_114' title="bbox 2309 5148 3905 5221">
    <p class='ocr_par' dir='ltr' id='par_1_114' title="bbox 2309 5148 3905 5221">
     <span class='ocr_line' id='line_1_114' title="bbox 2309 5148 3905 5221; baseline 0.001 -22"><span class='ocrx_word' id='word_1_886' title='bbox 2309 5148 2684 5218; x_wconf 83' lang='lat' dir='ltr'><strong>quinquaginta</strong></span> <span class='ocrx_word' id='word_1_887' title='bbox 2714 5165 2725 5201; x_wconf 93' lang='lat'><strong>:</strong></span> <span class='ocrx_word' id='word_1_888' title='bbox 2759 5149 2975 5201; x_wconf 88' lang='lat' dir='ltr'><strong>minime</strong></span> <span class='ocrx_word' id='word_1_889' title='bbox 3006 5156 3179 5201; x_wconf 87' lang='lat' dir='ltr'><strong>tamen</strong></span> <span class='ocrx_word' id='word_1_890' title='bbox 3212 5149 3437 5203; x_wconf 82' lang='lat' dir='ltr'><strong>decebat</strong></span> <span class='ocrx_word' id='word_1_891' title='bbox 3466 5150 3548 5204; x_wconf 89' lang='lat' dir='ltr'><strong>vel</strong></span> <span class='ocrx_word' id='word_1_892' title='bbox 3577 5160 3687 5204; x_wconf 87' lang='lat' dir='ltr'><strong>tum</strong></span> <span class='ocrx_word' id='word_1_893' title='bbox 3728 5153 3905 5221; x_wconf 76' lang='lat' dir='ltr'><strong>impii.</strong></span> 
     </span>
    </p>
   </div>
   <div class='ocr_carea' id='block_1_115' title="bbox 2309 5238 3903 5310">
    <p class='ocr_par' dir='ltr' id='par_1_115' title="bbox 2309 5238 3903 5310">
     <span class='ocr_line' id='line_1_115' title="bbox 2309 5238 3903 5310; baseline 0.003 -17"><span class='ocrx_word' id='word_1_894' title='bbox 2309 5239 2497 5295; x_wconf 86' lang='lat' dir='ltr'><strong>denter</strong></span> <span class='ocrx_word' id='word_1_895' title='bbox 2542 5240 2836 5306; x_wconf 81' lang='lat' dir='ltr'><strong>obsistere,</strong></span> <span class='ocrx_word' id='word_1_896' title='bbox 2885 5238 3093 5293; x_wconf 89' lang='lat' dir='ltr'><strong>etiamsi</strong></span> <span class='ocrx_word' id='word_1_897' title='bbox 3142 5240 3326 5294; x_wconf 83' lang='lat' dir='ltr'><strong>fuisset</strong></span> <span class='ocrx_word' id='word_1_898' title='bbox 3369 5240 3546 5310; x_wconf 85' lang='lat' dir='ltr'><strong>aliqua</strong></span> <span class='ocrx_word' id='word_1_899' title='bbox 3601 5242 3903 5297; x_wconf 85' lang='lat' dir='ltr'><strong>reluctandi</strong></span> 
     </span>
    </p>
   </div>
   <div class='ocr_carea' id='block_1_116' title="bbox 2310 5330 3910 5401">
    <p class='ocr_par' dir='ltr' id='par_1_116' title="bbox 2310 5330 3910 5401">
     <span class='ocr_line' id='line_1_116' title="bbox 2310 5330 3910 5401; baseline 0.004 -18"><span class='ocrx_word' id='word_1_900' title='bbox 2310 5332 2550 5395; x_wconf 85' lang='lat' dir='ltr'><strong>occasio;</strong></span> <span class='ocrx_word' id='word_1_901' title='bbox 2604 5332 2713 5399; x_wconf 85' lang='lat' dir='ltr'><strong>jam</strong></span> <span class='ocrx_word' id='word_1_902' title='bbox 2742 5346 2886 5395; x_wconf 88' lang='lat' dir='ltr'><strong>vero,</strong></span> <span class='ocrx_word' id='word_1_903' title='bbox 2916 5330 2961 5384; x_wconf 86' lang='lat' dir='ltr'><strong>si</strong></span> <span class='ocrx_word' id='word_1_904' title='bbox 2990 5346 3094 5385; x_wconf 90' lang='lat' dir='ltr'><strong>non</strong></span> <span class='ocrx_word' id='word_1_905' title='bbox 3144 5331 3524 5401; x_wconf 75' lang='lat' dir='ltr'><strong>quinquaginta</strong></span> <span class='ocrx_word' id='word_1_906' title='bbox 3574 5341 3801 5398; x_wconf 79' lang='lat' dir='ltr'><strong>tantum,</strong></span> <span class='ocrx_word' id='word_1_907' title='bbox 3849 5346 3910 5390; x_wconf 82' lang='lat' dir='ltr'><strong>et</strong></span> 
     </span>
    </p>
   </div>
   <div class='ocr_carea' id='block_1_117' title="bbox 2309 5422 3907 5494">
    <p class='ocr_par' dir='ltr' id='par_1_117' title="bbox 2309 5422 3907 5494">
     <span class='ocr_line' id='line_1_117' title="bbox 2309 5422 3907 5494; baseline 0.003 -19"><span class='ocrx_word' id='word_1_908' title='bbox 2309 5432 2545 5488; x_wconf 86' lang='lat' dir='ltr'><strong>centum,</strong></span> <span class='ocrx_word' id='word_1_909' title='bbox 2596 5423 2701 5475; x_wconf 83' lang='lat' dir='ltr'><strong>imo</strong></span> <span class='ocrx_word' id='word_1_910' title='bbox 2751 5422 2830 5476; x_wconf 88' lang='lat' dir='ltr'><strong>bis</strong></span> <span class='ocrx_word' id='word_1_911' title='bbox 2862 5438 2924 5475; x_wconf 85' lang='lat' dir='ltr'><strong>ac</strong></span> <span class='ocrx_word' id='word_1_912' title='bbox 2956 5432 3034 5476; x_wconf 90' lang='lat' dir='ltr'><strong>ter</strong></span> <span class='ocrx_word' id='word_1_913' title='bbox 3062 5431 3265 5476; x_wconf 90' lang='lat' dir='ltr'><strong>tantum</strong></span> <span class='ocrx_word' id='word_1_914' title='bbox 3295 5434 3585 5490; x_wconf 79' lang='lat' dir='ltr'><strong>annorum;</strong></span> <span class='ocrx_word' id='word_1_915' title='bbox 3613 5425 3907 5494; x_wconf 80' lang='lat' dir='ltr'><strong>multoque</strong></span> 
     </span>
    </p>
   </div>
   <div class='ocr_carea' id='block_1_118' title="bbox 2308 5515 3905 5585">
    <p class='ocr_par' dir='ltr' id='par_1_118' title="bbox 2308 5515 3905 5585">
     <span class='ocr_line' id='line_1_118' title="bbox 2308 5515 3905 5585; baseline 0.004 -18"><span class='ocrx_word' id='word_1_916' title='bbox 2308 5515 2559 5585; x_wconf 89' lang='lat' dir='ltr'><strong>amplius,</strong></span> <span class='ocrx_word' id='word_1_917' title='bbox 2610 5515 2861 5583; x_wconf 69' lang='lat' dir='ltr'><strong>prieteriit</strong></span> <span class='ocrx_word' id='word_1_918' title='bbox 2893 5524 3010 5584; x_wconf 81' lang='lat' dir='ltr'><strong>post</strong></span> <span class='ocrx_word' id='word_1_919' title='bbox 3039 5516 3306 5570; x_wconf 82' lang='lat' dir='ltr'><strong>civitatem</strong></span> <span class='ocrx_word' id='word_1_920' title='bbox 3335 5526 3565 5584; x_wconf 83' lang='lat' dir='ltr'><strong>captam,</strong></span> <span class='ocrx_word' id='word_1_921' title='bbox 3622 5532 3722 5573; x_wconf 83' lang='lat' dir='ltr'><strong>nec</strong></span> <span class='ocrx_word' id='word_1_922' title='bbox 3754 5518 3905 5574; x_wconf 79' lang='lat' dir='ltr'><strong>inte-</strong></span> 
     </span>
    </p>
   </div>
   <div class='ocr_carea' id='block_1_119' title="bbox 2309 5605 3911 5681">
    <p class='ocr_par' dir='ltr' id='par_1_119' title="bbox 2309 5605 3911 5681">
     <span class='ocr_line' id='line_1_119' title="bbox 2309 5605 3911 5681; baseline 0.005 -24"><span class='ocrx_word' id='word_1_923' title='bbox 2309 5605 2406 5657; x_wconf 89' lang='lat' dir='ltr'><strong>rim</strong></span> <span class='ocrx_word' id='word_1_924' title='bbox 2436 5605 2599 5658; x_wconf 88' lang='lat' dir='ltr'><strong>ullum</strong></span> <span class='ocrx_word' id='word_1_925' title='bbox 2633 5606 2931 5673; x_wconf 85' lang='lat' dir='ltr'><strong>vestigium,</strong></span> <span class='ocrx_word' id='word_1_926' title='bbox 2963 5615 3055 5660; x_wconf 88' lang='lat' dir='ltr'><strong>aut</strong></span> <span class='ocrx_word' id='word_1_927' title='bbox 3082 5606 3268 5660; x_wconf 89' lang='lat' dir='ltr'><strong>umbra</strong></span> <span class='ocrx_word' id='word_1_928' title='bbox 3298 5610 3543 5677; x_wconf 86' lang='lat' dir='ltr'><strong>apparuit</strong></span> <span class='ocrx_word' id='word_1_929' title='bbox 3574 5608 3712 5677; x_wconf 85' lang='lat' dir='ltr'><strong>ejus,</strong></span> <span class='ocrx_word' id='word_1_930' title='bbox 3733 5627 3911 5681; x_wconf 77' lang='lat' dir='ltr'><strong>quam</strong></span> 
     </span>
    </p>
   </div>
   <div class='ocr_carea' id='block_1_120' title="bbox 2308 5697 3916 5775">
    <p class='ocr_par' dir='ltr' id='par_1_120' title="bbox 2308 5697 3916 5775">
     <span class='ocr_line' id='line_1_120' title="bbox 2308 5697 3916 5775; baseline 0.009 -26"><span class='ocrx_word' id='word_1_931' title='bbox 2308 5697 2659 5763; x_wconf 81' lang='lat' dir='ltr'><strong>exspectatis,</strong></span> <span class='ocrx_word' id='word_1_932' title='bbox 2710 5698 3016 5752; x_wconf 87' lang='lat' dir='ltr'><strong>mutationis</strong></span> <span class='ocrx_word' id='word_1_933' title='bbox 3060 5716 3074 5752; x_wconf 90' lang='lat'>:</span> <span class='ocrx_word' id='word_1_934' title='bbox 3127 5714 3224 5752; x_wconf 88' lang='lat' dir='ltr'><strong>cur</strong></span> <span class='ocrx_word' id='word_1_935' title='bbox 3276 5699 3471 5754; x_wconf 82' lang='lat' dir='ltr'><strong>frustra</strong></span> <span class='ocrx_word' id='word_1_936' title='bbox 3527 5701 3788 5775; x_wconf 76' lang='lat' dir='ltr'><strong>nullaque</strong></span> <span class='ocrx_word' id='word_1_937' title='bbox 3843 5708 3916 5763; x_wconf 87' lang='lat' dir='ltr'><strong>de</strong></span> 
     </span>
    </p>
   </div>
   <div class='ocr_carea' id='block_1_121' title="bbox 2307 5788 3275 5859">
    <p class='ocr_par' dir='ltr' id='par_1_121' title="bbox 2307 5788 3275 5859">
     <span class='ocr_line' id='line_1_121' title="bbox 2307 5788 3275 5859; baseline 0 -18"><span class='ocrx_word' id='word_1_938' title='bbox 2307 5802 2464 5842; x_wconf 83' lang='lat' dir='ltr'><strong>causa</strong></span> <span class='ocrx_word' id='word_1_939' title='bbox 2489 5788 2539 5839; x_wconf 90' lang='lat' dir='ltr'><strong>in</strong></span> <span class='ocrx_word' id='word_1_940' title='bbox 2573 5788 2893 5854; x_wconf 72' lang='lat' dir='ltr'><strong>impudentia</strong></span> <span class='ocrx_word' id='word_1_941' title='bbox 2923 5789 3275 5859; x_wconf 74' lang='lat' dir='ltr'><strong>perseveras?</strong></span> 
     </span>
    </p>
   </div>
  </div>
