4178 6324
279 368 388 425 889

351 478 403 532 4.
438 475 523 535 Es:
560 473 817 546 prophetis
842 460 1087 545 unus;
1104 472 1348 544 ternplunt
1375 488 1478 528 non
1495 470 1875 528 restituendum

278 586 405 623 esse.
426 597 499 609 —
520 567 649 623 llaec
686 565 818 622 satis
858 573 1013 622 erant
1053 565 1125 622 ad
1164 563 1641 622 demonstrandum
1688 562 1873 637 vobis,

277 675 572 731 numquam
603 658 717 714 fore
734 666 795 713 ut
815 658 1069 727 templum
1094 657 1429 719 restituatur.
1448 655 1644 721 Verum
1664 654 1879 725 quando

278 751 486 805 veritas
509 750 697 805 multis
715 748 890 803 modis
909 741 1197 807 exuberat.
1229 745 1406 807 missis
1443 745 1748 816 Evangeliis
1766 784 1783 809 ,
1810 743 1878 799 ad

280 843 576 912 prophetas
598 856 686 897 me
710 849 889 902 verto,
921 836 1114 911 quibus
1138 838 1370 895 maxime
1400 836 1647 892 videntur
1673 834 1876 890 fidere:

279 944 448 1004 atque
480 930 662 988 es'his
709 930 1311 1003 perspicuum-faciant,
1349 944 1528 999 neque
1570 928 1878 994 civitatem,

279 1040 461 1096 neque
476 1025 733 1094 templum
750 1037 1001 1092 umquam
1020 1021 1240 1092 posthac
1254 1018 1665 1075 restituendum.
1680 1017 1878 1086 Quam-

277 1131 444 1187 quam
475 1114 606 1170 nihil
635 1123 750 1170 erat
779 1113 909 1168 mus
948 1126 1174 1168 necesse
1200 1111 1573 1170 demonstrare
1599 1107 1741 1178 quod
1772 1120 1879 1161 non

281 1211 617 1265 restituetur.
657 1205 843 1277 Neque
878 1205 1035 1261 enim
1079 1218 1262 1271 mete,
1300 1203 1395 1258 sed
1444 1202 1656 1258 illorum
1703 1206 1880 1270 partes

278 1310 442 1357 crant
469 1300 685 1365 docere,
708 1297 853 1369 quod
875 1305 1021 1354 esset
1047 1294 1465 1351 restituendum.
1476 1293 1610 1349 Nam
1637 1307 1738 1362 ego
1764 1290 1882 1361 qui-

279 1392 409 1446 dem
436 1407 502 1446 es
534 1391 655 1460 ipso
678 1398 921 1460 tempore
948 1382 1242 1457 congruum
1274 1386 1449 1459 habeo
1481 1383 1877 1447 testimonium,

284 1482 421 1536 mihi
465 1478 970 1550 patrocinanszipsi
1008 1487 1218 1545 contra,
1267 1492 1389 1532 cum
1432 1492 1497 1532 ex
1541 1476 1669 1563 ipso
1700 1487 1881 1528 rerum

284 1579 489 1626 eventu
504 1570 843 1639 dejiciantur,
865 1583 964 1624 nec
983 1568 1274 1639 quidquam
1296 1582 1506 1634 eorum,
1524 1580 1649 1637 quas
1673 1566 1878 1628 dicunt,

280 1670 488 1731 queant
506 1660 897 1723 demonstrare,
925 1669 1101 1713 tamen
1124 1657 1255 1712 nihil
1272 1656 1415 1712 aliud
1437 1670 1593 1726 quam
1614 1661 1885 1710 ostentant

281 1767 431 1815 sese,
459 1767 581 1807 cum
612 1759 856 1822 oporteat
880 1751 1024 1820 ipsos
1052 1749 1412 1806 testimonium
1440 1746 1718 1804 exhibere.
1746 1745 1881 1802 Nam

284 1842 385 1895 illa
408 1857 526 1910 qua:
554 1841 677 1895 dico
705 1856 770 1895 es
800 1841 918 1910 ipso
946 1856 1123 1894 rerum
1164 1848 1357 1895 eventu
1379 1838 1550 1894 doceo
1577 1852 1697 1893 esse
1721 1851 1879 1892 vera:

283 1932 498 1987 corruit
524 1932 668 1986 enim
697 1930 906 1998 civitas,
950 1946 1051 1986 nec
1080 1940 1185 1985 tam
1211 1930 1374 2001 longo
1396 1929 1505 2000 jam
1533 1937 1773 2000 tempore
1797 1928 1882 1984 inn

284 2033 534 2080 staurata
571 2033 688 2090 est;
728 2032 918 2079 contra
963 2038 1083 2093 quae
1125 2022 1310 2078 dicunt
1353 2021 1463 2089 isti,
1506 2020 1664 2076 nudis
1707 2019 1887 2076 verbis

283 2117 557 2171 nituntur.
598 2114 757 2185 Atqui
800 2113 1066 2169 debebant
1112 2112 1212 2182 ipsi
1258 2111 1493 2178 docere,
1547 2111 1782 2166 futurum
1825 2117 1887 2166 ut

281 2206 479 2261 civitas
506 2220 693 2260 rursus
719 2204 1063 2258 instauretur.
1093 2201 1535 2273 Quandoquidem
1563 2202 1617 2256 in
1646 2200 1883 2257 forensi-

283 2298 393 2351 bus
416 2297 576 2352 etiam
594 2294 811 2365 iudieiis
835 2294 1077 2349 videmus
1103 2294 1182 2348 sic
1210 2292 1326 2347 fieri
1357 2291 1721 2360 probationes.
1750 2291 1885 2345 Nam

281 2387 501 2457 quoties
529 2386 668 2441 inter
695 2386 830 2440 ullos
855 2385 1030 2454 aliqua
1055 2384 1240 2439 Incidit
1263 2383 1651 2449 controversia,
1676 2392 1727 2438 et
1753 2382 1887 2437 alter

284 2476 660 2546 probationem
690 2476 892 2547 scripto
914 2474 1139 2547 profert,
1163 2474 1355 2530 deinde
1380 2476 1425 2530 is
1449 2474 1706 2529 adversus
1724 2487 1884 2543 quem

282 2566 503 2637 agitur,
556 2566 824 2621 inficiatur
864 2581 928 2621 ea
972 2581 1092 2635 quae
1137 2564 1730 2635 objiciuntur:cogitur
1772 2564 1888 2633 ipse

285 2668 478 2727 ptiSlea
510 2666 676 2713 testes
703 2667 759 2713 et
786 2658 921 2712 alias
946 2657 1138 2713 aﬂ‘erre
1161 2658 1531 2728 probationes,
1560 2655 1757 2727 quibus
1784 2654 1886 2709 do-

281 2760 412 2807 ceat
438 2768 544 2806 non
564 2765 686 2807 esse
701 2764 824 2807 vera
840 2765 961 2821 qua:
976 2750 1175 2819 scripto
1194 2752 1558 2815 continentur,
1579 2763 1683 2803 non
1705 2756 1887 2803 autem

283 2844 337 2897 is
364 2836 451 2912 qui
483 2842 740 2912 scriptum
772 2840 1043 2911 produxit.
1086 2838 1292 2894 Eodem
1336 2838 1499 2892 modo
1534 2837 1888 2892 conveniebat

283 2944 347 2989 et
390 2934 523 2988 istos
558 2933 645 2987 hic
686 2933 884 2996 facere,
938 2932 1198 3002 nobisque
1243 2932 1295 2984 in
1327 2930 1564 2985 medium
1593 2930 1886 3000 producere

284 3022 628 3095 prophetam,
650 3025 740 3091 qui
763 3022 1071 3093 praedixerit
1088 3021 1308 3076 omnino
1332 3020 1585 3085 futurum,
1617 3028 1675 3074 ut
1700 3020 1888 3075 civitas

284 3114 624 3167 restituatur.
643 3112 775 3167 Nam
802 3112 846 3167 si
870 3111 1152 3182 praesentis
1172 3110 1503 3180 captivitatis
1524 3110 1645 3165 finis
1664 3110 1887 3165 omnino

282 3205 502 3260 futurus
526 3212 689 3270 esset,
718 3189 939 3260 necesse
966 3203 1152 3269 fuisse,
1177 3211 1235 3257 ut
1254 3202 1532 3273 prephetae
1552 3201 1604 3257 id
1628 3217 1884 3273 praenun-

283 3295 523 3361 tiarent,
571 3295 745 3364 palam
784 3302 867 3349 est
912 3293 1196 3360 omnibus,
1244 3293 1333 3363 qui
1382 3292 1470 3348 vel
1509 3293 1684 3348 obiter
1720 3293 1887 3348 libros

285 3384 632 3456 prOpbeticos
670 3386 1025 3454 inspexerint.
1052 3384 1165 3439 Mos
1191 3386 1334 3439 enim
1362 3393 1475 3439 crat
1502 3384 1642 3454 apud
1671 3384 1887 3440 Judaios

282 3484 463 3539 vetus,
492 3486 550 3530 ut
578 3475 852 3545 prOphette
879 3474 1137 3529 divinitus
1164 3474 1329 3528 afﬂati
1375 3475 1728 3545 praedicerent
1758 3474 1881 3542 illis,

280 3582 409 3636 qua-
435 3568 798 3632 imminerent,
822 3582 915 3622 seu
940 3568 1098 3633 bona,
1132 3582 1227 3621 seu
1250 3566 1407 3620 mala.
1438 3566 1617 3633 Quare
1643 3576 1699 3622 et
1720 3582 1880 3637 quam

281 3658 363 3711 ob
390 3657 543 3712 rem?
577 3657 802 3727 Pmpter
838 3658 1099 3729 insignem
1144 3658 1358 3712 illorum
1407 3659 1804 3728 improbitatem
1832 3668 1887 3714 et

283 3750 673 3818 impudcntiam
700 3768 713 3803 :
737 3750 997 3820 siquidem
1026 3740 1582 3806 illieo'beneﬁciorum
1614 3751 1706 3806 Dei
1736 3752 1877 3807 obli-

281 3838 648 3900 viscebantur,
672 3853 843 3909 eaque
865 3854 984 3908 qum
1010 3839 1228 3905 fiebant,
1251 3840 1589 3895 daemonibus
1607 3841 1883 3897 adscribe-

283 3929 440 3994 bant,
469 3938 525 3982 et
552 3928 690 3983 bona
710 3928 825 3983 iliis
852 3929 1202 3998 imputabant.
1237 3931 1411 3985 Etiam
1438 3946 1598 3997 nunc,
1630 3946 1752 3985 cum
1780 3932 1884 3987 illis

280 4020 520 4087 egressis
544 4035 608 4074 ex
625 4019 869 4090 'tEgypto
897 4035 1044 4076 mare
1072 4022 1299 4076 scissum
1331 4019 1491 4089 esset,
1524 4023 1734 4094 aliaque
1761 4039 1887 4096 pro-

278 4107 431 4177 digia
472 4108 692 4173 fierent,
734 4109 885 4163 obliti
925 4111 1068 4183 quod
1097 4110 1214 4166 haec
1246 4123 1466 4168 auctore
1497 4114 1604 4169 Deo
1627 4129 1882 4185 gereren-

283 4209 399 4262 tur,
436 4199 503 4254 iis
543 4200 633 4269 qui
658 4200 745 4255 dii“
772 4216 879 4255 non
908 4209 1095 4270 erant,
1124 4203 1430 4260 tribuebant
1453 4221 1661 4275 eaqme
1687 4207 1886 4263 ﬂebant

278 4290 528 4345 dicentes
564 4291 761 4345 Aaroni
787 4310 799 4345 :
824 4291 935 4347 Fac
973 4294 1115 4348 nobis
1168 4293 1323 4363 deos,
1353 4297 1441 4366 qui
1469 4298 1755 4367 praecedant
1794 4316 1884 4353 nos

281 4381 484 4454 (Exod.
529 4382 619 4437 52.
669 4386 740 4455 1).
785 4384 1033 4440 Jeremiae
1080 4402 1292 4457 quoque
1338 4389 1885 4447 dicunt:Sermonem

277 4488 436 4540 quem
468 4472 699 4543 loquutus
740 4491 790 4528 es
823 4474 893 4528 ad
929 4491 1020 4529 nos
1046 4477 1100 4530 in
1131 4479 1334 4531 nomine
1369 4478 1609 4543 Domini,
1654 4497 1755 4535 non
1792 4499 1884 4536 au-

278 4564 483 4618 diemus
513 4581 575 4619 ea:
602 4575 669 4629 te,
687 4567 935 4636 quoniam.
953 4569 1195 4638 faciemus
1219 4572 1409 4633 omnia,
1432 4586 1546 4639 qua:
1567 4573 1884 4641 egredientur

278 4670 351 4707 ea:
378 4670 465 4707 ore
491 4664 662 4709 nostro
678 4671 698 4709 :
717 4664 772 4709 ut
796 4656 1092 4711 adoleamus
1117 4659 1307 4728 regina:
1335 4661 1467 4726 coeli,
1494 4670 1542 4715 et
1569 4660 1778 4716 libemus
1804 4663 1884 4716 illi

276 4745 547 4811 libamina,
571 4749 994 4818 quemadmodum
1014 4750 1225 4819 fecimus
1246 4760 1289 4805 et
1310 4768 1422 4816 nos,
1446 4762 1491 4807 et
1512 4762 1680 4823 patres
1701 4756 1879 4823 nostri,

279 4848 333 4890 et
364 4854 502 4908 reges
534 4841 697 4894 nostri
720 4851 767 4894 et
794 4842 1045 4911 principes
1065 4844 1224 4897 nostri
1246 4860 1265 4897 :
1285 4853 1332 4897 et
1347 4842 1525 4914 repleti
1540 4862 1712 4899 sumus
1729 4848 1885 4918 pani-

277 4934 398 4990 ιω,
427 4939 475 4982 et
502 4929 694 5000 fuimus
711 4931 951 5001 jucundi,
972 4942 1019 4986 et
1048 4933 1186 4987 mala
1211 4952 1313 4988 non
1342 4935 1557 4990 vidimus
1575 4947 1657 4990 :et
1682 4947 1883 5007 postea-

275 5033 441 5089 quam
473 5019 756 5074 destitimus
778 5021 982 5076 adolere
1005 5025 1193 5093 regina:
1217 5025 1350 5088 ca'li,
1389 5035 1436 5079 et
1461 5026 1620 5081 libare
1646 5027 1724 5080 illi
1748 5028 1882 5081 liba-

269 5110 459 5177 mina,
501 5111 736 5165 diminuti
764 5129 937 5167 sumus
967 5130 1138 5169 omnes
1182 5132 1307 5181 nos,
1348 5126 1397 5169 et
1435 5117 1610 5186 gladio
1650 5119 1882 5188 fameque

274 5202 559 5263 deferimus
598 5202 731 5273 (Jer.
767 5205 855 5259 44.
898 5205 984 5259 16.
1031 5204 1143 5277 18).
1188 5207 1416 5261 Proinde
1444 5224 1513 5262 ne
1539 5208 1664 5277 quid
1692 5224 1878 5264 eorum

272 5309 404 5363 qua:
433 5296 829 5363 contingerent,
872 5297 1174 5352 simulacris
1204 5298 1549 5367 imputarent,
1581 5301 1674 5355 sed
1706 5303 1880 5370 potius

272 5382 565 5439 crederent
604 5393 659 5440 et
688 5385 915 5441 ultiones
944 5397 998 5442 et
1044 5388 1303 5443 beneficia
1333 5390 1465 5458 ipsis
1494 5406 1523 5444 a
1554 5392 1666 5447 Deo
1713 5393 1877 5463 proﬁ-

270 5473 440 5541 cisci;
487 5474 604 5530 illas
651 5475 864 5546 quidem
904 5478 974 5533 ob
1010 5489 1268 5550 peccata,
1319 5479 1435 5536 lucc
1476 5497 1606 5538 vero
1649 5499 1743 5551 per
1785 5485 1877 5540 Dei

269 5564 685 5634 benignitatem,
719 5568 997 5638 prophetae
1025 5570 1284 5626 divinitus
1310 5570 1474 5627 afﬂati
1519 5574 1878 5642 prwdicebant

271 5654 388 5710 illis
416 5650 694 5711 eventura.
724 5659 897 5729 Atque
928 5667 984 5714 ut
1007 5661 1209 5717 certius
1233 5663 1401 5731 scias,
1442 5663 1579 5720 hanc
1603 5680 1725 5722 esse
1750 5682 1876 5722 cau-

268 5760 392 5806 sam
440 5746 833 5817 pra‘dictiunis,
878 5750 997 5807 vide
1033 5752 1159 5823 quid
1204 5753 1346 5810 dicat
1388 5755 1756 5839 vocalissimus
1785 5757 1873 5815 ille

1489 355 1855 415 ADVERSUS
1884 356 2193 415 JUDA'ZOS.
2237 357 2300 414 ν.

3468 368 3574 430 εσυ

1981 471 2143 529 Isaias
2190 474 2258 530 ad
2303 464 2561 546 populum
2612 464 2893 534 Iudaicum
2941 498 2956 536 :
2992 481 3112 537 Scio
3142 485 3298 555 quod’
3325 486 3483 540 durus
3514 504 3568 541 es

1982 574 2057 632 tu,
2086 575 2135 620 et
2161 568 2343 623 nervus
2366 571 2562 640 [arcus
2587 572 2758 627 csrrix
2799 580 2887 626 tua
2910 571 3061 645 (Isai.
3086 575 3178 630 48.
3202 574 3257 647 4)
3297 592 3313 631 :
3345 575 3454 644 hee
3469 587 3577 647 est,

1984 655 2289 713 inﬂexibilis
2314 675 2329 712 :
2352 657 2422 712 Et
2448 663 2594 731 frons
2618 670 2707 716 tua
2730 677 2885 729 terea,
2917 662 3022 719 hoc
3044 673 3127 723 est
3155 664 3462 736 impudens.
3488 665 3581 724 Sic
3630 653 3635 658 ’

1983 755 2038 802 et
2054 760 2154 802 nos
2173 745 2487 825 frequenter
2499 750 2739 807 solemus
2753 766 2849 808 eos
2865 753 2953 822 qui
2973 754 3218 810 nesciunt
3237 756 3577 825 erubescere,

1985 848 2411 911 χαλκοπροσώπους
2434 881 2449 906 ,
2500 842 2553 897 id
2581 852 2665 898 est
2685 886 2700 908 ,
2732 860 2928 900 tuream
2960 845 3219 905 habentes
3242 850 3453 917 faciem,
3478 870 3574 924 ap-

1985 929 2213 999 prllare.
2239 930 2308 984 Et
2345 933 2650 987 annumiaui
2689 934 2777 988 tibi
2820 952 2934 1007 qua
2965 946 3172 992 rentur-1
3215 950 3360 994 erant
3401 941 3453 994 in
3494 955 3564 1009 te,

1986 1021 2281 1100 priusquam
2304 1022 2484 1092 ﬁerent
2504 1038 2527 1080 .'
2549 1034 2683 1080 etea
2720 1035 2770 1080 te
2797 1028 2976 1083 audire
3003 1026 3120 1101 feci.
3154 1031 3581 1103 Deinde'pra‘di-

1984 1111 2180 1167 ctionis
2201 1126 2418 1168 causam
2457 1117 2773 1185 enuntians,
2804 1118 3015 1189 subjicit
3038 1137 3053 1175 :
3081 1119 3167 1175 Ne
3187 1122 3391 1193 quando
3414 1123 3585 1193 dicas,

1984 1202 2127 1257 idola
2144 1203 2273 1258 mihi
2291 1204 2538 1274 fecerunt,
2566 1216 2614 1260 et
2639 1209 2905 1277 sculptilia
2924 1212 3302 1286 conﬂatiliaque
3322 1230 3580 1288 praeceps:

1985 1300 2103 1346 runt
2132 1293 2279 1347 mihi.
2308 1297 2387 1350 Ac
2416 1311 2635 1364 rursus,
2663 1300 2934 1369 quoniam‘
2955 1303 3261 1371 pervicaces
3284 1305 3500 1376 quidam
3532 1317 3589 1365 et

1986 1382 2111 1435 elati
2140 1392 2544 1467 postferentum
2574 1387 2650 1441 rei
2673 1388 3013 1458 impudenter
3032 1393 3282 1463 agebant,
3302 1396 3588 1467 quasionon

1987 1471 2136 1541 prius
2161 1474 2438 1530 audissent
2460 1466 2776 1547 :pmpbette
2801 1494 2908 1535 non
2929 1482 3101 1537 solum
3126 1483 3304 1540 futura
3324 1466 3584 1556 praedice-

1988 1564 2120 1618 bant
2142 1604 2157 1629 ,
2192 1580 2382 1620 verum
2411 1568 2578 1623 etiam
2624 1578 2787 1627 testes
2829 1571 3153 1629 adhibebant
3189 1591 3377 1632 eorum
3400 1618 3417 1645 ,
3464 1592 3584 1648 quae

1986 1654 2328 1722 gerebantur.
2360 1656 2460 1714 ’Sic
2497 1660 2641 1713 enim
2668 1676 2853 1717 rursus
2896 1663 3134 1735 loquitur.
3175 1666 3317 1722 idem
3367 1668 3529 1726 Isaias
3563 1688 3584 1728 :

1990 1742 2072 1796 Da
2097 1744 2225 1798 mihi
2254 1754 2409 1802 testes
2433 1748 2568 1803 viros
2605 1749 2752 1806 bonae
2794 1753 2947 1821 fidei,
2996 1754 3174 1811 Uriam
3201 1768 3249 1812 et
3276 1758 3593 1817 Zachariam

1988 1833 2154 1903 ﬁlium
2201 1835 2471 1893 Barac/tite
2513 1841 2823 1897 sacerdotem
2876 1842 3006 1917 (Id.
3056 1846 3110 1901 8.
3159 1847 3262 1919 2).
3319 1849 3429 1905 Nec
3483 1852 3596 1909 hoc

1987 1934 2310 1996 contentus,
2362 1930 2415 1985 in
2463 1947 2605 1988 novo
2649 1934 2917 1991 volumine
2968 1937 3290 2008 descriptam
3340 1941 3590 2013 deposuit

1991 2017 2348 2089 prophetiam,
2372 2031 2426 2077 ut
2450 2032 2571 2092 post
2595 2036 2846 2081 eventum
2875 2029 3005 2098 ipsa
3032 2030 3202 2086 literae
3229 2043 3414 2089 contra
3446 2037 3593 2106 ipsos

1989 2108 2209 2166 Iudaeos
2256 2113 2621 2170 testimonium
2677 2115 2902 2185 ferrent,
2955 2121 3098 2191 quod
3152 2122 3337 2178 aﬂlatu
3386 2128 3607 2183 ca-lesti'

1990 2200 2162 2257 multo
2188 2210 2595 2275 antetempore
2641 2205 2830 2264 fuisset
2869 2209 2974 2266 illis
3014 2213 3356 2282 prtedictum.
3402 2218 3603 2290 quue

1991 2305 2097 2345 non
2123 2291 2297 2348 solum
2326 2290 2542 2364 scripsit
2571 2296 2679 2352 illis
2711 2298 2764 2352 in
2796 2300 3091 2369 volumine,
3124 2305 3219 2360 sed
3245 2305 3298 2361 in
3330 2324 3469 2363 novo
3498 2326 3591 2365 νου

1993 2381 2214 2449 lumine,
2244 2399 2350 2453 quo
2390 2395 2572 2454 posset
2618 2389 2670 2441 in
2714 2390 2939 2445 multum
2971 2392 3166 2449 durare
3210 2405 3457 2466 tempus,
3491 2416 3593 2457 nec
3674 2404 3681 2409 ⁷

1990 2469 2147 2525 facile
2167 2475 2463 2544 corrumpi,
2496 2476 2591 2531 sed
2616 2490 2933 2548 exspectare
2959 2495 3208 2561 eventum
3240 2502 3441 2557 rerum,
3472 2507 3601 2561 quae

1992 2560 2062 2615 ibi
2091 2563 2528 2620 continebantur.
2548 2568 2709 2624 Certe
2739 2585 2925 2627 verum
2951 2554 3244 2647 esse‘quod
3269 2580 3411 2648 dico,
3428 2554 3590 2639 vide-

1991 2651 2115 2707 licet
2138 2653 2304 2709 Deum
2331 2656 2437 2712 illis
2463 2661 2645 2715 omnia
2672 2672 2894 2718 ventura
2917 2667 3252 2737 praedixisse,
3274 2688 3380 2727 non
3402 2686 3476 2729 ex
3507 2676 3591 2733 his

1992 2752 2197 2798 tantum
2218 2787 2234 2813 ,
2279 2761 2464 2803 verum
2495 2760 2550 2805 et
2577 2766 2645 2806 ex
2674 2753 2803 2823 ipsis
2850 2772 2969 2826 qua:
3000 2758 3105 2814 illis
3134 2763 3447 2835 acciderunt
3477 2775 3592 2824 tum

1990 2834 2153 2900 bona,
2185 2848 2296 2893 tum
2328 2840 2490 2908 mala,
2521 2842 2924 2903 demonstrabo.

2060 2927 2113 2981 5.
2146 2927 2266 2984 Tres
2289 2931 2593 2988 Judteorum
2615 2938 2893 2993 servitutes.
2915 2942 3133 2999 -—-Tres
3159 2947 3447 3004 servitutes
3469 2965 3592 3021 grav

1990 3016 2237 3073 vissimas
2264 3023 2594 3089 pertulerunt
2616 3026 2809 3095 Judaei,
2833 3046 2901 3099 qu
2924 3049 3056 3087 'rum
3088 3037 3289 3091 nullam
3314 3039 3456 3096 Dens
3473 3016 3605 3098 illis.

1989 3105 2213 3178 ingessit
2241 3126 2346 3165 non
2374 3114 2701 3184 przedictam,
2732 3119 2827 3176 sed
2855 3138 3282 3197 unamquamque
3314 3131 3418 3186 illis
3453 3150 3591 3201 prte-

1990 3200 2270 3257 dicendam
2297 3207 2521 3273 curavit,
2549 3220 2601 3264 et
2631 3210 2830 3280 locum,
2861 3225 2915 3268 et
2943 3224 3170 3287 tempus,
3201 3230 3253 3274 ct
3284 3200 3593 3293 personam,

1989 3301 2044 3345 et
2086 3292 2391 3351 afﬂictionis
2429 3300 2664 3367 speciem
2692 3342 2708 3367 ,
2751 3312 2805 3358 et
2854 3305 3107 3373 reditum,
3151 3310 3359 3380 aliaque
3401 3326 3591 3371 cuncta

1990 3400 2198 3442 summa
2237 3404 2359 3444 cum
2403 3390 2679 3463 diligentia
2721 3399 3114 3466 praenuncians.
3152 3402 3233 3457 Ae
3273 3405 3447 3474 primo
3474 3407 3594 3463 loco

1992 3479 2389 3546 praedictionem
2418 3481 2735 3542 referam'de
2756 3491 3062 3557 captivitate
3087 3494 3140 3547 in
3168 3495 3425 3567 Afgypto.
3453 3499 3598 3556 Deus

1990 3569 2216 3639 loquens
2242 3572 2310 3627 ad
2338 3574 2607 3630 Abraham
2636 3578 2719 3633 his
2747 3580 2927 3637 verbis
2956 3583 3123 3639 utitur
3156 3604 3168 3639 :
3210 3586 3390 3642 Sciens
3430 3592 3592 3660 scias,

1988 3661 2124 3731 quod
2150 3680 2315 3719 semen
2343 3675 2483 3720 tuum
2509 3671 2829 3741 peregrinum
2849 3674 2942 3727 erit
2962 3675 3014 3728 in
3040 3684 3174 3730 terra
3202 3694 3303 3733 non
3324 3696 3436 3742 sua,
3465 3692 3514 3737 et
3538 3682 3601 3737 in.

1989 3754 2276 3808 servitutem
2306 3758 2535 3828 redigent
2565 3771 2614 3814 et
2646 3764 2865 3835 aﬂiigent
2900 3766 3031 3821 illud
3067 3772 3215 3825 annis
3243 3773 3588 3845 quadringen-

1989 3845 2072 3898 tis.
2106 3844 2316 3901 Gentem
2344 3863 2511 3905 aulem
2529 3892 2545 3917 ,
2574 3855 2870 3926 cuicumque
2890 3860 3170 3928 servierint,
3202 3879 3293 3935 ego
3310 3866 3588 3936 judicabo,

1990 3935 2113 3989 dicit
2151 3936 2423 3995 Dominus.
2476 3942 2673 4007 Quarta
2706 3956 2875 4002 autem
2921 3954 3246 4020 generatione
3279 3935 3595 4013 revertentur»

1990 4028 2087 4081 huc
2114 4046 2232 4083 cum
2255 4042 2510 4101 apparatu
2533 4036 2739 4105 copioso
2770 4038 2921 4111 (Gen.
2958 4042 3044 4097 15.
3079 4045 3248 4100 i546
3274 4048 3311 4116 ).
3349 4048 3508 4105 Vides
3535 4061 3596 4107 ut

1990 4128 2045 4173 et
2097 4136 2380 4177 numerum
2432 4132 2696 4182 annorum
2747 4135 3115 4201 expresserit,
3165 4138 3587 4210 quadringentos

1989 4225 2158 4264 annos
2182 4222 2236 4267 et
2268 4218 2539 4271 servitutis
2575 4219 2791 4274 modum
2811 4263 2827 4289 ,
2857 4238 2977 4277 cum
3019 4242 3125 4280 non
3166 4230 3482 4298 simpliciter
3510 4235 3593 4288 in-

1990 4303 2135 4370 quit,
2178 4304 2230 4356 in
2261 4307 2545 4361 servitutem
2586 4310 2832 4379 redigent,
2860 4314 2954 4369 sed
2982 4316 3148 4382 addit,
3180 4320 3418 4390 affligant.
3453 4326 3591 4379 Audi

1989 4393 2257 4471 quomodo
2286 4396 2458 4451 Moses
2486 4400 2641 4467 paulo
2666 4412 2786 4470 post
2813 4415 3045 4473 exponat
3068 4408 3412 4466 afﬂictionem
3442 4431 3454 4467 :
3484 4413 3596 4469 Pa-

1990 4482 2101 4549 leas,
2133 4481 2322 4552 inquit,
2353 4503 2455 4540 non
2485 4489 2671 4543 dantur
2699 4494 2904 4563 famulis
2933 4497 3052 4564 tuis,
3081 4508 3129 4552 et
3143 4499 3325 4568 jubent
3351 4518 3441 4557 nos
3468 4505 3597 4560 late-

1990 4590 2067 4627 res
2097 4579 2262 4643 facere
2293 4576 2494 4649 (Exod.
2530 4581 2586 4637 5.
2620 4583 2727 4653 16)
2754 4602 2768 4638 :
2796 4590 2850 4639 et
2879 4587 3057 4657 ﬂagris
3085 4590 3433 4649 caedebantur
3453 4612 3592 4665 quo-

1993 4666 2116 4720 tidie
2141 4708 2155 4732 ,
2190 4677 2243 4721 ut
2276 4668 2542 4740 intelligas
2588 4674 2713 4743 quid
2744 4676 2844 4731 sibi
2876 4679 3036 4745 velit,
3068 4682 3121 4734 in
3150 4686 3440 4741 servitutem
3469 4691 3591 4743 red-

1988 4754 2125 4825 igent
2148 4766 2197 4810 et
2222 4760 2464 4829 affligant.
2497 4760 2706 4817 Gentem
2739 4776 2927 4835 autem,
2958 4770 3148 4839 inquit,
3177 4775 3263 4828 cui
3293 4778 3591 4847 servierint,

1988 4865 2078 4918 ego
2094 4851 2340 4921 judicubo
2369 4853 2537 4923 (Gen.
2570 4857 2656 4911 15.
2695 4857 2800 4929 M)
2836 4877 2848 4912 :
2880 4861 3186 4931 significans
3214 4865 3593 4938 Egyptiorum
3658 4902 3685 4911 ιν

1989 4938 2415 4997 submersionem
2456 4944 2508 4997 iu
2550 4946 2685 4999 mari
2726 4946 2940 5015 Rubro,
2972 4966 3132 5021 quam
3159 4954 3212 5008 in
3241 4959 3467 5014 canticis
3495 4960 3595 5015 de-

1988 5030 2228 5085 scribens
2258 5031 2431 5088 Moses
2446 5033 2529 5118 .sic
2544 5033 2778 5105 loquitur
2805 5054 2819 5091 :
2853 5037 3055 5110 Equum
3073 5054 3120 5097 et
3145 5061 3463 5103 ascensorem
3484 5051 3597 5120 ejus

1989 5124 2199 5190 proiecit
2235 5124 2289 5177 in
2330 5142 2469 5181 mare
2491 5124 2698 5200 (Exod.
2721 5128 2807 5183 15.
2843 5132 2865 5185 1
2895 5131 2933 5200 ).
2985 5132 3107 5189 Mox
3139 5137 3433 5194 et-reditus
3474 5156 3595 5196 mo-

1985 5213 2151 5281 dum,
2189 5217 2330 5286 quod
2365 5228 2545 5272 essent
2586 5221 2808 5275 redituri
2852 5239 2974 5278 cum
3020 5227 3188 5284 multa
3214 5232 3588 5300 supellectile.

1987 5306 2205 5372 Sumite,
2242 5308 2431 5378 inquit,
2459 5315 2778 5366 commodata
2805 5332 2954 5369 a-sua
2977 5334 3186 5391 quaeque
3212 5323 3376 5377 vicina
3401 5334 3447 5379 et
3473 5343 3596 5381 con-

1984 5397 2237 5451 tubernali
2275 5415 2396 5453 vasa
2430 5417 2586 5455 aurea
2622 5412 2680 5457 et
2710 5418 2949 5475 argentea
3007 5408 3131 5480 (Id.
3182 5412 3236 5466 3.
3282 5412 3399 5485 23).
3449 5414 3596 5484 Quo-

1984 5487 2126 5540 niam
2156 5488 2301 5542 enim
2330 5489 2487 5559 longo
2519 5496 3090 5561 temporeservierant
3108 5541 3125 5566 ,
3154 5516 3256 5558 nec
3282 5504 3590 5563 mercedem

1983 5586 2305 5647 receperant
2324 5619 2339 5646 ,
2366 5580 2507 5636 Deus
2530 5582 2708 5639 effecit
2730 5593 2789 5641 ut
2817 5586 3165 5646 inscientibus
3192 5607 3257 5647 ac
3286 5594 3592 5653 nolentibus

1983 5669 2146 5725 etiam
2183 5679 2465 5741 peterent,
2506 5675 2810 5749 clamatque
2840 5682 3097 5752 propheta
3129 5685 3314 5742 dicens
3346 5705 3360 5741 :
3394 5687 3611 5748 Eduxit.

1982 5778 2066 5817 eos
2090 5779 2203 5819 cum
2233 5776 2440 5836 argento
2466 5777 2513 5823 et
2533 5786 2681 5840 auro,
2710 5789 2800 5829 nec
2825 5785 2932 5829 erat
2961 5776 3013 5831 in
3040 5778 3269 5836 tribubus
3294 5798 3475 5838 eorum
3499 5785 3609 5845 itte»
