4150 6352
659 362 758 419 891

653 485 839 552 ﬁrmus
863 477 886 552 (
907 478 1048 535 Psal.
1080 479 1201 534 104.
1229 479 1294 533 37
1318 476 1361 550 ).
1387 477 1512 535 Haec
1531 487 1612 531 est
1637 491 1738 530 una
1767 476 1998 530 servitus
2019 471 2245 530 exactis-

656 572 790 626 sime
827 571 1235 641 praedicta.Age
1270 585 1409 624 nunc
1434 579 1486 624 et
1522 569 1588 622 ad
1627 569 1848 623 alteram
1887 566 2246 636 Captivitatem

658 667 928 714 vertamus
949 674 1272 726 sermon-m,
1292 674 1448 728 quam
1474 659 1708 728 perpessi
1731 667 1853 712 sunt
1877 658 1928 710 in
1955 657 2243 728 Babylone.

654 747 784 800 Nam
814 758 868 802 et
898 748 1036 803 hanc
1062 758 1308 803 accurate
1344 749 1662 817 praedixerat
1702 747 1960 802 Jeremias
1989 788 2003 812 ,
2048 748 2118 801 ita
2162 747 2244 802 lo-

654 852 824 902 quens
855 856 868 891 :
902 836 991 891 Sic
1017 839 1087 890 ait
1119 837 1368 891 Dominus
1397 854 1413 890 :
1451 848 1716 907 postquam
1743 837 1940 906 impleti
1975 837 2164 906 fuerint
2191 837 2243 890 in

657 926 914 998 Babylone
938 931 1252 999 septuaginta
1283 931 1404 982 anni
1423 968 1442 994 ν
1464 930 1671 982 visitabo
1703 945 1807 993 vos,
1841 939 1886 981 et
1913 945 2097 998 ponant
2125 945 2243 999 erga

653 1036 736 1072 vos
763 1020 910 1072 verba
936 1036 1046 1074 mea
1075 1021 1220 1086 bona,
1251 1030 1306 1073 ut
1332 1021 1549 1074 redeatis
1578 1020 1629 1072 in
1660 1019 1823 1072 locum
1850 1019 1983 1072 hunc
2013 1018 2032 1088 (
2048 1018 2240 1072 Jerem.

653 1107 863 1180 29.10)
897 1126 911 1163 :
941 1118 988 1164 et
1013 1120 1295 1163 convertam
1321 1110 1653 1178 captivitatem
1681 1118 1930 1174 vestram,
1959 1120 2005 1161 et
2029 1125 2241 1178 congre-

653 1199 782 1268 gabo
809 1215 895 1252 vos
917 1215 979 1253 ea:
1003 1201 1232 1253 omnibus
1253 1199 1501 1269 gentibus,
1526 1208 1572 1251 et
1598 1215 1660 1251 ex
1681 1199 1872 1251 cunctis
1895 1199 2018 1252 locis
2044 1200 2093 1250 in
2117 1216 2241 1266 quos

651 1291 866 1360 dispersi
896 1306 980 1344 vos
1002 1331 1014 1353 ,
1038 1291 1159 1345 dicit
1189 1290 1436 1344 Dominus
1460 1331 1475 1356 ,
1508 1299 1554 1344 et
1576 1298 1860 1343 convertam
1886 1305 1970 1342 vos
1997 1290 2047 1342 in
2075 1291 2240 1342 locum

650 1382 787 1435 unde
810 1398 895 1436 vos
917 1383 1196 1451 demigrare
1219 1383 1314 1451 {cci
1339 1383 1359 1451 (
1375 1381 1514 1436 ibid.
1545 1401 1601 1439 υ.
1628 1381 1754 1451 14).
1783 1381 1942 1436 Vides
1973 1391 2024 1435 ut
2055 1397 2238 1436 rursus

652 1471 739 1525 hic
765 1479 819 1526 et
842 1471 1112 1527 civitatem
1136 1473 1480 1541 expresserit,
1498 1484 1551 1527 et
1571 1487 1830 1526 annorum
1859 1487 2159 1536 numerum,
2184 1482 2239 1527 et

653 1560 793 1616 unde
822 1569 1008 1630 etquo
1045 1572 1189 1616 esset
1228 1562 1345 1616 illos
1389 1562 1852 1632 congregaturus?
1892 1562 2016 1617 ldeo
2051 1562 2235 1616 Daniel

653 1666 757 1706 non
785 1651 930 1719 prius
958 1665 1118 1718 super
1146 1651 1227 1703 his
1254 1651 1456 1719 rogavit
1488 1651 1767 1706 Dominum
1786 1693 1800 1716 ,
1830 1668 1987 1721 quam
2016 1652 2238 1708 vidisset

649 1755 789 1793 anno
810 1740 1138 1808 septuaginta
1166 1740 1478 1808 completos.
1507 1740 1638 1808 Quis
1662 1742 1774 1796 Inec
1800 1741 1969 1797 dicit?
1993 1742 2108 1812 lpsc
2139 1744 2236 1797 Da-

652 1832 752 1886 niel
785 1833 853 1885 ita
885 1833 1106 1902 loquens
1133 1850 1145 1883 :
1179 1832 1247 1884 Et
1268 1849 1359 1904 ego
1389 1833 1568 1886 Daniel
1595 1835 1840 1904 faciebam
1868 1851 2020 1904 opera
2048 1835 2198 1906 Regis
2217 1877 2231 1900 ,

649 1933 692 1975 et
724 1906 1020 1977 admirabar
1045 1924 1283 1977 visionem
1308 1965 1321 1988 ,
1355 1941 1443 1977 nec
1480 1935 1585 1977 erat
1617 1926 1702 1994 qui
1731 1926 2030 1993 intelligeret
2059 1924 2229 1996 (Dan.

648 2016 699 2067 8.
727 2014 831 2084 27)
865 2031 877 2067 :
910 2000 1203 2070 etintellexi
1227 2016 1278 2068 in
1309 2017 1446 2069 libris
1471 2033 1732 2070 numerum
1759 2033 2030 2082 annorum,
2055 2030 2108 2072 ut
2137 2019 2234 2088 fuit

647 2121 809 2157 sermo
827 2103 1036 2157 Domini
1064 2105 1131 2158 ad
1154 2105 1428 2160 Jeremiam
1452 2108 1748 2176 prophetam
1765 2151 1777 2172 ,
1808 2109 1876 2163 ad
1901 2111 2232 2180 expletionem

647 2193 971 2248 desolationis
1007 2195 1336 2265 Jerosolgmte
1371 2199 1492 2250 anni
1526 2200 1844 2269 septuaginta
1871 2216 1891 2254 :
1917 2209 1964 2254 et
1999 2202 2116 2255 dedi
2153 2207 2231 2272 fa-

645 2286 770 2338 ciem
789 2286 857 2338 ad
881 2285 1152 2339 Dominum
1174 2286 1335 2340 Deum
1365 2305 1549 2354 meum,
1577 2299 1630 2341 ut
1654 2291 1962 2358 exquirerem
1984 2294 2232 2360 precct’o-

645 2392 758 2427 nent
783 2385 826 2429 et
854 2375 1242 2429 obsecrationem
1265 2379 1314 2428 in
1332 2378 1532 2446 jejunio
1554 2420 1568 2444 ,
1590 2395 1733 2433 sacco
1754 2421 1769 2444 ,
1799 2389 1842 2433 et
1868 2382 2034 2435 cinere
2054 2380 2073 2453 (
2093 2380 2115 2433 Ι
2125 2383 2223 2434 bid.

645 2466 695 2521 9.
723 2468 777 2521 2.
803 2470 838 2523 5
859 2468 902 2537 ).
935 2471 1138 2524 Audisti
1165 2471 1608 2541 quemadmodum
1632 2471 1746 2527 tunc
1767 2488 1980 2543 quoque
2003 2475 2227 2544 captivi-

645 2571 722 2612 tas
743 2561 993 2629 prodicta
1018 2561 1195 2629 fuerit,
1216 2573 1267 2616 et
1283 2561 1537 2632 propheta
1557 2577 1661 2617 non
1684 2577 1846 2618 ausus
1865 2564 2020 2618 fuerit
2044 2580 2226 2634 preces

639 2659 696 2703 et
737 2651 1172 2719 supplicationem
1216 2654 1503 2707 admovere
1539 2653 1647 2707 Deo
1685 2661 1809 2708 ante
1853 2662 2060 2722 tempus
2088 2670 2225 2722 prte-

643 2740 865 2807 linitum,
892 2759 958 2797 ne
985 2742 1176 2797 frustra
1200 2753 1504 2814 temereque
1528 2743 1810 2811 accedens,
1834 2744 2061 2811 audiret,
2086 2746 2225 2814 quod

640 2832 843 2888 audivit
869 2834 1134 2890 Jeremias
1165 2854 1176 2888 :
1209 2834 1261 2888 Ν
1266 2853 1291 2890 e
1319 2837 1570 2907 rogaveris
1591 2853 1684 2907 pro
1710 2838 1899 2906 populo
1926 2838 2041 2903 hoc,
2067 2854 2228 2908 neque

640 2925 908 2992 pustularis
935 2941 1026 2994 pro
1052 2926 1154 2979 illis
1185 2941 1204 2978 :
1230 2927 1465 2996 quoniam
1495 2943 1594 2980 non
1625 2928 1894 2984 emdiam
1923 2937 1969 2981 te
1993 2927 2011 2995 (
2031 2927 2224 2981 Jerem.

640 3017 726 3069 11.
757 3017 842 3070 11.
873 3017 988 3085 12).
1009 3015 1202 3071 Verum
1231 3018 1318 3072 ubi
1353 3018 1480 3072 vidit
1503 3020 1808 3073 vaticinium
1838 3035 1956 3074 esse
1983 3022 2221 3089 comple-

639 3117 746 3159 tum
769 3149 786 3172 ,
812 3107 1076 3176 simulque
1109 3117 1314 3177 tempus
1335 3124 1522 3163 vocare
1551 3109 1614 3162 ad
1648 3109 1895 3172 reditum,
1931 3119 2053 3163 tunc
2080 3119 2220 3175 orat,

638 3212 738 3251 nec
774 3197 1125 3266 simpliciter,
1160 3199 1250 3252 sed
1292 3198 1342 3252 in
1375 3198 1614 3267 jejunio,
1649 3189 1809 3278 'sacco
1837 3207 1892 3253 et
1919 3199 2102 3254 cinere
2129 3217 2141 3252 :
2172 3209 2218 3252 et

635 3287 777 3356 quod
813 3289 864 3341 in
890 3288 1160 3343 hominum
1185 3291 1422 3344 moribus
1448 3291 1667 3345 evenire
1691 3291 1848 3354 solet,
1871 3290 1922 3344 id
1954 3290 2079 3346 iecit
2099 3307 2221 3360 erga

638 3378 825 3432 Deum.
860 3377 964 3432 Nos
989 3380 1130 3433 enim
1168 3395 1287 3434 cum
1310 3380 1550 3434 videmus
1583 3382 1789 3450 aliquos
1812 3422 1828 3446 ,
1873 3382 1962 3451 qui
1998 3380 2224 3436 famulos

636 3478 752 3536 post
785 3470 944 3522 multa
984 3472 1268 3540 graviaque
1305 3472 1589 3525 commissa
1631 3473 1974 3540 conjeccrunt
2012 3473 2063 3526 in
2103 3474 2215 3526 vin»

633 3559 774 3624 cuia,
804 3575 906 3612 non
939 3561 1180 3628 protinus
1213 3561 1261 3613 in
1292 3562 1556 3630 principio
1579 3564 1906 3632 esordioque
1931 3565 2224 3633 ptmitionis

633 3648 980 3704 admovemus
1006 3651 1447 3719 supplicationem
1481 3669 1494 3705 :
1528 3653 1620 3707 sed
1648 3654 1736 3708 ubi
1763 3655 2079 3710 sciverimus
2102 3656 2224 3711 illos

633 3738 834 3808 aliquot
871 3739 988 3794 dies
1027 3742 1432 3809 tcmpcratiorcs
1459 3743 1579 3796 esse
1619 3742 1818 3810 factos,
1849 3753 1975 3799 tunc
2011 3746 2224 3801 adimus

635 3829 797 3884 heros
821 3871 836 3895 ,
877 3829 1014 3882 nacti
1052 3830 1159 3898 jam
1199 3840 1252 3885 et
1289 3832 1356 3886 ab
1386 3833 1499 3901 ipsi)
1532 3843 1769 3903 tempore
1807 3837 2080 3903 auxilium.
2111 3838 2220 3892 lloc

632 3934 762 3974 sane
797 3929 853 3975 et
892 3920 1147 3989 propheta
1183 3920 1323 3976 fecit.
1360 3924 1646 3993 Postquam
1675 3927 1815 3979 enim
1848 3945 2027 3996 pcnnas
2054 3930 2218 3984 dede-

633 4022 752 4066 rant
773 4054 785 4077 ,
817 4013 1220 4083 haudquaquam
1250 4015 1438 4082 dignas
1470 4017 1716 4072 admissis
1743 4060 1762 4083 ,
1787 4029 2020 4073 attamen
2054 4022 2215 4077 dede-

634 4113 786 4165 rant;
818 4104 920 4174 iam
949 4105 1057 4158 adit
1087 4106 1271 4171 Deum,
1292 4121 1389 4177 pro
1418 4108 1520 4160 illis
1536 4109 1694 4163 verba
1726 4109 1980 4164 facturus.
2009 4112 2156 4176 Quod
2175 4113 2219 4167 si

632 4196 862 4261 videtur,
896 4196 1061 4264 ipsam
1105 4197 1262 4250 etiam
1304 4197 1732 4267 deprecationcm
1762 4201 2056 4256 audiamus.
2087 4201 2220 4257 Con-

631 4289 795 4356 fessus
830 4304 942 4339 sum
974 4290 1136 4349 enim,
1170 4289 1355 4357 inquit,
1386 4301 1430 4342 et
1465 4290 1593 4351 dixi,
1636 4291 1850 4346 Domine
1872 4293 2011 4347 Deus
2040 4311 2218 4366 magne

629 4390 678 4432 et
705 4379 1033 4443 admirabilis,
1065 4381 1150 4449 qui
1174 4396 1339 4435 servas
1368 4397 1566 4449 pactum
1589 4391 1730 4436 tuum
1756 4393 1801 4436 et
1823 4385 2217 4440 misericordiam

632 4480 770 4520 tuam
791 4469 882 4533 iis,
915 4470 999 4539 qui
1026 4479 1072 4523 te
1093 4471 1325 4541 diligunt,
1353 4481 1397 4524 et
1427 4483 1623 4526 servant
1646 4484 1894 4543 prtecepta
1921 4486 2007 4529 tua
2039 4478 2056 4546 (
2083 4477 2214 4533 Dan.

633 4558 683 4612 9.
719 4560 752 4612 1
779 4559 821 4628 ).
849 4559 983 4624 Quid
1017 4559 1165 4626 facis,
1198 4577 1229 4612 ο
1261 4561 1486 4614 Daniel?
1516 4561 1618 4616 Pro
1649 4563 1953 4618 hominibus
1979 4569 2064 4636 qui
2097 4583 2215 4636 pec.

627 4659 810 4702 ear-unt
841 4659 893 4703 ct
921 4649 1255 4705 oll'enderunt
1283 4653 1615 4708 intercedens
1633 4695 1647 4718 ,
1675 4669 1859 4709 eorum
1890 4656 2217 4714 mentionem

631 4739 761 4794 lacis
785 4741 872 4810 qui
904 4741 1047 4808 leges
1072 4741 1210 4795 illius
1237 4745 1622 4798 servaverunt?
1654 4744 1862 4813 Ergone
1889 4747 2031 4817 digni
2065 4752 2214 4804 venia

626 4842 751 4888 Sunt
777 4832 867 4900 qui
899 4843 1157 4903 incoepta
1186 4835 1326 4888 illius
1350 4838 1582 4891 \‘iulmzl?
1613 4838 1725 4894 Non
1757 4841 1823 4894 ob
1847 4841 1976 4895 istos
2000 4842 2110 4896 lucc
2134 4844 2214 4898 lo-

625 4938 790 4992 quor,
823 4923 1021 4992 inquit,
1053 4925 1144 4983 sed
1177 4927 1245 4980 ob
1276 4926 1464 4981 borum
1507 4931 1905 5000 progenitores,
1944 4933 2013 4988 ob
2048 4934 2215 4988 Abra-

623 5013 770 5078 ham,
797 5014 864 5067 ob
890 5013 1052 5078 lsaac,
1071 5016 1151 5076 'ob
1175 5016 1357 5071 Jacob.
1388 5018 1498 5073 lllis
1526 5021 1786 5089 promisit,
1819 5022 1923 5078 illis
1954 5024 2215 5093 pollicitus

622 5113 700 5159 est
730 5104 888 5168 Dens,
910 5107 993 5172 qui
1018 5117 1277 5176 [ιι-..τωρωι
1301 5109 1441 5164 illius
1461 5123 1824 5167 servaverunt.
1843 5113 2100 5180 Quoniam
2122 5117 2216 5186 igi-

619 5204 697 5248 tur
725 5193 775 5246 lii
795 5194 938 5249 nullo
956 5195 1078 5264 jure
1101 5207 1516 5268 possuntpeterc
1533 5203 1779 5270 salutem,
1800 5205 1998 5262 idcirco
2027 5224 2097 5276 pr.
2120 5224 2213 5278 ge-

621 5286 853 5338 nitorum
887 5288 1208 5342 mentionem
1243 5289 1412 5356 facio;
1443 5305 1505 5346 ac
1537 5308 1601 5347 nc
1630 5304 1847 5362 putares
1865 5299 2006 5365 quod
2039 5299 2105 5354 de
2133 5300 2216 5354 his

619 5376 778 5429 verba
801 5375 1016 5445 faceret,
1033 5396 1151 5432 cum
1170 5380 1468 5449 adjecisset,
1489 5383 1587 5449 Qui
1607 5403 1773 5447 servas
1791 5399 1992 5457 pactum
2011 5401 2149 5443 tuum
2169 5404 2216 5446 et

617 5466 1013 5522 misericordiam
1028 5480 1162 5522 tuam
1176 5471 1492 5542 diligentibus
1510 5486 1574 5539 te,
1591 5487 1634 5530 et
1647 5481 2218 5552 servantibusprtecepta

616 5565 704 5608 tua
725 5573 743 5610 :
767 5572 886 5612 nios
918 5560 1148 5628 subiicit,
1182 5562 1508 5619 Peccavimus
1527 5610 1540 5633 ,
1564 5569 1740 5638 inique.
1757 5572 1980 5641 egimus;
2006 5576 2213 5645 injusti-

617 5647 736 5700 .‘iam
761 5654 1171 5717 perpetravimus,
1192 5655 1331 5725 impii
1357 5657 1569 5726 fuimus,
1590 5660 1883 5728 deﬂevimus
1904 5679 1934 5716 α
1956 5667 2215 5734 ρνωτεριὶι

621 5742 721 5791 tuis
758 5750 804 5792 et
828 5744 1085 5812 ajudiriis
1107 5747 1202 5798 tuis
1221 5763 1353 5800 :non
1384 5751 1771 5824 auscultavinms
1799 5756 1950 5808 seruis
1973 5757 2069 5820 tuis
2098 5775 2210 5814 nro-

1401 363 1461 419 3.
1500 359 1779 419 JOANNIS
1817 353 2284 414 CIIRYSOSTOMI
2328 352 2646 413 AltClllEP.
2687 359 3227 423 CONS‘I‘ANTINOP.

3853 375 3960 432 892

2359 472 2521 538 phelis
2563 470 2744 546 (Dan.
2774 475 2825 532 9.
2855 477 2950 548 5).
2988 478 3105 535 Una
3141 465 3402 552 siqtiideto
3445 482 3663 555 solaque
3705 501 3947 558 purgatio

2360 566 2724 632 peccatoribus
2753 568 2954 639 reliqua
2981 581 3063 626 est
3090 581 3208 641 post
3238 584 3474 642 peccata,
3504 576 3752 632 videlicet
3778 588 3835 633 ut
3855 595 3942 633 sua

2355 657 2640 712 commissa
2664 659 3033 716 conﬁteantur.
3052 663 3130 718 Tu
3150 679 3277 719 vero
3301 665 3428 719 milii
3443 669 3727 724 considera
3748 679 3805 725 et
3818 671 3939 740 justi

2355 748 2601 804 virtutem
2621 793 2635 816 ,
2673 761 2726 805 et
2759 753 3063 809 Judzcorum
3106 757 3519 826 improbitatem.
3548 761 3677 817 Nam
3711 764 3800 820 ille
3825 768 3939 834 qui-

2352 839 2473 894 dem
2516 843 2709 897 nullius
2747 845 2869 907 niali
2912 847 3010 900 sibi
3052 850 3334 914 conscius,
3364 851 3598 920 seipsum
3630 857 3797 909 multa
3821 871 3938 910 cum

2350 933 2660 988 austeritate
2690 935 2936 1003 damnat,
2966 937 3151 994 dicens
3181 958 3195 994 :
3225 938 3553 996 Peccavimus
3573 986 3588 1010 ,
3622 945 3794 1012 inique
3820 947 3953 1017 feci-

2351 1039 2498 1088 mus,
2530 1025 2832 1094 injustitiam
2869 1032 3262 1099 perpetravimns
3283 1049 3302 1098 ;
3341 1033 3393 1088 hi
3424 1049 3547 1089 \ero
3589 1037 3744 1093 mulis
3786 1039 3944 1093 inus-

2349 1116 2509 1168 meris
2538 1116 2680 1185 pleni
2707 1157 2724 1182 ,
2765 1129 2950 1173 contra
2991 1121 3227 1176 fecerunt
3248 1163 3264 1189 ,
3303 1123 3582 1180 dicentes:
3615 1127 3942 1184 Servavimus

2350 1217 2600 1274 praecepta
2625 1217 2712 1260 tua
2736 1223 2754 1262 :
2780 1220 2824 1262 et
2854 1227 2989 1263 nunc
3022 1212 3190 1267 beatos
3210 1214 3426 1269 dicimus
3449 1218 3657 1281 alienos,
3689 1230 3738 1273 et
3763 1223 3942 1275 recedi-

2348 1293 2569 1360 ﬁcantur
2587 1298 2674 1366 qui
2694 1308 2892 1368 patrant
2918 1301 3228 1372 iniquitatem
3254 1304 3404 1376 (dial.
3427 1308 3480 1362 5.
3503 1310 3588 1364 11.
3612 1311 3721 1382 15).
3745 1313 3940 1379 Quem-

2347 1384 2632 1440 admodum
2657 1389 2798 1443 enim
2829 1390 3002 1446 solent
3035 1394 3170 1463 justi
3200 1404 3318 1464 post
3352 1396 3492 1466 jusm
3525 1398 3659 1454 facta
3698 1403 3939 1459 modeste

2350 1488 2509 1544 agere
2532 1517 2545 1540 ,
2590 1477 2661 1531 ita
2707 1481 2879 1535 solent
2915 1484 3037 1536 mali
3077 1494 3193 1552 post
3227 1486 3458 1542 admissa
3485 1490 3686 1545 scelera
3720 1493 3938 1550 laudare

2345 1579 2486 1621 sese.
2517 1567 2615 1634 Qui
2647 1569 2843 1625 nullius
2879 1574 3078 1640 peccati
3107 1575 3208 1628 sibi
3233 1583 3478 1632 conscius
3509 1590 3651 1645 erat,
3681 1581 3891 1638 dicebat
3918 1603 3933 1640 :

2345 1655 2677 1726 iniquitatem
2701 1658 2940 1727 fecimus,
2960 1662 3273 1720 deﬂeximus
3290 1682 3318 1720 a
3342 1671 3620 1739 prxceptis
3642 1673 3784 1738 tuis;
3808 1689 3935 1729 con-

2345 1755 2423 1799 tra
2443 1789 2456 1812 ,
2488 1749 2576 1817 qui
2606 1749 3071 1807 innumerabilium
3106 1754 3244 1810 facin
3270 1773 3398 1811 rum
3430 1760 3932 1832 sibiconseiierant,

2342 1835 2620 1892 dicebant:
2650 1835 2965 1891 servavimus
2997 1849 3259 1906 praerepta
3278 1853 3393 1897 tua.
3429 1851 3601 1919 Atque
3623 1851 3738 1908 [me
3765 1871 3832 1910 eo
3857 1857 3937 1911 ιο.

2340 1941 2495 1996 quor,
2526 1937 2582 1982 ut
2606 1930 2836 1985 alterum
2867 1933 3118 2002 vitemus,
3145 1938 3373 2002 alterum
3399 1939 3684 1998 imitemur.

2411 2019 2462 2073 6.
2497 2018 2596 2075 Dei
2637 2022 2762 2076 ultio
2789 2024 2842 2077 in
2878 2024 3107 2079 Judwos.
3142 2058 3211 2075 -τ
3236 2028 3362 2083 Post
3393 2031 3506 2086 haec
3528 2035 3779 2102 quoniam
3811 2039 3935 2092 atti-

2338 2119 2488 2178 gerat
2514 2111 2721 2168 illorum
2749 2124 2960 2182 peccata
2992 2157 3006 2180 ,
3050 2128 3226 2172 narrat
3257 2129 3311 2174 et
3342 2136 3552 2189 pinnam
3580 2140 3741 2192 quam
3771 2125 3932 2182 dede-

2341 2210 2483 2266 runt,
2511 2212 2564 2257 et
2591 2219 2655 2258 ex
2687 2203 2788 2260 hoc
2819 2207 2984 2262 Deum
3011 2209 3076 2262 ad
3109 2211 3527 2268 misericordiam
3557 2232 3814 2274 revocare
3840 2235 3932 2275 cu-

2342 2291 2491 2359 piens
2513 2293 2590 2348 ait
2613 2313 2625 2348 :
2655 2293 2718 2348 Et
2742 2298 2871 2350 venit
2897 2315 3048 2367 super
3077 2316 3168 2353 nos
3194 2303 3494 2369 maledictio,
3525 2323 3639 2376 qua:
3657 2310 3848 2377 scripta
3867 2319 3938 2364 est

2337 2382 2389 2434 in
2418 2381 2525 2451 lege
2553 2382 2712 2438 Hosis
2741 2389 2869 2440 servi
2897 2387 2994 2441 Dei
3012 2430 3026 2452 ,
3055 2391 3174 2458 quia
3203 2396 3535 2460 peccavimus.
3568 2399 3828 2464 Quasnam
3855 2411 3934 2455 est

2339 2473 2436 2527 ista
2459 2477 2796 2529 exsecratio?
2827 2477 3064 2535 Voltisne
3094 2480 3331 2551 legamus
3361 2485 3542 2540 illam?
3568 2487 3688 2543 Nisi
3713 2493 3934 2546 servieri-

2346 2564 2427 2627 tis,
2454 2565 2642 2633 inquit,
2677 2565 2895 2621 Domino
2922 2568 3027 2622 Deo
3051 2581 3233 2638 vestro,
3257 2575 3496 2630 inducam
3524 2595 3676 2648 super
3697 2597 3784 2635 vos
3809 2600 3932 2653 gen-

2337 2664 2432 2707 tem
2454 2655 2817 2724 impudentem,
2844 2668 2890 2711 et
2916 2676 3016 2714 non
3036 2661 3370 2734 intelligentes
3386 2683 3555 2722 vocem
3582 2670 3742 2738 illius,
3764 2683 3811 2726 et
3834 2675 3932 2726 eri-

2339 2746 2402 2799 tis
2431 2763 2640 2800 numero
2669 2749 2821 2817 pauci
2848 2748 3037 2821 (Deut.
3065 2753 3155 2807 28.
3183 2754 3270 2809 49.
3295 2756 3418 2827 50).
3450 2758 3561 2814 Hoc
3587 2759 3727 2816 idem
3755 2762 3932 2817 declao

2335 2845 2514 2890 rantes
2554 2846 2662 2891 tres
2691 2839 2764 2892 illi
2807 2840 2995 2908 pueri,
3040 2843 3317 2913 palamque
3355 2847 3611 2904 facientes
3639 2894 3655 2917 ,
3693 2853 3834 2921 quod
3862 2854 3931 2909 ob

2335 2926 2570 2992 ipsorum
2603 2937 2818 2995 peccata
2861 2931 3143 2986 accidisset
3186 2935 3286 2988 hoc
3327 2938 3573 2994 vindicta
3614 2957 3784 3010 genus
3815 2985 3829 3009 ,
3876 2954 3931 2999 et

2335 3016 2432 3086 ipsi
2465 3033 2561 3087 pro
2585 3022 2956 3076 communibus
2983 3027 3216 3092 peccatis
3241 3028 3632 3086 confessionem
3663 3035 3772 3089 Deo
3798 3051 3930 3106 pro-

2335 3105 2563 3163 ferentes
2604 3108 2852 3164 dicebant
2885 3129 2898 3164 :
2931 3111 3210 3169 Tradidisti
3251 3134 3344 3172 nos
3385 3120 3440 3173 in
3485 3138 3666 3176 manus
3703 3105 3928 3181 hostium

2333 3199 2625 3268 impiorum,
2655 3201 3115 3258 inimicis-simorum
3143 3207 3448 3264 desertorum
3473 3253 3489 3278 ,
3519 3229 3580 3265 ac
3605 3215 3709 3285 regi
3735 3217 3929 3287 injuste

2336 3301 2387 3344 et
2411 3291 2794 3347 sceleratissimo
2840 3294 2974 3348 ultra
3000 3313 3198 3350 omnem
3226 3309 3408 3353 terram
3441 3302 3460 3374 (
3481 3303 3563 3357 1b.
3610 3321 3662 3359 v.
3692 3308 3809 3378 52).
3835 3309 3931 3364 Vi-

2339 3383 2456 3450 des,
2484 3384 2802 3453 complctam
2827 3401 2947 3441 esse
2976 3388 3400 3446 maledictionem
3424 3410 3543 3464 qua;
3569 3397 3697 3453 dicit
3725 3418 3738 3454 :
3773 3400 3932 3459 Eritis

2331 3490 2540 3527 numero
2561 3476 2728 3544 pauci.
2754 3475 2959 3530 Rursus
2975 3479 3117 3548 quod
3138 3480 3266 3535 dicit
3295 3499 3307 3536 :
3333 3483 3593 3539 Adducam
3614 3489 3665 3542 in
3695 3507 3782 3545 vos
3800 3510 3931 3562 gen-

2331 3573 2429 3617 tem
2457 3565 2796 3635 impudentem
2821 3608 2838 3632 ,
2880 3568 3107 3637 idipsum
3135 3580 3189 3625 et
3221 3571 3403 3628 Daniel
3433 3575 3518 3630 hic
3548 3587 3694 3635 recte
3722 3583 3932 3652 signiti-

2329 3670 2481 3721 cans,
2512 3657 2640 3711 dicit
2668 3674 2680 3708 :
2714 3656 2970 3712 Venerunt
2998 3676 3151 3727 super
3173 3679 3264 3716 nos
3291 3666 3444 3728 mala,
3476 3671 3648 3736 qualia
3674 3689 3774 3726 non
3801 3678 3929 3729 acci-

2329 3749 2509 3798 derunt
2533 3748 2626 3799 sub
2651 3747 2931 3801 omnicon
2953 3790 2965 3812 ,
2997 3751 3271 3804 secundum
3313 3769 3372 3806 ea
3401 3772 3512 3822 qua:
3549 3761 3687 3828 facta
3725 3775 3840 3817 sunt
3875 3769 3930 3820 iis

2328 3837 2519 3894 Israel.
2530 3838 2659 3905 Qum
2671 3840 2883 3895 tandem
2903 3842 3033 3894 ista?
3051 3841 3101 3894 Μ
3107 3853 3238 3897 utres
3256 3844 3434 3901 liberos
3449 3867 3566 3904 suos
3578 3858 3927 3927 comederunt,

2327 3939 2382 3983 et
2404 3930 2504 3984 hcc
2524 3945 2652 3984 sane
2675 3933 2911 3999 praedicit
2931 3933 3124 3999 Moses,
3147 3947 3397 3991 metarum
3414 3940 3674 3998 Jeremias
3691 3951 3931 4006 ostendit

2328 4022 2591 4075 evenisse.
2609 4021 2698 4076 Ille
2721 4022 2932 4091 quidem
2963 4024 3198 4093 quuilur
3220 4044 3233 4079 :
3256 4026 3448 4083 Tenera
3470 4049 3530 4085 ac
3548 4034 3807 4104 deliciosa,
3829 4058 3926 4094 cn-

2315 4115 2406 4182 jus
2427 4129 2526 4167 non
2552 4113 2681 4182 cepit
2706 4114 3063 4182 experientiam
3092 4133 3178 4184 pes
3205 4119 3313 4187 ejus
3336 4160 3352 4185 ,
3381 4133 3435 4172 ut
3462 4123 3709 4181 insisteret
3745 4130 3798 4183 in
3834 4150 3926 4187 ve-

2328 4204 2476 4273 stigio
2499 4212 2704 4273 propter
2733 4204 3115 4257 teneritudinem
3141 4223 3200 4258 ac
3220 4207 3448 4278 delicias,
3479 4216 3688 4285 attinget
3713 4221 3927 4289 impiam

2325 4313 2548 4350 mensam
2569 4337 2583 4360 ,
2631 4306 2678 4349 et
2723 4312 2842 4350 suos
2885 4297 3045 4366 ipsius
3074 4297 3208 4368 ﬁlios
3236 4305 3456 4357 comedet
3511 4306 3636 4374 (Id.
3669 4310 3758 4366 28.
3789 4315 3925 4387 56).

2323 4385 2583 4442 Ιυτθωίίις
2604 4395 2779 4443 autem
2801 4387 3035 4441 declarat
3057 4387 3159 4442 hoc
3184 4393 3448 4461 evenisse,
3473 4399 3654 4454 dicens
3679 4420 3691 4455 :
3734 4385 3926 4464 Manus

2323 4481 2591 4532 mulierum
2609 4479 3030 4537 misericordium
3040 4493 3290 4537 coxerunt
3299 4484 3919 4571 ﬁliossuos(Thr.4.l0).

2323 4568 2652 4638 Quamquam
2683 4579 2862 4624 autem
2896 4581 3110 4638 peccata
3144 4573 3386 4640 illorum,
3411 4579 3498 4647 qui
3532 4568 3917 4656 peccaverant,

2322 4661 2602 4729 eloquutus
2623 4670 2784 4725 esset,
2804 4669 2855 4714 et
2878 4661 3133 4716 ultionem
3158 4664 3208 4717 in
3233 4667 3465 4724 medium
3488 4672 3831 4737 adduxisset:
3853 4700 3926 4740 ne

2323 4750 2400 4804 sic
2446 4751 2659 4820 quidem
2705 4753 2825 4807 illos
2879 4755 3063 4807 borum
3106 4771 3262 4811 causa
3314 4773 3464 4831 rogat
3510 4775 3564 4820 ut
3614 4783 3919 4832 serventur.

2325 4845 2455 4900 Vide
2493 4846 2651 4916 igitur
2691 4847 2979 4901 bonitatem
3028 4848 3238 4910 (annuli.
3265 4853 3537 4922 Siquidem
3569 4859 3652 4916 hic
3679 4879 3801 4921 eum
3827 4884 3920 4925 os.

2325 4937 2601 5003 tendisset,
2622 4932 2762 5008 quad
2789 4940 3022 4994 nondum
3046 4942 3203 5012 digna
3227 4949 3431 5001 meritis
3451 4964 3629 5008 essent
3656 4963 3920 5028 perpessi,

2322 5044 2422 5084 nec
2447 5030 2508 5083 iis
2533 5072 2548 5095 ,
2589 5044 2708 5098 qua:
2739 5032 2905 5084 multa
2934 5032 3056 5088 licet
3096 5037 3456 5104 pertulerant,
3485 5045 3771 5103 solvissent
3801 5069 3925 5122 qua:

2322 5137 2419 5191 pro
2445 5122 2744 5177 commissis
2774 5122 3078 5190 debebant,
3111 5141 3232 5181 mox
3259 5131 3497 5202 confugit
3532 5137 3598 5191 ad
3633 5139 3724 5195 Dei
3755 5144 3924 5198 mise-

2323 5214 2606 5269 ricordiam
2630 5257 2645 5281 ,
2673 5225 2727 5272 et
2762 5218 2828 5272 ad
2857 5221 3062 5274 solitam
3105 5223 3245 5278 illius
3273 5225 3560 5282 bonitatem
3599 5248 3724 5304 erga
3750 5251 3924 5306 genus

2299 5303 2612 5360 'humanum
2644 5349 2656 5369 ,
2690 5307 2911 5364 dicens:
2944 5309 3012 5363 Et
3040 5329 3172 5367 nunc
3200 5313 3419 5371 Domine
3459 5319 3594 5376 Deus
3620 5303 3808 5392 noster,
3837 5331 3927 5398 qui

2321 5398 2538 5452 eduxiin
2562 5401 2804 5469 populant
2829 5412 2969 5456 tuum
2995 5421 3020 5457 e
3042 5416 3176 5459 terra
3202 5407 3425 5479 zEgypIi
3443 5422 3488 5464 et
3519 5417 3683 5484 fecisti
3709 5418 3796 5470 tibi
3825 5437 3922 5472 no-

2323 5506 2431 5541 men
2458 5531 2474 5550 ,
2504 5498 2558 5542 ut
2585 5491 2666 5542 ltic
2690 5504 2760 5545 est
2791 5493 2896 5546 dies
2926 5538 2940 5558 ,
2973 5500 3291 5563 peccavimus
3317 5542 3331 5564 ,
3365 5502 3683 5570 iniquitatem
3711 5511 3926 5577 feciintss

2322 5592 2339 5647 ε
2366 5579 2499 5632 Dan.
2545 5581 2598 5635 9.
2645 5584 2756 5650 15).
2785 5583 2914 5638 Nam
2947 5588 3393 5655 quemadmodum
3427 5594 3566 5659 illos,
3593 5597 3788 5668 inquit,
3816 5617 3926 5658 non

2322 5686 2388 5725 ex
2415 5671 2649 5742 ipsorum
2680 5674 2974 5731 benefactis
3003 5681 3178 5735 salvos
3208 5682 3378 5738 fecisti
3406 5727 3419 5752 ,
3452 5688 3544 5743 sed
3571 5690 3927 5752 al'tliCtionem

2325 5763 2540 5831 valens,
2566 5774 2619 5818 et
2643 5769 2934 5837 angustias,
2959 5780 3012 5825 et
3036 5773 3324 5833 clamorem
3355 5780 3564 5840 illorum
3590 5783 3928 5842 exaudiens:
