4150 6352
149 433 257 490 895

138 557 218 598 sic
246 551 303 599 et
332 557 430 598 nos
469 542 633 598 libera
667 556 696 595 a
726 542 1079 611 prpscntibus
1120 538 1275 595 malis
1311 548 1530 610 propter
1563 537 1732 592 solam

141 634 435 690 bonitatem
463 644 606 690 tuam
626 649 752 705 erga
771 649 940 704 genus
961 632 1259 688 hominum.
1301 629 1432 684 Nam
1457 627 1603 684 aliud
1629 627 1738 682 nul-

142 726 248 778 lum
276 725 534 780 habemus
577 724 664 795 ius
705 723 987 794 speranda:
1029 721 1233 777 salutis.
1276 721 1403 776 litae
1445 721 1735 788 loquutus.

142 816 414 884 inultaque
451 813 774 868 lamentatus
797 855 812 879 ,
853 828 975 867 mox
1011 811 1216 866 inducit
1258 811 1426 880 ipsam
1467 808 1738 863 civitatem

139 921 240 961 ceu
273 906 552 962 mulierem
578 906 810 975 aliquam
836 905 1098 975 captivam
1125 945 1141 970 ,
1172 912 1227 958 et
1255 902 1331 956 ait
1361 919 1375 954 :
1411 888 1634 954 ostende
1660 898 1743 968 fa-

139 1000 268 1052 ciem
289 1007 429 1053 tuam
448 1014 600 1068 super
617 997 961 1052 sanctuarium
978 1005 1141 1060 tuum,
1157 993 1350 1048 inclina
1371 1008 1548 1049 aurem
1576 999 1738 1056 tuam,

145 1090 285 1144 Deus
302 1106 442 1144 meus
469 1099 517 1143 et
543 1089 690 1156 audi,
713 1089 858 1158 aperi
883 1089 1056 1142 oculos
1082 1095 1216 1149 tuos,
1249 1095 1299 1139 et
1323 1084 1439 1152 vide
1482 1083 1757 1139 interitum

141 1189 373 1233 nostrum
406 1179 717 1248 civitatisque
751 1187 884 1239 tute,
909 1177 964 1230 in
1002 1193 1103 1246 qua
1141 1175 1428 1238 invocatum
1453 1182 1524 1228 est
1563 1188 1746 1226 nomen

141 1279 285 1322 tuum
314 1280 545 1324 sanctum
570 1270 590 1339 (
617 1267 751 1322 Dan.
780 1268 834 1323 9.
860 1269 947 1321 Π.
984 1268 1048 1322 l8
1072 1267 1115 1336 )._
1137 1266 1491 1334 Posteaquam
1517 1264 1747 1317 circum-

142 1361 344 1428 spectis
380 1359 683 1414 hominibus
713 1358 989 1413 neminem
1017 1357 1186 1420 vidit,
1220 1355 1308 1425 qui
1355 1362 1539 1425 posset
1579 1354 1745 1407 Deum

143 1453 374 1511 reddere
406 1453 694 1522 propitium
722 1469 738 1506 :
766 1451 833 1505 ad
862 1449 1088 1504 :rdilicia
1115 1447 1372 1518 confugit,
1398 1457 1453 1501 et
1476 1445 1745 1500 civitatem

147 1544 317 1610 ipsam
346 1543 528 1612 objicit
553 1584 568 1605 ,
593 1542 816 1612 ejusque
840 1539 1235 1595 desolationem
1267 1538 1415 1607 ponit
1439 1536 1510 1590 ob
1536 1535 1748 1600 oculos,

145 1645 306 1705 atque
335 1635 386 1688 in
414 1635 497 1689 his
527 1634 674 1688 linito
699 1647 951 1688 sermone
973 1673 990 1697 ,
1019 1632 1184 1686 Deum
1222 1630 1506 1700 protritium
1548 1627 1746 1684 reddit.

151 1726 203 1780 Id
236 1726 676 1795 perspicuumest
690 1739 758 1781 ex
783 1725 848 1781 iis
880 1739 1000 1794 quae
1039 1725 1354 1792 sequuntur.
1380 1719 1577 1775 Verum
1605 1717 1748 1789 quod

146 1817 393 1872 dicebam
426 1835 440 1870 :
473 1825 685 1890 oportet
713 1816 854 1872 enim
892 1814 962 1869 ad
1003 1814 1055 1869 id
1094 1812 1235 1883 quod
1268 1821 1384 1866 erat
1416 1812 1748 1880 propositum

147 1907 344 1962 reverti
364 1925 379 1974 ;
399 1907 595 1963 etenim
619 1908 735 1962 haec
759 1907 934 1961 obiter
960 1905 1232 1974 interjecta
1251 1911 1400 1970 sunt,
1422 1918 1526 1957 non
1551 1903 1750 1956 frustra

148 2012 324 2068 neque
363 2008 566 2053 temere
589 2039 604 2063 ,
635 1997 732 2053 sed
776 2006 833 2051 ut
873 1996 1082 2051 animos
1119 2004 1326 2049 vestros
1367 1993 1752 2063 aliquantisper

147 2087 508 2142 refocillarem
548 2104 611 2144 ex
645 2087 917 2158 perpetuis
945 2085 1379 2141 contentionibus
1411 2083 1750 2154 defatigatus.
1781 2104 1786 2108 '

149 2181 264 2248 Age
294 2177 576 2232 redeamus
605 2178 766 2248 igitur
789 2177 932 2232 unde
956 2176 1179 2246 digressi
1213 2175 1331 2229 hzrc
1368 2174 1620 2240 diximus,
1651 2173 1750 2229 de-

148 2277 620 2336 monstremusque
649 2266 790 2337 quod
818 2281 881 2321 ea
910 2282 1029 2335 quae
1049 2265 1250 2322 Judaais
1277 2274 1428 2318 erant
1455 2273 1713 2319 eventura
1734 2303 1749 2328 ,

147 2358 406 2413 divinitus
439 2359 543 2412 illis
580 2374 702 2413 cum
745 2358 892 2412 omni
935 2360 1274 2412 accurationc
1324 2357 1573 2426 praulicta
1622 2356 1749 2410 sint.

147 2452 267 2506 .lam
298 2453 441 2506 enim
474 2452 606 2506 duas
631 2452 969 2520 captivitates
994 2465 1174 2505 sermo
1199 2459 1387 2504 ucster
1415 2450 1754 2502 demonstra-

149 2546 228 2598 vit
271 2544 374 2598 illis
414 2544 713 2609 accidisse,
760 2542 1211 2612 quemadmodum
1260 2556 1289 2594 a
1335 2540 1610 2609 pr0phetis
1637 2547 1756 2594 erat

153 2635 466 2704 praedictum
493 2675 507 2700 ,
555 2634 714 2703 idque
745 2650 848 2688 non
887 2649 1014 2687 casu
1043 2648 1217 2702 neque
1250 2641 1443 2701 praeter
1472 2640 1755 2700 exspecta-

153 2728 379 2780 tionem.
425 2725 683 2796 Superest
712 2733 769 2779 ut
806 2725 1092 2794 deinceps,
1127 2724 1214 2778 ubi
1253 2725 1460 2778 tertiam
1491 2722 1756 2793 adjecerir

151 2831 293 2877 inus.
309 2815 377 2871 de
398 2817 518 2882 hac,
535 2833 637 2886 qua
657 2831 799 2871 nunc
819 2824 1067 2870 tenentur
1083 2815 1344 2880 dicamus,
1362 2814 1758 2883 doceamusque

151 2907 438 2977 perspicue
465 2949 481 2974 ,
513 2906 662 2977 quod
696 2907 873 2961 nullus
907 2907 1164 2976 propheta
1199 2907 1445 2975 promisit
1482 2905 1585 2959 illis
1613 2904 1760 2958 futu-

151 3013 293 3062 rum,
317 3007 374 3052 ut
393 2998 501 3052 ullo
529 3006 682 3067 pacto
706 2997 776 3051 ab
803 2997 885 3050 his
915 2997 1093 3062 malis,
1122 2997 1177 3050 in
1206 2998 1398 3066 quibus
1431 3011 1573 3050 nunc
1603 3004 1757 3066 sunt,

151 3089 447 3153 solvantur,
479 3096 570 3142 aut
596 3088 910 3142 liberentur.
937 3088 1068 3153 Qua:
1093 3097 1175 3142 est
1207 3089 1365 3157 igitur
1396 3088 1552 3143 tertia
1571 3088 1596 3140 ?
1630 3087 1759 3153 Quae

160 3183 301 3236 facta
344 3190 427 3236 est
468 3182 570 3238 sub
609 3182 874 3236 Antiocho
912 3192 1270 3253 cognomento
1297 3182 1594 3252 Epiphane.
1625 3182 1758 3236 Nam

155 3273 463 3328 Alexander
506 3272 855 3328 Macedonum
895 3288 992 3328 rex
1018 3315 1034 3338 ,
1079 3274 1165 3328 ubi
1216 3275 1430 3328 Darium
1474 3274 1760 3328 Persarum

155 3379 337 3432 regem
378 3363 720 3428 sustulisset,
761 3363 814 3416 in
857 3378 977 3417 sese
1003 3364 1276 3419 transtulit
1314 3363 1616 3432 imperium.
1650 3363 1763 3418 Hoc

155 3466 340 3508 autem
374 3454 640 3509 exstincto
665 3495 681 3520 ,
707 3463 938 3524 quatuor
966 3464 1087 3524 post
1117 3455 1266 3508 illum
1297 3469 1452 3524 reges
1480 3468 1762 3508 successe-

157 3555 324 3613 runt,
357 3561 386 3601 e
415 3561 640 3617 quorum
670 3562 778 3603 uno
808 3558 1099 3617 prognatus
1125 3547 1423 3602 Antiochus
1453 3548 1612 3617 longo
1644 3558 1763 3616 post

157 3650 401 3709 tempore
428 3647 482 3693 et
510 3639 764 3708 templum
809 3639 1084 3705 incendit,
1128 3648 1183 3694 et
1226 3649 1407 3693 sancta
1454 3647 1762 3694 sanctorum

154 3729 476 3793 devastavit,
500 3737 555 3784 et
594 3728 854 3784 sacrificia
902 3729 1139 3795 sustulit,
1178 3738 1234 3784 et
1267 3729 1484 3786 Judaeos
1527 3729 1760 3801 subegit,

155 3820 390 3891 denique
415 3829 578 3875 totam
609 3822 822 3878 illorum
845 3822 1226 3890 rempublicam
1257 3823 1472 3877 evertit.

228 3910 596 3983 1.E:cplicatio
633 3914 915 3984 prophetia:
952 3912 1201 3967 Danielis.
1233 3944 1304 3953 —
1335 3913 1405 3968 Et
1446 3914 1561 3968 lucc
1585 3914 1765 3969 omnia

157 4004 226 4061 ad
251 4020 414 4060 unum
444 4020 609 4075 usque
636 4005 778 4061 diem
809 4005 1149 4059 exactissime
1180 4005 1432 4074 praedicta
1455 4015 1581 4060 sunt
1605 4020 1634 4059 a
1667 4004 1768 4059 Da-

161 4095 340 4160 niele;
370 4106 422 4150 et
452 4096 666 4166 quando
680 4096 808 4150 'harc
837 4106 1018 4151 essent
1049 4096 1222 4149 futura
1243 4137 1257 4161 ,
1285 4107 1340 4151 et
1369 4097 1638 4165 quomodo
1657 4137 1671 4163 ,
1714 4103 1770 4151 et

159 4202 188 4244 ε
219 4203 362 4258 quo,
394 4197 448 4242 et
488 4203 594 4257 qua
636 4191 844 4243 ratione
866 4231 881 4253 ,
926 4197 982 4242 et
1025 4188 1114 4242 tibi
1157 4187 1319 4242 linem
1364 4196 1647 4256 acceptura
1672 4228 1686 4254 ,
1715 4195 1770 4242 et

159 4295 323 4352 quam
355 4280 567 4336 tandem
600 4281 946 4336 mutationem
988 4267 1266 4334 sortitura.
1307 4279 1420 4334 Hoc
1445 4288 1622 4333 autem
1652 4279 1768 4334 evi-

160 4373 376 4426 dentius
419 4374 750 4442 perspicietis
796 4373 885 4427 ubi
930 4373 1188 4428 visionem
1244 4373 1410 4443 ipsam
1455 4373 1767 4440 audieritis,

161 4479 324 4534 quam
356 4479 449 4532 per
479 4465 787 4532 parabolam
819 4465 974 4518 nobis
1002 4465 1279 4534 proposuit
1305 4465 1565 4536 propheta
1588 4505 1602 4529 ,
1631 4465 1770 4519 arie-

165 4555 239 4611 tis
289 4554 546 4609 vocabulo
589 4555 877 4625 designans
926 4556 1142 4610 Darium
1196 4572 1376 4626 regem
1427 4557 1709 4611 Persarum
1751 4573 1766 4609 :

163 4648 305 4704 hirci
337 4661 464 4700 vero
506 4646 816 4701 Graecorum
863 4663 1041 4717 regem
1063 4689 1079 4714 ,
1112 4646 1359 4703 videlicet
1404 4648 1768 4702 Alexandrum

165 4737 513 4792 Macedonem
539 4754 552 4789 :
574 4748 800 4807 quatuor
820 4753 1018 4792 cornua
1041 4747 1195 4793 vocat
1223 4753 1337 4806 eos,
1366 4740 1454 4808 qui
1483 4749 1600 4808 post
1623 4739 1769 4793 illum

162 4829 488 4886 exstiterunt
520 4844 534 4880 :
569 4837 897 4898 postremum
944 4844 1114 4885 cornu
1159 4830 1332 4898 ipsum
1373 4831 1544 4899 signat
1584 4831 1773 4884 Antio-

165 4919 356 4976 chum.
382 4919 520 4986 Quin
543 4929 757 4989 praestat
784 4922 952 4990 ipsam
979 4921 1165 4975 audire
1195 4921 1477 4976 visionem.
1517 4921 1653 4987 Vidi,
1687 4923 1771 4976 in-

165 5011 307 5080 quit,
330 5010 569 5063 visionem
597 5021 642 5064 et
667 5011 900 5065 sedebam
931 5013 985 5066 in
1021 5012 1154 5067 Ubal
1170 5030 1188 5077 ;
1221 5012 1352 5067 Ubal
1388 5014 1559 5067 locum
1589 5030 1777 5081 quem-

171 5103 314 5170 piam
352 5100 516 5166 dicit,
546 5103 827 5158 Persarum
870 5105 1046 5173 lingua
1090 5103 1168 5158 sic
1205 5104 1352 5158 illum
1391 5106 1700 5174 appellans;
1729 5115 1775 5159 et

171 5193 354 5249 sustuli
374 5194 546 5247 oculos
572 5211 728 5260 meos,
758 5205 804 5248 et
834 5196 956 5260 vidi,
985 5207 1032 5249 et
1057 5212 1169 5250 ecce
1196 5195 1328 5249 aries
1349 5212 1477 5249 unus
1501 5207 1641 5250 stans
1661 5207 1776 5251 ante

175 5285 342 5347 Ubal,
374 5295 421 5339 et
459 5296 604 5339 erant
650 5286 727 5340 illi
764 5304 954 5340 cornua
995 5289 1227 5355 excelsa,
1258 5298 1304 5342 et
1333 5305 1488 5342 unum
1529 5289 1776 5344 excelsius

169 5379 387 5444 caeteris,
413 5388 460 5432 et
483 5380 732 5433 excelsum
761 5379 892 5434 illud
921 5384 1140 5450 pervenit
1167 5399 1322 5452 usque
1350 5383 1421 5435 ad
1441 5393 1664 5438 extrema
1686 5400 1706 5438 :
1730 5393 1777 5437 et

171 5471 402 5524 uidebam
417 5471 621 5524 arietem
640 5485 914 5526 moventem
935 5489 1092 5526 cornu
1112 5485 1287 5527 contra
1303 5491 1461 5539 mare,
1477 5485 1520 5528 et
1536 5475 1774 5542 Boream,

173 5569 223 5614 et
248 5559 477 5625 Notum,
509 5570 556 5614 et
593 5579 764 5616 omnes
809 5563 978 5617 bestiae
1022 5578 1124 5615 non
1170 5564 1372 5617 stabunt
1416 5566 1467 5618 in
1506 5573 1778 5634 conspectu

175 5655 306 5720 ejus,
360 5671 447 5708 nec
489 5666 595 5708 erat
643 5657 728 5725 qui
779 5657 991 5726 eriperet
1041 5655 1105 5710 de
1149 5674 1301 5711 manu
1325 5659 1461 5712 illius
1488 5668 1576 5712 :et
1620 5659 1780 5729 facie-

177 5746 265 5798 bat
310 5745 464 5819 juxta
504 5749 813 5804 voluntatem
857 5767 1002 5804 suam
1026 5793 1041 5817 ,
1098 5760 1142 5805 et
1183 5753 1539 5822 magni/reatus
1575 5761 1679 5818 est,
1731 5763 1779 5807 et

176 5855 273 5912 ego
305 5839 639 5912 intelligebam
672 5841 831 5914 (Dan.
872 5843 924 5903 8.
966 5843 1020 5900 ‘2.
1052 5854 1096 5899 et
1121 5852 1302 5918 seqq).
1338 5847 1410 5902 De
1437 5845 1671 5918 potentia
1703 5845 1786 5900 lo-

1400 419 1765 491 AlWEltSUS
1794 419 2112 485 ωωεοε.
2155 421 2220 476 ν.

3334 429 3441 486 θυι

1846 535 2028 605 quitur
2053 532 2265 590 Persica
2285 574 2300 599 ,
2333 540 2389 588 et
2421 531 2695 588 dominatu
2719 573 2734 598 ,
2761 530 2851 602 qui
2883 510 3123 601 perviasit
3144 539 3307 586 totam
3335 538 3447 582 tt-r-

1843 641 1981 681 ram.
2012 625 2214 681 Deinde
2236 624 2306 680 dc
2335 624 2638 679 Alexandro
2667 621 3013 678 Macedonum
3027 637 3171 692 rege
3197 621 3447 690 loquens.

1844 716 2001 771 dicit:
2020 714 2088 769 Et
2114 731 2227 769 ecce
2251 715 2420 768 hircus
2445 731 2715 786 caprarum
2739 714 2868 768 venit
2894 711 2955 766 ab
2984 712 3168 765 Austro
3197 725 3349 781 super
3371 715 3454 781 fa-

1844 808 1971 861 ciem
1999 808 2244 861 universte
2283 816 2430 860 terra:
2453 848 2468 872 ,
2501 816 2545 860 et
2590 822 2692 859 non
2721 805 2953 876 tangebat
2984 813 3169 856 terram
3192 843 3206 866 ,
3238 811 3284 856 et
3308 803 3452 870 hirco

1847 898 1926 951 illi
1946 897 2260 968 prominebat
2285 913 2442 950 cornu
2471 896 2524 949 in
2553 897 2718 949 medio
2744 895 3007 948 oculorum
3038 893 3220 964 ipsius.
3253 891 3454 945 Deinde

1849 1003 2074 1043 narrans
2102 1003 2449 1058 congressum
2480 987 2770 1041 Alexandri
2801 1002 2923 1041 cum
2968 986 3156 1052 Dario,
3185 984 3455 1053 ejusdem.

1849 1095 1954 1150 que
1985 1077 2263 1135 victoriam
2293 1080 2498 1135 viribus
2527 1088 2734 1149 partam
2777 1094 2791 1130 :
2839 1075 3014 1140 Venit,
3043 1075 3255 1145 inquit,
3283 1077 3455 1129 hircus

1850 1187 2005 1240 usque
2018 1170 2097 1224 'ad
2133 1171 2338 1224 arietem
2384 1170 2643 1224 habentem
2684 1185 2877 1223 cornua
2897 1211 2912 1234 ,
2944 1179 2989 1221 et
3021 1166 3260 1234 elferatus
3302 1177 3372 1219 est
3401 1168 3452 1218 in

1850 1277 1984 1327 eum,
2008 1271 2054 1316 et
2081 1262 2324 1331 percussit
2349 1262 2577 1326 arietem,
2605 1261 2891 1316 dicendum
2921 1268 3005 1315 est
3029 1260 3171 1314 enim
3199 1274 3454 1328 compen-

1852 1353 1962 1419 dio,
1980 1363 2027 1408 et
2052 1354 2285 1408 contrivit
2313 1363 2581 1423 utrumque
2599 1370 2758 1408 cornu
2781 1352 2940 1415 illius,
2963 1367 3055 1405 nec
3083 1360 3187 1406 erat
3210 1351 3294 1421 qui
3320 1352 3456 1403 arie-

1854 1453 1953 1497 tem
1977 1445 2186 1514 eriperet
2213 1443 2277 1498 de
2313 1460 2468 1497 manu
2495 1443 2658 1499 illius.
2690 1431 2934 1498 Pos‘tharc
2971 1457 3199 1496 narrans
3229 1450 3461 1496 mortem

1855 1537 2182 1606 Alexandri,
2214 1546 2269 1593 et
2306 1541 2532 1607 quatuor
2556 1553 2740 1608 regum
2771 1536 3169 1592 successionem
3203 1550 3217 1586 ι
3252 1532 3317 1586 Ει
3343 1548 3460 1585 cum

1855 1631 1937 1685 hic
1965 1631 2286 1685 invalesceret
2310 1672 2324 1696 ,
2358 1632 2564 1701 inquit,
2592 1632 2869 1685 contritum
2906 1639 2979 1684 est
3019 1645 3176 1683 cornu
3205 1628 3317 1698 ejus
3344 1642 3459 1679 ma-

1854 1739 2029 1792 gnum,
2050 1732 2099 1775 et
2121 1730 2294 1776 ἀτονία
2315 1733 2430 1776 sunt
2457 1731 2674 1792 quatuor
2693 1737 2885 1775 cornua
2905 1719 2996 1774 sub
3021 1720 3133 1781 illo,
3155 1719 3224 1772 ad
3244 1725 3459 1784 quatuor

1855 1821 2024 1866 ventos
2051 1813 2183 1867 ctuti.
2212 1813 2347 1867 Hinc
2375 1813 2643 1868 transiens
2676 1812 2930 1879 deinceps
2964 1809 3031 1864 ad
3094 1808 3345 1863 Antiochi
3373 1823 3461 1862 re-

1855 1919 2014 1973 gnum
2029 1904 2193 1968 venit,
2209 1913 2262 1957 et
2274 1902 2556 1958 declamas
2573 1901 2715 1972 quod
2733 1919 2800 1956 ex
2819 1902 3009 1955 horum
3025 1910 3252 1970 quatuor
3267 1914 3374 1953 uno
3390 1899 3462 1952 sit

1857 2003 2008 2050 ortus
2027 2037 2042 2060 ,
2073 1995 2151 2048 sic
2181 1995 2291 2051 fere
2317 1995 2392 2049 ait
2424 2011 2438 2048 :
2469 1993 2553 2049 Ea:
2580 2012 2680 2049 uno
2721 1994 2910 2063 prodiit
2935 2009 3095 2046 cornu
3123 1992 3351 2045 validum
3370 2032 3384 2056 ,
3414 2000 3463 2045 et

1847 2073 2136 2139 exaltatum
2160 2096 2232 2144 est
2258 2087 2588 2151 vehementer,
2617 2086 2684 2138 ad
2708 2084 2902 2139 Notum
2927 2093 2974 2137 et
2999 2082 3274 2137 Orientem.
3303 2082 3458 2136 Dein-

1858 2178 1927 2232 de
1965 2178 2254 2248 designans
2297 2177 2438 2246 quod
2479 2177 2753 2233 Judaicam
2803 2177 3040 2246 politiam
3089 2173 3326 2229 funditus
3365 2172 3462 2228 de,

1859 2271 2053 2325 struxit
2086 2289 2098 2324 :
2134 2269 2405 2336 Post/saec,
2438 2270 2644 2340 inquit,
2676 2270 2986 2337 sacriﬁcium
3031 2285 3122 2340 per
3148 2284 3262 2321 eum
3291 2266 3467 2320 turba-

1861 2372 1965 2416 tum
1991 2372 2068 2416 est
2088 2362 2289 2416 delicto.
2324 2361 2391 2416 Et
2421 2367 2612 2433 factum
2639 2372 2732 2427 est,
2763 2373 2810 2416 et
2837 2379 3078 2432 prospere
3105 2360 3370 2432 processit.
3397 2358 3466 2413 Et

1863 2463 2092 2506 sanctum
2137 2453 2557 2525 desolabitur,let
2600 2454 2778 2509 datum
2822 2463 2896 2507 est
2937 2462 3115 2505 contra
3157 2450 3467 2519 sacriﬁcium

1862 2553 2156 2613 peccatum;
2184 2545 2340 2598 altari
2365 2545 2497 2598 enim
2524 2544 2745 2609 sublato,
2770 2543 2960 2598 sanctis
2988 2542 3316 2605 conculcatis,
3346 2541 3465 2594 ido-

1866 2634 1972 2688 lum
1994 2636 2168 2689 statuit
2193 2638 2349 2702 intus,
2374 2646 2418 2688 et
2439 2636 2628 2690 hostias
2653 2633 2930 2691 immolavit
2952 2633 3263 2688 dtemonibus
3288 2642 3468 2686 contra

1863 2725 2046 2797 legent,
2069 2735 2114 2779 et
2141 2728 2367 2796 projecta
2391 2736 2464 2779 est
2489 2727 2540 2780 in
2570 2735 2756 2780 terram
2766 2726 2992 2794 justitia.
3020 2725 3083 2778 Et
3109 2727 3245 2797 fecit,
3271 2733 3316 2778 et
3342 2741 3468 2794 pro-

1863 2836 2008 2888 spere
2060 2822 2318 2889 processit.
2366 2818 2565 2874 Deinde
2618 2835 2828 2873 rursum
2875 2819 2944 2872 de
2975 2818 3078 2872 hoc
3134 2818 3253 2886 ipso
3302 2829 3468 2885 agens

1863 2928 2029 2983 regno
2057 2912 2309 2967 Antiochi
2344 2912 2656 2982 Epiphanis,
2685 2898 2858 2982 deque
2885 2911 3194 2981 captivitate
3231 2909 3468 2964 excidio-

1864 3021 1970 3077 que
1993 3021 2056 3060 ae
2083 3006 2418 3060 desolatione
2449 3005 2655 3073 templi,
2685 3008 2843 3058 etiam
2873 3004 3045 3073 ipsum
3074 3012 3289 3072 tempus
3314 3001 3469 3055 addi-

1864 3098 1962 3153 dit.
1983 3098 2222 3152 Exorsus
2240 3097 2383 3151 enim
2405 3097 2474 3150 ab
2495 3095 2780 3150 Alexandri
2810 3109 2994 3164 regno,
3018 3093 3195 3147 denuo
3217 3093 3280 3146 ad
3306 3093 3466 3146 linem

1867 3191 1986 3256 libri
2009 3193 2167 3246 etiam
2193 3189 2502 3244 intermedia
2531 3202 2961 3243 commemorans
2985 3187 3186 3251 omnia,
3209 3201 3326 3255 quae
3348 3185 3472 3239 Pto-

1865 3283 2042 3338 lemaei
2078 3291 2132 3336 et
2179 3281 2386 3336 Seleuci
2426 3279 2793 3334 conllictantes
2835 3278 2974 3332 inter
3017 3291 3137 3332 sese
3185 3265 3470 3341 fecerunt,

1866 3388 2092 3443 quaeque
2135 3372 2324 3426 horum
2373 3370 2537 3425 duces
2577 3377 2895 3438 gesserunt,
2946 3368 3138 3433 dolos,
3180 3367 3470 3432 victm-ias,

1869 3466 2142 3521 exercitus
2167 3506 2182 3529 ,
2213 3477 2418 3533 pugnas
2443 3463 2660 3516 navales
2680 3505 2695 3527 ,
2727 3461 2906 3529 prmlia
2935 3459 3200 3529 pedestria
3231 3476 3244 3512 :
3277 3458 3474 3513 deinde

1871 3570 2190 3627 progressus
2215 3557 2266 3609 in
2297 3553 2619 3608 Antiochum
2641 3553 2837 3607 desinit
2863 3552 3053 3605 iterum
3085 3551 3270 3604 dicens
3301 3566 3313 3601 :
3343 3547 3475 3601 Bra-

1872 3649 1987 3702 chia
2008 3665 2070 3702 ea:
2087 3648 2199 3717 ipso
2216 3648 2528 3712 exorientur,
2545 3657 2594 3698 et
2617 3644 2957 3714 profanabant
2980 3652 3210 3696 sanctum
3231 3650 3278 3693 et
3300 3651 3472 3693 trans-

1871 3739 2035 3808 ferent
2071 3738 2546 3800 continuationem;
2596 3735 3050 3789 continuationem
3081 3733 3357 3803 appellans
3387 3746 3476 3786 so-

1873 3831 2078 3883 lemnes
2119 3837 2174 3882 et
2213 3827 2547 3897 quotidianas
2579 3827 2852 3884 victimas:
2902 3835 2948 3878 et
2987 3826 3206 3896 inferent
3249 3826 3302 3877 in
3329 3823 3474 3878 illam

1874 3922 2317 3987 abominatiouem,
2341 3930 2386 3974 et
2409 3937 2491 3974 eos
2515 3920 2600 3990 qui
2626 3920 2816 3972 violant
2842 3929 3215 3982 testamentum,
3242 3917 3344 3972 hoc
3367 3925 3472 3982 cst,

1877 4013 2290 4080 prtevaricantes
2317 4010 2553 4076 Judazos,
2577 4011 2827 4063 adducent
2853 4011 2905 4063 in
2935 4010 3133 4075 ruinas,
3165 4024 3348 4064 secum
3381 4007 3476 4061 ha-

1876 4104 2076 4158 bebunt
2116 4118 2179 4156 ac
2208 4101 2564 4167 transferent,
2612 4109 2656 4154 et
2696 4101 2914 4170 populus
2959 4116 3263 4169 cognoscens
3314 4098 3476 4151 Deum

1875 4211 2024 4248 suum
2051 4193 2339 4263 prtevalebit
2363 4209 2384 4246 :
2434 4188 2857 4248 Machibtcorum
2885 4205 2976 4244 res
3001 4189 3328 4259 significans,
3357 4205 3477 4258 qum

1878 4287 2186 4342 acciderunt
2209 4285 2309 4338 sub
2338 4283 2470 4339 Juda
2502 4292 2556 4338 et
2580 4283 2798 4338 Simone
2826 4292 2882 4337 et
2908 4282 3148 4345 Joanne;
3180 4292 3228 4336 et
3256 4282 3479 4352 pruden-

1876 4390 1948 4434 tes
1973 4379 2147 4451 papuli
2173 4377 2450 4447 intelligent
2481 4375 2549 4428 ad
2577 4377 2757 4440 multa,
2791 4384 2837 4429 et
2859 4359 3254 4443 inﬁrntabuntur
3280 4373 3331 4425 in
3362 4373 3477 4441 gla-

1876 4473 1962 4525 dio
2003 4479 2050 4524 et
2082 4471 2327 4540 ﬂamma;
2367 4467 2617 4521 nimirum
2668 4467 2861 4521 iterum
2910 4478 3136 4519 narrans
3175 4463 3479 4518 incendium

1878 4561 2141 4625 civitatis;
2173 4570 2220 4613 et
2253 4560 2304 4613 in
2335 4559 2657 4629 captivitate,
2691 4565 2737 4611 et
2765 4558 2818 4610 in
2849 4556 3133 4623 direptione
3170 4556 3406 4616 dierum;
3433 4565 3479 4606 et

1879 4669 1993 4704 cum
2021 4652 2265 4722 inﬁrmati
2296 4651 2523 4721 fuerint,
2564 4647 2939 4718 adjuvabuntur
2981 4647 3238 4717 adjutorio
3284 4662 3484 4716 parvo:

1878 4744 2182 4815 signiﬁcans
2209 4742 2350 4813 quod
2392 4742 2444 4796 in
2492 4741 2684 4795 mediis
2715 4740 2819 4793 illis
2859 4739 3010 4793 malis
3039 4749 3287 4808 poterunt
3311 4740 3483 4807 respi-

1881 4853 2003 4892 rare
2026 4879 2040 4902 ,
2074 4845 2127 4891 et
2166 4850 2444 4906 emergere
2481 4850 2546 4887 ex
2577 4832 2952 4886 afﬂictionibus
2975 4873 2991 4898 ,
3020 4831 3212 4901 quibus
3257 4830 3480 4886 involuti

1880 4939 2040 4992 sunt;
2071 4939 2117 4983 et
2151 4928 2491 4998 adjungentur
2514 4926 2617 4979 illis
2655 4926 2801 4978 multi
2829 4925 2882 4977 in
2909 4924 3069 4977 ruinis
3094 4963 3110 4988 ,
3134 4923 3261 4975 etab
3291 4922 3482 4976 intelli-

1885 5021 2113 5091 gentibus
2138 5014 2720 5087 in/irmabuntur’wan.
2754 5015 2839 5069 Η.
2870 5016 3024 5069 31.5:
3056 5014 3237 5085 scqq.).
3271 5014 3364 5068 His
3389 5029 3483 5067 au-

1884 5124 1988 5166 tem
2017 5110 2195 5165 verbis
2225 5109 2485 5179 signilieat
2513 5106 2746 5161 futurum
2771 5147 2787 5170 ,
2821 5113 2877 5160 ut
2907 5105 3057 5159 multi
3087 5105 3249 5160 etiam
3279 5113 3484 5159 stantes

1881 5204 2094 5260 eadant.
2124 5202 2327 5256 Deinde
2347 5214 2562 5255 causam
2591 5199 2749 5252 etiam
2779 5197 2973 5266 aperit,
3003 5198 3074 5250 ob
3098 5211 3256 5266 quam
3286 5197 3483 5264 permi-

1883 5297 1952 5350 sit
1976 5297 2117 5349 Deus
2146 5294 2268 5348 illos
2294 5293 2344 5346 in
2379 5292 2538 5346 tantis
2563 5291 2719 5345 malis
2745 5288 2970 5345 versari.
2996 5289 3255 5355 Qumnam
3276 5296 3357 5341 est
3377 5288 3484 5340 ea?

1889 5386 1955 5439 lit
2003 5385 2118 5457 igne
2159 5383 2407 5437 exantinet
2454 5381 2589 5446 illos,
2638 5380 2837 5449 inquit,
2881 5380 3066 5450 eligat,
3100 5388 3250 5447 atque
3288 5375 3485 5429 dealbet

1885 5496 2038 5550 usque
2055 5478 2124 5532 ad
2144 5479 2409 5531 terminum
2437 5476 2695 5546 temporis.
2720 5474 2946 5544 PrOpter
2970 5473 3083 5527 haec
3103 5473 3268 5536 enim,
3289 5471 3479 5539 inquit,

1885 5570 2000 5624 hare
2016 5570 2254 5639 permisit
2271 5569 2432 5635 Deus,
2447 5575 2507 5621 ut
2519 5581 2611 5622 eos
2630 5562 3378 5636 repurgaret,ostenderetque
3392 5562 3482 5629 qni

1885 5671 2071 5717 essent
2097 5662 2235 5716 inter
2263 5660 2383 5714 illos
2412 5658 2640 5728 probati.
2662 5655 2863 5712 Deinde
2885 5641 3316 5710 commemorans
3341 5651 3482 5721 regis

1887 5754 2027 5808 illius
2053 5752 2365 5822 potentiam,
2398 5751 2472 5804 ait
2496 5767 2508 5803 :
2541 5748 2605 5802 Et
2631 5748 2782 5819 faciet
2800 5751 2951 5815 juxta
2981 5746 3284 5799 voluntatem
3313 5759 3481 5806 suam,

1888 5856 1936 5905 et
1955 5845 2280 5914 exaltabitur,
2297 5853 2342 5899 ct
2364 5843 2784 5918 magni/imbitur.
2809 5841 2926 5897 Mox
2956 5836 3325 5910 blasphcmum
3344 5834 3487 5893 illius
