4178 6324
667 368 771 426 895

661 484 901 536 animum
932 479 1235 550 significans
1253 521 1269 546 ,
1295 479 1442 534 addit
1487 496 1499 508 ·
1546 479 1790 533 Adversus
1818 476 1980 530 Deum
2007 476 2216 528 deorum
2239 514 2255 538 ,

665 577 832 645 inquit
857 617 876 642 ,
905 575 1132 643 loquetur
1157 580 1374 640 superba
1398 611 1411 634 ,
1444 581 1489 625 et
1534 570 1911 647 prasperabitur
1931 610 1946 633 ,
1981 568 2138 620 donec
2180 567 2259 619 ira

666 665 1128 720 consummabimr:
1158 664 1431 718 declarans
1459 663 1600 734 quod
1640 678 1744 715 non
1789 679 1853 716 ex
1887 661 2098 730 pr0prio
2123 674 2255 713 con-

667 760 818 821 sill”,
846 759 940 811 sed
976 765 1190 825 propter
1221 757 1350 809 iram
1398 755 1490 809 Dei
1534 754 1791 807 adversus
1825 753 2036 807 Juda‘os
2062 752 2150 807 ille
2180 751 2258 806 sic

671 849 969 902 invaluerit.
996 847 1230 900 Tandem
1257 846 1342 900 ubi
1365 846 1600 913 pluribus
1621 845 1735 898 aliis
1757 844 1888 897 dixit
1907 852 2099 912 quanta
2119 843 2256 897 mala

667 938 899 993 facturus
930 948 1109 1003 esset,
1150 949 1260 989 tum
1305 935 1537 1007 Egypto
1560 978 1575 1000 ,
1611 945 1720 988 tum
1751 933 2046 987 l’ala'stinze
2073 949 2087 998 ;
2119 949 2255 1001 quo-

668 1033 826 1086 rnodo
853 1031 1117 1084 rediturus
1146 1032 1212 1084 sit
1237 1070 1252 1093 ,
1296 1040 1348 1084 et
1391 1043 1496 1099 quo
1524 1039 1746 1082 vocante
1771 1069 1786 1091 ,
1817 1039 1873 1081 et
1901 1042 2002 1096 qua
2035 1035 2254 1095 urgente

665 1137 822 1177 eausa
851 1139 864 1174 :
892 1129 1071 1189 postea
1096 1129 1275 1174 narrat
1298 1129 1596 1189 temporum
1618 1117 1982 1180 mutationem,
2010 1115 2254 1186 quodque

667 1211 834 1266 Judaei
867 1219 1147 1280 postquam
1183 1223 1275 1279 per
1306 1210 1421 1263 hac
1465 1210 1642 1263 omnia
1688 1207 2034 1272 transierint,
2067 1207 2253 1260 nanci-

668 1313 885 1356 scentur
906 1301 1115 1372 aliquod
1139 1301 1412 1362 auxilium,
1431 1301 1594 1353 misso
1620 1301 1808 1368 angelo
1825 1299 1875 1352 in
1903 1299 2111 1351 illorum
2129 1297 2254 1350 sub-

669 1395 880 1448 sidium.
910 1393 975 1448 In
1003 1406 1226 1463 tempore
1251 1394 1381 1446 enim
1412 1391 1522 1457 illo,
1551 1393 1738 1460 inquit,
1766 1400 2002 1460 exsurget
2030 1390 2254 1442 Michael

667 1487 898 1555 princeps
927 1502 1138 1555 magnus
1160 1527 1175 1551 ,
1205 1487 1291 1549 qui
1319 1488 1583 1553 prafectus
1608 1494 1678 1537 est
1708 1483 1828 1550 ﬁliis
1867 1483 2043 1551 pepuli
2068 1483 2174 1547 tui,
2204 1493 2251 1535 et

664 1578 756 1628 erit
789 1589 982 1645 tempus
1007 1577 1286 1646 aﬂlictionis
1310 1617 1324 1640 ,
1353 1575 1500 1644 quale
1527 1591 1626 1626 non
1658 1574 1774 1643 fuit,
1805 1590 1867 1626 ea:
1890 1590 1986 1640 quo
2013 1589 2134 1643 gens
2164 1577 2249 1641 fa-

665 1677 745 1719 eta
766 1678 836 1720 est
857 1669 908 1720 in
935 1678 1064 1720 terra
1093 1683 1249 1736 usque
1275 1665 1341 1717 ad
1369 1675 1563 1734 tempus
1591 1665 1738 1727 illud,
1766 1673 1813 1718 et
1837 1665 1888 1716 in
1916 1674 2137 1732 tempore
2158 1663 2249 1716 illo

663 1759 802 1810 salva
826 1757 910 1824 ﬁet
939 1757 1100 1809 omnis
1129 1756 1398 1808 multitudo
1421 1797 1436 1819 ,
1469 1771 1584 1825 qua
1615 1756 1889 1824 reperietur
1915 1755 2166 1824 descripta
2195 1756 2248 1808 in

665 1847 791 1900 libro
822 1847 996 1918 (Dan.
1031 1847 1120 1901 η.
1149 1845 1233 1916 l),
1266 1847 1367 1899 hoc
1385 1855 1487 1909 est,
1517 1847 1604 1912 qui
1635 1845 1776 1914 digni
1805 1855 1926 1898 sunt
1954 1845 2146 1900 salute.

732 1940 786 1994 8.
829 1939 1022 1992 Verum
1064 1954 1131 1992 ne
1175 1953 1319 1991 nunc
1358 1937 1571 2006 quidem
1617 1936 1790 1990 adhuc
1825 1936 2244 1990 demonstratum

660 2038 760 2092 est,
786 2029 853 2082 de
875 2044 979 2098 quo
1001 2028 1096 2081 fuit
1119 2030 1355 2081 instituta
1383 2027 1626 2095 quaestio.
1651 2026 1786 2092 Quid
1806 2036 1979 2080 autem
2005 2026 2104 2080 hoc
2125 2027 2243 2080 est?

663 2119 920 2173 Videlicet
961 2117 1102 2185 quod
1134 2123 1292 2173 etiam
1327 2127 1562 2185 tempora
1598 2118 1904 2186 praefinierit
1939 2117 2020 2170 his
2055 2118 2206 2170 malis
2228 2160 2241 2181 ,

659 2215 801 2268 velut
832 2215 936 2268 illic
974 2215 1156 2283 prima:
1197 2214 1469 2266 servitutis
1497 2226 1664 2265 annos
1691 2210 2129 2280 quadringentos,
2163 2226 2246 2264 sc-

655 2305 844 2360 cnndte
883 2314 1065 2375 postea
1114 2292 1466 2375 septuaginta.
1515 2303 1804 2358 Videamus
1851 2305 2010 2373 igitur
2050 2319 2115 2357 an
2161 2304 2244 2357 his

655 2411 866 2464 quoque
893 2395 1150 2464 prmliniat
1179 2403 1385 2462 tempus
1408 2393 1642 2463 aliquod.
1671 2393 1766 2448 lbi
1790 2407 1916 2447 vero
1943 2393 2121 2447 licebit
2141 2392 2242 2448 hoc

658 2487 938 2540 invenire?
971 2484 1026 2539 In
1088 2487 1152 2540 iis
1193 2501 1310 2555 qua:
1351 2493 1469 2553 post
1511 2484 1628 2539 htec
1671 2483 1933 2538 dicentur.
1981 2483 2242 2551 Quoniam

655 2577 796 2630 enim
821 2576 1062 2630 audierat
1092 2577 1253 2630 multa
1284 2589 1577 2644 magnaque
1605 2575 1762 2639 mala,
1795 2575 2026 2628 civitatis
2054 2575 2240 2628 incen-

652 2666 796 2719 dium
819 2709 832 2728 ,
867 2666 1060 2735 politire
1103 2666 1499 2719 subversionem
1525 2706 1540 2730 ,
1582 2678 1800 2717 suorum
1843 2665 2235 2731 captivitatem.

655 2767 835 2826 postea
857 2756 1192 2810 desiderabat
1215 2755 1372 2808 finem
1403 2754 1610 2808 illorum
1636 2753 1862 2818 discere,
1892 2763 1946 2807 et
1970 2770 2097 2809 num
2121 2769 2239 2823 quae

653 2847 825 2901 futura
851 2854 993 2900 esset
1017 2861 1199 2899 earum
1227 2845 1584 2898 calamitatum
1618 2845 1982 2898 commutatio.
2008 2844 2239 2899 Percon-

653 2945 770 2987 tam
797 2945 973 2988 autem
1004 2933 1082 2988 sic
1119 2933 1436 3001 loquebatur
1455 2973 1471 2999 ,
1502 2932 1718 2986 Domine
1741 2972 1756 2995 ,
1786 2935 1897 3002 quis
1922 2941 1994 2986 est
2030 2933 2236 2986 istorum

651 3028 808 3095 ﬁnis?
834 3025 902 3078 Et
927 3026 1077 3089 dixit,
1118 3023 1242 3078 Veni
1268 3024 1365 3076 huc
1391 3023 1609 3078 Daniel:
1631 3023 1867 3092 quoniam
1895 3023 2056 3075 clausi
2078 3032 2124 3076 et
2150 3021 2240 3076 οὐ·

651 3119 836 3187 signati
865 3127 979 3169 sunt
1017 3132 1268 3170 sermones
1305 3131 1324 3169 :
1353 3115 1693 3169 subindicans
1733 3114 2110 3170 obscuritatem
2141 3129 2254 3170 eoa

652 3224 767 3262 rum
789 3250 802 3272 ,
834 3208 1317 3284 quaedicerentur,
1352 3205 1518 3276 Usque
1544 3205 1612 3258 ad
1649 3203 1884 3274 ternporis
1911 3205 2082 3273 ﬁnem.
2117 3204 2236 3259 Mox

650 3314 861 3351 causam
888 3299 1155 3366 aperiens,
1183 3313 1346 3366 quare
1376 3297 1474 3350 ista
1507 3297 1807 3365 permiserit
1834 3298 2050 3350 evenire
2076 3296 2232 3360 mala,

651 3387 823 3442 Donec
852 3389 1122 3458 eligantur,
1167 3389 1369 3458 inquit,
1403 3398 1448 3441 et
1477 3387 1789 3453 dealbentur,
1822 3398 1868 3441 et
1905 3389 2011 3458 igni
2039 3389 2233 3441 mmi-

651 3489 832 3531 nentur
850 3478 1016 3542 multi,
1039 3489 1084 3532 et
1111 3480 1280 3546 inique
1302 3489 1455 3548 agant
1481 3479 1661 3547 iniqui,
1692 3489 1736 3531 et
1759 3479 2042 3548 intelligant
2065 3495 2237 3533 omnes

649 3569 810 3638 impii,
828 3579 872 3621 et
891 3568 1086 3620 cordati
1105 3569 1386 3638 intelligant
1407 3567 1564 3636 (Dan.
1585 3569 1668 3621 l2.
1690 3569 1745 3622 8.
1763 3578 1808 3622 et
1823 3571 2006 3637 seqq.).
2033 3569 2236 3623 Deinde

649 3667 844 3726 quanto
862 3665 1098 3725 tempore
1119 3659 1223 3711 sint
1252 3658 1354 3710 illis
1381 3673 1626 3710 mansura
1647 3657 1758 3712 hac
1785 3659 1920 3711 mala
1944 3659 2235 3727 praedicens

650 3748 722 3798 ait
747 3764 758 3796 :
779 3747 820 3798 Α
846 3757 1066 3815 tempore
1095 3749 1522 3800 transmutationis
1540 3748 1910 3824 epdelecltismi.
1940 3749 2028 3801 Sic
2056 3757 2233 3802 autem

651 3840 936 3892 vocabatur
955 3839 1318 3908 quotidianum
1344 3854 1370 3892 s
1389 3838 1680 3892 xcrificium.
1711 3840 1839 3893 Nam
1867 3846 2095 3909 (nam,
2117 3859 2236 3910 per-

651 3939 867 3997 petuum
899 3939 1012 3994 est,
1044 3929 1291 3998 frequens
1312 3971 1326 3992 ,
1355 3940 1408 3983 et
1435 3932 1764 3982 continuum.
1796 3930 1921 3983 Erat
1946 3933 2088 3985 enim
2117 3946 2234 3986 mos

649 4018 846 4071 ludatis
872 4026 926 4071 et
952 4019 1158 4086 vesperi
1204 4027 1259 4071 et
1303 4018 1401 4070 sub
1428 4033 1674 4071 auroram
1707 4027 1760 4072 et
1787 4020 1995 4088 singulo
2025 4037 2236 4090 quoque

649 4110 733 4161 die
751 4108 1066 4161 sacrificium
1089 4108 1281 4161 offerre
1304 4108 1430 4161 Deo.
1459 4111 1629 4176 Atque
1649 4109 1716 4162 de
1737 4124 1892 4162 causa
1916 4114 2232 4166 sacriﬁcium

651 4198 776 4251 illud
821 4197 1309 4260 eudelechismum,
1351 4197 1399 4250 id
1441 4207 1522 4251 est
1559 4198 1958 4263 assiduitatem,
1991 4202 2230 4257 vocabat.

653 4289 934 4358 Postquam
963 4289 1119 4358 igitur
1145 4289 1365 4341 veniens
1390 4288 1682 4344 Antiochus
1713 4290 1852 4344 hunc
1879 4307 2078 4345 morem
2111 4308 2232 4348 sns-

652 4381 770 4434 tulit
807 4390 858 4435 et
899 4381 1199 4434 immutat-it
1224 4398 1235 4432 :
1263 4380 1362 4434 hoc
1387 4389 1487 4441 est,
1513 4381 1651 4450 quod
1683 4382 1757 4435 ait
1781 4383 2018 4452 angelus,
2046 4385 2090 4437 Α
2114 4394 2235 4438 tem-

655 4489 773 4541 pore
801 4473 1234 4525 transmutationis
1263 4473 1636 4538 endelecltismi,
1671 4474 1770 4528 hoc
1801 4485 1901 4540 est,
1935 4493 1963 4529 a
1997 4488 2233 4546 tempore

656 4581 756 4633 quo
779 4566 1191 4619 commutabitur
1214 4566 1316 4620 hoc
1338 4567 1679 4633 sacrificium,
1707 4578 1823 4622 sunt
1849 4570 1954 4622 dies
1983 4570 2121 4623 mille
2140 4572 2236 4624 du-

647 4657 778 4711 centi
803 4666 850 4709 et
880 4657 1181 4726 nonaginta,
1209 4656 1310 4710 hoc
1336 4666 1417 4711 est
1439 4697 1454 4723 ,
1487 4665 1593 4712 tres
1618 4659 1742 4712 anni
1771 4675 1891 4713 cum
1917 4659 2191 4715 dimidiato
2213 4703 2232 4726 ,

649 4763 712 4802 ac
741 4749 896 4817 paulo
919 4749 1165 4817 amplius.
1196 4749 1396 4803 Deinde
1424 4749 1566 4819 quod
1600 4759 1709 4803 tum
1739 4761 1883 4804 esset
1903 4751 2110 4806 futurus
2138 4754 2232 4805 ho-

650 4856 766 4894 rnm
798 4839 1057 4894 malorum
1085 4840 1206 4895 ﬁnis
1240 4855 1303 4894 ac
1331 4843 1619 4904 terminus,
1649 4843 1860 4911 subjicit
1890 4861 1903 4896 :
1936 4843 2120 4897 Beatus
2148 4846 2234 4913 qui

649 4933 938 4986 sustinuerit
965 4948 1025 4984 ac
1048 4933 1320 5000 pervenerit
1351 4949 1505 5002 usque
1531 4934 1598 4986 ad
1623 4934 1727 4988 dies
1753 4937 1891 4989 mille
1917 4946 2158 4990 trecentos
2185 4947 2232 4990 et

651 5024 857 5093 triginta
877 5023 1094 5099 quinque
1111 5040 1129 5077 :
1149 5025 1294 5078 mille
1315 5024 1557 5078 ducentis
1579 5027 1861 5095 nonaginta
1883 5027 2084 5082 addens
2104 5044 2234 5097 qua-

651 5114 890 5183 draginta
919 5115 1170 5184 quinque.
1193 5117 1452 5183 Quoniam
1484 5121 1624 5170 enim
1653 5119 1704 5171 in
1729 5134 1910 5173 mense
1936 5131 1989 5173 et
2015 5120 2232 5176 dimidio

650 5205 848 5258 mensis
869 5205 1060 5259 accidit
1085 5215 1141 5260 ut
1168 5206 1320 5260 fleret
1349 5208 1438 5261 ille
1468 5208 1745 5264 conflictus
1770 5227 1782 5260 :
1811 5211 1860 5263 in
1893 5209 1992 5264 hoc
2013 5212 2229 5265 victoria

651 5293 736 5349 illa
768 5313 896 5366 pura
930 5297 1066 5353 facta
1109 5308 1223 5364 est,
1251 5309 1306 5353 et
1344 5301 1579 5354 omnium
1629 5303 1885 5356 malorum
1929 5306 2228 5373 urgentium

648 5391 992 5442 commutatio
1017 5405 1030 5440 :
1055 5404 1175 5443 cum
1203 5399 1378 5445 autem
1409 5393 1513 5445 ait:
1534 5391 1718 5446 Beatus
1741 5395 1824 5464 qui
1852 5396 2139 5448 sustinuerit
2164 5396 2232 5449 ad

649 5482 755 5535 dies
784 5483 922 5534 mille
948 5491 1193 5536 trecentos
1218 5485 1423 5552 triginta
1448 5487 1682 5553 quinque,
1712 5501 1887 5540 rerum
1912 5487 2233 5544 immutatio-

653 5589 773 5625 nem
805 5572 1056 5626 declarat.
1083 5573 1260 5642 Neque
1291 5575 1600 5642 simpliciter
1622 5575 1774 5641 dixit,
1797 5577 1884 5647 qui
1909 5581 2227 5647 pervenerit,

650 5679 833 5716 verum
877 5664 962 5732 qui
1005 5665 1294 5717 sustinuerit
1339 5675 1386 5718 et
1427 5683 1457 5734 p
1488 5668 1698 5719 rvenerit
1739 5684 1756 5720 :
1799 5668 2047 5738 quoniam
2089 5670 2230 5723 enim

649 5755 798 5809 multi
832 5770 1045 5820 eorum,
1077 5757 1163 5826 qui
1193 5755 1524 5827 impietatem
1549 5768 1954 5829 perpetrarnnt,
1988 5762 2232 5818 viderunt

1395 366 1451 422 S.
1491 363 1768 421 JUANNIS
1803 357 2275 421 CHRYSOSTOMI
2315 357 2450 414 ABG
2470 359 2652 417 ﬂlEP.
2692 361 3231 420 CONSTANTINOP.

3683 136 4143 360 '1"!

3854 366 3975 422 896

2368 477 2861 541 commutationem,
2891 493 2996 532 non
3025 493 3119 533 eos
3141 478 3454 546 simpliciter
3476 478 3610 534 dixit
3635 481 3840 547 beatos,
3875 486 3976 540 sed

2364 580 2460 620 eos
2487 567 2575 636 qui
2616 569 2978 623 testimonium
3025 571 3362 639 pr:ebuerant
3391 572 3443 626 in
3485 573 3676 629 diebus
3719 576 3976 632 afﬂictio-

2365 673 2513 719 num,
2560 674 2711 714 neca
2742 661 2937 729 pietate
2982 662 3356 721 desciverant:
3402 665 3598 722 deinde
3645 684 3972 739 consequut.

2365 757 2488 801 sunt
2518 749 2898 803 relaxationem
2930 752 2969 803 ¹.
3000 751 3123 806 Ideo
3167 768 3272 806 non
3317 755 3632 824 simpliciter
3671 758 3804 812 dixit
3830 802 3844 823 ,
3880 777 3947 828 qu

2364 840 2667 906 pervenerit
2695 857 2706 890 :
2739 841 2830 893 sed
2857 842 2942 910 qui
2971 843 3266 896 sustinuerit
3300 857 3344 897 et
3385 850 3680 914 pervenerit.
3712 850 3850 918 Quid
3885 853 3965 903 his

2362 941 2481 981 esse
2513 938 2687 996 potest
2711 929 3028 984 dilucidius?
3057 931 3217 988 Vides
3242 975 3256 996 ,
3286 944 3341 988 ut
3367 952 3470 989 non
3500 953 3667 1007 usque
3699 941 3764 993 ad
3796 957 3968 995 annos

2359 1028 2448 1070 aut
2476 1033 2708 1082 menses,
2733 1020 2828 1073 sed
2860 1020 2925 1073 ad
2953 1037 3115 1075 unum
3149 1039 3317 1094 usque
3347 1027 3486 1079 diem
3513 1043 3722 1083 summa
3754 1046 3883 1084 cura
3915 1043 3966 1086 et

2360 1109 2719 1176 captivitatem
2745 1122 2796 1164 et
2818 1113 3141 1180 captivitatis
3162 1116 3483 1181 solutionem
3514 1119 3821 1188 praedixerit
3844 1139 3964 1189 pro-

2361 1200 2537 1266 pheta.
2571 1201 2746 1270 Atque
2775 1211 2830 1255 ut
2855 1204 3033 1256 sciatis
3060 1220 3146 1259 me
3181 1220 3284 1258 non
3316 1222 3383 1259 ex
3412 1210 3742 1275 cunjecturis
3774 1214 3917 1279 loqui
3945 1255 3962 1278 ,

2357 1307 2453 1362 age
2494 1293 2828 1362 proferamus
2873 1307 2926 1350 et
2973 1296 3136 1350 alium
3193 1308 3381 1352 testem
3429 1315 3615 1354 eorum
3656 1316 3776 1370 qua!
3820 1306 3962 1358 dicta

2356 1395 2500 1450 sunt,
2534 1401 2692 1454 quem
2723 1388 2794 1440 illi
2834 1388 3207 1457 gravissimum
3251 1388 3448 1442 habent
3472 1402 3769 1454 auctorem.
3803 1393 3962 1449 Jose-

2358 1477 2518 1546 phnm
2550 1478 2758 1546 loquor,
2789 1480 2877 1549 qui
2905 1481 3232 1535 calamitates
3265 1481 3474 1535 illorum
3509 1483 3735 1552 tragicas
3756 1485 3964 1539 descri-

2357 1569 2498 1636 psit,
2540 1583 2602 1622 ac
2647 1578 2801 1622 vetus
2840 1578 3215 1624 testamentum
3256 1586 3416 1625 omne
3460 1574 3601 1626 velut
3643 1575 3961 1642 paraphrasi

2353 1659 2525 1712 fusius
2553 1659 2858 1728 explicavit,
2907 1661 2997 1730 qui
3029 1659 3129 1714 fuit
3172 1670 3291 1730 post
3318 1660 3519 1716 Christi
3549 1663 3840 1719 adventum
3860 1708 3876 1732 ,
3906 1675 3962 1720 ct

2353 1750 2710 1818 captivitatem
2728 1751 2795 1804 ab
2816 1750 2933 1820 ipso
2955 1751 3262 1820 praedictam
3290 1767 3741 1819 commemorans,
3767 1755 3836 1810 de
3857 1756 3962 1810 hac

2353 1857 2565 1911 quoque
2591 1841 2866 1908 disseruit,
2895 1843 3128 1896 Danielis
3145 1844 3403 1899 visionem
3426 1860 3706 1912 enarrans,
3726 1846 3795 1901 de
3817 1849 3960 1901 arie-

2354 1942 2424 1996 te,
2456 1932 2524 1987 de
2549 1933 2719 1997 hirco,
2749 1934 2817 1989 de
2856 1944 3082 2004 quatuor
3121 1938 3374 1991 cornibus
3398 1979 3412 2004 ,
3436 1937 3503 1992 de
3537 1949 3809 2008 postremo
3839 1951 3964 2008 post

2349 2023 2441 2079 illa
2469 2033 2677 2078 exorto.
2716 2024 2785 2078 Et
2815 2039 2878 2079 ne
2906 2026 3027 2094 quis
3069 2037 3314 2097 suspecta
3358 2026 3552 2082 habeat
3593 2046 3712 2098 qua:
3743 2045 3773 2083 a
3800 2031 3964 2086 nobis

2349 2114 2490 2168 dicta
2519 2114 2735 2179 fuerint,
2759 2132 2857 2186 age
2881 2115 3176 2171 referamus
3203 2127 3256 2172 et
3279 2119 3422 2172 illius
3453 2119 3635 2173 verba.

2419 2203 2631 2275 Josephi
2676 2206 2817 2260 locus
2852 2206 3089 2261 Judaicc
3137 2209 3480 2276 antiquitatis,
3519 2209 3580 2262 L.
3628 2212 3714 2265 10.
3761 2228 3810 2265 e.
3864 2213 3958 2266 ll.

2352 2298 2438 2352 12.
2469 2328 2541 2338 -
2570 2299 2700 2352 Cum
2740 2299 2882 2353 enim
2913 2300 3182 2354 laudasset
3217 2301 3506 2363 Danielem,
3537 2317 3804 2372 supraque
3836 2319 3960 2358 mo-

2347 2385 2473 2440 dum
2496 2387 2792 2452 extulisset,
2811 2389 3020 2442 caeteris
3036 2388 3284 2443 omnibus
3307 2390 3580 2460 prophetis
3596 2401 3959 2460 anteponens,

2347 2479 2414 2532 ad
2461 2479 2598 2534 hanc
2645 2478 2796 2532 venit
2849 2479 3129 2547 visionem,
3181 2491 3233 2534 et
3284 2481 3458 2533 dicit:
3491 2481 3723 2551 Reliquit
3771 2492 3958 2537 autem

2348 2567 2503 2622 nobis
2545 2583 2762 2621 suorum
2811 2571 3132 2638 scriptorum
3175 2580 3518 2625 monumenta
3545 2614 3558 2635 ,
3607 2572 3747 2627 unde
3795 2575 3961 2628 nobis

2347 2661 2505 2728 hujus
2528 2660 2823 2730 prophetia:
2849 2671 3090 2716 exactam
3112 2671 3166 2716 et
3191 2663 3549 2716 inevitabilem
3571 2664 3958 2718 certitudinem

2351 2752 2618 2821 praestitit.
2665 2753 2755 2805 Ait
2779 2753 2920 2807 enim
2955 2771 2966 2806 :
2999 2753 3183 2818 Susis,
3211 2770 3329 2823 quae
3360 2754 3594 2810 Persidis
3624 2767 3702 2810 est
3751 2766 3961 2812 metro-

2346 2841 2506 2910 polis,
2538 2833 2661 2898 cum
2706 2843 2924 2899 exiisset
2964 2845 3015 2898 in
3054 2861 3300 2913 campum
3329 2861 3451 2900 cum
3491 2847 3653 2902 sociis
3679 2850 3787 2903 suis
3832 2855 3962 2920 qui-

2345 2933 2590 2997 busdam,
2611 2933 2788 2988 subito
2807 2944 2961 2989 terra:
2982 2945 3128 2990 motu
3149 2937 3607 3008 coneussioneque
3627 2941 3837 3007 oborta,
3859 2959 3956 2997 re-

2345 3025 2527 3079 lictum
2587 3024 2753 3080 fuisse
2816 3026 2987 3080 solum
3047 3025 3374 3096 fugientibus
3427 3030 3653 3083 caneris.
3711 3031 3774 3084 Et
3830 3033 3956 3100 ipse

2342 3116 2556 3185 quidem
2599 3131 2795 3185 pronus
2843 3117 2893 3170 in
2919 3115 3108 3172 faciem
3139 3119 3392 3184 concidit,
3436 3119 3648 3174 innixus
3685 3123 3955 3178 ambabus

2343 3209 2587 3262 manilius
2616 3225 2629 3260 :
2657 3208 2779 3262 dein
2807 3208 2892 3262 ubi
2914 3209 3176 3277 quiSpiam
3199 3217 3441 3279 tangeret
3467 3226 3610 3274 eum,
3638 3213 3955 3282 intereaque

2336 3301 2549 3371 iuberet
2589 3317 2805 3370 surgere
2829 3342 2844 3366 ,
2875 3316 2937 3355 ac
2979 3302 3162 3356 videre
3201 3317 3320 3372 qua:
3369 3311 3489 3372 post
3528 3304 3719 3356 multas
3757 3314 3954 3358 :ctates

2340 3395 2544 3449 civibus
2567 3403 2747 3449 essent
2774 3404 3032 3448 eventura
3057 3411 3071 3448 :
3093 3402 3272 3449 erecto
3303 3403 3655 3449 monstratum
3684 3396 3758 3448 ait
3779 3395 3952 3449 fuisse

2340 3490 2559 3543 arietem
2593 3488 2882 3558 ingentem,
2916 3488 3002 3541 cui
3047 3487 3213 3542 multa
3243 3487 3456 3557 quidem
3507 3498 3659 3541 enata
3691 3488 3794 3542 sint
3821 3503 3953 3542 cor»

2340 3596 2465 3647 nus,
2511 3581 2603 3634 sed
2634 3581 2822 3634 horum
2854 3590 3180 3651 postremum
3207 3581 3471 3636 excelsius
3517 3577 3681 3633 fuisse
3707 3581 3944 3635 caneris.

2340 3673 2541 3727 Deinde
2568 3672 2847 3727 sustulisse
2891 3672 3077 3727 oculos
3102 3671 3167 3726 ad
3197 3687 3466 3737 occasum,
3499 3671 3798 3740 vidisseque
3825 3671 3947 3725 hir-

2339 3780 2484 3831 cum,
2513 3764 2601 3833 qui
2632 3781 2726 3834 per
2750 3779 2926 3817 aerem
2958 3764 3156 3833 impetu
3184 3761 3476 3816 ferebatur.
3509 3761 3661 3816 Hunc
3688 3777 3944 3831 congres-

2339 3872 2458 3910 sum
2513 3854 2678 3910 fuisse
2722 3871 2841 3909 cum
2887 3856 3077 3920 ariete,
3125 3863 3179 3908 et
3210 3854 3462 3907 cornibus
3493 3854 3653 3907 ictum
3704 3855 3783 3907 his
3813 3871 3941 3910 eum

2340 3949 2391 4001 in
2423 3957 2617 4001 terram
2661 3946 2941 4014 dejecisse,
2987 3947 3456 4015 conculcasseque.
3492 3945 3689 3999 Deinde
3731 3944 3940 3999 hircum

2339 4038 2504 4093 fuisse
2529 4041 2698 4091 visum
2723 4038 3094 4099 excelsiorem,
3119 4053 3149 4090 e
3171 4035 3345 4090 fronte
3369 4036 3744 4105 producentem
3768 4053 3940 4092 cornu

2340 4133 2667 4196 maximum;
2717 4147 2783 4186 eo
2832 4130 3019 4193 fracto,
3065 4130 3162 4182 alia
3211 4131 3510 4184 excrevisse
3556 4140 3816 4199 quatuor,
3871 4131 3939 4183 ad

2338 4222 2576 4292 singulos
2617 4222 2838 4275 obversa
2882 4231 3088 4274 ventos.
3141 4219 3215 4272 Ex
3244 4219 3329 4273 his
3371 4229 3544 4272 autem
3577 4220 3716 4273 aliud
3760 4220 3940 4274 minus

2339 4322 2580 4367 exortum
2609 4311 2772 4367 fuisse
2797 4313 3028 4383 scripsit,
3071 4312 3210 4378 quod
3242 4312 3480 4364 increvit.
3518 4312 3729 4364 Dicebat
3755 4321 3936 4366 autem

2338 4403 2426 4471 qui
2476 4404 2590 4456 lucc
2637 4402 2708 4456 illi
2756 4403 3070 4457 ostendebat
3113 4402 3284 4465 Deus,
3337 4399 3571 4454 futurum
3623 4411 3675 4453 ut
3718 4412 3936 4468 gentem

2342 4494 2506 4562 ipsius
2530 4493 2839 4554 debellaret,
2872 4493 3058 4548 urbem
3089 4493 3141 4547 vi
3185 4502 3422 4561 caperet,
3456 4493 3708 4560 templum
3734 4493 3938 4559 expila-

2339 4594 2440 4651 ret,
2488 4599 2640 4638 sacra
2677 4584 2985 4653 prohiberet
3013 4602 3026 4637 :
3055 4582 3290 4637 futurum
3330 4593 3508 4637 autem
3540 4583 3604 4637 ad
3648 4584 3761 4637 dies
3788 4585 3938 4639 mille

2338 4677 2596 4731 ducentos
2629 4677 2935 4746 nonaginta.

2411 4766 2700 4836 Explicatio
2731 4767 2936 4820 uisionis
2968 4765 3214 4819 Danielis.
3245 4795 3317 4805 —
3346 4764 3470 4820 Hec
3517 4765 3728 4835 quidem
3757 4781 3815 4820 se
3856 4768 3939 4819 vi-

2339 4858 2482 4912 disse
2530 4857 2581 4910 in
2611 4873 2798 4927 campo
2832 4857 2981 4925 juxta
3027 4857 3192 4911 Susas
3241 4856 3426 4911 Daniel
3457 4857 3672 4926 scripsit
3704 4875 3718 4909 :
3745 4873 3936 4911 eorum

2337 4957 2514 5002 autem
2543 4963 2659 5015 qua:
2694 4963 2788 5015 per
2813 4948 2982 5000 visum
3024 4956 3398 5016 apparuerant,
3430 4961 3458 4998 a
3491 4946 3599 5001 Deo
3629 4946 3940 5015 explicatio-

2339 5054 2461 5092 ncm
2490 5039 2710 5106 supplex
2758 5038 2926 5104 petiit,
2959 5037 3269 5106 didicitque,
3315 5037 3455 5106 quod
3495 5037 3636 5090 aries
3679 5037 3939 5090 indicaret

2337 5146 2497 5200 regna
2531 5131 2811 5185 Persarum
2837 5145 2899 5184 ac
2927 5129 3226 5193 Medorum,
3258 5145 3454 5184 cornua
3484 5144 3615 5183 vero
3655 5143 3806 5198 reges
3847 5128 3935 5181 fu-

2338 5231 2504 5286 turos,
2531 5233 2829 5276 extremum
2851 5231 3028 5275 autem
3051 5235 3237 5284 cornu,
3263 5230 3588 5288 postremum
3619 5234 3798 5289 regem
3820 5218 3936 5274 fore

2401 5399 2416 5430 ί
2456 5405 2563 5447 Post
2584 5397 2690 5446 hec
2725 5398 2873 5446 verba
2907 5395 3110 5445 inferius
3145 5398 3313 5458 posita,
3355 5396 3532 5446 deinde
3554 5396 3797 5446 consecuti
3828 5405 3942 5447 sunt

2335 5458 2708 5518 relaxationem,
2753 5460 2798 5506 in
2826 5458 2982 5521 latina
3018 5459 3192 5521 ξηδωί
3240 5459 3645 5521 interpretatione
3686 5459 3791 5521 haec
3821 5461 3942 5521 adji-

2334 5525 2526 5590 ciuntur
2551 5535 2560 5568 :
2589 5529 2690 5590 Nec.
2703 5519 2908 5583 amplius
2933 5519 3254 5590 patiebantur,
3280 5533 3388 5590 qua
3425 5520 3597 5590 merito
3613 5519 3939 5590 patiebantur,

2345 5583 2427 5644 qui
2451 5596 2542 5631 non
2569 5580 2894 5644 perdurarent
2930 5580 2979 5631 in
3001 5589 3217 5644 tempore
3235 5580 3510 5644 certaminis
3551 5594 3611 5628 ac
3649 5582 3943 5644 probationis

2345 5641 2573 5695 buturum
2595 5657 2653 5692 ac
2678 5643 2931 5700 mulorum,
2957 5651 3004 5691 ut
3029 5641 3270 5706 uastabiles
3312 5641 3378 5706 in,
3401 5643 3536 5701 bona,
3564 5641 3945 5706 teniporariiquc

2333 5706 2478 5756 amici
2498 5705 2841 5770 reperirentur.
2855 5715 2966 5761 Qua:
2978 5718 3087 5753 curn
3111 5705 3159 5752 in
3174 5704 3304 5752 nullo
3322 5705 3453 5754 edito
3468 5716 3632 5767 graece
3649 5704 3697 5755 in
3710 5704 3942 5770 multique

2337 5778 2441 5820 uss.
2470 5769 2799 5830 reperiantur,
2819 5767 2933 5828 jure
2958 5774 3202 5829 expuncta
3224 5773 3354 5815 sunt.
