4178 6324
710 533 919 587 τούτων
946 524 1163 580 διοίσειν
1190 520 1448 576 ἀπάντων
1484 518 1698 589 πλούτῳ
1730 535 1791 570 τε
1821 517 1914 571 καὶ
1938 516 2082 588 δόξῃ.
2111 515 2214 568 Τὸν
2242 513 2300 566 δὲ

709 622 917 690 τράγον
969 607 1185 683 δηλοῦν,
1241 607 1319 665 ὡς
1368 605 1430 669 ἐξ
1470 603 1759 690 ’Ἐλλήνων
1797 620 1880 664 τις
1923 603 1966 690 ὁ-
2003 598 2304 690 βασιλεύων

711 682 886 756 ἔσται,
921 697 981 758 ὃς
1007 682 1086 762 τῷ
1125 691 1309 761 Πέρσῃ
1342 686 1637 758 συμϐαλὼν
1661 686 1764 750 δὶς,
1801 687 2064 757 κρατήσει
2096 687 2163 754 τῇ
2195 682 2302 754 μά-

711 801 782 854 χῃ
835 780 930 833 καὶ
975 776 1341 845 ἀφαιρήσεται
1393 773 1492 840 τὴν
1547 769 1844 854 ἠγεμονίαν
1911 769 2146 854 ἀπασαν.

711 841 931 916 λοῦσθαι
960 841 1132 911 δὲνδιά
1156 841 1247 908 τοῦ
1280 854 1497 924 πρώτου
1536 852 1776 922 μεγάλου
1813 864 1837 891 ο
1867 851 2096 921 κέρατος
2120 848 2213 902 τοῦ
2245 850 2304 900 ἐν

709 946 789 1014 τῷ
841 943 1080 1013 μετώπῳ
1130 938 1227 991 τοῦ
1279 938 1486 1006 τράγου
1530 936 1624 988 τὸν
1669 935 1886 1005 πρῶτον
1923 932 2166 1003 βασιλέα,
2208 931 2304 982 καὶ

710 1013 810 1097 τὴν
853 1025 963 1078 τῶν
1009 1022 1294 1090 τεσσάρων
1333 1019 1736 1087 ἀναϐλάστησιν
1786 1017 2112 1076 ἐκπεσόντος
2161 1013 2304 1065 ἐκεί-

711 1096 826 1169 νου,
863 1110 957 1162 καὶ
989 1108 1089 1175 τὴν
1120 1103 1258 1174 πρὸς
1293 1103 1358 1154 τὰ
1393 1103 1632 1171 τέσσαρα
1669 1101 1907 1169 κλίματα
1951 1096 2304 1168 ἀποστροφὴν

710 1193 967 1253 ἑκάστου,
1000 1190 1123 1251 τοὺς
1147 1187 1426 1256 διαδόχους
1473 1184 1611 1255 μετά
1640 1183 1729 1236 τὸν
1761 1183 1989 1235 θάνατον
2028 1180 2122 1232 τοῦ
2153 1177 2304 1250 πρώ-

711 1296 806 1331 του
843 1273 1107 1346 βασιλέως
1144 1271 1532 1344 ἐμφαίνεσθαι..
1562 1268 1656 1321 καὶ
1695 1265 2057 1335 διαμερισμὸν
2100 1266 2180 1326 εἱς
2211 1263 2307 1346 αὑ-

709 1345 851 1422 τοὺς
870 1359 973 1426 τῆς
998 1354 1294 1426 βασιλείας*
1323 1351 1447 1405 οὔτε
1483 1351 1536 1403 δὲ
1564 1351 1758 1412 παῖδας
1785 1349 1943 1410 ὄντας
1983 1346 2146 1400 αὑτοῦ
2181 1345 2305 1398 οὔτε

713 1442 999 1510 συγγενεῖς
1058 1436 1274 1498 πολλοῖς
1339 1434 1515 1486 ἐτεσιν
1571 1432 1758 1503 ἄρξειν
1809 1431 1911 1500 τῆς
1955 1429 2300 1499 οἰκουμένης.

716 1523 980 1577 Ἐσεσθαι
1011 1523 1067 1573 δέ
1095 1523 1160 1573 ἐκ
1186 1518 1390 1571 τούτων
1424 1517 1518 1568 ἐνα
1539 1516 1658 1567 τινὰ
1693 1514 1938 1584 βασιλέα,
1963 1514 2052 1566 τὸν
2083 1513 2306 1564 ἐκπολε-

714 1609 961 1678 μήσοντα
989 1605 1083 1656 καὶ
1107 1604 1233 1664 τοὺς
1262 1601 1462 1670 νόμους
1484 1597 1685 1662 αὐτῶν,
1713 1596 1808 1669 καὶ
1833 1595 1930 1665 τὴν
1958 1596 2078 1648 κατ’
2106 1595 2304 1657 αὐτοὺς

712 1677 1156 1760 ἀφαιρησόμενον
1211 1683 1500 1746 πολιτείαν,
1541 1682 1634 1734 καὶ
1676 1679 1975 1748 συλήσοντα
2017 1677 2111 1729 τὸν
2154 1677 2302 1741 ναὸν,

713 1772 809 1825 καὶ
850 1759 951 1833 τὰς
979 1769 1170 1831 θυσίας
1205 1766 1300 1819 ἐπὶ⁸
1327 1765 1421 1832 ἐτη
1445 1764 1572 1834 τρία
1607 1761 1918 1814 κωλύσοντα
1953 1759 2304 1827 ἐπιτελεσθῆ-

713 1871 823 1907 ναι.
884 1853 995 1906 Καὶ
1028 1851 1092 1920 δὴ
1137 1848 1308 1902 ταῦτα
1357 1846 1515 1917 ήμῶν
1561 1845 1759 1914 συνέϐη
1810 1843 1888 1913 τῷ
1927 1842 2070 1895 ἔθνει
2109 1841 2304 1896 παθεῖν

714 1939 820 1991 ὑπὸ
871 1935 1144 2003 Ἀντιόχου
1201 1931 1296 1985 τοῦ
1343 1929 1694 1998 Ἐπιφανοῦς,
1744 1926 1927 1990 καθὼς
1966 1922 2074 1978 εἶδε
2107 1924 2305 1995 Δανιὴλ

712 2019 930 2082 πολλοῖς
959 2016 1134 2070 ἐτεσιν
1170 2012 1501 2086 ἔμπροσθεν,
1536 2012 1631 2067 καὶ
1660 2011 1935 2081 ἀνέγραψε
1977 2007 2048 2062 τὰ
2080 2009 2307 2079 γενησό-

759 2119 876 2156 ενα.
1244 2145 1252 2158 ι

717 2122 934 2257 μεὲἓρα
968 2184 1022 2236 τί
1056 2145 1252 2236 τούτού
1299 2180 1633 2249 σαφέστερον
1683 2176 1880 2244 γένοιτ’
1914 2176 2012 2242 άν;
2057 2176 2196 2247 Ὥρα
2239 2173 2305 2246 δὴ

713 2269 920 2330 λοιπὸν,
946 2270 993 2320 εί
1025 2265 1100 2337 μὴ
1119 2264 1384 2334 δοκοῦμεν
1408 2262 1721 2331 διενοχλεῖν,
1751 2261 1837 2313 ἐπ’
1862 2260 1994 2312 αὐτὸ
2025 2259 2087 2312 τὸ
2110 2258 2306 2330 ζητού-

719 2369 880 2420 μενον
920 2351 1113 2411 ἐλθεῖν,
1161 2348 1258 2417 τὴν
1299 2345 1582 2415 παροῦσαν
1617 2343 2020 2413 αἰχμαλωσίαν,
2069 2343 2162 2395 καὶ
2208 2341 2307 2412 τὴν

714 2436 959 2489 δουλείαν
985 2432 1187 2501 ταύτην
1210 2430 1266 2482 δὲ
1289 2429 1388 2500 τὴν
1421 2430 1485 2498 σή
1495 2446 1558 2498 με
1569 2444 1679 2496 ρον,
1714 2427 1780 2479 δι’
1809 2428 1876 2497 ήν
1895 2425 2111 2478 ἅπαντα
2134 2424 2309 2477 ταῦτα

717 2520 1070 2589 ἐκινήσαμεν.
1118 2513 1281 2567 Ἀλλά
1330 2510 1652 2579 διανάστητέ
1708 2527 1798 2580 μοι
1858 2508 1984 2561 νῦνν
2026 2508 2145 2560 οὐδὲ
2199 2505 2309 2577 γάρ

717 2602 862 2671 ὑπὲρ
903 2600 1012 2652 τῶν
1050 2596 1324 2667 τυχόντων
1367 2597 1499 2665 ἡμῖν
1537 2596 1565 2647 6
1599 2592 1768 2662 ἀγών.
1803 2594 1914 2645 Καὶ
1950 2592 2058 2664 γὰρ
2086 2590 2306 2659 ἄτοπον,

717 2686 776 2737 ἐν
823 2681 1214 2751 Ὀλυμπιακοῖς
1243 2679 1340 2747 μὲν
1384 2675 1730 2747 καθημένους
1763 2675 1938 2742 ἀγῶσι
1969 2675 1996 2714 b
2034 2676 2098 2727 ἐκ
2131 2673 2310 2742 μέσων

716 2766 928 2821 νυκτῶν
967 2765 1047 2828 εἱς
1075 2760 1424 2833 μεσημϐρίαν
1465 2760 1636 2830 μέσην
1671 2763 1980 2831 καρτερεῖν,
2015 2757 2312 2828 ἀναμένον-

715 2869 814 2914 τας
859 2850 988 2903 ἰδεῖν
1021 2849 1100 2910 εἱς
1128 2847 1250 2899 τίνα
1289 2846 1318 2896 ὁ
1354 2844 1618 2912 στέφανος
1650 2846 2062 2913 περιστήσεται,
2093 2841 2187 2892 καὶ
2216 2857 2313 2909 γυ-

721 2939 826 3007 μνῇ
863 2937 927 3005 τῇ
953 2933 1168 3000 κεφαλῇ
1201 2929 1410 3000 θερμὴν
1439 2926 1694 2997 δέχεσθαι
1725 2926 1826 2995 τὴν
1856 2926 2070 2987 ἀκτῖνα,
2105 2924 2200 2976 καὶ
2237 2922 2312 2994 μὴ

719 3019 984 3088 πρότερον
1024 3013 1382 3083 ἀφίστασθαι,
1410 3011 1514 3074 ἕως
1539 3011 1606 3064 ἂν
1633 3009 1816 3082 κρίσιν
1853 3010 1922 3061 τά
1951 3008 2315 3078 ἀγωνίσματα

717 3103 879 3172 λάϐῃ
915 3099 1010 3152 νῦν
1038 3099 1093 3150 δέ
1129 3098 1261 3166 ἡμῖν
1286 3095 1386 3164 οὐχ
1413 3094 1554 3163 ὑπὲρ
1590 3092 1857 3160 στεφάνου
1890 3090 2152 3158 τοιούτου,
2195 3089 2312 3143 ἀλλ’

719 3185 861 3253 ὑπὲρ
922 3180 1016 3234 τοῦ
1074 3180 1172 3248 τῆς
1221 3177 1530 3248 ἀφθαρσίας
1585 3175 1853 3244 στεφάνου
1914 3173 2022 3226 τῶν
2085 3173 2313 3241 ἀγώνων

716 3252 907 3332 ὄντων,
941 3262 1233 3318 ἐκλύεσθαι
1276 3263 1369 3314 καὶ
1402 3261 1789 3329 ταλαιπωρεῖν.
1821 3258 1944 3310 Ὅτι
1984 3257 2082 3328 μὲν
2116 3252 2210 3308 οὖν
2255 3257 2314 3309 αἱ

718 3353 868 3420 τρεῖς
927 3345 1484 3419 προανηγορεύξησαν
1542 3341 1947 3424 αἰχμαλωσίαι,
1996 3343 2029 3410 ή
2089 3340 2188 3410 μὲν
2224 3357 2314 3392 τε-

719 3434 988 3506 τρακόσια
1029 3431 1125 3502 ἐτη
1165 3429 1385 3500 ἔχουσα,
1418 3430 1451 3497 ή
1499 3427 1556 3478 δέ
1587 3426 1980 3496 ἐϐδομήκοντα,
2017 3426 2050 3495 ή
2091 3424 2147 3476 δὲ
2189 3424 2315 3494 τρία

729 3518 825 3571 καὶ
854 3518 1050 3586 ἥμισυ,
1096 3512 1255 3566 τοῦτο
1291 3511 1490 3572 ἱκανῶς
1522 3520 1545 3547 ε
1574 3507 1821 3561 ἐντεῦθεν
1858 3510 1990 3579 ήμῖν
2041 3507 2314 3560 ἀποδέδει-

725 3618 872 3654 κται.
905 3599 1043 3669 Φέρε
1077 3597 1140 3667 δὴ
1169 3595 1355 3649 λοιπὸν
1378 3597 1472 3647 καὶ
1497 3593 1628 3663 περὶ
1655 3591 1860 3660 ταύτης
1895 3592 2157 3662 εἴπωμεν.
2191 3591 2314 3643 ’Ότι

719 3690 830 3753 γὰρ
880 3684 976 3736 καὶ
1029 3682 1158 3752 περὶ
1190 3678 1397 3747 ταύτης
1426 3673 1883 3747 προανεφώνησεν
1926 3677 1954 3726 6
1999 3675 2312 3744 προφήτης,

721 3766 886 3822 αὑτὸν
913 3763 1103 3818 τοῦτον
1131 3763 1294 3815 πάλιν
1323 3759 1635 3831 παρέξομαι
1667 3758 1920 3828 μάρτυρα
1947 3756 2039 3810 τὸν
2082 3757 2314 3825 Ἰώσηπ-

723 3869 845 3916 πον,
875 3849 967 3903 τὸν
1004 3849 1074 3901 τὰ
1113 3847 1338 3899 ἐκείνων
1380 3842 1704 3915 φρονοῦντα.
1758 3840 1975 3911 Ἐπειδὴ
2015 3839 2124 3911 γάρ
2163 3836 2316 3892 εἶπεν

722 3938 929 4000 ἐκεῖνα,
974 3933 1208 3987 ἄκουσον
1247 3929 1300 3981 τί
1351 3943 1482 3996 φησι
1529 3926 1666 3996 μετὰ
1700 3925 1890 3988 ταῦτα·
1917 3925 2020 3978 Τὸν
2057 3923 2218 3977 αὐτὸν
2257 3923 2316 3975 δέ

721 4019 925 4090 τρόπον
956 4013 1110 4085 [645]
1139 4011 1337 4080 Δανιὴλ
1364 4010 1460 4063 καὶ
1493 4009 1620 4079 περὶ
1647 4009 1746 4077 τῆς
1789 4007 2078 4090 Ῥωμαίφν
2109 4008 2312 4076 ἡγεμο-

722 4102 844 4163 νίας
886 4095 1188 4167 ἀνέγραψε,
1232 4094 1327 4147 καὶ
1369 4093 1452 4145 ὅτι
1502 4092 1592 4144 ὑπ’
1633 4090 1813 4144 αὐτῶν
1865 4089 2216 4162 αἱρεθήσεται
2248 4090 2318 4144 τὰ

734 4180 1105 4253 Ἰεροσόλυμα,
1152 4177 1245 4229 καὶ
1283 4177 1311 4228 6
1348 4174 1475 4237 ναὸς
1515 4173 1956 4244 ἐρημωθήσεται.
1996 4173 2070 4224 Σὺ
2117 4172 2175 4224 δέ
2227 4190 2317 4244 μοι

726 4265 942 4326 σκόπει,
978 4262 1054 4324 ὡς
1079 4262 1128 4313 εἱ
1162 4259 1257 4312 καὶ
1297 4257 1550 4320 Ἰουδαῖος
1581 4253 1649 4325 ἦν
1692 4257 1721 4306 6
1751 4256 1888 4326 ἀνὴρ
1922 4258 1950 4310 6
1975 4253 2150 4308 ταῦτα
2181 4256 2317 4326 γρά-

721 4349 851 4418 ψας,
883 4347 1000 4400 ἀλλ’
1041 4338 1137 4397 οὖν
1179 4343 1280 4394 οὐκ
1323 4340 1584 4408 ὴνέσχετο
1628 4337 1725 4408 τὴν
1770 4338 2041 4409 ὑμετέραν
2075 4327 2316 4408 ζηλῶσαι

725 4427 1081 4498 φιλονεικίαν.
1116 4424 1300 4477 Εἰπὼν
1333 4421 1441 4492 γὰρ
1473 4422 1556 4473 ὅτι
1583 4419 1936 4491 αἱρεθήσεται
1983 4421 2053 4474 τά
2088 4421 2318 4490 Ἰεροσό-

723 4514 895 4583 λυμα,
925 4511 1025 4564 ούκ
1058 4509 1326 4579 ἐτόλμησε
1367 4504 1685 4576 προσθεῖναι
1714 4507 1808 4558 καὶ
1841 4506 2038 4570 εἰπεῖν,
2071 4506 2153 4558 ὅτι
2181 4507 2315 4558 ἀνα-

726 4596 984 4666 στήσεται
1047 4591 1232 4652 πάλιν,
1268 4589 1390 4642 οὐδὲ
1438 4587 1631 4659 χρόνον
1685 4586 1897 4659 γράψαι
1935 4586 2316 4658 διωρισμένον·

724 4677 844 4731 ἀλλ’
876 4674 1066 4745 ἐπειδὴ
1094 4673 1300 4738 συνεῖδε
1333 4671 1426 4723 τὸν
1449 4672 1736 4741 προφήτην
1763 4672 1864 4739 οὐχ
1893 4669 2154 4740 ὁρίσαντα
2191 4671 2314 4744 χρόα

724 4777 839 4825 νον,
884 4759 1062 4813 καίτοι
1095 4756 1355 4827 ἀνωτέρω
1383 4753 1553 4806 εἰπὼν
1589 4754 1681 4806 ἐπὶ
1717 4754 1817 4823 τῆς
1859 4753 2131 4823 Ἀντιόχου
2159 4756 2316 4825 νίκης

728 4845 826 4899 καὶ
848 4845 949 4914 τῆς
979 4840 1317 4915 ἐρημώσεως
1347 4839 1438 4892 καὶ
1470 4839 1682 4909 ἡμέρας
1704 4839 1799 4892 καὶ
1825 4837 1942 4907 ἐτη,
1968 4837 2069 4890 ὅσα
2095 4836 2318 4907 ἔμελλεν

728 4931 764 5001 ἡ
797 4927 1149 4998 αἱχμαλωσία
1176 4927 1420 4995 κρατεῖν,
1455 4924 1547 4974 ἐπὶ
1572 4923 1672 4993 τῆς
1710 4922 1996 4990 Ῥωμαίων
2032 4921 2132 4992 μὲν
2163 4920 2318 4974 οὐδὲν

726 5011 968 5066 τοιοῦτον
993 5005 1167 5063 εἷπενο
1201 5007 1315 5060 ἀλλ’
1343 5007 1428 5059 ὅτι
1461 5005 1560 5076 μὲν
1589 5003 2010 5074 ἐρημωθήσεται
2045 5003 2114 5056 τὰ
2151 5002 2319 5073 Ἰερο-

732 5096 943 5165 σόλυμα
971 5094 1066 5146 καὶ
1094 5093 1123 5144 6
1147 5090 1295 5153 ναὸς,
1325 5089 1584 5160 ἔγραψεν,
1615 5089 1695 5140 ὅτι
1729 5087 1788 5140 δέ
1827 5085 2084 5156 στήσεταί
2116 5102 2220 5137 που
2249 5084 2320 5138 τά

727 5180 831 5243 τῆς
872 5175 1230 5249 ἐρημώσεως,
1263 5175 1367 5226 οὐκ
1398 5173 1479 5226 ἔτι
1511 5171 1871 5243 προσέθηκεν,
1905 5169 2028 5221 ἐπεὶ
2061 5168 2198 5240 μηδὲ
2225 5168 2318 5223 τὸν

731 5263 1020 5334 1ιιροφήτην
1068 5257 1174 5313 εἱδε
1225 5258 1384 5334 τοῦτο
1419 5255 1748 5328 προσθέντα.
1800 5251 1987 5306 Ταῦτα
2025 5252 2082 5306 δὲ
2115 5253 2316 5316 πάντα,

732 5346 888 5417 φησὶ,
920 5345 1015 5398 τοῦ
1047 5343 1181 5406 Θεοῦ
1215 5342 1492 5408 δείξαντος
1520 5337 1692 5409 αὐτῷ,
1732 5337 2060 5410 συγγράψας
2100 5336 2320 5389 κατέλιυ

730 5447 854 5492 πεν,
888 5427 1030 5482 ῶστε
1059 5428 1188 5489 τοὺς
1224 5423 1695 5493 ἀναγινώσκοντας
1733 5421 1922 5474 καὶτὰ
1950 5419 2319 5490 συμϐαίνοντα

731 5512 1070 5575 σκοποῦντας
1117 5501 1420 5579 θαυμάζειν
1454 5509 1546 5562 ἐπὶ
1585 5508 1651 5576 τῇ
1687 5505 1840 5576 παρά
1873 5504 1968 5557 τοῦ
2005 5502 2140 5556 Θεοῦ
2183 5505 2319 5573 τιμῇ

729 5598 823 5652 τὸν
856 5595 1079 5666 Δανιήλ.
1120 5593 1230 5645 Ποῦ
1278 5589 1460 5644 τοίνυν
1505 5585 1658 5641 εἶπεν
1691 5590 1720 5641 6
1764 5587 1966 5656 Δανιὴλ
2011 5588 2095 5640 ὅτι
2131 5586 2162 5636 6
2195 5586 2321 5649 ναὸς

791 5776 820 5806 ι
849 5764 949 5813 Sex
974 5776 1089 5822 mss:
1105 5759 1362 5820 δηλοῦσθαι
1384 5761 1436 5810 δὲ
1457 5759 1549 5822 πρὸ
1571 5757 1657 5807 τοῦ
1683 5758 1904 5821 μεγάλου.
1920 5756 2104 5806 Horum
2127 5756 2225 5805 duo
2235 5754 2324 5805 ha-

729 5825 986 5890 bemﬁpéc
1008 5821 1114 5890 :05:

794 5889 823 5929 δ
843 5877 927 5940 Sié
951 5877 985 5937 ε
1001 5886 1188 5936 Savilio
1211 5884 1570 5948 rescripsimus,
1599 5895 1687 5945 pro
1713 5882 1844 5944 vulg.
1866 5880 2091 5944 θεάτροις.
2118 5877 2258 5929 Εωτ.

1394 405 1453 460 S.
1492 403 1781 460 JUANNIS
1819 398 2317 458 CIIRYSOSTOMI
2359 399 2682 454 ARCIIIEP.
2728 396 3285 454 CONSTANTINOP.

3897 395 4010 453 sas

2408 513 2857 584 ἐρημωθήσεται,
2907 514 3070 584 ἡμεῖς
3111 513 3297 566 λοιπὸν
3343 511 3732 582 σκοπήσωμεν.
3785 509 4008 580 Ἐπειδὴ

2404 595 2515 667 γὰρ
2549 597 2648 669 τὴν
2673 596 2983 668 προσευχὴν
3013 596 3232 667 ἐκείνην
3257 596 3360 665 τὴν
3390 598 3450 649 ἐν
3480 596 3670 664 σάκκῳ
3697 595 3792 647 καὶ

2404 681 2723 749 ἐποιήσατο,
2777 675 2912 750 ἦλθε
2966 678 3210 749 Γαϐριὴλ
3255 679 3393 748 πρὸς
3455 679 3621 730 αὐτὸν
3678 677 3774 730 καί
3818 694 4010 746 φησιν·

2419 762 2865 832 Ἐ’ϐδομήκοντα
2899 761 3226 830 ἐϐδομάδες
3253 761 3734 828 συνετμήθησαν
3763 760 3868 812 ἐπὶ
3901 759 4012 812 τὸν

2404 848 2560 900 λαόν
2584 861 2724 910 σου,
2753 846 2854 900 καὶ
2885 845 2988 898 ἐπὶ
3014 845 3132 912 τὴν
3159 844 3343 896 πόλιν
3363 843 3480 909 τὴν
3507 844 3706 910 ἁγίαν.
3751 843 3883 896 ’ἰδοῦ
3915 842 4013 894 καὶ

2407 928 2642 982 ἐνταῦθα
2663 929 2854 998 χρόνος
2891 929 3131 997 εἴρηται,
3156 925 3309 995 φησί·
3341 927 3551 994 χρόνος,
3582 927 3643 977 οὐ
3673 926 3772 996 τῆς
3801 927 4013 994 αἱχμα-

2403 1010 2628 1074 λωσὶας,
2662 1011 2796 1064 ἀλλὰ
2829 1010 2946 1080 μεθ’
2969 1012 3097 1062 ὅσον
3121 1009 3345 1079 ἔμελλεν
3373 1011 3406 1077 ή
3441 1007 3797 1078 αἱχμαλωσία.
3829 1009 4012 1060 ἀπαν-

2404 1094 2666 1165 τήσεσθαι
2697 1095 2887 1164 χρόνον
2915 1095 3097 1147 πάλιν.
3133 1094 3361 1163 Ἕτερον
3387 1092 3445 1144 δέ
3472 1094 3590 1143 ἐστι
3617 1093 3812 1160 χρόνον
3835 1095 4012 1145 εἰπεῖν

2404 1179 2530 1230 ὅσον
2563 1177 2756 1247 ἔμελλε
2805 1180 3028 1248 κρατεῖν
3067 1179 3100 1246 ή
3135 1174 3506 1245 αἱχμαλωσία,
3542 1175 3638 1226 καὶ
3668 1175 3866 1244 χρόνον
3892 1174 4012 1246 μεθ’

2405 1262 2465 1314 ὃν
2489 1262 2744 1331 ἀπαντᾷν
2771 1259 2964 1330 ἔμελλε
2992 1261 3088 1313 καὶ
3108 1258 3534 1330 παραγίνεσθαι.
3569 1258 4015 1325 Ἐὀδομήκωιτα

2405 1343 2752 1414 ἑϐδομάδος,
2802 1343 2956 1413 φησὶ,
3008 1341 3484 1411 συνετμήθησαν
3538 1341 3639 1392 ἐπὶ
3693 1340 3806 1394 τὸν
3858 1340 4017 1392 λαόν

2407 1445 2542 1481 σου·
2568 1428 2667 1481 οὐκ
2693 1427 2772 1480 ἔτι
2804 1429 2896 1480 ἐπὶ
2931 1427 3020 1480 τδν
3041 1426 3173 1478 λαὸν
3201 1426 3294 1480 τὸν
3324 1426 3477 1496 ἐμὸν,
3516 1426 3694 1478 καίτοι
3735 1428 3762 1478 ὁ
3797 1425 4017 1495 προφή-

2406 1529 2506 1582 της
2535 1511 2745 1580 ἔλεγεν,
2790 1511 3122 1579 Ἑπίφανον
3152 1510 3220 1562 τὸ
3245 1510 3574 1578 πρόσωπόν
3607 1526 3727 1563 σου
3764 1510 3868 1562 ἐπὶ
3903 1509 4014 1560 τόν

2404 1597 2561 1649 λαόν
2589 1611 2728 1649 σου·
2774 1595 2891 1647 ἀλλ’
2934 1597 2962 1648 6
2999 1595 3133 1657 Θεὸς
3177 1594 3555 1665 ἀλλοτριοῦται
3611 1595 3775 1649 αὐτὸν
3824 1593 4016 1646 λοιπὸν

2405 1678 2493 1731 διὰ
2525 1678 2586 1731 τὺ
2616 1678 2807 1748 μέλλον
2841 1678 3062 1731 ἔσεσθαι
3111 1678 3390 1748 τόλμημα.
3423 1673 3561 1729 Εἶτά
3609 1695 3746 1748 φησι
3784 1678 3884 1730 καὶ
3913 1679 4014 1746 τὴν

2405 1763 2608 1828 αἰτίαν,
2643 1762 2792 1827 Ἕως
2841 1762 2949 1815 τοῦ
2996 1760 3415 1828 πωαιωθῆναι
3457 1760 3855 1829 παράπτωμα,
3911 1761 4014 1812 καὶ

2407 1846 2514 1900 τοῦ
2541 1844 3025 1913 συντελεσθῆναι
3060 1844 3378 1914 ἁμαρτίαν.
3409 1845 3476 1896 Τί
3499 1846 3679 1905 ἐστιν,
3725 1844 3883 1908 Ἐως
3905 1844 4014 1895 τοῦ

2407 1928 2894 1996 συντελεσθῆναι
2933 1929 3265 1997 ἀμαρτίαν;
3296 1927 3497 1987 Πολλὰ.
3537 1927 3726 1998 φησὶν,
3757 1929 4016 1997 ἀμαρτά-

2409 2029 2612 2067 νουσιν·
2638 2012 2753 2065 ἀλλ’
2773 2013 2806 2082 ὴ
2833 2013 3070 2082 κορωνὶς
3100 2011 3208 2063 τῶν
3229 2010 3416 2064 κακῶν
3434 2009 3555 2063 τότε
3574 2010 3749 2072 ἐσται,
3773 2011 3904 2064 ὅταν
3920 2009 4014 2062 τὸν

2407 2097 2686 2169 Δεσπότην
2720 2097 2899 2148 αὐτῶν
2927 2096 3180 2149 ἀνέλωσι.
3206 2094 3379 2147 Τοῦτό
3413 2111 3548 2166 φησι
3571 2094 3668 2147 καὶ
3693 2097 3720 2148 6
3747 2095 4010 2166 Χριστόςο

2408 2180 2775 2250 Πληρώσατε
2813 2179 2880 2232 τὸ
2917 2180 3142 2248 μέτρον
3175 2178 3296 2231 τῶν
3329 2177 3602 2246 πατέρων
3644 2173 3831 2247 ὑμῶν.
3878 2178 4017 2230 Δούο

2407 2262 2553 2327 λους,
2588 2263 2773 2333 φησὶν,
2804 2262 3191 2325 ἀπεκτείνατε,
3225 2260 3496 2329 πρόσθετε
3524 2262 3619 2313 καὶ
3647 2257 3785 2329 αἷμα
3813 2261 4019 2313 δεσπο-

2409 2348 2580 2400 τικόν.
2615 2347 2760 2418 Ὂρα
2801 2346 3069 2417 σύμφωνα
3095 2346 3164 2398 τὰ
3192 2348 3461 2416 νοήματα.
3505 2345 3566 2397 ’0
3593 2343 3834 2414 Χριστὸς
3864 2339 4017 2406 εἷπε,

2410 2430 2793 2497 Πληρώσατε·
2825 2433 2854 2484 6
2889 2432 3178 2501 προφήτης
3211 2431 3369 2500 φησι,
3407 2428 3778 2496 Τεπσθῆναι
3822 2430 4020 2497 ἀμαρ-

2413 2515 2567 2579 τιάν,
2591 2513 2687 2566 καὶ
2725 2514 2834 2567 Τοῦ
2873 2513 3204 2582 σφραγίσαι
3229 2513 3543 2581 ἁμαρτίας.
3579 2511 3644 2564 Τί
3674 2515 3788 2565 ἐστι
3815 2529 4020 2581 σφρα-

2411 2598 2611 2666 γίσαις
2649 2597 2816 2648 Ὥστε
2864 2597 3032 2666 μηδὲν
3084 2595 3473 2664 ὑπολελεῖφθαι
3509 2594 3712 2648 λοιπόν.
3751 2597 3866 2649 Καὶ
3909 2595 4022 2649 τοῦ

2413 2679 2663 2748 ἀγαγεῖν
2690 2679 3092 2746 δικαιοσύνην
3127 2677 3388 2731 αἰώνιον.
3428 2677 3566 2730 Ποία
3599 2678 3655 2730 δὲ
3692 2676 4024 2748 δικαιοσύνη

2414 2762 2653 2825 αἰώνιος,
2680 2762 2794 2815 ἀλλ’
2829 2763 2862 2832 ή
2895 2764 2928 2832 ή
2953 2761 3106 2832 παρὰ
3139 2761 3234 2814 τοῦ
3266 2760 3506 2832 Χριστοῦ
3541 2761 3757 2814 δοθεῖσα
3782 2761 3808 2801 ἀ
3840 2780 3857 2827 ;
3905 2767 4024 2817 Καὶ

2414 2847 2522 2898 τοῦ
2583 2848 2915 2916 σφραγίσαι
2955 2845 3172 2914 ὅρασιν
3222 2846 3323 2898 καὶ
3375 2845 3714 2914 προφήτην,
3751 2846 3854 2898 καὶ
3913 2847 4026 2900 τοῦ

2415 2929 2620 2997 χρῖσαι
2679 2929 2852 2997 ἄτιον
2896 2930 3102 2997 ἁγίων,
3137 2928 3409 2993 τουτέστι,
3444 2929 3643 2997 στῆσαι
3696 2929 3890 2983 λοιπὸν
3921 2932 4026 2995 τὰς

2415 3012 2774 3084 προφητείας·
2807 3011 2965 3065 τοῦτο
2998 3011 3106 3082 γάρ
3135 3013 3251 3064 ἐστι
3292 3011 3617 3082 σφραγίσαι,
3639 3013 3700 3064 τὸ
3727 3014 3936 3083 στῆσαι
3966 3017 4028 3068 τὸ

2415 3099 2649 3167 χρῖσμα,
2693 3096 2888 3166 στῆσαι
2924 3095 3027 3158 τὰς
3073 3095 3315 3165 ὁράσεις.
3363 3093 3466 3147 Διά
3511 3093 3671 3148 τοῦτο
3705 3098 3734 3148 6
3776 3099 4030 3170 Χριστὸς

2416 3179 2622 3248 ἔλεγεν
2669 3181 2722 3232 '0
2762 3179 2950 3248 νόμος
2994 3179 3094 3232 καὶ
3127 3182 3180 3232 οἱ
3212 3177 3517 3247 προφῆται
3564 3179 3676 3246 ἓως
3714 3181 4027 3237 Ἰωάννου.

2428 3263 2592 3333 Ὁρᾷς
2622 3262 2740 3326 πῶς
2781 3261 3024 3330 παντελῆ
3058 3261 3296 3314 ἐνταῦθα
3334 3262 3552 3314 ἀπειλεῖ
3582 3263 3892 3333 ἐρήμωσιν.
3931 3267 4033 3320 καὶ

2415 3344 2525 3398 τῶν
2549 3345 2835 3415 ἁμαρτιῶν
2863 3344 3225 3398 ἀνταπόδοσιν
3256 3345 3354 3397 καὶ
3380 3345 3493 3398 τῶν
3512 3346 3776 3413 ἀδικιῶν;
3805 3349 3889 3401 Οὐ
3916 3351 4034 3422 γὰρ

2419 3431 2746 3498 συγχωρεῖν,
2783 3427 2900 3480 ἀλλ’
2927 3429 3204 3494 ἐπεξιέναι
3245 3430 3360 3492 τοῖς
3402 3429 3798 3501 ἁμαρτήμασιν
3831 3433 4035 3487 αὐτῶν

2417 3511 2719 3581 ἠπείλησεν
2747 3513 2774 3563 6
2803 3511 2956 3573 Θεός.

2490 3601 2544 3649 ι’.
2566 3594 2675 3646 Καὶ
2704 3593 2834 3646 πότε
2851 3593 2914 3664 δὴ
2933 3594 3093 3647 τοῦτο
3108 3594 3301 3663 γέγονε
3321 3613 3337 3660 ;
3364 3597 3496 3649 πότε
3511 3595 3855 3670 ἀνῃρέθησαν
3883 3616 4032 3672 προ-

2419 3678 2638 3747 φητεῖαι
2688 3677 3012 3741 παντελῶς;
3067 3678 3202 3729 πότε
3249 3679 3309 3730 τὸ
3354 3683 3564 3750 χρῖσμα
3613 3681 3913 3754 κατελύθη,
3953 3687 4031 3747 ὡς

2421 3759 2620 3831 μηκέτι
2649 3760 2813 3813 πάλιν
2854 3761 3206 3825 ἐπανελθεῖν;
3235 3760 3354 3814 Κάν
3382 3765 3551 3833 ἡμεῖς
3590 3766 3940 3835 σιγήσωμεν,
3980 3769 4028 3819 οἱ

2417 3841 2554 3895 λίθοι
2585 3841 2734 3914 [644]
2767 3843 3151 3914 κεκράξονται.
3183 3844 3326 3896 οὕτω
3354 3844 3587 3916 λαμπρά
3617 3847 3726 3900 τῶν
3751 3853 4030 3920 πραγμά-

2416 3943 2526 3978 των
2550 3926 2700 3978 ἐστ¹ιν
2729 3928 2762 3995 ή
2795 3929 2970 3996 φωνή·
3007 3926 3128 3979 οὐδὲ
3151 3926 3260 3997 γὰρ
3291 3927 3356 3980 ἂν
3391 3927 3614 3998 ἔχοιμεν
3649 3940 3674 3968 ε
3708 3930 3866 3983 ἄλλον
3902 3950 4030 3984 καιο

2421 4009 2513 4079 ρὸν
2537 4010 2824 4086 είπεῖν,ίέν
2858 4003 2903 4077 ᾧ
2933 4010 3110 4064 ταῦτα
3146 4011 3483 4086 ἣξτέστησαν.
3510 4011 3543 4082 ῆ
3578 4011 3769 4064 τοῦτον
3791 4013 3884 4066 τὸν
3919 4032 4029 4085 μα-

2419 4092 2551 4163 κρὸν
2597 4093 2695 4145 καὶ
2738 4083 2909 4146 πολὺν
2953 4093 3049 4147 καὶ
3093 4079 3319 4144 πλὲίονα
3346 4079 3541 4147 πάλιν
3564 4096 3842 4164 ἐσόμενον.
3887 4079 4029 4152 Εἶτα

2419 4175 2583 4228 πάλιν
2613 4174 3007 4246 ἀκριϐέστερον
3061 4176 3237 4244 λέγων
3296 4178 3450 4245 φησὶ,
3506 4178 3615 4231 Καὶ
3666 4178 3872 4248 γνώσῃ
3927 4183 4027 4234 καὶ

2419 4256 2719 4324 συνήσεις
2741 4258 2858 4311 ἀπὸ
2875 4258 3094 4323 ἐξόδου
3127 4259 3317 4326 λόγου
3334 4261 3441 4314 τοῦ
3463 4262 3886 4329 ἀποκριθῆναι,
3926 4267 4029 4318 καὶ

2419 4341 2527 4397 τοῦ
2548 4342 2945 4411 οἰκοδομῆσαι
2977 4344 3392 4413 Ἰερουσαλὴμ,
3409 4344 3522 4411 ἕως
3546 4331 3811 4414 Χριστοῦ
3840 4350 4026 4419 fin-av-

2414 4424 2628 4494 μένου,
2664 4425 2989 4496 ἑϐδομάδες
3022 4425 3195 4488 ἑπτὰ,
3227 4426 3328 4480 καὶ
3364 4427 3692 4496 ἐϐδομάδες
3720 4431 4026 4498 ἐξήκοντα

2419 4510 2551 4563 δύο.

2505 4590 2776 4645 Ἐνταῦθά
2812 4609 2903 4663 μοι
2941 4593 3079 4661 μετά
3111 4596 3401 4662 ἀκριϐείας
3442 4597 3761 4668 προσέχετε·
3813 4598 3875 4652 τὸ
3915 4600 4026 4673 γάρ

2422 4676 2532 4728 πᾶν
2575 4674 2801 4746 ζήτημα
2851 4676 3089 4730 ἐνταῦθά
3129 4679 3302 4732 ἐστιν.
3345 4679 3674 4751 Ἐϐδομάδες
3719 4681 3884 4746 ἐπτά,
3931 4687 4024 4736 καὶ

2420 4757 2714 4828 ἐϐδομάδες
2757 4758 3043 4829 ἐξήκοντα,
3063 4759 3156 4813 δύο
3190 4763 3522 4832 τετρακόσια
3551 4763 4021 4837 ὸγδοηκοντατρῖα

2415 4841 2540 4910 ’ἔτηο
2566 4841 2868 4911 ἑϐδομάδας
2893 4842 3002 4915 γὰρ
3025 4843 3263 4897 ἐνταῦθα
3289 4845 3387 4915 οὐχ
3415 4846 3642 4918 ήμερῶν
3674 4865 3866 4919 φησιν,
3899 4850 4020 4904 οὐδὲ

2423 4924 2641 4993 μηνῶν,
2674 4923 2789 4976 ἀλλ’
2822 4924 3127 4995 ἑϐδομάδας
3171 4929 3459 4983 ἐνιαυτῶν.
3503 4930 3637 4983 Ἀπὸ
3689 4932 3799 5003 γάρ
3830 4935 4018 5006 Κύρου

2421 5007 2516 5060 ἐπὶ
2563 5007 2835 5076 Ἀντίοχον
2877 5007 2970 5060 τὸν
3020 5009 3296 5080 Ἐπιφανῆ
3340 5014 3438 5064 καὶ
3492 5013 3590 5084 τὴν
3636 5016 4023 5085 αἰχμαλωσίαν

2421 5090 2658 5162 ἐκείνην,
2705 5091 2996 5162 τριακόσια
3038 5094 3364 5165 ἐνενήκοντα
3409 5097 3660 5170 τέσσαρά
3700 5102 3852 5154 ἐστιν
3907 5103 4025 5172 ἔτη.

2420 5172 2610 5242 Δηλῶν
2631 5173 2832 5236 τοίνυν,
2855 5175 2938 5228 ὅτι
2959 5176 3061 5229 οὑκ
3087 5177 3303 5249 ἐκείνην
3324 5179 3473 5248 λέγει
3498 5181 3597 5252 τὴν
3611 5184 3909 5254 ἐρήμωσιν
3932 5183 4028 5240 τοῦ

2420 5255 2574 5320 ναοῦ,
2611 5255 2753 5309 ἀλλά
2780 5257 2882 5329 τὴν
2905 5259 3024 5329 μετ’
3051 5259 3291 5332 ἐκείνην,
3319 5262 3421 5334 τὴν
3457 5266 3551 5317 ἐπὶ
3579 5266 3902 5338 Πομπηΐου,
3935 5271 4028 5323 καὶ

2422 5338 2861 5405 Οὐεσπασιανοῦ,
2909 5343 3007 5395 καὶ
3059 5343 3242 5409 Τίτου,
3282 5350 3598 5420 περαιτέρω
3639 5352 3907 5420 προάγων
3939 5353 4028 5406 τὸν

2424 5422 2638 5493 χρόνον,
2660 5420 2780 5477 εἶτα
2808 5424 3078 5478 διδάσκων
3101 5429 3250 5498 ἡμᾶς
3285 5430 3452 5484 πόθεν
3482 5433 3741 5503 ἀριθμεῖν
3761 5436 3898 5505 χρὴ,
3924 5437 4023 5489 δεί-

2424 5522 2615 5559 κνυσιν
2642 5508 2724 5560 ὅτι
2761 5510 2862 5561 οὐκ
2896 5509 3005 5562 ἀπὸ
3037 5511 3138 5581 τῆς
3163 5513 3384 5584 ἡμέρας
3428 5516 3528 5585 τῆς
3565 5517 3856 5571 ἐπανόδου·
3893 5518 4027 5573 ά).ὶά

2425 5588 2617 5655 πόθεν;
2657 5591 2791 5672 Ἀπῤ
2820 5591 3038 5657 ἐξόδου
3067 5596 3280 5664 λόγου,
3316 5599 3427 5670 τοῦ
3459 5599 3894 5669 ἀποκριθῆναι,
3931 5606 4025 5657 καί

2488 5757 2511 5821 ξ
2534 5754 2635 5821 ξβι
2657 5768 2774 5806 mss.
2796 5758 2923 5821 τρία,
2947 5761 3029 5808 καὶ
3052 5763 3198 5821 μόνον
3219 5764 3366 5813 τοῦτο
3388 5767 3582 5821 ἱκανῶς.

2489 5779 2511 5786 τ
2535 5779 2635 5803 σοι
2658 5779 2774 5806 ιυδδ.
2796 5779 2923 5821 τρια,
2947 5779 3029 5808 και
3115 5779 3198 5811 νον
3219 5779 3366 5813 τουτο
3389 5779 3582 5821 ικανως.

2485 5813 2617 5888 ξξξσ
2638 5823 2750 5888 octo
2773 5833 2889 5869 mss.
2915 5779 3238 5888 umeroer
3254 5825 3341 5874 τοῦ
3365 5825 3491 5875 Θεοῦ
3514 5827 3726 5876 δοθεῖσα.

2488 5883 2510 5912 θ
2534 5876 2618 5928 Sic
2635 5886 2832 5942 septem
2859 5896 2973 5934 mss.
2993 5885 3156 5936 recte.
3186 5887 3358 5939 Mona”.
3383 5890 3440 5936 ἂν
3465 5890 3658 5950 ἔχωσιν.
3695 5891 3835 5940 Eon.

3171 6025 3208 6041 κ
