4150 6352
181 473 286 528 897
710 477 716 484 ’
1424 475 1788 533 ADVERSUS

1903 476 2127 534 JDxEUS
2166 477 2228 533 Υ.
3367 479 3473 536 808

184 605 278 677 qui
303 606 401 660 hos
451 615 639 656 omnes
683 612 1044 670 prmcessurus
1086 605 1228 652 esset
1276 604 1385 650 tum
1429 595 1620 664 opibus
1666 603 1776 645 tum

178 696 368 764 gloria.
395 693 658 747 Craterum
687 689 866 745 hircus
883 688 1282 759 signiﬁcabatet
1299 702 1362 741 ex
1383 683 1585 740 Graecis
1614 682 1780 736 oritu-

179 798 300 837 rum
332 796 530 850 regem,
562 780 650 850 qui
680 780 762 834 bis
790 792 1111 848 congressus
1137 775 1257 831 cum
1289 775 1448 830 Persa
1481 773 1662 842 prcclio
1690 787 1780 825 su-

182 887 415 945 peraret,
447 875 720 928 ablaturus
748 873 1057 926 universum
1090 871 1231 925 illius
1280 870 1656 939 principatum.
1688 865 1777 921 Si-

179 965 490 1036 gniﬁcatum
521 974 697 1019 autem
729 963 893 1018 fuisse
920 979 1016 1032 per
1042 963 1270 1031 primum
1310 975 1560 1029 magnum
1587 974 1775 1021 cornu,

181 1055 327 1125 quod
355 1063 473 1110 erat
502 1055 555 1108 in
588 1054 760 1108 fronte
804 1054 958 1118 hirci,
991 1054 1216 1121 primum
1247 1039 1445 1120 regem,
1474 1059 1528 1104 et
1553 1059 1782 1118 quatuor

181 1146 398 1199 illorum
438 1152 702 1199 exortum.
754 1144 850 1196 Illo
875 1152 1052 1197 autem
1098 1142 1278 1195 exciso
1323 1139 1605 1209 signiﬁcari
1631 1138 1779 1207 juxta

178 1246 412 1305 quatuor
433 1250 629 1289 cornua
658 1235 984 1303 singulorum
1006 1246 1372 1286 successorum
1396 1239 1637 1283 exortum
1664 1237 1782 1295 post

180 1335 413 1379 mortem
449 1325 604 1394 primi
647 1324 807 1393 regis,
843 1323 1063 1392 l'oreque
1109 1331 1167 1375 ut
1207 1337 1429 1390 regnum
1463 1320 1604 1373 illius
1642 1319 1782 1371 inter

180 1416 385 1469 multos
428 1414 773 1478 divideretur,
824 1412 1255 1482 quandoquidem
1301 1412 1500 1480 primus
1548 1410 1636 1462 ille
1686 1423 1784 1490 nec

182 1505 326 1559 ﬁlios
369 1521 469 1560 nec
516 1507 704 1559 fratres
760 1514 903 1559 esset
950 1488 1248 1567 habiturus,
1295 1519 1491 1572 eosque
1540 1488 1782 1569 pluribus

182 1598 342 1650 annis
391 1601 704 1666 regnatut'os
748 1596 799 1649 in
845 1596 975 1649 orbe
1021 1603 1299 1648 terrarum.
1348 1593 1425 1646 Ex
1472 1592 1555 1644 his
1600 1606 1784 1644 rursus

181 1695 497 1739 exorturum
539 1701 719 1755 regem
766 1684 1071 1754 quemdam,
1101 1685 1189 1753 qui
1220 1691 1614 1752 expugnaturus
1643 1689 1786 1735 esset

182 1784 241 1828 et
260 1775 406 1844 leges
434 1775 574 1829 illius
598 1774 792 1844 gentis,
815 1784 868 1828 et
894 1774 1204 1841 religionem
1223 1789 1286 1827 ac
1311 1774 1442 1826 ritus
1457 1773 1782 1836 sublaturus,

185 1875 301 1917 tum
354 1866 632 1935 sacrilegio
678 1867 1000 1934 Spoliaturus
1045 1865 1330 1934 templum,
1384 1879 1447 1916 ac
1496 1864 1782 1917 triennium

183 1957 446 2009 vetiturus
475 1956 587 2010 ﬁeri
615 1971 786 2010 sacra.
820 1955 946 2009 Hice
973 1970 1103 2008 sane
1129 1965 1320 2009 vestra:
1346 1955 1486 2024 genti
1526 1954 1635 2022 jam
1681 1952 1786 2020 pati

182 2045 412 2113 contigit
449 2044 517 2099 ab
558 2045 820 2099 Antiocho
864 2044 1158 2113 Epiphaue,
1201 2044 1340 2098 sicut
1377 2043 1563 2097 Daniel
1610 2042 1788 2096 multis

186 2144 320 2189 ante
343 2135 496 2188 annis
537 2134 817 2205 praedixit,
846 2135 1162 2204 scripsitque
1191 2143 1468 2188 eventura.

268 2226 323 2280 9.
356 2228 466 2295 Age
509 2227 632 2296 quid
664 2227 744 2281 bis
774 2228 938 2295 possit
963 2240 1083 2281 esse
1109 2226 1448 2280 evidentius?
1477 2224 1624 2279 Nunc
1653 2232 1788 2278 tem-

185 2333 292 2387 pus
318 2327 417 2381 cst,
443 2319 540 2372 nisi
567 2318 810 2372 videmur
835 2334 951 2371 csse
983 2318 1215 2383 molesti,
1241 2327 1292 2372 ut
1317 2317 1382 2371 ad
1406 2318 1455 2371 id
1478 2317 1618 2387 quod
1645 2333 1793 2385 quze-

186 2411 412 2465 rcbatur
458 2419 807 2474 revertamur,
868 2412 1004 2464 hanc
1059 2419 1374 2479 prmsentem
1425 2409 1788 2478 captivitatem

187 2515 256 2555 ac
303 2502 611 2555 servitutem
660 2501 995 2564 hodiernam,
1039 2501 1192 2570 cujus
1237 2501 1404 2570 gratia
1450 2499 1564 2553 hare
1612 2497 1789 2552 omnia

189 2595 484 2648 movimus.
532 2595 773 2665 Agedum
841 2596 998 2664 igitur
1041 2609 1180 2647 nunc
1222 2594 1555 2662 vigilantibus
1603 2589 1794 2643 animis

189 2686 537 2742 auscultate:
574 2703 676 2739 non
725 2686 866 2739 enim
922 2685 1074 2738 nobis
1130 2699 1224 2752 pro
1273 2686 1432 2737 rebus
1492 2682 1794 2750 vulgaribus

190 2789 470 2833 certamen
502 2789 606 2832 eSt.
635 2777 937 2830 Absurdum
967 2775 1108 2829 enim
1151 2776 1309 2828 fuerit
1339 2775 1471 2827 alios
1497 2775 1548 2827 in
1574 2773 1795 2826 theatris

191 2867 446 2921 sedentes
488 2866 810 2934 Olympiacis
835 2880 863 2917 a
895 2864 1065 2917 media
1117 2871 1270 2916 nocte
1316 2877 1484 2932 usque
1512 2861 1578 2915 ad
1628 2861 1787 2914 nteri-

195 2957 341 3010 diem
373 2956 681 3024 perdurare,
711 2963 1083 3022 exspectantes
1109 2963 1164 3007 ut
1205 2953 1439 3018 videant,
1469 2953 1553 3006 cui
1581 2966 1796 3005 cessura

196 3049 269 3102 sit
310 3062 539 3112 corona,
595 3047 841 3116 nudoque
887 3046 1062 3112 calile
1128 3047 1382 3114 excipere
1427 3045 1626 3098 calidos
1672 3045 1798 3098 solis

197 3139 399 3199 radios,
433 3153 531 3192 nec
562 3139 706 3205 prius
745 3137 1056 3201 abscedere,
1088 3152 1244 3205 quam
1275 3135 1342 3188 de
1371 3135 1661 3189 certamine
1690 3133 1800 3188 fue-

199 3230 271 3282 rit
301 3230 706 3299 pronunciatum
739 3247 750 3280 :
783 3243 880 3281 nos
912 3242 1037 3280 vero
1070 3241 1228 3291 nunc,
1274 3242 1393 3279 cum
1432 3236 1700 3279 certamen
1733 3226 1801 3279 sit

200 3336 308 3375 non
339 3336 432 3390 pro
457 3321 545 3374 tali
571 3335 789 3385 corona,
826 3318 920 3372 sed
965 3335 1060 3387 pro
1085 3333 1281 3372 corona
1314 3317 1621 3382 immortali,
1655 3316 1799 3371 defa-

202 3412 359 3481 tigari
391 3427 452 3465 ac
492 3411 665 3463 tredio’
699 3409 858 3463 allici.
911 3407 1090 3477 Itaque
1129 3409 1271 3477 quod
1320 3418 1426 3461 tres
1468 3408 1802 3476 captivitates

202 3502 476 3572 praedicta:
523 3500 722 3556 fuerint
758 3509 1041 3570 antequam
1072 3500 1392 3563 acciderent,
1422 3514 1524 3552 una
1556 3515 1672 3568 qua:
1703 3484 1802 3552 an-

203 3611 306 3648 nos
336 3595 563 3647 habebat
584 3594 1024 3664 quadringentos,
1049 3593 1215 3646 altera
1241 3592 1592 3660 septuaginta,
1626 3591 1799 3657 tertia,

206 3694 322 3739 tres
353 3700 415 3739 ac
444 3685 799 3750 dimidiatum,
849 3684 1106 3738 hactenus
1137 3684 1266 3736 satis
1292 3691 1374 3736 est
1404 3683 1555 3737 nobis
1580 3683 1803 3737 demon-

205 3784 455 3828 stratum.
504 3777 613 3844 Age
650 3782 894 3843 superest
922 3783 978 3827 ut
1007 3783 1061 3827 et
1087 3774 1154 3827 de
1201 3774 1300 3827 hac
1326 3775 1624 3843 loquamur.
1654 3774 1804 3840 Quod

207 3866 354 3920 enim
380 3875 436 3920 et
477 3866 543 3920 de
569 3866 669 3920 hac
695 3866 1011 3919 vaticinatus
1049 3865 1116 3918 sit
1141 3865 1418 3934 propheta,
1451 3881 1633 3919 rursus
1659 3881 1809 3918 enm-

206 3958 331 4011 dem
360 3956 649 4025 Josephum
678 3957 1002 4011 adducamus
1035 3966 1244 4022 testem,
1275 3958 1364 4025 qui
1391 3972 1511 4011 cum
1553 3957 1655 4010 illis
1689 3957 1804 4026 (Ju-

212 4045 370 4117 daris)
415 4049 594 4101 sentit.
627 4047 910 4116 Postquam
958 4048 1102 4103 enim
1149 4049 1235 4101 illa
1265 4047 1490 4110 dixerat,
1521 4047 1642 4101 audi
1681 4047 1806 4115 quid

207 4148 334 4208 post
375 4138 660 4207 subjiciat:
693 4138 895 4192 Eodem
944 4145 1144 4203 autem,
1193 4139 1380 4207 inquit,
1414 4140 1575 4192 modo
1627 4139 1808 4192 Daniel

207 4243 270 4288 et
313 4233 381 4287 de
425 4233 786 4286 Romanorum
830 4233 1127 4302 principatu
1173 4233 1405 4302 scripsit,
1453 4231 1698 4301 quodque
1743 4231 1811 4284 ab

210 4326 323 4379 illis
365 4324 599 4379 tollenda
629 4332 774 4379 esset
810 4324 1164 4394 Jerosolyma,
1197 4339 1258 4377 ae
1284 4323 1630 4378 desolandum
1678 4333 1810 4376 tem-

211 4419 386 4487 plum.
435 4417 513 4471 Tu
546 4431 673 4470 vero
721 4415 850 4470 illud
893 4406 1020 4469 mihi
1069 4415 1369 4480 considera,
1416 4415 1555 4483 quod
1601 4414 1810 4468 tametsi

211 4511 433 4567 Judaeus
477 4519 619 4565 esset
664 4510 709 4564 is
753 4511 843 4579 qui
875 4510 990 4563 iure
1033 4510 1262 4579 scripsit,
1297 4518 1473 4562 tamen
1503 4508 1703 4562 veritus
1730 4516 1812 4562 est

219 4613 463 4657 vestram
503 4601 697 4656 imitari
745 4601 1117 4670 pervicaciam.
1163 4600 1375 4654 Etenim
1403 4614 1524 4654 cum
1555 4598 1810 4663 dixisset,

211 4692 631 4749 subvertendam
687 4708 807 4748 esse
862 4692 1292 4764 Jerosolymam,
1345 4707 1454 4746 non
1517 4706 1681 4746 ausus
1731 4702 1813 4746 est

212 4787 438 4851 addere,
466 4786 607 4856 quod
633 4796 776 4841 esset
799 4786 1146 4851 restituenda,
1173 4800 1344 4855 neque
1369 4794 1576 4853 tempus
1598 4785 1809 4853 aliquod

212 4887 427 4931 certum
476 4876 859 4945 praescribere;
891 4876 984 4929 sed
1030 4875 1282 4945 quoniam
1310 4875 1531 4940 sciebat,
1578 4875 1813 4944 prophe-

215 4979 329 5021 tam
394 4981 503 5022 non
555 4966 847 5036 pra'linisse
903 4977 1149 5034 tempus,
1201 4979 1521 5034 quamquam
1567 4967 1812 5034 superius

214 5076 479 5116 cnarrans
510 5061 756 5115 Antiochi
786 5061 1060 5115 victoriam
1085 5074 1148 5113 ac
1181 5060 1587 5122 desolationem,
1619 5071 1672 5112 et
1699 5059 1813 5112 dies

213 5163 272 5208 et
301 5166 476 5208 annos
504 5161 863 5223 expresserat,
896 5163 1026 5222 quot
1053 5153 1332 5221 captivitas
1358 5159 1500 5205 esset
1525 5151 1773 5204 duratura
1797 5169 1810 5204 :

214 5243 290 5297 de
337 5243 562 5298 victoria
628 5244 986 5304 Romanorum
1052 5243 1183 5297 nihil
1222 5240 1531 5297 istiusmodi
1563 5242 1814 5312 loquutus

215 5343 306 5389 est
339 5351 353 5387 :
382 5334 475 5389 sed
500 5334 640 5404 quod
669 5345 811 5390 esset
837 5335 889 5388 in
915 5334 1258 5390 solitudinem
1286 5332 1573 5402 redigenda
1602 5332 1816 5386 Jeroso-

219 5425 386 5494 lyma,
420 5425 779 5494 templumque
823 5425 1159 5480 diruendum.
1200 5425 1461 5483 Caeterum
1487 5421 1627 5494 quod
1671 5431 1812 5477 esset

217 5515 510 5584 aliquando
540 5524 792 5570 venturus
819 5515 938 5570 ﬁnis
965 5515 1310 5571 desolationis
1349 5529 1454 5569 non
1482 5512 1704 5577 addidit,
1749 5526 1815 5568 eo

218 5605 367 5674 quod
397 5605 624 5671 videret,
669 5622 736 5661 ne
785 5607 1096 5677 prophetam
1127 5607 1339 5676 quidem
1383 5604 1485 5660 hoc
1523 5603 1810 5659 addidisse.

224 5695 356 5750 "me
399 5705 575 5750 autem
623 5697 826 5762 omnia,
857 5698 952 5763 ait,
1005 5699 1112 5751 Deo
1156 5697 1257 5766 ipsi
1299 5702 1650 5759 monstrante,
1687 5709 1814 5748 con-

223 5786 422 5855 scripta
449 5788 683 5857 reliquit,
712 5799 769 5842 ut
795 5790 882 5858 qui
913 5790 1138 5858 legerint
1163 5798 1214 5844 et
1241 5788 1484 5844 evenisse
1516 5801 1804 5855 cenSpexe-

224 5875 354 5941 rint,
409 5875 679 5933 Danielem
723 5879 1051 5936 admirentur
1075 5878 1146 5934 ob
1196 5879 1453 5935 honorem
1496 5878 1571 5934 illi
1623 5892 1650 5930 a
1706 5877 1812 5932 Deo

1890 590 2143 644 habitum.
2169 589 2267 646 Ubi
2297 590 2456 660 igitur
2479 589 2673 647 dixerit
2719 589 2922 658 Daniel,
2966 591 3080 647 lore
3115 599 3172 646 ut
3220 594 3476 660 templum

1888 669 2218 751 redigeretur
2247 682 2297 734 in
2341 683 2703 747 solitudinem,
2755 698 2853 738 nos
2882 684 3135 752 deinceps
3164 684 3479 740 considere-

1887 784 2026 823 mus.
2061 769 2189 824 Nam
2221 771 2309 825 ubi
2340 773 2696 841 precationem
2736 773 2876 826 illam
2922 773 2974 827 in
3021 788 3179 828 sacco
3209 781 3262 829 et
3297 775 3483 829 cinere

1889 859 2202 928 perfecerat,
2253 861 2398 915 venit
2441 860 2508 914 ad
2556 876 2677 915 eum
2727 862 2961 929 Gabriei,
3007 871 3062 916 et
3100 864 3175 917 ait
3207 881 3222 920 :
3253 862 3479 934 Septua-

1886 950 2024 1020 ginta
2045 950 2380 1003 hebdomadas
2402 950 2851 1006 abbreviata’sunt
2865 964 3022 1016 super
3038 954 3285 1022 populum
3312 963 3478 1019 tuum,

1888 1049 1936 1093 et
1979 1057 2133 1110 super
2159 1042 2406 1094 civitatem
2440 1053 2668 1094 sanctam
2715 1041 2876 1112 (Dan.
2908 1041 2963 1097 9.
3008 1042 3124 1111 24).
3165 1044 3324 1106 Ecce,
3353 1044 3438 1098 hic
3462 1085 3480 1110 ,

1886 1133 2058 1202 inquit
2099 1133 2324 1201 aliquis,
2357 1142 2410 1187 et
2445 1144 2655 1202 tempus
2699 1148 3011 1203 expressum
3061 1143 3164 1190 est.
3212 1134 3478 1204 Tempus,

1888 1241 1992 1278 non
2023 1226 2362 1294 captivitatis,
2395 1226 2489 1280 sed
2535 1235 2654 1294 post
2683 1236 2934 1295 quantum
2969 1227 3222 1296 temporis
3247 1229 3484 1282 reditura

1889 1316 2032 1368 esset
2074 1315 2370 1383 captivitas.
2418 1315 2575 1369 Aliud
2618 1332 2744 1371 vero
2788 1325 2998 1387 tempus
3027 1317 3312 1371 dicendum
3357 1325 3481 1382 est,

1890 1405 2142 1473 quamdiu
2191 1416 2332 1460 CS>et
2371 1407 2622 1460 duratura
2667 1408 2966 1476 captivitas,
3016 1426 3227 1463 rursum
3274 1418 3486 1478 tempus

1891 1502 2014 1562 post
2053 1496 2193 1564 quod
2239 1506 2382 1550 esset
2411 1505 2651 1551 ventura.
2685 1500 3040 1568 Septuaginta,
3070 1497 3260 1568 inquit,
3292 1499 3484 1552 hebdo-

1891 1587 2065 1639 madas
2093 1585 2394 1640 abbreviata:
2413 1598 2530 1642 sunt
2556 1606 2708 1658 super
2753 1591 2996 1659 populum
3025 1601 3163 1643 tuum
3195 1608 3213 1643 :
3246 1607 3348 1643 non
3373 1590 3485 1660 jam

1891 1690 2051 1743 super
2075 1677 2328 1746 populum
2347 1694 2543 1733 meum.
2569 1680 2724 1748 Atqui
2746 1680 3001 1748 propheta
3019 1679 3245 1743 dixerat,
3269 1679 3488 1734 Ostende

1891 1767 2071 1835 [aciem
2093 1781 2229 1820 tuam
2247 1777 2401 1838 super
2424 1771 2667 1839 populum
2693 1780 2853 1836 tuum,
2881 1771 2972 1824 sed
2999 1771 3140 1824 Deus
3168 1772 3312 1824 illum
3343 1783 3487 1840 post-

1892 1857 1993 1912 hac
2022 1874 2115 1926 pro
2134 1858 2308 1913 alieno
2334 1860 2480 1913 ducit
2512 1869 2730 1928 propter
2765 1860 2992 1913 futuram
3023 1861 3320 1914 audaciam.
3361 1861 3485 1914 Mox

1892 1959 1948 2004 et
1991 1965 2204 2004 causam
2245 1955 2494 2020 exprimit
2525 1967 2537 2002 :
2567 1951 2739 2005 Donec
2797 1954 3083 2020 antiquetur
3126 1953 3397 2018 delictum,
3443 1964 3490 2005 et

1893 2053 2267 2096 consummatur
2289 2054 2566 2113 peccatum.
2593 2045 2727 2111 Quid
2755 2054 2836 2097 est
2864 2045 2982 2109 hoc,
3002 2044 3160 2097 donec
3179 2061 3492 2098 consumme-

1894 2141 1977 2186 tur
2019 2135 2316 2203 peccatum?
2359 2134 2536 2199 Multa,
2582 2135 2772 2203 inquit,
2820 2143 3060 2203 peccant,
3105 2134 3199 2188 sed
3229 2134 3490 2188 malorum

1894 2224 2160 2296 fastigium
2191 2235 2316 2281 tunc
2362 2228 2493 2294 erit,
2521 2242 2640 2282 cum
2676 2229 2952 2282 Dominum
2983 2243 3135 2282 suum
3179 2229 3492 2283 occiderint.

1896 2319 1962 2372 Et
1992 2319 2091 2372 hoc
2120 2318 2252 2372 dixit
2293 2318 2535 2386 Christus
2565 2339 2577 2372 :
2607 2318 2826 2388 Implete
2865 2337 3148 2373 mensuram
3175 2331 3379 2391 patrum
3409 2338 3494 2374 oc-

1899 2419 2118 2462 strorum
2153 2408 2364 2480 (Matth.
2410 2412 2501 2464 23.
2535 2410 2650 2478 52).
2683 2411 2879 2465 Servos
2905 2411 3196 2477 occidistis,
3237 2411 3416 2466 addite
3442 2422 3496 2466 et

1900 2500 2110 2556 Domini
2160 2502 2494 2570 sanguinem.
2542 2500 2674 2557 Vide
2716 2502 2984 2571 quomodo
3013 2503 3338 2558 concordant
3365 2518 3495 2558 seu-

1901 2592 2099 2646 tentite.
2142 2591 2388 2646 Christus
2432 2591 2598 2657 dixit,
2644 2592 2847 2660 implete
2874 2608 2892 2646 :
2918 2593 3175 2662 propheta
3215 2593 3324 2657 ait,
3373 2610 3497 2648 con-

1898 2692 2178 2735 summatur
2216 2696 2474 2751 peccatum
2505 2693 2558 2738 et
2601 2685 2863 2754 signentur
2905 2694 3128 2754 peccata.
3175 2685 3313 2750 Quid
3353 2687 3496 2740 enim

1898 2783 2000 2837 cst,
2030 2776 2291 2842 signentur
2309 2776 2335 2828 ?
2357 2774 2435 2830 Ne
2461 2775 2586 2844 quid
2618 2785 2870 2844 praeterea
2898 2776 3154 2845 reliquum
3180 2777 3286 2830 ﬁat.
3317 2775 3385 2828 Et
3405 2779 3500 2828 ad-

1901 2865 2053 2918 ducat
2076 2865 2333 2936 justitiam
2377 2867 2751 2934 sempiternam.
2783 2866 2918 2933 Quid
2961 2877 3140 2920 autem
3173 2875 3256 2920 est
3283 2876 3484 2920 teterna

1897 2958 2122 3026 justitia,
2166 2957 2267 3012 nisi
2311 2974 2431 3027 qua:
2461 2975 2491 3013 a
2520 2958 2737 3013 Christo
2766 2958 2885 3012 data
2930 2961 3049 3013 est?
3078 2959 3143 3013 Et
3176 2959 3332 3012 donec
3361 2961 3499 3012 Obsi-

1904 3060 2085 3121 gnetur
2108 3051 2231 3105 visio
2254 3061 2301 3105 et
2321 3051 2564 3122 propheta
2587 3062 2631 3105 et
2651 3053 2926 3123 inungatur
2947 3063 3149 3118 sanctus
3169 3063 3457 3106 sanctorum
3483 3067 3499 3105 :

1906 3141 2008 3195 hoc
2033 3149 2134 3206 est,
2159 3143 2346 3194 sistere
2367 3150 2580 3209 oportet
2605 3142 2827 3210 posthac
2856 3142 3160 3211 prophetias
3191 3183 3202 3194 .
3237 3141 3338 3196 hoc
3359 3144 3499 3195 enim

1905 3242 1988 3285 est
2015 3231 2316 3299 obsignare,
2356 3234 2547 3286 sistere
2600 3233 2928 3298 unctionem,
2980 3234 3170 3286 sistere
3215 3233 3498 3286 visionem.

1907 3322 2030 3377 Ideo
2073 3322 2316 3377 Christus
2341 3323 2474 3376 dixit
2504 3341 2518 3376 :
2550 3321 2658 3376 Lex
2682 3332 2727 3376 et
2754 3324 3010 3393 prapltelw
3038 3340 3191 3394 usque
3230 3322 3298 3375 ad
3334 3321 3500 3375 Joan-

1906 3429 2019 3465 nem
2068 3411 2178 3481 (ld.
2233 3414 2318 3467 11.
2354 3413 2462 3482 15).
2511 3412 2674 3467 Vides
2715 3421 2773 3467 ut
2825 3414 2941 3468 ha-c
2989 3413 3351 3468 omnimodam
3399 3414 3502 3466 mi-

1907 3513 2102 3559 nentur
2144 3505 2550 3568 desolationem,
2578 3520 2641 3558 ac
2683 3501 2950 3558 scelerum
2992 3504 3504 3570 malefactnrumque

1907 3596 2214 3651 vindictam.
2261 3597 2376 3650 Non
2419 3597 2560 3651 enim
2607 3595 2932 3650 indulturum
2981 3610 3075 3663 se,
3123 3594 3218 3650 sed
3271 3597 3504 3648 ulturutn

1909 3698 2123 3756 pecca‘a
2154 3689 2387 3753 illorum,
2416 3689 2650 3742 minatur
2682 3688 2842 3741 Deus.
3472 3670 3474 3672 ⁷

1984 3779 2071 3832 10.
2105 3778 2330 3844 Quando
2361 3779 2572 3831 tandem
2619 3777 2721 3831 hoc
2752 3777 2942 3831 laetum
2971 3775 3096 3832 est?
3124 3775 3350 3844 Quando
3377 3791 3505 3845 pro-

1911 3868 2103 3938 phetia:
2130 3883 2348 3937 prorsus
2377 3869 2638 3922 sublata)?
2678 3869 2901 3936 Quando
2935 3869 3116 3923 unctio
3157 3871 3236 3923 sic
3262 3877 3347 3924 est
3375 3872 3506 3924 sub-

1912 3962 2040 4029 lata,
2069 3971 2126 4015 ut
2151 3977 2437 4031 numquam
2473 3962 2543 4016 sit
2570 3961 2850 4015 reditura?
2894 3962 2958 4016 Et
2986 3961 3032 4014 si
3073 3976 3171 4015 nos
3215 3961 3467 4015 sileamus
3491 4002 3506 4022 .

1913 4054 2013 4123 ipsi
2067 4053 2269 4122 lapides
2333 4052 2637 4106 clamabunt
2679 4071 2692 4105 :
2737 4051 2872 4105 adeo
2925 4051 3202 4106 manifesta
3263 4060 3346 4105 est
3396 4051 3507 4120 ipsa

1913 4161 2091 4200 rerum
2118 4161 2219 4198 vox
2245 4162 2258 4208 ;
2291 4159 2391 4198 nec
2421 4144 2562 4199 enim
2594 4152 2810 4211 possunt
2838 4142 2978 4196 aliud
3006 4150 3214 4211 tempus
3244 4141 3506 4211 proferre,

1914 4251 2020 4305 quo
2043 4235 2156 4291 hare
2184 4244 2331 4305 gesta
2362 4241 2505 4299 sunt,
2553 4249 2709 4303 quam
2751 4232 2853 4288 hoc
2883 4233 3094 4302 longum
3124 4247 3188 4286 ac
3217 4247 3464 4301 magnum
3490 4273 3508 4297 ,

1915 4327 2010 4381 sed
2057 4327 2230 4396 majus
2272 4327 2430 4380 etiam
2482 4326 2738 4379 futurum.
2785 4322 3032 4378 Posthzrc
3072 4323 3311 4377 exactius
3348 4323 3509 4377 etiam

1915 4418 1984 4473 de
2010 4417 2092 4472 his
2121 4418 2363 4488 loquens,
2396 4417 2470 4470 ait
2501 4433 2515 4469 ε
2546 4415 2613 4469 Et
2641 4432 2906 4486 cognosces
2936 4425 2982 4469 et
3012 4415 3258 4484 intelliges
3283 4414 3344 4467 ab
3373 4417 3510 4469 acim

1914 4510 2178 4573 sermonis,
2220 4518 2274 4561 ut
2297 4507 2674 4576 respondeatur,
2703 4516 2854 4575 utque
2879 4506 3157 4574 aediﬁcetur
3180 4504 3464 4558 Jerusalem
3491 4545 3508 4570 ,

1919 4616 2077 4669 usque
2095 4600 2162 4652 ad
2208 4597 2466 4652 Christum
2488 4589 2688 4663 ducem,
2709 4596 3044 4649 hebdomades
3072 4605 3282 4665 septem,
3307 4602 3356 4646 et
3393 4593 3512 4647 lteb—

1919 4693 2158 4748 domadas
2184 4693 2448 4762 sexaginta
2475 4691 2592 4744 dum
2614 4689 2775 4759 (Dan.
2812 4690 2866 4744 9.
2889 4689 3006 4758 25).

1990 4783 2279 4854 Explicatio
2307 4781 2676 4835 hebdomadam
2702 4778 2950 4833 Danielis.
2980 4808 3051 4818 —
3088 4778 3184 4832 llic
3211 4776 3338 4830 mihi
3384 4776 3512 4830 dili-

1917 4885 2108 4946 genter
2148 4875 2462 4938 auscultate,
2495 4887 2620 4951 nam
2645 4879 2729 4925 est
2758 4871 2919 4925 totius
2946 4869 3261 4940 quaestionis
3303 4867 3467 4922 cardo
3498 4884 3511 4919 :

1920 4967 2279 5022 hebdomades
2324 4977 2528 5035 septem
2576 4972 2632 5019 et
2674 4962 3034 5034 hebdomades
3075 4962 3345 5030 sexaginta
3393 4959 3513 5012 dum

1919 5056 2209 5112 conﬁciunt
2255 5069 2425 5109 annos
2472 5053 2891 5123 quadringentos
2923 5050 3190 5119 octoginta
3234 5058 3364 5102 tres.
3405 5046 3514 5101 Nec

1920 5151 2062 5205 enim
2091 5148 2178 5204 hie
2204 5147 2328 5202 dicit
2361 5147 2722 5201 hebdomadas
2746 5145 2953 5199 dierum
2983 5152 3076 5198 aut
3105 5142 3390 5203 mensium,
3418 5140 3514 5196 sed

1921 5243 2229 5298 annorum'.
2281 5240 2413 5295 Nam
2443 5239 2638 5311 aCer
2683 5252 2854 5308 usque
2899 5236 2967 5290 ad
3019 5234 3338 5290 Antiochum
3381 5232 3506 5302 Epi-

1919 5333 2148 5404 phancm
2179 5341 2234 5387 et
2260 5331 2620 5401 captivitatem
2659 5329 2802 5382 illam
2831 5336 2954 5382 sunt
2997 5327 3120 5380 anni
3168 5323 3511 5396 trecenti'no-

1917 5422 2135 5493 naginta
2187 5430 2434 5492 quatuor.
2487 5421 2667 5490 Itaque
2709 5418 2988 5473 declarans
3040 5431 3100 5470 se
3149 5430 3254 5468 non
3305 5413 3372 5467 de
3424 5413 3512 5468 illa

1919 5519 2104 5587 templi
2148 5516 2476 5572 desolatione
2503 5513 2671 5583 loqui,
2698 5512 2795 5568 sed
2823 5528 2909 5574 ea,
2939 5526 3058 5581 quae
3098 5509 3195 5563 fuit
3221 5517 3341 5577 post
3368 5506 3512 5561 illam

1921 5609 2022 5665 sub
2049 5608 2323 5679 Pompeio,
2372 5605 2700 5675 Vespasiano
2750 5613 2801 5657 et
2846 5601 2989 5666 Tito,
3039 5600 3262 5654 ulterius
3311 5596 3514 5668 profert

1979 5762 2004 5819 ει
2037 5767 2146 5810 Bac
2174 5772 2408 5809 annorum
2429 5759 2704 5870 Ἥρυωιίο
2723 5769 2752 5806 a
2772 5766 2889 5820 cyro
2910 5755 2970 5804 ad
2994 5754 3271 5825 Antiochum
3309 5751 3512 5813 enim-

1979 5836 2039 5870 em
2077 5822 2265 5870 mnis
2294 5829 2372 5870 est
2403 5822 2450 5870 di
2519 5821 2760 5869 'ultalibus
2796 5821 3039 5870 obnoxia.
3085 5822 3138 5864 ut
3179 5814 3347 5863 Videas
3383 5813 3510 5870 apud

1923 5816 2039 5885 nem
2077 5822 2265 5885 magnis
2294 5829 2372 5870 est
2403 5813 2760 5885 ditliéuluuibus
2796 5813 3039 5874 obnoxia,
3085 5822 3138 5885 ut
3179 5814 3347 5885 videas
3383 5813 3510 5885 apud

1929 5879 2254 5946 chronolo'gos
2274 5888 2595 5944 recentiores,
2619 5883 2931 5944 scaligerusr,
2956 5879 3216 5939 Petaviutn,
3245 5879 3505 5925 Usser'mttt.

4135 505 4140 546 ξ

4133 74 4150 640 i

4137 645 4150 758 ιι
