4150 6352
664 376 769 434 R99

666 507 901 567 tempus,
933 507 1165 565 mosque
1208 493 1408 550 docens
1453 507 1571 559 nos,
1604 491 1745 547 unde
1788 501 2031 561 oporteat
2063 507 2262 562 suppu-

666 600 803 656 tare,
833 571 1161 644 demonstrat
1179 601 1282 641 non
1310 601 1429 642 esse
1450 585 1839 640 numerandum
1864 600 1895 639 a
1919 583 2006 639 die
2035 584 2259 651 reditus,

664 678 768 735 Sed
800 677 939 733 unde
987 677 1248 733 tandem?
1277 677 1351 731 Ab
1380 676 1517 731 exitu
1546 676 1817 741 sermonis,
1848 685 1905 729 ut
1941 676 2261 745 respondea-

664 781 763 833 tur,
793 782 838 824 et
857 770 1138 838 iediﬁcetur
1168 768 1475 825 Jerusalem.
1509 771 1578 823 At
1606 785 1711 822 non
1740 766 1835 822 fuit
1862 777 2137 824 exstructa
2163 769 2263 823 sub

662 860 824 932 Cyro,
874 859 967 915 sed
1011 860 1113 915 sub
1158 861 1456 915 Artaxerxe
1500 867 1856 928 cognomento
1912 858 2261 928 Longiniano.

668 954 797 1007 Post
826 954 1142 1007 descensum
1165 953 1305 1007 enim
1337 952 1481 1007 venit
1502 949 1813 1021 Cambyses,
1861 950 2053 1004 deinde
2079 949 2214 1019 Magi
2243 988 2260 1015 ,

668 1054 790 1113 post
806 1043 903 1097 hos
935 1043 1121 1097 Darius
1144 1041 1419 1113 Hystaspa-
1441 1040 1859 1109 ﬁlius,deiimeps
1876 1038 2099 1094 Xerxes.
2124 1038 2265 1093 Darii

668 1138 951 1206 ﬁlius,post
970 1134 1110 1190 hunc
1132 1137 1169 1189 A
1181 1135 1579 1202 rtabanus,post
1599 1132 1926 1186 Artabanum
1942 1134 2265 1184 Artaxerxes

668 1227 1031 1296 Longimanus
1072 1226 1352 1295 imperavit
1389 1224 1617 1279 Persidi.
1653 1223 1721 1278 Et
1758 1224 1884 1277 dum
1927 1221 2015 1277 hic
2042 1237 2265 1291 regnum

665 1318 944 1381 obtineret,
966 1333 1105 1371 anno
1133 1317 1389 1386 vigesimo
1419 1317 1565 1385 regni
1592 1314 1731 1369 illius
1752 1314 1998 1369 Neemias
2020 1326 2266 1367 reversus

672 1411 942 1465 Civitatem
974 1410 1304 1465 instauravit.
1340 1410 1404 1462 Et
1437 1409 1551 1462 tunc
1596 1408 1792 1461 Esdras
1818 1406 1973 1461 nobis
2020 1414 2267 1458 accurate

667 1502 971 1571 descripsit.
1018 1502 1127 1556 Nos
1171 1503 1329 1572 igitur
1370 1501 1493 1554 hinc
1532 1499 1948 1569 quadringentos
1995 1496 2262 1565 octoginta

674 1605 782 1650 tres
811 1611 979 1649 annos
1023 1596 1066 1648 si
1115 1595 1599 1655 numeraverinns,
1635 1590 1772 1645 haud
1804 1589 1961 1644 dubie
1991 1589 2267 1643 veniemus

666 1687 731 1739 ad
764 1688 898 1741 haut:
926 1686 1354 1740 subversionem.
1390 1684 1509 1737 Ideo
1536 1683 1663 1736 dicit
1692 1698 1707 1735 :
1739 1680 2109 1747 Ediﬁcabitur
2148 1679 2263 1746 pla-

667 1786 745 1828 tea
790 1785 833 1828 el
866 1793 1124 1828 murorum
1165 1776 1380 1828 ambitus
1407 1774 1481 1838 (2.
1518 1773 1666 1825 Iisdr.
1690 1772 1723 1824 5
1750 1772 1793 1837 ).
1824 1770 1954 1824 Cum
1999 1770 2181 1838 igitur,
2210 1779 2267 1821 ut

666 1868 759 1932 ait,
808 1868 1047 1921 restituta
1095 1865 1287 1931 fuerit,
1338 1883 1597 1935 suumque
1639 1874 1839 1918 st-tum
1887 1865 2167 1931 receperit,
2201 1877 2266 1915 ex

672 1960 775 2013 hoc
823 1968 1051 2029 supputa
1115 1959 1479 2014 hebdomach
1538 1958 1904 2035 septuaginta,
1960 1954 2272 2023 videbisque

669 2050 807 2104 hanc
836 2052 1196 2119 captivitatem
1230 2050 1461 2103 nondum
1510 2048 1751 2101 sortitam
1802 2046 1957 2099 ﬁnem
1989 2060 2129 2097 esse.
2170 2046 2268 2096 At-

669 2158 775 2210 que
807 2144 906 2196 hoc
936 2144 1109 2211 ipsum
1138 2142 1436 2195 evidentius
1479 2141 1639 2194 etiam
1668 2140 1937 2207 aperiens,
1966 2137 2105 2205 quod
2133 2136 2268 2189 mala

668 2234 865 2301 quibus
898 2248 1038 2286 nunc
1089 2242 1369 2296 tenentur,
1403 2246 1507 2284 non
1547 2234 1653 2283 sint
1696 2228 1939 2305 habitura
1990 2227 2172 2290 ﬁnem,
2202 2225 2267 2278 ad

672 2323 817 2377 hunc
867 2323 1081 2376 modum
1128 2322 1405 2391 loquitur:
1440 2320 1565 2374 Post
1609 2319 1943 2372 hebdomade:
1988 2328 2154 2369 autem
2193 2334 2272 2371 se-

674 2414 938 2483 ptuaginta
959 2412 1239 2466 abolebitur
1275 2412 1463 2475 unctio,
1509 2420 1554 2463 et
1578 2410 1825 2481 judicium
1866 2425 1966 2460 non
1993 2408 2083 2461 erit
2110 2407 2161 2458 in
2189 2424 2267 2471 ea,

671 2515 718 2558 et
746 2505 993 2559 civitatem
1042 2512 1087 2557 et
1114 2512 1343 2557 sanctum
1386 2501 1591 2573 perdet,
1623 2516 1736 2553 cum
1780 2498 1921 2552 Duce
1964 2508 2190 2561 venturo,
2224 2506 2293 2549 et'

688 2599 1035 2653 concid.utur
1069 2609 1320 2665 tanquam
1367 2598 1417 2647 iu
1454 2596 1674 2659 diluvio,
1710 2610 1885 2662 neque
1934 2603 2264 2660 supererunt

686 2691 950 2759 reliquias,
991 2704 1167 2756 neque
1202 2689 1379 2745 radix,
1416 2703 1537 2755 qua:
1567 2687 1875 2753 repullulet,
1914 2694 1963 2738 et
1997 2700 2161 2754 usque
2195 2685 2264 2737 ad

684 2784 842 2851 ﬁnem
859 2780 981 2833 belli
1005 2779 1296 2832 abbreviati
1319 2776 1781 2831 interneciouibus.
1805 2778 2013 2831 Ilursus
2034 2778 2264 2845 loquens

681 2875 748 2927 de
771 2874 871 2925 hac
889 2871 1393 2939 captivitate,dicit:
1416 2868 1651 2922 Tolletur
1667 2869 1931 2921 incensum
1946 2878 1992 2920 et
2009 2867 2261 2929 libamen,

683 2980 745 3016 ac
762 2972 1019 3031 praeterea
1039 2977 1192 3029 super
1218 2960 1460 3026 templum
1486 2957 1806 3009 abominatio
1824 2955 2193 3020 desolatiom's,
2214 2966 2262 3007 et

683 3071 848 3124 usque
867 3052 938 3105 ad
960 3051 1466 3105 consummationem
1491 3050 1740 3117 temporis
1760 3048 2146 3101 consummatio
2166 3048 2264 3099 da-

684 3145 825 3197 bitur
844 3144 913 3197 ad
928 3144 1327 3197 desolationem.
1347 3142 1479 3195 Cum
1501 3142 1691 3194 audias
1705 3142 2261 3204 consummationem,

698 3236 830 3305 quid
857 3235 1034 3288 adhuc
1069 3243 1338 3302 superest,
1366 3233 1507 3300 quod
1544 3232 1865 3301 exspectes?
1892 3234 1965 3283 Ac
1986 3219 2261 3295 prwterea.

685 3324 825 3390 Quid
843 3332 1139 3386 autemest,
1161 3324 1231 3374 Ac
1252 3322 1537 3389 pra‘lerea?
1555 3319 1663 3372 Hoc
1678 3313 1781 3381 es't,
1804 3329 1997 3389 praeter
2019 3320 2266 3389 haecquae

685 3415 832 3469 dicta
862 3423 1011 3477 sunt,
1041 3421 1164 3482 post
1195 3413 1594 3465 sacriﬁciorum
1622 3420 1673 3462 et
1705 3410 1979 3463 iibaminis
2008 3409 2268 3464 sublatio-

694 3523 843 3567 nem,
870 3505 1015 3558 aliud
1054 3504 1231 3571 majus
1258 3502 1481 3556 accedet
1506 3503 1730 3555 malum.
1751 3502 2035 3567 Quodnam
2056 3502 2157 3556 hoc
2180 3502 2265 3555 di-

688 3598 808 3652 cis?
832 3596 999 3665 Super
1021 3595 1266 3661 templum
1299 3592 1622 3646 abominatio
1638 3593 2002 3646 desolationis.
2059 3591 2259 3645 Hieron

690 3692 833 3742 enim
852 3697 1007 3739 vocat
1022 3686 1581 3753 templum,abouiinal
1595 3689 1769 3737 ioneui
1787 3694 1965 3737 autem
1980 3684 2267 3739 desolatio-

685 3781 769 3832 nis
794 3787 947 3831 vocat
984 3788 1236 3842 statuam,
1282 3793 1441 3847 quam
1473 3778 1752 3833 collocavit
1781 3779 1832 3832 in
1880 3780 2076 3849 templo
2114 3782 2159 3834 is
2187 3780 2275 3850 qui

685 3872 958 3925 exciderat
976 3881 1027 3924 ct
1047 3880 1311 3925 everterat
1330 3872 1615 3925 civitatem.
1632 3868 1701 3923 Et
1718 3888 1873 3941 usque
1888 3872 1955 3923 ad
1971 3888 2279 3925 consumma-

685 3963 891 4025 tionem,
926 3962 1115 4029 inquit,
1148 3961 1408 4014 dcsolatio.
1442 3960 1795 4026 Quamobrem
1843 3961 1969 4014 dicit
1992 3961 2273 4028 “Christus,

683 4052 774 4118 qui
819 4055 1111 4105 secundum
1151 4068 1363 4105 carnem
1419 4052 1513 4104 fuit
1563 4053 1822 4119 pouerior
1868 4053 2127 4107 Antiocho
2160 4054 2278 4121 lipi-

688 4143 883 4209 phane,
916 4143 1213 4196 vaticinans
1243 4143 1605 4195 imminentem
1634 4142 1779 4196 urbis
1807 4144 2186 4211 captivitatem,
2215 4162 2279 4199 ac

688 4235 966 4289 declarans
1004 4236 1144 4303 quod
1177 4235 1243 4288 de
1289 4234 1387 4289 hac
1429 4236 1732 4303 pra‘dixerit
1764 4237 1944 4289 Daniel
1976 4256 1989 4291 :
2020 4236 2163 4302 Cum,
2198 4240 2278 4291 in-

690 4329 825 4397 quit,
877 4329 1096 4380 videt-itis
1141 4327 1562 4379 abominationem
1606 4328 1949 4394 desolationis,
1978 4329 2041 4382 de
2078 4346 2176 4397 qua
2206 4331 2281 4382 lo-

690 4430 874 4487 quutus
900 4429 970 4471 est
1000 4418 1186 4471 Daniel
1211 4422 1476 4487 praplieta,
1504 4430 1714 4472 stantem
1741 4420 1791 4472 in
1819 4421 1927 4473 loco
1956 4432 2129 4473 sancto
2152 4438 2170 4474 :
2195 4423 2282 4491 qui

686 4510 805 4579 legit
833 4511 1078 4578 intelligat
1118 4510 1329 4582 (.llatllt.
1376 4510 1464 4565 ‘21.
1502 4510 1608 4581 lii).
1642 4512 1902 4575 Quoniam
1950 4513 2091 4567 enim
2121 4529 2279 4567 omne

687 4601 1026 4654 simulacrum
1059 4611 1113 4652 et
1134 4601 1363 4653 hominis
1393 4601 1594 4669 efﬁgies
1619 4603 1755 4667 apud
1785 4600 2001 4655 Judmos
2042 4604 2278 4671 appella-

688 4690 847 4745 batur
890 4692 1249 4753 abominatio,
1292 4693 1623 4761 :cniguiatiee
1683 4694 1990 4761 signiﬁcans
2039 4704 2269 4749 statuam

692 4782 861 4845 illaut,
906 4782 1062 4836 simul
1105 4783 1313 4849 aperuit
1356 4793 1410 4836 et
1454 4799 1559 4851 quo
1590 4794 1847 4854 tempore,
1891 4795 1995 4839 eta
2024 4802 2128 4855 quo
2158 4803 2282 4856 rege

691 4873 971 4942 captivitas
996 4884 1138 4926 esset
1163 4883 1401 4926 ventura.
1426 4874 1573 4941 Quod
1602 4886 1778 4929 autem
1807 4876 1871 4929 de
1897 4876 2147 4932 Romanis
2170 4878 2283 4931 ha‘c

692 4965 833 5017 dicta
885 4965 1013 5031 sint,
1057 4974 1112 5018 et
1162 4965 1273 5034 ipse
1322 4966 1617 5033 Josuphus,
1667 4970 2114 5036 quemadmodum
2158 4979 2282 5025 ante

694 5056 994 5120 docuimus,
1028 5058 1369 5110 asseveravit.
1401 5058 1534 5124 Quid
1562 5060 1715 5129 igitur
1743 5043 1893 5115 vobis
1918 5063 2174 5133 reliquum
2203 5076 2285 5119 est

696 5149 836 5216 quod
869 5150 1189 5215 loquamini,
1212 5166 1329 5203 cum
1365 5151 1597 5219 reliquas
1628 5154 1960 5220 captivitatcs
1987 5156 2283 5223 praedicen-

697 5249 776 5291 tes
805 5238 1097 5307 prophetm,
1140 5253 1343 5293 ceitum
1393 5252 1445 5295 et
1488 5242 1806 5311 prmﬁnitum
1857 5255 2066 5313 tempus
2108 5248 2285 5320 expri-

698 5341 848 5383 mant
879 5347 892 5382 :
924 5330 1044 5384 huic
1092 5331 1295 5384 nullum
1343 5345 1553 5402 tempus
1602 5337 2067 5407 pra'ﬁniant,quin
2111 5341 2285 5409 potius

700 5422 1027 5474 contrarium
1072 5422 1289 5489 addant,
1333 5427 1581 5480 videlicet
1617 5428 1975 5496 captivitatem
2022 5446 2189 5500 usque
2215 5433 2283 5487 ad

699 5515 1213 5569 consummationem
1260 5516 1609 5571 duraturam?
1638 5520 1800 5573 Porro
1844 5521 1984 5590 quod
2029 5522 2287 5580 hactenus

699 5605 838 5657 dicta
870 5618 1003 5657 vana
1035 5622 1139 5659 non
1180 5606 1307 5674 sint,
1338 5621 1436 5677 age
1461 5625 1487 5661 a
1512 5610 1668 5664 rebus
1692 5612 1848 5665 etiam
1876 5612 2005 5681 ipsis
2031 5614 2286 5669 exhibea-

700 5712 817 5750 mus
842 5697 1225 5754 testimonium.
1258 5699 1389 5755 Nam
1421 5705 1463 5755 si
1492 5702 1659 5757 Judaei
1682 5720 1965 5775 numquam
1996 5716 2287 5763 tentassent

703 5790 970 5846 aediﬁcare
1000 5792 1277 5862 templum,
1317 5791 1495 5848 dicere
1540 5805 1785 5865 poterant
1860 5799 1901 5851 si
1936 5799 2283 5855 voluissemus

1390 374 1449 433 S.
1489 371 1767 431 10.“le
1805 370 2280 431 CllRYSOSTOMI
2323 372 2640 431 ARClllEP.
2679 371 3221 430 CONSTAN‘I‘INOP.

3859 372 3967 428 900

2366 494 2585 563 aggredi
2628 493 2812 566 templi
2846 496 3305 563 instaurationem,
3334 495 3556 549 omnino
3579 492 3965 565 potuissemus,

2367 594 2421 639 et
2450 584 2885 654 perfecissemus.
2918 586 3071 642 Nunc
3115 596 3291 642 autem
3328 601 3417 642 res
3447 588 3559 657 ipsa
3590 586 3927 640 demonstrat
3948 626 3964 647 ,

2368 690 2462 729 eos
2493 692 2599 731 non
2632 678 2796 732 semel
2836 678 3055 741 autbis,
3084 677 3177 733 sed
3210 686 3293 732 ter
3333 692 3618 747 aggressos
3643 684 3699 731 et
3727 674 3966 744 repulsos

2368 783 2509 833 esse,
2540 784 2647 823 non
2670 770 2827 823 aliter
2855 786 3012 840 quam
3041 770 3103 825 ﬁt
3132 771 3183 823 in
3209 770 3595 825 certaminibus
3618 767 3944 839 Olympiacis

2370 869 2423 911 ut
2452 860 2586 914 nulli
2610 859 2827 915 dubium
2869 876 2993 916 esse
3022 862 3210 931 possit,
3239 860 3363 931 quin
3392 860 3648 914 Ecclesia:
3674 860 3745 914 sit
3773 872 3962 913 corona

2378 946 2644 1004 victoriae.

2376 1058 2379 1063 ’
2450 1040 2537 1094 ιι.
2568 1039 2871 1094 Iudaeorum
2893 1037 3103 1092 rebellio
3128 1038 3220 1091 sub
3243 1035 3680 1091 Adriano.—Ubi
3700 1034 3866 1106 igitur
3879 1048 3968 1102 ag-

2374 1129 2548 1201 gressi
2575 1140 2698 1183 sunt
2731 1130 2826 1191 illi,
2848 1129 2941 1199 qui
2972 1142 3187 1199 semper
3207 1128 3471 1183 resistunt
3494 1126 3727 1198 Spiritui
3758 1134 3964 1187 sancto,

2375 1222 2465 1291 qui
2482 1236 2567 1275 res
2581 1237 2749 1277 novas
2766 1222 3082 1287 moliuntur,
3096 1221 3186 1291 qui
3206 1221 3501 1275 seditiones
3511 1219 3828 1275 concitant?
3843 1218 3966 1272 Post

2375 1312 2804 1368 devastationem
2826 1329 2945 1384 quae
2972 1314 3110 1368 facta
3140 1314 3241 1368 fuit
3260 1313 3361 1368 sub
3380 1313 3716 1383 Vespasiano
3742 1326 3808 1365 ac
3822 1309 3963 1373 Tito,

2375 1404 2477 1459 sub
2490 1404 2725 1460 Adriano
2738 1416 2881 1460 mota
2897 1406 3369 1470 seditione,conati
3383 1414 3515 1461 sunt
3527 1406 3814 1475 pristinam
3830 1418 3966 1457 rem-

2371 1498 2638 1567 publicam
2689 1500 2987 1554 instaurare
3018 1517 3030 1552 :
3062 1498 3201 1554 haud
3232 1512 3497 1568 quaquam
3530 1497 3885 1567 intelligentes
3912 1509 3970 1547 se

2369 1601 2555 1644 contra
2585 1590 2677 1644 Dei
2708 1590 2972 1645 calculum
3001 1590 3199 1646 bellum
3229 1605 3464 1653 movere,
3491 1589 3733 1659 iubentis
3760 1590 3811 1642 in
3841 1603 3966 1658 per-

2371 1690 2589 1750 petuum
2615 1696 2733 1735 eam
2762 1682 3037 1735 civitatem
3060 1680 3345 1735 devastari.
3376 1681 3544 1734 Porro
3575 1680 3684 1735 Deo
3711 1679 3964 1741 bellante,

2370 1787 2626 1841 superare
2670 1772 2999 1842 impossibile
3049 1781 3149 1826 est.
3184 1772 3383 1843 lmpetu
3416 1773 3574 1842 igitur
3604 1771 3742 1825 facto
3771 1772 3823 1824 in
3852 1770 3969 1823 Ca»

2371 1877 2569 1925 sarem,
2616 1878 2800 1917 rursus
2848 1879 2969 1917 eum
3016 1864 3341 1933 adegerunt,
3386 1871 3444 1916 ut
3485 1861 3724 1916 funditus
3769 1861 3969 1915 deleret

2371 1956 2666 2009 civitatem.
2718 1954 2853 2009 Nam
2901 1955 3127 2010 devictis
3173 1970 3235 2009 ac
3280 1954 3515 2009 subactis
3560 1953 3687 2016 illis,
3722 1953 3969 2006 omnibus

2374 2045 2614 2113 reliquiis
2643 2045 2876 2109 abolitis,
2907 2061 2974 2100 ne
3006 2046 3056 2099 in
3091 2057 3358 2114 p05terum
3392 2054 3613 2113 possent
3634 2045 3968 2114 impudenter

2373 2151 2551 2207 agere,
2582 2147 2811 2191 statuam
2834 2154 2984 2192 suam
3008 2138 3060 2191 in
3091 2139 3207 2192 loco
3228 2138 3531 2193 collocavit.
3567 2136 3769 2190 Deinde
3798 2139 3970 2191 sciens

2375 2228 2629 2294 futurum,
2661 2241 2719 2284 ut
2763 2231 2848 2284 illa
2882 2239 3120 2300 tempore
3150 2230 3526 2292 collaberetur,
3574 2244 3680 2298 quo
3711 2230 3848 2282 illius
3892 2230 3969 2281 vi-

2373 2323 2555 2374 ctoria:
2582 2330 2759 2373 notam
2810 2320 3253 2375 immedicabilem
3295 2320 3561 2382 inurenet,
3615 2330 3669 2373 et
3698 2320 3838 2372 illius
3866 2318 3969 2372 im-

2374 2412 2644 2481 pudentia:
2676 2421 3104 2477 monumentum,
3131 2427 3322 2467 nomen
3350 2428 3505 2466 suum
3537 2411 3775 2464 civitatis
3806 2410 3972 2464 ruinis

2375 2505 2645 2574 imposuit.
2687 2506 2947 2571 Quoniam
2974 2508 3116 2561 enim
3148 2507 3260 2575 ipse
3283 2506 3560 2560 dicebatur
3581 2504 3757 2560 Elius
3784 2504 3974 2559 Adria-

2374 2611 2495 2662 nus,
2523 2596 2643 2651 ideo
2666 2606 2721 2652 et
2748 2598 2945 2651 civitati
2971 2613 3166 2651 nomen
3194 2596 3349 2651 Elia:
3368 2598 3529 2666 jussit
3555 2597 3754 2665 imponi
3785 2613 3799 2660 ;
3834 2595 3973 2649 unde

2376 2699 2431 2745 et
2458 2689 2597 2746 Elia
2651 2690 2846 2745 dicitur
2891 2691 2942 2743 in
2971 2690 3287 2744 hodiernum
3337 2705 3506 2759 usque
3556 2690 3721 2753 diem,
3769 2704 3973 2757 cogno-

2377 2782 2523 2835 mine
2552 2782 2769 2835 victoris
2799 2792 2854 2836 et
2884 2783 3171 2835 evcrsoris.
3203 2781 3363 2835 Vides
3390 2782 3619 2849 primum
3662 2780 3973 2847 Judazorum

2374 2872 2662 2927 conatum?
2688 2873 2981 2927 Considera
3012 2883 3065 2926 et
3096 2876 3318 2927 alterum
3368 2871 3434 2925 ab
3462 2873 3580 2925 hoc.

2447 2964 2669 3018 Conatus
2696 2981 2867 3018 eorum
2892 2966 2983 3018 sub
3010 2965 3357 3019 Constantino.
3386 2995 3456 3004 ——
3480 2963 3597 3023 Sub
3616 2961 3975 3017 Constantino

2376 3054 2563 3108 eadem
2606 3056 2841 3123 aggressi
2887 3066 3031 3109 sunt.
3086 3057 3155 3109 At
3205 3056 3291 3109 ille
3321 3057 3434 3109 viso
3474 3056 3709 3125 ipsorum
3752 3064 3973 3115 conatu,

2376 3146 2663 3213 amputatis
2698 3146 2908 3199 illorum
2948 3146 3197 3200 auriculis
3217 3188 3230 3210 ,
3273 3162 3333 3199 ac
3361 3146 3668 3200 rebellionis
3694 3147 3849 3213 signo
3880 3146 3967 3197 im.

2379 3254 2562 3304 presso
2591 3240 2801 3307 corpori
2834 3240 3067 3305 illorum,
3102 3256 3195 3308 per
3214 3242 3391 3295 omnia
3420 3242 3534 3294 loca
3561 3239 3981 3294 circumferebat

2380 3327 2530 3395 illos,
2572 3346 2669 3385 ceu
2700 3329 2917 3401 fugitiva
2951 3333 3215 3401 mancipia
3245 3347 3305 3385 ac
3332 3331 3656 3385 verberones
3680 3373 3695 3396 ,
3729 3333 3979 3401 corpori-

2380 3419 2479 3474 bus
2526 3422 2781 3475 mutilatis
2824 3424 3142 3491 conspicuos
3185 3424 3304 3476 illos
3349 3422 3548 3477 iaciens
3576 3423 3865 3483 omnibus,
3916 3437 3979 3475 ac

2377 3527 2473 3566 eos
2499 3514 2585 3581 qui
2613 3528 2705 3580 per
2730 3528 2917 3567 omnes
2940 3514 3183 3583 regiones
3209 3522 3361 3566 erant
3386 3513 3559 3579 sparsi
3586 3512 3871 3573 erudiens,
3907 3526 3975 3564 ne

2382 3602 2433 3655 in
2472 3610 2740 3670 posterum
2775 3602 2963 3656 eadem
2998 3610 3338 3655 conarentur.
3389 3600 3495 3655 Sed
3528 3601 3677 3665 haec,
3711 3602 3976 3669 inquient,

2382 3694 2555 3761 prisca
2587 3701 2638 3746 et
2669 3692 2929 3746 obsoleta.
2952 3692 3065 3745 iuro
3097 3694 3197 3747 hoc
3217 3693 3391 3763 potius
3414 3702 3599 3746 notum
3624 3702 3707 3747 est
3727 3692 3889 3747 etiam
3915 3694 3978 3745 iis

2382 3784 2469 3853 qui
2503 3785 2641 3837 inter
2668 3798 2762 3836 vos
2792 3792 2914 3837 sunt
2941 3784 3204 3837 seniores.

2451 3874 2621 3926 Juda'i
2662 3877 2855 3943 favente
2889 3874 3100 3927 Juliano
3126 3872 3372 3944 Apostata
3410 3873 3654 3944 templum
3694 3885 3979 3927 restaurare

2385 3966 2574 4033 frustra
2617 3974 2887 4018 tentarunt.
2934 3994 3004 4004 —
3050 3965 3201 4032 Quod
3250 3981 3375 4019 vero
3415 3966 3525 4033 jam
3556 3966 3795 4020 dicturus
3836 3985 3976 4035 sum,

2382 4056 2541 4109 etiam
2570 4055 2852 4109 admodum
2872 4056 3152 4125 juvenibus
3179 4067 3261 4111 est
3289 4058 3490 4111 clarum
3521 4072 3583 4111 ac
3614 4060 3975 4127 perSpicuum.

2385 4146 2497 4199 Non
2546 4148 2685 4200 enim
2726 4156 2932 4215 gestum
2974 4159 3055 4203 est
3097 4148 3199 4201 sub
3223 4149 3459 4203 Adriano
3484 4157 3575 4201 aut
3604 4150 3977 4210 Constantio»,

2386 4238 2478 4293 sed
2508 4238 2607 4291 sub
2640 4239 2962 4307 lmperatore
2990 4240 3076 4305 qui
3117 4238 3212 4293 fuit
3238 4249 3392 4293 aztate
3433 4250 3614 4293 nostra
3652 4250 3779 4294 ante
3814 4255 3981 4293 annos

2385 4333 2586 4397 viginti.
2618 4332 2825 4386 Etenim
2854 4347 2972 4385 cum
3004 4332 3266 4398 Julianus,
3300 4333 3387 4400 qui
3414 4331 3773 4401 imperatores
3795 4348 3979 4387 omnes

2385 4425 2660 4492 superavit
2702 4425 2969 4493 impietate
2993 4466 3007 4489 ,
3054 4436 3269 4479 vocaret
3311 4424 3430 4479 illos
3469 4426 3532 4479 ad
3570 4426 3977 4480 sacriﬁcandum

2387 4514 2561 4582 idolis,
2592 4525 2644 4569 et
2674 4516 2738 4569 ad
2767 4532 2915 4589 suam
2950 4518 3275 4585 impietatem
3317 4517 3629 4586 pertrahere
3671 4528 3974 4575 conaretur.

2386 4620 2446 4659 ac
2465 4622 2590 4659 mox
2612 4606 2904 4676 objicerent
2932 4609 3031 4677 ipsi
3062 4608 3290 4676 priscum
3308 4608 3483 4662 cultus
3506 4610 3688 4669 ritum,
3709 4610 3975 4665 dicentes:

2383 4708 2416 4751 a
2449 4700 2642 4753 noStris
2674 4700 2962 4769 majoribus
2996 4700 3133 4754 Deus
3165 4701 3265 4755 hoc
3294 4701 3451 4755 modo
3472 4703 3648 4755 cultus
3670 4712 3789 4767 est;
3822 4702 3977 4756 etiam

2391 4790 2629 4844 nolentes
2657 4800 2764 4845 tum
2795 4790 3093 4845 fatebantur
3122 4792 3267 4856 lucc,
3300 4807 3417 4861 qua:
3450 4807 3547 4846 nos
3579 4808 3719 4846 nunc
3756 4794 3978 4847 demon-

2388 4882 2691 4946 stravimus,
2725 4884 2863 4953 qnod
2895 4883 2972 4936 fas
3002 4899 3105 4936 non
3139 4893 3283 4937 esset
3305 4893 3453 4937 extra
3481 4884 3752 4937 civitatem
3795 4884 3981 4937 immo-

2390 4972 2501 5025 lare
2529 4974 2768 5027 vietimas
2799 4992 2811 5027 :
2844 4975 2935 5028 sed
2962 5016 2975 5038 ,
3021 4976 3364 5042 inquiebaut,
3406 4975 3719 5045 religionem
3762 4976 3979 5035 violant,

2391 5069 2711 5137 quicumque
2743 5070 3043 5122 sacriﬁcant
3070 5069 3121 5123 in
3157 5079 3297 5123 terra
3328 5069 3521 5121 aliena.
3574 5068 3804 5122 Proinde
3830 5067 3876 5121 si
3911 5068 3983 5118 vis

2392 5176 2488 5213 nos
2520 5162 2696 5213 videre
2722 5162 3085 5216 sacrilicantes
3111 5204 3123 5225 ,
3155 5160 3318 5216 redde
3359 5160 3512 5214 nobis
3557 5161 3825 5213 civitatem
3849 5199 3866 5221 ,
3900 5174 3985 5212 re-

2393 5254 2552 5306 stitue
2590 5252 2843 5321 templmu
2864 5293 2879 5317 ,
2910 5252 3102 5307 exhibe
3128 5252 3280 5305 nobis
3303 5261 3483 5305 sancta
3514 5259 3841 5321 sanctorum,
3874 5251 3982 5303 col-

2393 5344 2504 5397 loca
2546 5358 2725 5409 aram,
2777 5345 3291 5399 etrsacriﬁcabimus
3341 5358 3482 5397 nunc
3534 5342 3980 5411 quemadmodum

2394 5435 2541 5487 olim.
2586 5434 2693 5488 Nec
2738 5435 2914 5504 puduit
2947 5437 3238 5490 sceleratos
3266 5444 3321 5488 et
3348 5436 3604 5490 ellrontes
3628 5433 3744 5489 hiet:
3766 5449 3983 5504 poscere

2393 5540 2422 5577 ι
2445 5524 2555 5579 viro
2584 5527 2744 5595 impio
2773 5543 3082 5597 paganoque
3102 5568 3117 5592 ,
3150 5537 3202 5582 et
3238 5526 3473 5594 impuras
3502 5526 3641 5579 illius
3672 5538 3868 5579 manus
3894 5539 3983 5576 vo-

2393 5631 2518 5670 care
2554 5617 2620 5670 ad
2647 5606 3061 5673 exstructionem
3089 5627 3393 5672 sanctorum
3417 5657 3431 5679 ,
3476 5632 3576 5670 nec
3620 5614 3985 5683 intelligebsnt

2394 5722 2453 5761 se
2482 5708 2661 5761 conari
2692 5708 3066 5777 impossibilia,
3111 5724 3283 5777 neque
3312 5706 3708 5776 perpendebant
3727 5745 3744 5771 ,
3776 5703 3919 5772 quod
3944 5701 3984 5755 si

2398 5802 2556 5857 homo
2604 5801 2689 5856 illa
2720 5801 3004 5857 demolitus
3048 5810 3219 5866 esset,
3279 5802 3538 5870 potuisset
3581 5797 3745 5853 homo
3796 5787 3904 5843 illis
3929 5795 3987 5836 εδ
