4150 6352
695 515 978 585 ἦνθρώπου
1034 516 1199 569 πάλιν
1256 518 1438 572 λαϐεῖν
1489 524 1661 576 αὑτά·
1702 520 1836 575 Θεοῦ
1888 523 1943 576 δὲ
1976 524 2127 587 ὄντος
2171 524 2263 576 τοῦ

690 597 1012 667 καθελόντος
1058 599 1239 653 αὐτῶν
1280 603 1381 673 τὴν
1428 605 1604 669 πόλιν,
1644 608 1926 678 ἀμήχανον
1955 608 2024 662 τὰ
2055 611 2122 679 τῇ
2156 607 2276 678 θείᾳ

691 679 921 747 δόξαντα
977 682 1145 753 ψήφῳ
1213 684 1444 755 δύναμιν
1517 689 1867 760 ἀνθρωπίνην
1926 689 2274 762 παρατρέψαι

690 764 932 823 ποτέ.,Ἂ
969 764 1080 833 γὰρ
1116 768 1150 819 ὁ
1184 769 1329 833 Θεὸς
1358 772 1391 823 ὁ
1442 770 1607 839 ἅγιος
1643 774 2062 838 βεϐούλευται,
2104 774 2272 844 φησὶ,

688 844 780 911 τίς
808 844 1224 912 διασκεδάσει;
1265 853 1362 905 καὶ
1404 853 1519 921 τὴν
1549 855 1718 923 χεῖρα
1748 854 1937 911 αὐτοῦ
1977 858 2093 927 τὴν
2117 861 2276 926 ὑψη-

686 927 809 997 λὴν
846 932 935 996 τίς
980 932 1348 1003 ἀποστρέψει
1361 953 1381 999 ;
1418 938 1625 1009 Ὥσπερ
1662 941 1771 1011 γὰρ
1815 940 1851 994 ἃ.
1884 943 1949 994 ἂν
1990 943 2273 1013 ἀναστήσῃ

688 1013 783 1065 καὶ
817 1013 1051 1091 βουληθῇ
1088 1016 1290 1085 μένειν,
1336 1019 1585 1073 καθελεῖν
1615 1022 1877 1076 ἀδύνατον
1923 1024 2267 1094 ἀνθρώποις·

686 1094 859 1159 οὕτως
904 1096 1047 1170 άπερ
1082 1099 1147 1152 ἂν
1197 1101 1397 1174 καθέλῃ
1441 1106 1535 1158 καὶ
1605 1104 1860 1175 βούληται
1913 1109 2095 1177 μένειν
2137 1108 2273 1161 καθ-

688 1180 955 1248 ῃρημένα,
992 1183 1295 1253 ἀναστῆσαι
1330 1188 1488 1240 πάλιν
1524 1190 1621 1241 οὐκ
1661 1190 1761 1244 ἔνι.
1798 1192 1981 1244 Ἔστω
2020 1193 2099 1253 δὲ,
2142 1194 2269 1246 Ἰου-

686 1261 846 1349 δαῖοι,
891 1264 973 1316 ὅτι
1013 1264 1264 1349 βασιλεὺς
1295 1270 1386 1323 τὸν
1422 1273 1544 1325 ναὸν
1590 1275 1786 1338 ἐδίδου,
1817 1278 1912 1330 καὶ
1953 1277 2044 1330 τὸν
2090 1278 2271 1349 βωμὸν

688 1343 899 1431 ἀνίστα,
922 1347 1197 1431 καθάπερ
1248 1352 1404 1423 ὑμεῖς
1440 1356 1773 1411 ὑποπτεύετε
1813 1361 2025 1431 μάτην·
2065 1343 2139 1431 μή
2174 1343 2273 1415 καὶ

687 1425 749 1521 E6
776 1426 1112 1521 7:69.6vw050
1141 1435 1267 1500 ὑμῖν
1294 1436 1510 1505 ἀφεῖναι
1546 1443 1611 1493 ἐκ
1639 1442 1749 1495 τῶν
1773 1443 2018 1514 οὐρανῶν
2047 1444 2271 1509 δυνατὸς

686 1510 788 1601 ῆν
820 1510 1010 1601 τούτου
1145 1516 1245 1570 οὐκ
1272 1518 1442 1583 ὄντος,
1494 1525 1694 1596 ἐναγὴς
1727 1527 1819 1579 καὶ
1841 1510 2159 1600 ἀκάθαρτος
2202 1527 2270 1601 ἦν

689 1592 917 1685 ήθυσία
971 1598 1145 1667 ὑμῶν.
1188 1602 1288 1657 Διὰ
1332 1605 1490 1659 τοῦτο
1550 1592 1685 1675 γοῦν
1732 1611 1780 1663 οί
1829 1612 2019 1676 παῖδες
2037 1592 2265 1685 ’Ἀαρών

687 1678 1000 1765 ἀπώλοντο,
1045 1687 1228 1759 ἐπειδὴ
1273 1688 1385 1761 πῦρ
1427 1692 1703 1763 ἀλλότριον
1745 1696 2089 1765 εἰσήνεγκαν.
2128 1678 2268 1751 ’Ᾰλλ’

685 1764 836 1832 ὅμως
868 1768 1004 1838 πρὸς
1035 1767 1250 1823 ἅπαντα
1284 1774 1685 1841 τυφλώττοντες
1714 1764 2057 1848 παρεκάλουν
2086 1781 2268 1844 αὑτὸν,

686 1850 784 1936 καῖ¹
818 1851 1057 1936 ἱκέτευον
1102 1856 1437 1927 συνάρασθαι
1483 1860 1577 1913 καὶ
1615 1865 2021 1933 συνεφάψασθαι
2058 1867 2157 1936 τῆς
2191 1868 2271 1920 οἰ-

687 1934 922 2004 κοδομῆς
960 1935 1053 1989 τοῦ
1088 1938 1239 1994 ναοῦ.
1277 1941 1336 1993 '0
1362 1942 1419 1995 δέ
1452 1945 1544 1996 καὶ
1578 1947 1837 2016 χρήματα
1876 1934 2145 2018 ἀνήλωσε,
2178 1951 2273 2003 καὶ

687 2017 988 2103 ἐπιστάτας
1026 2020 1121 2072 τοῦ
1161 2021 1324 2091 ἔργου
1359 2025 1573 2095 ἔπεμψε
1601 2030 1727 2089 τοὺς
1758 2030 1866 2083 ἀπὸ
1895 2017 1995 2099 τῆς
2029 2031 2273 2103 μεγάλης

687 2102 882 2171 ἀρχῆς,
931 2104 1022 2156 καὶ
1072 2105 1320 2174 τεχνίτας
1370 2109 1633 2162 πάντοθεν
1686 2111 1924 2181 ἐκίνησε,
1961 2116 2056 2167 καὶ
2094 2113 2272 2167 πάντα

688 2186 860 2237 ἐποίει
904 2188 997 2239 καὶ
1029 2190 1497 2259 ἐπραγματεύετο,
1534 2192 1717 2263 ἠρέμα
1765 2197 1859 2247 καὶ
1900 2196 2040 2249 κατὰ
2076 2195 2271 2266 μικρὸν

689 2268 849 2339 ἄχρις
874 2271 1069 2333 αὐτοὺς
1103 2273 1182 2333 εἰς
1220 2273 1277 2324 τὸ
1317 2273 1463 2327 θύειν
1498 2276 1730 2348 ἐμϐάλῃ,
1773 2279 2085 2346 προσδοκῶν
2132 2281 2272 2331 ἐκεῖ·

689 2352 781 2402 θεν
832 2353 927 2404 ἐπὶ
977 2354 1077 2424 τήν
1117 2354 1225 2406 τῶν
1254 2354 1487 2410 εἰδώλων
1522 2358 1816 2429 θεραπείαν
1853 2363 2003 2432 ἥξειν
2050 2363 2268 2433 ῥᾳδίως,

687 2434 824 2504 ὁμοῦ
863 2453 921 2489 τε
968 2437 1203 2502 ἐλπίζων
1232 2441 1259 2492 6
1292 2441 1549 2512 μεμηνὼς
1580 2444 1673 2496 καὶ
1723 2446 1948 2516 ἀνόητος
1989 2445 2084 2499 τοῦ
2140 2448 2273 2515 Χρι-

692 2520 816 2571 στοῦ
871 2523 1233 2593 περιγράφειν
1290 2525 1387 2595 τὴν
1434 2528 1727 2597 ἀπόφασιν,
1774 2531 1872 2601 τήν
1930 2533 2029 2586 οὐκ
2098 2532 2274 2585 ἐῶσαν

688 2604 990 2693 ἀναστῆναι
1046 2608 1137 2661 τὸν
1185 2611 1313 2661 ναὸν
1364 2611 1592 2666 ἐκεῖνον.
1647 2616 1785 2668 Ἀλλ’
1832 2620 1860 2671 6
1908 2618 2273 2693 δρασσόμενος

689 2689 813 2749 τοὺς
868 2692 1062 2757 σοφοὺς
1119 2694 1176 2743 ἐν
1218 2694 1282 2762 τῇ
1334 2697 1637 2769 πανουργία
1689 2699 1888 2763 αὐτῶν,
1934 2689 2137 2764 εὐθέως
2187 2702 2275 2754 διὰ

688 2771 793 2824 τῶν
832 2772 1007 2843 ἔργων
1057 2774 1264 2845 ἐδήλου,
1300 2776 1387 2829 ὅτε
1423 2780 1477 2830 αἱ
1510 2780 1604 2832 τοῦ
1651 2780 1789 2834 Θεοῦ
1840 2783 2011 2853 ψῆφοι
2052 2785 2272 2838 πάντων

689 2858 795 2910 εἰσὶ
826 2857 1209 2935 δυνατώτεραι,
1260 2862 1355 2913 καὶ
1402 2863 1599 2935 ίσχυρά
1646 2866 1715 2918 τὰ
1764 2866 1903 2937 ἔργα
1950 2868 2057 2921 τῶν
2098 2867 2273 2934 λόγων

689 2938 781 2991 τοῦ
813 2940 969 2993 Θεοῦ.
1011 2941 1095 3003 Ὠς
1140 2942 1247 3013 γὰρ
1295 2944 1503 3013 ἥψαντο
1540 2947 1639 3017 τῆς
1692 2950 2015 3021 παρανόμου
2068 2950 2274 3020 ταύτης

692 3024 943 3094 σπουδῆς,
976 3026 1071 3077 καὶ
1102 3026 1341 3093 γυμνοῦν
1368 3028 1603 3098 ήρξαντο
1636 3031 1705 3083 :6
1752 3030 1999 3102 θεμέλια,
2036 3034 2133 3086 καὶ
2174 3051 2273 3086 πο-

691 3107 784 3162 λὺν
824 3110 1097 3163 ἐκένωσαν
1141 3112 1290 3181 χοῦν,
1346 3116 1439 3179 καὶ
1498 3115 1599 3181 τῆς
1658 3117 1945 3189 οἰκοδομῆς
2009 3119 2274 3173 ἅπτεσθαι

690 3191 875 3245 λοιπδν
920 3194 1181 3262 ἤμελλον
1228 3197 1340 3267 πῦρ
1382 3195 1708 3271 ἐκπηδῆσαν
1747 3204 1811 3254 ἐκ
1862 3203 1969 3255 τῶν
2012 3202 2277 3272 θεμελίων

635 3292 639 3296 ’
690 3275 891 3338 εὐθέως
938 3278 1228 3346 κατέφλεξέ
1264 3297 1320 3333 τε
1374 3282 1601 3347 πολλοὺς
1644 3284 2005 3358 ἀνθρώπους,
2055 3288 2115 3340 οὺ
2169 3288 2276 3358 μὴν

690 3359 824 3413 ἀλλά
868 3362 959 3413 καὶ
1001 3363 1127 3425 τοὺς
1177 3363 1355 3429 λίθους
1411 3366 1503 3419 τοῦ
1547 3353 1993 3434 τόπουνέκείνου,
2045 3371 2138 3423 καὶ
2170 3353 2279 3442 ’τῆς

691 3444 923 3515 ἀκαίρου
997 3445 1329 3514 φιλονεικίας
1408 3449 1635 3519 ἔστησεν
1708 3453 1783 3513 ού,
1820 3454 1981 3523 μόνον
2034 3456 2161 3517 τοὺς
2216 3456 2277 3507 τὸ

692 3528 852 3598 ἔργον
906 3531 1396 3603 ἐπιχειρήσαντας,
1453 3535 1591 3589 ἀλλὰ
1642 3538 1739 3590 καὶ
1796 3540 2039 3592 Ἰουδαῖοι
2094 3540 2279 3592 πολλοὶ

694 3610 850 3664 τοῦτο
884 3612 1209 3684 θεασάμενοι
1253 3616 1549 3687 ἐξέστησαν
1578 3621 1671 3673 καὶ
1701 3622 2066 3692 ᾐσχύνθησαν.
2095 3623 2279 3675 Ταῦτα

697 3694 846 3767 [647]
886 3697 1125 3762 ἀκούσας
1166 3702 1193 3752 6
1239 3700 1491 3769 βασιλεὺς
1528 3704 1832 3768 Ἰουλιανὸς,
1863 3708 2039 3759 καίτοι
2082 3707 2275 3759 τοσαύ-

694 3795 795 3861 την
825 3780 1024 3849 μανίαν
1062 3782 1199 3851 ἔχων
1240 3784 1369 3854 περὶ
1411 3785 1506 3856 τὴν
1559 3789 1797 3856 σπουδήν
1832 3790 2066 3861 ἐκείνην,
2098 3790 2279 3854 δείσας

699 3860 774 3930 μὴ
810 3863 1121 3934 περαιτέρω
1167 3866 1445 3935 προελθὼν
1500 3869 1594 3921 ἐπὶ
1632 3872 1731 3940 ¹τὴν
1783 3874 1979 3925 ἐαυτοῦ
2004 3860 2009 3861 ν
2036 3875 2280 3944 κεφαλὴν

696 3944 898 4016 καλέσῃ
936 3946 996 3999 :6
1034 3946 1164 4019 πῦρ,
1214 3949 1423 4019 ἀπέστη
1461 3953 1715 4022 ἡττηθεὶς
1774 3956 1912 4023 μετά
1958 3956 2052 4009 τοῦ
2097 3958 2283 4020 ἔθνους

698 4028 919 4111 παντός.
954 4031 1061 4082 Καὶ
1107 4030 1201 4083 νῦν
1246 4033 1342 4084 ἐὰν
1386 4033 1547 4106 ἔλθῃς
1580 4036 1659 4099 εἰς
1695 4036 2065 4109 Ἱεροσόλυμα,
2098 4041 2283 4111 γυμνά

696 4110 817 4178 ὄψει
846 4112 912 4165 τά
951 4112 1209 4182 θεμέλια·
1246 4116 1349 4169 κᾶν
1380 4116 1478 4186 τὴν
1512 4120 1689 4172 αἰτίαν
1721 4120 1981 4193 ζητήσῃς,
2024 4110 2285 4195 οὐδεμίαν

698 4195 815 4247 ἀλλ’
846 4196 878 4266 ἢ
909 4196 1114 4268 ταύτην
1147 4199 1419 4265 ἀκούσεις.
1448 4203 1556 4256 Καὶ
1585 4203 1774 4257 τούτου
1814 4207 2090 4278 μάρτυρες
2124 4210 2285 4278 ἡμεῖς

701 4278 929 4343 πάντες·
962 4282 1047 4349 ἐφ’
1076 4281 1231 4351 ήμῶν
1268 4283 1395 4355 γὰρ,
1428 4286 1487 4337 ού
1520 4286 1625 4357 1:96
1657 4287 1854 4341 πολλοῦ
1886 4290 2061 4344 ταῦτα
2095 4292 2283 4359 γέγονε

699 4365 914 4435 χρόνου.
955 4366 1067 4419 Καὶ
1116 4367 1305 4420 σκόπει
1339 4370 1499 4441 νίκης
1538 4373 1915 4442 περιφάνειαν.
1951 4376 2025 4429 Οὐ
2074 4376 2181 4447 γὰρ
2228 4378 2285 4427 ἐν

698 4448 913 4517 χρόνοις
954 4448 1218 4519 βασιλέων
1264 4454 1501 4508 εὐσεϐῶν
1529 4455 1684 4509 τοῦτο
1730 4456 1950 4527 συνέϐη,
1985 4458 2071 4512 ἴνα
2107 4460 2180 4530 μή
2214 4476 2288 4510 τι-

702 4550 792 4596 νες
834 4533 1089 4602 λέγωσιν,
1124 4538 1204 4589 ὅτι
1260 4541 1575 4608 Χριστιανοὶ
1623 4540 1796 4593 ταῦτα
1842 4542 2161 4606 ἐπελθόντες
2206 4544 2285 4596 δι-

701 4614 998 4680 εκώλυσαν,
1031 4618 1146 4670 ἀλλ’
1193 4621 1353 4689 ήνίκα
1394 4622 1463 4675 :6
1512 4623 1754 4695 ήμέτερα
1794 4624 2077 4694 ἠλαύνετο,
2124 4628 2286 4697 ἡνίκα

698 4701 831 4769 περὶ
875 4699 970 4753 τοῦ
1006 4700 1104 4773 ζῇν
1155 4705 1355 4767 πάντες
1387 4706 1819 4778 ἐκινδυνεύομεν,
1868 4708 1964 4761 καὶ
2002 4712 2285 4781 παρρησία

701 4782 1015 4855 ἀνθρωπίνη
1059 4788 1207 4840 πᾶσα
1246 4793 1565 4861 παρῃρεῖτο,
1609 4792 1703 4844 καὶ
1751 4792 1820 4844 τὰ
1857 4791 2147 4863 Ἐλληνικά
2191 4794 2283 4863 ήν-

703 4867 815 4933 θει,
858 4869 953 4922 καὶ
997 4869 1106 4922 τῶν
1158 4874 1365 4925 πιστῶν
1414 4875 1459 4925 οί
1506 4875 1606 4943 μὲν
1659 4876 1716 4927 ἐν
1758 4878 1873 4937 τοῖς
1917 4876 2087 4939 οῐκοις
2120 4878 2283 4947 ἐκρύ-

704 4969 919 5017 πτοντο,
951 4955 1001 5006 οί
1044 4955 1101 5007 δὲ
1141 4956 1277 5025 πρὸς
1326 4958 1424 5019 τὰς
1480 4958 1715 5028 ἐρημίας
1767 4952 2149 5029 μετῳκίζοντο,
2191 4963 2285 5014 καὶ

702 5036 803 5099 τάς
853 5037 1059 5108 ἀγορὰς
1108 5038 1369 5107 ἔφευγον·
1407 5043 1526 5095 τότε
1574 5043 1638 5113 δὴ
1690 5042 1865 5095 ταῦτα
1921 5044 2149 5112 ἐγίνετο,
2198 5046 2285 5099 ἵνα

706 5118 945 5189 μηδεμία
972 5122 1353 5191 ἀναισχυντίας
1380 5138 1403 5165 ο
1434 5126 1616 5189 αὐτοῖς
1644 5127 2122 5200 καταλιμπὰνηται
2163 5131 2286 5199 1:96-

705 5220 865 5271 φασις
876 5244 887 5255 .

778 5286 997 5354 ιβ’.Ἕτι
1030 5284 1120 5341 οὖν
1152 5292 1547 5361 ἀμφισϐητεῖς,
1574 5287 1621 5345 ὦ
1659 5294 1901 5357 Ἰουδαῖε,
1937 5296 2028 5347 καὶ
2053 5296 2152 5365 τὴν
2182 5296 2289 5348 61:6

704 5369 798 5421 τοῦ
837 5368 935 5438 τῆς
965 5370 1203 5443 Χριστοῦ
1236 5376 1612 5445 προρρήσεως,
1645 5378 1738 5429 καὶ
1772 5378 1869 5448 τὴν
1900 5379 2007 5431 61:6
2046 5380 2145 5447 τῆς
2182 5378 2289 5431 τῶν

704 5456 1052 5525 προφητῶνδ
1104 5457 1195 5508 καὶ
1246 5450 1344 5526 τῆς
1394 5458 1502 5511 τῶν
1570 5462 1909 5530 πραγμάτων
1965 5462 2288 5529 ἀποδείξεως

711 5539 1017 5609 μαρτυρίαν
1060 5541 1202 5611 ὀρῶν
1237 5557 1329 5593 σου
1376 5537 1935 5613 καταῂφιςομένηνξ
1968 5545 2104 5597 Ἀλλ’
2141 5547 2291 5599 οὐδὲν

706 5623 1051 5693 θαυμαστόν·
1094 5624 1335 5679 τοιοῦτον
1370 5628 1477 5697 γὰρ
1514 5627 1668 5697 ὑμῶν
1725 5628 1785 5681 :6
1838 5628 1989 5692 ἔθνος
2024 5644 2045 5669 υ
2086 5632 2290 5685 ἄνωθεν

772 5746 793 5768 ⁸
821 5763 916 5823 ,λιιι
934 5763 1257 5823 ἀναίσχυντος.

768 5823 797 5861 ll
828 5821 961 5893 Hanc
1001 5821 1286 5893 Ιςςῖἱοῐιςιη,
1330 5825 1413 5893 τὴν
1453 5826 1547 5893 ἀπὸ
1577 5832 1660 5885 τῆς
1682 5830 1777 5893 τῶν
1815 5831 2089 5893 προφητῶν,
2110 5842 2138 5876 0
2169 5844 2282 5878 mss.

709 5891 975 5948 xr-r‘eplam,
998 5885 1179 5932 ﬁtiaun
1200 5885 1366 5933 Munlf.
1402 5891 1656 5948 goriplune
1672 5885 2026 5939 subslilinithns.
2054 5885 2187 5939 Εοιτ.
2249 5917 2260 5928 -

772 5948 793 5973 θ
829 5947 979 6011 υειεξι
1014 5948 1253 6011 γαρ-ροςι
1296 5947 1511 5995 τοιοῦτον
1541 5951 1586 5995 in
1610 5951 1897 6011 quibusdam
1925 5966 2035 6001 mss.
2065 5956 2285 6011 Quatuor

708 6020 818 6055 nm.
854 6006 905 6055 τὸ
931 6007 1027 6063 ἔθος
1058 6006 1233 6056 habent
1260 6022 1345 6069 pro
1372 6012 1423 6057 τὸ
1446 6012 1586 6065 ἔθνος.

1465 405 1525 461 S.
1561 406 1848 463 JOANNIS
1881 406 2375 464 CHRYSOSTOMI
2415 406 2738 465 ARCHIEP.
2782 407 3333 465 CONSTANTINOP.

3861 409 3962 463 9-39.

2375 524 2728 593 ἀναίσχυντον
2779 526 2872 578 καὶ
2928 526 3247 595 φιλόνεικον,
3285 525 3380 577 καὶ
3424 525 3535 585 τοῖς
3584 526 3838 592 φανεροῖς
3879 526 3967 578 ἀεὶ

2380 607 2648 675 μάχεσθαι
2703 608 3076 678 μεμελετηκὸς
3124 607 3436 678 πράγμασι.
3470 606 3659 659 Βούλει
3715 607 3806 659 καὶ
3853 610 3970 658 ἐτέ-

2376 708 2504 761 ρους
2559 690 2837 760 ἐφοπλίσω
2883 708 2964 745 σοι
3004 696 3290 762 προφήτας
3336 689 3583 758 φανερῶς
3626 690 3763 741 αὐτὸ
3808 688 3963 741 τοῦτο

2374 775 2655 843 λέγοντας,
2688 775 2770 827 ὅτι
2801 774 2869 828 τὰ
2909 776 3008 846 μὲν
3043 775 3283 845 ὑμέτερα
3311 773 3541 843 λήψεται
3563 773 3758 836 .τέλος,
3794 773 3866 826 :6
3903 770 3961 825 δέ

2376 858 2618 929 ήμέτερα
2642 859 2890 929 ἀνθήσει,
2922 858 3017 911 καὶ
3058 856 3335 927 πανταχοῦ
3373 857 3473 924 τῆς
3507 857 3837 927 οἰκουμένης
3874 858 3961 909 ἐκ-

2375 941 2669 1012 ταθήσεται
2699 942 2759 994 τὸ
2792 943 3055 1011 κήρυγμα
3080 940 3175 993 τοῦ
3214 936 3475 1010 Χριστοῦ,
3503 939 3595 991 καὶ
3630 938 3823 1001 θυσίας
3849 938 3962 991 ἐτέι

2380 1041 2475 1093 ρας
2506 1024 2939 1095 εἰσενεχθήσεται
2991 1023 3213 1094 τρόπος,
3254 1022 3479 1075 ἐκείνων
3511 1021 3619 1072 τῶν
3656 1024 3789 1092 παρ’
3835 1022 3961 1090 ὑμῖν

2376 1107 2816 1169 καταλυθεῖσων;
2858 1107 3124 1160 ’Ἄκουσον
3173 1104 3304 1174 γοῦν
3357 1103 3451 1157 τοῦ
3502 1104 3811 1173 Μαλαχίου,
3867 1104 3959 1157 τοῦ

2379 1190 2515 1259 μετά
2566 1192 2693 1253 τοὺς
2754 1189 2946 1253 ἄλλους
3000 1192 3284 1260 προφήτας
3336 1187 3613 1251 ἐλθόντος*
3670 1189 3792 1241 οὐδὲ
3853 1189 3960 1258 γὰρ

2386 1274 2605 1326 Ἢσαῖου
2666 1274 2899 1344 παράγω
2942 1273 3247 1345 μαρτυρίαν
3301 1272 3458 1335 τέως,
3510 1272 3630 1325 οὐδὲ
3673 1272 3957 1341 Ἱερεμίου,

2373 1356 2493 1410 οὐδὲ
2537 1356 2646 1409 τῶν
2674 1357 2850 1409 ἄλλων
2892 1356 3188 1429 προφητῶν
3236 1355 3344 1408 τῶν
3386 1356 3492 1425 1:96
3533 1358 3633 1425 τῆς
3675 1356 3949 1425 αἰχμαλωο

2374 1442 2511 1505 σίας,
2545 1442 2631 1493 ἵνα
2661 1440 2734 1511 μὴ
2758 1441 2949 1512 λέγῃς,
2979 1443 3063 1494 ὅτι
3097 1440 3164 1493 :6
3201 1438 3347 1491 δεινὰ
3380 1438 3551 1491 ταῦτα
3578 1439 3612 1491 ἃ
3646 1438 3955 1508 προέλεγον,

2373 1526 2464 1578 ἐπὶ
2491 1524 2591 1594 τῆς
2621 1525 2995 1595 αἰχμαλωσίας
3024 1524 3214 1592 ἐξέϐη·
3246 1523 3381 1576 ἀλλά
3410 1523 3645 1593 παράγω
3676 1525 3961 1594 προφήτην

2371 1610 2461 1661 τὸν
2496 1608 2631 1678 μετά
2660 1609 2756 1679 τὴν
2800 1609 3056 1663 ἐπάνοδον
3097 1609 3195 1679 τὴν
3241 1607 3306 1661 ἐκ
3336 1606 3684 1672 Βαϐυλῶνος,
3730 1609 3825 1659 καί⁵
3864 1607 3960 1676 τήν

2370 1694 2472 1762 τῆς
2503 1692 2713 1755 πόλεως
2754 1693 3197 1746 ἀποκατάστασιν
3220 1690 3269 1755 ἀ,
3306 1688 3492 1757 σαφῶς
3520 1691 3652 1761 περὶ
3683 1690 3793 1742 τῶν
3823 1690 3959 1760 ὑμε-

2372 1779 2544 1849 τέρων
2576 1776 2917 1847 πραγμάτων
2949 1773 3428 1845 προφητεύσαντα.

2457 1861 2673 1931 Ἐπειδὴ
2704 1860 2812 1928 γὰρ
2849 1857 3173 1927 ἐπανῆλθον,
3210 1856 3305 1909 καὶ
3334 1855 3434 1926 τήν
3478 1854 3633 1908 πόλιν
3665 1853 3955 1917 ἀπέλαϐον,

2374 1946 2467 1997 καὶ
2498 1946 2589 1998 τὸν
2633 1945 2758 1997 ναὸν
2792 1941 3237 2013 ἀνῳκοδόμησαν,
3268 1939 3364 1992 καὶ
3396 1938 3495 2002 τὰς
3538 1938 3729 2001 θυσίας
3770 1940 3956 1991 ἐπετέ-

2372 2026 2516 2089 λουν,
2556 2028 2656 2097 τὴν
2686 2026 2985 2097 μέλλουσαν
3025 2024 3303 2094 ἐρήμωσιν
3333 2022 3537 2091 ταύτην
3564 2021 3662 2091 τήν
3700 2019 3796 2073 νῦν
3832 2037 3959 2089 προ-

2371 2109 2566 2177 λέγων,
2620 2111 2714 2162 καὶ
2767 2108 2864 2179 τὴν
2902 2107 3010 2160 τῶν
3049 2106 3248 2159 θυσιῶν
3298 2105 3601 2174 ἀναίρεσιν,
3651 2103 3795 2156 οὕτω
3843 2103 3959 2166 πώς

2372 2212 2537 2264 φησιν
2565 2197 2593 2248 6
2626 2194 2917 2264 Μαλαχίας
2962 2193 3027 2245 ἐκ
3066 2189 3359 2262 προσώπου
3401 2188 3496 2242 τοῦ
3540 2189 3712 2241 Θεοῦ·
3750 2192 3819 2242 Εἰ
3852 2186 3957 2255 .115-

2372 2282 2559 2347 ψομαι
2605 2279 2674 2343 ἐξ
2736 2276 2906 2346 ὑμῶν
2961 2275 3253 2342 πρόσωπα
3307 2272 3492 2342 ὑμῶν’
3527 2273 3689 2337 λέτει
3747 2274 3961 2339 Κύριος

2372 2360 2829 2428 παντοκράτωρο
2882 2359 2969 2411 ὅτι
3021 2355 3141 2411 ἀπὸ
3189 2355 3504 2410 ἀνατολῶν
3560 2357 3739 2423 ἡλίου
3784 2353 3957 2423 μέχρι

2371 2444 2621 2513 δυσμῶν
2647 2444 2710 2496 τὸ
2738 2441 2927 2510 ὄνομά
2948 2458 3065 2509 μου
3090 2438 3453 2503 δεδόξασται
3483 2439 3552 2491 ἐν
3582 2438 3708 2502 τοῖς
3733 2440 3956 2494 ἔθνεσι,

2372 2530 2469 2581 καὶ
2501 2527 2570 2579 ἐν
2607 2526 2784 2579 παντὶ
2817 2527 2978 2591 τόπῳ
3016 2525 3278 2592 θυμίαμα
3317 2516 3683 2601 προσάγεται
3715 2520 3796 2585 τῷ
3828 2522 3961 2573 ὀνό-

2366 2614 2508 2681 ματί
2550 2629 2687 2681 μου,
2738 2609 2836 2663 καὶ
2890 2607 3074 2662 θυσία
3133 2606 3396 2673 καθαρά’
3449 2606 3618 2674 ὑμεῖς
3668 2604 3736 2657 δὲ
3779 2605 3959 2669 βεϐη-

2370 2696 2551 2749 λοῦτε
2588 2694 2754 2748 αὑτό.
2796 2692 2933 2744 Πότε
2981 2691 3151 2744 ταῦτα
3199 2690 3358 2760 ἐξέϐη
3392 2733 3404 2752 ,
3436 2684 3480 2742 ὦ
3520 2688 3776 2751 ἰουδαῖες
3827 2689 3963 2741 πότε

2372 2783 2429 2833 ἐν
2465 2780 2627 2832 παντὶ
2662 2778 2813 2847 τόπῳ
2843 2776 3094 2845 θυμίαμα
3144 2775 3492 2845 προσηνέχθη
3534 2774 3613 2844 τῷ
3640 2773 3792 2843 Θεῴς
3826 2774 3960 2826 πότε

2373 2862 2530 2916 θυσία
2564 2860 2810 2932 καθαρά;
2852 2862 2967 2912 Οὐκ
2998 2861 3064 2912 ἂν
3099 2858 3243 2928 ἔχοις
3288 2860 3475 2928 ἕτερον
3524 2861 3697 2911 εἰπεῖν
3742 2858 3958 2925 καιρὸν,

2373 2945 2487 2998 ἀλλ’
2521 2945 2552 3013 ἢ
2585 2945 2771 2997 τοῦτον
2800 2944 2890 2995 τὸν
2925 2942 3063 3012 μετά
3089 2942 3190 3011 τὴν
3220 2941 3314 2995 τοῦ
3346 2941 3587 3011 Χριστοῦ
3616 2941 3924 3010 παρουσίαν
3946 2957 3959 2969 ·

2372 3029 2447 3092 ὡς
2487 3031 2534 3081 εί
2569 3028 2642 3097 μὴ
2670 3028 2855 3080 τοῦτον
2896 3025 3150 3096 προλέγει
3179 3027 3271 3079 τὸν
3313 3026 3526 3094 καιρὸν,
3576 3027 3710 3095 μηδὲ
3738 3026 3837 3095 τὴν
3868 3024 3965 3077 θυ-

2378 3112 2497 3165 σίαν
2527 3112 2624 3181 τὴν
2656 3110 2950 3181 ήμετέραν,
2979 3108 3114 3162 ἀλλά
3153 3108 3251 3179 τὴν
3297 3104 3615 3178 Ἰουδαῖκὴν,
3648 3108 3743 3161 καὶ
3781 3107 3964 3176 παρά-

2376 3211 2539 3262 νομος
2567 3193 2721 3246 ἔσται
2754 3195 2786 3263 ή
2827 3191 3151 3264 προφητεία.
3186 3190 3249 3243 Εἰ
3284 3192 3391 3262 γὰρ
3418 3190 3512 3243 τοῦ
3556 3189 3837 3249 Μωῦσέως
3866 3204 3966 3241 κει

2375 3276 2618 3339 λεύοντος
2660 3278 2739 3338 εἰς
2781 3275 2982 3346 μηδένα
3028 3275 3214 3345 ἔτερον
3246 3275 3411 3327 τόπον
3462 3274 3686 3341 ἀνάγειν
3741 3272 3961 3333 θυσίαν,

2377 3360 2488 3413 ἀλλ’
2536 3360 2567 3428 ἢ
2618 3361 2695 3421 εἰς
2749 3359 2835 3410 τὸν
2867 3368 2889 3396 θ
2930 3358 3092 3409 τόπον
3131 3356 3191 3408 ὃν
3233 3355 3297 3409 ἂν
3342 3355 3627 3425 ἐκλέξηται
3679 3355 3887 3425 Κύριος
3935 3360 3966 3408 ὁ

2376 3442 2537 3504 Θεὸς,
2589 3442 2684 3494 καὶ
2730 3441 2810 3502 εἰς
2844 3439 2900 3492 ἐν
2945 3439 3141 3510 χωρίον
3191 3438 3567 3507 συγκλείοντος
3616 3436 3716 3499 :6;
3768 3438 3967 3499 θυσίας

2377 3528 2610 3589 ἐκείνας,
2638 3528 2665 3578 ὁ
2695 3526 2977 3595 προφήτης
3009 3524 3177 3590 λέγει,
3209 3524 3290 3575 6::
3324 3526 3380 3576 ἐν
3412 3522 3574 3575 παντὶ
3616 3520 3767 3592 [648]
3809 3521 3966 3589 τόπῳ

2377 3610 2627 3679 θυμίαμα
2680 3607 2860 3677 μέλλοι
2918 3606 3327 3676 προσάγεσθαι,
3371 3606 3466 3658 καὶ
3507 3604 3667 3657 θυσία
3706 3604 3965 3673 καθαρὰ,

2377 3694 2709 3748 ἐναντιοῦται
2742 3694 2835 3746 καὶ
2883 3693 3111 3763 μάχεται
3144 3691 3221 3761 τῷ
3259 3694 3491 3761 Μωῦσῇ.
3534 3690 3672 3743 Ἀλλ’
3706 3691 3808 3741 οὐκ
3846 3690 3966 3741 ἔστι

2382 3781 2526 3850 μάχη
2559 3779 2654 3831 καὶ
2686 3778 2985 3846 φιλονεικία
3007 3793 3019 3804 ·
3054 3776 3181 3846 περὶ
3212 3775 3319 3845 γὰρ
3347 3775 3544 3846 ἐτέρας
3578 3776 3785 3836 ἐκεῖνος
3816 3768 3964 3833 εἷπε,

2378 3865 2472 3915 καὶ
2512 3862 2641 3931 περὶ
2670 3861 2861 3929 ἐτέρας
2889 3852 3043 3921 οὗτος
3075 3858 3477 3929 προεφήτευσεν
3512 3856 3759 3927 ὕστερον.
3792 3855 3966 3908 Πόθεν

2382 3947 2537 3999 τοῦτο
2564 3944 2753 4012 δῆλον;
2789 3941 2921 3994 Ἀπὸ
2946 3958 3006 3993 τε
3035 3942 3143 3993 τῶν
3170 3938 3496 4011 εἰρημένων,
3524 3940 3632 3992 ἀπό
3671 3955 3731 3991 τε
3758 3938 3966 4007 ἐτέρωι

2381 4029 2639 4081 πλειόνων
2670 4027 2932 4097 σημείων.
2959 4026 3069 4095 καὶ
3100 4025 3314 4095 πρῶτον
3348 4024 3444 4093 μὲν
3484 4022 3594 4075 ἀπὸ
3621 4022 3716 4075 τοῦ
3758 4023 3928 4074 τόπου
3951 4039 3964 4050 ·

2381 4112 2441 4163 οὐ
2471 4112 2581 4181 γὰρ
2610 4113 2667 4163 ἐν
2717 4110 2813 4179 μιᾷ
2861 4108 3036 4171 πόλει,
3082 4106 3331 4176 καθάπερ
3379 4106 3471 4157 ἐπὶ
3522 4104 3629 4157 τῶν
3669 4104 3968 4165 Ἰουδαίων,

2382 4193 2497 4247 ἀλλ’
2538 4191 2669 4245 Ἀπὸ
2729 4189 3042 4245 ἀνατολῶν
3083 4189 3262 4256 ἡλίου
3320 4188 3499 4256 μέχρι
3555 4186 3808 4255 δυσμῶν
3866 4187 3969 4257 τὴν

2384 4275 2681 4344 θεραπείαν
2735 4272 3097 4326 ἐπιτελεῖσθαι
3140 4270 3342 4339 ταύτην
3391 4272 3669 4341 προεῖπεν.
3700 4266 3833 4321 Εἶτα
3861 4269 3970 4321 ἀπὸ

2382 4359 2476 4412 τοῦ
2522 4358 2724 4428 τρόπου
2774 4356 2873 4426 τῆς
2933 4355 3151 4417 θυσίας·
3194 4354 3269 4423 τῷ
3318 4353 3426 4422 γὰρ
3473 4351 3742 4418 καθαρὰν
3795 4351 3968 4420 αὐτὴν

2384 4443 2689 4513 προειπεῖν,
2718 4439 2882 4503 ἔδειξε
2914 4438 3071 4490 ποίαν
3118 4436 3292 4503 ἔλεγε.
3335 4435 3447 4487 Καὶ
3485 4433 3593 4486 61:6
3635 4433 3746 4486 τῶν
3794 4451 3965 4504 1:90:-

2382 4527 2547 4579 ώπων
2574 4524 2629 4577 δὲ
2660 4522 2767 4576 τῶν
2798 4521 3184 4592 προσαγόντων
3212 4520 3383 4589 αὑτήν
3403 4536 3414 4547 ·
3442 4519 3500 4571 ού
3525 4519 3632 4589 γὰρ
3654 4516 3831 4582 εἶπεν,
3880 4522 3969 4573 Ἐν

2384 4608 2460 4677 τῷ
2500 4606 2736 4678 Ἰσραὴλ,
2774 4605 2910 4666 ἀλλ’,
2946 4606 3044 4657 Ἐν
3080 4603 3203 4668 τοῖς
3232 4604 3459 4656 ἔθνεσι.
3494 4602 3605 4655 Καὶ
3641 4602 3730 4655 ἵνα
3761 4603 3839 4672 μὴ
3886 4621 3971 4655 νο-

2388 4697 2575 4761 μίσῃς,
2600 4691 2682 4743 ὃτι
2714 4690 2771 4741 ἐν
2815 4690 2915 4758 μιᾷ
2944 4688 3039 4740 καὶ
3070 4686 3191 4738 δυσ).
3237 4685 3333 4738 καὶ
3364 4685 3513 4752 τρισὶ
3546 4684 3734 4736 πόλεσι
3762 4685 3834 4737 τὰ
3872 4685 3972 4755 τῆς

2383 4774 2639 4845 λατρείας
2689 4774 3080 4842 περιστήσεται
3122 4768 3347 4839 ταύτης,
3392 4770 3491 4836 οὺχ
3548 4768 3735 4832 ἁπλῶς
3788 4764 3971 4832 εἶπεν,

2398 4856 2485 4907 Ἐν
2516 4854 2679 4907 παντὶ
2712 4853 2881 4922 τόπῳ,
2909 4851 3045 4913 ἀλλ’,
3087 4848 3217 4903 Ἀπὸ
3247 4845 3561 4902 ἀνατολῶν
3588 4848 3770 4914 ἡλίου
3790 4848 3973 4916 μέχρι

2376 4934 2633 5007 ’δυσμῶν
2652 4954 2665 4967 ·
2692 4938 2907 5000 δεικνὺς
2951 4937 3054 4998 ὅτι,
3072 4936 3204 5004 ὅσην
3229 4935 3256 4985 6
3285 4932 3434 5003 ἥλιος
3475 4932 3645 5002 ἐφορᾷ
3686 4932 3818 5001 γῆν,
3847 4950 3974 4985 τοσο

2384 5021 2555 5090 αύτην
2593 5021 2688 5072 καὶ
2728 5020 2789 5072 τὸ
2838 5021 3101 5091 κήρυγμα
3147 5015 3537 5085 καταλήψεται.
3585 5014 3868 5082 Καθαρὰν
3914 5016 3973 5068 δὲ

2385 5106 2531 5172 λέγει
2572 5104 2781 5166 θυσίαν,
2823 5103 2898 5165 ὡς
2950 5102 3049 5172 τῆς
3088 5099 3358 5177 προτέρας
3418 5098 3727 5167 ἀκαθάρτου
3764 5096 3972 5170 οὔσης.

2385 5189 2445 5240 ού
2494 5189 2579 5241 διὰ
2612 5190 2710 5257 τὴν
2742 5188 2949 5241 οἰκείαν
2990 5186 3170 5253 φύσιν,
3203 5185 3338 5238 ἀλλά
3365 5183 3453 5237 διὰ
3497 5186 3597 5254 τὴν
3646 5182 3976 5253 προαίρεσιν

2385 5272 2493 5326 τῶν
2528 5274 2933 5343 προσαγόντων.
2968 5270 3066 5322 Διά
3106 5268 3263 5322 τοῦτο
3301 5267 3450 5335 ἔλεγε
3474 5285 3487 5299 '
3526 5269 3794 5336 Θυμίαμα
3822 5268 3976 5332 ,ϐδέ-

2386 5358 2585 5427 λυγμά
2609 5360 2705 5425 μοί
2733 5358 2922 5409 ἐστιν.
2961 5354 3166 5417 Ἀλλως
3190 5353 3266 5415 δέ,
3307 5353 3400 5407 καὶ
3438 5354 3609 5425 αὐτὴν
3651 5352 3749 5423 τὴν
3778 5351 3978 5408 θυσίαν

2389 5439 2548 5501 εἴτις
2593 5439 2918 5509 παραϐάλοι,
2952 5438 3087 5489 πολὺ
3112 5436 3183 5489 :6
3218 5437 3382 5507 μέσον
3408 5436 3647 5507 -εὐρήσει
3687 5437 3782 5488 κα.)⁸
3813 5436 3977 5491 615:-

2393 5540 2483 5590 ρον
2520 5524 2613 5574 καὶ
2642 5522 2914 5585 τοσοῦτον,
2961 5520 3035 5582 ὡς
3090 5518 3299 5587 ταύτην
3342 5520 3547 5590 κυρίως
3602 5518 3771 5589 μόνην
3828 5523 3981 5575 κατά

2388 5610 2478 5662 τὸν
2517 5608 2615 5676 τῆς
2655 5605 2995 5672 συγκρίσεως
3040 5602 3197 5671 λόγον
3236 5602 3489 5671 λέγεσθαι
3543 5603 3811 5673 καθαράν.
3868 5606 3983 5659 Καὶ

2388 5696 2524 5763 ὅπερ
2555 5691 2648 5744 ἐπὶ
2677 5690 2771 5743 τοῦ
2806 5690 2970 5759 νόμου
3020 5689 3116 5741 καὶ
3144 5690 3240 5758 τῆς
3282 5688 3504 5759 χάριτος
3537 5689 3722 5757 ἔλεγεν
3760 5692 3789 5742 6
3820 5691 3983 5747 Παῦ-

2391 5780 2501 5838 λος,
2530 5778 2612 5828 ὅτι
2648 5774 2709 5826 οὐ
2752 5773 3063 5837 δεδόξασται
3093 5771 3155 5823 :6
3195 5771 3597 5842 δεδοξασμένον,
3642 5772 3831 5826 ἕνεκεν
3880 5776 3983 5843 τῆς

2394 5856 2838 5929 ὑπερϐαλλούσης
2870 5856 3049 5924 δόξης,
3078 5854 3234 5907 τοῦτο
3260 5856 3353 5906 καὶ
3384 5856 3616 5910 ἐνταῦθα
3646 5855 3987 5929 θαρροῦντες

2456 5950 2480 5987 ἀ
2510 5950 2604 5997 Alii
2629 5951 2939 6003 κατάστασιν,
2966 5953 3014 5993 ct
3040 5947 3109 5994 sic
3128 5947 3277 5995 Savil.

2464 6026 2484 6050 τ
2510 6012 2725 6071 Quatuor
2760 6023 2874 6059 mss.
2901 6009 3061 6057 θυσίαν
3087 6009 3123 6056 εἰ
3147 6011 3214 6075 μὴ
3237 6010 3300 6067 εἷς
3322 6009 3420 6058 τόν,
