  <div class='ocr_page' id='page_1' title='image "/cluster/home/n/w/nwhite01/storage/ocr_20150623/48/pst.000005712458/388.png"; bbox 0 0 4178 6324; ppageno 0'>
   <div class='ocr_carea' id='block_1_1' title="bbox 255 447 349 502">
    <p class='ocr_par' dir='ltr' id='par_1_1' title="bbox 255 447 349 502">
     <span class='ocr_line' id='line_1_1' title="bbox 255 447 349 502; baseline -0.011 0"><span class='ocrx_word' id='word_1_1' title='bbox 255 447 349 502; x_wconf 73' lang='grc'><strong>801</strong></span> 
     </span>
    </p>
   </div>
   <div class='ocr_carea' id='block_1_2' title="bbox 251 556 1854 625">
    <p class='ocr_par' dir='ltr' id='par_1_2' title="bbox 251 556 1854 625">
     <span class='ocr_line' id='line_1_2' title="bbox 251 556 1854 625; baseline -0.004 -11"><span class='ocrx_word' id='word_1_2' title='bbox 251 562 577 622; x_wconf 82' lang='lat' dir='ltr'><strong>restituere;</strong></span> <span class='ocrx_word' id='word_1_3' title='bbox 629 572 813 613; x_wconf 83' lang='lat' dir='ltr'><strong>verum</strong></span> <span class='ocrx_word' id='word_1_4' title='bbox 861 571 981 610; x_wconf 87' lang='lat' dir='ltr'><strong>cuin</strong></span> <span class='ocrx_word' id='word_1_5' title='bbox 1031 557 1169 611; x_wconf 89' lang='lat' dir='ltr'><strong>Deus</strong></span> <span class='ocrx_word' id='word_1_6' title='bbox 1214 565 1399 625; x_wconf 74' lang='lat' dir='ltr'><strong>e~sct,</strong></span> <span class='ocrx_word' id='word_1_7' title='bbox 1446 556 1537 624; x_wconf 89' lang='lat' dir='ltr'><strong>qui</strong></span> <span class='ocrx_word' id='word_1_8' title='bbox 1585 557 1854 611; x_wconf 81' lang='lat' dir='ltr'><strong>civitatem</strong></span> 
     </span>
    </p>
   </div>
   <div class='ocr_carea' id='block_1_3' title="bbox 251 648 1862 725">
    <p class='ocr_par' dir='ltr' id='par_1_3' title="bbox 251 648 1862 725">
     <span class='ocr_line' id='line_1_3' title="bbox 251 648 1862 725; baseline 0 -20"><span class='ocrx_word' id='word_1_9' title='bbox 251 652 467 725; x_wconf 76' lang='lat' dir='ltr'><strong>iliorum</strong></span> <span class='ocrx_word' id='word_1_10' title='bbox 509 649 884 716; x_wconf 87' lang='lat' dir='ltr'><strong>subverterat,</strong></span> <span class='ocrx_word' id='word_1_11' title='bbox 921 648 1037 705; x_wconf 86' lang='lat' dir='ltr'><strong>ﬁeri</strong></span> <span class='ocrx_word' id='word_1_12' title='bbox 1076 664 1413 718; x_wconf 80' lang='lat' dir='ltr'><strong>nequaquam</strong></span> <span class='ocrx_word' id='word_1_13' title='bbox 1454 664 1630 719; x_wconf 85' lang='lat' dir='ltr'><strong>posse,</strong></span> <span class='ocrx_word' id='word_1_14' title='bbox 1663 658 1862 719; x_wconf 70' lang='lat' dir='ltr'><strong>utqute</strong></span> 
     </span>
    </p>
   </div>
   <div class='ocr_carea' id='block_1_4' title="bbox 256 739 1857 810">
    <p class='ocr_par' dir='ltr' id='par_1_4' title="bbox 256 739 1857 810">
     <span class='ocr_line' id='line_1_4' title="bbox 256 739 1857 810; baseline -0.002 -13"><span class='ocrx_word' id='word_1_15' title='bbox 256 744 399 799; x_wconf 86' lang='lat' dir='ltr'><strong>Deus</strong></span> <span class='ocrx_word' id='word_1_16' title='bbox 419 741 759 805; x_wconf 88' lang='lat' dir='ltr'><strong>decreverat,</strong></span> <span class='ocrx_word' id='word_1_17' title='bbox 780 749 1033 810; x_wconf 86' lang='lat' dir='ltr'><strong>umquam</strong></span> <span class='ocrx_word' id='word_1_18' title='bbox 1056 749 1322 795; x_wconf 90' lang='lat' dir='ltr'><strong>everteret</strong></span> <span class='ocrx_word' id='word_1_19' title='bbox 1345 739 1577 810; x_wconf 80' lang='lat' dir='ltr'><strong>humana</strong></span> <span class='ocrx_word' id='word_1_20' title='bbox 1601 741 1857 809; x_wconf 88' lang='lat' dir='ltr'><strong>potentia.</strong></span> 
     </span>
    </p>
   </div>
   <div class='ocr_carea' id='block_1_5' title="bbox 252 830 1864 903">
    <p class='ocr_par' dir='ltr' id='par_1_5' title="bbox 252 830 1864 903">
     <span class='ocr_line' id='line_1_5' title="bbox 252 830 1864 903; baseline -0.003 -16"><span class='ocrx_word' id='word_1_21' title='bbox 252 832 398 887; x_wconf 85' lang='lat' dir='ltr'><strong>Nam</strong></span> <span class='ocrx_word' id='word_1_22' title='bbox 421 849 537 901; x_wconf 66' lang='lat' dir='ltr'><strong>quia</strong></span> <span class='ocrx_word' id='word_1_23' title='bbox 564 831 704 885; x_wconf 83' lang='lat' dir='ltr'><strong>Deus</strong></span> <span class='ocrx_word' id='word_1_24' title='bbox 728 841 954 903; x_wconf 75' lang='lat' dir='ltr'><strong>sanctus,</strong></span> <span class='ocrx_word' id='word_1_25' title='bbox 978 831 1168 901; x_wconf 84' lang='lat' dir='ltr'><strong>inquit,</strong></span> <span class='ocrx_word' id='word_1_26' title='bbox 1198 830 1393 893; x_wconf 83' lang='lat' dir='ltr'><strong>statuit,</strong></span> <span class='ocrx_word' id='word_1_27' title='bbox 1422 830 1532 899; x_wconf 86' lang='lat' dir='ltr'><strong>quis</strong></span> <span class='ocrx_word' id='word_1_28' title='bbox 1554 830 1864 901; x_wconf 85' lang='lat' dir='ltr'><strong>dissipabit?</strong></span> 
     </span>
    </p>
   </div>
   <div class='ocr_carea' id='block_1_6' title="bbox 250 920 1863 993">
    <p class='ocr_par' dir='ltr' id='par_1_6' title="bbox 250 920 1863 993">
     <span class='ocr_line' id='line_1_6' title="bbox 250 920 1863 993; baseline -0.003 -14"><span class='ocrx_word' id='word_1_29' title='bbox 250 927 329 979; x_wconf 79' lang='lat' dir='ltr'><strong>Ac</strong></span> <span class='ocrx_word' id='word_1_30' title='bbox 354 940 563 979; x_wconf 79' lang='lat' dir='ltr'><strong>manum</strong></span> <span class='ocrx_word' id='word_1_31' title='bbox 583 924 725 978; x_wconf 78' lang='lat' dir='ltr'><strong>illius</strong></span> <span class='ocrx_word' id='word_1_32' title='bbox 745 922 996 978; x_wconf 75' lang='lat' dir='ltr'><strong>excelsam</strong></span> <span class='ocrx_word' id='word_1_33' title='bbox 1025 925 1137 993; x_wconf 73' lang='lat' dir='ltr'><strong>quis</strong></span> <span class='ocrx_word' id='word_1_34' title='bbox 1157 930 1340 975; x_wconf 70' lang='lat' dir='ltr'><strong>(avertet</strong></span> <span class='ocrx_word' id='word_1_35' title='bbox 1366 920 1383 991; x_wconf 96' lang='lat'>(</span> <span class='ocrx_word' id='word_1_36' title='bbox 1406 922 1533 975; x_wconf 84' lang='lat' dir='ltr'><strong>lsai.</strong></span> <span class='ocrx_word' id='word_1_37' title='bbox 1576 921 1663 976; x_wconf 73' lang='lat' dir='ltr'><strong>N.</strong></span> <span class='ocrx_word' id='word_1_38' title='bbox 1703 920 1771 975; x_wconf 75' lang='lat'><strong>27</strong></span> <span class='ocrx_word' id='word_1_39' title='bbox 1798 921 1817 991; x_wconf 93' lang='lat'>)</span> <span class='ocrx_word' id='word_1_40' title='bbox 1839 922 1863 973; x_wconf 88' lang='lat'><strong>?</strong></span> 
     </span>
    </p>
   </div>
   <div class='ocr_carea' id='block_1_7' title="bbox 248 1014 1862 1087">
    <p class='ocr_par' dir='ltr' id='par_1_7' title="bbox 248 1014 1862 1087">
     <span class='ocr_line' id='line_1_7' title="bbox 248 1014 1862 1087; baseline -0.002 -12"><span class='ocrx_word' id='word_1_41' title='bbox 248 1020 404 1075; x_wconf 81' lang='lat' dir='ltr'><strong>Sicut</strong></span> <span class='ocrx_word' id='word_1_42' title='bbox 451 1018 597 1073; x_wconf 78' lang='lat' dir='ltr'><strong>enim</strong></span> <span class='ocrx_word' id='word_1_43' title='bbox 647 1032 1007 1087; x_wconf 53' lang='lat' dir='ltr'><strong>quacumque</strong></span> <span class='ocrx_word' id='word_1_44' title='bbox 1057 1016 1146 1071; x_wconf 89' lang='lat' dir='ltr'><strong>ille</strong></span> <span class='ocrx_word' id='word_1_45' title='bbox 1189 1015 1493 1079; x_wconf 82' lang='lat' dir='ltr'><strong>stabilierit,</strong></span> <span class='ocrx_word' id='word_1_46' title='bbox 1529 1014 1862 1084; x_wconf 74' lang='lat' dir='ltr'><strong>volueritque</strong></span> 
     </span>
    </p>
   </div>
   <div class='ocr_carea' id='block_1_8' title="bbox 250 1108 1861 1187">
    <p class='ocr_par' dir='ltr' id='par_1_8' title="bbox 250 1108 1861 1187">
     <span class='ocr_line' id='line_1_8' title="bbox 250 1108 1861 1187; baseline -0.004 -21"><span class='ocrx_word' id='word_1_47' title='bbox 250 1129 496 1176; x_wconf 82' lang='lat' dir='ltr'><strong>manere,</strong></span> <span class='ocrx_word' id='word_1_48' title='bbox 532 1112 712 1166; x_wconf 89' lang='lat' dir='ltr'><strong>nullus</strong></span> <span class='ocrx_word' id='word_1_49' title='bbox 747 1110 911 1164; x_wconf 87' lang='lat' dir='ltr'><strong>homo</strong></span> <span class='ocrx_word' id='word_1_50' title='bbox 956 1119 1130 1178; x_wconf 83' lang='lat' dir='ltr'><strong>potest</strong></span> <span class='ocrx_word' id='word_1_51' title='bbox 1160 1108 1405 1187; x_wconf 85' lang='lat' dir='ltr'><strong>demoliri</strong></span> <span class='ocrx_word' id='word_1_52' title='bbox 1442 1125 1456 1162; x_wconf 89' lang='lat'>:</span> <span class='ocrx_word' id='word_1_53' title='bbox 1490 1109 1559 1161; x_wconf 87' lang='lat' dir='ltr'><strong>ita</strong></span> <span class='ocrx_word' id='word_1_54' title='bbox 1584 1122 1861 1175; x_wconf 55' lang='lat' dir='ltr'><strong>quacum-</strong></span> 
     </span>
    </p>
   </div>
   <div class='ocr_carea' id='block_1_9' title="bbox 246 1201 1862 1276">
    <p class='ocr_par' dir='ltr' id='par_1_9' title="bbox 246 1201 1862 1276">
     <span class='ocr_line' id='line_1_9' title="bbox 246 1201 1862 1276; baseline -0.006 -15"><span class='ocrx_word' id='word_1_55' title='bbox 246 1222 359 1276; x_wconf 85' lang='lat' dir='ltr'><strong>que</strong></span> <span class='ocrx_word' id='word_1_56' title='bbox 404 1206 754 1267; x_wconf 82' lang='lat' dir='ltr'><strong>dcs:ruxerit,</strong></span> <span class='ocrx_word' id='word_1_57' title='bbox 805 1202 1141 1271; x_wconf 87' lang='lat' dir='ltr'><strong>volueritque</strong></span> <span class='ocrx_word' id='word_1_58' title='bbox 1183 1216 1401 1256; x_wconf 87' lang='lat' dir='ltr'><strong>manere</strong></span> <span class='ocrx_word' id='word_1_59' title='bbox 1452 1201 1650 1263; x_wconf 85' lang='lat' dir='ltr'><strong>diruta,</strong></span> <span class='ocrx_word' id='word_1_60' title='bbox 1702 1214 1862 1253; x_wconf 92' lang='lat' dir='ltr'><strong>nemo</strong></span> 
     </span>
    </p>
   </div>
   <div class='ocr_carea' id='block_1_10' title="bbox 251 1289 1860 1366">
    <p class='ocr_par' dir='ltr' id='par_1_10' title="bbox 251 1289 1860 1366">
     <span class='ocr_line' id='line_1_10' title="bbox 251 1289 1860 1366; baseline -0.006 -14"><span class='ocrx_word' id='word_1_61' title='bbox 251 1298 450 1366; x_wconf 80' lang='lat' dir='ltr'><strong>poterit</strong></span> <span class='ocrx_word' id='word_1_62' title='bbox 501 1298 821 1351; x_wconf 87' lang='lat' dir='ltr'><strong>instaurare.</strong></span> <span class='ocrx_word' id='word_1_63' title='bbox 887 1294 1082 1349; x_wconf 86' lang='lat' dir='ltr'><strong>Verum</strong></span> <span class='ocrx_word' id='word_1_64' title='bbox 1131 1302 1250 1347; x_wconf 88' lang='lat' dir='ltr'><strong>esto</strong></span> <span class='ocrx_word' id='word_1_65' title='bbox 1298 1306 1461 1355; x_wconf 89' lang='lat' dir='ltr'><strong>sane,</strong></span> <span class='ocrx_word' id='word_1_66' title='bbox 1514 1289 1717 1353; x_wconf 65' lang='lat' dir='ltr'><strong>Judasi,</strong></span> <span class='ocrx_word' id='word_1_67' title='bbox 1752 1304 1860 1365; x_wconf 81' lang='lat' dir='ltr'><strong>rex</strong></span> 
     </span>
    </p>
   </div>
   <div class='ocr_carea' id='block_1_11' title="bbox 250 1382 1859 1459">
    <p class='ocr_par' dir='ltr' id='par_1_11' title="bbox 250 1382 1859 1459">
     <span class='ocr_line' id='line_1_11' title="bbox 250 1382 1859 1459; baseline -0.004 -15"><span class='ocrx_word' id='word_1_68' title='bbox 250 1390 520 1459; x_wconf 81' lang='lat' dir='ltr'><strong>templum</strong></span> <span class='ocrx_word' id='word_1_69' title='bbox 554 1389 867 1455; x_wconf 70' lang='lat' dir='ltr'><strong>reddiderit,</strong></span> <span class='ocrx_word' id='word_1_70' title='bbox 890 1404 1037 1442; x_wconf 88' lang='lat' dir='ltr'><strong>aram</strong></span> <span class='ocrx_word' id='word_1_71' title='bbox 1065 1398 1285 1457; x_wconf 85' lang='lat' dir='ltr'><strong>prorsus</strong></span> <span class='ocrx_word' id='word_1_72' title='bbox 1311 1386 1566 1446; x_wconf 78' lang='lat' dir='ltr'><strong>erexerit,</strong></span> <span class='ocrx_word' id='word_1_73' title='bbox 1596 1382 1859 1453; x_wconf 88' lang='lat' dir='ltr'><strong>quemad-</strong></span> 
     </span>
    </p>
   </div>
   <div class='ocr_carea' id='block_1_12' title="bbox 247 1474 1858 1550">
    <p class='ocr_par' dir='ltr' id='par_1_12' title="bbox 247 1474 1858 1550">
     <span class='ocr_line' id='line_1_12' title="bbox 247 1474 1858 1550; baseline -0.005 -14"><span class='ocrx_word' id='word_1_74' title='bbox 247 1482 472 1536; x_wconf 81' lang='lat' dir='ltr'><strong>modum</strong></span> <span class='ocrx_word' id='word_1_75' title='bbox 504 1474 612 1535; x_wconf 22' lang='lat' dir='ltr'><strong>‘vos</strong></span> <span class='ocrx_word' id='word_1_76' title='bbox 644 1482 839 1535; x_wconf 89' lang='lat' dir='ltr'><strong>frustra</strong></span> <span class='ocrx_word' id='word_1_77' title='bbox 885 1480 1126 1550; x_wconf 86' lang='lat' dir='ltr'><strong>potuisse</strong></span> <span class='ocrx_word' id='word_1_78' title='bbox 1153 1477 1267 1533; x_wconf 84' lang='lat' dir='ltr'><strong>ﬁeri</strong></span> <span class='ocrx_word' id='word_1_79' title='bbox 1310 1476 1655 1543; x_wconf 85' lang='lat' dir='ltr'><strong>suSpicatnini</strong></span> <span class='ocrx_word' id='word_1_80' title='bbox 1687 1494 1699 1528; x_wconf 90' lang='lat'><strong>:</strong></span> <span class='ocrx_word' id='word_1_81' title='bbox 1731 1490 1858 1529; x_wconf 90' lang='lat' dir='ltr'><strong>num</strong></span> 
     </span>
    </p>
   </div>
   <div class='ocr_carea' id='block_1_13' title="bbox 246 1562 1860 1641">
    <p class='ocr_par' dir='ltr' id='par_1_13' title="bbox 246 1562 1860 1641">
     <span class='ocr_line' id='line_1_13' title="bbox 246 1562 1860 1641; baseline -0.006 -15"><span class='ocrx_word' id='word_1_82' title='bbox 246 1582 302 1627; x_wconf 90' lang='lat' dir='ltr'><strong>et</strong></span> <span class='ocrx_word' id='word_1_83' title='bbox 329 1573 510 1641; x_wconf 82' lang='lat' dir='ltr'><strong>ignem</strong></span> <span class='ocrx_word' id='word_1_84' title='bbox 530 1572 803 1641; x_wconf 66' lang='lat' dir='ltr'><strong>caelestem</strong></span> <span class='ocrx_word' id='word_1_85' title='bbox 832 1586 864 1625; x_wconf 93' lang='lat' dir='ltr'><strong>e</strong></span> <span class='ocrx_word' id='word_1_86' title='bbox 892 1569 1108 1624; x_wconf 90' lang='lat' dir='ltr'><strong>sublimi</strong></span> <span class='ocrx_word' id='word_1_87' title='bbox 1136 1562 1345 1638; x_wconf 77' lang='lat' dir='ltr'><strong>poterat</strong></span> <span class='ocrx_word' id='word_1_88' title='bbox 1365 1567 1517 1621; x_wconf 82' lang='lat' dir='ltr'><strong>vobis</strong></span> <span class='ocrx_word' id='word_1_89' title='bbox 1536 1564 1860 1620; x_wconf 84' lang='lat' dir='ltr'><strong>demittere?</strong></span> 
     </span>
    </p>
   </div>
   <div class='ocr_carea' id='block_1_14' title="bbox 245 1656 1857 1732">
    <p class='ocr_par' dir='ltr' id='par_1_14' title="bbox 245 1656 1857 1732">
     <span class='ocr_line' id='line_1_14' title="bbox 245 1656 1857 1732; baseline -0.006 -14"><span class='ocrx_word' id='word_1_90' title='bbox 245 1664 350 1731; x_wconf 83' lang='lat' dir='ltr'><strong>Qui</strong></span> <span class='ocrx_word' id='word_1_91' title='bbox 378 1666 421 1717; x_wconf 91' lang='lat' dir='ltr'><strong>si</strong></span> <span class='ocrx_word' id='word_1_92' title='bbox 454 1663 737 1728; x_wconf 76' lang='lat' dir='ltr'><strong>defuisset,</strong></span> <span class='ocrx_word' id='word_1_93' title='bbox 772 1662 993 1732; x_wconf 86' lang='lat' dir='ltr'><strong>impium</strong></span> <span class='ocrx_word' id='word_1_94' title='bbox 1024 1670 1079 1714; x_wconf 90' lang='lat' dir='ltr'><strong>et</strong></span> <span class='ocrx_word' id='word_1_95' title='bbox 1105 1658 1370 1730; x_wconf 84' lang='lat' dir='ltr'><strong>impurum</strong></span> <span class='ocrx_word' id='word_1_96' title='bbox 1420 1658 1610 1713; x_wconf 87' lang='lat' dir='ltr'><strong>fuisset</strong></span> <span class='ocrx_word' id='word_1_97' title='bbox 1650 1656 1857 1711; x_wconf 85' lang='lat' dir='ltr'><strong>sacriﬁ-</strong></span> 
     </span>
    </p>
   </div>
   <div class='ocr_carea' id='block_1_15' title="bbox 246 1749 1859 1823">
    <p class='ocr_par' dir='ltr' id='par_1_15' title="bbox 246 1749 1859 1823">
     <span class='ocr_line' id='line_1_15' title="bbox 246 1749 1859 1823; baseline -0.006 -12"><span class='ocrx_word' id='word_1_98' title='bbox 246 1757 418 1811; x_wconf 82' lang='lat' dir='ltr'><strong>cium.</strong></span> <span class='ocrx_word' id='word_1_99' title='bbox 448 1755 534 1811; x_wconf 89' lang='lat' dir='ltr'><strong>Ob</strong></span> <span class='ocrx_word' id='word_1_100' title='bbox 556 1755 659 1809; x_wconf 86' lang='lat' dir='ltr'><strong>hoc</strong></span> <span class='ocrx_word' id='word_1_101' title='bbox 679 1756 822 1809; x_wconf 91' lang='lat' dir='ltr'><strong>enim</strong></span> <span class='ocrx_word' id='word_1_102' title='bbox 854 1755 1135 1823; x_wconf 88' lang='lat' dir='ltr'><strong>perierunt</strong></span> <span class='ocrx_word' id='word_1_103' title='bbox 1160 1751 1250 1805; x_wconf 87' lang='lat' dir='ltr'><strong>ﬁlii</strong></span> <span class='ocrx_word' id='word_1_104' title='bbox 1278 1752 1480 1815; x_wconf 76' lang='lat' dir='ltr'><strong>Aaron,</strong></span> <span class='ocrx_word' id='word_1_105' title='bbox 1504 1750 1648 1819; x_wconf 90' lang='lat' dir='ltr'><strong>quod</strong></span> <span class='ocrx_word' id='word_1_106' title='bbox 1680 1749 1859 1819; x_wconf 85' lang='lat' dir='ltr'><strong>ignem</strong></span> 
     </span>
    </p>
   </div>
   <div class='ocr_carea' id='block_1_16' title="bbox 244 1842 1854 1907">
    <p class='ocr_par' dir='ltr' id='par_1_16' title="bbox 244 1842 1854 1907">
     <span class='ocr_line' id='line_1_16' title="bbox 244 1842 1854 1907; baseline -0.004 -5"><span class='ocrx_word' id='word_1_107' title='bbox 244 1849 490 1902; x_wconf 85' lang='lat' dir='ltr'><strong>alienum</strong></span> <span class='ocrx_word' id='word_1_108' title='bbox 521 1847 854 1902; x_wconf 80' lang='lat' dir='ltr'><strong>induxerint.</strong></span> <span class='ocrx_word' id='word_1_109' title='bbox 884 1846 1240 1901; x_wconf 86' lang='lat' dir='ltr'><strong>Nihilominus</strong></span> <span class='ocrx_word' id='word_1_110' title='bbox 1269 1844 1335 1897; x_wconf 87' lang='lat' dir='ltr'><strong>ad</strong></span> <span class='ocrx_word' id='word_1_111' title='bbox 1363 1844 1544 1897; x_wconf 87' lang='lat' dir='ltr'><strong>omnia</strong></span> <span class='ocrx_word' id='word_1_112' title='bbox 1575 1842 1854 1907; x_wconf 70' lang='lat' dir='ltr'><strong>obcaecati,</strong></span> 
     </span>
    </p>
   </div>
   <div class='ocr_carea' id='block_1_17' title="bbox 244 1937 1859 2011">
    <p class='ocr_par' dir='ltr' id='par_1_17' title="bbox 244 1937 1859 2011">
     <span class='ocr_line' id='line_1_17' title="bbox 244 1937 1859 2011; baseline -0.006 -13"><span class='ocrx_word' id='word_1_113' title='bbox 244 1944 609 1998; x_wconf 78' lang='lat' dir='ltr'><strong>obsecrabant</strong></span> <span class='ocrx_word' id='word_1_114' title='bbox 634 1958 698 1996; x_wconf 93' lang='lat' dir='ltr'><strong>ac</strong></span> <span class='ocrx_word' id='word_1_115' title='bbox 723 1942 1115 2011; x_wconf 85' lang='lat' dir='ltr'><strong>supplicabant,</strong></span> <span class='ocrx_word' id='word_1_116' title='bbox 1142 1950 1201 1993; x_wconf 89' lang='lat' dir='ltr'><strong>ut</strong></span> <span class='ocrx_word' id='word_1_117' title='bbox 1242 1954 1365 1993; x_wconf 91' lang='lat' dir='ltr'><strong>eum</strong></span> <span class='ocrx_word' id='word_1_118' title='bbox 1404 1938 1535 2006; x_wconf 87' lang='lat' dir='ltr'><strong>ipsis</strong></span> <span class='ocrx_word' id='word_1_119' title='bbox 1559 1937 1859 2005; x_wconf 78' lang='lat' dir='ltr'><strong>susciperet</strong></span> 
     </span>
    </p>
   </div>
   <div class='ocr_carea' id='block_1_18' title="bbox 244 2029 1856 2106">
    <p class='ocr_par' dir='ltr' id='par_1_18' title="bbox 244 2029 1856 2106">
     <span class='ocr_line' id='line_1_18' title="bbox 244 2029 1856 2106; baseline -0.005 -15"><span class='ocrx_word' id='word_1_120' title='bbox 244 2045 305 2091; x_wconf 90' lang='lat' dir='ltr'><strong>et</strong></span> <span class='ocrx_word' id='word_1_121' title='bbox 358 2035 745 2106; x_wconf 78' lang='lat' dir='ltr'><strong>aggrederetur</strong></span> <span class='ocrx_word' id='word_1_122' title='bbox 801 2032 1247 2087; x_wconf 86' lang='lat' dir='ltr'><strong>instaurationem</strong></span> <span class='ocrx_word' id='word_1_123' title='bbox 1301 2029 1505 2099; x_wconf 83' lang='lat' dir='ltr'><strong>templi.</strong></span> <span class='ocrx_word' id='word_1_124' title='bbox 1557 2030 1626 2083; x_wconf 88' lang='lat' dir='ltr'><strong>At</strong></span> <span class='ocrx_word' id='word_1_125' title='bbox 1672 2029 1763 2083; x_wconf 89' lang='lat' dir='ltr'><strong>ille</strong></span> <span class='ocrx_word' id='word_1_126' title='bbox 1804 2038 1856 2083; x_wconf 90' lang='lat' dir='ltr'><strong>et</strong></span> 
     </span>
    </p>
   </div>
   <div class='ocr_carea' id='block_1_19' title="bbox 180 2112 1856 2197">
    <p class='ocr_par' dir='ltr' id='par_1_19' title="bbox 180 2112 1856 2197">
     <span class='ocr_line' id='line_1_19' title="bbox 180 2112 1856 2197; baseline -0.006 -14"><span class='ocrx_word' id='word_1_127' title='bbox 180 2112 187 2115; x_wconf 16' lang='lat' dir='ltr'>ﬁ</span> <span class='ocrx_word' id='word_1_128' title='bbox 248 2129 510 2196; x_wconf 81' lang='lat' dir='ltr'><strong>pecunias</strong></span> <span class='ocrx_word' id='word_1_129' title='bbox 538 2126 821 2197; x_wconf 82' lang='lat' dir='ltr'><strong>impendit.</strong></span> <span class='ocrx_word' id='word_1_130' title='bbox 847 2134 899 2179; x_wconf 92' lang='lat' dir='ltr'><strong>et</strong></span> <span class='ocrx_word' id='word_1_131' title='bbox 926 2124 1209 2193; x_wconf 56' lang='lat' dir='ltr'><strong>praefectos</strong></span> <span class='ocrx_word' id='word_1_132' title='bbox 1238 2122 1384 2176; x_wconf 90' lang='lat' dir='ltr'><strong>misit</strong></span> <span class='ocrx_word' id='word_1_133' title='bbox 1405 2122 1547 2175; x_wconf 84' lang='lat' dir='ltr'><strong>viros</strong></span> <span class='ocrx_word' id='word_1_134' title='bbox 1571 2121 1856 2192; x_wconf 85' lang='lat' dir='ltr'><strong>primates,</strong></span> 
     </span>
    </p>
   </div>
   <div class='ocr_carea' id='block_1_20' title="bbox 245 2209 1850 2287">
    <p class='ocr_par' dir='ltr' id='par_1_20' title="bbox 245 2209 1850 2287">
     <span class='ocr_line' id='line_1_20' title="bbox 245 2209 1850 2287; baseline -0.007 -14"><span class='ocrx_word' id='word_1_135' title='bbox 245 2231 305 2273; x_wconf 88' lang='lat' dir='ltr'><strong>et</strong></span> <span class='ocrx_word' id='word_1_136' title='bbox 334 2218 571 2273; x_wconf 83' lang='lat' dir='ltr'><strong>artiﬁces</strong></span> <span class='ocrx_word' id='word_1_137' title='bbox 593 2217 937 2287; x_wconf 88' lang='lat' dir='ltr'><strong>undiquaque</strong></span> <span class='ocrx_word' id='word_1_138' title='bbox 964 2214 1167 2269; x_wconf 82' lang='lat' dir='ltr'><strong>accersi</strong></span> <span class='ocrx_word' id='word_1_139' title='bbox 1196 2214 1373 2283; x_wconf 83' lang='lat' dir='ltr'><strong>jussit,</strong></span> <span class='ocrx_word' id='word_1_140' title='bbox 1406 2213 1536 2265; x_wconf 85' lang='lat' dir='ltr'><strong>nihil</strong></span> <span class='ocrx_word' id='word_1_141' title='bbox 1568 2227 1673 2266; x_wconf 93' lang='lat' dir='ltr'><strong>nou</strong></span> <span class='ocrx_word' id='word_1_142' title='bbox 1706 2209 1850 2273; x_wconf 84' lang='lat' dir='ltr'><strong>fecit,</strong></span> 
     </span>
    </p>
   </div>
   <div class='ocr_carea' id='block_1_21' title="bbox 247 2304 1850 2376">
    <p class='ocr_par' dir='ltr' id='par_1_21' title="bbox 247 2304 1850 2376">
     <span class='ocr_line' id='line_1_21' title="bbox 247 2304 1850 2376; baseline -0.004 -14"><span class='ocrx_word' id='word_1_143' title='bbox 247 2309 382 2363; x_wconf 86' lang='lat' dir='ltr'><strong>nihil</strong></span> <span class='ocrx_word' id='word_1_144' title='bbox 420 2327 525 2363; x_wconf 90' lang='lat' dir='ltr'><strong>non</strong></span> <span class='ocrx_word' id='word_1_145' title='bbox 559 2309 806 2374; x_wconf 81' lang='lat' dir='ltr'><strong>tentavit,</strong></span> <span class='ocrx_word' id='word_1_146' title='bbox 855 2305 1111 2376; x_wconf 88' lang='lat' dir='ltr'><strong>paulatim</strong></span> <span class='ocrx_word' id='word_1_147' title='bbox 1152 2320 1218 2359; x_wconf 90' lang='lat' dir='ltr'><strong>ac</strong></span> <span class='ocrx_word' id='word_1_148' title='bbox 1255 2304 1457 2359; x_wconf 88' lang='lat' dir='ltr'><strong>sensim</strong></span> <span class='ocrx_word' id='word_1_149' title='bbox 1512 2305 1615 2358; x_wconf 90' lang='lat' dir='ltr'><strong>hoc</strong></span> <span class='ocrx_word' id='word_1_150' title='bbox 1665 2316 1850 2372; x_wconf 88' lang='lat' dir='ltr'><strong>agens,</strong></span> 
     </span>
    </p>
   </div>
   <div class='ocr_carea' id='block_1_22' title="bbox 245 2394 1857 2470">
    <p class='ocr_par' dir='ltr' id='par_1_22' title="bbox 245 2394 1857 2470">
     <span class='ocr_line' id='line_1_22' title="bbox 245 2394 1857 2470; baseline -0.004 -15"><span class='ocrx_word' id='word_1_151' title='bbox 245 2415 586 2470; x_wconf 83' lang='lat' dir='ltr'><strong>speransque</strong></span> <span class='ocrx_word' id='word_1_152' title='bbox 614 2399 873 2465; x_wconf 89' lang='lat' dir='ltr'><strong>futurum,</strong></span> <span class='ocrx_word' id='word_1_153' title='bbox 904 2409 960 2452; x_wconf 91' lang='lat' dir='ltr'><strong>ut</strong></span> <span class='ocrx_word' id='word_1_154' title='bbox 1007 2399 1051 2452; x_wconf 91' lang='lat' dir='ltr'><strong>si</strong></span> <span class='ocrx_word' id='word_1_155' title='bbox 1098 2405 1281 2466; x_wconf 89' lang='lat' dir='ltr'><strong>posset</strong></span> <span class='ocrx_word' id='word_1_156' title='bbox 1308 2396 1427 2450; x_wconf 88' lang='lat' dir='ltr'><strong>illos</strong></span> <span class='ocrx_word' id='word_1_157' title='bbox 1452 2395 1519 2449; x_wconf 92' lang='lat' dir='ltr'><strong>ad</strong></span> <span class='ocrx_word' id='word_1_158' title='bbox 1549 2394 1857 2449; x_wconf 88' lang='lat' dir='ltr'><strong>sacriﬁcan-</strong></span> 
     </span>
    </p>
   </div>
   <div class='ocr_carea' id='block_1_23' title="bbox 246 2487 1855 2559">
    <p class='ocr_par' dir='ltr' id='par_1_23' title="bbox 246 2487 1855 2559">
     <span class='ocr_line' id='line_1_23' title="bbox 246 2487 1855 2559; baseline -0.002 -13"><span class='ocrx_word' id='word_1_159' title='bbox 246 2494 379 2547; x_wconf 89' lang='lat' dir='ltr'><strong>dum</strong></span> <span class='ocrx_word' id='word_1_160' title='bbox 408 2494 681 2559; x_wconf 82' lang='lat' dir='ltr'><strong>inducere,</strong></span> <span class='ocrx_word' id='word_1_161' title='bbox 714 2491 866 2546; x_wconf 86' lang='lat' dir='ltr'><strong>facile</strong></span> <span class='ocrx_word' id='word_1_162' title='bbox 897 2493 1015 2546; x_wconf 90' lang='lat' dir='ltr'><strong>illos</strong></span> <span class='ocrx_word' id='word_1_163' title='bbox 1038 2499 1318 2546; x_wconf 84' lang='lat' dir='ltr'><strong>revocaret</strong></span> <span class='ocrx_word' id='word_1_164' title='bbox 1342 2487 1407 2543; x_wconf 89' lang='lat' dir='ltr'><strong>ad</strong></span> <span class='ocrx_word' id='word_1_165' title='bbox 1432 2488 1608 2543; x_wconf 88' lang='lat' dir='ltr'><strong>cultus</strong></span> <span class='ocrx_word' id='word_1_166' title='bbox 1636 2488 1855 2542; x_wconf 88' lang='lat' dir='ltr'><strong>simula-</strong></span> 
     </span>
    </p>
   </div>
   <div class='ocr_carea' id='block_1_24' title="bbox 245 2580 1855 2653">
    <p class='ocr_par' dir='ltr' id='par_1_24' title="bbox 245 2580 1855 2653">
     <span class='ocr_line' id='line_1_24' title="bbox 245 2580 1855 2653; baseline -0.006 -12"><span class='ocrx_word' id='word_1_167' title='bbox 245 2602 489 2642; x_wconf 88' lang='lat' dir='ltr'><strong>crorum.</strong></span> <span class='ocrx_word' id='word_1_168' title='bbox 522 2586 695 2641; x_wconf 88' lang='lat' dir='ltr'><strong>Simul</strong></span> <span class='ocrx_word' id='word_1_169' title='bbox 723 2594 777 2640; x_wconf 93' lang='lat' dir='ltr'><strong>et</strong></span> <span class='ocrx_word' id='word_1_170' title='bbox 802 2584 931 2638; x_wconf 87' lang='lat' dir='ltr'><strong>illud</strong></span> <span class='ocrx_word' id='word_1_171' title='bbox 976 2580 1090 2639; x_wconf 83' lang='lat' dir='ltr'><strong>fore</strong></span> <span class='ocrx_word' id='word_1_172' title='bbox 1134 2582 1383 2653; x_wconf 81' lang='lat' dir='ltr'><strong>sperabat</strong></span> <span class='ocrx_word' id='word_1_173' title='bbox 1412 2581 1632 2635; x_wconf 88' lang='lat' dir='ltr'><strong>insanus</strong></span> <span class='ocrx_word' id='word_1_174' title='bbox 1662 2580 1749 2635; x_wconf 91' lang='lat' dir='ltr'><strong>ille</strong></span> <span class='ocrx_word' id='word_1_175' title='bbox 1793 2594 1855 2633; x_wconf 92' lang='lat' dir='ltr'><strong>ac</strong></span> 
     </span>
    </p>
   </div>
   <div class='ocr_carea' id='block_1_25' title="bbox 248 2672 1851 2744">
    <p class='ocr_par' dir='ltr' id='par_1_25' title="bbox 248 2672 1851 2744">
     <span class='ocr_line' id='line_1_25' title="bbox 248 2672 1851 2744; baseline -0.006 -13"><span class='ocrx_word' id='word_1_176' title='bbox 248 2692 466 2744; x_wconf 75' lang='lat' dir='ltr'><strong>vecors,</strong></span> <span class='ocrx_word' id='word_1_177' title='bbox 496 2688 555 2731; x_wconf 90' lang='lat' dir='ltr'><strong>ut</strong></span> <span class='ocrx_word' id='word_1_178' title='bbox 592 2676 791 2731; x_wconf 83' lang='lat' dir='ltr'><strong>Christi</strong></span> <span class='ocrx_word' id='word_1_179' title='bbox 816 2672 1137 2731; x_wconf 87' lang='lat' dir='ltr'><strong>sententiam</strong></span> <span class='ocrx_word' id='word_1_180' title='bbox 1188 2674 1555 2737; x_wconf 88' lang='lat' dir='ltr'><strong>frustraretur,</strong></span> <span class='ocrx_word' id='word_1_181' title='bbox 1585 2687 1703 2742; x_wconf 69' lang='lat' dir='ltr'><strong>qua:</strong></span> <span class='ocrx_word' id='word_1_182' title='bbox 1746 2687 1851 2724; x_wconf 90' lang='lat' dir='ltr'><strong>non</strong></span> 
     </span>
    </p>
   </div>
   <div class='ocr_carea' id='block_1_26' title="bbox 246 2762 1854 2838">
    <p class='ocr_par' dir='ltr' id='par_1_26' title="bbox 246 2762 1854 2838">
     <span class='ocr_line' id='line_1_26' title="bbox 246 2762 1854 2838; baseline -0.004 -16"><span class='ocrx_word' id='word_1_183' title='bbox 246 2770 449 2838; x_wconf 83' lang='lat' dir='ltr'><strong>patitur</strong></span> <span class='ocrx_word' id='word_1_184' title='bbox 472 2768 731 2837; x_wconf 84' lang='lat' dir='ltr'><strong>templum</strong></span> <span class='ocrx_word' id='word_1_185' title='bbox 761 2767 889 2821; x_wconf 91' lang='lat' dir='ltr'><strong>illud</strong></span> <span class='ocrx_word' id='word_1_186' title='bbox 922 2767 1226 2822; x_wconf 86' lang='lat' dir='ltr'><strong>instaurari.</strong></span> <span class='ocrx_word' id='word_1_187' title='bbox 1258 2766 1456 2821; x_wconf 80' lang='lat' dir='ltr'><strong>Verum</strong></span> <span class='ocrx_word' id='word_1_188' title='bbox 1490 2766 1554 2827; x_wconf 89' lang='lat' dir='ltr'><strong>is,</strong></span> <span class='ocrx_word' id='word_1_189' title='bbox 1585 2762 1676 2834; x_wconf 90' lang='lat' dir='ltr'><strong>qui</strong></span> <span class='ocrx_word' id='word_1_190' title='bbox 1706 2778 1854 2818; x_wconf 85' lang='lat' dir='ltr'><strong>eom—</strong></span> 
     </span>
    </p>
   </div>
   <div class='ocr_carea' id='block_1_27' title="bbox 249 2852 1851 2931">
    <p class='ocr_par' dir='ltr' id='par_1_27' title="bbox 249 2852 1851 2931">
     <span class='ocr_line' id='line_1_27' title="bbox 249 2852 1851 2931; baseline -0.002 -20"><span class='ocrx_word' id='word_1_191' title='bbox 249 2857 540 2927; x_wconf 80' lang='lat' dir='ltr'><strong>prehendit</strong></span> <span class='ocrx_word' id='word_1_192' title='bbox 558 2860 830 2928; x_wconf 80' lang='lat' dir='ltr'><strong>sapientes</strong></span> <span class='ocrx_word' id='word_1_193' title='bbox 856 2858 909 2911; x_wconf 91' lang='lat' dir='ltr'><strong>in</strong></span> <span class='ocrx_word' id='word_1_194' title='bbox 937 2859 1173 2927; x_wconf 86' lang='lat' dir='ltr'><strong>ipsorum</strong></span> <span class='ocrx_word' id='word_1_195' title='bbox 1196 2856 1387 2931; x_wconf 84' lang='lat' dir='ltr'><strong>astutia</strong></span> <span class='ocrx_word' id='word_1_196' title='bbox 1412 2854 1499 2927; x_wconf 88' lang='grc'><strong>(1.</strong></span> <span class='ocrx_word' id='word_1_197' title='bbox 1525 2852 1643 2910; x_wconf 74' lang='lat' dir='ltr'><strong>Cor.</strong></span> <span class='ocrx_word' id='word_1_198' title='bbox 1667 2856 1721 2910; x_wconf 78' lang='lat'><strong>5.</strong></span> <span class='ocrx_word' id='word_1_199' title='bbox 1750 2852 1851 2921; x_wconf 73' lang='lat' dir='ltr'><strong>i9;</strong></span> 
     </span>
    </p>
   </div>
   <div class='ocr_carea' id='block_1_28' title="bbox 246 2944 1849 3020">
    <p class='ocr_par' dir='ltr' id='par_1_28' title="bbox 246 2944 1849 3020">
     <span class='ocr_line' id='line_1_28' title="bbox 246 2944 1849 3020; baseline -0.001 -19"><span class='ocrx_word' id='word_1_200' title='bbox 246 2949 434 3003; x_wconf 83' lang='lat' dir='ltr'><strong>Job.5.</strong></span> <span class='ocrx_word' id='word_1_201' title='bbox 468 2947 600 3020; x_wconf 60' lang='lat'><strong>15.),</strong></span> <span class='ocrx_word' id='word_1_202' title='bbox 653 2950 895 3017; x_wconf 88' lang='lat' dir='ltr'><strong>protinus</strong></span> <span class='ocrx_word' id='word_1_203' title='bbox 926 2949 1053 3017; x_wconf 89' lang='lat' dir='ltr'><strong>ipsis</strong></span> <span class='ocrx_word' id='word_1_204' title='bbox 1093 2947 1247 3002; x_wconf 82' lang='lat' dir='ltr'><strong>factis</strong></span> <span class='ocrx_word' id='word_1_205' title='bbox 1290 2947 1583 3003; x_wconf 84' lang='lat' dir='ltr'><strong>declaravit</strong></span> <span class='ocrx_word' id='word_1_206' title='bbox 1623 2947 1723 3011; x_wconf 92' lang='lat' dir='ltr'><strong>illi,</strong></span> <span class='ocrx_word' id='word_1_207' title='bbox 1757 2944 1849 3000; x_wconf 91' lang='lat' dir='ltr'><strong>Dei</strong></span> 
     </span>
    </p>
   </div>
   <div class='ocr_carea' id='block_1_29' title="bbox 241 3038 1850 3109">
    <p class='ocr_par' dir='ltr' id='par_1_29' title="bbox 241 3038 1850 3109">
     <span class='ocr_line' id='line_1_29' title="bbox 241 3038 1850 3109; baseline 0 -16"><span class='ocrx_word' id='word_1_208' title='bbox 241 3041 526 3094; x_wconf 84' lang='lat' dir='ltr'><strong>decretum</strong></span> <span class='ocrx_word' id='word_1_209' title='bbox 569 3041 825 3095; x_wconf 88' lang='lat' dir='ltr'><strong>omnibus</strong></span> <span class='ocrx_word' id='word_1_210' title='bbox 869 3055 991 3095; x_wconf 70' lang='lat' dir='ltr'><strong>ease</strong></span> <span class='ocrx_word' id='word_1_211' title='bbox 1042 3040 1356 3109; x_wconf 89' lang='lat' dir='ltr'><strong>potentius,</strong></span> <span class='ocrx_word' id='word_1_212' title='bbox 1400 3038 1680 3108; x_wconf 86' lang='lat' dir='ltr'><strong>validaque</strong></span> <span class='ocrx_word' id='word_1_213' title='bbox 1730 3052 1850 3093; x_wconf 88' lang='lat' dir='ltr'><strong>esse</strong></span> 
     </span>
    </p>
   </div>
   <div class='ocr_carea' id='block_1_30' title="bbox 239 3130 1851 3213">
    <p class='ocr_par' dir='ltr' id='par_1_30' title="bbox 239 3130 1851 3213">
     <span class='ocr_line' id='line_1_30' title="bbox 239 3130 1851 3213; baseline -0.001 -29"><span class='ocrx_word' id='word_1_214' title='bbox 239 3147 407 3201; x_wconf 71' lang='lat' dir='ltr'><strong>opera</strong></span> <span class='ocrx_word' id='word_1_215' title='bbox 438 3147 753 3187; x_wconf 88' lang='lat' dir='ltr'><strong>sermonum</strong></span> <span class='ocrx_word' id='word_1_216' title='bbox 804 3131 915 3185; x_wconf 88' lang='lat' dir='ltr'><strong>Dei.</strong></span> <span class='ocrx_word' id='word_1_217' title='bbox 965 3130 1097 3184; x_wconf 78' lang='lat' dir='ltr'><strong>Nam</strong></span> <span class='ocrx_word' id='word_1_218' title='bbox 1141 3130 1301 3185; x_wconf 87' lang='lat' dir='ltr'><strong>simul</strong></span> <span class='ocrx_word' id='word_1_219' title='bbox 1347 3130 1509 3199; x_wconf 87' lang='lat' dir='ltr'><strong>atque</strong></span> <span class='ocrx_word' id='word_1_220' title='bbox 1554 3136 1851 3213; x_wconf 74' lang='lat' dir='ltr'><strong>tentassent</strong></span> 
     </span>
    </p>
   </div>
   <div class='ocr_carea' id='block_1_31' title="bbox 241 3222 1845 3295">
    <p class='ocr_par' dir='ltr' id='par_1_31' title="bbox 241 3222 1845 3295">
     <span class='ocr_line' id='line_1_31' title="bbox 241 3222 1845 3295; baseline -0.001 -20"><span class='ocrx_word' id='word_1_221' title='bbox 241 3225 388 3278; x_wconf 88' lang='lat' dir='ltr'><strong>hunc</strong></span> <span class='ocrx_word' id='word_1_222' title='bbox 409 3225 633 3293; x_wconf 89' lang='lat' dir='ltr'><strong>impium</strong></span> <span class='ocrx_word' id='word_1_223' title='bbox 650 3233 919 3295; x_wconf 84' lang='lat' dir='ltr'><strong>conatum,</strong></span> <span class='ocrx_word' id='word_1_224' title='bbox 945 3224 1237 3293; x_wconf 65' lang='lat' dir='ltr'><strong>coepissent</strong></span> <span class='ocrx_word' id='word_1_225' title='bbox 1257 3223 1459 3277; x_wconf 86' lang='lat' dir='ltr'><strong>nudare</strong></span> <span class='ocrx_word' id='word_1_226' title='bbox 1482 3222 1845 3285; x_wconf 88' lang='lat' dir='ltr'><strong>fundamenta,</strong></span> 
     </span>
    </p>
   </div>
   <div class='ocr_carea' id='block_1_32' title="bbox 239 3313 1848 3383">
    <p class='ocr_par' dir='ltr' id='par_1_32' title="bbox 239 3313 1848 3383">
     <span class='ocr_line' id='line_1_32' title="bbox 239 3313 1848 3383; baseline -0.001 -14"><span class='ocrx_word' id='word_1_227' title='bbox 239 3316 465 3369; x_wconf 81' lang='lat' dir='ltr'><strong>inultam</strong></span> <span class='ocrx_word' id='word_1_228' title='bbox 492 3326 689 3369; x_wconf 87' lang='lat' dir='ltr'><strong>terram</strong></span> <span class='ocrx_word' id='word_1_229' title='bbox 712 3314 1108 3377; x_wconf 77' lang='lat' dir='ltr'><strong>exhausissent,</strong></span> <span class='ocrx_word' id='word_1_230' title='bbox 1131 3324 1469 3382; x_wconf 90' lang='lat' dir='ltr'><strong>restaretque</strong></span> <span class='ocrx_word' id='word_1_231' title='bbox 1495 3325 1551 3367; x_wconf 92' lang='lat' dir='ltr'><strong>ut</strong></span> <span class='ocrx_word' id='word_1_232' title='bbox 1568 3313 1679 3383; x_wconf 87' lang='lat' dir='ltr'><strong>jam</strong></span> <span class='ocrx_word' id='word_1_233' title='bbox 1701 3322 1848 3368; x_wconf 83' lang='lat' dir='ltr'><strong>stru-</strong></span> 
     </span>
    </p>
   </div>
   <div class='ocr_carea' id='block_1_33' title="bbox 236 3404 1848 3477">
    <p class='ocr_par' dir='ltr' id='par_1_33' title="bbox 236 3404 1848 3477">
     <span class='ocr_line' id='line_1_33' title="bbox 236 3404 1848 3477; baseline -0.001 -17"><span class='ocrx_word' id='word_1_234' title='bbox 236 3422 270 3460; x_wconf 92' lang='lat' dir='ltr'><strong>c</strong></span> <span class='ocrx_word' id='word_1_235' title='bbox 300 3421 449 3461; x_wconf 86' lang='lat' dir='ltr'><strong>uram</strong></span> <span class='ocrx_word' id='word_1_236' title='bbox 481 3406 901 3477; x_wconf 78' lang='lat' dir='ltr'><strong>aggrederentur</strong></span> <span class='ocrx_word' id='word_1_237' title='bbox 926 3425 937 3461; x_wconf 78' lang='grc' dir='ltr'><strong>ε</strong></span> <span class='ocrx_word' id='word_1_238' title='bbox 964 3405 1209 3475; x_wconf 83' lang='lat' dir='ltr'><strong>protinus</strong></span> <span class='ocrx_word' id='word_1_239' title='bbox 1235 3406 1372 3473; x_wconf 82' lang='lat' dir='ltr'><strong>ignis</strong></span> <span class='ocrx_word' id='word_1_240' title='bbox 1396 3405 1652 3459; x_wconf 79' lang='lat' dir='ltr'><strong>exsiliens</strong></span> <span class='ocrx_word' id='word_1_241' title='bbox 1672 3419 1703 3459; x_wconf 93' lang='lat' dir='ltr'><strong>e</strong></span> <span class='ocrx_word' id='word_1_242' title='bbox 1728 3404 1848 3459; x_wconf 85' lang='lat' dir='ltr'><strong>fun-</strong></span> 
     </span>
    </p>
   </div>
   <div class='ocr_carea' id='block_1_34' title="bbox 237 3496 1846 3567">
    <p class='ocr_par' dir='ltr' id='par_1_34' title="bbox 237 3496 1846 3567">
     <span class='ocr_line' id='line_1_34' title="bbox 237 3496 1846 3567; baseline -0.003 -15"><span class='ocrx_word' id='word_1_243' title='bbox 237 3500 512 3553; x_wconf 87' lang='lat' dir='ltr'><strong>damentis</strong></span> <span class='ocrx_word' id='word_1_244' title='bbox 537 3499 743 3552; x_wconf 79' lang='lat' dir='ltr'><strong>exussit</strong></span> <span class='ocrx_word' id='word_1_245' title='bbox 787 3498 1002 3559; x_wconf 84' lang='lat' dir='ltr'><strong>multos,</strong></span> <span class='ocrx_word' id='word_1_246' title='bbox 1040 3498 1274 3567; x_wconf 87' lang='lat' dir='ltr'><strong>itemque</strong></span> <span class='ocrx_word' id='word_1_247' title='bbox 1301 3496 1505 3565; x_wconf 87' lang='lat' dir='ltr'><strong>lapides</strong></span> <span class='ocrx_word' id='word_1_248' title='bbox 1535 3512 1601 3550; x_wconf 93' lang='lat' dir='ltr'><strong>eo</strong></span> <span class='ocrx_word' id='word_1_249' title='bbox 1644 3497 1693 3548; x_wconf 91' lang='lat' dir='ltr'><strong>in</strong></span> <span class='ocrx_word' id='word_1_250' title='bbox 1728 3497 1846 3549; x_wconf 92' lang='lat' dir='ltr'><strong>loco</strong></span> 
     </span>
    </p>
   </div>
   <div class='ocr_carea' id='block_1_35' title="bbox 238 3588 1842 3659">
    <p class='ocr_par' dir='ltr' id='par_1_35' title="bbox 238 3588 1842 3659">
     <span class='ocr_line' id='line_1_35' title="bbox 238 3588 1842 3659; baseline -0.004 -15"><span class='ocrx_word' id='word_1_251' title='bbox 238 3592 446 3659; x_wconf 86' lang='lat' dir='ltr'><strong>positos</strong></span> <span class='ocrx_word' id='word_1_252' title='bbox 468 3633 483 3655; x_wconf 92' lang='lat'><strong>,</strong></span> <span class='ocrx_word' id='word_1_253' title='bbox 516 3599 573 3644; x_wconf 93' lang='lat' dir='ltr'><strong>et</strong></span> <span class='ocrx_word' id='word_1_254' title='bbox 604 3590 1038 3658; x_wconf 83' lang='lat' dir='ltr'><strong>intempestivam</strong></span> <span class='ocrx_word' id='word_1_255' title='bbox 1089 3588 1438 3658; x_wconf 89' lang='lat' dir='ltr'><strong>pertinaciam</strong></span> <span class='ocrx_word' id='word_1_256' title='bbox 1490 3588 1775 3656; x_wconf 87' lang='lat' dir='ltr'><strong>interrupit</strong></span> <span class='ocrx_word' id='word_1_257' title='bbox 1806 3588 1842 3637; x_wconf 81' lang='grc'><strong>⁸.</strong></span> 
     </span>
    </p>
   </div>
   <div class='ocr_carea' id='block_1_36' title="bbox 233 3679 1844 3751">
    <p class='ocr_par' dir='ltr' id='par_1_36' title="bbox 233 3679 1844 3751">
     <span class='ocr_line' id='line_1_36' title="bbox 233 3679 1844 3751; baseline -0.004 -13"><span class='ocrx_word' id='word_1_258' title='bbox 233 3683 349 3737; x_wconf 83' lang='lat' dir='ltr'><strong>Nec</strong></span> <span class='ocrx_word' id='word_1_259' title='bbox 387 3682 559 3737; x_wconf 90' lang='lat' dir='ltr'><strong>solum</strong></span> <span class='ocrx_word' id='word_1_260' title='bbox 588 3682 683 3751; x_wconf 92' lang='lat' dir='ltr'><strong>qui</strong></span> <span class='ocrx_word' id='word_1_261' title='bbox 710 3682 862 3750; x_wconf 86' lang='lat' dir='ltr'><strong>operi</strong></span> <span class='ocrx_word' id='word_1_262' title='bbox 891 3681 1195 3746; x_wconf 83' lang='lat' dir='ltr'><strong>instabant,</strong></span> <span class='ocrx_word' id='word_1_263' title='bbox 1222 3680 1317 3735; x_wconf 82' lang='lat' dir='ltr'><strong>sed</strong></span> <span class='ocrx_word' id='word_1_264' title='bbox 1345 3682 1504 3734; x_wconf 88' lang='lat' dir='ltr'><strong>etiam</strong></span> <span class='ocrx_word' id='word_1_265' title='bbox 1534 3679 1844 3734; x_wconf 82' lang='lat' dir='ltr'><strong>Juda-orum</strong></span> 
     </span>
    </p>
   </div>
   <div class='ocr_carea' id='block_1_37' title="bbox 238 3771 1844 3842">
    <p class='ocr_par' dir='ltr' id='par_1_37' title="bbox 238 3771 1844 3842">
     <span class='ocr_line' id='line_1_37' title="bbox 238 3771 1844 3842; baseline -0.003 -14"><span class='ocrx_word' id='word_1_266' title='bbox 238 3773 397 3828; x_wconf 86' lang='lat' dir='ltr'><strong>multi</strong></span> <span class='ocrx_word' id='word_1_267' title='bbox 427 3782 651 3842; x_wconf 89' lang='lat' dir='ltr'><strong>stupore</strong></span> <span class='ocrx_word' id='word_1_268' title='bbox 680 3787 745 3825; x_wconf 90' lang='lat' dir='ltr'><strong>ac</strong></span> <span class='ocrx_word' id='word_1_269' title='bbox 774 3772 971 3826; x_wconf 87' lang='lat' dir='ltr'><strong>rubore</strong></span> <span class='ocrx_word' id='word_1_270' title='bbox 1005 3772 1203 3841; x_wconf 76' lang='lat' dir='ltr'><strong>repleti</strong></span> <span class='ocrx_word' id='word_1_271' title='bbox 1246 3781 1390 3825; x_wconf 92' lang='lat' dir='ltr'><strong>sunt.</strong></span> <span class='ocrx_word' id='word_1_272' title='bbox 1424 3772 1626 3839; x_wconf 82' lang='lat' dir='ltr'><strong>Quibus</strong></span> <span class='ocrx_word' id='word_1_273' title='bbox 1650 3771 1844 3824; x_wconf 86' lang='lat' dir='ltr'><strong>auditis</strong></span> 
     </span>
    </p>
   </div>
   <div class='ocr_carea' id='block_1_38' title="bbox 229 3862 1844 3934">
    <p class='ocr_par' dir='ltr' id='par_1_38' title="bbox 229 3862 1844 3934">
     <span class='ocr_line' id='line_1_38' title="bbox 229 3862 1844 3934; baseline -0.003 -13"><span class='ocrx_word' id='word_1_274' title='bbox 229 3866 479 3921; x_wconf 83' lang='lat' dir='ltr'><strong>Julianus</strong></span> <span class='ocrx_word' id='word_1_275' title='bbox 513 3866 832 3934; x_wconf 88' lang='lat' dir='ltr'><strong>Imperator,</strong></span> <span class='ocrx_word' id='word_1_276' title='bbox 856 3879 1178 3933; x_wconf 85' lang='lat' dir='ltr'><strong>quamquam</strong></span> <span class='ocrx_word' id='word_1_277' title='bbox 1218 3871 1361 3916; x_wconf 85' lang='lat' dir='ltr'><strong>tanta</strong></span> <span class='ocrx_word' id='word_1_278' title='bbox 1389 3864 1603 3917; x_wconf 87' lang='lat' dir='ltr'><strong>vesania</strong></span> <span class='ocrx_word' id='word_1_279' title='bbox 1631 3862 1844 3917; x_wconf 88' lang='lat' dir='ltr'><strong>deditus</strong></span> 
     </span>
    </p>
   </div>
   <div class='ocr_carea' id='block_1_39' title="bbox 230 3955 1841 4026">
    <p class='ocr_par' dir='ltr' id='par_1_39' title="bbox 230 3955 1841 4026">
     <span class='ocr_line' id='line_1_39' title="bbox 230 3955 1841 4026; baseline -0.002 -13"><span class='ocrx_word' id='word_1_280' title='bbox 230 3966 354 4013; x_wconf 87' lang='lat' dir='ltr'><strong>erat</strong></span> <span class='ocrx_word' id='word_1_281' title='bbox 394 3956 470 4010; x_wconf 86' lang='lat' dir='ltr'><strong>illi</strong></span> <span class='ocrx_word' id='word_1_282' title='bbox 512 3957 748 4026; x_wconf 81' lang='lat' dir='ltr'><strong>negotio,</strong></span> <span class='ocrx_word' id='word_1_283' title='bbox 784 3957 987 4009; x_wconf 88' lang='lat' dir='ltr'><strong>veritus</strong></span> <span class='ocrx_word' id='word_1_284' title='bbox 1034 3965 1210 4009; x_wconf 87' lang='lat' dir='ltr'><strong>tamen</strong></span> <span class='ocrx_word' id='word_1_285' title='bbox 1260 3971 1327 4009; x_wconf 89' lang='lat' dir='ltr'><strong>ne</strong></span> <span class='ocrx_word' id='word_1_286' title='bbox 1360 3955 1494 4009; x_wconf 88' lang='lat' dir='ltr'><strong>ultra</strong></span> <span class='ocrx_word' id='word_1_287' title='bbox 1528 3970 1841 4025; x_wconf 87' lang='lat' dir='ltr'><strong>progressus</strong></span> 
     </span>
    </p>
   </div>
   <div class='ocr_carea' id='block_1_40' title="bbox 229 4046 1842 4116">
    <p class='ocr_par' dir='ltr' id='par_1_40' title="bbox 229 4046 1842 4116">
     <span class='ocr_line' id='line_1_40' title="bbox 229 4046 1842 4116; baseline -0.001 -14"><span class='ocrx_word' id='word_1_288' title='bbox 229 4050 290 4103; x_wconf 90' lang='lat' dir='ltr'><strong>in</strong></span> <span class='ocrx_word' id='word_1_289' title='bbox 312 4062 464 4101; x_wconf 92' lang='lat' dir='ltr'><strong>suum</strong></span> <span class='ocrx_word' id='word_1_290' title='bbox 495 4048 661 4116; x_wconf 89' lang='lat' dir='ltr'><strong>ipsius</strong></span> <span class='ocrx_word' id='word_1_291' title='bbox 688 4056 849 4112; x_wconf 84' lang='lat' dir='ltr'><strong>caput</strong></span> <span class='ocrx_word' id='word_1_292' title='bbox 878 4047 1053 4115; x_wconf 87' lang='lat' dir='ltr'><strong>ignem</strong></span> <span class='ocrx_word' id='word_1_293' title='bbox 1094 4054 1415 4112; x_wconf 79' lang='lat' dir='ltr'><strong>accerseret,</strong></span> <span class='ocrx_word' id='word_1_294' title='bbox 1446 4046 1655 4100; x_wconf 86' lang='lat' dir='ltr'><strong>destitit</strong></span> <span class='ocrx_word' id='word_1_295' title='bbox 1670 4047 1842 4101; x_wconf 89' lang='lat' dir='ltr'><strong>victus</strong></span> 
     </span>
    </p>
   </div>
   <div class='ocr_carea' id='block_1_41' title="bbox 225 4131 1841 4208">
    <p class='ocr_par' dir='ltr' id='par_1_41' title="bbox 225 4131 1841 4208">
     <span class='ocr_line' id='line_1_41' title="bbox 225 4131 1841 4208; baseline 0 -14"><span class='ocrx_word' id='word_1_296' title='bbox 225 4154 357 4194; x_wconf 88' lang='lat' dir='ltr'><strong>cum</strong></span> <span class='ocrx_word' id='word_1_297' title='bbox 390 4147 497 4192; x_wconf 92' lang='lat' dir='ltr'><strong>tota</strong></span> <span class='ocrx_word' id='word_1_298' title='bbox 525 4150 705 4208; x_wconf 80' lang='lat' dir='ltr'><strong>gente.</strong></span> <span class='ocrx_word' id='word_1_299' title='bbox 733 4131 799 4192; x_wconf 85' lang='lat' dir='ltr'><strong>Et</strong></span> <span class='ocrx_word' id='word_1_300' title='bbox 827 4153 967 4191; x_wconf 87' lang='lat' dir='ltr'><strong>nunc</strong></span> <span class='ocrx_word' id='word_1_301' title='bbox 987 4138 1032 4192; x_wconf 88' lang='lat' dir='ltr'><strong>si</strong></span> <span class='ocrx_word' id='word_1_302' title='bbox 1059 4138 1241 4193; x_wconf 84' lang='lat' dir='ltr'><strong>venias</strong></span> <span class='ocrx_word' id='word_1_303' title='bbox 1267 4137 1682 4208; x_wconf 85' lang='lat' dir='ltr'><strong>.lerosolymam,</strong></span> <span class='ocrx_word' id='word_1_304' title='bbox 1712 4153 1841 4193; x_wconf 90' lang='lat' dir='ltr'><strong>con-</strong></span> 
     </span>
    </p>
   </div>
   <div class='ocr_carea' id='block_1_42' title="bbox 225 4229 1835 4301">
    <p class='ocr_par' dir='ltr' id='par_1_42' title="bbox 225 4229 1835 4301">
     <span class='ocr_line' id='line_1_42' title="bbox 225 4229 1835 4301; baseline -0.001 -17"><span class='ocrx_word' id='word_1_305' title='bbox 225 4229 432 4299; x_wconf 87' lang='lat' dir='ltr'><strong>spicies</strong></span> <span class='ocrx_word' id='word_1_306' title='bbox 463 4230 602 4283; x_wconf 90' lang='lat' dir='ltr'><strong>nuda</strong></span> <span class='ocrx_word' id='word_1_307' title='bbox 656 4229 1004 4282; x_wconf 87' lang='lat' dir='ltr'><strong>fundamenta</strong></span> <span class='ocrx_word' id='word_1_308' title='bbox 1041 4230 1223 4297; x_wconf 90' lang='lat' dir='ltr'><strong>:quod</strong></span> <span class='ocrx_word' id='word_1_309' title='bbox 1256 4229 1299 4282; x_wconf 92' lang='lat' dir='ltr'><strong>si</strong></span> <span class='ocrx_word' id='word_1_310' title='bbox 1337 4245 1552 4283; x_wconf 82' lang='lat' dir='ltr'><strong>causam</strong></span> <span class='ocrx_word' id='word_1_311' title='bbox 1589 4242 1835 4301; x_wconf 71' lang='lat' dir='ltr'><strong>quteras,</strong></span> 
     </span>
    </p>
   </div>
   <div class='ocr_carea' id='block_1_43' title="bbox 222 4321 1838 4392">
    <p class='ocr_par' dir='ltr' id='par_1_43' title="bbox 222 4321 1838 4392">
     <span class='ocr_line' id='line_1_43' title="bbox 222 4321 1838 4392; baseline 0.001 -16"><span class='ocrx_word' id='word_1_312' title='bbox 222 4338 341 4376; x_wconf 83' lang='lat' dir='ltr'><strong>non</strong></span> <span class='ocrx_word' id='word_1_313' title='bbox 370 4322 527 4375; x_wconf 86' lang='lat' dir='ltr'><strong>aliam</strong></span> <span class='ocrx_word' id='word_1_314' title='bbox 570 4337 731 4392; x_wconf 84' lang='lat' dir='ltr'><strong>quam</strong></span> <span class='ocrx_word' id='word_1_315' title='bbox 779 4323 918 4375; x_wconf 83' lang='lat' dir='ltr'><strong>hanc</strong></span> <span class='ocrx_word' id='word_1_316' title='bbox 963 4322 1171 4376; x_wconf 81' lang='lat' dir='ltr'><strong>audies.</strong></span> <span class='ocrx_word' id='word_1_317' title='bbox 1206 4321 1371 4390; x_wconf 80' lang='lat' dir='ltr'><strong>Hujus</strong></span> <span class='ocrx_word' id='word_1_318' title='bbox 1411 4322 1489 4375; x_wconf 87' lang='lat' dir='ltr'><strong>rei</strong></span> <span class='ocrx_word' id='word_1_319' title='bbox 1521 4337 1619 4377; x_wconf 86' lang='lat' dir='ltr'><strong>nos</strong></span> <span class='ocrx_word' id='word_1_320' title='bbox 1647 4338 1838 4377; x_wconf 84' lang='lat' dir='ltr'><strong>omnes</strong></span> 
     </span>
    </p>
   </div>
   <div class='ocr_carea' id='block_1_44' title="bbox 224 4412 1835 4484">
    <p class='ocr_par' dir='ltr' id='par_1_44' title="bbox 224 4412 1835 4484">
     <span class='ocr_line' id='line_1_44' title="bbox 224 4412 1835 4484; baseline 0.002 -18"><span class='ocrx_word' id='word_1_321' title='bbox 224 4423 401 4466; x_wconf 86' lang='lat' dir='ltr'><strong>testes</strong></span> <span class='ocrx_word' id='word_1_322' title='bbox 426 4426 612 4466; x_wconf 83' lang='lat' dir='ltr'><strong>sumus</strong></span> <span class='ocrx_word' id='word_1_323' title='bbox 644 4430 658 4465; x_wconf 89' lang='lat'><strong>:</strong></span> <span class='ocrx_word' id='word_1_324' title='bbox 694 4422 877 4466; x_wconf 84' lang='lat' dir='ltr'><strong>nostra</strong></span> <span class='ocrx_word' id='word_1_325' title='bbox 900 4412 1043 4466; x_wconf 89' lang='lat' dir='ltr'><strong>enim</strong></span> <span class='ocrx_word' id='word_1_326' title='bbox 1076 4422 1232 4467; x_wconf 65' lang='lat' dir='ltr'><strong>aetate</strong></span> <span class='ocrx_word' id='word_1_327' title='bbox 1253 4412 1369 4467; x_wconf 70' lang='lat' dir='ltr'><strong>hinc</strong></span> <span class='ocrx_word' id='word_1_328' title='bbox 1397 4429 1501 4468; x_wconf 87' lang='lat' dir='ltr'><strong>nou</strong></span> <span class='ocrx_word' id='word_1_329' title='bbox 1534 4414 1605 4468; x_wconf 88' lang='lat' dir='ltr'><strong>ita</strong></span> <span class='ocrx_word' id='word_1_330' title='bbox 1629 4415 1835 4484; x_wconf 84' lang='lat' dir='ltr'><strong>pridem</strong></span> 
     </span>
    </p>
   </div>
   <div class='ocr_carea' id='block_1_45' title="bbox 222 4504 1834 4579">
    <p class='ocr_par' dir='ltr' id='par_1_45' title="bbox 222 4504 1834 4579">
     <span class='ocr_line' id='line_1_45' title="bbox 222 4504 1834 4579; baseline 0.002 -21"><span class='ocrx_word' id='word_1_331' title='bbox 222 4504 560 4558; x_wconf 87' lang='lat' dir='ltr'><strong>acciderunt.</strong></span> <span class='ocrx_word' id='word_1_332' title='bbox 594 4504 714 4559; x_wconf 88' lang='lat' dir='ltr'><strong>.lam</strong></span> <span class='ocrx_word' id='word_1_333' title='bbox 753 4505 1035 4560; x_wconf 85' lang='lat' dir='ltr'><strong>considera</strong></span> <span class='ocrx_word' id='word_1_334' title='bbox 1084 4507 1362 4561; x_wconf 87' lang='lat' dir='ltr'><strong>victoriam</strong></span> <span class='ocrx_word' id='word_1_335' title='bbox 1402 4509 1686 4579; x_wconf 87' lang='lat' dir='ltr'><strong>insignem.</strong></span> <span class='ocrx_word' id='word_1_336' title='bbox 1719 4509 1834 4563; x_wconf 86' lang='lat' dir='ltr'><strong>Non</strong></span> 
     </span>
    </p>
   </div>
   <div class='ocr_carea' id='block_1_46' title="bbox 221 4584 1835 4670">
    <p class='ocr_par' dir='ltr' id='par_1_46' title="bbox 221 4584 1835 4670">
     <span class='ocr_line' id='line_1_46' title="bbox 221 4584 1835 4670; baseline 0.002 -19"><span class='ocrx_word' id='word_1_337' title='bbox 221 4596 376 4651; x_wconf 87' lang='lat' dir='ltr'><strong>enim</strong></span> <span class='ocrx_word' id='word_1_338' title='bbox 415 4596 518 4650; x_wconf 88' lang='lat' dir='ltr'><strong>hoc</strong></span> <span class='ocrx_word' id='word_1_339' title='bbox 554 4595 747 4651; x_wconf 82' lang='lat' dir='ltr'><strong>accidit</strong></span> <span class='ocrx_word' id='word_1_340' title='bbox 775 4596 876 4650; x_wconf 89' lang='lat' dir='ltr'><strong>sub</strong></span> <span class='ocrx_word' id='word_1_341' title='bbox 907 4595 1007 4665; x_wconf 91' lang='lat' dir='ltr'><strong>piis</strong></span> <span class='ocrx_word' id='word_1_342' title='bbox 1035 4584 1472 4667; x_wconf 82' lang='lat' dir='ltr'><strong>lmpcratorilius,</strong></span> <span class='ocrx_word' id='word_1_343' title='bbox 1503 4614 1602 4653; x_wconf 89' lang='lat' dir='ltr'><strong>nec</strong></span> <span class='ocrx_word' id='word_1_344' title='bbox 1636 4602 1725 4670; x_wconf 92' lang='lat' dir='ltr'><strong>qui</strong></span> <span class='ocrx_word' id='word_1_345' title='bbox 1747 4601 1835 4655; x_wconf 91' lang='lat' dir='ltr'><strong>di-</strong></span> 
     </span>
    </p>
   </div>
   <div class='ocr_carea' id='block_1_47' title="bbox 222 4684 1833 4756">
    <p class='ocr_par' dir='ltr' id='par_1_47' title="bbox 222 4684 1833 4756">
     <span class='ocr_line' id='line_1_47' title="bbox 222 4684 1833 4756; baseline 0.004 -15"><span class='ocrx_word' id='word_1_346' title='bbox 222 4702 355 4742; x_wconf 83' lang='lat' dir='ltr'><strong>cere</strong></span> <span class='ocrx_word' id='word_1_347' title='bbox 400 4684 625 4756; x_wconf 84' lang='lat' dir='ltr'><strong>possint,</strong></span> <span class='ocrx_word' id='word_1_348' title='bbox 664 4686 1000 4741; x_wconf 81' lang='lat' dir='ltr'><strong>Christianos</strong></span> <span class='ocrx_word' id='word_1_349' title='bbox 1040 4703 1175 4756; x_wconf 90' lang='lat' dir='ltr'><strong>opus</strong></span> <span class='ocrx_word' id='word_1_350' title='bbox 1218 4690 1399 4754; x_wconf 87' lang='lat' dir='ltr'><strong>perlici</strong></span> <span class='ocrx_word' id='word_1_351' title='bbox 1440 4692 1833 4756; x_wconf 88' lang='lat' dir='ltr'><strong>vetuisse;st</strong></span> 
     </span>
    </p>
   </div>
   <div class='ocr_carea' id='block_1_48' title="bbox 222 4778 1835 4847">
    <p class='ocr_par' dir='ltr' id='par_1_48' title="bbox 222 4778 1835 4847">
     <span class='ocr_line' id='line_1_48' title="bbox 222 4778 1835 4847; baseline 0.006 -16"><span class='ocrx_word' id='word_1_352' title='bbox 222 4790 341 4831; x_wconf 89' lang='lat' dir='ltr'><strong>tum</strong></span> <span class='ocrx_word' id='word_1_353' title='bbox 369 4792 493 4831; x_wconf 90' lang='lat' dir='ltr'><strong>cum</strong></span> <span class='ocrx_word' id='word_1_354' title='bbox 523 4793 609 4831; x_wconf 87' lang='lat' dir='ltr'><strong>res</strong></span> <span class='ocrx_word' id='word_1_355' title='bbox 638 4786 836 4832; x_wconf 74' lang='lat' dir='ltr'><strong>nostra:</strong></span> <span class='ocrx_word' id='word_1_356' title='bbox 878 4788 1063 4833; x_wconf 90' lang='lat' dir='ltr'><strong>essent</strong></span> <span class='ocrx_word' id='word_1_357' title='bbox 1107 4778 1340 4847; x_wconf 79' lang='lat' dir='ltr'><strong>amictae,</strong></span> <span class='ocrx_word' id='word_1_358' title='bbox 1383 4796 1504 4835; x_wconf 90' lang='lat' dir='ltr'><strong>cum</strong></span> <span class='ocrx_word' id='word_1_359' title='bbox 1536 4798 1726 4839; x_wconf 81' lang='lat' dir='ltr'><strong>omnes</strong></span> <span class='ocrx_word' id='word_1_360' title='bbox 1767 4787 1835 4841; x_wconf 90' lang='lat' dir='ltr'><strong>de</strong></span> 
     </span>
    </p>
   </div>
   <div class='ocr_carea' id='block_1_49' title="bbox 219 4867 1831 4943">
    <p class='ocr_par' dir='ltr' id='par_1_49' title="bbox 219 4867 1831 4943">
     <span class='ocr_line' id='line_1_49' title="bbox 219 4867 1831 4943; baseline 0.006 -22"><span class='ocrx_word' id='word_1_361' title='bbox 219 4879 332 4922; x_wconf 81' lang='lat' dir='ltr'><strong>vna</strong></span> <span class='ocrx_word' id='word_1_362' title='bbox 356 4867 807 4936; x_wconf 87' lang='lat' dir='ltr'><strong>periclitaremur,</strong></span> <span class='ocrx_word' id='word_1_363' title='bbox 828 4884 951 4923; x_wconf 91' lang='lat' dir='ltr'><strong>cum</strong></span> <span class='ocrx_word' id='word_1_364' title='bbox 972 4871 1148 4924; x_wconf 90' lang='lat' dir='ltr'><strong>omnis</strong></span> <span class='ocrx_word' id='word_1_365' title='bbox 1170 4872 1391 4927; x_wconf 90' lang='lat' dir='ltr'><strong>libertas</strong></span> <span class='ocrx_word' id='word_1_366' title='bbox 1420 4885 1563 4929; x_wconf 90' lang='lat' dir='ltr'><strong>esset</strong></span> <span class='ocrx_word' id='word_1_367' title='bbox 1585 4877 1796 4931; x_wconf 88' lang='lat' dir='ltr'><strong>sublata</strong></span> <span class='ocrx_word' id='word_1_368' title='bbox 1816 4919 1831 4943; x_wconf 94' lang='lat'><strong>,</strong></span> 
     </span>
    </p>
   </div>
   <div class='ocr_carea' id='block_1_50' title="bbox 220 4958 1833 5036">
    <p class='ocr_par' dir='ltr' id='par_1_50' title="bbox 220 4958 1833 5036">
     <span class='ocr_line' id='line_1_50' title="bbox 220 4958 1833 5036; baseline 0.006 -21"><span class='ocrx_word' id='word_1_369' title='bbox 220 4976 349 5015; x_wconf 86' lang='lat' dir='ltr'><strong>cum</strong></span> <span class='ocrx_word' id='word_1_370' title='bbox 378 4958 602 5014; x_wconf 79' lang='lat' dir='ltr'><strong>ﬂoreret</strong></span> <span class='ocrx_word' id='word_1_371' title='bbox 630 4960 1006 5029; x_wconf 82' lang='lat' dir='ltr'><strong>paganismus,</strong></span> <span class='ocrx_word' id='word_1_372' title='bbox 1038 4976 1160 5016; x_wconf 91' lang='lat' dir='ltr'><strong>cum</strong></span> <span class='ocrx_word' id='word_1_373' title='bbox 1191 4963 1377 5019; x_wconf 84' lang='lat' dir='ltr'><strong>fideles</strong></span> <span class='ocrx_word' id='word_1_374' title='bbox 1402 4966 1492 5020; x_wconf 88' lang='lat' dir='ltr'><strong>alii</strong></span> <span class='ocrx_word' id='word_1_375' title='bbox 1530 4968 1745 5036; x_wconf 88' lang='lat' dir='ltr'><strong>quidem</strong></span> <span class='ocrx_word' id='word_1_376' title='bbox 1781 4971 1833 5025; x_wconf 89' lang='lat' dir='ltr'><strong>in</strong></span> 
     </span>
    </p>
   </div>
   <div class='ocr_carea' id='block_1_51' title="bbox 221 5054 1831 5125">
    <p class='ocr_par' dir='ltr' id='par_1_51' title="bbox 221 5054 1831 5125">
     <span class='ocr_line' id='line_1_51' title="bbox 221 5054 1831 5125; baseline 0.006 -16"><span class='ocrx_word' id='word_1_377' title='bbox 221 5055 435 5114; x_wconf 68' lang='lat' dir='ltr'><strong>aedibus</strong></span> <span class='ocrx_word' id='word_1_378' title='bbox 471 5054 582 5109; x_wconf 89' lang='lat' dir='ltr'><strong>suis</strong></span> <span class='ocrx_word' id='word_1_379' title='bbox 622 5055 917 5119; x_wconf 88' lang='lat' dir='ltr'><strong>latitarent,</strong></span> <span class='ocrx_word' id='word_1_380' title='bbox 962 5056 1050 5109; x_wconf 90' lang='lat' dir='ltr'><strong>alii</strong></span> <span class='ocrx_word' id='word_1_381' title='bbox 1084 5072 1212 5111; x_wconf 89' lang='lat' dir='ltr'><strong>vero</strong></span> <span class='ocrx_word' id='word_1_382' title='bbox 1233 5058 1284 5111; x_wconf 92' lang='lat' dir='ltr'><strong>iu</strong></span> <span class='ocrx_word' id='word_1_383' title='bbox 1316 5059 1629 5125; x_wconf 77' lang='lat' dir='ltr'><strong>solitudines</strong></span> <span class='ocrx_word' id='word_1_384' title='bbox 1655 5061 1831 5117; x_wconf 89' lang='lat' dir='ltr'><strong>demi-</strong></span> 
     </span>
    </p>
   </div>
   <div class='ocr_carea' id='block_1_52' title="bbox 219 5146 1850 5220">
    <p class='ocr_par' dir='ltr' id='par_1_52' title="bbox 219 5146 1850 5220">
     <span class='ocr_line' id='line_1_52' title="bbox 219 5146 1850 5220; baseline 0.009 -19"><span class='ocrx_word' id='word_1_385' title='bbox 219 5157 465 5220; x_wconf 84' lang='lat' dir='ltr'><strong>grarent,</strong></span> <span class='ocrx_word' id='word_1_386' title='bbox 514 5146 737 5218; x_wconf 87' lang='lat' dir='ltr'><strong>foraque</strong></span> <span class='ocrx_word' id='word_1_387' title='bbox 767 5148 1032 5219; x_wconf 80' lang='lat' dir='ltr'><strong>fugerent,</strong></span> <span class='ocrx_word' id='word_1_388' title='bbox 1081 5161 1189 5205; x_wconf 90' lang='lat' dir='ltr'><strong>tum</strong></span> <span class='ocrx_word' id='word_1_389' title='bbox 1231 5151 1447 5207; x_wconf 89' lang='lat' dir='ltr'><strong>demum</strong></span> <span class='ocrx_word' id='word_1_390' title='bbox 1477 5154 1589 5210; x_wconf 67' lang='grc' dir='ltr'><strong>Ι]ωο</strong></span> <span class='ocrx_word' id='word_1_391' title='bbox 1617 5158 1850 5215; x_wconf 82' lang='lat' dir='ltr'><strong>accide-.</strong></span> 
     </span>
    </p>
   </div>
   <div class='ocr_carea' id='block_1_53' title="bbox 221 5244 1657 5315">
    <p class='ocr_par' dir='ltr' id='par_1_53' title="bbox 221 5244 1657 5315">
     <span class='ocr_line' id='line_1_53' title="bbox 221 5244 1657 5315; baseline 0.005 -18"><span class='ocrx_word' id='word_1_392' title='bbox 221 5253 371 5305; x_wconf 90' lang='lat' dir='ltr'><strong>runt,</strong></span> <span class='ocrx_word' id='word_1_393' title='bbox 424 5257 492 5295; x_wconf 89' lang='lat' dir='ltr'><strong>ne</strong></span> <span class='ocrx_word' id='word_1_394' title='bbox 520 5258 624 5311; x_wconf 85' lang='lat' dir='ltr'><strong>qua</strong></span> <span class='ocrx_word' id='word_1_395' title='bbox 650 5252 876 5297; x_wconf 89' lang='lat' dir='ltr'><strong>restaret</strong></span> <span class='ocrx_word' id='word_1_396' title='bbox 903 5244 1008 5297; x_wconf 89' lang='lat' dir='ltr'><strong>illis</strong></span> <span class='ocrx_word' id='word_1_397' title='bbox 1038 5244 1383 5315; x_wconf 72' lang='lat' dir='ltr'><strong>impudentia:</strong></span> <span class='ocrx_word' id='word_1_398' title='bbox 1424 5250 1657 5305; x_wconf 87' lang='lat' dir='ltr'><strong>occasio.</strong></span> 
     </span>
    </p>
   </div>
   <div class='ocr_carea' id='block_1_54' title="bbox 296 5333 1831 5415">
    <p class='ocr_par' dir='ltr' id='par_1_54' title="bbox 296 5333 1831 5415">
     <span class='ocr_line' id='line_1_54' title="bbox 296 5333 1831 5415; baseline 0.008 -26"><span class='ocrx_word' id='word_1_399' title='bbox 296 5334 390 5389; x_wconf 73' lang='grc'><strong>12.</strong></span> <span class='ocrx_word' id='word_1_400' title='bbox 421 5333 668 5387; x_wconf 82' lang='lat' dir='ltr'><strong>Etiamne</strong></span> <span class='ocrx_word' id='word_1_401' title='bbox 692 5333 870 5389; x_wconf 91' lang='lat' dir='ltr'><strong>adhuc</strong></span> <span class='ocrx_word' id='word_1_402' title='bbox 895 5334 1129 5401; x_wconf 89' lang='lat' dir='ltr'><strong>dubitas,</strong></span> <span class='ocrx_word' id='word_1_403' title='bbox 1161 5336 1366 5402; x_wconf 72' lang='lat' dir='ltr'><strong>Jndcee,</strong></span> <span class='ocrx_word' id='word_1_404' title='bbox 1389 5341 1510 5393; x_wconf 89' lang='lat' dir='ltr'><strong>cum</strong></span> <span class='ocrx_word' id='word_1_405' title='bbox 1540 5345 1831 5415; x_wconf 87' lang='lat' dir='ltr'><strong>perspicias</strong></span> 
     </span>
    </p>
   </div>
   <div class='ocr_carea' id='block_1_55' title="bbox 221 5426 1832 5501">
    <p class='ocr_par' dir='ltr' id='par_1_55' title="bbox 221 5426 1832 5501">
     <span class='ocr_line' id='line_1_55' title="bbox 221 5426 1832 5501; baseline 0.004 -17"><span class='ocrx_word' id='word_1_406' title='bbox 221 5438 278 5484; x_wconf 84' lang='lat' dir='ltr'><strong>et</strong></span> <span class='ocrx_word' id='word_1_407' title='bbox 308 5444 378 5483; x_wconf 81' lang='lat' dir='ltr'><strong>ex</strong></span> <span class='ocrx_word' id='word_1_408' title='bbox 409 5426 608 5482; x_wconf 83' lang='lat' dir='ltr'><strong>Christi</strong></span> <span class='ocrx_word' id='word_1_409' title='bbox 640 5427 1009 5496; x_wconf 73' lang='lat' dir='ltr'><strong>przedictionc,</strong></span> <span class='ocrx_word' id='word_1_410' title='bbox 1038 5438 1094 5483; x_wconf 88' lang='lat' dir='ltr'><strong>et</strong></span> <span class='ocrx_word' id='word_1_411' title='bbox 1129 5445 1200 5483; x_wconf 84' lang='lat' dir='ltr'><strong>ex</strong></span> <span class='ocrx_word' id='word_1_412' title='bbox 1236 5430 1618 5501; x_wconf 86' lang='lat' dir='ltr'><strong>prephetarum</strong></span> <span class='ocrx_word' id='word_1_413' title='bbox 1647 5437 1832 5492; x_wconf 88' lang='lat' dir='ltr'><strong>vatici-</strong></span> 
     </span>
    </p>
   </div>
   <div class='ocr_carea' id='block_1_56' title="bbox 224 5522 1832 5591">
    <p class='ocr_par' dir='ltr' id='par_1_56' title="bbox 224 5522 1832 5591">
     <span class='ocr_line' id='line_1_56' title="bbox 224 5522 1832 5591; baseline 0.003 -12"><span class='ocrx_word' id='word_1_414' title='bbox 224 5525 355 5589; x_wconf 87' lang='lat' dir='ltr'><strong>niis,</strong></span> <span class='ocrx_word' id='word_1_415' title='bbox 386 5531 444 5578; x_wconf 94' lang='lat' dir='ltr'><strong>et</strong></span> <span class='ocrx_word' id='word_1_416' title='bbox 481 5537 548 5577; x_wconf 80' lang='lat' dir='ltr'><strong>ex</strong></span> <span class='ocrx_word' id='word_1_417' title='bbox 589 5522 825 5591; x_wconf 87' lang='lat' dir='ltr'><strong>ipsarum</strong></span> <span class='ocrx_word' id='word_1_418' title='bbox 864 5537 1045 5577; x_wconf 89' lang='lat' dir='ltr'><strong>rerum</strong></span> <span class='ocrx_word' id='word_1_419' title='bbox 1091 5523 1552 5582; x_wconf 88' lang='lat' dir='ltr'><strong>demonstratione</strong></span> <span class='ocrx_word' id='word_1_420' title='bbox 1592 5530 1832 5584; x_wconf 88' lang='lat' dir='ltr'><strong>testimo-</strong></span> 
     </span>
    </p>
   </div>
   <div class='ocr_carea' id='block_1_57' title="bbox 224 5615 1829 5679">
    <p class='ocr_par' dir='ltr' id='par_1_57' title="bbox 224 5615 1829 5679">
     <span class='ocr_line' id='line_1_57' title="bbox 224 5615 1829 5679; baseline 0.004 -6"><span class='ocrx_word' id='word_1_421' title='bbox 224 5620 374 5674; x_wconf 89' lang='lat' dir='ltr'><strong>nium</strong></span> <span class='ocrx_word' id='word_1_422' title='bbox 401 5625 590 5673; x_wconf 90' lang='lat' dir='ltr'><strong>contra</strong></span> <span class='ocrx_word' id='word_1_423' title='bbox 619 5627 670 5671; x_wconf 90' lang='lat' dir='ltr'><strong>te</strong></span> <span class='ocrx_word' id='word_1_424' title='bbox 696 5615 868 5672; x_wconf 83' lang='lat' dir='ltr'><strong>ferri?</strong></span> <span class='ocrx_word' id='word_1_425' title='bbox 894 5616 1091 5672; x_wconf 81' lang='lat' dir='ltr'><strong>Verum</strong></span> <span class='ocrx_word' id='word_1_426' title='bbox 1122 5618 1254 5671; x_wconf 88' lang='lat' dir='ltr'><strong>nihil</strong></span> <span class='ocrx_word' id='word_1_427' title='bbox 1280 5620 1474 5674; x_wconf 89' lang='lat' dir='ltr'><strong>mirum</strong></span> <span class='ocrx_word' id='word_1_428' title='bbox 1509 5633 1611 5676; x_wconf 73' lang='grc' dir='ltr'><strong>εει.</strong></span> <span class='ocrx_word' id='word_1_429' title='bbox 1643 5624 1829 5679; x_wconf 87' lang='lat' dir='ltr'><strong>istius-</strong></span> 
     </span>
    </p>
   </div>
   <div class='ocr_carea' id='block_1_58' title="bbox 224 5709 1828 5781">
    <p class='ocr_par' dir='ltr' id='par_1_58' title="bbox 224 5709 1828 5781">
     <span class='ocr_line' id='line_1_58' title="bbox 224 5709 1828 5781; baseline 0.002 -15"><span class='ocrx_word' id='word_1_430' title='bbox 224 5711 374 5766; x_wconf 89' lang='lat' dir='ltr'><strong>modi</strong></span> <span class='ocrx_word' id='word_1_431' title='bbox 434 5710 633 5781; x_wconf 89' lang='lat' dir='ltr'><strong>quippe</strong></span> <span class='ocrx_word' id='word_1_432' title='bbox 690 5709 790 5763; x_wconf 90' lang='lat' dir='ltr'><strong>fuit</strong></span> <span class='ocrx_word' id='word_1_433' title='bbox 838 5718 926 5763; x_wconf 90' lang='lat' dir='ltr'><strong>tua</strong></span> <span class='ocrx_word' id='word_1_434' title='bbox 978 5710 1160 5774; x_wconf 82' lang='lat' dir='ltr'><strong>natio,</strong></span> <span class='ocrx_word' id='word_1_435' title='bbox 1203 5711 1271 5765; x_wconf 91' lang='lat' dir='ltr'><strong>ab</strong></span> <span class='ocrx_word' id='word_1_436' title='bbox 1326 5712 1477 5765; x_wconf 89' lang='lat' dir='ltr'><strong>initio</strong></span> <span class='ocrx_word' id='word_1_437' title='bbox 1526 5714 1729 5770; x_wconf 69' lang='lat' dir='ltr'><strong>effrons</strong></span> <span class='ocrx_word' id='word_1_438' title='bbox 1777 5729 1828 5771; x_wconf 89' lang='lat' dir='ltr'><strong>et</strong></span> 
     </span>
    </p>
   </div>
   <div class='ocr_carea' id='block_1_59' title="bbox 291 5803 1828 5873">
    <p class='ocr_par' dir='ltr' id='par_1_59' title="bbox 291 5803 1828 5873">
     <span class='ocr_line' id='line_1_59' title="bbox 291 5803 1828 5873; baseline 0.005 -20"><span class='ocrx_word' id='word_1_439' title='bbox 291 5809 310 5839; x_wconf 84' lang='grc' dir='ltr'>ι</span> <span class='ocrx_word' id='word_1_440' title='bbox 336 5806 421 5873; x_wconf 73' lang='lat' dir='ltr'><strong>ttic</strong></span> <span class='ocrx_word' id='word_1_441' title='bbox 462 5803 889 5873; x_wconf 57' lang='lat' dir='ltr'><strong>qugpdamdesunt</strong></span> <span class='ocrx_word' id='word_1_442' title='bbox 933 5806 983 5853; x_wconf 87' lang='lat' dir='ltr'><strong>in</strong></span> <span class='ocrx_word' id='word_1_443' title='bbox 1018 5813 1122 5873; x_wconf 77' lang='lat' dir='ltr'><strong>Mss.</strong></span> <span class='ocrx_word' id='word_1_444' title='bbox 1149 5806 1361 5873; x_wconf 80' lang='lat' dir='ltr'><strong>aliquot,</strong></span> <span class='ocrx_word' id='word_1_445' title='bbox 1388 5822 1499 5870; x_wconf 73' lang='lat' dir='ltr'><strong>qua:</strong></span> <span class='ocrx_word' id='word_1_446' title='bbox 1523 5809 1756 5873; x_wconf 67' lang='lat' dir='ltr'><strong>leguntur</strong></span> <span class='ocrx_word' id='word_1_447' title='bbox 1780 5812 1828 5860; x_wconf 87' lang='lat' dir='ltr'><strong>in</strong></span> 
     </span>
    </p>
   </div>
   <div class='ocr_carea' id='block_1_60' title="bbox 227 5865 1828 5930">
    <p class='ocr_par' dir='ltr' id='par_1_60' title="bbox 227 5865 1828 5930">
     <span class='ocr_line' id='line_1_60' title="bbox 227 5865 1828 5930; baseline 0.005 -15"><span class='ocrx_word' id='word_1_448' title='bbox 227 5868 415 5925; x_wconf 75' lang='lat' dir='ltr'><strong>norel.,</strong></span> <span class='ocrx_word' id='word_1_449' title='bbox 435 5865 575 5916; x_wconf 76' lang='lat' dir='ltr'><strong>savil.</strong></span> <span class='ocrx_word' id='word_1_450' title='bbox 594 5874 648 5916; x_wconf 91' lang='lat' dir='ltr'><strong>et</strong></span> <span class='ocrx_word' id='word_1_451' title='bbox 664 5865 788 5917; x_wconf 86' lang='lat' dir='ltr'><strong>aliis.</strong></span> <span class='ocrx_word' id='word_1_452' title='bbox 812 5873 1030 5930; x_wconf 83' lang='lat' dir='ltr'><strong>Itemque</strong></span> <span class='ocrx_word' id='word_1_453' title='bbox 1049 5867 1140 5917; x_wconf 89' lang='lat' dir='ltr'><strong>aha</strong></span> <span class='ocrx_word' id='word_1_454' title='bbox 1160 5865 1287 5919; x_wconf 85' lang='lat' dir='ltr'><strong>male</strong></span> <span class='ocrx_word' id='word_1_455' title='bbox 1310 5865 1507 5925; x_wconf 76' lang='lat' dir='ltr'><strong>inserta.</strong></span> <span class='ocrx_word' id='word_1_456' title='bbox 1530 5865 1828 5923; x_wconf 50' lang='lat' dir='ltr'><strong>revelamautu</strong></span> 
     </span>
    </p>
   </div>
   <div class='ocr_carea' id='block_1_61' title="bbox 224 5929 1566 5999">
    <p class='ocr_par' dir='ltr' id='par_1_61' title="bbox 224 5929 1566 5999">
     <span class='ocr_line' id='line_1_61' title="bbox 224 5929 1566 5999; baseline 0.002 -20"><span class='ocrx_word' id='word_1_457' title='bbox 224 5929 388 5980; x_wconf 59' lang='lat' dir='ltr'><strong>Savilii</strong></span> <span class='ocrx_word' id='word_1_458' title='bbox 412 5930 632 5999; x_wconf 76' lang='lat' dir='ltr'><strong>Fditioue</strong></span> <span class='ocrx_word' id='word_1_459' title='bbox 661 5929 983 5992; x_wconf 75' lang='lat' dir='ltr'><strong>omnibusque</strong></span> <span class='ocrx_word' id='word_1_460' title='bbox 1017 5937 1145 5990; x_wconf 78' lang='lat' dir='ltr'><strong>ttss.,</strong></span> <span class='ocrx_word' id='word_1_461' title='bbox 1170 5939 1414 5993; x_wconf 80' lang='lat' dir='ltr'><strong>expuucta</strong></span> <span class='ocrx_word' id='word_1_462' title='bbox 1436 5942 1566 5984; x_wconf 85' lang='lat' dir='ltr'><strong>sunt.</strong></span> 
     </span>
    </p>
   </div>
   <div class='ocr_carea' id='block_1_62' title="bbox 1515 402 2329 502">
    <p class='ocr_par' dir='ltr' id='par_1_62' title="bbox 1515 402 2329 502">
     <span class='ocr_line' id='line_1_62' title="bbox 1515 402 2329 502; baseline -0.004 -5"><span class='ocrx_word' id='word_1_463' title='bbox 1515 443 1879 501; x_wconf 75' lang='lat' dir='ltr'><strong>ADVERSUS</strong></span> <span class='ocrx_word' id='word_1_464' title='bbox 1916 402 2222 502; x_wconf 49' lang='lat' dir='ltr'><strong>iussos.</strong></span> <span class='ocrx_word' id='word_1_465' title='bbox 2268 442 2329 495; x_wconf 88' lang='lat' dir='ltr'><strong>v.</strong></span> 
     </span>
    </p>
   </div>
   <div class='ocr_carea' id='block_1_63' title="bbox 3474 442 3590 496">
    <p class='ocr_par' dir='ltr' id='par_1_63' title="bbox 3474 442 3590 496">
     <span class='ocr_line' id='line_1_63' title="bbox 3474 442 3590 496; baseline 0.009 -1"><span class='ocrx_word' id='word_1_466' title='bbox 3474 442 3590 496; x_wconf 59' lang='grc' dir='ltr'><strong>θυι.</strong></span> 
     </span>
    </p>
   </div>
   <div class='ocr_carea' id='block_1_64' title="bbox 1976 544 3579 627">
    <p class='ocr_par' dir='ltr' id='par_1_64' title="bbox 1976 544 3579 627">
     <span class='ocr_line' id='line_1_64' title="bbox 1976 544 3579 627; baseline 0.004 -19"><span class='ocrx_word' id='word_1_467' title='bbox 1976 558 2263 626; x_wconf 78' lang='lat' dir='ltr'><strong>pervicax,</strong></span> <span class='ocrx_word' id='word_1_468' title='bbox 2308 566 2629 623; x_wconf 64' lang='lat' dir='ltr'><strong>sempr-ique</strong></span> <span class='ocrx_word' id='word_1_469' title='bbox 2678 554 2838 607; x_wconf 84' lang='lat' dir='ltr'><strong>rebus</strong></span> <span class='ocrx_word' id='word_1_470' title='bbox 2896 555 3240 611; x_wconf 82' lang='lat' dir='ltr'><strong>evidentibus</strong></span> <span class='ocrx_word' id='word_1_471' title='bbox 3274 544 3579 627; x_wconf 81' lang='lat' dir='ltr'><strong>repugnare</strong></span> 
     </span>
    </p>
   </div>
   <div class='ocr_carea' id='block_1_65' title="bbox 1969 644 3580 719">
    <p class='ocr_par' dir='ltr' id='par_1_65' title="bbox 1969 644 3580 719">
     <span class='ocr_line' id='line_1_65' title="bbox 1969 644 3580 719; baseline 0.003 -18"><span class='ocrx_word' id='word_1_472' title='bbox 1969 648 2147 702; x_wconf 89' lang='lat' dir='ltr'><strong>solita.</strong></span> <span class='ocrx_word' id='word_1_473' title='bbox 2182 648 2272 701; x_wconf 73' lang='lat' dir='ltr'><strong>Vis</strong></span> <span class='ocrx_word' id='word_1_474' title='bbox 2296 657 2349 701; x_wconf 91' lang='lat' dir='ltr'><strong>ut</strong></span> <span class='ocrx_word' id='word_1_475' title='bbox 2372 655 2427 701; x_wconf 90' lang='lat' dir='ltr'><strong>et</strong></span> <span class='ocrx_word' id='word_1_476' title='bbox 2452 647 2590 700; x_wconf 83' lang='lat' dir='ltr'><strong>alios</strong></span> <span class='ocrx_word' id='word_1_477' title='bbox 2619 644 2911 716; x_wconf 85' lang='lat' dir='ltr'><strong>prophetas</strong></span> <span class='ocrx_word' id='word_1_478' title='bbox 2938 647 2989 701; x_wconf 91' lang='lat' dir='ltr'><strong>in</strong></span> <span class='ocrx_word' id='word_1_479' title='bbox 3020 656 3072 702; x_wconf 92' lang='lat' dir='ltr'><strong>te</strong></span> <span class='ocrx_word' id='word_1_480' title='bbox 3100 662 3329 713; x_wconf 89' lang='lat' dir='ltr'><strong>armem,</strong></span> <span class='ocrx_word' id='word_1_481' title='bbox 3357 650 3447 719; x_wconf 87' lang='lat' dir='ltr'><strong>qui</strong></span> <span class='ocrx_word' id='word_1_482' title='bbox 3474 650 3580 706; x_wconf 84' lang='lat' dir='ltr'><strong>hoc</strong></span> 
     </span>
    </p>
   </div>
   <div class='ocr_carea' id='block_1_66' title="bbox 1968 737 3579 806">
    <p class='ocr_par' dir='ltr' id='par_1_66' title="bbox 1968 737 3579 806">
     <span class='ocr_line' id='line_1_66' title="bbox 1968 737 3579 806; baseline 0.002 -15"><span class='ocrx_word' id='word_1_483' title='bbox 1968 738 2143 806; x_wconf 90' lang='lat' dir='ltr'><strong>ipsum</strong></span> <span class='ocrx_word' id='word_1_484' title='bbox 2171 747 2355 805; x_wconf 77' lang='lat' dir='ltr'><strong>aperte</strong></span> <span class='ocrx_word' id='word_1_485' title='bbox 2379 737 2584 800; x_wconf 89' lang='lat' dir='ltr'><strong>dicunt,</strong></span> <span class='ocrx_word' id='word_1_486' title='bbox 2609 738 2844 791; x_wconf 90' lang='lat' dir='ltr'><strong>futurum</strong></span> <span class='ocrx_word' id='word_1_487' title='bbox 2866 748 2925 792; x_wconf 91' lang='lat' dir='ltr'><strong>ut</strong></span> <span class='ocrx_word' id='word_1_488' title='bbox 2949 747 3125 793; x_wconf 88' lang='lat' dir='ltr'><strong>vestra</strong></span> <span class='ocrx_word' id='word_1_489' title='bbox 3155 739 3314 794; x_wconf 86' lang='lat' dir='ltr'><strong>tinem</strong></span> <span class='ocrx_word' id='word_1_490' title='bbox 3343 741 3579 796; x_wconf 87' lang='lat' dir='ltr'><strong>sortian-</strong></span> 
     </span>
    </p>
   </div>
   <div class='ocr_carea' id='block_1_67' title="bbox 1971 827 3675 907">
    <p class='ocr_par' dir='ltr' id='par_1_67' title="bbox 1971 827 3675 907">
     <span class='ocr_line' id='line_1_67' title="bbox 1971 827 3675 907; baseline 0.003 -23"><span class='ocrx_word' id='word_1_491' title='bbox 1971 839 2079 897; x_wconf 89' lang='lat' dir='ltr'><strong>tur,</strong></span> <span class='ocrx_word' id='word_1_492' title='bbox 2112 839 2295 905; x_wconf 87' lang='lat' dir='ltr'><strong>nostra</strong></span> <span class='ocrx_word' id='word_1_493' title='bbox 2317 838 2505 883; x_wconf 89' lang='lat' dir='ltr'><strong>contra</strong></span> <span class='ocrx_word' id='word_1_494' title='bbox 2519 827 2866 907; x_wconf 79' lang='lat' dir='ltr'><strong>elllorescant</strong></span> <span class='ocrx_word' id='word_1_495' title='bbox 2885 849 2899 898; x_wconf 91' lang='lat'><strong>;</strong></span> <span class='ocrx_word' id='word_1_496' title='bbox 2918 838 3136 899; x_wconf 86' lang='lat' dir='ltr'><strong>totoque</strong></span> <span class='ocrx_word' id='word_1_497' title='bbox 3159 840 3421 887; x_wconf 88' lang='lat' dir='ltr'><strong>terrarum</strong></span> <span class='ocrx_word' id='word_1_498' title='bbox 3447 834 3581 889; x_wconf 89' lang='lat' dir='ltr'><strong>orbe</strong></span> <span class='ocrx_word' id='word_1_499' title='bbox 3670 872 3675 879; x_wconf 60' lang='grc' dir='ltr'><strong><em>ι</em></strong></span> 
     </span>
    </p>
   </div>
   <div class='ocr_carea' id='block_1_68' title="bbox 1971 921 3580 993">
    <p class='ocr_par' dir='ltr' id='par_1_68' title="bbox 1971 921 3580 993">
     <span class='ocr_line' id='line_1_68' title="bbox 1971 921 3580 993; baseline 0.001 -16"><span class='ocrx_word' id='word_1_500' title='bbox 1971 922 2503 993; x_wconf 83' lang='lat' dir='ltr'><strong>prepageturChristi</strong></span> <span class='ocrx_word' id='word_1_501' title='bbox 2539 922 2886 991; x_wconf 69' lang='lat' dir='ltr'><strong>praeconium,</strong></span> <span class='ocrx_word' id='word_1_502' title='bbox 2907 921 3161 990; x_wconf 88' lang='lat' dir='ltr'><strong>aliudque</strong></span> <span class='ocrx_word' id='word_1_503' title='bbox 3188 923 3580 979; x_wconf 88' lang='lat' dir='ltr'><strong>sacriﬁciorum</strong></span> 
     </span>
    </p>
   </div>
   <div class='ocr_carea' id='block_1_69' title="bbox 1967 1014 3583 1089">
    <p class='ocr_par' dir='ltr' id='par_1_69' title="bbox 1967 1014 3583 1089">
     <span class='ocr_line' id='line_1_69' title="bbox 1967 1014 3583 1089; baseline 0.002 -21"><span class='ocrx_word' id='word_1_504' title='bbox 1967 1014 2139 1085; x_wconf 82' lang='lat' dir='ltr'><strong>genus</strong></span> <span class='ocrx_word' id='word_1_505' title='bbox 2168 1014 2469 1077; x_wconf 85' lang='lat' dir='ltr'><strong>inducatur,</strong></span> <span class='ocrx_word' id='word_1_506' title='bbox 2501 1014 2565 1068; x_wconf 88' lang='lat' dir='ltr'><strong>iis</strong></span> <span class='ocrx_word' id='word_1_507' title='bbox 2590 1028 2709 1084; x_wconf 79' lang='lat' dir='ltr'><strong>quae</strong></span> <span class='ocrx_word' id='word_1_508' title='bbox 2739 1014 2879 1085; x_wconf 89' lang='lat' dir='ltr'><strong>apud</strong></span> <span class='ocrx_word' id='word_1_509' title='bbox 2911 1030 3005 1068; x_wconf 87' lang='lat' dir='ltr'><strong>vos</strong></span> <span class='ocrx_word' id='word_1_510' title='bbox 3029 1014 3243 1080; x_wconf 79' lang='lat' dir='ltr'><strong>fuerunt</strong></span> <span class='ocrx_word' id='word_1_511' title='bbox 3267 1017 3583 1089; x_wconf 79' lang='lat' dir='ltr'><strong>abrogatis?</strong></span> 
     </span>
    </p>
   </div>
   <div class='ocr_carea' id='block_1_70' title="bbox 1970 1106 3584 1187">
    <p class='ocr_par' dir='ltr' id='par_1_70' title="bbox 1970 1106 3584 1187">
     <span class='ocr_line' id='line_1_70' title="bbox 1970 1106 3584 1187; baseline 0.004 -28"><span class='ocrx_word' id='word_1_512' title='bbox 1970 1108 2105 1160; x_wconf 86' lang='lat' dir='ltr'><strong>Audi</strong></span> <span class='ocrx_word' id='word_1_513' title='bbox 2136 1109 2296 1176; x_wconf 79' lang='lat' dir='ltr'><strong>igitur</strong></span> <span class='ocrx_word' id='word_1_514' title='bbox 2321 1106 2660 1171; x_wconf 80' lang='lat' dir='ltr'><strong>Malachiam,</strong></span> <span class='ocrx_word' id='word_1_515' title='bbox 2691 1107 2779 1175; x_wconf 91' lang='lat' dir='ltr'><strong>qui</strong></span> <span class='ocrx_word' id='word_1_516' title='bbox 2812 1107 3025 1161; x_wconf 72' lang='lat' dir='ltr'><strong>cmtcris</strong></span> <span class='ocrx_word' id='word_1_517' title='bbox 3056 1108 3331 1187; x_wconf 83' lang='lat' dir='ltr'><strong>prophetis</strong></span> <span class='ocrx_word' id='word_1_518' title='bbox 3353 1109 3455 1165; x_wconf 89' lang='lat' dir='ltr'><strong>fuit</strong></span> <span class='ocrx_word' id='word_1_519' title='bbox 3489 1125 3584 1181; x_wconf 92' lang='lat' dir='ltr'><strong>po-</strong></span> 
     </span>
    </p>
   </div>
   <div class='ocr_carea' id='block_1_71' title="bbox 1898 1196 3582 1270">
    <p class='ocr_par' dir='ltr' id='par_1_71' title="bbox 1898 1196 3582 1270">
     <span class='ocr_line' id='line_1_71' title="bbox 1898 1196 3582 1270; baseline 0.002 -18"><span class='ocrx_word' id='word_1_520' title='bbox 1898 1200 1901 1203; x_wconf 49' lang='grc'>⁴</span> <span class='ocrx_word' id='word_1_521' title='bbox 1967 1199 2162 1257; x_wconf 83' lang='lat' dir='ltr'><strong>sterior</strong></span> <span class='ocrx_word' id='word_1_522' title='bbox 2189 1214 2205 1252; x_wconf 90' lang='lat'><strong>:</strong></span> <span class='ocrx_word' id='word_1_523' title='bbox 2237 1198 2474 1252; x_wconf 88' lang='lat' dir='ltr'><strong>nondum</strong></span> <span class='ocrx_word' id='word_1_524' title='bbox 2515 1197 2658 1251; x_wconf 90' lang='lat' dir='ltr'><strong>enim</strong></span> <span class='ocrx_word' id='word_1_525' title='bbox 2709 1196 2858 1252; x_wconf 79' lang='lat' dir='ltr'><strong>lsaiae</strong></span> <span class='ocrx_word' id='word_1_526' title='bbox 2904 1209 2996 1252; x_wconf 89' lang='lat' dir='ltr'><strong>aut</strong></span> <span class='ocrx_word' id='word_1_527' title='bbox 3035 1197 3288 1254; x_wconf 72' lang='lat' dir='ltr'><strong>Jeremize</strong></span> <span class='ocrx_word' id='word_1_528' title='bbox 3339 1200 3582 1270; x_wconf 74' lang='lat' dir='ltr'><strong>produco</strong></span> 
     </span>
    </p>
   </div>
   <div class='ocr_carea' id='block_1_72' title="bbox 1970 1291 3580 1362">
    <p class='ocr_par' dir='ltr' id='par_1_72' title="bbox 1970 1291 3580 1362">
     <span class='ocr_line' id='line_1_72' title="bbox 1970 1291 3580 1362; baseline 0.002 -18"><span class='ocrx_word' id='word_1_529' title='bbox 1970 1292 2337 1346; x_wconf 88' lang='lat' dir='ltr'><strong>testimonium</strong></span> <span class='ocrx_word' id='word_1_530' title='bbox 2364 1334 2377 1355; x_wconf 89' lang='lat'><strong>,</strong></span> <span class='ocrx_word' id='word_1_531' title='bbox 2415 1306 2591 1361; x_wconf 88' lang='lat' dir='ltr'><strong>neque</strong></span> <span class='ocrx_word' id='word_1_532' title='bbox 2617 1291 2931 1361; x_wconf 86' lang='lat' dir='ltr'><strong>cujusquam</strong></span> <span class='ocrx_word' id='word_1_533' title='bbox 2973 1291 3198 1345; x_wconf 89' lang='lat' dir='ltr'><strong>aliorum</strong></span> <span class='ocrx_word' id='word_1_534' title='bbox 3230 1293 3318 1362; x_wconf 86' lang='lat' dir='ltr'><strong>qui</strong></span> <span class='ocrx_word' id='word_1_535' title='bbox 3349 1308 3580 1362; x_wconf 58' lang='lat' dir='ltr'><strong>pra&#39;ceso</strong></span> 
     </span>
    </p>
   </div>
   <div class='ocr_carea' id='block_1_73' title="bbox 1966 1382 3579 1452">
    <p class='ocr_par' dir='ltr' id='par_1_73' title="bbox 1966 1382 3579 1452">
     <span class='ocr_line' id='line_1_73' title="bbox 1966 1382 3579 1452; baseline 0.002 -17"><span class='ocrx_word' id='word_1_536' title='bbox 1966 1391 2157 1435; x_wconf 91' lang='lat' dir='ltr'><strong>serunt</strong></span> <span class='ocrx_word' id='word_1_537' title='bbox 2211 1382 2536 1452; x_wconf 84' lang='lat' dir='ltr'><strong>captivitatis</strong></span> <span class='ocrx_word' id='word_1_538' title='bbox 2585 1390 2832 1451; x_wconf 88' lang='lat' dir='ltr'><strong>tempus,</strong></span> <span class='ocrx_word' id='word_1_539' title='bbox 2888 1398 2957 1441; x_wconf 87' lang='lat' dir='ltr'><strong>ne</strong></span> <span class='ocrx_word' id='word_1_540' title='bbox 3000 1382 3181 1437; x_wconf 87' lang='lat' dir='ltr'><strong>dicere</strong></span> <span class='ocrx_word' id='word_1_541' title='bbox 3234 1385 3407 1451; x_wconf 79' lang='lat' dir='ltr'><strong>possis</strong></span> <span class='ocrx_word' id='word_1_542' title='bbox 3460 1387 3579 1440; x_wconf 72' lang='lat' dir='ltr'><strong>iure</strong></span> 
     </span>
    </p>
   </div>
   <div class='ocr_carea' id='block_1_74' title="bbox 1968 1472 3577 1544">
    <p class='ocr_par' dir='ltr' id='par_1_74' title="bbox 1968 1472 3577 1544">
     <span class='ocr_line' id='line_1_74' title="bbox 1968 1472 3577 1544; baseline 0.003 -20"><span class='ocrx_word' id='word_1_543' title='bbox 1968 1472 2129 1541; x_wconf 86' lang='lat' dir='ltr'><strong>mala,</strong></span> <span class='ocrx_word' id='word_1_544' title='bbox 2162 1487 2282 1542; x_wconf 78' lang='lat' dir='ltr'><strong>qua:</strong></span> <span class='ocrx_word' id='word_1_545' title='bbox 2311 1472 2701 1543; x_wconf 60' lang='lat' dir='ltr'><strong>pratdixerunt,</strong></span> <span class='ocrx_word' id='word_1_546' title='bbox 2726 1472 2988 1527; x_wconf 88' lang='lat' dir='ltr'><strong>accidisse</strong></span> <span class='ocrx_word' id='word_1_547' title='bbox 3020 1474 3070 1526; x_wconf 90' lang='lat' dir='ltr'><strong>in</strong></span> <span class='ocrx_word' id='word_1_548' title='bbox 3098 1475 3405 1544; x_wconf 83' lang='lat' dir='ltr'><strong>captivitate</strong></span> <span class='ocrx_word' id='word_1_549' title='bbox 3435 1493 3448 1529; x_wconf 90' lang='lat'>:</span> <span class='ocrx_word' id='word_1_550' title='bbox 3480 1477 3577 1531; x_wconf 88' lang='lat' dir='ltr'><strong>sed</strong></span> 
     </span>
    </p>
   </div>
   <div class='ocr_carea' id='block_1_75' title="bbox 1965 1563 3573 1639">
    <p class='ocr_par' dir='ltr' id='par_1_75' title="bbox 1965 1563 3573 1639">
     <span class='ocr_line' id='line_1_75' title="bbox 1965 1563 3573 1639; baseline 0.006 -25"><span class='ocrx_word' id='word_1_551' title='bbox 1965 1563 2174 1618; x_wconf 90' lang='lat' dir='ltr'><strong>adduco</strong></span> <span class='ocrx_word' id='word_1_552' title='bbox 2205 1564 2546 1634; x_wconf 78' lang='lat' dir='ltr'><strong>prophetam,</strong></span> <span class='ocrx_word' id='word_1_553' title='bbox 2575 1566 2663 1635; x_wconf 91' lang='lat' dir='ltr'><strong>qui</strong></span> <span class='ocrx_word' id='word_1_554' title='bbox 2683 1564 2780 1618; x_wconf 90' lang='lat' dir='ltr'><strong>fuit</strong></span> <span class='ocrx_word' id='word_1_555' title='bbox 2802 1575 2922 1634; x_wconf 88' lang='lat' dir='ltr'><strong>post</strong></span> <span class='ocrx_word' id='word_1_556' title='bbox 2942 1566 3172 1620; x_wconf 85' lang='lat' dir='ltr'><strong>reditum</strong></span> <span class='ocrx_word' id='word_1_557' title='bbox 3194 1583 3256 1622; x_wconf 80' lang='lat' dir='ltr'><strong>ex</strong></span> <span class='ocrx_word' id='word_1_558' title='bbox 3278 1567 3573 1639; x_wconf 86' lang='lat' dir='ltr'><strong>Babylone,</strong></span> 
     </span>
    </p>
   </div>
   <div class='ocr_carea' id='block_1_76' title="bbox 1964 1655 3575 1727">
    <p class='ocr_par' dir='ltr' id='par_1_76' title="bbox 1964 1655 3575 1727">
     <span class='ocr_line' id='line_1_76' title="bbox 1964 1655 3575 1727; baseline 0.004 -20"><span class='ocrx_word' id='word_1_559' title='bbox 1964 1668 2028 1707; x_wconf 92' lang='lat' dir='ltr'><strong>ac</strong></span> <span class='ocrx_word' id='word_1_560' title='bbox 2056 1663 2175 1723; x_wconf 87' lang='lat' dir='ltr'><strong>post</strong></span> <span class='ocrx_word' id='word_1_561' title='bbox 2202 1655 2435 1709; x_wconf 87' lang='lat' dir='ltr'><strong>civitatis</strong></span> <span class='ocrx_word' id='word_1_562' title='bbox 2466 1656 2931 1721; x_wconf 85' lang='lat' dir='ltr'><strong>instaurationem,</strong></span> <span class='ocrx_word' id='word_1_563' title='bbox 2977 1658 3149 1727; x_wconf 86' lang='lat' dir='ltr'><strong>deque</strong></span> <span class='ocrx_word' id='word_1_564' title='bbox 3178 1660 3340 1713; x_wconf 86' lang='lat' dir='ltr'><strong>rebus</strong></span> <span class='ocrx_word' id='word_1_565' title='bbox 3381 1659 3575 1714; x_wconf 85' lang='lat' dir='ltr'><strong>vestris</strong></span> 
     </span>
    </p>
   </div>
   <div class='ocr_carea' id='block_1_77' title="bbox 1964 1745 2635 1813">
    <p class='ocr_par' dir='ltr' id='par_1_77' title="bbox 1964 1745 2635 1813">
     <span class='ocr_line' id='line_1_77' title="bbox 1964 1745 2635 1813; baseline 0.007 -17"><span class='ocrx_word' id='word_1_566' title='bbox 1964 1753 2148 1813; x_wconf 85' lang='lat' dir='ltr'><strong>aperte</strong></span> <span class='ocrx_word' id='word_1_567' title='bbox 2188 1745 2509 1800; x_wconf 86' lang='lat' dir='ltr'><strong>vaticinatus</strong></span> <span class='ocrx_word' id='word_1_568' title='bbox 2532 1757 2635 1801; x_wconf 86' lang='lat' dir='ltr'><strong>est.</strong></span> 
     </span>
    </p>
   </div>
   <div class='ocr_carea' id='block_1_78' title="bbox 2037 1835 3572 1908">
    <p class='ocr_par' dir='ltr' id='par_1_78' title="bbox 2037 1835 3572 1908">
     <span class='ocr_line' id='line_1_78' title="bbox 2037 1835 3572 1908; baseline 0.005 -19"><span class='ocrx_word' id='word_1_569' title='bbox 2037 1835 2165 1890; x_wconf 80' lang='lat' dir='ltr'><strong>POst</strong></span> <span class='ocrx_word' id='word_1_570' title='bbox 2205 1839 2551 1907; x_wconf 84' lang='lat' dir='ltr'><strong>captivitatem</strong></span> <span class='ocrx_word' id='word_1_571' title='bbox 2570 1836 2940 1908; x_wconf 82' lang='lat' dir='ltr'><strong>Babylonicum</strong></span> <span class='ocrx_word' id='word_1_572' title='bbox 2992 1839 3280 1896; x_wconf 74' lang='lat' dir='ltr'><strong>Malae/tias</strong></span> <span class='ocrx_word' id='word_1_573' title='bbox 3318 1840 3572 1897; x_wconf 83' lang='lat' dir='ltr'><strong>Christia-</strong></span> 
     </span>
    </p>
   </div>
   <div class='ocr_carea' id='block_1_79' title="bbox 1964 1920 3574 2003">
    <p class='ocr_par' dir='ltr' id='par_1_79' title="bbox 1964 1920 3574 2003">
     <span class='ocr_line' id='line_1_79' title="bbox 1964 1920 3574 2003; baseline 0.006 -22"><span class='ocrx_word' id='word_1_574' title='bbox 1964 1945 2085 1981; x_wconf 85' lang='lat' dir='ltr'><strong>num</strong></span> <span class='ocrx_word' id='word_1_575' title='bbox 2114 1930 2308 1982; x_wconf 83' lang='lat' dir='ltr'><strong>cultum</strong></span> <span class='ocrx_word' id='word_1_576' title='bbox 2350 1930 2699 1999; x_wconf 72' lang='lat' dir='ltr'><strong>prwdixit.—-</strong></span> <span class='ocrx_word' id='word_1_577' title='bbox 2722 1931 2930 1985; x_wconf 87' lang='lat' dir='ltr'><strong>Etenim</strong></span> <span class='ocrx_word' id='word_1_578' title='bbox 2968 1920 3248 2003; x_wconf 84' lang='lat' dir='ltr'><strong>postquam</strong></span> <span class='ocrx_word' id='word_1_579' title='bbox 3287 1935 3574 1990; x_wconf 82' lang='lat' dir='ltr'><strong>rediissem</strong></span> 
     </span>
    </p>
   </div>
   <div class='ocr_carea' id='block_1_80' title="bbox 1962 2022 3569 2092">
    <p class='ocr_par' dir='ltr' id='par_1_80' title="bbox 1962 2022 3569 2092">
     <span class='ocr_line' id='line_1_80' title="bbox 1962 2022 3569 2092; baseline 0.005 -18"><span class='ocrx_word' id='word_1_580' title='bbox 1962 2022 2304 2091; x_wconf 47' lang='lat' dir='ltr'><strong>aco-estituta</strong></span> <span class='ocrx_word' id='word_1_581' title='bbox 2334 2022 2553 2077; x_wconf 88' lang='lat' dir='ltr'><strong>civitate</strong></span> <span class='ocrx_word' id='word_1_582' title='bbox 2600 2023 2859 2092; x_wconf 90' lang='lat' dir='ltr'><strong>templum</strong></span> <span class='ocrx_word' id='word_1_583' title='bbox 2906 2026 3328 2091; x_wconf 83' lang='lat' dir='ltr'><strong>exstruxissent,</strong></span> <span class='ocrx_word' id='word_1_584' title='bbox 3360 2028 3569 2082; x_wconf 85' lang='lat' dir='ltr'><strong>sacriﬁ-</strong></span> 
     </span>
    </p>
   </div>
   <div class='ocr_carea' id='block_1_81' title="bbox 1963 2110 3569 2185">
    <p class='ocr_par' dir='ltr' id='par_1_81' title="bbox 1963 2110 3569 2185">
     <span class='ocr_line' id='line_1_81' title="bbox 1963 2110 3569 2185; baseline 0.006 -21"><span class='ocrx_word' id='word_1_585' title='bbox 1963 2114 2153 2181; x_wconf 81' lang='lat' dir='ltr'><strong>ciaque</strong></span> <span class='ocrx_word' id='word_1_586' title='bbox 2204 2114 2542 2184; x_wconf 84' lang='lat' dir='ltr'><strong>peregissent</strong></span> <span class='ocrx_word' id='word_1_587' title='bbox 2584 2132 2597 2169; x_wconf 92' lang='lat'><strong>:</strong></span> <span class='ocrx_word' id='word_1_588' title='bbox 2642 2116 2779 2169; x_wconf 90' lang='lat' dir='ltr'><strong>hanc</strong></span> <span class='ocrx_word' id='word_1_589' title='bbox 2816 2128 3143 2185; x_wconf 69' lang='lat' dir='ltr'><strong>prtesentem</strong></span> <span class='ocrx_word' id='word_1_590' title='bbox 3176 2110 3569 2176; x_wconf 87' lang='lat' dir='ltr'><strong>desolationem</strong></span> 
     </span>
    </p>
   </div>
   <div class='ocr_carea' id='block_1_82' title="bbox 1963 2204 3566 2276">
    <p class='ocr_par' dir='ltr' id='par_1_82' title="bbox 1963 2204 3566 2276">
     <span class='ocr_line' id='line_1_82' title="bbox 1963 2204 3566 2276; baseline 0.008 -20"><span class='ocrx_word' id='word_1_591' title='bbox 1963 2204 2298 2272; x_wconf 84' lang='lat' dir='ltr'><strong>praedicens,</strong></span> <span class='ocrx_word' id='word_1_592' title='bbox 2334 2206 2675 2276; x_wconf 87' lang='lat' dir='ltr'><strong>futuramque</strong></span> <span class='ocrx_word' id='word_1_593' title='bbox 2731 2208 3116 2263; x_wconf 89' lang='lat' dir='ltr'><strong>sacriﬁciorum</strong></span> <span class='ocrx_word' id='word_1_594' title='bbox 3174 2210 3566 2276; x_wconf 86' lang='lat' dir='ltr'><strong>sublationem,</strong></span> 
     </span>
    </p>
   </div>
   <div class='ocr_carea' id='block_1_83' title="bbox 1962 2285 3568 2369">
    <p class='ocr_par' dir='ltr' id='par_1_83' title="bbox 1962 2285 3568 2369">
     <span class='ocr_line' id='line_1_83' title="bbox 1962 2285 3568 2369; baseline 0.008 -22"><span class='ocrx_word' id='word_1_595' title='bbox 1962 2294 2067 2357; x_wconf 86' lang='lat' dir='ltr'><strong>hoc</strong></span> <span class='ocrx_word' id='word_1_596' title='bbox 2093 2306 2248 2365; x_wconf 88' lang='lat' dir='ltr'><strong>pacto</strong></span> <span class='ocrx_word' id='word_1_597' title='bbox 2269 2313 2334 2351; x_wconf 83' lang='lat' dir='ltr'><strong>ex</strong></span> <span class='ocrx_word' id='word_1_598' title='bbox 2360 2312 2587 2366; x_wconf 86' lang='lat' dir='ltr'><strong>persona</strong></span> <span class='ocrx_word' id='word_1_599' title='bbox 2617 2298 2712 2353; x_wconf 91' lang='lat' dir='ltr'><strong>Dei</strong></span> <span class='ocrx_word' id='word_1_600' title='bbox 2749 2285 2982 2369; x_wconf 87' lang='lat' dir='ltr'><strong>loquitur</strong></span> <span class='ocrx_word' id='word_1_601' title='bbox 3012 2301 3303 2357; x_wconf 80' lang='lat' dir='ltr'><strong>Malacliias</strong></span> <span class='ocrx_word' id='word_1_602' title='bbox 3330 2324 3343 2358; x_wconf 93' lang='lat'><strong>:</strong></span> <span class='ocrx_word' id='word_1_603' title='bbox 3373 2304 3438 2360; x_wconf 86' lang='lat' dir='ltr'><strong>Si</strong></span> <span class='ocrx_word' id='word_1_604' title='bbox 3479 2322 3568 2359; x_wconf 87' lang='lat' dir='ltr'><strong>ac-</strong></span> 
     </span>
    </p>
   </div>
   <div class='ocr_carea' id='block_1_84' title="bbox 1960 2387 3571 2471">
    <p class='ocr_par' dir='ltr' id='par_1_84' title="bbox 1960 2387 3571 2471">
     <span class='ocr_line' id='line_1_84' title="bbox 1960 2387 3571 2471; baseline 0.007 -30"><span class='ocrx_word' id='word_1_605' title='bbox 1960 2387 2149 2471; x_wconf 78' lang='lat' dir='ltr'><strong>cipiam</strong></span> <span class='ocrx_word' id='word_1_606' title='bbox 2172 2388 2329 2457; x_wconf 76' lang='lat' dir='ltr'><strong>facies</strong></span> <span class='ocrx_word' id='word_1_607' title='bbox 2354 2400 2544 2443; x_wconf 81' lang='lat' dir='ltr'><strong>vestras</strong></span> <span class='ocrx_word' id='word_1_608' title='bbox 2563 2432 2578 2456; x_wconf 92' lang='lat'><strong>,</strong></span> <span class='ocrx_word' id='word_1_609' title='bbox 2611 2390 2734 2442; x_wconf 83' lang='lat' dir='ltr'><strong>dicit</strong></span> <span class='ocrx_word' id='word_1_610' title='bbox 2780 2389 3032 2446; x_wconf 77' lang='lat' dir='ltr'><strong>Dominus</strong></span> <span class='ocrx_word' id='word_1_611' title='bbox 3071 2395 3390 2464; x_wconf 84' lang='lat' dir='ltr'><strong>omnipotens</strong></span> <span class='ocrx_word' id='word_1_612' title='bbox 3409 2437 3425 2463; x_wconf 92' lang='lat'><strong>,</strong></span> <span class='ocrx_word' id='word_1_613' title='bbox 3445 2412 3571 2467; x_wconf 62' lang='lat' dir='ltr'><strong>queo</strong></span> 
     </span>
    </p>
   </div>
   <div class='ocr_carea' id='block_1_85' title="bbox 1961 2478 3570 2548">
    <p class='ocr_par' dir='ltr' id='par_1_85' title="bbox 1961 2478 3570 2548">
     <span class='ocr_line' id='line_1_85' title="bbox 1961 2478 3570 2548; baseline 0.008 -18"><span class='ocrx_word' id='word_1_614' title='bbox 1961 2478 2098 2531; x_wconf 85' lang='lat' dir='ltr'><strong>niam</strong></span> <span class='ocrx_word' id='word_1_615' title='bbox 2144 2479 2207 2531; x_wconf 85' lang='lat' dir='ltr'><strong>ab</strong></span> <span class='ocrx_word' id='word_1_616' title='bbox 2246 2491 2362 2532; x_wconf 82' lang='lat' dir='ltr'><strong>ortu</strong></span> <span class='ocrx_word' id='word_1_617' title='bbox 2410 2480 2533 2533; x_wconf 86' lang='lat' dir='ltr'><strong>solis</strong></span> <span class='ocrx_word' id='word_1_618' title='bbox 2582 2497 2738 2548; x_wconf 81' lang='lat' dir='ltr'><strong>usque</strong></span> <span class='ocrx_word' id='word_1_619' title='bbox 2785 2482 2854 2533; x_wconf 89' lang='lat' dir='ltr'><strong>ad</strong></span> <span class='ocrx_word' id='word_1_620' title='bbox 2892 2498 3127 2537; x_wconf 88' lang='lat' dir='ltr'><strong>occasum</strong></span> <span class='ocrx_word' id='word_1_621' title='bbox 3175 2501 3358 2541; x_wconf 82' lang='lat' dir='ltr'><strong>nomen</strong></span> <span class='ocrx_word' id='word_1_622' title='bbox 3402 2505 3570 2543; x_wconf 81' lang='lat' dir='ltr'><strong>meum</strong></span> 
     </span>
    </p>
   </div>
   <div class='ocr_carea' id='block_1_86' title="bbox 1959 2571 3568 2643">
    <p class='ocr_par' dir='ltr' id='par_1_86' title="bbox 1959 2571 3568 2643">
     <span class='ocr_line' id='line_1_86' title="bbox 1959 2571 3568 2643; baseline 0.009 -21"><span class='ocrx_word' id='word_1_623' title='bbox 1959 2571 2301 2641; x_wconf 80' lang='lat' dir='ltr'><strong>gloriﬁcatum</strong></span> <span class='ocrx_word' id='word_1_624' title='bbox 2324 2582 2398 2625; x_wconf 88' lang='lat' dir='ltr'><strong>est</strong></span> <span class='ocrx_word' id='word_1_625' title='bbox 2424 2574 2556 2627; x_wconf 87' lang='lat' dir='ltr'><strong>inter</strong></span> <span class='ocrx_word' id='word_1_626' title='bbox 2575 2584 2750 2643; x_wconf 72' lang='lat' dir='ltr'><strong>gentes</strong></span> <span class='ocrx_word' id='word_1_627' title='bbox 2770 2613 2785 2639; x_wconf 93' lang='lat'><strong>,</strong></span> <span class='ocrx_word' id='word_1_628' title='bbox 2816 2584 2863 2627; x_wconf 87' lang='lat' dir='ltr'><strong>et</strong></span> <span class='ocrx_word' id='word_1_629' title='bbox 2904 2575 2959 2629; x_wconf 86' lang='lat' dir='ltr'><strong>in</strong></span> <span class='ocrx_word' id='word_1_630' title='bbox 2983 2577 3124 2631; x_wconf 81' lang='lat' dir='ltr'><strong>omni</strong></span> <span class='ocrx_word' id='word_1_631' title='bbox 3168 2578 3278 2633; x_wconf 85' lang='lat' dir='ltr'><strong>loco</strong></span> <span class='ocrx_word' id='word_1_632' title='bbox 3309 2581 3568 2637; x_wconf 83' lang='lat' dir='ltr'><strong>incensum</strong></span> 
     </span>
    </p>
   </div>
   <div class='ocr_carea' id='block_1_87' title="bbox 1960 2661 3567 2739">
    <p class='ocr_par' dir='ltr' id='par_1_87' title="bbox 1960 2661 3567 2739">
     <span class='ocr_line' id='line_1_87' title="bbox 1960 2661 3567 2739; baseline 0.009 -25"><span class='ocrx_word' id='word_1_633' title='bbox 1960 2661 2172 2729; x_wconf 74' lang='lat' dir='ltr'><strong>o/fertur</strong></span> <span class='ocrx_word' id='word_1_634' title='bbox 2200 2665 2394 2718; x_wconf 85' lang='lat' dir='ltr'><strong>nomini</strong></span> <span class='ocrx_word' id='word_1_635' title='bbox 2424 2681 2566 2729; x_wconf 87' lang='lat' dir='ltr'><strong>meo,</strong></span> <span class='ocrx_word' id='word_1_636' title='bbox 2596 2675 2642 2719; x_wconf 86' lang='lat' dir='ltr'><strong>et</strong></span> <span class='ocrx_word' id='word_1_637' title='bbox 2683 2668 2995 2734; x_wconf 82' lang='lat' dir='ltr'><strong>sacriﬁcium</strong></span> <span class='ocrx_word' id='word_1_638' title='bbox 3025 2687 3230 2739; x_wconf 85' lang='lat' dir='ltr'><strong>parum.</strong></span> <span class='ocrx_word' id='word_1_639' title='bbox 3277 2671 3375 2727; x_wconf 85' lang='lat' dir='ltr'><strong>Vos</strong></span> <span class='ocrx_word' id='word_1_640' title='bbox 3399 2688 3567 2731; x_wconf 85' lang='lat' dir='ltr'><strong>autem</strong></span> 
     </span>
    </p>
   </div>
   <div class='ocr_carea' id='block_1_88' title="bbox 1960 2754 3562 2834">
    <p class='ocr_par' dir='ltr' id='par_1_88' title="bbox 1960 2754 3562 2834">
     <span class='ocr_line' id='line_1_88' title="bbox 1960 2754 3562 2834; baseline 0.011 -27"><span class='ocrx_word' id='word_1_641' title='bbox 1960 2754 2280 2825; x_wconf 74' lang='lat' dir='ltr'><strong>profanastis</strong></span> <span class='ocrx_word' id='word_1_642' title='bbox 2300 2757 2432 2811; x_wconf 82' lang='lat' dir='ltr'><strong>illud</strong></span> <span class='ocrx_word' id='word_1_643' title='bbox 2453 2756 2611 2826; x_wconf 80' lang='lat' dir='ltr'><strong>(Mal.</strong></span> <span class='ocrx_word' id='word_1_644' title='bbox 2639 2761 2688 2812; x_wconf 85' lang='lat' dir='ltr'><strong>l.</strong></span> <span class='ocrx_word' id='word_1_645' title='bbox 2713 2758 2824 2830; x_wconf 89' lang='grc'><strong>11).</strong></span> <span class='ocrx_word' id='word_1_646' title='bbox 2845 2760 3072 2828; x_wconf 85' lang='lat' dir='ltr'><strong>Quando</strong></span> <span class='ocrx_word' id='word_1_647' title='bbox 3098 2761 3215 2819; x_wconf 73' lang='lat' dir='ltr'><strong>lucc</strong></span> <span class='ocrx_word' id='word_1_648' title='bbox 3244 2779 3562 2834; x_wconf 85' lang='lat' dir='ltr'><strong>evenerunt,</strong></span> 
     </span>
    </p>
   </div>
   <div class='ocr_carea' id='block_1_89' title="bbox 1958 2839 3569 2916">
    <p class='ocr_par' dir='ltr' id='par_1_89' title="bbox 1958 2839 3569 2916">
     <span class='ocr_line' id='line_1_89' title="bbox 1958 2839 3569 2916; baseline 0.011 -18"><span class='ocrx_word' id='word_1_649' title='bbox 1958 2844 2180 2899; x_wconf 75' lang='lat' dir='ltr'><strong>Judiee?</strong></span> <span class='ocrx_word' id='word_1_650' title='bbox 2208 2846 2435 2914; x_wconf 86' lang='lat' dir='ltr'><strong>Quando</strong></span> <span class='ocrx_word' id='word_1_651' title='bbox 2484 2850 2536 2902; x_wconf 91' lang='lat' dir='ltr'><strong>in</strong></span> <span class='ocrx_word' id='word_1_652' title='bbox 2572 2851 2719 2904; x_wconf 90' lang='lat' dir='ltr'><strong>omni</strong></span> <span class='ocrx_word' id='word_1_653' title='bbox 2754 2851 2875 2905; x_wconf 91' lang='lat' dir='ltr'><strong>loco</strong></span> <span class='ocrx_word' id='word_1_654' title='bbox 2908 2839 3185 2910; x_wconf 88' lang='lat' dir='ltr'><strong>incensum</strong></span> <span class='ocrx_word' id='word_1_655' title='bbox 3215 2855 3457 2913; x_wconf 88' lang='lat' dir='ltr'><strong>oblatum</strong></span> <span class='ocrx_word' id='word_1_656' title='bbox 3484 2873 3569 2916; x_wconf 90' lang='lat' dir='ltr'><strong>est</strong></span> 
     </span>
    </p>
   </div>
   <div class='ocr_carea' id='block_1_90' title="bbox 1908 2935 3564 3016">
    <p class='ocr_par' dir='ltr' id='par_1_90' title="bbox 1908 2935 3564 3016">
     <span class='ocr_line' id='line_1_90' title="bbox 1908 2935 3564 3016; baseline 0.012 -29"><span class='ocrx_word' id='word_1_657' title='bbox 1908 2974 1911 2976; x_wconf 51' lang='grc' dir='ltr'><strong>μ</strong></span> <span class='ocrx_word' id='word_1_658' title='bbox 1959 2935 2109 2990; x_wconf 84' lang='lat' dir='ltr'><strong>Deo?</strong></span> <span class='ocrx_word' id='word_1_659' title='bbox 2156 2937 2385 3004; x_wconf 83' lang='lat' dir='ltr'><strong>Quando</strong></span> <span class='ocrx_word' id='word_1_660' title='bbox 2424 2940 2751 2996; x_wconf 89' lang='lat' dir='ltr'><strong>sacriﬁcium</strong></span> <span class='ocrx_word' id='word_1_661' title='bbox 2798 2945 3032 3012; x_wconf 87' lang='lat' dir='ltr'><strong>purum?</strong></span> <span class='ocrx_word' id='word_1_662' title='bbox 3078 2944 3194 3001; x_wconf 82' lang='lat' dir='ltr'><strong>Non</strong></span> <span class='ocrx_word' id='word_1_663' title='bbox 3221 2951 3394 3016; x_wconf 88' lang='lat' dir='ltr'><strong>possis</strong></span> <span class='ocrx_word' id='word_1_664' title='bbox 3420 2951 3564 3007; x_wconf 88' lang='lat' dir='ltr'><strong>aliud</strong></span> 
     </span>
    </p>
   </div>
   <div class='ocr_carea' id='block_1_91' title="bbox 1958 3028 3565 3110">
    <p class='ocr_par' dir='ltr' id='par_1_91' title="bbox 1958 3028 3565 3110">
     <span class='ocr_line' id='line_1_91' title="bbox 1958 3028 3565 3110; baseline 0.012 -30"><span class='ocrx_word' id='word_1_665' title='bbox 1958 3028 2199 3096; x_wconf 88' lang='lat' dir='ltr'><strong>proferre</strong></span> <span class='ocrx_word' id='word_1_666' title='bbox 2227 3038 2479 3105; x_wconf 66' lang='lat' dir='ltr'><strong>tempus,</strong></span> <span class='ocrx_word' id='word_1_667' title='bbox 2530 3048 2691 3103; x_wconf 84' lang='lat' dir='ltr'><strong>quam</strong></span> <span class='ocrx_word' id='word_1_668' title='bbox 2732 3034 2835 3090; x_wconf 92' lang='lat' dir='ltr'><strong>hoc</strong></span> <span class='ocrx_word' id='word_1_669' title='bbox 2860 3076 2875 3101; x_wconf 95' lang='lat'><strong>,</strong></span> <span class='ocrx_word' id='word_1_670' title='bbox 2920 3047 3273 3110; x_wconf 87' lang='lat' dir='ltr'><strong>posteaquam</strong></span> <span class='ocrx_word' id='word_1_671' title='bbox 3316 3041 3565 3100; x_wconf 83' lang='lat' dir='ltr'><strong>Christus</strong></span> 
     </span>
    </p>
   </div>
   <div class='ocr_carea' id='block_1_92' title="bbox 1954 3121 3564 3204">
    <p class='ocr_par' dir='ltr' id='par_1_92' title="bbox 1954 3121 3564 3204">
     <span class='ocr_line' id='line_1_92' title="bbox 1954 3121 3564 3204; baseline 0.015 -30"><span class='ocrx_word' id='word_1_672' title='bbox 1954 3121 2191 3177; x_wconf 88' lang='lat' dir='ltr'><strong>advenit.</strong></span> <span class='ocrx_word' id='word_1_673' title='bbox 2229 3124 2383 3191; x_wconf 87' lang='lat' dir='ltr'><strong>Quod</strong></span> <span class='ocrx_word' id='word_1_674' title='bbox 2410 3127 2512 3180; x_wconf 90' lang='lat' dir='ltr'><strong>nisi</strong></span> <span class='ocrx_word' id='word_1_675' title='bbox 2539 3129 2605 3183; x_wconf 91' lang='lat' dir='ltr'><strong>de</strong></span> <span class='ocrx_word' id='word_1_676' title='bbox 2636 3127 2741 3183; x_wconf 86' lang='lat' dir='ltr'><strong>hoc</strong></span> <span class='ocrx_word' id='word_1_677' title='bbox 2778 3138 3020 3202; x_wconf 87' lang='lat' dir='ltr'><strong>tempore</strong></span> <span class='ocrx_word' id='word_1_678' title='bbox 3044 3136 3313 3204; x_wconf 67' lang='lat' dir='ltr'><strong>pra&#39;dixit,</strong></span> <span class='ocrx_word' id='word_1_679' title='bbox 3366 3141 3467 3196; x_wconf 91' lang='lat' dir='ltr'><strong>nisi</strong></span> <span class='ocrx_word' id='word_1_680' title='bbox 3494 3142 3564 3198; x_wconf 92' lang='lat' dir='ltr'><strong>dc</strong></span> 
     </span>
    </p>
   </div>
   <div class='ocr_carea' id='block_1_93' title="bbox 1957 3210 3559 3297">
    <p class='ocr_par' dir='ltr' id='par_1_93' title="bbox 1957 3210 3559 3297">
     <span class='ocr_line' id='line_1_93' title="bbox 1957 3210 3559 3297; baseline 0.014 -31"><span class='ocrx_word' id='word_1_681' title='bbox 1957 3210 2422 3272; x_wconf 51' lang='lat' dir='ltr'><strong>nostro‘sacriﬁcio</strong></span> <span class='ocrx_word' id='word_1_682' title='bbox 2446 3219 2770 3275; x_wconf 85' lang='lat' dir='ltr'><strong>vaticinatus</strong></span> <span class='ocrx_word' id='word_1_683' title='bbox 2791 3232 2896 3290; x_wconf 92' lang='lat' dir='ltr'><strong>est,</strong></span> <span class='ocrx_word' id='word_1_684' title='bbox 2926 3225 3021 3279; x_wconf 87' lang='lat' dir='ltr'><strong>sed</strong></span> <span class='ocrx_word' id='word_1_685' title='bbox 3042 3226 3110 3281; x_wconf 91' lang='lat' dir='ltr'><strong>dc</strong></span> <span class='ocrx_word' id='word_1_686' title='bbox 3130 3227 3374 3297; x_wconf 83' lang='lat' dir='ltr'><strong>Judaico,</strong></span> <span class='ocrx_word' id='word_1_687' title='bbox 3397 3234 3559 3288; x_wconf 90' lang='lat' dir='ltr'><strong>etiam</strong></span> 
     </span>
    </p>
   </div>
   <div class='ocr_carea' id='block_1_94' title="bbox 1965 3303 3562 3380">
    <p class='ocr_par' dir='ltr' id='par_1_94' title="bbox 1965 3303 3562 3380">
     <span class='ocr_line' id='line_1_94' title="bbox 1965 3303 3562 3380; baseline 0.009 -24"><span class='ocrx_word' id='word_1_688' title='bbox 1965 3303 2067 3373; x_wconf 88' lang='lat' dir='ltr'><strong>legi</strong></span> <span class='ocrx_word' id='word_1_689' title='bbox 2104 3316 2378 3377; x_wconf 83' lang='lat' dir='ltr'><strong>repugnat</strong></span> <span class='ocrx_word' id='word_1_690' title='bbox 2411 3311 2718 3380; x_wconf 90' lang='lat' dir='ltr'><strong>prophetia.</strong></span> <span class='ocrx_word' id='word_1_691' title='bbox 2745 3312 2881 3368; x_wconf 88' lang='lat' dir='ltr'><strong>Nam</strong></span> <span class='ocrx_word' id='word_1_692' title='bbox 2918 3330 3045 3370; x_wconf 91' lang='lat' dir='ltr'><strong>cum</strong></span> <span class='ocrx_word' id='word_1_693' title='bbox 3079 3316 3257 3371; x_wconf 87' lang='lat' dir='ltr'><strong>Moses</strong></span> <span class='ocrx_word' id='word_1_694' title='bbox 3279 3324 3427 3371; x_wconf 87' lang='lat' dir='ltr'><strong>vetet</strong></span> <span class='ocrx_word' id='word_1_695' title='bbox 3451 3317 3562 3371; x_wconf 92' lang='lat' dir='ltr'><strong>ullo</strong></span> 
     </span>
    </p>
   </div>
   <div class='ocr_carea' id='block_1_95' title="bbox 1961 3395 3557 3479">
    <p class='ocr_par' dir='ltr' id='par_1_95' title="bbox 1961 3395 3557 3479">
     <span class='ocr_line' id='line_1_95' title="bbox 1961 3395 3557 3479; baseline 0.011 -32"><span class='ocrx_word' id='word_1_696' title='bbox 1961 3395 2070 3449; x_wconf 89' lang='lat' dir='ltr'><strong>alio</strong></span> <span class='ocrx_word' id='word_1_697' title='bbox 2088 3396 2142 3449; x_wconf 91' lang='lat' dir='ltr'><strong>in</strong></span> <span class='ocrx_word' id='word_1_698' title='bbox 2163 3397 2287 3451; x_wconf 80' lang='lat' dir='ltr'><strong>loco</strong></span> <span class='ocrx_word' id='word_1_699' title='bbox 2301 3401 2636 3456; x_wconf 89' lang='lat' dir='ltr'><strong>sacriﬁcium</strong></span> <span class='ocrx_word' id='word_1_700' title='bbox 2658 3404 2797 3467; x_wconf 89' lang='lat' dir='ltr'><strong>ﬁeri,</strong></span> <span class='ocrx_word' id='word_1_701' title='bbox 2816 3417 3180 3477; x_wconf 67' lang='lat' dir='ltr'><strong>prmterquam</strong></span> <span class='ocrx_word' id='word_1_702' title='bbox 3202 3409 3256 3463; x_wconf 91' lang='lat' dir='ltr'><strong>in</strong></span> <span class='ocrx_word' id='word_1_703' title='bbox 3278 3424 3365 3475; x_wconf 86' lang='lat' dir='ltr'><strong>eo,</strong></span> <span class='ocrx_word' id='word_1_704' title='bbox 3395 3425 3557 3479; x_wconf 91' lang='lat' dir='ltr'><strong>quem</strong></span> 
     </span>
    </p>
   </div>
   <div class='ocr_carea' id='block_1_96' title="bbox 1960 3483 3557 3572">
    <p class='ocr_par' dir='ltr' id='par_1_96' title="bbox 1960 3483 3557 3572">
     <span class='ocr_line' id='line_1_96' title="bbox 1960 3483 3557 3572; baseline 0.012 -31"><span class='ocrx_word' id='word_1_705' title='bbox 1960 3487 2127 3557; x_wconf 83' lang='lat' dir='ltr'><strong>elegit</strong></span> <span class='ocrx_word' id='word_1_706' title='bbox 2150 3487 2421 3548; x_wconf 79' lang='lat' dir='ltr'><strong>Dominus</strong></span> <span class='ocrx_word' id='word_1_707' title='bbox 2452 3492 2599 3551; x_wconf 84' lang='lat' dir='ltr'><strong>Deus</strong></span> <span class='ocrx_word' id='word_1_708' title='bbox 2625 3483 2813 3568; x_wconf 88' lang='lat' dir='ltr'><strong>(Deut.</strong></span> <span class='ocrx_word' id='word_1_709' title='bbox 2830 3501 2916 3554; x_wconf 75' lang='grc' dir='ltr'><strong>ιδ.</strong></span> <span class='ocrx_word' id='word_1_710' title='bbox 2935 3501 2987 3556; x_wconf 81' lang='lat'><strong>5.</strong></span> <span class='ocrx_word' id='word_1_711' title='bbox 3006 3501 3086 3571; x_wconf 87' lang='lat'><strong>6),</strong></span> <span class='ocrx_word' id='word_1_712' title='bbox 3106 3518 3345 3572; x_wconf 88' lang='lat' dir='ltr'><strong>cumque</strong></span> <span class='ocrx_word' id='word_1_713' title='bbox 3382 3503 3474 3560; x_wconf 89' lang='lat' dir='ltr'><strong>ille</strong></span> <span class='ocrx_word' id='word_1_714' title='bbox 3502 3505 3557 3559; x_wconf 91' lang='lat' dir='ltr'><strong>in</strong></span> 
     </span>
    </p>
   </div>
   <div class='ocr_carea' id='block_1_97' title="bbox 1954 3582 3557 3670">
    <p class='ocr_par' dir='ltr' id='par_1_97' title="bbox 1954 3582 3557 3670">
     <span class='ocr_line' id='line_1_97' title="bbox 1954 3582 3557 3670; baseline 0.014 -36"><span class='ocrx_word' id='word_1_715' title='bbox 1954 3597 2115 3635; x_wconf 82' lang='lat' dir='ltr'><strong>unum</strong></span> <span class='ocrx_word' id='word_1_716' title='bbox 2148 3582 2328 3638; x_wconf 91' lang='lat' dir='ltr'><strong>locum</strong></span> <span class='ocrx_word' id='word_1_717' title='bbox 2357 3584 2621 3640; x_wconf 87' lang='lat' dir='ltr'><strong>sacriﬁcia</strong></span> <span class='ocrx_word' id='word_1_718' title='bbox 2652 3589 2741 3642; x_wconf 88' lang='lat' dir='ltr'><strong>illa</strong></span> <span class='ocrx_word' id='word_1_719' title='bbox 2769 3591 3115 3661; x_wconf 90' lang='lat' dir='ltr'><strong>concluserit,</strong></span> <span class='ocrx_word' id='word_1_720' title='bbox 3140 3611 3273 3651; x_wconf 86' lang='lat' dir='ltr'><strong>sane</strong></span> <span class='ocrx_word' id='word_1_721' title='bbox 3298 3600 3557 3670; x_wconf 88' lang='lat' dir='ltr'><strong>prephcta</strong></span> 
     </span>
    </p>
   </div>
   <div class='ocr_carea' id='block_1_98' title="bbox 1951 3674 3553 3758">
    <p class='ocr_par' dir='ltr' id='par_1_98' title="bbox 1951 3674 3553 3758">
     <span class='ocr_line' id='line_1_98' title="bbox 1951 3674 3553 3758; baseline 0.014 -32"><span class='ocrx_word' id='word_1_722' title='bbox 1951 3674 2157 3740; x_wconf 90' lang='lat' dir='ltr'><strong>dicens,</strong></span> <span class='ocrx_word' id='word_1_723' title='bbox 2200 3676 2344 3745; x_wconf 90' lang='lat' dir='ltr'><strong>quod</strong></span> <span class='ocrx_word' id='word_1_724' title='bbox 2382 3676 2434 3730; x_wconf 93' lang='lat' dir='ltr'><strong>in</strong></span> <span class='ocrx_word' id='word_1_725' title='bbox 2462 3678 2610 3733; x_wconf 90' lang='lat' dir='ltr'><strong>omni</strong></span> <span class='ocrx_word' id='word_1_726' title='bbox 2641 3679 2761 3735; x_wconf 91' lang='lat' dir='ltr'><strong>loco</strong></span> <span class='ocrx_word' id='word_1_727' title='bbox 2791 3682 3069 3738; x_wconf 80' lang='lat' dir='ltr'><strong>incensum</strong></span> <span class='ocrx_word' id='word_1_728' title='bbox 3104 3686 3429 3745; x_wconf 89' lang='lat' dir='ltr'><strong>adoleudum</strong></span> <span class='ocrx_word' id='word_1_729' title='bbox 3456 3694 3553 3758; x_wconf 86' lang='lat' dir='ltr'><strong>sit,</strong></span> 
     </span>
    </p>
   </div>
   <div class='ocr_carea' id='block_1_99' title="bbox 1950 3768 3555 3856">
    <p class='ocr_par' dir='ltr' id='par_1_99' title="bbox 1950 3768 3555 3856">
     <span class='ocr_line' id='line_1_99' title="bbox 1950 3768 3555 3856; baseline 0.015 -38"><span class='ocrx_word' id='word_1_730' title='bbox 1950 3781 2014 3819; x_wconf 90' lang='lat' dir='ltr'><strong>ac</strong></span> <span class='ocrx_word' id='word_1_731' title='bbox 2040 3768 2362 3823; x_wconf 90' lang='lat' dir='ltr'><strong>sacrilicium</strong></span> <span class='ocrx_word' id='word_1_732' title='bbox 2403 3786 2632 3842; x_wconf 89' lang='lat' dir='ltr'><strong>purum,</strong></span> <span class='ocrx_word' id='word_1_733' title='bbox 2666 3775 2985 3833; x_wconf 85' lang='lat' dir='ltr'><strong>adversatur</strong></span> <span class='ocrx_word' id='word_1_734' title='bbox 3006 3796 3069 3835; x_wconf 92' lang='lat' dir='ltr'><strong>ac</strong></span> <span class='ocrx_word' id='word_1_735' title='bbox 3112 3795 3376 3856; x_wconf 85' lang='lat' dir='ltr'><strong>repugnat</strong></span> <span class='ocrx_word' id='word_1_736' title='bbox 3402 3788 3555 3845; x_wconf 83' lang='lat' dir='ltr'><strong>Mosi.</strong></span> 
     </span>
    </p>
   </div>
   <div class='ocr_carea' id='block_1_100' title="bbox 1956 3858 3555 3945">
    <p class='ocr_par' dir='ltr' id='par_1_100' title="bbox 1956 3858 3555 3945">
     <span class='ocr_line' id='line_1_100' title="bbox 1956 3858 3555 3945; baseline 0.014 -34"><span class='ocrx_word' id='word_1_737' title='bbox 1956 3858 2152 3913; x_wconf 80' lang='lat' dir='ltr'><strong>Verum</strong></span> <span class='ocrx_word' id='word_1_738' title='bbox 2196 3861 2343 3914; x_wconf 89' lang='lat' dir='ltr'><strong>nulla</strong></span> <span class='ocrx_word' id='word_1_739' title='bbox 2385 3874 2470 3918; x_wconf 90' lang='lat' dir='ltr'><strong>est</strong></span> <span class='ocrx_word' id='word_1_740' title='bbox 2513 3865 2653 3921; x_wconf 88' lang='lat' dir='ltr'><strong>inter</strong></span> <span class='ocrx_word' id='word_1_741' title='bbox 2677 3866 2800 3922; x_wconf 90' lang='lat' dir='ltr'><strong>illos</strong></span> <span class='ocrx_word' id='word_1_742' title='bbox 2826 3885 3001 3940; x_wconf 82' lang='lat' dir='ltr'><strong>pugna</strong></span> <span class='ocrx_word' id='word_1_743' title='bbox 3023 3912 3039 3939; x_wconf 95' lang='lat'><strong>,</strong></span> <span class='ocrx_word' id='word_1_744' title='bbox 3070 3889 3244 3945; x_wconf 89' lang='lat' dir='ltr'><strong>neque</strong></span> <span class='ocrx_word' id='word_1_745' title='bbox 3268 3878 3555 3937; x_wconf 83' lang='lat' dir='ltr'><strong>dissensio.</strong></span> 
     </span>
    </p>
   </div>
   <div class='ocr_carea' id='block_1_101' title="bbox 1951 3952 3560 4045">
    <p class='ocr_par' dir='ltr' id='par_1_101' title="bbox 1951 3952 3560 4045">
     <span class='ocr_line' id='line_1_101' title="bbox 1951 3952 3560 4045; baseline 0.015 -39"><span class='ocrx_word' id='word_1_746' title='bbox 1951 3952 2043 4007; x_wconf 89' lang='lat' dir='ltr'><strong>ltle</strong></span> <span class='ocrx_word' id='word_1_747' title='bbox 2065 3954 2131 4009; x_wconf 87' lang='lat' dir='ltr'><strong>de</strong></span> <span class='ocrx_word' id='word_1_748' title='bbox 2156 3956 2265 4009; x_wconf 90' lang='lat' dir='ltr'><strong>alio</strong></span> <span class='ocrx_word' id='word_1_749' title='bbox 2296 3956 2547 4027; x_wconf 81' lang='lat' dir='ltr'><strong>loquutus</strong></span> <span class='ocrx_word' id='word_1_750' title='bbox 2573 3967 2657 4014; x_wconf 90' lang='lat' dir='ltr'><strong>est</strong></span> <span class='ocrx_word' id='word_1_751' title='bbox 2683 3961 2949 4017; x_wconf 85' lang='lat' dir='ltr'><strong>sacriﬁcio</strong></span> <span class='ocrx_word' id='word_1_752' title='bbox 2976 4008 2989 4032; x_wconf 92' lang='lat'><strong>,</strong></span> <span class='ocrx_word' id='word_1_753' title='bbox 3025 3967 3081 4021; x_wconf 86' lang='lat' dir='ltr'><strong>et</strong></span> <span class='ocrx_word' id='word_1_754' title='bbox 3107 3969 3192 4023; x_wconf 91' lang='lat' dir='ltr'><strong>hic</strong></span> <span class='ocrx_word' id='word_1_755' title='bbox 3218 3971 3286 4025; x_wconf 90' lang='lat' dir='ltr'><strong>de</strong></span> <span class='ocrx_word' id='word_1_756' title='bbox 3305 3972 3413 4025; x_wconf 89' lang='lat' dir='ltr'><strong>alio</strong></span> <span class='ocrx_word' id='word_1_757' title='bbox 3435 3988 3560 4045; x_wconf 88' lang='lat' dir='ltr'><strong>post</strong></span> 
     </span>
    </p>
   </div>
   <div class='ocr_carea' id='block_1_102' title="bbox 1948 4048 3559 4137">
    <p class='ocr_par' dir='ltr' id='par_1_102' title="bbox 1948 4048 3559 4137">
     <span class='ocr_line' id='line_1_102' title="bbox 1948 4048 3559 4137; baseline 0.016 -40"><span class='ocrx_word' id='word_1_758' title='bbox 1948 4048 2267 4101; x_wconf 84' lang='lat' dir='ltr'><strong>vaticinatus</strong></span> <span class='ocrx_word' id='word_1_759' title='bbox 2285 4062 2387 4103; x_wconf 70' lang='grc' dir='ltr'><strong>ρει.</strong></span> <span class='ocrx_word' id='word_1_760' title='bbox 2423 4049 2575 4105; x_wconf 89' lang='lat' dir='ltr'><strong>Unde</strong></span> <span class='ocrx_word' id='word_1_761' title='bbox 2601 4050 2704 4107; x_wconf 91' lang='lat' dir='ltr'><strong>hoc</strong></span> <span class='ocrx_word' id='word_1_762' title='bbox 2733 4053 3067 4111; x_wconf 73' lang='lat' dir='ltr'><strong>declaratur?</strong></span> <span class='ocrx_word' id='word_1_763' title='bbox 3097 4059 3232 4115; x_wconf 91' lang='lat' dir='ltr'><strong>Tum</strong></span> <span class='ocrx_word' id='word_1_764' title='bbox 3261 4080 3326 4117; x_wconf 81' lang='lat' dir='ltr'><strong>ex</strong></span> <span class='ocrx_word' id='word_1_765' title='bbox 3351 4065 3414 4120; x_wconf 90' lang='lat' dir='ltr'><strong>iis</strong></span> <span class='ocrx_word' id='word_1_766' title='bbox 3438 4083 3559 4137; x_wconf 78' lang='lat' dir='ltr'><strong>qua:</strong></span> 
     </span>
    </p>
   </div>
   <div class='ocr_carea' id='block_1_103' title="bbox 1948 4137 3557 4227">
    <p class='ocr_par' dir='ltr' id='par_1_103' title="bbox 1948 4137 3557 4227">
     <span class='ocr_line' id='line_1_103' title="bbox 1948 4137 3557 4227; baseline 0.015 -36"><span class='ocrx_word' id='word_1_767' title='bbox 1948 4137 2091 4193; x_wconf 88' lang='lat' dir='ltr'><strong>dicta</strong></span> <span class='ocrx_word' id='word_1_768' title='bbox 2130 4151 2276 4207; x_wconf 90' lang='lat' dir='ltr'><strong>sunt,</strong></span> <span class='ocrx_word' id='word_1_769' title='bbox 2315 4150 2424 4195; x_wconf 90' lang='lat' dir='ltr'><strong>tum</strong></span> <span class='ocrx_word' id='word_1_770' title='bbox 2455 4158 2522 4199; x_wconf 82' lang='lat' dir='ltr'><strong>ex</strong></span> <span class='ocrx_word' id='word_1_771' title='bbox 2549 4144 2669 4199; x_wconf 90' lang='lat' dir='ltr'><strong>aliis</strong></span> <span class='ocrx_word' id='word_1_772' title='bbox 2695 4148 2942 4216; x_wconf 89' lang='lat' dir='ltr'><strong>plurimis</strong></span> <span class='ocrx_word' id='word_1_773' title='bbox 2982 4154 3176 4221; x_wconf 87' lang='lat' dir='ltr'><strong>signis.</strong></span> <span class='ocrx_word' id='word_1_774' title='bbox 3220 4158 3299 4210; x_wconf 88' lang='lat' dir='ltr'><strong>Ac</strong></span> <span class='ocrx_word' id='word_1_775' title='bbox 3326 4160 3557 4227; x_wconf 90' lang='lat' dir='ltr'><strong>primum</strong></span> 
     </span>
    </p>
   </div>
   <div class='ocr_carea' id='block_1_104' title="bbox 1946 4234 3558 4319">
    <p class='ocr_par' dir='ltr' id='par_1_104' title="bbox 1946 4234 3558 4319">
     <span class='ocr_line' id='line_1_104' title="bbox 1946 4234 3558 4319; baseline 0.013 -32"><span class='ocrx_word' id='word_1_776' title='bbox 1946 4248 2011 4287; x_wconf 83' lang='lat' dir='ltr'><strong>ex</strong></span> <span class='ocrx_word' id='word_1_777' title='bbox 2044 4234 2162 4304; x_wconf 90' lang='lat' dir='ltr'><strong>ipso</strong></span> <span class='ocrx_word' id='word_1_778' title='bbox 2186 4237 2305 4290; x_wconf 87' lang='lat' dir='ltr'><strong>loco</strong></span> <span class='ocrx_word' id='word_1_779' title='bbox 2336 4255 2350 4291; x_wconf 88' lang='lat'><strong>:</strong></span> <span class='ocrx_word' id='word_1_780' title='bbox 2383 4254 2489 4292; x_wconf 92' lang='lat' dir='ltr'><strong>non</strong></span> <span class='ocrx_word' id='word_1_781' title='bbox 2516 4242 2660 4299; x_wconf 83' lang='lat' dir='ltr'><strong>enim</strong></span> <span class='ocrx_word' id='word_1_782' title='bbox 2698 4242 2759 4295; x_wconf 84' lang='lat' dir='ltr'><strong>in</strong></span> <span class='ocrx_word' id='word_1_783' title='bbox 2790 4258 2893 4297; x_wconf 89' lang='lat' dir='ltr'><strong>una</strong></span> <span class='ocrx_word' id='word_1_784' title='bbox 2937 4247 3174 4313; x_wconf 88' lang='lat' dir='ltr'><strong>civitate,</strong></span> <span class='ocrx_word' id='word_1_785' title='bbox 3204 4260 3558 4319; x_wconf 83' lang='lat' dir='ltr'><strong>quemadmo-</strong></span> 
     </span>
    </p>
   </div>
   <div class='ocr_carea' id='block_1_105' title="bbox 1946 4330 3555 4411">
    <p class='ocr_par' dir='ltr' id='par_1_105' title="bbox 1946 4330 3555 4411">
     <span class='ocr_line' id='line_1_105' title="bbox 1946 4330 3555 4411; baseline 0.014 -31"><span class='ocrx_word' id='word_1_786' title='bbox 1946 4330 2073 4382; x_wconf 90' lang='lat' dir='ltr'><strong>dum</strong></span> <span class='ocrx_word' id='word_1_787' title='bbox 2098 4331 2199 4384; x_wconf 93' lang='lat' dir='ltr'><strong>sub</strong></span> <span class='ocrx_word' id='word_1_788' title='bbox 2227 4330 2448 4397; x_wconf 60' lang='lat' dir='ltr'><strong>Judaais,</strong></span> <span class='ocrx_word' id='word_1_789' title='bbox 2504 4335 2601 4389; x_wconf 86' lang='lat' dir='ltr'><strong>sed</strong></span> <span class='ocrx_word' id='word_1_790' title='bbox 2651 4335 2715 4386; x_wconf 88' lang='lat' dir='ltr'><strong>ab</strong></span> <span class='ocrx_word' id='word_1_791' title='bbox 2741 4347 2861 4390; x_wconf 86' lang='lat' dir='ltr'><strong>ortu</strong></span> <span class='ocrx_word' id='word_1_792' title='bbox 2896 4339 3017 4392; x_wconf 84' lang='lat' dir='ltr'><strong>solis</strong></span> <span class='ocrx_word' id='word_1_793' title='bbox 3044 4356 3203 4411; x_wconf 78' lang='lat' dir='ltr'><strong>usque</strong></span> <span class='ocrx_word' id='word_1_794' title='bbox 3229 4344 3300 4397; x_wconf 84' lang='lat' dir='ltr'><strong>ad</strong></span> <span class='ocrx_word' id='word_1_795' title='bbox 3318 4362 3555 4403; x_wconf 82' lang='lat' dir='ltr'><strong>occasum</strong></span> 
     </span>
    </p>
   </div>
   <div class='ocr_carea' id='block_1_106' title="bbox 1948 4424 3555 4499">
    <p class='ocr_par' dir='ltr' id='par_1_106' title="bbox 1948 4424 3555 4499">
     <span class='ocr_line' id='line_1_106' title="bbox 1948 4424 3555 4499; baseline 0.016 -26"><span class='ocrx_word' id='word_1_796' title='bbox 1948 4424 2193 4490; x_wconf 69' lang='lat' dir='ltr'><strong>prazdixit</strong></span> <span class='ocrx_word' id='word_1_797' title='bbox 2221 4424 2359 4479; x_wconf 89' lang='lat' dir='ltr'><strong>hanc</strong></span> <span class='ocrx_word' id='word_1_798' title='bbox 2385 4427 2648 4481; x_wconf 90' lang='lat' dir='ltr'><strong>culturam</strong></span> <span class='ocrx_word' id='word_1_799' title='bbox 2691 4445 2813 4484; x_wconf 87' lang='lat' dir='ltr'><strong>esse</strong></span> <span class='ocrx_word' id='word_1_800' title='bbox 2852 4432 3251 4491; x_wconf 83' lang='lat' dir='ltr'><strong>celebrandam.</strong></span> <span class='ocrx_word' id='word_1_801' title='bbox 3287 4438 3555 4499; x_wconf 73' lang='lat' dir='ltr'><strong>Praeterea</strong></span> 
     </span>
    </p>
   </div>
   <div class='ocr_carea' id='block_1_107' title="bbox 1945 4516 3553 4602">
    <p class='ocr_par' dir='ltr' id='par_1_107' title="bbox 1945 4516 3553 4602">
     <span class='ocr_line' id='line_1_107' title="bbox 1945 4516 3553 4602; baseline 0.014 -35"><span class='ocrx_word' id='word_1_802' title='bbox 1945 4531 2008 4567; x_wconf 84' lang='lat' dir='ltr'><strong>ex</strong></span> <span class='ocrx_word' id='word_1_803' title='bbox 2042 4516 2292 4570; x_wconf 80' lang='lat' dir='ltr'><strong>sacriﬁcii</strong></span> <span class='ocrx_word' id='word_1_804' title='bbox 2318 4518 2515 4585; x_wconf 88' lang='lat' dir='ltr'><strong>modo,</strong></span> <span class='ocrx_word' id='word_1_805' title='bbox 2561 4520 2823 4591; x_wconf 89' lang='lat' dir='ltr'><strong>siquidem</strong></span> <span class='ocrx_word' id='word_1_806' title='bbox 2866 4540 3052 4593; x_wconf 85' lang='lat' dir='ltr'><strong>parum</strong></span> <span class='ocrx_word' id='word_1_807' title='bbox 3085 4527 3213 4582; x_wconf 91' lang='lat' dir='ltr'><strong>illud</strong></span> <span class='ocrx_word' id='word_1_808' title='bbox 3244 4533 3553 4602; x_wconf 88' lang='lat' dir='ltr'><strong>appellans,</strong></span> 
     </span>
    </p>
   </div>
   <div class='ocr_carea' id='block_1_108' title="bbox 1944 4604 3556 4693">
    <p class='ocr_par' dir='ltr' id='par_1_108' title="bbox 1944 4604 3556 4693">
     <span class='ocr_line' id='line_1_108' title="bbox 1944 4604 3556 4693; baseline 0.016 -35"><span class='ocrx_word' id='word_1_809' title='bbox 1944 4604 2245 4661; x_wconf 88' lang='lat' dir='ltr'><strong>declaravit</strong></span> <span class='ocrx_word' id='word_1_810' title='bbox 2289 4608 2357 4665; x_wconf 90' lang='lat' dir='ltr'><strong>de</strong></span> <span class='ocrx_word' id='word_1_811' title='bbox 2407 4626 2514 4680; x_wconf 90' lang='lat' dir='ltr'><strong>quo</strong></span> <span class='ocrx_word' id='word_1_812' title='bbox 2554 4612 2885 4681; x_wconf 88' lang='lat' dir='ltr'><strong>loqueretur.</strong></span> <span class='ocrx_word' id='word_1_813' title='bbox 2927 4616 3169 4688; x_wconf 88' lang='lat' dir='ltr'><strong>Denique</strong></span> <span class='ocrx_word' id='word_1_814' title='bbox 3224 4639 3253 4675; x_wconf 90' lang='lat' dir='ltr'><strong>a</strong></span> <span class='ocrx_word' id='word_1_815' title='bbox 3308 4630 3556 4693; x_wconf 88' lang='lat' dir='ltr'><strong>personis</strong></span> 
     </span>
    </p>
   </div>
   <div class='ocr_carea' id='block_1_109' title="bbox 1944 4702 3551 4788">
    <p class='ocr_par' dir='ltr' id='par_1_109' title="bbox 1944 4702 3551 4788">
     <span class='ocr_line' id='line_1_109' title="bbox 1944 4702 3551 4788; baseline 0.012 -33"><span class='ocrx_word' id='word_1_816' title='bbox 1944 4702 2306 4757; x_wconf 70' lang='lat' dir='ltr'><strong>olfcrentium.</strong></span> <span class='ocrx_word' id='word_1_817' title='bbox 2337 4704 2451 4759; x_wconf 86' lang='lat' dir='ltr'><strong>Non</strong></span> <span class='ocrx_word' id='word_1_818' title='bbox 2469 4708 2611 4760; x_wconf 86' lang='lat' dir='ltr'><strong>cnim</strong></span> <span class='ocrx_word' id='word_1_819' title='bbox 2635 4707 2787 4773; x_wconf 82' lang='lat' dir='ltr'><strong>dixit,</strong></span> <span class='ocrx_word' id='word_1_820' title='bbox 2816 4709 2867 4762; x_wconf 92' lang='lat' dir='ltr'><strong>in</strong></span> <span class='ocrx_word' id='word_1_821' title='bbox 2889 4709 3075 4778; x_wconf 81' lang='lat' dir='ltr'><strong>Israel,</strong></span> <span class='ocrx_word' id='word_1_822' title='bbox 3103 4715 3198 4768; x_wconf 87' lang='lat' dir='ltr'><strong>sed</strong></span> <span class='ocrx_word' id='word_1_823' title='bbox 3221 4717 3273 4768; x_wconf 89' lang='lat' dir='ltr'><strong>in</strong></span> <span class='ocrx_word' id='word_1_824' title='bbox 3298 4722 3551 4788; x_wconf 80' lang='lat' dir='ltr'><strong>gentibus.</strong></span> 
     </span>
    </p>
   </div>
   <div class='ocr_carea' id='block_1_110' title="bbox 1943 4797 3553 4870">
    <p class='ocr_par' dir='ltr' id='par_1_110' title="bbox 1943 4797 3553 4870">
     <span class='ocr_line' id='line_1_110' title="bbox 1943 4797 3553 4870; baseline 0.011 -19"><span class='ocrx_word' id='word_1_825' title='bbox 1943 4797 2023 4852; x_wconf 86' lang='lat' dir='ltr'><strong>Ac</strong></span> <span class='ocrx_word' id='word_1_826' title='bbox 2052 4813 2120 4852; x_wconf 92' lang='lat' dir='ltr'><strong>ne</strong></span> <span class='ocrx_word' id='word_1_827' title='bbox 2150 4809 2365 4868; x_wconf 89' lang='lat' dir='ltr'><strong>putares</strong></span> <span class='ocrx_word' id='word_1_828' title='bbox 2390 4801 2534 4870; x_wconf 87' lang='lat' dir='ltr'><strong>quod</strong></span> <span class='ocrx_word' id='word_1_829' title='bbox 2562 4802 2613 4853; x_wconf 89' lang='lat' dir='ltr'><strong>in</strong></span> <span class='ocrx_word' id='word_1_830' title='bbox 2647 4817 2749 4856; x_wconf 89' lang='lat' dir='ltr'><strong>una</strong></span> <span class='ocrx_word' id='word_1_831' title='bbox 2794 4802 3071 4861; x_wconf 89' lang='lat' dir='ltr'><strong>duabusve</strong></span> <span class='ocrx_word' id='word_1_832' title='bbox 3100 4818 3194 4863; x_wconf 89' lang='lat' dir='ltr'><strong>aut</strong></span> <span class='ocrx_word' id='word_1_833' title='bbox 3222 4812 3392 4867; x_wconf 89' lang='lat' dir='ltr'><strong>tribus</strong></span> <span class='ocrx_word' id='word_1_834' title='bbox 3417 4817 3553 4869; x_wconf 80' lang='lat' dir='ltr'><strong>civi-</strong></span> 
     </span>
    </p>
   </div>
   <div class='ocr_carea' id='block_1_111' title="bbox 1945 4891 3553 4974">
    <p class='ocr_par' dir='ltr' id='par_1_111' title="bbox 1945 4891 3553 4974">
     <span class='ocr_line' id='line_1_111' title="bbox 1945 4891 3553 4974; baseline 0.011 -27"><span class='ocrx_word' id='word_1_835' title='bbox 1945 4892 2143 4947; x_wconf 83' lang='lat' dir='ltr'><strong>tatibus</strong></span> <span class='ocrx_word' id='word_1_836' title='bbox 2170 4891 2271 4946; x_wconf 91' lang='lat' dir='ltr'><strong>hoc</strong></span> <span class='ocrx_word' id='word_1_837' title='bbox 2297 4893 2524 4947; x_wconf 72' lang='lat' dir='ltr'><strong>cultura:</strong></span> <span class='ocrx_word' id='word_1_838' title='bbox 2560 4909 2731 4962; x_wconf 84' lang='lat' dir='ltr'><strong>genus</strong></span> <span class='ocrx_word' id='word_1_839' title='bbox 2778 4896 3187 4955; x_wconf 85' lang='lat' dir='ltr'><strong>instaurandum</strong></span> <span class='ocrx_word' id='word_1_840' title='bbox 3230 4916 3412 4974; x_wconf 86' lang='lat' dir='ltr'><strong>esset,</strong></span> <span class='ocrx_word' id='word_1_841' title='bbox 3448 4923 3553 4964; x_wconf 91' lang='lat' dir='ltr'><strong>non</strong></span> 
     </span>
    </p>
   </div>
   <div class='ocr_carea' id='block_1_112' title="bbox 1943 4985 3558 5071">
    <p class='ocr_par' dir='ltr' id='par_1_112' title="bbox 1943 4985 3558 5071">
     <span class='ocr_line' id='line_1_112' title="bbox 1943 4985 3558 5071; baseline 0.011 -33"><span class='ocrx_word' id='word_1_842' title='bbox 1943 4985 2261 5055; x_wconf 89' lang='lat' dir='ltr'><strong>simpliciter</strong></span> <span class='ocrx_word' id='word_1_843' title='bbox 2278 4985 2439 5050; x_wconf 84' lang='lat' dir='ltr'><strong>dixit,</strong></span> <span class='ocrx_word' id='word_1_844' title='bbox 2466 4988 2517 5039; x_wconf 91' lang='lat' dir='ltr'><strong>in</strong></span> <span class='ocrx_word' id='word_1_845' title='bbox 2539 4989 2684 5040; x_wconf 90' lang='lat' dir='ltr'><strong>omni</strong></span> <span class='ocrx_word' id='word_1_846' title='bbox 2716 4989 2857 5055; x_wconf 88' lang='lat' dir='ltr'><strong>loco,</strong></span> <span class='ocrx_word' id='word_1_847' title='bbox 2882 4990 2999 5057; x_wconf 90' lang='lat' dir='ltr'><strong>sed,</strong></span> <span class='ocrx_word' id='word_1_848' title='bbox 3019 4992 3096 5045; x_wconf 85' lang='lat' dir='ltr'><strong>Ab</strong></span> <span class='ocrx_word' id='word_1_849' title='bbox 3121 5006 3237 5048; x_wconf 85' lang='lat' dir='ltr'><strong>ortu</strong></span> <span class='ocrx_word' id='word_1_850' title='bbox 3256 4998 3379 5052; x_wconf 79' lang='lat' dir='ltr'><strong>solis</strong></span> <span class='ocrx_word' id='word_1_851' title='bbox 3399 5017 3558 5071; x_wconf 80' lang='lat' dir='ltr'><strong>usque</strong></span> 
     </span>
    </p>
   </div>
   <div class='ocr_carea' id='block_1_113' title="bbox 1940 5079 3554 5155">
    <p class='ocr_par' dir='ltr' id='par_1_113' title="bbox 1940 5079 3554 5155">
     <span class='ocr_line' id='line_1_113' title="bbox 1940 5079 3554 5155; baseline 0.012 -25"><span class='ocrx_word' id='word_1_852' title='bbox 1940 5081 2009 5130; x_wconf 84' lang='lat' dir='ltr'><strong>ad</strong></span> <span class='ocrx_word' id='word_1_853' title='bbox 2034 5094 2271 5131; x_wconf 84' lang='lat' dir='ltr'><strong>occasum</strong></span> <span class='ocrx_word' id='word_1_854' title='bbox 2315 5095 2333 5131; x_wconf 93' lang='lat'><em>:</em></span> <span class='ocrx_word' id='word_1_855' title='bbox 2362 5079 2741 5135; x_wconf 89' lang='lat' dir='ltr'><strong>demonstrans</strong></span> <span class='ocrx_word' id='word_1_856' title='bbox 2774 5084 2916 5151; x_wconf 90' lang='lat' dir='ltr'><strong>quod</strong></span> <span class='ocrx_word' id='word_1_857' title='bbox 2948 5098 3205 5155; x_wconf 86' lang='lat' dir='ltr'><strong>quantum</strong></span> <span class='ocrx_word' id='word_1_858' title='bbox 3257 5101 3416 5146; x_wconf 76' lang='lat' dir='ltr'><strong>terra:</strong></span> <span class='ocrx_word' id='word_1_859' title='bbox 3472 5097 3554 5150; x_wconf 90' lang='lat' dir='ltr'><strong>sol</strong></span> 
     </span>
    </p>
   </div>
   <div class='ocr_carea' id='block_1_114' title="bbox 1942 5166 3548 5249">
    <p class='ocr_par' dir='ltr' id='par_1_114' title="bbox 1942 5166 3548 5249">
     <span class='ocr_line' id='line_1_114' title="bbox 1942 5166 3548 5249; baseline 0.009 -26"><span class='ocrx_word' id='word_1_860' title='bbox 1942 5170 2153 5239; x_wconf 86' lang='lat' dir='ltr'><strong>aspicit,</strong></span> <span class='ocrx_word' id='word_1_861' title='bbox 2196 5166 2528 5225; x_wconf 87' lang='lat' dir='ltr'><strong>tantumdem</strong></span> <span class='ocrx_word' id='word_1_862' title='bbox 2567 5173 2920 5243; x_wconf 86' lang='lat' dir='ltr'><strong>Evangeliqu</strong></span> <span class='ocrx_word' id='word_1_863' title='bbox 2968 5189 3114 5231; x_wconf 90' lang='lat' dir='ltr'><strong>esset</strong></span> <span class='ocrx_word' id='word_1_864' title='bbox 3139 5194 3548 5249; x_wconf 88' lang='lat' dir='ltr'><strong>occupaturum.</strong></span> 
     </span>
    </p>
   </div>
   <div class='ocr_carea' id='block_1_115' title="bbox 1947 5261 3551 5339">
    <p class='ocr_par' dir='ltr' id='par_1_115' title="bbox 1947 5261 3551 5339">
     <span class='ocr_line' id='line_1_115' title="bbox 1947 5261 3551 5339; baseline 0.012 -25"><span class='ocrx_word' id='word_1_865' title='bbox 1947 5261 2142 5316; x_wconf 83' lang='lat' dir='ltr'><strong>Parum</strong></span> <span class='ocrx_word' id='word_1_866' title='bbox 2171 5272 2350 5318; x_wconf 87' lang='lat' dir='ltr'><strong>autem</strong></span> <span class='ocrx_word' id='word_1_867' title='bbox 2372 5263 2504 5318; x_wconf 88' lang='lat' dir='ltr'><strong>dicit</strong></span> <span class='ocrx_word' id='word_1_868' title='bbox 2531 5266 2853 5320; x_wconf 84' lang='lat' dir='ltr'><strong>sacriﬁcium</strong></span> <span class='ocrx_word' id='word_1_869' title='bbox 2881 5307 2894 5331; x_wconf 95' lang='lat'><strong>,</strong></span> <span class='ocrx_word' id='word_1_870' title='bbox 2925 5270 3075 5337; x_wconf 87' lang='lat' dir='ltr'><strong>quasi</strong></span> <span class='ocrx_word' id='word_1_871' title='bbox 3105 5272 3254 5339; x_wconf 90' lang='lat' dir='ltr'><strong>prius</strong></span> <span class='ocrx_word' id='word_1_872' title='bbox 3273 5277 3400 5330; x_wconf 75' lang='lat' dir='ltr'><strong>iliud</strong></span> <span class='ocrx_word' id='word_1_873' title='bbox 3423 5278 3551 5335; x_wconf 84' lang='lat' dir='ltr'><strong>fuis-</strong></span> 
     </span>
    </p>
   </div>
   <div class='ocr_carea' id='block_1_116' title="bbox 1940 5356 3548 5431">
    <p class='ocr_par' dir='ltr' id='par_1_116' title="bbox 1940 5356 3548 5431">
     <span class='ocr_line' id='line_1_116' title="bbox 1940 5356 3548 5431; baseline 0.011 -22"><span class='ocrx_word' id='word_1_874' title='bbox 1940 5365 2026 5411; x_wconf 89' lang='lat' dir='ltr'><strong>set</strong></span> <span class='ocrx_word' id='word_1_875' title='bbox 2052 5356 2342 5425; x_wconf 87' lang='lat' dir='ltr'><strong>impurum,</strong></span> <span class='ocrx_word' id='word_1_876' title='bbox 2378 5372 2483 5411; x_wconf 86' lang='lat' dir='ltr'><strong>non</strong></span> <span class='ocrx_word' id='word_1_877' title='bbox 2506 5358 2721 5426; x_wconf 88' lang='lat' dir='ltr'><strong>quidem</strong></span> <span class='ocrx_word' id='word_1_878' title='bbox 2750 5371 2936 5430; x_wconf 85' lang='lat' dir='ltr'><strong>snapte</strong></span> <span class='ocrx_word' id='word_1_879' title='bbox 2959 5372 3169 5431; x_wconf 86' lang='lat' dir='ltr'><strong>natura,</strong></span> <span class='ocrx_word' id='word_1_880' title='bbox 3211 5367 3305 5421; x_wconf 87' lang='lat' dir='ltr'><strong>scd</strong></span> <span class='ocrx_word' id='word_1_881' title='bbox 3358 5373 3548 5427; x_wconf 82' lang='lat' dir='ltr'><strong>volun-</strong></span> 
     </span>
    </p>
   </div>
   <div class='ocr_carea' id='block_1_117' title="bbox 1942 5452 3553 5530">
    <p class='ocr_par' dir='ltr' id='par_1_117' title="bbox 1942 5452 3553 5530">
     <span class='ocr_line' id='line_1_117' title="bbox 1942 5452 3553 5530; baseline 0.011 -26"><span class='ocrx_word' id='word_1_882' title='bbox 1942 5460 2053 5506; x_wconf 87' lang='lat' dir='ltr'><strong>tate</strong></span> <span class='ocrx_word' id='word_1_883' title='bbox 2080 5452 2420 5506; x_wconf 70' lang='lat' dir='ltr'><strong>offerentium</strong></span> <span class='ocrx_word' id='word_1_884' title='bbox 2455 5470 2465 5504; x_wconf 94' lang='lat'>:</span> <span class='ocrx_word' id='word_1_885' title='bbox 2497 5464 2551 5506; x_wconf 86' lang='lat' dir='ltr'><strong>et</strong></span> <span class='ocrx_word' id='word_1_886' title='bbox 2577 5453 2697 5507; x_wconf 88' lang='lat' dir='ltr'><strong>ideo</strong></span> <span class='ocrx_word' id='word_1_887' title='bbox 2721 5455 2856 5509; x_wconf 84' lang='lat' dir='ltr'><strong>dixit</strong></span> <span class='ocrx_word' id='word_1_888' title='bbox 2888 5475 2901 5509; x_wconf 90' lang='lat'><strong><em>:</em></strong></span> <span class='ocrx_word' id='word_1_889' title='bbox 2934 5457 3210 5530; x_wconf 68' lang='lat' dir='ltr'><strong>lncensuin</strong></span> <span class='ocrx_word' id='word_1_890' title='bbox 3239 5465 3553 5522; x_wconf 83' lang='lat' dir='ltr'><strong>abominatio</strong></span> 
     </span>
    </p>
   </div>
   <div class='ocr_carea' id='block_1_118' title="bbox 1940 5544 3551 5631">
    <p class='ocr_par' dir='ltr' id='par_1_118' title="bbox 1940 5544 3551 5631">
     <span class='ocr_line' id='line_1_118' title="bbox 1940 5544 3551 5631; baseline 0.012 -32"><span class='ocrx_word' id='word_1_891' title='bbox 1940 5556 2013 5599; x_wconf 83' lang='lat' dir='ltr'><strong>est</strong></span> <span class='ocrx_word' id='word_1_892' title='bbox 2039 5546 2165 5599; x_wconf 80' lang='lat' dir='ltr'><strong>mihi</strong></span> <span class='ocrx_word' id='word_1_893' title='bbox 2194 5549 2213 5614; x_wconf 98' lang='lat'><strong>(</strong></span> <span class='ocrx_word' id='word_1_894' title='bbox 2240 5544 2368 5601; x_wconf 84' lang='lat' dir='ltr'><strong>lsai.</strong></span> <span class='ocrx_word' id='word_1_895' title='bbox 2400 5548 2449 5600; x_wconf 89' lang='grc'><strong>1.</strong></span> <span class='ocrx_word' id='word_1_896' title='bbox 2487 5548 2615 5617; x_wconf 79' lang='grc'><strong>15).</strong></span> <span class='ocrx_word' id='word_1_897' title='bbox 2655 5548 2989 5620; x_wconf 84' lang='lat' dir='ltr'><strong>Quamquam</strong></span> <span class='ocrx_word' id='word_1_898' title='bbox 3021 5562 3073 5606; x_wconf 86' lang='lat' dir='ltr'><strong>et</strong></span> <span class='ocrx_word' id='word_1_899' title='bbox 3111 5556 3312 5626; x_wconf 85' lang='lat' dir='ltr'><strong>alioqui</strong></span> <span class='ocrx_word' id='word_1_900' title='bbox 3352 5560 3397 5614; x_wconf 89' lang='lat' dir='ltr'><strong>si</strong></span> <span class='ocrx_word' id='word_1_901' title='bbox 3429 5563 3551 5631; x_wconf 80' lang='lat' dir='ltr'><strong>quis</strong></span> 
     </span>
    </p>
   </div>
   <div class='ocr_carea' id='block_1_119' title="bbox 1940 5640 3549 5719">
    <p class='ocr_par' dir='ltr' id='par_1_119' title="bbox 1940 5640 3549 5719">
     <span class='ocr_line' id='line_1_119' title="bbox 1940 5640 3549 5719; baseline 0.008 -24"><span class='ocrx_word' id='word_1_902' title='bbox 1940 5642 2114 5709; x_wconf 90' lang='lat' dir='ltr'><strong>ipsum</strong></span> <span class='ocrx_word' id='word_1_903' title='bbox 2158 5640 2261 5695; x_wconf 84' lang='lat' dir='ltr'><strong>hoc</strong></span> <span class='ocrx_word' id='word_1_904' title='bbox 2292 5640 2616 5695; x_wconf 90' lang='lat' dir='ltr'><strong>sacriﬁcium</strong></span> <span class='ocrx_word' id='word_1_905' title='bbox 2642 5641 2885 5695; x_wconf 87' lang='lat' dir='ltr'><strong>conferat</strong></span> <span class='ocrx_word' id='word_1_906' title='bbox 2910 5658 3032 5697; x_wconf 91' lang='lat' dir='ltr'><strong>cum</strong></span> <span class='ocrx_word' id='word_1_907' title='bbox 3066 5645 3157 5700; x_wconf 91' lang='lat' dir='ltr'><strong>illo</strong></span> <span class='ocrx_word' id='word_1_908' title='bbox 3184 5687 3199 5712; x_wconf 95' lang='lat'><strong>,</strong></span> <span class='ocrx_word' id='word_1_909' title='bbox 3230 5648 3420 5719; x_wconf 81' lang='lat' dir='ltr'><strong>ingens</strong></span> <span class='ocrx_word' id='word_1_910' title='bbox 3447 5653 3549 5708; x_wconf 86' lang='lat' dir='ltr'><strong>itu-</strong></span> 
     </span>
    </p>
   </div>
   <div class='ocr_carea' id='block_1_120' title="bbox 1941 5734 3550 5815">
    <p class='ocr_par' dir='ltr' id='par_1_120' title="bbox 1941 5734 3550 5815">
     <span class='ocr_line' id='line_1_120' title="bbox 1941 5734 3550 5815; baseline 0.009 -27"><span class='ocrx_word' id='word_1_911' title='bbox 1941 5749 2295 5805; x_wconf 85' lang='lat' dir='ltr'><strong>mensumque</strong></span> <span class='ocrx_word' id='word_1_912' title='bbox 2335 5734 2624 5789; x_wconf 89' lang='lat' dir='ltr'><strong>discrimen</strong></span> <span class='ocrx_word' id='word_1_913' title='bbox 2674 5736 2934 5803; x_wconf 87' lang='lat' dir='ltr'><strong>inveniet,</strong></span> <span class='ocrx_word' id='word_1_914' title='bbox 2986 5746 3043 5791; x_wconf 90' lang='lat' dir='ltr'><strong>ut</strong></span> <span class='ocrx_word' id='word_1_915' title='bbox 3089 5738 3237 5808; x_wconf 81' lang='lat' dir='ltr'><strong>juxta</strong></span> <span class='ocrx_word' id='word_1_916' title='bbox 3267 5758 3550 5815; x_wconf 82' lang='lat' dir='ltr'><strong>compara-</strong></span> 
     </span>
    </p>
   </div>
   <div class='ocr_carea' id='block_1_121' title="bbox 1942 5826 3549 5898">
    <p class='ocr_par' dir='ltr' id='par_1_121' title="bbox 1942 5826 3549 5898">
     <span class='ocr_line' id='line_1_121' title="bbox 1942 5826 3549 5898; baseline 0.009 -19"><span class='ocrx_word' id='word_1_917' title='bbox 1942 5826 2103 5879; x_wconf 79' lang='lat' dir='ltr'><strong>tionis</strong></span> <span class='ocrx_word' id='word_1_918' title='bbox 2156 5826 2418 5895; x_wconf 85' lang='lat' dir='ltr'><strong>rationem</strong></span> <span class='ocrx_word' id='word_1_919' title='bbox 2475 5829 2651 5882; x_wconf 88' lang='lat' dir='ltr'><strong>solum</strong></span> <span class='ocrx_word' id='word_1_920' title='bbox 2704 5827 2805 5881; x_wconf 89' lang='lat' dir='ltr'><strong>hoc</strong></span> <span class='ocrx_word' id='word_1_921' title='bbox 2855 5846 3046 5898; x_wconf 91' lang='lat' dir='ltr'><strong>purum</strong></span> <span class='ocrx_word' id='word_1_922' title='bbox 3097 5831 3202 5886; x_wconf 89' lang='lat' dir='ltr'><strong>dici</strong></span> <span class='ocrx_word' id='word_1_923' title='bbox 3253 5848 3549 5894; x_wconf 83' lang='lat' dir='ltr'><strong>mereatur.</strong></span> 
     </span>
    </p>
   </div>
   <div class='ocr_carea' id='block_1_122' title="bbox 1945 5923 3550 5998">
    <p class='ocr_par' dir='ltr' id='par_1_122' title="bbox 1945 5923 3550 5998">
     <span class='ocr_line' id='line_1_122' title="bbox 1945 5923 3550 5998; baseline 0.01 -25"><span class='ocrx_word' id='word_1_924' title='bbox 1945 5923 2202 5991; x_wconf 73' lang='lat' dir='ltr'><strong>Quodque</strong></span> <span class='ocrx_word' id='word_1_925' title='bbox 2235 5925 2300 5979; x_wconf 87' lang='lat' dir='ltr'><strong>de</strong></span> <span class='ocrx_word' id='word_1_926' title='bbox 2323 5924 2437 5994; x_wconf 77' lang='lat' dir='ltr'><strong>lege</strong></span> <span class='ocrx_word' id='word_1_927' title='bbox 2463 5934 2509 5979; x_wconf 87' lang='lat' dir='ltr'><strong>et</strong></span> <span class='ocrx_word' id='word_1_928' title='bbox 2530 5924 2697 5991; x_wconf 77' lang='lat' dir='ltr'><strong>gratia</strong></span> <span class='ocrx_word' id='word_1_929' title='bbox 2722 5924 2851 5978; x_wconf 76' lang='lat' dir='ltr'><strong>dixit</strong></span> <span class='ocrx_word' id='word_1_930' title='bbox 2871 5925 3085 5991; x_wconf 84' lang='lat' dir='ltr'><strong>Paulus,</strong></span> <span class='ocrx_word' id='word_1_931' title='bbox 3110 5942 3175 5980; x_wconf 89' lang='lat' dir='ltr'><strong>ne</strong></span> <span class='ocrx_word' id='word_1_932' title='bbox 3192 5930 3550 5998; x_wconf 64' lang='lat' dir='ltr'><strong>gloriﬁcantia:</strong></span> 
     </span>
    </p>
   </div>
  </div>
