4178 6324
592 400 705 455 1103

591 513 816 583 quidem
843 510 962 573 fuit,
990 510 1132 580 quod
1158 519 1274 564 erat
1301 509 1680 579 glorificatum,
1709 516 1927 578 propter
1952 506 2195 562 eminen-

597 609 709 661 lem
748 603 975 674 gloriam
1025 600 1109 672 (Ξ.
1137 599 1255 655 Cor.
1286 601 1338 655 5.
1371 598 1475 670 10)
1505 617 1519 656 :
1553 600 1691 653 idem
1737 608 1792 653 et
1840 598 1925 652 hic
1973 597 2197 651 fidenter

598 692 915 759 dixerimus,
940 694 1187 749 videlicet
1211 693 1311 748 hoc
1332 692 1651 748 sacrificium
1672 706 1793 745 cum
1825 690 1916 745 illo
1940 689 2194 745 coliatum

596 790 770 843 solum
803 786 905 842 dici
951 786 1149 842 debere
1196 800 1407 857 purum.
1458 784 1573 840 Non
1602 784 1742 839 enim
1772 799 1870 853 per
1900 784 2101 837 firmum
2132 797 2195 838 ac

596 879 839 935 nidorem
858 920 875 945 ,
905 894 1009 935 non
1037 894 1132 950 per
1160 878 1473 947 sanguinem
1497 891 1559 931 ac
1588 875 1971 946 redemptionis
1997 874 2191 945 pretia,

595 970 689 1026 sed
718 986 813 1041 per
838 970 1067 1040 Spiritus
1092 970 1313 1040 gratiam
1341 968 1579 1022 oﬂ‘ertur.
1606 966 1739 1022 Audi
1764 968 1921 1036 igitur
1942 975 1996 1021 et
2026 966 2188 1019 alium

596 1061 910 1131 prophetam
954 1060 1057 1115 hoc
1096 1060 1236 1114 idem
1267 1060 1641 1129 prmdiccntem
1668 1100 1682 1122 ,
1715 1057 1855 1127 quod
1886 1056 1981 1110 Dei
2019 1055 2191 1109 cultus

596 1168 701 1209 non
729 1152 1249 1209 circumscribendus
1279 1161 1423 1206 esset
1468 1152 1587 1204 loco
1612 1192 1626 1214 ,
1671 1150 1764 1205 sed
1784 1149 1975 1225 ipsum
2003 1162 2192 1203 omnes

594 1246 847 1315 deinceps
874 1246 1118 1301 homines
1143 1240 1637 1315 essent'cognituri.
1687 1242 1986 1313 Sophonias
2011 1254 2188 1296 autem

593 1338 659 1392 ad
689 1339 827 1392 hunc
856 1338 1073 1393 modum
1115 1337 1349 1405 loquitur
1380 1354 1394 1391 :
1426 1336 1701 1407 Apparebit
1745 1346 1913 1390 autent
1942 1335 2191 1388 Dominus

591 1448 745 1499 super
774 1447 947 1485 omnes
993 1439 1163 1501 gentes
1184 1472 1196 1493 ,
1240 1439 1289 1483 et
1336 1428 1551 1483 abolebit
1578 1444 1750 1482 omnes
1790 1428 1912 1481 deos
1938 1426 2182 1497 gentium,

588 1530 637 1573 et
678 1521 965 1573 adorabunt
1004 1521 1149 1574 illum
1175 1536 1203 1573 e
1229 1537 1321 1574 suo
1359 1520 1570 1590 quisque
1607 1519 1717 1573 loco
1760 1516 1950 1590 (Soph.
1982 1516 2036 1570 2.
2072 1517 2186 1585 11).

591 1612 751 1679 Atqui
778 1626 881 1665 non
912 1612 1228 1681 permissum
1261 1612 1361 1665 hoc
1388 1610 1505 1675 fuit,
1537 1610 1629 1664 sed
1655 1609 1827 1663 Moses
1851 1623 1957 1661 uno
1980 1608 2031 1661 in
2065 1607 2184 1661 loco

582 1701 881 1755 sacrificari
926 1702 1106 1771 jussit.
1167 1701 1300 1756 Cum
1352 1701 1511 1769 igitur
1544 1699 1728 1753 audias
1756 1699 2047 1768 prophetas
2085 1698 2186 1752 hoc

580 1790 943 1859 praedicenti-3
970 1807 1033 1846 ac
1060 1791 1411 1845 vaticinantes
1431 1832 1445 1853 ,
1476 1790 1615 1860 quod
1644 1804 1749 1844 non
1789 1790 1840 1843 in
1867 1804 2025 1843 unam
2057 1789 2186 1843 civi-

590 1891 784 1949 tatem,
816 1897 991 1953 neque
1016 1884 1069 1937 in
1098 1899 1259 1937 unum
1290 1884 1468 1938 iocum
1496 1882 1850 1952 compellendi
1876 1883 1984 1937 sint
2016 1881 2185 1936 homi-

573 1988 703 2039 -nes,
733 1974 827 2028 sed
850 1990 959 2029 suae
980 1975 1204 2045 quisque
1230 1974 1374 2028 domi
1404 1974 1598 2029 sedens
1616 1974 1684 2028 sit
1702 1974 1943 2028 culturus
1974 1974 2143 2028 Deum
2168 1984 2182 2018 ε

566 2063 724 2130 ~quod
748 2064 890 2119 aliud
918 2065 1091 2135 possis
1117 2063 1307 2120 aﬂ‘erre
1330 2073 1540 2133 tempus
1568 2080 1727 2133 quam
1769 2064 1871 2119 hoc
1905 2064 2182 2134 praesens?

588 2153 724 2208 Audi
766 2169 896 2210 sane
939 2172 1045 2225 quo
1092 2166 1249 2226 pacto
1290 2165 1343 2210 ct
1388 2156 1676 2226 Evangelia
1707 2165 1761 2211 et
1805 2156 2179 2227 apostolicum

572 2244 866 2315 prophetia
883 2242 1227 2301 concordent.
1260 2247 1356 2301 ﬂic
1376 2246 1509 2301 dixit
1542 2265 1554 2300 :
1583 2246 1859 2317 Apparebit
1888 2246 2181 2307 Dominus;

583 2338 870 2405 Apostolus
898 2338 971 2392 ait
1001 2356 1013 2392 :
1038 2338 1301 2408 ’Apparuit
1336 2340 1501 2409 gratia
1540 2336 1637 2390 Dei
1674 2338 1916 2392 salutaris
1951 2336 2181 2391 omnibus

576 2429 868 2484 hominibus
892 2472 907 2496 ,
949 2431 1181 2485 erudiens
1208 2448 1332 2495 nos;
1378 2430 1466 2485 hic
1502 2430 1671 2499 inquit
1694 2470 1709 2495 ,
1754 2429 1922 2499 Super
1960 2439 2133 2498 gentes
2159 2445 2178 2483 :

572 2518 701 2583 ille,
747 2518 919 2588 Super
946 2536 1124 2574 omnes
1154 2520 1423 2585 homines;
1466 2519 1551 2573 hic
1583 2519 1719 2574 dixit
1752 2536 1766 2573 :
1796 2519 2021 2572 Abotebit
2061 2519 2179 2572 deos

580 2626 770 2673 eorum,
796 2609 911 2675 ille,
943 2608 1196 2663 Erudiens
1225 2626 1336 2678 nos,
1365 2620 1419 2663 ut
1448 2611 1751 2681 abnegantes
1779 2610 2087 2678 impietatem
2117 2625 2177 2661 ac

578 2703 847 2756 saecularia
871 2703 1151 2768 desideria,
1193 2704 1356 2757 sobrie
1379 2711 1425 2756 et
1452 2704 1595 2773 juste
1619 2712 1666 2756 et
1687 2705 1768 2773 pie
1791 2702 2017 2756 vivamus
2045 2700 2174 2772 (Tit.

580 2795 631 2847 2.
684 2778 805 2865 11).
862 2796 1061 2852 Rursus
1111 2795 1357 2851 Christus
1404 2796 1751 2851 Samaritanus
1798 2796 1976 2851 dixit:
2019 2795 2178 2851 Crede

577 2886 739 2949 milii,
784 2888 996 2952 mulier,
1040 2888 1161 2957 quia
1201 2889 1331 2942 venit
1377 2888 1537 2953 hora,
1579 2888 1786 2955 quando
1811 2903 1901 2942 nec
1927 2888 1981 2941 in
2010 2899 2177 2943 monte

578 2978 708 3043 hoc,
750 2993 838 3031 nec
874 2978 1209 3048 Jerosolymis
1252 2978 1528 3032 adorabitis
1568 2978 1795 3033 Patrem.
1846 2977 2072 3047 Spiritus
2099 2988 2170 3031 est

578 3066 753 3133 Deus;
792 3078 840 3122 et
866 3070 954 3139 qui
974 3084 1089 3122 eum
1117 3068 1355 3133 adorant,
1384 3069 1437 3121 in
1467 3069 1649 3139 spiritu
1678 3078 1723 3121 ct
1751 3069 1955 3123 veritate
1977 3078 2175 3137 Oportet

574 3158 791 3212 adorare
816 3158 998 3229 (Ioan.
1028 3160 1079 3213 4.
1110 3157 1223 3230 21).
1279 3158 1402 3214 llmc
1428 3168 1605 3223 autem
1652 3159 1861 3213 diccbat
1882 3201 1895 3224 ,
1928 3157 2081 3212 simul
2114 3167 2169 3211 et

1354 393 1410 449 S.
1452 392 1731 450 .lOANNlS
1769 388 2251 447 CllﬂYSOSTOMl
2296 388 2615 447 ARCHIEP.
2658 390 3185 449 CONSTANTINOP.

3807 142 4133 452 ..ΪἽ

2306 508 2677 560 necessitatem
2708 506 2901 561 tollens
2925 507 3243 561 observandi
3278 508 3376 563 loci
3400 550 3413 573 ,
3455 517 3509 562 ct
3531 509 3709 564 cultus
3735 513 3910 565 subti—

2305 598 2441 652 mius
2472 601 2746 667 magisque
2770 598 3047 667 Spirituale
3073 613 3241 669 genus
3270 599 3550 655 inducens.
3588 601 3668 655 Ex
3699 602 3785 657 his
3810 603 3912 672 igio

2297 699 2391 743 tur
2433 706 2646 745 rursum
2693 701 2903 760 poterat
2942 691 3344 758 demonstrari,
3400 702 3519 762 post
3562 691 3683 748 inec
3733 708 3913 765 neque

2301 781 2595 848 sacrificia,
2647 796 2821 851 neque
2859 782 3253 843 sacrnlotium,
3308 798 3483 854 neque
3530 800 3715 855 regem
3760 784 3905 855 apud

2299 872 2515 927 Jude
2546 872 2777 926 futurum
2804 887 2943 927 esse.
2974 873 3107 927 Nam
3129 890 3223 942 per
3251 873 3396 927 urbis
3426 877 3764 931 eversionem
3792 878 3907 931 ha-e

2297 965 2478 1019 omnia
2508 964 2841 1033 potissimum
2868 964 3028 1018 simul
3057 965 3275 1033 probata
3303 974 3447 1020 sunt.
3480 968 3726 1023 Attamen
3756 978 3910 1038 pote-

2299 1071 2479 1111 ramus
2503 1066 2556 1111 et
2597 1055 2887 1126 prophetas
2930 1057 3199 1126 allegare,
3244 1057 3335 1128 qui
3376 1058 3480 1114 hoc
3522 1074 3786 1129 expresse
3830 1062 3908 1116 lo-

2297 1160 2533 1221 quuntur
2565 1170 2578 1205 :
2607 1152 2701 1206 sed
2744 1152 2899 1209 video
2936 1169 3036 1208 vos
3066 1154 3323 1207 orationis
3352 1152 3685 1224 longitudine
3715 1153 3907 1223 fatiga-

2298 1253 2415 1308 tos,
2470 1258 2769 1315 vereorque
2818 1262 2886 1302 ne
2938 1248 3132 1301 frustra
3182 1256 3492 1316 temereqne
3543 1246 3729 1301 videar
3780 1262 3907 1302 esse

2296 1334 2575 1391 molestus.
2608 1337 2942 1409 Quapropter
2966 1338 3235 1408 pollicitus
3258 1353 3347 1393 me
3375 1336 3491 1392 haec
3520 1338 3628 1392 alio
3654 1346 3903 1405 tempore

2293 1429 2661 1483 absoluturum
2690 1472 2705 1496 ,
2758 1431 2886 1486 illud
2924 1431 3137 1485 interim
3183 1432 3384 1501 rogabo
3410 1447 3506 1487 vos
3532 1472 3547 1497 ,
3599 1442 3657 1485 ut
3704 1433 3898 1487 fratres

2295 1530 2502 1577 vestros
2544 1523 2771 1578 servetis
2795 1566 2808 1588 ,
2847 1528 2917 1580 ab
2951 1540 3136 1579 errore
3178 1526 3443 1580 revocctis
3466 1566 3479 1591 ,
3524 1526 3589 1578 ad
3615 1526 3899 1580 veritate".

2294 1613 2582 1671 redueatis.
2634 1612 2771 1668 Nihil
2801 1617 2941 1669 enim
2994 1617 3251 1684 profucrit
3297 1616 3551 1683 audisse,
3605 1617 3707 1671 nisi
3760 1618 3897 1673 facta

2292 1704 2730 1758 demonstrentur
2758 1746 2772 1769 ,
2800 1722 2920 1776 qum
2950 1722 3071 1760 cum
3102 1707 3259 1762 dictis
3289 1708 3648 1763 consentiant.
3684 1707 3897 1763 Etenim

2292 1812 2411 1865 quae
2437 1796 2576 1851 dicta
2604 1808 2725 1851 sunt
2753 1840 2767 1862 ,
2797 1813 2903 1853 non
2930 1809 3149 1868 propter
3170 1815 3263 1854 vos
3294 1800 3432 1855 dicta
3465 1810 3610 1865 sunt,
3640 1802 3735 1854 sed
3765 1816 3896 1870 pro-

2295 1900 2409 1958 pter
2432 1890 2551 1944 illos
2578 1890 2819 1963 intlrmos
2848 1909 2862 1945 :
2897 1901 2953 1947 ut
3000 1892 3073 1947 illi
3121 1902 3399 1963 postquam
3440 1894 3554 1948 hmc
3578 1910 3608 1947 a
3635 1895 3787 1948 vobis
3815 1894 3899 1947 di-

2291 1981 2553 2046 dicerint,
2599 1990 2654 2037 et
2698 1996 2727 2036 a
2775 1998 2934 2051 prava
2982 1984 3369 2039 consuetudine
3415 1985 3617 2040 fuerint
3652 1983 3893 2045 liberati.

2290 2076 2557 2129 sincerum
2612 2084 2666 2131 et
2714 2091 3030 2145 germanum
3082 2086 3337 2146 prmstcnt
3393 2076 3893 2141 Christianismum,

2289 2163 2596 2236 fugiantque
2619 2183 2808 2236 pravos
2828 2168 3133 2223 Judmornm
3154 2183 3475 2237 congressus
3490 2178 3541 2222 ct
3567 2178 3894 2234 conventus,

2288 2260 2399 2311 sive
2423 2260 2509 2328 qui
2542 2259 2673 2313 fiunt
2702 2260 2752 2313 in
2774 2259 2988 2314 civitate
3012 2300 3028 2325 ,
3067 2261 3179 2313 sive
3208 2260 3301 2329 qui
3340 2260 3391 2314 in
3428 2260 3734 2322 suburbiis,
3768 2276 3896 2329 spe-

2289 2349 2470 2404 luncas
2496 2349 2761 2404 latronum
2783 2392 2796 2415 ,
2831 2351 3134 2405 dmmonum
3165 2350 3488 2405 habitacula.
3540 2351 3776 2406 Proinde
3816 2367 3891 2407 ne

2286 2439 2547 2496 deseratis
2591 2442 2804 2497 illorum
2851 2442 3076 2497 salutem
3101 2483 3117 2508 ,
3148 2442 3240 2497 sed
3271 2442 3555 2513 diligenter
3584 2445 3763 2497 omnia
3809 2442 3897 2496 fa-

2282 2532 2519 2597 cientes,
2571 2532 2701 2587 nihil
2748 2549 2854 2588 non
2904 2542 3211 2599 tentantes,
3263 2544 3497 2603 :egrotos
3538 2533 3779 2587 reducite
3817 2534 3893 2588 ad

2283 2622 2576 2691 Christum,
2611 2632 2741 2678 utet
2769 2624 2821 2678 in
2849 2622 2951 2678 hoc
2976 2624 3176 2679 smculo
3202 2664 3214 2687 ,
3241 2623 3373 2677 etin
3405 2623 3583 2677 futura
3609 2624 3713 2677 vita
3744 2627 3893 2681 rcci-

2286 2714 2493 2785 piamus
2544 2715 2825 2785 prtemium
2880 2714 3175 2770 benefactis
3224 2715 3632 2784 nostris‘longe
3683 2715 3891 2784 majus,

2281 2809 2449 2877 gratia
2476 2817 2530 2862 et
2576 2808 2816 2864 bonitate
2852 2808 3063 2863 Domini
3112 2808 3282 2863 nostri
3312 2807 3439 2863 Jesu
3484 2807 3721 2873 Christi,
3766 2809 3897 2879 qui-

2281 2914 2399 2952 cum
2430 2908 2485 2953 et
2518 2914 2611 2968 per
2654 2914 2813 2969 quem
2852 2899 2994 2953 Patri
3024 2899 3192 2968 gloria
3224 2913 3325 2953 una
3356 2914 3480 2954 cum
3516 2909 3707 2954 sancto
3728 2908 3785 2954 et
3808 2900 3897 2953 vi-

2280 2988 2436 3043 viﬁco
2461 2989 2661 3059 Spiritu
2682 3031 2696 3055 ,
2734 3004 2874 3045 nunc
2897 2998 2951 3043 et
2978 3004 3222 3059 semper,
3247 2998 3302 3044 et
3328 2990 3378 3044 in
3415 2990 3614 3045 sarcula
3644 2990 3889 3045 seculo-

2280 3095 2399 3133 rum
2422 3122 2435 3144 ,
2466 3080 2657 3133 Amen.

582 3382 707 3425 αιιι
752 3382 1084 3427 ευριζιιιοιιι
1133 3385 1238 3425 DIE
1285 3384 1621 3428 PROLIXIUS
1666 3385 2108 3428 DISSERUISSET
2142 3383 2463 3427 ADVERSUS
2486 3382 2765 3439 JUDEOS,
2794 3383 3005 3436 ATQUE
3037 3384 3187 3426 HINC
3235 3383 3647 3426 RAUCEDINEH
3699 3384 3886 3429 VOCIS

1505 3484 1999 3538 CONTRAXISSET,
2046 3483 2214 3526 BANC
2256 3482 2629 3525 ORATIONEM
2675 3483 2940 3527 ΗΔΒΠῙΤ.

2048 3620 2395 3629 —————___—

1137 3712 1338 3752 οιιΑτιο
1376 3714 1473 3753 εει(
1485 3716 1573 3754 ΤΑ.

656 3787 707 3841 1.
751 3786 938 3843 Bestia:
963 3788 1135 3843 donec
1170 3790 1222 3843 in
1258 3791 1426 3862 sylvis
1452 3799 1693 3860 pascunt,
1727 3791 1949 3845 necdum
1980 3807 2166 3860 pugna:

576 3876 833 3931 adversus
861 3878 1104 3934 homines
1146 3880 1489 3944 adhibentur,
1530 3880 1770 3935 mitiores
1810 3890 1935 3935 sunt
1974 3883 2176 3935 minus-

578 3984 680 4037 que
704 3984 898 4033 sasvas;
928 3986 1113 4025 verum
1146 3972 1233 4026 ubi
1261 3982 1545 4027 venatores
1593 3988 1683 4027 eas
1714 3982 1894 4042 captas
1924 3974 2171 4039 itturbes

578 4057 914 4125 adduxerim,
938 4069 1097 4130 atque
1127 4061 1358 4117 inclusas
1394 4062 1809 4125 cxstimularint,
1848 4072 1903 4117 ut
1936 4075 2172 4134 pugnent

578 4163 699 4201 cum
729 4148 793 4202 iis
832 4150 921 4217 qui
952 4149 1139 4204 bestiis
1185 4151 1529 4221 objiciuntur,
1562 4161 1745 4221 postea
1790 4154 2053 4208 irruentes
2084 4155 2170 4209 ubi

577 4252 795 4293 carnem
822 4238 1259 4308 degustaverunt,
1289 4251 1343 4294 et
1369 4242 1680 4311 sanguinem
1714 4242 2003 4298 humanm
2026 4245 2175 4299 bibe-

579 4338 723 4394 runt,
754 4346 860 4383 non
888 4331 1044 4387 facile
1069 4331 1338 4386 abstinent
1379 4348 1406 4385 a
1441 4334 1633 4389 talibus
1663 4335 1857 4403 epulis,
1888 4336 1981 4390 sed
2010 4337 2172 4391 multa

576 4436 699 4476 eum
729 4422 983 4479 aviditate
1021 4424 1087 4478 ad
1132 4426 1375 4480 eamdem
1422 4425 1712 4481 decurrunt
1754 4444 2017 4484 mensam.
2065 4432 2173 4485 lloc

577 4526 709 4566 sane
741 4522 797 4568 et
832 4514 986 4569 nobis
1020 4529 1117 4569 usu
1144 4516 1308 4571 venit.
1342 4516 1626 4587 Postquam
1657 4520 1799 4573 enim
1828 4535 1950 4574 cum
1975 4520 2171 4576 ,Ιιιάιιιὶε

580 4620 816 4674 pugnam
843 4608 1199 4677 suscepimus,
1225 4617 1280 4663 et
1306 4608 1507 4678 impetu
1533 4610 1792 4687 adversus
1824 4611 2035 4666 illorum
2068 4614 2169 4668 im-

575 4697 842 4765 pudentes
879 4700 1331 4757 contradictiones
1356 4702 1517 4770 facto,
1548 4704 1781 4759 rationes
1806 4704 2018 4759 illorum
2047 4708 2173 4761 sub-

580 4789 857 4854 vertimus,
878 4806 1197 4863 omnemque
1222 4794 1590 4848 celsitudinem
1619 4796 1909 4865 erigentem
1935 4813 2053 4851 sese
2078 4797 2179 4851 ad~

582 4896 767 4937 versus
815 4885 1173 4952 cognitionem
1234 4886 1363 4948 Dei,
1419 4896 1473 4940 et
1527 4888 1879 4956 cogitationes
1937 4889 2172 4958 captivas

582 4975 831 5028 duximus
860 4976 923 5028 ad
954 4976 1244 5044 parendum
1273 4976 1488 5031 Christo
1521 4978 1595 5049 (2.
1630 4978 1745 5032 Cor.
1778 4979 1865 5033 10.
1891 4981 1969 5045 5),
2004 4981 2173 5050 major

578 5066 743 5121 etiam
771 5079 870 5119 nos
892 5067 1035 5135 cepit
1062 5068 1320 5133 adversus
1346 5068 1467 5122 illos
1494 5068 1723 5123 bellandi
1752 5070 2036 5139 cupiditas.
2067 5070 2170 5127 Sed

578 5156 703 5225 quid
736 5157 964 5211 faciam?
992 5156 1207 5235 Videtis
1221 5159 1366 5223 .mihi
1401 5175 1587 5214 vocem
1621 5161 1811 5215 factam
1856 5161 2169 5216 imbecillio-

580 5262 717 5311 rem,
738 5262 856 5316 qnte
884 5257 1043 5302 tanta:
1081 5252 1345 5304 sermonis
1374 5266 1583 5305 rursum
1614 5252 1899 5319 prolixitati
1933 5267 2027 5321 par
2052 5267 2172 5307 esse

581 5355 686 5395 non
717 5340 903 5409 possit,
931 5342 1176 5413 idemque
1204 5344 1335 5397 mihi
1360 5360 1500 5399 nunc
1525 5344 1787 5411 accidere,
1814 5345 1963 5416 quasi
1986 5347 2028 5400 si
2051 5346 2171 5417 quis

583 5431 737 5485 miles
767 5433 997 5487 concisis
1022 5434 1221 5504 aliquot
1262 5451 1327 5489 ex
1371 5435 1635 5501 hostibus,
1668 5453 1967 5508 magnoque
1992 5439 2170 5493 animo

582 5520 933 5591 impressione
978 5524 1117 5579 facta
1170 5526 1221 5580 in
1267 5525 1498 5581 hostium
1543 5528 1922 5583 eondensatam
1976 5530 2166 5595 aciem,

580 5616 819 5685 pluribus
860 5622 1159 5688 prostratis,
1209 5638 1331 5677 mox
1374 5622 1543 5677 fracto
1576 5624 1751 5692 gladio
1796 5635 2169 5680 consternatus

580 5709 646 5765 ad
670 5725 797 5766 suos
825 5725 945 5767 sese
975 5712 1193 5768 referat.
1219 5714 1356 5779 Quin
1388 5716 1580 5783 potius,
1610 5716 1750 5785 quod
1778 5717 1930 5771 nobis
1952 5716 2166 5781 accidit,

575 5802 797 5873 gravius
840 5812 940 5859 est.
984 5802 1114 5859 Nam
1154 5804 1305 5860 militi
1332 5805 1421 5876 qui
1466 5806 1622 5877 fregit
1659 5804 1910 5878 gladium,
1943 5808 2064 5863 licet
2104 5807 2169 5861 ab

2404 3623 2433 3631 _

2278 3704 2382 3757 alio
2432 3703 2681 3773 quopiam
2723 3702 3047 3757 adstantium
3096 3717 3281 3757 ensem
3331 3702 3562 3771 eripere,
3609 3718 3882 3775 suumque

2279 3794 2513 3847 animum
2534 3809 2777 3858 exerere,
2805 3793 3131 3864 multamque
3152 3794 3525 3848 strenuitatem
3553 3794 3839 3850 ostendere
3863 3816 3877 3848 :

2279 3894 2333 3938 at
2365 3884 2414 3939 si
2442 3899 2545 3939 vox
2574 3886 2797 3950 laboret,
2831 3901 2936 3938 non
2969 3884 3095 3940 licet
3121 3885 3189 3938 ab
3214 3884 3320 3940 alio
3345 3900 3534 3940 vocem
3565 3895 3750 3941 mutuo
3780 3901 3879 3941 su-

2282 3991 2449 4035 mere.
2474 3976 2611 4043 Quid
2644 3976 2841 4046 igitur?
2869 3975 3155 4047 Fugiemus
3180 3987 3234 4031 et
3262 3976 3393 4030 nos?
3421 3977 3489 4032 At
3515 3992 3620 4033 non
3646 3980 3876 4047 permit-

2282 4068 2343 4119 tit
2374 4067 2477 4121 hoc
2497 4078 2689 4122 vestrae
2717 4068 2955 4123 caritatis
2997 4068 3238 4139 tyrannis
3278 4083 3340 4123 ac
3372 4068 3644 4123 violentia.
3671 4070 3876 4126 Vereor

2281 4168 2333 4213 et
2366 4157 2533 4229 patris
2566 4162 2907 4230 prazsentiam
2953 4162 2993 4227 ί,
3043 4170 3099 4215 et
3125 4169 3356 4216 vestram
3406 4176 3601 4216 vereor
3622 4164 3875 4218 alacrita-

2282 4254 2675 4322 tem:proinde
2717 4270 2779 4309 ea
2827 4269 2947 4323 qure
2999 4269 3158 4325 supra
3208 4254 3351 4310 vires
3396 4264 3523 4311 sunt
3568 4258 3870 4327 aggrediar,

2278 4345 2456 4397 omnia
2494 4346 2853 4412 committens,
2887 4352 2942 4400 et
2973 4346 3219 4415 precibus
3258 4345 3416 4415 hujus
3444 4358 3498 4401 et
3539 4349 3746 4403 caritati
3777 4365 3876 4404 ve-

2278 4442 2422 4487 stne.

2349 4516 2424 4570 Ne
2451 4532 2578 4571 vero
2617 4528 2849 4573 vestrum
2885 4517 3149 4591 quispiam
3189 4518 3550 4587 reprehendat
3574 4520 3872 4576 orationem

2276 4608 2421 4663 velut
2450 4608 2905 4679 intempestivam,
2952 4611 2996 4665 si
3022 4625 3143 4665 cum
3175 4619 3438 4681 martyres
3467 4625 3567 4665 nos
3595 4610 3752 4665 hodie
3781 4626 3877 4665 vo-

2275 4708 2400 4755 cent
2424 4702 2468 4766 ’,
2498 4715 2595 4754 nos
2649 4700 3074 4769 supersedentes
3133 4700 3346 4755 illorum
3383 4716 3656 4771 exponere
3692 4712 3873 4757 certa-

2277 4786 2440 4851 mina,
2489 4790 2747 4843 adversus
2791 4789 3008 4844 Judasos
3059 4790 3111 4843 in
3155 4800 3430 4844 certamen
3474 4791 3874 4848 descendimus.

2276 4880 2408 4935 Nam
2434 4892 2489 4936 et
2514 4882 2643 4951 ipsis
2676 4882 2996 4950 martyribus
3023 4879 3110 4935 hic
3130 4894 3310 4934 sermo
3338 4891 3422 4936 est
3446 4882 3767 4951 exoptatior.
3798 4884 3876 4938 Ex

2281 4976 2478 5029 nostris
2498 4976 2643 5030 enim
2675 4974 2922 5028 laudibus
2948 4974 3077 5028 nihil
3105 4974 3208 5027 illis
3242 4973 3548 5043 splendoris
3575 4988 3874 5031 accrescet.

2276 5066 2413 5133 Quid
2448 5068 2589 5120 enim
2619 5075 2813 5136 egeant
2848 5067 3039 5138 linguis
3072 5068 3289 5133 nostris,
3320 5083 3549 5137 quorum
3580 5069 3883 5124 certamina

2277 5167 2535 5227 superant
2584 5167 2827 5213 naturam
2878 5159 3185 5220 humanam,
3226 5175 3454 5229 quorum
3500 5160 3718 5229 praemia
3768 5163 3880 5216 vim

2279 5250 2475 5319 ingenii
2507 5252 2673 5305 nostri
2700 5252 2961 5306 vincunt?
3006 5252 3318 5307 Derisernnt
3358 5252 3493 5305 hanc
3522 5254 3705 5317 vitam,
3740 5268 3887 5306 con-

2277 5342 2553 5396 culcarunt
2581 5342 2919 5398 carniﬁcinas
2940 5358 3003 5399 ac
3030 5352 3313 5409 Iumenta,
3334 5343 3695 5411 despexerunt
3723 5359 3883 5397 mor-

2279 5444 2408 5497 tem,
2447 5436 2513 5489 ad
2542 5435 2729 5489 cmlum
2768 5436 3070 5503 evolarunt,
3095 5438 3263 5507 erepti
3301 5444 3426 5491 sunt
3452 5447 3487 5492 e‘
3509 5436 3758 5491 ﬂuctibus
3787 5453 3879 5492 re-

2278 5541 2395 5579 rum
2425 5524 2801 5593 humanarum,
2826 5529 2876 5581 in
2900 5528 3247 5598 tranquillum
3265 5527 3615 5598 enavigarunt
3634 5536 3880 5596 portum,

2280 5635 2384 5672 non
2433 5635 2619 5673 aurum
2669 5631 3043 5691 argentumvc,
3102 5632 3195 5677 aut
3230 5630 3406 5678 vestes
3447 5622 3731 5691 pretiosas,
3777 5626 3881 5677 sed

2344 5755 2358 5783 ι
2397 5752 2643 5803 Flavianus
2660 5765 2877 5815 praesens
2903 5763 3028 5805 erat.

2340 5817 2359 5846 ¹
2393 5821 2582 5865 Festum
2608 5822 2714 5866 erat
2738 5824 3005 5879 martyrum.
