4150 6352
233 379 345 436 905

228 506 520 559 thesauros
541 514 675 571 quos
705 488 865 554 nemo
899 503 1073 566 potest
1100 495 1309 564 eripere
1337 495 1709 563 importantes,
1744 504 1829 544 to-

235 591 543 655 lerantiam,
588 590 957 645 fortitudinem
999 597 1055 642 et
1078 588 1378 642 caritatem.
1412 585 1569 640 Nune
1604 585 1655 637 in
1682 582 1832 637 Pauli

229 686 461 740 chorum
492 690 867 753 pervenerunt,
890 690 1014 735 ante
1033 693 1261 732 coronas
1282 692 1406 731 suas
1427 674 1833 745 exspectatione

229 791 558 830 coronarum
604 773 831 837 alacres,
882 786 950 826 eo
988 769 1133 841 quod
1167 771 1278 837 jam
1307 766 1378 822 de
1419 770 1596 820 futuro
1644 764 1833 817 incerti

230 882 362 923 esse
399 866 695 921 desierunt.
749 864 885 934 Quid
925 864 1086 934 igitur
1129 861 1258 925 istis.
1290 875 1427 931 opus
1478 861 1550 914 sit
1593 858 1836 913 oratione

230 960 459 1014 nostra?
490 959 600 1013 Iloc
625 959 785 1028 igitur
806 966 1180 1028 argumentum
1229 956 1335 1010 illis
1358 953 1580 1024 gratius.
1630 951 1708 1005 Ex
1738 966 1836 1004 no-

231 1051 369 1105 stris
401 1051 545 1103 enim
586 1049 855 1114 laudibus,
884 1046 1338 1117 quemadmodum
1381 1054 1537 1099 antea
1566 1042 1832 1101 dicebam.

235 1142 374 1195 nihil
405 1141 619 1196 illorum
646 1141 830 1211 gloriae
870 1140 1180 1195 accesserit.
1220 1138 1492 1195 Caeterum
1529 1151 1596 1191 ex
1640 1133 1837 1188 nostris

234 1235 501 1288 adversus
542 1232 756 1287 Judteos
794 1231 1282 1289 conﬂictationibus
1329 1230 1557 1285 multum
1602 1227 1706 1282 illis
1744 1225 1840 1279 ad—

232 1322 493 1391 jungelur
511 1324 709 1393 gaudii,
740 1334 793 1379 et
826 1324 1055 1379 libenter
1076 1322 1425 1378 ause'ultaturi
1453 1329 1579 1375 sunt
1608 1317 1840 1371 maxime

238 1426 525 1469 sermones
563 1431 679 1482 eos,
726 1416 816 1486 qui
846 1430 943 1486 pro
977 1416 1143 1486 gloria
1190 1415 1284 1469 Dei
1327 1414 1597 1469 dicuntur.
1625 1410 1840 1465 Iudaeos

239 1504 390 1557 enim
427 1506 690 1574 imprimis
733 1506 963 1561 oderunt
991 1515 1272 1576 martyres,
1313 1501 1743 1575 quandoquidem
1774 1501 1843 1556 ab

242 1595 355 1649 illis
374 1598 689 1662 cruciﬁxum
726 1601 957 1655 maxime
986 1599 1237 1670 diligunt.
1269 1598 1401 1652 Nam
1435 1598 1521 1652 isti
1554 1595 1840 1652 dicebant:

243 1688 477 1758 Sanguis
497 1691 606 1760 ejus
618 1708 772 1759 super
783 1708 894 1758 nos,
909 1701 956 1746 et
976 1709 1128 1760 super
1140 1692 1277 1761 ﬁlios
1293 1700 1495 1745 nostros
1520 1689 1538 1761 (
1547 1675 1730 1742 Matth.
1748 1687 1841 1741 9.7.

240 1778 342 1850 25)
369 1798 381 1833 :
413 1782 489 1835 illi
536 1797 665 1837 vero
700 1785 1011 1855 sanguinem
1057 1784 1332 1853 proprium
1384 1782 1687 1837 effuderunt
1729 1779 1847 1849 ejus

242 1885 457 1939 amore,
485 1890 644 1943 quem
676 1874 750 1928 illi
774 1874 1102 1931 occiderant.
1147 1875 1256 1931 Hos
1281 1876 1442 1945 igitur
1468 1888 1748 1931 sermones
1778 1872 1845 1927 li-

247 1963 445 2019 benter
473 1965 709 2020 audient.
1031 1979 1034 1982 '

321 2055 380 2108 2.
420 2056 573 2123 Quod
615 2059 793 2129 igitur,
827 2060 872 2115 si
918 2060 1035 2115 lnnc
1063 2060 1371 2115 .ludieorum
1416 2060 1653 2116 servitus
1688 2058 1846 2111 ﬁnem

247 2162 399 2204 esset
445 2151 709 2219 habitura,
759 2153 862 2208 hoc
891 2170 1105 2225 quoque
1148 2154 1449 2223 praedicturi
1492 2153 1690 2209 fuerint
1731 2166 1851 2219 pro-

250 2242 452 2311 phetce,
499 2253 930 2315 ettnequaquam
972 2248 1186 2301 silentio
1216 2248 1558 2317 prazterituri,
1600 2246 1731 2300 satis
1753 2245 1849 2299 de-

248 2333 575 2388 claravimus
600 2353 614 2389 :
642 2351 764 2390 cum
793 2353 982 2391 omnes
1004 2340 1339 2407 captivitates
1364 2354 1394 2392 a
1422 2338 1695 2408 prophetis
1728 2353 1853 2405 pne-

251 2423 428 2479 dictas
459 2424 620 2479 fuisse
645 2427 1018 2493 ostendimus;
1051 2431 1279 2498 primum
1314 2428 1457 2483 illam
1500 2429 1552 2483 in
1594 2428 1849 2498 Egypto,

254 2517 456 2572 deinde
481 2520 533 2571 in
566 2518 857 2590 Babylone,
885 2522 1093 2576 tertiam
1125 2525 1225 2577 sub
1255 2521 1521 2576 Antiocho
1552 2521 1852 2589 Epiphane.

258 2608 755 2665 Demonstravimus
784 2613 926 2666 enim
956 2613 1143 2667 barum
1176 2614 1460 2682 unicuique
1502 2625 1553 2666 et
1584 2613 1757 2666 locum
1803 2621 1859 2665 et

256 2710 472 2769 tempus
502 2700 666 2757 fuisse
697 2704 1008 2772 prtedictum
1050 2704 1103 2758 in
1144 2705 1309 2758 sacris
1352 2704 1541 2758 literis.
1574 2703 1708 2757 lluic
1732 2718 1858 2756 vero

257 2793 515 2857 praesenti
565 2793 743 2846 nullus
786 2795 1043 2864 propheta
1089 2795 1368 2865 praeﬁnivit
1399 2806 1626 2865 tempus.
1662 2795 1860 2847 Verum

256 2882 406 2950 quod
443 2892 589 2937 esset
625 2894 867 2951 ventura,
913 2889 1198 2956 omniaque
1226 2886 1553 2951 desolatura,
1600 2887 1857 2940 ditionem

261 2976 484 3045 insuper
507 2986 561 3029 et
586 2977 894 3048 religionem
926 2979 1265 3046 translatum,
1290 2990 1596 3049 quantoque
1618 2987 1861 3047 tempore

262 3077 387 3135 post
415 3067 645 3122 reditum
675 3085 705 3122 e
735 3069 1006 3141 Babylone
1027 3080 1271 3138 ventura,
1304 3073 1550 3140 praedixit
1583 3072 1786 3126 Daniel.

340 3157 607 3213 Postrema
639 3148 940 3215 Iudaeorum
981 3164 1244 3234 captivitas
1272 3180 1550 3234 numquam
1579 3164 1733 3233 ﬁnem
1764 3164 1862 3216 ha-

264 3252 435 3305 bitura
456 3262 549 3306 est.
571 3283 641 3295 —-
660 3252 927 3310 Cancrum
953 3256 1094 3325 quod
1116 3257 1185 3311 sit
1217 3257 1457 3311 habitura
1483 3256 1663 3319 ﬁnem,
1688 3256 1861 3327 quod-

264 3359 373 3412 que
387 3344 677 3414 aliquando
704 3347 939 3401 sistenda
961 3349 1069 3401 sint
1097 3350 1195 3403 ista
1220 3350 1376 3411 mala,
1412 3365 1510 3403 nec
1542 3350 1630 3402 ille
1660 3347 1863 3417 patefe-

265 3436 365 3502 cit,
392 3451 489 3490 nec
508 3438 787 3507 quisquam
818 3439 1044 3494 aliorum
1074 3440 1475 3509 prophetarum.
1513 3440 1649 3506 Quin
1678 3452 1865 3493 eontra

266 3527 539 3594 praedixit,
570 3528 711 3597 quod
753 3529 819 3583 ad
864 3530 1023 3585 ﬁnem
1063 3546 1231 3600 usque
1275 3530 1527 3585 duratura
1567 3544 1710 3586 esset
1754 3532 1865 3585 hac

264 3618 525 3672 servitus.
558 3618 855 3693 Attestatur
886 3621 970 3674 his
998 3637 1117 3691 qua:
1148 3622 1399 3686 diximus,
1431 3634 1485 3677 et
1528 3624 1700 3693 ipsum
1733 3635 1867 3678 tem-

266 3723 393 3777 pus,
419 3709 561 3778 quod
586 3691 696 3779 iatn
738 3719 943 3766 tantum
972 3724 1247 3783 peractum
1281 3725 1381 3779 est,
1432 3691 1743 3769 necﬁnllnm
1778 3722 1868 3770 ve-

265 3801 510 3869 stigium,
540 3818 640 3857 nec
671 3804 882 3858 initium
909 3806 973 3860 ad
1009 3807 1149 3863 hunc
1170 3824 1336 3878 usque
1363 3809 1506 3863 diem
1536 3810 1691 3864 bona:
1714 3827 1866 3865 coin-

269 3894 587 3948 mutationis
632 3898 888 3963 ostendit,
931 3898 1091 3970 idque
1138 3916 1261 3955 cum
1298 3904 1491 3957 crebro
1531 3903 1642 3972 jam
1690 3904 1865 3958 conati

266 3986 383 4041 sint
427 3985 727 4043 instaurare
770 3992 1048 4059 templum.
1086 3992 1215 4046 Nam
1261 3996 1426 4048 semel
1469 4004 1525 4048 et
1570 3996 1761 4049 iterum
1807 4010 1871 4049 ac

269 4079 457 4141 tertio,
508 4079 610 4134 sub
637 4079 925 4149 Hadriano,
957 4084 1058 4139 sub
1091 4083 1462 4152 Constantino,
1508 4088 1607 4141 sub
1635 4088 1867 4154 Juliano,

267 4178 498 4223 conatus
526 4170 736 4226 illorum
762 4173 1029 4230 cohibitus
1049 4186 1132 4231 est
1162 4194 1175 4232 :
1208 4179 1436 4248 primum
1465 4180 1677 4249 quidem
1702 4196 1731 4235 a
1765 4182 1868 4234 mi-

270 4260 482 4329 litibus,
514 4278 701 4318 rursus
743 4266 812 4320 ab
847 4266 970 4336 igne
1006 4265 1425 4325 e'lundamentis
1451 4283 1786 4341 erumpente,
1817 4284 1872 4328 ct

269 4355 487 4408 illorum
518 4355 870 4427 importunam
892 4361 1241 4428 pervicaciam
1269 4373 1572 4418 coercente.
1596 4365 1714 4420 Jam
1742 4381 1872 4421 vero

268 4448 467 4502 lubens
487 4448 603 4503 illos
628 4453 921 4521 rogaverim
952 4473 965 4507 :
989 4469 1087 4509 cur
1114 4464 1314 4511 tantum
1348 4460 1603 4528 temporis
1631 4461 1682 4514 in
1705 4460 1873 4531 Egy-

266 4552 371 4610 pto
398 4548 587 4596 versati
631 4546 906 4615 recepistis
942 4548 1187 4617 patriam,
1231 4566 1293 4604 ac
1338 4568 1525 4608 rursus
1561 4554 1773 4610 abductl
1817 4557 1870 4611 in

266 4632 606 4704 Babylonem
638 4636 871 4693 rediistis
897 4638 1286 4711 Jerosolymam
1321 4661 1333 4696 :
1366 4646 1526 4698 tertio
1552 4646 1651 4699 sub
1680 4647 1867 4700 Antio-

266 4723 383 4779 cho
407 4733 513 4778 tam
542 4727 707 4781 multa
736 4730 878 4797 passi
907 4731 1065 4797 mala,
1093 4733 1159 4786 ad
1192 4735 1473 4802 pristinum
1501 4738 1703 4792 reversi
1743 4740 1873 4793 estis

268 4822 502 4882 statum,
524 4818 802 4882 sacriﬁcia,
836 4821 1021 4882 altare.
1050 4833 1230 4878 sancta
1275 4834 1577 4901 sanctorum
1614 4839 1668 4881 et
1694 4830 1872 4883 omnia

268 4922 405 4960 cum
434 4907 655 4975 pristina
697 4912 971 4980 recepistis
1006 4914 1305 4983 dignitate:
1338 4933 1480 4973 nunc
1517 4928 1695 4975 autem
1744 4923 1874 4977 nihil

269 4999 458 5053 simile
486 5000 681 5055 factum
711 5004 827 5057 est?
856 5004 1048 5059 Verum
1077 5022 1197 5062 eum
1235 5018 1449 5065 centum
1474 5013 1622 5078 anni,
1656 5013 1763 5067 imo
1791 5016 1875 5071 bis

268 5096 520 5156 centum,
560 5090 667 5146 imo
707 5101 811 5160 ter,
855 5094 963 5150 imo
989 5106 1180 5167 quater
1211 5108 1415 5155 turnum
1461 5104 1734 5175 multoque
1761 5122 1876 5160 am-

272 5184 423 5251 plius
460 5197 722 5238 annorum
752 5188 1070 5255 prmterierit
1094 5207 1107 5242 :
1134 5205 1254 5243 nam
1290 5192 1374 5247 hic
1413 5196 1874 5264 quingentesimus

269 5292 341 5331 ex
390 5291 455 5330 eo
511 5285 749 5346 tempore
788 5280 962 5349 agitur
1001 5296 1171 5335 atnnts
1226 5284 1279 5347 ²;
1330 5301 1396 5338 ne
1435 5285 1871 5354 signiﬁcationem

267 5368 496 5439 quidem
518 5368 681 5422 ullam
700 5369 815 5439 ejus
836 5372 1144 5427 nnuationis
1176 5373 1415 5429 videmus
1435 5376 1680 5432 alicunde
1708 5395 1873 5448 appa-

269 5475 432 5525 rere;
489 5461 583 5515 sed
628 5476 714 5517 res
765 5461 871 5516 illis
913 5464 1149 5521 funditus
1200 5467 1483 5537 collapsas,
1529 5486 1591 5523 ac
1644 5488 1742 5527 nec
1782 5490 1876 5541 ρυε-

248 5552 546 5609 somnium
569 5553 782 5622 quidem
806 5555 968 5610 ullam
989 5572 1137 5628 spem
1163 5560 1242 5614 eis
1269 5563 1498 5626 ostcmli,
1528 5567 1877 5633 quemadmo-

268 5645 408 5699 dum
441 5645 604 5713 prius.
641 5646 851 5702 Etenim
895 5649 941 5702 si
980 5662 1196 5719 peccata
1241 5668 1340 5707 sua
1369 5655 1683 5723 objicerent,
1726 5658 1872 5715 diee-

343 5824 358 5854 ⁸
385 5825 557 5889 Longe
585 5824 666 5875 hic
684 5825 877 5876 aberrat
901 5838 1017 5878 vera
1032 5827 1341 5892 chronologta
1364 5829 1739 5897 Chrysostomus.

1484 377 1852 437 ADVERSUS
1887 375 2193 436 JUDxEOS.
2242 374 2325 431 Vl.

3444 379 3547 435 θὶιῦ

1946 502 2210 561 remque:
2244 492 2494 561 quoniam
2544 492 2880 562 peccavimus
2923 491 3065 556 Deo,
3115 492 3546 561 ollendimusque

1942 583 2111 651 illum,
2139 584 2256 640 ideo
2279 600 2383 638 non
2406 585 2698 655 recipimus
2731 595 2968 640 nostram
2994 586 3284 661 regionem,
3308 596 3363 640 et
3388 586 3432 639 si
3456 586 3543 653 qui

1944 677 2109 744 prius,
2135 691 2256 731 cum
2280 692 2309 731 a
2332 677 2607 747 prophetis
2627 687 3027 743 accusarentur,
3060 670 3398 747 impudEnter
3418 693 3543 748 age-

1942 766 2089 830 bant,
2124 774 2285 837 atque
2325 768 2428 822 illis
2470 767 2726 822 atrdciter
2753 769 3201 838 exprobrantibus
3229 767 3540 835 homicidia,

1943 859 2242 929 negabant,
2292 860 2453 919 iidem
2508 876 2651 915 nunc
2684 846 3070 916 conﬁterentur
3124 861 3549 932 damnarentque

1943 953 2161 1023 propria
2188 963 2403 1022 peccata
2435 971 2449 1007 :
2477 953 2667 1009 lubens
2693 954 2984 1025 deintegro
3019 969 3454 1024 unumquemque
3485 954 3545 1007 il-

1943 1042 2121 1096 lorum
2162 1043 2630 1115 interrogaverim,
2680 1061 2823 1100 nunc
2862 1056 3080 1116 propter
3106 1057 3319 1115 peccata
3362 1055 3471 1111 tua,
3516 1064 3549 1098 o

1943 1134 2149 1203 Jutlme,
2192 1148 2344 1192 extra
2388 1137 2778 1211 Jerosolymam
2812 1140 2928 1209 agis
2972 1148 3118 1194 tanto
3159 1138 3441 1208 tempore?
3484 1138 3549 1199 Et

1944 1226 2073 1297 quid
2111 1228 2246 1283 istuc
2289 1244 2486 1283 novum
2523 1240 2606 1284 est
2646 1240 2738 1285 aut
2773 1230 3004 1285 mirum?
3045 1230 3183 1285 Num
3228 1232 3369 1285 enim
3409 1245 3554 1284 nunc

1947 1326 2149 1372 tantmn
2192 1320 2244 1373 in
2272 1322 2503 1389 peccatis
2530 1322 2728 1388 vivitis,
2781 1323 2925 1392 prius
2962 1324 3014 1377 in
3041 1324 3247 1392 justitia
3296 1330 3551 1392 recteque

1948 1410 2104 1467 factis
2151 1413 2296 1468 soliti
2346 1415 2564 1470 vivere?
2610 1415 2800 1471 Nonne
2840 1417 2950 1486 jam
2998 1417 3126 1471 olim
3183 1418 3251 1470 ab
3296 1418 3448 1471 initio
3498 1419 3550 1470 in

1948 1504 2429 1563 innumerabilibus
2460 1504 2695 1578 peccatis
2740 1510 3143 1564 versabamini?
3174 1511 3362 1564 Annon
3395 1512 3554 1563 imm-

1948 1611 2095 1651 mera
2132 1597 2476 1668 reprehendit
2525 1599 2576 1653 in
2623 1600 2774 1655 vobis
2822 1600 3072 1656 Ezechiel
3105 1603 3382 1671 prepbeta,
3428 1616 3549 1655 cum

1952 1689 2181 1745 inductis
2207 1691 2414 1747 dualms
2448 1694 2817 1749 meretricibus
2844 1694 2936 1749 Ola
2974 1705 3029 1750 et
3066 1694 3241 1761 Oliba,
3270 1695 3348 1750 sic
3377 1695 3553 1764 loqui-

1954 1790 2040 1835 tur
2070 1800 2082 1836 :
2119 1781 2367 1853 Lupanar
2403 1784 2698 1851 aedi/icastis
2727 1786 2777 1838 in
2805 1784 3057 1857 Atlgypto,
3103 1796 3153 1840 et
3198 1786 3456 1840 insanistis
3500 1786 3552 1837 in

1952 1874 2214 1941 barbaros,
2263 1886 2310 1930 et
2355 1877 2547 1931 alienos
2588 1878 2707 1933 deos
2746 1878 2972 1933 coluistis
2999 1878 3215 1947 (Ezeclt.
3243 1878 3385 1948 25)?
3414 1878 3550 1944 Quid

1956 1971 2147 2039 porro?
2178 1969 2311 2026 Cum
2354 1986 2501 2026 mare
2527 1971 2835 2039 ﬁntleretur,
2877 1989 2998 2027 cum
3027 1981 3191 2042 petrze
3236 1986 3550 2045 rumperen-

1958 2069 2063 2127 tur,
2092 2076 2213 2115 cum
2243 2070 2319 2116 tot
2362 2062 2617 2117 miracula
2644 2062 2835 2119 ﬁer‘ent
2863 2064 2913 2118 in
2944 2063 3181 2128 deserto,
3212 2078 3390 2117 nonne
3418 2062 3557 2115 vitu-

1958 2154 2067 2207 lum
2112 2153 2419 2209 adorastis?
2444 2154 2635 2210 Nonne
2665 2155 2865 2211 Mosem
2904 2172 3043 2210 nunc
3074 2155 3340 2225 lapidibus
3381 2156 3551 2224 impe-

1961 2254 2154 2311 tentes,
2209 2261 2350 2301 nunc
2401 2248 2757 2317 expellentes;
2803 2262 2945 2303 nunc
3000 2248 3181 2301 multis
3228 2247 3402 2301 modis
3449 2245 3555 2300 fre-

1958 2346 2185 2407 quenter
2222 2338 2399 2392 conati
2438 2340 2569 2394 estis
2597 2339 2880 2393 occidere?
2911 2340 3099 2394 Nonne
3130 2339 3557 2409 perseverabatis

1960 2428 2318 2500 blasphemias
2351 2430 2609 2498 jacientes
2659 2430 2708 2483 in
2755 2430 2958 2483 Deum?
2994 2429 3180 2485 Nonne
3225 2431 3561 2501 Beelpbegor

1963 2520 2151 2574 initiati
2194 2521 2359 2575 estis?
2389 2520 2577 2576 Nonne
2608 2521 2744 2576 ﬁlios
2772 2531 2982 2576 vestros
3009 2538 3070 2577 ac
3117 2522 3250 2577 tilias
3288 2524 3559 2578 sacriﬁca-

1962 2610 2059 2663 stis
2095 2610 2396 2677 dmmoniis,
2441 2622 2497 2667 et
2524 2627 2685 2668 omne
2731 2613 3018 2682 impietatis
3049 2615 3359 2684 peccatique
3388 2630 3558 2685 genus

1963 2700 2279 2757 exliibuistis
2303 2704 2326 2756 ?
2350 2703 2539 2759 Nonne
2573 2703 2829 2774 propheta
2873 2704 3024 2759 vobis
3064 2704 3163 2758 sub
3191 2720 3420 2773 persona
3466 2704 3557 2759 Dei

1968 2795 2204 2864 loquitur
2232 2813 2245 2849 :
2277 2797 2631 2869 Quadraginta
2671 2814 2831 2852 annos
2876 2798 3103 2866 infensus
3133 2798 3210 2867 fui
3254 2798 3563 2867 generutioni

1966 2888 2105 2952 huic,
2135 2897 2179 2939 ct
2204 2887 2333 2954 dixi,
2374 2905 2570 2957 semper
2606 2901 2775 2943 errant
2803 2890 2955 2943 corde
2985 2888 3159 2958 (Psal.
3189 2889 3277 2944 94.
3312 2888 3438 2958 10)?
3460 2888 3560 2957 Qui

1970 2977 2081 3031 ﬁeri
2117 2979 2306 3047 potuit,
2351 2989 2407 3034 ut
2452 2990 2560 3035 tum
2586 2996 2682 3035 vos
2727 2996 2830 3036 non
2876 2991 3215 3036 aversaretur
3260 2981 3419 3045 Deus,
3469 2982 3564 3035 sed

1972 3080 2087 3137 post
2132 3072 2505 3126 mactationem
2564 3072 2816 3138 ﬁliorum,
2868 3082 2989 3143 post
3034 3072 3296 3127 idolorum
3338 3074 3562 3134 cultum,

1971 3170 2089 3229 post
2134 3170 2331 3216 tantam
2380 3163 2795 3233 improbitatem,
2828 3174 2949 3234 post
2979 3163 3299 3218 ineﬁ‘abilcm
3342 3164 3563 3234 ingrati-

1972 3254 2231 3319 tudinem,
2254 3256 2415 3309 etiam
2448 3256 2757 3325 prophetam
2788 3255 2926 3325 apud
2955 3272 3049 3311 vos
3074 3271 3196 3311 esse
3234 3271 3425 3327 passus
3460 3267 3565 3321 est,

1971 3361 2221 3414 magnum
2270 3346 2415 3398 illum
2466 3346 2687 3408 Most-in,
2732 3348 2989 3417 signaque
3030 3347 3197 3401 edidit
3235 3347 3471 3401 miranda
3515 3359 3569 3402 ct

1973 3436 2273 3506 prodigiosa
2302 3455 2314 3491 :
2346 3454 2571 3508 qumque
2604 3438 2703 3493 sub
2726 3439 2829 3492 alio
2865 3439 3166 3494 mortalimn
3194 3437 3405 3495 nomine
3431 3439 3567 3494 facta

1971 3538 2118 3595 sunt,
2167 3529 2281 3583 lucc
2326 3531 2465 3585 inter
2506 3547 2601 3585 vos
2642 3515 3004 3601 contigerunt,
3039 3532 3228 3586 nebula
3271 3547 3433 3601 διηρι-
3474 3547 3569 3586 vos

1974 3623 2096 3676 tecti
2119 3624 2234 3677 vice
2262 3636 2527 3691 porrecxa,
2553 3624 2800 3678 columna
2829 3625 3059 3679 lucerna:
3092 3624 3211 3679 loco
3239 3640 3330 3678 vos
3363 3639 3568 3692 prtcce-

1973 3712 2149 3776 dente,
2184 3714 2425 3769 hostibus
2454 3714 2594 3768 ultro
2614 3714 2947 3780 cedentibus,
2976 3714 3279 3771 civitatibus
3303 3714 3415 3768 sola
3444 3730 3570 3783 pro-

1975 3804 2260 3873 pemodum
2301 3821 2435 3859 voce
2474 3806 2684 3875 captis?
2720 3805 2836 3859 Non
2882 3806 3047 3860 armis
3073 3805 3223 3859 vobis
3258 3822 3395 3875 opus
3433 3815 3571 3872 erat,

1976 3913 2081 3951 non
2108 3899 2244 3963 acie,
2275 3915 2378 3953 non
2414 3915 2622 3970 pugna;
2653 3900 2778 3970 quin
2811 3900 2981 3953 solum
3006 3896 3316 3954 inSonuistis
3344 3900 3489 3959 tuba,
3518 3908 3574 3953 et

1975 3990 2115 4045 ultro
2156 3992 2351 4044 mmnia
2378 4000 2717 4045 corruerunt.
2753 3990 3134 4059 Suppeditatus
3168 4000 3252 4045 est
3281 3991 3432 4045 vobis
3477 4008 3573 4042 nn-

1976 4097 2073 4135 vus
2112 4081 2328 4151 quidam
2370 4090 2427 4136 et
2453 4081 2720 4135 inauditus
2761 4090 3113 4147 commeatus,
3152 4080 3219 4135 de
3247 4097 3353 4151 quo
3378 4081 3575 4135 clamat

1976 4172 2233 4243 propheta
2260 4171 2444 4225 dicens
2467 4189 2481 4226 :
2508 4166 2706 4229 Panem
2732 4172 2844 4225 εωιὶ
2874 4171 3011 4223 dedit
3038 4172 3129 4236 eis,
3160 4187 3341 4238 panem
3367 4171 3573 4241 angelo-

1976 4281 2089 4317 rum
2136 4263 2351 4317 ranuedit
2397 4262 2588 4317 homo:
2612 4262 2803 4316 cibaria
2855 4262 2989 4315 misit
3042 4262 3113 4315 eis
3158 4262 3212 4315 in
3261 4261 3573 4315 abundantia

1978 4354 2149 4428 (Psal.
2184 4355 2272 4409 77.
2311 4354 2429 4424 25).
2460 4354 2664 4422 Quibus
2700 4354 2862 4425 igitur
2886 4354 2954 4409 de
2993 4356 3190 4418 causis,
3231 4354 3391 4409 dicite
3418 4355 3570 4417 mihi.

1978 4458 2105 4502 tunc
2132 4455 2482 4516 aspernantes
2521 4447 2708 4509 Deum,
2750 4446 3033 4501 simulacra
3076 4447 3337 4513 colentes,
3376 4446 3574 4500 liberos

1979 4548 2294 4604 mactantes,
2326 4538 2614 4609 prephetas
2637 4538 2897 4610 lapidibus
2934 4538 3246 4603 obruentes,
3293 4538 3573 4592 innumera

1979 4634 2181 4689 scelera
2202 4641 2592 4703 perpetrantes,
2616 4641 2816 4686 tantam
2846 4630 3267 4687 benevolentiam
3290 4629 3420 4684 estis
3442 4643 3572 4683 cnn-

1979 4725 2215 4796 sequuti,
2272 4732 2474 4778 tantam
2520 4738 2553 4778 a
2604 4724 2714 4779 Deo
2758 4723 3145 4794 providentiam
3186 4740 3200 4777 :
3236 4736 3377 4776 nunc
3424 4735 3574 4783 vero,

1978 4834 2103 4873 cum
2130 4833 2230 4873 nec
2256 4818 2394 4872 idola
2423 4817 2635 4883 colatis,
2665 4832 2765 4872 nec
2790 4818 2987 4872 liberos
3011 4815 3285 4883 occidatis,
3320 4831 3421 4871 nec
3450 4830 3574 4884 pro-

1978 4911 2461 4982 pbetaslapidetis,
2493 4911 2545 4965 in
2569 4920 2828 4982 perpetua
2856 4910 3047 4982 degitis
3073 4909 3419 4979 captivitate?
3443 4907 3574 4963 Num

1980 5006 2122 5061 enim
2167 5014 2276 5059 tum
2318 5006 2453 5060 alius
2495 5017 2609 5060 erat
2655 5005 2814 5070 Deus,
2855 5019 3016 5075 quam
3070 5018 3212 5059 nunc
3232 5004 3352 5058 est?
3382 5004 3576 5056 Annon

1981 5097 2120 5151 idem
2149 5107 2250 5161 est,
2282 5098 2370 5166 qui
2404 5102 2512 5151 tum
2559 5097 2644 5151 illa
2688 5096 3038 5166 gubernabat,
3082 5104 3137 5151 et
3169 5096 3259 5166 qui
3291 5110 3433 5149 nunc
3459 5109 3579 5170 qua-

1982 5188 2114 5242 ﬁunt
2162 5188 2453 5256 operatur?
2502 5188 2639 5256 Quid
2690 5187 2850 5257 igitur
2896 5188 2951 5241 in
2990 5202 3149 5266 causa
3194 5186 3308 5253 fuit,
3359 5194 3416 5239 ut
3453 5200 3577 5245 cunt

1980 5278 2315 5347 gravioribus
2347 5280 2579 5347 peccatis
2618 5278 2982 5340 abundaretis,
3024 5278 3241 5332 uberior
3268 5277 3425 5333 fuerit
3452 5293 3576 5346 erga

1969 5371 2079 5426 vos
2106 5372 2197 5426 Dei
2228 5371 2581 5427 beneﬁcentia
2609 5388 2625 5435 ;
2657 5386 2798 5425 nunc
2839 5386 2987 5437 vero,
3016 5386 3137 5425 cum
3166 5370 3363 5425 leviora
3392 5384 3579 5438 pecca-

1985 5465 2070 5526 tis,
2122 5477 2339 5531 prorsus
2389 5477 2487 5516 vos
2530 5472 2827 5527 aversetur,
2874 5472 3255 5530 perpetuaeque
3300 5458 3578 5513 tradiderit

1985 5553 2287 5624 ignominia:
2308 5552 2331 5605 ‘l
2354 5552 2565 5608 Etenim
2597 5552 2640 5606 si
2666 5568 2763 5608 vos
2789 5568 2927 5607 nunc
2951 5550 3021 5605 ob
3045 5554 3247 5606 scelera
3275 5562 3572 5615 aversatur,

1984 5646 2154 5701 multo
2194 5647 2363 5716 magis
2408 5655 2532 5701 tunc
2570 5646 2824 5716 oportuit.
2853 5645 3005 5714 Quod
3050 5645 3093 5698 si
3136 5652 3259 5697 tunc
3288 5659 3382 5698 vos
3412 5643 3576 5698 susti-

1984 5743 2098 5797 nuit
2127 5740 2290 5811 impie
2320 5740 2581 5805 viventes,
2612 5754 2755 5794 nunc
2778 5739 2943 5792 multo
2969 5738 3135 5806 magis
3168 5735 3449 5806 oportebat
3486 5749 3574 5789 stt-

1985 5833 2207 5900 stinere,
2240 5813 2360 5887 cum
2395 5831 2527 5887 nihil
2575 5831 2746 5887 simile
2771 5830 3133 5885 conimitmis.
3166 5830 3333 5896 Quam
3360 5824 3429 5882 ob
3455 5823 3567 5879 i'em
