4142 6332
714 349 811 403 907

712 461 873 529 igitur
921 476 1025 516 non
1070 462 1363 517 sustinuit?
1407 463 1464 518 Si
1494 480 1586 518 vos
1631 466 1795 530 pudet
1825 483 2040 523 causam
2084 470 2285 545 dicere,

716 569 811 622 ego
842 552 1067 606 dilucide
1092 553 1414 622 proﬁtebor;
1449 556 1555 609 imo
1583 558 1758 624 potius
1776 574 1881 613 non
1906 576 2028 630 ego,
2060 560 2155 615 sed
2182 562 2293 627 ipsa

718 659 889 698 rerum
924 644 1135 700 veritas.

788 754 900 808 Ne):
913 756 1097 812 Christi
1114 758 1311 813 Judaei:
1324 776 1475 813 causa
1496 763 2125 837 malorum—Postquam
2142 768 2295 824 Citri-

713 860 851 902 snun
884 850 1174 915 occidistis,
1200 864 1476 922 postquam
1506 854 1558 907 in
1591 856 1868 910 Dominum
1892 858 2146 927 injecistis
2176 878 2291 914 ma-

715 954 832 1003 nus,
863 948 1139 1009 postquam
1166 944 1475 1011 sanguinem
1499 944 1645 997 illmu
1679 948 1967 1013 pretiosum
2000 948 2288 1014 eﬂ'udistis;

717 1042 999 1100 propterea
1021 1046 1128 1083 non
1146 1039 1226 1083 cst
1248 1032 1395 1085 vobis
1420 1032 1623 1103 reliqua
1648 1036 1944 1104 corrigendi
1980 1053 2102 1107 spes
2124 1055 2296 1110 neque

714 1122 885 1187 venia,
919 1136 1088 1192 neque
1117 1124 1377 1192 purgatio.
1402 1124 1534 1178 Tum
1566 1126 1707 1180 enim
1740 1144 1859 1197 qua:
1901 1146 1993 1197 per
2021 1132 2293 1186 audaciam

713 1216 1078 1282 perpetrastis,
1127 1216 1178 1269 in
1223 1231 1405 1271 servos
1456 1221 1821 1287 perpetrastis,
1874 1222 1925 1273 in
1975 1223 2194 1290 Mosen),
2244 1226 2293 1277 iu

719 1305 928 1370 Isaiam,
963 1307 1013 1360 in
1041 1307 1363 1373 Jeremiam;
1409 1318 1519 1361 tum
1574 1312 1783 1365 tametsi
1843 1313 2086 1380 impietas
2121 1318 2293 1386 aliqua

712 1398 1165 1465 committebatur,
1223 1409 1276 1452 at
1304 1399 1522 1454 audacia
1563 1402 1795 1455 nondum
1836 1414 2169 1471 processerat
2208 1422 2296 1458 ns—

712 1502 816 1552 que
850 1486 914 1538 ad
945 1488 1203 1542 malorum
1232 1500 1409 1559 caput.
1449 1490 1598 1544 Nunc
1641 1504 1817 1546 autem
1850 1496 2026 1548 omnia
2052 1506 2292 1550 veterum

715 1577 947 1630 facinora
975 1579 1287 1647 superastis,
1320 1595 1417 1633 nec
1443 1582 1603 1634 ullum
1629 1593 1775 1636 retro
1800 1583 2085 1653 reliquistis
2106 1589 2291 1656 nequi-

716 1666 800 1720 tia:
840 1668 1073 1732 culmen,
1114 1670 1182 1723 ob
1226 1670 1515 1737 insaniam,
1563 1687 1664 1740 qua
1712 1672 2018 1728 debacchati
2072 1679 2200 1731 estis
2241 1679 2290 1730 in

713 1754 1002 1821 Christum,
1032 1773 1200 1826 eoque
1226 1774 1363 1812 nunc
1384 1761 1655 1828 graviores
1682 1763 1827 1816 luitis
1855 1779 2058 1833 ptenas.
2082 1766 2292 1822 Etenim

713 1847 756 1899 si
782 1846 897 1901 lucc
936 1858 1147 1903 nonest
1174 1865 1330 1903 causa
1364 1852 1665 1919 ignominia:
1706 1862 1917 1921 vestrae,
1954 1871 2120 1923 quare
2156 1859 2296 1915 Deus

715 1950 809 1989 vos
832 1946 944 1988 tum
967 1936 1280 1991 occidentes
1305 1938 1506 1992 liberos
1531 1948 1743 1994 vestros
1759 1942 2185 2006 toleravit,nuuc
2205 1962 2296 2000 au-

716 2039 821 2079 tem
838 2042 868 2079 a
886 2026 1085 2081 talibus
1107 2027 1452 2084 abstinentes
1471 2032 1784 2086 aversatur?
1803 2032 2083 2103 Siquidem
2104 2038 2292 2094 occiso

714 2116 931 2177 Christo
953 2119 1131 2183 majus
1161 2120 1490 2191 graviusque
1522 2125 1703 2177 scelus
1736 2126 2295 2198 commisistis,quam

718 2208 761 2260 si
804 2212 1151 2263 tnartassctis
1188 2211 1408 2272 liberos,
1449 2225 1497 2264 ct
1523 2228 1739 2266 omnem
1772 2216 1940 2277 legem
1962 2218 2281 2274 violassetis.

787 2300 839 2353 5.
886 2300 1126 2354 Etiamne
1180 2305 1399 2370 posthac
1442 2304 1707 2359 audebitis
1732 2307 1876 2359 illum
1904 2324 2094 2364 vocare
2126 2311 2293 2381 impos

713 2402 912 2443 storem
942 2405 1003 2443 ac
1034 2392 1164 2461 legis
1191 2402 1642 2461 transgresSorem
1702 2412 1764 2450 ac
1792 2414 1893 2452 non
1924 2401 2097 2469 potius
2116 2402 2294 2473 aliquo

714 2480 1045 2547 sccedcntcs,
1092 2498 1185 2536 vos
1230 2484 1373 2551 ipsos
1411 2487 1778 2552 occultabitis,
1832 2491 1919 2558 qui
1958 2491 2087 2559 ipsis
2128 2495 2297 2548 oculis

716 2571 1019 2625 intucamiui
1062 2582 1164 2625 tam
1196 2576 1494 2630 evidentem
1526 2578 1843 2632 veritatem?
1873 2580 2081 2635 Etenim
2120 2581 2162 2635 si
2191 2582 2290 2636 im-

717 2669 897 2727 postor
914 2672 1028 2717 erat
1050 2663 1225 2729 Jesus,
1254 2674 1308 2718 ut
1333 2666 1525 2729 dicitis,
1548 2668 1779 2738 legisque
1803 2681 2180 2740 transgressor,
2203 2688 2298 2741 par

713 2764 846 2817 erat;
878 2767 931 2807 nt
956 2756 1079 2810 hinc
1107 2759 1262 2811 etiam
1289 2760 1498 2814 laudem
1525 2760 1752 2827 fcrretis,
1780 2765 1869 2830 qui
1902 2768 2058 2820 talem
2082 2767 2293 2820 occide-

716 2849 860 2901 rctis.
892 2849 1021 2903 Nam
1047 2852 1090 2904 si
1122 2852 1344 2906 Phinees
1375 2861 1527 2907 unico
1555 2864 1755 2909 tantum
1781 2870 2054 2926 perempto
2082 2859 2297 2911 homine

715 2947 875 2991 totam
899 2942 1129 2995 numinis
1153 2943 1283 3000 iram
1304 2944 1557 2998 adversus
1581 2948 1827 3014 populum
1855 2950 2294 3005 exardescentent

713 3028 913 3081 sedavit
948 3048 958 3082 :
1015 3032 1169 3086 Stetit
1227 3034 1380 3099 enim,
1420 3026 1604 3103 inquit,
1653 3036 1889 3102 Pltinees,
1929 3050 1975 3092 et
2012 3040 2226 3109 placavit
2252 3053 2297 3095 et

712 3120 918 3171 usserit
970 3122 1219 3183 quassatio
1274 3123 1443 3192 (Paul.
1492 3126 1612 3180 105.
1655 3127 1783 3197 50);
1841 3138 2021 3199 totque
2057 3132 2298 3187 homines

713 3213 904 3279 eripuit
930 3213 996 3266 ab
1023 3215 1095 3266 ira
1123 3214 1295 3268 divina
1326 3218 1478 3272 unius
1507 3218 1741 3272 hominis’
1760 3222 1906 3276 caede
1942 3240 1955 3275 :
1987 3225 2153 3276 mttlto
2181 3240 2296 3277 ma-

713 3303 791 3371 gis
820 3303 932 3356 lucc
967 3305 1116 3358 vobis
1145 3310 1377 3374 oportuit
1401 3310 1662 3375 accidere,
1704 3313 1748 3363 si
1778 3312 1907 3380 legis
1942 3323 2299 3382 transgressor

717 3403 848 3456 orat,
882 3411 1037 3463 quem
1076 3413 1167 3451 vos
1196 3400 1551 3454 crucifixistis.
1588 3402 1695 3454 Cur
1722 3403 1896 3471 igitur,
1926 3421 2125 3472 quaso,
2171 3406 2296 3458 Phi-

719 3501 865 3549 necs,
886 3487 999 3541 viro
1019 3488 1147 3557 legis
1167 3499 1555 3559 trausgressore
1578 3506 1871 3562 perempto,
1896 3495 2063 3562 justus
2091 3498 2298 3552 habitus

713 3586 815 3641 est,
852 3587 905 3629 et
940 3580 1237 3633 sacerdotio
1276 3580 1564 3638 honoratus
1594 3582 1784 3651 (Num.
1815 3586 1901 3638 9.5.
1936 3584 2028 3657 7)?
2070 3587 2173 3640 Vos
2199 3603 2296 3641 au—

719 3678 821 3718 tem
854 3684 972 3721 cum
1002 3670 1052 3721 in
1083 3685 1293 3723 crucem
1314 3672 1530 3739 egeritis
1556 3674 1725 3726 virum
1757 3674 2114 3742 impostorem,
2142 3688 2194 3730 ut
2216 3679 2299 3731 di-

714 3755 856 3821 citis,
907 3757 1120 3827 Deoque
1162 3758 1531 3815 adversantem
1572 3778 1586 3813 :
1638 3763 1729 3831 qui
1761 3764 1836 3826 fit,
1886 3774 1942 3817 ut
1979 3781 2083 3819 non
2118 3750 2300 3821 feratis

717 3851 923 3903 laudem
947 3861 1000 3906 et
1017 3852 1294 3916 honorem,
1318 3869 1500 3907 verum
1524 3854 1682 3908 etiam
1712 3856 2146 3929 acerbioranpassi
2162 3860 2298 3928 sitis,

715 3960 870 4011 quam
902 3960 1018 3997 cum
1050 3944 1183 3998 lilios
1203 3954 1407 3998 vestros
1431 3949 1771 4002 mactaretis?
1799 3949 1988 4002 Annon
2016 3951 2152 4004 istud
2184 3967 2304 4021 pere

715 4038 953 4104 spicuum
983 4046 1063 4089 est
1095 4037 1173 4088 vel
1212 4036 1507 4102 hebetibus,
1535 4053 1629 4091 vos
1664 4041 1784 4107 quia
1822 4041 2078 4097 adversus
2108 4042 2301 4096 Serva-

717 4140 887 4182 torcm
923 4144 985 4182 ac
1015 4130 1307 4197 principem
1336 4129 1478 4183 orbis
1505 4132 1664 4199 impie
1688 4133 1890 4201 egistis,
1934 4135 2024 4188 tali
2060 4136 2301 4190 vindicta:

717 4222 937 4288 subjici?
982 4223 1046 4275 Et
1088 4239 1226 4275 nunc
1264 4238 1392 4276 sane
1429 4223 1705 4278 abstinetis
1742 4242 1769 4277 a
1798 4227 1997 4281 nefario
2025 4232 2298 4295 sanguine,

718 4317 933 4369 sabbata
974 4316 1217 4380 servatis,
1253 4327 1359 4368 tum
1390 4330 1519 4371 vero
1548 4317 1716 4385 ipsum
1752 4320 1910 4372 etiam
1938 4320 2142 4374 sabbati
2163 4319 2304 4374 diem

719 4408 1015 4460 violaliatis.
1056 4409 1122 4459 At
1149 4422 1272 4460 ecce
1305 4407 1442 4461 Deus
1471 4422 1565 4475 per
1588 4408 1872 4463 Jeremiam
1901 4411 2143 4478 promisit
2166 4410 2299 4475 fore,

718 4510 773 4551 ut
818 4509 1055 4567 parceret
1110 4499 1304 4552 civitati
1352 4508 1563 4563 vestrm,
1624 4502 1665 4554 si
1725 4500 2051 4555 desisteretis
2096 4514 2303 4571 gestare

720 4605 879 4642 onera
910 4587 1275 4651 sabbatoUer.
1302 4589 1387 4642 I7.
1415 4587 1527 4659 2|).
1556 4590 1658 4644 Sed
1691 4590 1791 4644 hoc
1816 4607 1957 4645 nunc
1986 4592 2175 4653 facitis.
2207 4608 2303 4647 ue-

719 4696 820 4748 que
849 4681 1064 4749 gestatis
1099 4694 1258 4733 onera
1294 4681 1548 4745 sabbato;
1593 4690 1825 4736 attamen
1866 4698 1932 4736 ne
1974 4683 2050 4735 sic
2090 4682 2301 4750 quidem

721 4775 868 4828 vobis
898 4774 1266 4828 reconciliatur
1299 4774 1409 4829 illc.
1450 4774 1884 4843 Nampcccatnm
1914 4774 2040 4828 illud
2067 4783 2301 4828 vestrum

720 4877 831 4919 erat
878 4867 1111 4918 omnium
1162 4867 1468 4929 maximum,
1520 4875 1575 4919 ut
1618 4867 1715 4919 ista
1756 4867 1906 4921 vobis
1945 4868 2215 4920 excusatio
2238 4865 2305 4920 de

722 4957 1382 5025 peccatis‘supcrvacauca
1411 4957 1498 5010 sit.
1528 4957 1639 5010 Non
1668 4959 1809 5010 enim
1854 4958 1923 5010 ob
1961 4967 2153 5011 cmtera
2180 4959 2302 5011 vita:

720 5050 1021 5113 commissa,
1050 5050 1143 5103 sed
1179 5060 1392 5119 prepter
1418 5048 1542 5103 illud
1568 5049 1769 5103 facinus
1795 5050 1845 5102 in
1885 5050 1966 5103 his
2002 5052 2129 5104 estis
2158 5050 2304 5104 cala-

723 5147 1013 5200 mitatibus.
1044 5146 1193 5212 Quod
1222 5145 1272 5199 ai
1300 5146 1377 5199 sic
1405 5145 1644 5210 haberet,
1674 5145 1815 5197 Deus
1836 5144 1974 5198 haud
2002 5160 2094 5197 vos
2121 5144 2304 5197 fuisset

723 5239 919 5293 tamdiu
940 5248 1233 5301 aversatus,
1262 5239 1467 5291 etiamsi
1498 5240 1771 5291 innumera
1792 5237 1894 5290 alia
1924 5248 2137 5304 peccata
2159 5251 2304 5290 com-

722 5330 1017 5384 misissetis.
1064 5328 1117 5381 Id
1161 5345 1277 5383 cum
1304 5318 1659 5397 perspicuum
1698 5329 1767 5381 sit
1803 5344 1865 5382 ex
1907 5328 2152 5382 omnibus
2185 5343 2301 5395 qum

722 5423 859 5475 dicta
890 5431 1031 5487 sunt,
1058 5437 1119 5474 ex
1140 5421 1259 5485 hoc,
1292 5420 1430 5488 quod
1457 5420 1692 5474 dicturus
1713 5436 1850 5483 sum,
1875 5420 1975 5473 crit
1998 5419 2296 5472 dilucidius.

722 5512 855 5581 Quid
887 5522 968 5566 est
999 5512 1095 5564 hoc
1116 5514 1137 5563 ’ἰ
1165 5511 1472 5565 Audivimus
1499 5510 1660 5565 Deum
1686 5511 1873 5564 crebro
1900 5526 1991 5577 per
2022 5509 2302 5577 prepbetas

725 5606 984 5658 dicentem
1022 5603 1306 5671 majoribus
1334 5601 1564 5659 vestris:
1604 5598 1707 5653 Vos
1747 5600 1948 5668 quidem
1987 5602 2135 5653 eratis
2164 5600 2303 5667 digni

725 5691 882 5747 malis
903 5692 1215 5755 innumeris,
1233 5700 1389 5760 atego
1410 5692 1551 5760 facio
1576 5700 1791 5762 propter
1813 5704 1998 5742 nomen
2028 5702 2219 5749 meum,
2238 5700 2297 5737 ur

724 5784 1037 5854 profanetur
1062 5786 1197 5839 inter
1229 5785 1411 5840 Gentes
1435 5785 1651 5855 (Exerit.
1679 5784 1767 5840 56.
1791 5784 1906 5843 2|).
1932 5780 1995 5835 Et
2024 5796 2241 5835 rursntn
2282 5794 2295 5832 :

1448 352 1505 407 S.
1547 351 1825 410 JOANNIS
1860 353 2331 415 οιιῐιγεοετον
2365 362 2674 420 ARCHIEP.
2714 366 3246 428 CONSTANTINOP.

3861 372 3958 430 ωε

2395 468 2520 527 Νοη
2543 483 2756 542 propter
2779 490 2866 527 vos
2887 490 2977 544 ego
3006 475 3169 542 facio,
3195 474 3381 530 domus
3414 475 3613 541 Israel,
3648 481 3740 535 sed
3758 495 3961 553 prepter

2388 579 2576 617 nomen
2606 580 2776 618 incum
2798 563 2885 634 (Ib
2935 582 2983 618 υ.
3006 566 3116 619 52).
3150 565 3357 623 Sensus
3381 577 3563 623 autem
3586 571 3676 626 hic
3704 584 3961 631 estzera-

2388 655 2459 706 tis
2485 656 2703 723 quidem
2736 657 3084 725 gravioribus
3116 658 3266 729 digni
3313 662 3600 731 suppliciis
3630 678 3697 717 ac
3737 667 3914 734 poenis
3942 685 3955 723 :

2387 762 2576 801 verum
2601 750 2811 819 nequis
2840 750 3068 813 diceret,
3099 751 3246 820 quod
3270 752 3437 815 Dens,
3467 769 3595 807 cum
3631 756 3705 809 ob
3728 757 3955 827 inapiam

2388 838 2585 893 virium
2615 856 2724 893 non
2755 851 2939 910 posset
2957 857 3199 907 servare,
3216 844 3437 913 reliquit
3462 843 3685 903 Judzeos
3714 849 3769 902 in
3791 850 3956 903 mani-

2387 931 2486 984 illIS
2520 932 2785 995 hostium,
2812 933 3052 988 auxilior
3084 944 3139 987 et
3169 937 3449 1006 prospicio
3481 939 3661 994 vobis.
3694 942 3885 1012 Itaque
3914 944 3954 997 si

2384 1022 2519 1091 legis
2555 1030 2931 1095 transgressor
2965 1035 3083 1081 erat
3113 1027 3388 1090 Christus,
3419 1045 3585 1098 quem
3616 1047 3717 1086 vos
3748 1032 3956 1087 cruciﬁ-

2382 1118 2561 1175 vistis,
2599 1117 2817 1171 etiamsi
2851 1118 3036 1174 decies
3079 1119 3226 1174 mille
3260 1130 3483 1189 peccata
3511 1124 3953 1190 commisissetis,

2378 1208 2551 1262 nmlto
2573 1209 2737 1262 etiam
2771 1210 3051 1278 prioribus
3089 1212 3199 1266 illis
3223 1212 3477 1281 graviora
3505 1231 3521 1267 :
3554 1212 3808 1282 profecto
3838 1229 3959 1282 pro-

2378 1308 2500 1365 pter
2558 1298 2661 1352 hoc
2717 1299 2921 1355 factum
2974 1312 3249 1357 servasset
3295 1319 3393 1358 vos
3434 1303 3600 1369 Deus,
3645 1320 3717 1359 ne
3763 1320 3955 1360 nomen

2378 1389 2552 1456 ipsius
2588 1391 2942 1459 pollueretur,
2981 1408 3049 1448 ue
3088 1394 3179 1449 ille
3222 1410 3321 1465 pro
3361 1409 3563 1464 magno
3589 1396 3829 1465 quodam
3860 1396 3956 1448 ha-

2378 1481 2619 1541 beretur.
2660 1498 2798 1539 neve
2834 1486 2959 1552 quis
3005 1488 3238 1549 diceret,
3273 1501 3374 1541 vos
3424 1487 3601 1556 ipsius
3648 1502 3818 1543 causa
3846 1490 3954 1543 hzec

2376 1567 2499 1633 pati.
2529 1567 2679 1634 Quod
2710 1569 2751 1621 si
2786 1569 2991 1623 videtur
3013 1571 3081 1623 ob
3098 1587 3245 1625 suam
3274 1572 3441 1641 ipsius
3466 1562 3691 1643 gloriam
3718 1575 3955 1627 relaxare

2376 1665 2611 1721 peccata,
2642 1656 2809 1709 multo
2833 1659 2998 1727 magis
3027 1658 3127 1713 hoc
3154 1676 3291 1714 nunc
3322 1669 3439 1714 erat
3463 1661 3732 1725 facturus;
3768 1672 3823 1716 et
3858 1677 3958 1715 cato

2374 1746 2492 1798 deut
2517 1745 2650 1800 hanc
2671 1756 2943 1816 acceptam
2980 1750 3267 1814 habuisset,
3310 1766 3373 1803 ac
3399 1751 3794 1805 multitudinem
3835 1768 3956 1819 pee-

2374 1844 2612 1891 catorum
2642 1848 2937 1893 vestrorum
2966 1840 3271 1895 delevisset.
3297 1840 3561 1897 Caeterum
3586 1844 3842 1912 quoniam
3865 1887 3878 1908 ,
3906 1857 3956 1898 ut

2389 1937 2612 1993 tpparet,
2644 1943 2739 1982 vos
2758 1938 3015 1998 perpetuo
3039 1942 3335 1998 aversatur,
3381 1934 3552 2002 palam
3582 1946 3664 1988 est
3713 1951 3837 1988 eum
3874 1952 3960 2003 per

2378 2015 2511 2071 hanc
2538 2018 2669 2072 iram
2713 2030 2765 2073 et
2807 2031 3116 2089 perpetuam
3160 2024 3561 2079 derelictionem
3595 2026 3960 2081 demonstrare

2376 2110 2533 2159 etiam
2576 2108 3049 2176 impudentioribus
3076 2127 3219 2175 eum,
3259 2113 3347 2182 qui
3381 2128 3412 2168 a
3440 2116 3589 2169 vobis
3624 2117 3838 2169 occisus
3859 2126 3957 2180 est,

2378 2212 2479 2250 non
2508 2198 2669 2253 fuisse
2691 2209 3137 2270 trausgressorem
3169 2203 3320 2272 legis,
3360 2204 3454 2259 sed
3476 2204 3651 2274 ipsmu
3675 2207 3810 2273 legis
3834 2222 3960 2261 con-

2376 2291 2624 2357 ditorem,
2650 2300 2703 2345 ct
2724 2292 3187 2349 innumerabilium
3217 2295 3479 2351 bonorum
3512 2309 3793 2352 aucmrem
3820 2299 3963 2352 vobis

2374 2382 2671 2437 advenisse.
2706 2383 2831 2438 Ideo
2857 2400 2951 2439 vos
2971 2386 3059 2455 qui
3092 2387 3252 2455 impie
3284 2387 3482 2442 fecistis
3502 2389 3766 2443 adversus
3796 2390 3962 2449 illum,

2377 2473 2427 2526 in
2445 2475 2760 2529 contumelia
2790 2485 2845 2530 et
2866 2477 3149 2547 ignominia
3175 2478 3398 2547 degitis:
3430 2494 3529 2532 nos
3556 2495 3688 2534 vero
3703 2479 3795 2549 qui
3823 2480 3962 2533 illum

2376 2566 2678 2633 adoramus,
2704 2578 2859 2623 antea
2890 2570 3038 2623 vobis
3066 2571 3313 2625 omnibus
3337 2571 3683 2640 ignobiliores
3704 2613 3720 2635 ,
3768 2571 3963 2625 honore

2377 2672 2469 2710 vos
2495 2673 2680 2712 omnes
2708 2661 3075 2728 praecedimus,
3124 2676 3324 2729 perque
3352 2661 3447 2714 Dei
3475 2662 3703 2731 gratiam
3741 2676 3963 2716 venera-

2378 2746 2589 2800 biliores
2627 2749 2775 2803 vobis
2804 2750 3050 2804 omnibus
3076 2766 3261 2805 sumus
3294 2761 3349 2804 et
3382 2750 3434 2803 iu
3475 2750 3680 2819 majore
3714 2752 3966 2819 dignitate

2375 2838 2666 2892 constituti.
2698 2840 2762 2893 Et
2784 2839 2924 2896 unde
2951 2840 3134 2909 liquet,
3176 2842 3439 2910 inquiunt,
3483 2842 3626 2911 quod
3660 2857 3761 2895 nos
3782 2842 3967 2911 repulit

2381 2930 2555 2984 Deus?
2580 2931 2773 2995 Quaeso
2800 2943 2871 2997 te,
2892 2933 3126 2987 etiamne
3151 2947 3286 3001 opus
3310 2942 3394 2987 est
3424 2933 3527 2987 hoc
3544 2932 3723 2987 verbis
3745 2933 3966 2987 demon-

2377 3032 2567 3084 strare,
2597 3036 2717 3075 cum
2742 3022 2852 3091 ipsa
2870 3026 2959 3077 res
2976 3023 3229 3087 clamitet,
3253 3038 3316 3077 ac
3335 3038 3519 3077 vocem
3547 3025 3669 3077 tuba
3687 3024 3964 3077 clarionetn

2376 3112 2600 3179 emittat,
2654 3122 2761 3166 tum
2806 3129 2904 3183 per
2934 3115 3079 3169 urbis
3115 3113 3469 3178 eversionem,
3502 3124 3612 3168 tum
3651 3130 3749 3183 per
3788 3114 3966 3183 templi

2376 3204 2788 3258 destructionem
2832 3215 2938 3258 tum
2973 3221 3068 3272 per
3095 3215 3287 3259 cmtera
3316 3205 3518 3268 omnia,
3563 3204 3742 3258 adhuc
3779 3203 3965 3257 verbo-

2378 3312 2493 3349 rum
2519 3295 3023 3350 demonstrationem
3064 3296 3412 3349 desideratis?
3455 3295 3653 3348 Verum
3703 3295 3965 3357 homines,

2378 3387 2638 3454 inquiunt,
2671 3387 2827 3441 nobis
2869 3387 3312 3450 Itrecintulerunt,
3345 3400 3451 3439 non
3483 3386 3642 3440 Deus.
3692 3384 3805 3439 Imo
3834 3387 3967 3440 [ηυξ

2380 3479 2476 3531 ista
2499 3478 2832 3547 potissimum
2860 3478 3052 3533 elfecit.
3080 3478 3231 3545 Quod
3257 3479 3303 3531 si
3323 3477 3439 3531 haec
3466 3477 3773 3531 hominibus
3798 3479 3969 3545 impu-

2381 3584 2478 3634 tas,
2508 3571 2637 3625 iilud
2678 3586 2889 3624 rursum
2932 3571 3229 3634 considera,
3258 3569 3421 3639 quod,
3462 3570 3566 3624 etsi
3595 3570 3839 3625 homines
3875 3571 3968 3623 ista

2379 3664 2571 3717 fuerint
2609 3664 2744 3728 ausi,
2789 3663 2888 3715 nisi
2929 3663 3039 3717 Deo
3086 3661 3390 3729 placuisset,
3438 3676 3545 3715 non
3580 3662 3882 3729 potuissent
3906 3661 3968 3713 ad

2378 3755 2625 3809 effectum
2653 3753 2963 3823 perducere.
2986 3754 3116 3807 Cum
3136 3753 3293 3822 igitur
3314 3753 3556 3806 irruisset
3578 3753 3667 3806 ille
3696 3753 3966 3817 barbarus,

2382 3857 2543 3899 totam
2574 3845 2843 3899 Persidem
2874 3858 3055 3898 secum
3081 3842 3301 3907 ducens,
3348 3857 3573 3912 sperans
3604 3842 3739 3903 fore,
3771 3850 3829 3895 ut
3852 3846 3969 3895 uui-

2383 3952 2565 3992 versos
2586 3936 2801 3991 adortus
2825 3943 3061 4004 caperet,
3107 3934 3374 3989 civitatem
3406 3942 3573 3987 totam
3605 3935 3749 3988 velut
3780 3949 3967 4003 sagena

2379 4030 2606 4101 quadam
2630 4046 2691 4084 ac
2713 4030 2811 4083 reti
2837 4029 3140 4083 conclusam
3171 4028 3400 4083 habebat
3431 4044 3445 4081 :
3474 4043 3655 4081 nonne
3678 4038 3822 4087 tunc,
3852 4037 3969 4080 tunc

2383 4124 2617 4191 inquom,
2658 4120 2905 4189 queniam
2934 4120 3070 4174 Deus
3102 4130 3216 4173 erat
3250 4118 3400 4171 vobis
3434 4118 3730 4188 propitius,
3776 4118 3971 4187 absque

2384 4212 2545 4277 bello,
2584 4212 2699 4265 sine
2730 4210 3011 4275 conﬂictu,
3068 4210 3185 4263 sine
3223 4208 3407 4276 praelio
3449 4217 3667 4261 centum
3706 4209 3969 4276 octoginta

2384 4306 2616 4375 quinque
2653 4303 2884 4357 millibus
2925 4300 3151 4355 militum
3190 4300 3592 4354 interfectorum
3632 4299 3969 4369 Assyriorum

2385 4398 2522 4465 apud
2577 4411 2670 4449 vos
2725 4394 2961 4461 relictis‘,
3013 4396 3083 4449 ita
3111 4394 3277 4462 fugit,
3328 4402 3387 4446 ut
3441 4392 3573 4445 satis
3627 4391 3887 4455 haberet,
3931 4391 3970 4444 si

2388 4489 2532 4541 solus
2557 4487 2803 4541 evaderet
2830 4485 3151 4540 incolumis?
3178 4484 3373 4538 Verum
3401 4494 3455 4537 et
3489 4483 3594 4535 alia
3636 4482 3773 4536 bella
3819 4484 3971 4534 innu-

2391 4578 2656 4631 merabilia
2706 4576 3009 4646 frequenter
3046 4575 3112 4629 ad
3160 4575 3321 4629 istum
3362 4573 3583 4626 modum
3627 4572 3788 4625 solvit
3817 4572 3969 4624 Deus.

2390 4670 2563 4735 Quare
2577 4680 2629 4724 ct
2652 4686 2809 4733 nunc,
2840 4668 2940 4722 nisi
2960 4670 3073 4737 ipse
3092 4676 3235 4722 esset
3260 4665 3350 4734 qui
3372 4666 3587 4735 penitus
3607 4680 3700 4719 vos
3720 4663 3970 4723 deseruit,

2394 4778 2498 4815 non
2519 4764 2814 4831 potuissent
2838 4762 3109 4815 civitatem
3127 4768 3359 4813 vestram
3382 4757 3619 4821 diruere,
3646 4772 3708 4810 ac
3725 4757 3972 4825 templum

2393 4864 2625 4916 vastare;
2660 4868 2763 4906 non
2787 4854 3058 4920 hucusque
3085 4861 3232 4904 tanto
3267 4859 3511 4918 tempore
3541 4849 3830 4901 mansisset
3857 4846 3971 4901 soli-

2393 4945 2589 4997 tudinis
2615 4944 2905 5007 calamitas,
2950 4958 3053 4995 non
3076 4941 3227 4995 vobis
3254 4956 3398 5008 saepe
3423 4941 3741 4994 conantibus
3780 4940 3971 4993 instau-

2391 5036 2649 5091 rationem
2678 5046 2896 5090 conatus
2920 5036 2969 5088 in
3000 5050 3222 5088 vacuum
3252 5034 3525 5087 cessisset.

2462 5131 2512 5182 4.
2538 5129 2653 5183 Jam
2686 5144 2790 5181 non
2813 5143 2879 5180 ex
2911 5127 2994 5181 his
3018 5126 3210 5191 solum,
3238 5139 3423 5178 verum
3450 5123 3614 5177 etiam
3648 5136 3716 5176 ex
3743 5120 3867 5174 aliis
3889 5133 3977 5174 ca-

2396 5222 2561 5274 unbor
2586 5222 2734 5275 vobis
2762 5220 2934 5288 palam
2974 5218 3173 5282 facere,
3210 5231 3316 5269 non
3344 5230 3440 5268 sua
3473 5215 3673 5270 virtute
3707 5212 3861 5269 vobis
3889 5212 3977 5264 ista

2395 5312 2583 5366 fecisse
2607 5292 2873 5364 Romanos
2908 5310 3280 5377 Imperatores,
3321 5305 3416 5360 sed
3442 5306 3567 5375 quia
3595 5305 3763 5358 Demu
3803 5301 3980 5355 habui-

2393 5406 2487 5458 stis
2519 5406 2729 5466 iratum,
2765 5404 2851 5471 qtti
2889 5417 2984 5456 vos
3008 5402 3334 5455 deseruerat.
3376 5398 3589 5451 Etenim
3630 5396 3677 5450 si
3718 5394 3859 5465 quod
3896 5408 3981 5463 ge.

2393 5508 2529 5552 stum
2561 5506 2662 5564 est,
2703 5496 2988 5549 humanum
3014 5503 3128 5549 erat
3157 5507 3334 5562 opus:
3380 5490 3621 5560 oportuit
3664 5500 3873 5542 vestras
3902 5501 3980 5539 ca-

2395 5591 2657 5643 lamitates
2685 5588 2891 5642 excidio
2929 5587 3085 5647 ﬁniri,
3123 5600 3220 5639 nec
3262 5582 3471 5652 longius
3504 5580 3734 5651 proferri
3756 5588 3981 5634 vestram

2395 5682 2756 5749 ignominiam.
2782 5680 3047 5733 Ponamns
3067 5679 3231 5742 enim,
3256 5674 3399 5747 quod
3433 5688 3535 5728 vos
3560 5672 3759 5733 dicitis,
3794 5672 3977 5722 manna

2398 5775 2463 5828 ab
2489 5772 2794 5829 hominibus
2824 5772 2983 5827 fuisse
3010 5771 3285 5827 subversa.
3320 5767 3593 5823 civitatem
3622 5764 3878 5825 dirutam,
3910 5758 3970 5812 aI-
