4142 6332
246 446 358 505 907

243 582 342 629 νος
369 565 462 621 οὗ)
488 565 675 620 ἐνεκεν
707 566 810 621 οὑκ
837 567 1132 640 ἠνέσχετο;
1176 567 1297 622 Κᾶν
1333 567 1490 638 ὑμεῖς
1519 563 1847 636 αίσχύνηοθε

244 651 427 704 εἰπεῖν
456 648 556 720 τὴν
588 650 789 713 αἰτίαν,
826 650 939 719 ἐγὼ
966 650 1218 723 φανερῶς
1242 649 1384 722 ἐρῶ·
1417 647 1617 720 μᾶλλον
1656 647 1714 700 δὲ
1748 645 1849 699 οὑκ

247 731 385 801 ἐγὼ,
409 731 525 785 ἀλλ’
555 733 692 804 αὑτὴ
716 734 826 787 τῶν
854 734 1203 806 πραγμάτων
1227 734 1261 804 ἡ
1292 729 1543 804 ἀλήθεια.

339 893 556 964 Ἐπειδὴ
581 894 673 948 τὸν
703 895 938 966 Χριστὸν
968 896 1347 958 ἀπεκτείνατε,
1375 893 1564 964 ἐπειδὴ
1591 890 1734 945 κατά
1756 890 1851 944 τοῦ

249 977 528 1032 Δεσπότου
565 979 665 1040 τάς
705 981 898 1049 χεῖρας
944 978 1270 1045 ἐξετείνατε,
1304 978 1495 1046 ἐπειδὴ
1523 977 1586 1028 τὸ
1619 969 1759 1044 αἷμα
1791 975 1853 1027 τὸ

249 1062 439 1132 τίμιον
469 1060 742 1131 ἐξεχέατε.
775 1061 866 1115 διά
893 1061 1052 1116 τοῦτο
1076 1063 1179 1115 οὑκ
1209 1057 1357 1114 ἐστιν
1385 1061 1517 1131 ὑμῖν
1542 1057 1850 1130 διόρθωσις,

251 1145 379 1200 οὑδέ
412 1144 710 1216 συγγνώμη
739 1144 944 1210 λοιπὸν,
971 1145 1092 1198 οὑδέ
1133 1143 1421 1212 ἀπολογία.
1451 1142 1585 1196 Τότε
1617 1142 1715 1212 μὲν
1744 1140 1854 1210 γὰρ

250 1231 338 1293 εἰς
365 1228 585 1292 δούλους
607 1224 675 1299 ἦν
694 1228 764 1281 τὰ
788 1227 1136 1298 τολμώμενα,
1157 1231 1237 1291 εἰς
1256 1227 1495 1282 Μωῦσέα
1516 1224 1854 1279 καὶἩσαῖαν

253 1315 352 1366 καὶ
385 1312 658 1383 Ἱερεμίαν
678 1328 693 1342 ·
725 1312 848 1365 τότε
883 1314 931 1365 εί
963 1312 1058 1365 καὶ
1097 1311 1329 1366 ἀσέϐειά
1355 1328 1440 1374 τις
1473 1311 1710 1378 ἐγένετο,
1740 1307 1854 1361 ἀλλ’

251 1394 414 1450 οὔπω
446 1397 507 1450 τὸ
530 1395 827 1465 κεφάλαιον
856 1395 966 1450 τῶν
995 1396 1184 1449 κακῶν
1210 1392 1280 1467 ἦν
1308 1393 1601 1466 τολμηθέν.
1639 1393 1776 1446 Νυνὶ
1800 1392 1858 1445 δὲ

252 1481 440 1534 πάντα
467 1479 824 1550 ἀπεκρύψατε
855 1479 926 1534 τὰ
953 1479 1184 1543 παλαιὰ,
1217 1480 1393 1532 οὐδενὶ
1439 1477 1495 1531 δὲ
1529 1477 1717 1549 τρόπῳ
1755 1493 1859 1529 πα-

259 1564 527 1633 ρανομίας
558 1562 863 1634 ὑπερϐολὴν
892 1562 1214 1618 κατελίπετε
1247 1563 1334 1616 διά
1364 1562 1466 1631 τῆς
1505 1565 1584 1626 εἰς
1623 1559 1858 1638 Χριστὸν

260 1647 492 1716 μανίας·
522 1647 602 1699 διὸ
623 1647 717 1699 καὶ
747 1646 1014 1717 μειζόνως
1045 1645 1338 1711 κολάζεσθε
1368 1644 1483 1698 νῦν.
1504 1643 1679 1706 Ἐπεὶ,
1702 1644 1750 1695 εί
1782 1642 1856 1712 μὴ

254 1728 420 1782 τοῦτό
450 1731 566 1782 ἐστι
591 1729 653 1782 τὸ
682 1730 852 1783 αἴτιον
885 1729 986 1799 τῆς
1017 1727 1300 1800 παρούσης
1325 1725 1480 1798 ὑμῶν
1517 1727 1762 1797 ἀτιμίας,
1785 1724 1862 1776 τί·

255 1829 351 1874 νος
372 1811 560 1865 ἕνεκεν
582 1811 1080 1866 παιδοκτονούντων
1107 1812 1205 1882 μὲν
1229 1809 1385 1882 ὑμῶν
1408 1812 1436 1864 6
1456 1809 1589 1873 Θεὸς
1601 1810 1860 1880 ἠνέσχετο

255 1895 406 1959 τότε,
433 1895 600 1966 μηδὲν
618 1895 675 1949 δέ
696 1895 940 1949 τοιοῦτον
962 1895 1282 1965 τολμῶντας
1300 1892 1710 1965 ἀποστρέφεται
1730 1891 1856 1954 νῦν;

257 1973 342 2031 Ἦ
370 1979 532 2049 δῆλον
557 1979 639 2032 ὅτι
668 1979 762 2040 καὶ
785 1979 1166 2041 παιδοκτονίας
1186 1979 1282 2032 καὶ
1303 1977 1488 2043 πάσης
1510 1975 1861 2049 παρανομίίς

258 2061 448 2132 πολλῷ
477 2065 660 2133 χεῖρον
705 2062 1044 2134 ἐτολμήσατε
1095 2063 1192 2116 καὶ
1240 2059 1446 2134 μεῖζον,
1479 2060 1572 2114 τὸν
1626 2053 1862 2131 Χρίστὸν

257 2147 568 2210 ἀνελόντες.
1733 2151 1736 2154 ’

295 2317 304 2322 ’
335 2317 412 2388 γ’.
445 2321 568 2373 Ἔτι
590 2315 684 2374 οὖν
707 2318 1193 2386 ἀνέξεσθεπλάνον
1232 2318 1404 2372 αὑτὸν,
1426 2318 1521 2371 καὶ
1544 2313 1865 2387 παράνομον

260 2405 474 2468 καλεῖν,
504 2404 698 2458 εἴπατέ
730 2420 856 2474 μοι·
895 2405 989 2456 καὶ
1010 2404 1111 2457 οὑκ
1141 2401 1472 2464 ἀπελθόντες
1504 2398 1731 2476 ἑαυτούς
1760 2412 1861 2449 που

258 2485 643 2558 κατορύξετει
675 2487 814 2558 πρὸς
863 2486 1008 2539 οὑτω
1059 2486 1300 2556 φανεράν
1352 2481 1699 2554 πραγμάτων
1732 2479 1864 2548 ἀλή-

259 2571 420 2625 θειαν
450 2569 901 2634 ἀντιϐλέποντεῃ
947 2571 1011 2623 Et
1056 2569 1167 2638 γάρ
1214 2568 1416 2632 πλάνος
1458 2563 1526 2638 ἦν
1573 2569 1602 2618 6
1636 2564 1863 2636 Ἰησοῦς,

262 2653 524 2724 καθάπερ
554 2652 708 2725 [6'55]
741 2653 900 2722 φατὲ,
927 2653 1022 2705 καὶ
1062 2652 1404 2722 παράνομος,
1441 2651 1536 2703 καὶ
1576 2648 1868 2718 εὐδοκιμῆ-

265 2753 362 2790 σαι
389 2736 536 2806 ὑμᾶς
565 2738 755 2808 ἐχρῆν,
792 2737 874 2789 ὅτι
901 2735 1063 2790 αὑτὸν
1089 2735 1470 2788 ἀπεκτείνατε.
1501 2733 1564 2785 Εἰ
1588 2732 1698 2803 γὰρ
1731 2731 1759 2781 6
1780 2733 1870 2784 Φι-

262 2820 389 2883 νεές
415 2820 512 2874 ἕνα
543 2819 666 2873 τινὰ
691 2819 919 2884 ἀνελὼν,
945 2819 1239 2891 ὁλόκληρον
1263 2819 1362 2888 τὴν
1387 2816 1530 2872 κατά
1556 2815 1652 2870 τοῦ
1685 2816 1871 2879 ἔθνους

262 2905 441 2976 ὀργὴν
470 2904 747 2958 ιέπαυσεν·
790 2906 978 2974 Ἕστη
1025 2905 1139 2975 γὰρ
1180 2905 1410 2970 Φινὲες,
1452 2905 1607 2973 φησὶ,
1646 2901 1745 2955 καὶ
1775 2901 1873 2964 ἐξ·

179 3039 188 3048 ,
265 2987 546 3051 ιλάσατο,
576 2987 677 3047 καί
723 2989 1028 3042 ἐκόπασεν·
1055 2989 1094 3055 ἠ
1129 2987 1381 3054 θραῦσις
1401 3004 1413 3017 ·
1442 2986 1538 3039 καλ¹
1582 2985 1871 3048 τοσούτους

265 3071 649 3142 ἀσεϐήσαντας
697 3069 1019 3142 ἀνθρώπους
1071 3071 1353 3142 ἐξήρπασε
1403 3069 1504 3138 τῆς
1554 3069 1724 3141 ὀργῆς
1777 3065 1872 3119 τοῦ

265 3153 409 3207 Θεοῦ
459 3156 558 3226 μιᾷ
609 3157 792 3225 σφαγῇ
845 3153 1168 3225 παρανόμου
1221 3154 1366 3216 τινὸς
1416 3151 1644 3222 ἀνδρός·
1695 3149 1874 3220 πολλῷ

271 3237 477 3308 μᾶλλον
504 3238 589 3306 ἐφ’
614 3237 770 3307 ὑμῶν
811 3235 972 3289 τοῦτο
998 3235 1254 3304 γενέσθαι
1303 3235 1494 3305 ἐχρῆν,
1523 3235 1576 3288 ετ
1602 3251 1666 3302 γε
1701 3236 1876 3305 παρά-

269 3337 438 3392 νομος
486 3317 555 3392 ἦν
603 3323 632 3373 6
681 3321 770 3388 ὑφ’
802 3319 958 3390 ὑμῶν
1004 3319 1358 3389 σταυρωθείς.
1392 3319 1458 3370 Τί
1491 3319 1693 3389 δήποτε
1727 3314 1820 3371 οὖν
1848 3321 1876 3371 6

272 3405 377 3474 μὲν
407 3404 596 3467 Φινεὲς
620 3402 793 3474 ἄνδρα
825 3402 1142 3473 παράνομον
1172 3402 1377 3454 ἀνελὼν
1413 3401 1740 3465 ἐδικαιοῦτο,
1783 3402 1878 3454 καὶ

271 3487 548 3560 ἱερωσύνῃ
594 3488 854 3557 ἐτιμᾶτο·
907 3485 1068 3556 ὑμεῖς
1113 3487 1193 3550 δέ,
1221 3487 1298 3548 ὼς
1349 3486 1506 3555 φατὲ,
1535 3484 1735 3538 πλάνον
1784 3485 1879 3537 καὶ

269 3570 524 3624 ἀντίθεόν
545 3587 668 3625 τινα
694 3569 1128 3641 σταυρώσαντες,
1149 3571 1207 3622 οὑ
1234 3569 1396 3640 μόνον
1422 3569 1523 3621 οὑκ
1539 3569 1878 3638 εὐδοκιμεῖτε

271 3655 399 3710 οὑδέ
429 3655 688 3726 τιμᾶσθε,
716 3654 853 3707 ἀλλά
905 3655 1000 3706 καὶ
1047 3653 1409 3724 χαλεπώτερα
1439 3653 1695 3716 ἐπάθετε,
1724 3654 1756 3722 ἢ
1789 3655 1877 3707 ὅτε
1916 3683 1936 3704 ιι

270 3741 406 3802 τοὺς
439 3740 592 3802 υἱοὺς
626 3738 782 3808 ὑμῶν
829 3739 1160 3806 ἐσφάττετες
1211 3738 1314 3790 οὑκ
1343 3736 1581 3808 ἐὔδηλον
1629 3739 1722 3790 καὶ
1767 3739 1880 3797 τοῖς

276 3822 490 3894 σφόδρα
537 3823 809 3888 ἀνοήτοις,
850 3820 952 3883 ὅτι,
991 3820 1181 3892 ἐπειδὴ
1226 3823 1307 3885 είς
1357 3821 1451 3874 τὸν
1499 3821 1731 3890 Σωτῆρα
1788 3819 1881 3872 καὶ⁹

275 3905 595 3977 προστάτην
633 3905 736 3974 τῆς
766 3904 1097 3974 οἰκουμένης
1140 3907 1596 3974 παρηνομήσατε,
1625 3903 1880 3973 τοιαύτην

276 3989 586 4058 ὑπομένετε
638 3988 830 4059 δίκην;
883 3989 1080 4042 Καίτοι
1129 4005 1194 4056 γε
1237 3981 1336 4041 νῦν
1370 3989 1466 4041 κα)⁵
1500 3989 1748 4058 αἱμάτων
1778 3989 1883 4040 ἀπ-

277 4073 472 4144 έχεσθε
507 4071 739 4142 μιαρῶν,
763 4073 859 4125 καί¹
883 4072 1132 4125 σάϐϐατα
1165 4075 1383 4144 τηρεῖτε
1402 4089 1416 4102 ·
1443 4071 1565 4124 τότε
1594 4072 1651 4125 δὲ
1680 4073 1772 4124 καὶ
1804 4073 1884 4134 εἰς

277 4156 455 4226 αὐτὴν
483 4154 795 4224 ἐνυϐρίζετε
825 4154 924 4226 τὴν
957 4156 1192 4226 ἡμέραν.
1225 4157 1336 4209 Καὶ
1379 4157 1408 4207 6
1447 4155 1579 4218 Θεὸς
1611 4154 1884 4226 ἐπηγγέλ-

275 4239 407 4291 λετο
433 4237 524 4290 διά
551 4238 646 4290 τοῦ
689 4238 976 4309 Ἰερεμίου,
1010 4238 1290 4306 φείδεσθαι
1324 4240 1425 4308 τῆς
1465 4239 1675 4302 πόλεως
1705 4239 1881 4308 ὑμῶν,

278 4325 330 4377 εἰ
359 4320 659 4376 παύσοισθε
694 4322 940 4394 αἴροντες
966 4323 1331 4394 βαστάγματα
1357 4326 1415 4376 ἐν
1445 4323 1702 4393 σαϐϐάτῳ
1723 4339 1735 4352 ·
1768 4321 1883 4375 ἀλλ’

283 4407 400 4461 ίδοὺ
444 4405 539 4459 νῦν
567 4404 726 4459 τοῦτο
753 4410 982 4470 ποιεῖτε,
1017 4407 1112 4460 καὶ
1150 4407 1252 4460 οὑκ
1294 4409 1479 4477 αῖρετε
1524 4407 1888 4477 βαστὰγματα

279 4493 344 4545 ἐν
394 4491 669 4562 σαϐϐάτῳ,
719 4494 818 4544 καὶ
861 4490 982 4543 οὑδέ
1029 4491 1204 4554 οὓτως
1250 4490 1683 4544 καταλλάττεται
1733 4492 1883 4561 ὑμῖν.

281 4575 362 4629 Τὸ
403 4575 513 4645 γὰρ
551 4576 863 4646 ἁμάρτημα
891 4574 1046 4646 ὑμῶν
1076 4577 1255 4628 ἐκεῖνο
1285 4574 1542 4628 ἀπάντων
1575 4575 1757 4644 μεῖζον
1795 4571 1884 4645 ἦν,

279 4659 430 4712 ὥστε
471 4659 727 4730 περιττὸς
772 4660 902 4728 ὑμῖν
941 4653 1098 4721 οὗτος
1134 4660 1162 4712 ὁ
1191 4658 1352 4727 λόγος
1381 4660 1410 4711 6
1438 4658 1546 4711 τῶν
1579 4659 1885 4729 ἁμαρτιῶν.

282 4741 365 4795 Οὑ
395 4741 504 4812 γὰρ
530 4741 620 4794 διά
652 4742 744 4794 τὸν
789 4742 975 4795 λοιπὸν
1013 4742 1168 4811 ὑμῶν
1196 4741 1331 4812 βίον,
1359 4741 1495 4794 ἀλλὰ
1525 4742 1591 4794 δι’
1619 4743 1794 4794 ἐκεῖνο
1829 4742 1890 4794 τὸ

279 4825 548 4895 τόλμημα
577 4827 634 4877 ἐν
657 4817 768 4890 τοῖς
799 4825 1068 4898 παροῦσιν
1093 4827 1215 4878 ἐστὲ
1235 4826 1622 4889 δεινοῖς.”Ωστε
1649 4827 1700 4878 εί
1724 4843 1785 4893 γε
1814 4825 1890 4896 μὴ

280 4909 448 4963 τοῦτο
478 4904 567 4978 ἦν,
599 4910 700 4962 οὐκ
727 4909 794 4962 ἂν
824 4910 916 4962 ἐπὶ
940 4909 1196 4964 τοσοῦτον
1224 4913 1252 4963 6
1278 4910 1410 4973 Θεὸς
1444 4910 1589 4980 ὑμᾶς
1615 4909 1892 4980 ἀπεστρά-

284 5011 391 5064 φη,
419 4993 468 5044 εί
502 4995 597 5046 καὶ
633 4992 802 5063 μυρία
831 4989 931 5064 ἦτε
966 4993 1379 5064 ἡμαρτηκότες·
1415 4994 1513 5046 καὶ
1543 4993 1702 5063 δῆλον
1739 4993 1803 5046 ἐκ
1830 5010 1892 5046 τε

283 5077 400 5130 τῶν
430 5076 736 5147 εἰρημένων
762 5078 1037 5141 ἁπάντων,
1075 5078 1169 5130 καὶ
1192 5077 1382 5131 τούτου
1412 5073 1472 5131 οὗ
1505 5077 1682 5144 μέλλω
1710 5077 1892 5144 λέγειν

285 5161 408 5213 νῦν.
444 5159 509 5211 Τί
538 5160 606 5225 δὲ,
623 5159 782 5212 τοῦτό
818 5164 999 5225 ἐστινς
1042 5161 1390 5230 Ἦκούσαμεν
1413 5161 1503 5213 τοῦ
1527 5160 1663 5213 Θεοῦ
1690 5160 1893 5213 πολλά-

286 5262 381 5307 κις
414 5243 664 5311 λέγοντος
711 5244 800 5298 διὰ
829 5245 939 5300 τῶν
969 5247 1266 5317 προφητῶν
1311 5247 1448 5316 πρὸς
1486 5247 1614 5309 τοὺς
1646 5247 1892 5319 πατέρας

286 5330 421 5390 τοὺς
466 5328 791 5400 ὑμετέρους,
835 5329 917 5382 ὅτι
961 5329 1159 5398 ’Υμεῖς
1181 5330 1299 5399 μὲν
1322 5329 1480 5392 ἄξιοι
1509 5331 1742 5398 μυρίων
1787 5328 1895 5400 ἦτε

285 5411 498 5466 κακῶν
519 5429 533 5441 ·
571 5413 687 5483 ἐγὼ
707 5413 796 5480 δὲ,
835 5414 989 5483 φησὶ,
1022 5414 1170 5467 ποιῶ
1202 5414 1298 5468 διὰ
1323 5415 1390 5468 τὸ
1421 5412 1610 5482 ὄνομά
1625 5433 1766 5483 μου,
1795 5417 1896 5469 ἵνα

285 5496 376 5567 μὴ
411 5497 737 5566 ,βεϐηλωθῇ
769 5499 839 5551 ἐν
882 5498 1009 5565 τοῖς
1041 5498 1265 5556 ἔθνεσι.
1310 5501 1418 5554 Καὶ
1462 5500 1656 5553 πάλιν·
1705 5503 1788 5555 Οὐ
1817 5500 1892 5554 δι’

288 5579 453 5652 ὑμᾶς
476 5581 591 5650 ἐγὼ
619 5581 788 5647 ποιῶ,
819 5579 985 5648 οἶκος
1012 5583 1118 5636 τοῦ
1159 5585 1420 5652 Ἰσραὴλ,
1456 5586 1594 5638 ἀλλ’
1626 5586 1664 5652 ἢ
1700 5585 1799 5640 διὰ
1828 5591 1895 5644 τὸ

286 5664 489 5733 ὄνομὰ
527 5669 748 5735 μου.Ὂ
793 5668 850 5721 δέ
897 5667 1068 5736 λέγει,
1096 5669 1335 5722 τοιοῦτόν
1385 5672 1538 5723 ἐστι·
1575 5672 1893 5744 Βαρυτέρας

366 5912 385 5932 ³
416 5903 642 5971 ρυξῐιξιυο
665 5923 776 5960 mss.
804 5913 1099 5977 κατορύξετε,
1127 5915 1298 5966 Morel.
1328 5914 1642 5978 κατωρύξατε.

1294 444 1296 446 ’
1402 443 1773 503 Αονεῐιευε
1806 438 2120 497 ωΜιυε.
2161 439 2252 495 Vl.

3438 434 3548 488 Ubi!

1957 558 2059 629 μὲν
2092 557 2365 630 τιμωρίας
2394 552 2495 630 ἦτε
2525 559 2667 626 ἄξιοι
2711 558 2808 614 καὶ
2857 552 3134 614 κολάσεως
3155 568 3167 580 ·
3204 547 3320 602 ἀλλ’
3352 549 3442 602 ἵνα
3475 550 3550 621 μή

1955 660 2040 705 τις
2079 642 2235 715 λέγῃ,
2269 643 2350 696 ὅτι
2383 643 2629 696 ἀσθενῶν
2653 646 2682 697 6
2712 642 2868 705 Θεὸς,
2898 638 2993 692 καὶ
3027 636 3102 707 μὴ
3127 632 3425 704 δυνάμενος
3456 631 3550 684 σε)
3601 695 3606 700 ,

1957 744 2069 790 σαι,
2101 727 2282 798 ἀφῆκε
2317 729 2444 790 τοὺς
2489 726 2780 789 Ἰουδαίους
2817 725 2939 786 ταῖς
2971 719 3082 774 τῶν
3115 715 3393 787 πολεμίων
3430 731 3548 785 χερ-

1957 811 2062 876 σὶν,
2094 797 2567 882 ἀντιλαμϐάνομαι
2593 809 2688 862 καὶ
2722 803 3254 880 προῖσταμαι.⁶Ὢστε
3286 802 3336 853 εί
3369 797 3549 882 παρά-ν

1956 911 2118 965 νομος
2152 889 2221 966 ἦν
2263 880 2303 959 ῥ⁷
2336 880 2592 966 Χριστὸς,
2629 894 2788 963 ὑμεῖς
2820 890 2877 943 δέ
2929 887 3094 943 αὑτὸν
3145 880 3554 954 ἐσταυρώσατε,

1958 980 2051 1032 καὶ
2077 980 2126 1030 εἰ
2155 978 2325 1050 μυρία
2350 974 2450 1050 ἦτε
2481 977 2884 1050 ἡμαρτηκότες,
2913 975 3008 1029 καὶ
3037 969 3219 1041 πολλῷ
3271 968 3375 1050 τῶν
3412 982 3555 1050 προ-

1956 1062 2014 1115 τέ
2025 1077 2132 1133 ρων
2147 1047 2438 1134 χαλεπῷτε
2448 1047 2536 1134 ρα,
2561 1047 2778 1125 πάντως
2807 1061 2871 1114 ἂν
2905 1058 3050 1128 ὑμᾶς
3073 1058 3103 1109 6
3124 1053 3259 1116 Θεὸς
3281 1049 3372 1104 διά
3394 1047 3556 1134 τοῦτο

1956 1132 2238 1211 διέσωσεν,
2273 1147 2358 1200 ἵνα
2496 1146 2559 1200 τὸ
2591 1145 2762 1215 ὄνομα
2808 1142 2975 1196 αὑτοῦ
3000 1136 3332 1226 νβεϐηλωθῇ,
3361 1135 3450 1226 ἵνα

1963 1231 2138 1302 μέγας
2183 1247 2266 1294 τις
2309 1218 2518 1295 ἐκεῖνος
2565 1228 2875 1301 νομίζηται,
2909 1225 3048 1299 μηδέ
3077 1223 3211 1293 εἴπῃ
3234 1239 3341 1284 τις,
3373 1220 3454 1272 ὅτι
3487 1218 3557 1271 δι’

1959 1317 2168 1369 ἐκεῖνον
2199 1315 2373 1385 ταῦτα
2404 1315 2658 1369 ἐπάθετε.
2690 1315 2755 1366 Εἰ
2782 1311 2890 1382 γὰρ
2923 1308 3172 1378 φαίνεται
3202 1303 3293 1357 διά
3319 1303 3420 1375 τὴν
3439 1303 3560 1385 ἐαυέ

1959 1400 2054 1453 τοῦ
2103 1399 2277 1466 δόξανἶ
2305 1401 2376 1454 τά
2428 1400 2801 1471 ἁμαρτήματα
2844 1395 3000 1467 ὑμῶν
3048 1390 3331 1466 παρορῶνο
3377 1384 3560 1471 “16‘?
3621 1413 3626 1419 ”

1965 1483 2164 1552 μᾶλλον
2195 1485 2265 1546 ἂν
2293 1483 2449 1537 τοῦτο
2469 1467 2705 1553 ’ἐποίησε
2739 1479 2854 1544 νῦν,
2885 1478 2982 1531 καὶ
3002 1476 3102 1546 τὴν
3130 1473 3344 1542 σφαγὴν
3372 1467 3562 1523 ἀπεδέ-

1964 1566 2093 1631 ξατο
2143 1568 2369 1638 ταύτην,
2411 1569 2505 1621 καὶ
2558 1565 2627 1620 τὰ
2681 1563 2856 1617 πολλὰ
2915 1560 3039 1635 [an
3077 1559 3233 1630 ὑμῶν
3276 1553 3561 1629 ἐξήλειψεν

1961 1651 2537 1722 ἁμαρτήματα.’οταν
2565 1649 2620 1702 δὲ
2649 1647 2906 1716 φαίνηται
2939 1646 3020 1708 είς
3057 1644 3211 1706 τέλος
3253 1641 3398 1712 ὑμᾶς
3427 1639 3564 1722 ἀποέ

1967 1721 2351 1811 στρεφόμενος,
2381 1735 2602 1806 εὔδηλον
2628 1734 2710 1787 ὃτι
2743 1733 2834 1785 διὰ
2877 1732 2976 1801 τῆς
3006 1727 3178 1800 όργῆς
3207 1723 3434 1794 ταύτης,
3465 1721 3563 1811 καὶ

2093 1824 2173 1886 είς
2201 1820 2354 1884 τέλος
2385 1815 2850 1888 ἐγκαταλείψεως,
2884 1815 3126 1868 δείκνυσι
3164 1811 3260 1864 καὶ
3289 1813 3403 1873 τοῖς
3429 1807 3566 1891 σςότ

1963 1885 2066 1974 δρα
2111 1885 2581 1974 ἀναισχυντοῦσιν,
2631 1885 2712 1954 ὅτι
2764 1899 2885 1969 οὐχὶ
2939 1895 3254 1968 παράνομός
3295 1909 3381 1954 τις
3427 1885 3496 1974 ἦν
3536 1888 3568 1939 6

1967 1972 2217 2057 σιραγεὶς,
2252 1972 2368 2040 ἀλλ’
2401 1987 2564 2049 αὑτὸς
2612 1985 2641 2036 6
2689 1982 3008 2054 νομοθέτης,
3055 1979 3152 2033 καὶ
3198 1976 3307 2030 τῶν
3355 1972 3568 2044 μυρίων

1966 2073 2190 2140 ἀγαθῶν
2219 2072 2393 2135 αἴτιος
2421 2073 2453 2123 ὁ
2481 2070 2946 2142 παραγενόμενος.
2974 2065 3074 2119 Διὰ
3095 2063 3256 2117 τοῦτο
3281 2063 3331 2114 οί
3363 2059 3461 2131 μὲν
3487 2058 3569 2120 εἰς

1967 2159 2129 2212 αὑτὸν
2160 2158 2532 2230 ἀσεϐήσαντες
2562 2158 2743 2228 ὑμεῖς,
2778 2157 2836 2208 ἐν
2868 2153 3026 2226 ὕϐρει
3057 2151 3153 2205 καὶ
3184 2147 3401 2218 ἀτιμία,
3430 2147 3480 2198 οἱ
3512 2143 3570 2196 δέ

1968 2245 2406 2318 προσκυνοῦντες
2433 2245 2594 2298 αὑτὸν
2612 2245 2797 2314 ἡμεῖς,
2817 2239 3136 2311 ἁτιμότεροι
3169 2235 3389 2290 πάντων
3412 2229 3570 2301 ὑμῶν

1970 2315 2281 2403 ἔμπροσθεν
2329 2319 2507 2392 ὄντες,
2538 2329 2627 2381 διὰ
2656 2329 2755 2399 τὴν
2784 2326 2878 2379 τοῦ
2924 2321 3074 2397 ῖ654]
3107 2319 3244 2375 Οεοῦ
3280 2315 3574 2403 χάριν-’καὶ

1972 2399 2293 2486 σεμνότεροι
2338 2414 2555 2466 πάντων
2605 2410 2762 2483 ὑμῶν
2797 2413 2964 2480 ἐσμεν
2996 2407 3112 2471 νῦν,
3148 2405 3244 2458 καὶ
3273 2405 3331 2457 ἐν
3363 2399 3572 2473 μείζονι

1969 2485 2103 2570 τιμῇ
2134 2498 2579 2570 καθεστήκαμεν.
2599 2497 2710 2549 Καὶ¹
2734 2494 2899 2549 πόθεν
2926 2493 3084 2564 δῆλον
3110 2491 3194 2544 ὃτι
3218 2485 3571 2558 ἀπεστράφη,

1973 2585 2158 2652 φησιν,
2195 2585 2344 2652 ἡμᾶς
2389 2584 2417 2634 6
2461 2581 2620 2643 Θεὸς-ς
2651 2581 2825 2648 Λόγου
2858 2578 2968 2648 γὰρ
2997 2576 3076 2629 ἐτι
3111 2573 3271 2646 χρεία
3304 2570 3400 2626 καὶ
3439 2571 3576 2623 ἀπο-

1972 2666 2226 2730 δείξεως;
2265 2666 2388 2718 εἰπέ
2420 2682 2533 2735 μοι.
2565 2662 2688 2716 Τῶν
2718 2661 3062 2732 πραγμάτων
3091 2657 3272 2710 αὑτῶν
3305 2652 3574 2724 βοώντων,

1974 2752 2068 2803 καὶ
2092 2749 2392 2817 σάλπιγγος
2415 2746 2804 2819 λαμπροτέραν
2829 2745 3099 2814 ἀφιέντων
3125 2741 3332 2812 φωνὴν,
3362 2736 3452 2790 διὰ
3474 2736 3577 2802 τῆς

1975 2835 2341 2903 κατασκαφῆς
2370 2833 2469 2900 τῆς
2497 2832 2638 2885 κατά
2667 2830 2762 2902 τὴν
2783 2830 2959 2894 πόλιν,
2992 2826 3082 2880 διὰ
3104 2819 3204 2897 τῆς
3241 2821 3579 2893 ἐρημώσεως

1973 2906 2069 2970 τοῦ
2102 2917 2255 2980 ναοῦ,
2292 2917 2386 2970 καὶ
2417 2917 2504 2969 διὰ
2535 2915 2645 2970 τῶν
2672 2913 2848 2968 ἄλλων
2879 2913 3137 2966 ἁπάντων
3170 2908 3281 2961 τῶν
3315 2910 3396 2968 είς
3433 2905 3580 2975 ὑμᾶς

1980 3000 2426 3071 συμϐεϐηκότων,
2462 2999 2541 3052 ἔτι
2570 3000 2659 3052 διὰ
2680 2998 2855 3066 λόγων
2894 2993 3169 3060 ἀπόδειξιν
3195 2991 3507 3060 ἐπιζητεῖτε
3527 2986 3579 3042 δε

1992 3085 2129 3139 Ἀλλ’
2165 3084 2465 3154 ἄνθρωποι,
2512 3083 2665 3154 φησι,
2702 3080 2876 3136 ταῦτα
2920 3081 3054 3150 ἡμῖν
3089 3079 3398 3148 ἐπήγαγον,
3428 3075 3527 3141 οὐχ
3552 3071 3582 3122 6

1979 3169 2132 3232 Οεός.
2169 3168 2422 3221 Μάλιστα
2461 3166 2557 3236 μὲν
2591 3163 2684 3218 οῦν
2729 3167 2758 3218 6
2787 3164 2920 3226 Θεὸς
2954 3161 3129 3216 ταῦτα
3167 3158 3483 3230 εἰργάσατο.
3518 3155 3582 3206 Εί

1979 3253 2036 3305 δὲ
2075 3251 2384 3322 ἀνθρώποις
2419 3234 2592 3302 ταῦτα
2633 3249 2847 3320 λογίζῃ,
2883 3248 3159 3317 σκόπησον
3191 3243 3354 3296 πάλιν
3382 3242 3579 3301 ἐκεῖνο,

1981 3340 2063 3391 ὃτι
2095 3339 2190 3392 καὶ
2216 3338 2514 3407 ἄνθρωποι,
2564 3336 2610 3388 εί
2646 3334 2721 3405 μὴ
2749 3333 2826 3401 τῷ
2860 3329 2980 3401 Θεῷ
3009 3327 3201 3383 δοκοῦν
3226 3323 3295 3399 ἦν
3322 3325 3501 3388 τοῦτο,
3533 3325 3583 3375 εί

1982 3425 2074 3476 καὶ
2124 3422 2388 3490 ἐτόλμων,
2422 3421 2523 3471 οὑκ
2559 3419 2625 3471 ἂν
2663 3417 2888 3486 ἴσχυσαν
2934 3416 3014 3476 είς
3064 3412 3241 3482 πέρας
3272 3409 3413 3462 αὑτά
3442 3410 3582 3476 ἀγα-

1982 3507 2260 3576 γεῖν.Ὄτε
2295 3504 2424 3572 γοῦν
2454 3502 2550 3573 τὴν
2580 3501 2820 3573 Περσίδα
2850 3500 3033 3551 πᾶσαν
3069 3496 3218 3565 ἄγων
3237 3507 3257 3533 υ
3293 3492 3526 3564 ἐπῆλθεν
3555 3493 3586 3545 6

1986 3590 2284 3662 βάρϐαρος,
2305 3589 2401 3641 καὶ
2422 3587 2480 3653 ἐξ
2508 3586 2810 3657 ἐπιδρομῆς
2837 3583 3086 3644 ἅπαντας
3115 3579 3382 3650 λήψεσθαι
3413 3592 3586 3646 προσ-

1985 3677 2237 3746 εδόκησε,
2266 3674 2362 3726 καὶ
2393 3672 2646 3742 καθάπερ
2664 3673 2720 3722 ἐν
2755 3669 2966 3738 σαγήνῃ
2995 3667 3101 3719 τινὶ
3124 3665 3218 3718 καὶ
3245 3663 3485 3726 δικτύοις
3507 3664 3587 3725 εἰς

1983 3759 2082 3831 τὴν
2114 3757 2269 3811 πόλιν
2301 3757 2546 3819 ἅπαντας
2571 3750 2684 3824 εἶχε
2715 3750 3250 3821 συγκεκλεισμένους
3270 3766 3281 3777 ·
3317 3749 3440 3818 οὑχὶ
3465 3747 3588 3800 τότε

1985 3847 2070 3917 δὴ,
2108 3847 2249 3909 τότε,
2288 3843 2476 3914 ἐπειδὴ
2505 3843 2533 3893 6
2563 3841 2696 3904 Οεὸς
2734 3840 2891 3902 ἵλεως
2912 3833 3001 3909 ἦν,
3030 3838 3199 3907 χωρίς
3233 3834 3472 3904 πολέμου
3495 3833 3589 3885 καὶ

1991 3933 2172 4004 μάχης
2211 3931 2306 3983 καὶ
2337 3927 2613 3999 συμϐολῆς
2643 3924 2838 3979 ἐκατὸν
2867 3922 3197 3993 ὀγδοήκοντα
3226 3920 3389 3973 πέντε
3412 3917 3582 4004 χιλιάι

1987 4003 2081 4080 δας
2136 4014 2488 4088 στρατιωτῶν
2547 4012 2778 4083 νεκροὺς
2840 4009 3000 4079 ἀφεὶς
3050 4009 3182 4079 παρ’
3217 4007 3368 4077 ὑμῖν,
3417 4003 3591 4068 οὑτως

1989 4101 2210 4170 ἔφυγεν,
2243 4097 2497 4168 ἀγαπῶν,
2529 4097 2580 4150 εί
2609 4093 2902 4163 διασωθείη
2943 4091 3139 4162 μόνοςς
3178 4092 3288 4144 Καὶ
3319 4089 3512 4151 ἄλλους
3534 4087 3590 4140 δὲ

1993 4185 2219 4257 μυρίους
2261 4182 2537 4252 πολέμους
2581 4178 2754 4242 οὑτως
2784 4178 2999 4249 ἔκρινεν
3051 4177 3080 4228 6
3126 4175 3260 4238 Θεὸς
3304 4174 3588 4234 πολλάκις.

1992 4270 2154 4322 Ὥστε
2183 4272 2277 4322 καὶ
2306 4267 2420 4331 νῦν,
2447 4269 2495 4318 εἰ
2529 4265 2602 4336 μὴ
2625 4263 2787 4323 αὑτὸς
2808 4258 2875 4333 ἦν
2901 4264 2929 4314 6
2960 4259 3219 4324 καθάπαξ
3244 4260 3389 4329 ὑμᾶς
3411 4260 3589 4327 ἀφεὶς,

1990 4357 2090 4411 οὑκ
2125 4356 2191 4408 ἂν
2218 4355 2450 4423 ἴσχυσαν
2493 4354 2540 4404 οἱ
2574 4351 2675 4421 τὴν
2716 4349 2870 4402 πόλιν
2904 4347 3061 4417 ὑμῶν
3100 4335 3448 4408 καθελόντες,
3498 4347 3594 4397 καὶ

1991 4442 2082 4493 τὸν
2117 4439 2242 4491 ναὸν
2266 4435 2677 4508 ἐρημώσαντες,
2699 4435 2799 4486 οὑκ
2831 4433 2895 4485 ἂν
2925 4432 3090 4503 μέχρι
3111 4429 3371 4482 τοσούτου
3400 4429 3468 4482 τὰ
3494 4429 3593 4499 τῆς

1992 4525 2230 4596 ἐρημίας
2275 4524 2489 4592 ἔμεινεν
2563 4519 2664 4578 οὑκ
2695 4518 2782 4581 ἂν,
2827 4516 3092 4578 πολλάκις
3134 4514 3291 4584 ὑμῶν
3321 4515 3594 4583 ἐπιχειρη-

1995 4611 2227 4674 σάντων,
2264 4606 2524 4676 ἀνόνητος
2560 4606 2592 4675 ἡ
2622 4602 2967 4673 ἐπιχείρησις
2991 4599 3236 4669 γέγονεν.

2065 4848 2127 4903 δ’.
2155 4849 2268 4900 Οὑκ
2291 4844 2542 4899 ἐντεῦθεν
2569 4843 2626 4896 δὲ
2652 4841 2834 4913 μόνον,
2863 4839 2999 4894 ἀλλὰ
3019 4839 3114 4892 καὶ
3144 4834 3412 4907 ἑτέρωθεν
3449 4835 3596 4904 ὑμᾶς

1997 4937 2180 4986 πεῖσαι
2208 4931 2568 5003 πειράσομαι,
2605 4928 2685 4980 ὃτι
2713 4926 2814 4980 οὑκ
2858 4925 3038 4996 οἰκείᾳ
3068 4923 3301 4992 δυνάμει
3330 4920 3597 4990 ἐποίησαν

1996 5023 2132 5092 ὅπερ
2163 5020 2429 5090 ἐποίησαν
2457 5018 2537 5078 είς
2568 5015 2712 5084 ὑμᾶς
2748 5012 2798 5065 οἱ
2847 5010 3088 5082 βασιλεῖς
3123 5005 3432 5092 Ῥωμαίων,
3459 5004 3598 5092 ἀλλὰ

1997 5106 2085 5160 διὰ
2103 5089 2210 5174 τὴν
2238 5089 2409 5175 ὀργὴν
2438 5100 2533 5154 τοῦ
2562 5098 2698 5152 Θεοῦ
2726 5097 2823 5151 καὶ
2851 5097 2953 5166 τὴν
2979 5092 3146 5148 αὑτοῦ
3181 5089 3590 5160 ἐγκατάλειψιν.

1998 5194 2061 5246 Et
2087 5191 2196 5261 γὰρ
2219 5186 2530 5259 ’ἀνθρώπων
2559 5182 2626 5256 ἦν
2655 5184 2817 5254 ἔργον
2856 5182 2916 5235 τὸ
2949 5179 3265 5250 γενόμενον,
3292 5177 3399 5230 ἔδει
3434 5176 3597 5247 μέχρι

1998 5277 2097 5346 τῆς
2121 5273 2377 5336 ἁλώσεως
2409 5272 2603 5338 στῆναι
2634 5269 2704 5322 τὰ
2739 5269 3003 5338 ὑμέτερα,
3039 5264 3136 5318 καὶ
3169 5263 3244 5334 μὴ
3285 5261 3599 5331 περαιτέρω

1999 5359 2283 5432 προελθεῖν
2312 5356 2468 5428 ὑμῶν
2515 5355 2613 5424 τὴν
2655 5353 2900 5423 ἀτιμίαν.
2942 5348 3165 5432 Κείσθω
3188 5347 3299 5418 γὰρ
3331 5346 3474 5432 κατά
3507 5354 3600 5398 τον

2000 5429 2267 5515 ὑμέτερον
2295 5442 2476 5510 λόγον,
2505 5441 2589 5493 ὅτι
2615 5438 2682 5490 τὰ
2711 5437 2865 5508 τείχη
2898 5431 3250 5501 κατέσκαψαν
3289 5432 3339 5483 οἱ
3384 5429 3480 5485 ἄνθ
3492 5449 3598 5501 ρω-

2003 5547 2116 5594 ποι,
2150 5530 2245 5582 καὶ
2270 5529 2370 5597 τὴν
2405 5525 2560 5577 πόλιν
2587 5521 2857 5584 καθεῖλον,
2898 5519 2994 5571 καὶ
3034 5517 3126 5570 τὸν
3157 5516 3341 5587 βωμὸν
3375 5515 3599 5584 ἀνέτρεο

2061 5727 2090 5767 ι)
2121 5728 2253 5788 Haec,
2278 5730 2374 5776 τῶν
2399 5729 2462 5783 εἷς
2480 5729 2602 5788 ὑμᾶς
2621 5724 3010 5788 συμϐεῧηκὸτων,
3038 5723 3106 5771 ἔτι
3132 5722 3210 5770 διὰ
3232 5722 3385 5783 λόγων
3404 5719 3602 5767 ἀπόδει-

2001 5793 2066 5846 ξιν
2090 5791 2368 5847 ἐπιζητεῖτε.
2397 5790 2582 5837 desunt
2603 5792 2652 5837 in
2676 5791 2851 5850 de'cem
2874 5800 3003 5850 ms§._
3324 5843 3348 5850 η
3494 5839 3504 5850 1

2067 5857 2087 5881 ‘
2115 5843 2249 5964 l-En'c
2268 5855 2564 5916 scripturam
2590 5855 2779 5902 nolam
2802 5844 2969 5898 Momf.
2995 5848 3046 5896 in
3070 5851 3211 5894 lexlu
3238 5843 3462 5892 scribens
3485 5843 3594 5898 αγα-

2067 5931 2111 5962 ιν.
2159 5928 2276 5963 ποιτ.

2000 5930 2111 5975 γων.
2139 5928 2276 5964 LDIT.
