  <div class='ocr_page' id='page_1' title='image "/cluster/home/n/w/nwhite01/storage/ocr_20150623/48/pst.000005712458/396.png"; bbox 0 0 4142 6332; ppageno 0'>
   <div class='ocr_carea' id='block_1_1' title="bbox 204 386 316 446">
    <p class='ocr_par' dir='ltr' id='par_1_1' title="bbox 204 386 316 446">
     <span class='ocr_line' id='line_1_1' title="bbox 204 386 316 446; baseline 0 0"><span class='ocrx_word' id='word_1_1' title='bbox 204 386 316 446; x_wconf 77' lang='lat'><strong>909</strong></span> 
     </span>
    </p>
   </div>
   <div class='ocr_carea' id='block_1_2' title="bbox 197 488 1801 573">
    <p class='ocr_par' dir='ltr' id='par_1_2' title="bbox 197 488 1801 573">
     <span class='ocr_line' id='line_1_2' title="bbox 197 488 1801 573; baseline -0.005 -14"><span class='ocrx_word' id='word_1_2' title='bbox 197 511 323 559; x_wconf 82' lang='lat' dir='ltr'><strong>tare</strong></span> <span class='ocrx_word' id='word_1_3' title='bbox 348 488 820 573; x_wconf 43' lang='lat' dir='ltr'><strong>dejectumanum</strong></span> <span class='ocrx_word' id='word_1_4' title='bbox 850 511 907 559; x_wconf 92' lang='lat' dir='ltr'><strong>et</strong></span> <span class='ocrx_word' id='word_1_5' title='bbox 950 500 1082 557; x_wconf 76' lang='lat' dir='ltr'><strong>iliud</strong></span> <span class='ocrx_word' id='word_1_6' title='bbox 1129 501 1197 557; x_wconf 89' lang='lat' dir='ltr'><strong>ab</strong></span> <span class='ocrx_word' id='word_1_7' title='bbox 1234 492 1547 556; x_wconf 82' lang='lat' dir='ltr'><strong>hominibus</strong></span> <span class='ocrx_word' id='word_1_8' title='bbox 1578 498 1801 561; x_wconf 77' lang='lat' dir='ltr'><strong>factum,</strong></span> 
     </span>
    </p>
   </div>
   <div class='ocr_carea' id='block_1_3' title="bbox 191 586 1802 664">
    <p class='ocr_par' dir='ltr' id='par_1_3' title="bbox 191 586 1802 664">
     <span class='ocr_line' id='line_1_3' title="bbox 191 586 1802 664; baseline -0.002 -16"><span class='ocrx_word' id='word_1_9' title='bbox 191 593 347 662; x_wconf 89' lang='lat' dir='ltr'><strong>quod</strong></span> <span class='ocrx_word' id='word_1_10' title='bbox 376 593 649 664; x_wconf 79' lang='lat' dir='ltr'><strong>prophetze</strong></span> <span class='ocrx_word' id='word_1_11' title='bbox 694 593 1018 650; x_wconf 72' lang='lat' dir='ltr'><strong>cessarunt?</strong></span> <span class='ocrx_word' id='word_1_12' title='bbox 1060 592 1199 648; x_wconf 87' lang='lat' dir='ltr'><strong>Num</strong></span> <span class='ocrx_word' id='word_1_13' title='bbox 1236 601 1293 647; x_wconf 92' lang='lat' dir='ltr'><strong>et</strong></span> <span class='ocrx_word' id='word_1_14' title='bbox 1333 586 1553 663; x_wconf 79' lang='lat' dir='ltr'><strong>spiritus</strong></span> <span class='ocrx_word' id='word_1_15' title='bbox 1576 591 1802 661; x_wconf 86' lang='lat' dir='ltr'><strong>gratiam</strong></span> 
     </span>
    </p>
   </div>
   <div class='ocr_carea' id='block_1_4' title="bbox 192 681 1804 755">
    <p class='ocr_par' dir='ltr' id='par_1_4' title="bbox 192 681 1804 755">
     <span class='ocr_line' id='line_1_4' title="bbox 192 681 1804 755; baseline -0.001 -19"><span class='ocrx_word' id='word_1_16' title='bbox 192 686 568 741; x_wconf 72' lang='lat' dir='ltr'><strong>sustulerunt?</strong></span> <span class='ocrx_word' id='word_1_17' title='bbox 592 685 726 741; x_wconf 84' lang='lat' dir='ltr'><strong>Num</strong></span> <span class='ocrx_word' id='word_1_18' title='bbox 761 685 863 740; x_wconf 88' lang='lat' dir='ltr'><strong>alia</strong></span> <span class='ocrx_word' id='word_1_19' title='bbox 886 700 1005 755; x_wconf 70' lang='lat' dir='ltr'><strong>qua:</strong></span> <span class='ocrx_word' id='word_1_20' title='bbox 1032 682 1173 754; x_wconf 82' lang='lat' dir='ltr'><strong>apud</strong></span> <span class='ocrx_word' id='word_1_21' title='bbox 1193 698 1289 738; x_wconf 87' lang='lat' dir='ltr'><strong>vos</strong></span> <span class='ocrx_word' id='word_1_22' title='bbox 1322 682 1473 738; x_wconf 73' lang='lat' dir='ltr'><strong>fuere</strong></span> <span class='ocrx_word' id='word_1_23' title='bbox 1499 681 1804 737; x_wconf 81' lang='lat' dir='ltr'><strong>veneranda</strong></span> 
     </span>
    </p>
   </div>
   <div class='ocr_carea' id='block_1_5' title="bbox 188 764 1800 845">
    <p class='ocr_par' dir='ltr' id='par_1_5' title="bbox 188 764 1800 845">
     <span class='ocr_line' id='line_1_5' title="bbox 188 764 1800 845; baseline -0.006 -11"><span class='ocrx_word' id='word_1_24' title='bbox 188 780 600 844; x_wconf 82' lang='lat' dir='ltr'><strong>destruxerunt,</strong></span> <span class='ocrx_word' id='word_1_25' title='bbox 639 764 804 831; x_wconf 84' lang='lat' dir='ltr'><strong>veluti</strong></span> <span class='ocrx_word' id='word_1_26' title='bbox 848 791 1036 831; x_wconf 90' lang='lat' dir='ltr'><strong>vocem</strong></span> <span class='ocrx_word' id='word_1_27' title='bbox 1088 777 1158 831; x_wconf 90' lang='lat' dir='ltr'><strong>de</strong></span> <span class='ocrx_word' id='word_1_28' title='bbox 1213 773 1581 845; x_wconf 88' lang='lat' dir='ltr'><strong>propitiatorio</strong></span> <span class='ocrx_word' id='word_1_29' title='bbox 1627 772 1800 835; x_wconf 85' lang='lat' dir='ltr'><strong>reddi,</strong></span> 
     </span>
    </p>
   </div>
   <div class='ocr_carea' id='block_1_6' title="bbox 193 865 1801 940">
    <p class='ocr_par' dir='ltr' id='par_1_6' title="bbox 193 865 1801 940">
     <span class='ocr_line' id='line_1_6' title="bbox 193 865 1801 940; baseline -0.001 -18"><span class='ocrx_word' id='word_1_30' title='bbox 193 870 310 924; x_wconf 82' lang='lat' dir='ltr'><strong>vim</strong></span> <span class='ocrx_word' id='word_1_31' title='bbox 337 870 621 934; x_wconf 89' lang='lat' dir='ltr'><strong>unctionis,</strong></span> <span class='ocrx_word' id='word_1_32' title='bbox 656 869 1073 925; x_wconf 79' lang='lat' dir='ltr'><strong>declarationem</strong></span> <span class='ocrx_word' id='word_1_33' title='bbox 1101 882 1222 940; x_wconf 60' lang='lat' dir='ltr'><strong>quae</strong></span> <span class='ocrx_word' id='word_1_34' title='bbox 1251 866 1414 922; x_wconf 84' lang='lat' dir='ltr'><strong>ﬁebat</strong></span> <span class='ocrx_word' id='word_1_35' title='bbox 1453 868 1507 921; x_wconf 90' lang='lat' dir='ltr'><strong>in</strong></span> <span class='ocrx_word' id='word_1_36' title='bbox 1538 865 1801 935; x_wconf 86' lang='lat' dir='ltr'><strong>lapidibus</strong></span> 
     </span>
    </p>
   </div>
   <div class='ocr_carea' id='block_1_7' title="bbox 190 957 1801 1031">
    <p class='ocr_par' dir='ltr' id='par_1_7' title="bbox 190 957 1801 1031">
     <span class='ocr_line' id='line_1_7' title="bbox 190 957 1801 1031; baseline -0.002 -17"><span class='ocrx_word' id='word_1_37' title='bbox 190 960 493 1016; x_wconf 73' lang='lat' dir='ltr'><strong>sacerdotis</strong></span> <span class='ocrx_word' id='word_1_38' title='bbox 507 960 541 1013; x_wconf 74' lang='grc' dir='ltr'><strong><em>τ</em></strong></span> <span class='ocrx_word' id='word_1_39' title='bbox 550 959 734 1031; x_wconf 86' lang='lat' dir='ltr'><strong>Neque</strong></span> <span class='ocrx_word' id='word_1_40' title='bbox 750 959 893 1015; x_wconf 88' lang='lat' dir='ltr'><strong>enim</strong></span> <span class='ocrx_word' id='word_1_41' title='bbox 918 959 1137 1015; x_wconf 80' lang='lat' dir='ltr'><strong>Judaica</strong></span> <span class='ocrx_word' id='word_1_42' title='bbox 1155 959 1345 1029; x_wconf 76' lang='lat' dir='ltr'><strong>religio</strong></span> <span class='ocrx_word' id='word_1_43' title='bbox 1360 957 1593 1027; x_wconf 79' lang='lat' dir='ltr'><strong>origines</strong></span> <span class='ocrx_word' id='word_1_44' title='bbox 1613 970 1801 1011; x_wconf 89' lang='lat' dir='ltr'><strong>omnes</strong></span> 
     </span>
    </p>
   </div>
   <div class='ocr_carea' id='block_1_8' title="bbox 192 1046 1802 1121">
    <p class='ocr_par' dir='ltr' id='par_1_8' title="bbox 192 1046 1802 1121">
     <span class='ocr_line' id='line_1_8' title="bbox 192 1046 1802 1121; baseline 0 -18"><span class='ocrx_word' id='word_1_45' title='bbox 192 1046 433 1106; x_wconf 80' lang='lat' dir='ltr'><strong>habebat</strong></span> <span class='ocrx_word' id='word_1_46' title='bbox 448 1066 514 1106; x_wconf 82' lang='lat' dir='ltr'><strong>ex</strong></span> <span class='ocrx_word' id='word_1_47' title='bbox 539 1050 902 1114; x_wconf 80' lang='lat' dir='ltr'><strong>inferioribus,</strong></span> <span class='ocrx_word' id='word_1_48' title='bbox 922 1049 1016 1105; x_wconf 87' lang='lat' dir='ltr'><strong>sed</strong></span> <span class='ocrx_word' id='word_1_49' title='bbox 1033 1050 1217 1121; x_wconf 83' lang='lat' dir='ltr'><strong>plures</strong></span> <span class='ocrx_word' id='word_1_50' title='bbox 1234 1064 1297 1105; x_wconf 86' lang='lat' dir='ltr'><strong>ac</strong></span> <span class='ocrx_word' id='word_1_51' title='bbox 1316 1048 1802 1118; x_wconf 81' lang='lat' dir='ltr'><strong>magniﬁcentiores</strong></span> 
     </span>
    </p>
   </div>
   <div class='ocr_carea' id='block_1_9' title="bbox 193 1141 1799 1213">
    <p class='ocr_par' dir='ltr' id='par_1_9' title="bbox 193 1141 1799 1213">
     <span class='ocr_line' id='line_1_9' title="bbox 193 1141 1799 1213; baseline 0 -19"><span class='ocrx_word' id='word_1_52' title='bbox 193 1158 435 1213; x_wconf 67' lang='lat' dir='ltr'><strong>superne</strong></span> <span class='ocrx_word' id='word_1_53' title='bbox 463 1158 495 1197; x_wconf 93' lang='lat' dir='ltr'><strong>e</strong></span> <span class='ocrx_word' id='word_1_54' title='bbox 531 1143 698 1198; x_wconf 68' lang='lat' dir='ltr'><strong>cazlis.</strong></span> <span class='ocrx_word' id='word_1_55' title='bbox 730 1142 972 1212; x_wconf 83' lang='lat' dir='ltr'><strong>Exempli</strong></span> <span class='ocrx_word' id='word_1_56' title='bbox 1000 1158 1159 1197; x_wconf 90' lang='lat' dir='ltr'><strong>causa</strong></span> <span class='ocrx_word' id='word_1_57' title='bbox 1194 1162 1208 1197; x_wconf 87' lang='lat'><strong>:</strong></span> <span class='ocrx_word' id='word_1_58' title='bbox 1252 1142 1499 1212; x_wconf 83' lang='lat' dir='ltr'><strong>permisit</strong></span> <span class='ocrx_word' id='word_1_59' title='bbox 1540 1141 1799 1196; x_wconf 82' lang='lat' dir='ltr'><strong>sacriﬁcia</strong></span> 
     </span>
    </p>
   </div>
   <div class='ocr_carea' id='block_1_10' title="bbox 192 1215 1801 1304">
    <p class='ocr_par' dir='ltr' id='par_1_10' title="bbox 192 1215 1801 1304">
     <span class='ocr_line' id='line_1_10' title="bbox 192 1215 1801 1304; baseline 0.001 -19"><span class='ocrx_word' id='word_1_60' title='bbox 192 1234 338 1288; x_wconf 78' lang='lat' dir='ltr'><strong>ﬁeri.</strong></span> <span class='ocrx_word' id='word_1_61' title='bbox 379 1234 561 1288; x_wconf 84' lang='lat' dir='ltr'><strong>Altare</strong></span> <span class='ocrx_word' id='word_1_62' title='bbox 610 1232 826 1304; x_wconf 91' lang='lat' dir='ltr'><strong>quidem</strong></span> <span class='ocrx_word' id='word_1_63' title='bbox 853 1215 971 1288; x_wconf 87' lang='lat' dir='ltr'><strong>erat</strong></span> <span class='ocrx_word' id='word_1_64' title='bbox 1010 1218 1169 1296; x_wconf 50' lang='lat' dir='ltr'><strong>initia,</strong></span> <span class='ocrx_word' id='word_1_65' title='bbox 1221 1229 1457 1302; x_wconf 80' lang='lat' dir='ltr'><strong>itemque</strong></span> <span class='ocrx_word' id='word_1_66' title='bbox 1497 1231 1707 1302; x_wconf 82' lang='lat' dir='ltr'><strong>gladius</strong></span> <span class='ocrx_word' id='word_1_67' title='bbox 1746 1240 1801 1287; x_wconf 91' lang='lat' dir='ltr'><strong>et</strong></span> 
     </span>
    </p>
   </div>
   <div class='ocr_carea' id='block_1_11' title="bbox 192 1324 1819 1395">
    <p class='ocr_par' dir='ltr' id='par_1_11' title="bbox 192 1324 1819 1395">
     <span class='ocr_line' id='line_1_11' title="bbox 192 1324 1819 1395; baseline -0.001 -17"><span class='ocrx_word' id='word_1_68' title='bbox 192 1326 363 1395; x_wconf 84' lang='lat' dir='ltr'><strong>ligna,</strong></span> <span class='ocrx_word' id='word_1_69' title='bbox 412 1340 618 1382; x_wconf 90' lang='lat' dir='ltr'><strong>necnon</strong></span> <span class='ocrx_word' id='word_1_70' title='bbox 662 1325 957 1381; x_wconf 83' lang='lat' dir='ltr'><strong>sacerdos:</strong></span> <span class='ocrx_word' id='word_1_71' title='bbox 999 1332 1254 1380; x_wconf 54' lang='lat' dir='ltr'><strong>caeterum</strong></span> <span class='ocrx_word' id='word_1_72' title='bbox 1284 1324 1419 1395; x_wconf 80' lang='lat' dir='ltr'><strong>ignis</strong></span> <span class='ocrx_word' id='word_1_73' title='bbox 1459 1333 1714 1379; x_wconf 89' lang='lat' dir='ltr'><strong>venturus</strong></span> <span class='ocrx_word' id='word_1_74' title='bbox 1744 1324 1819 1377; x_wconf 89' lang='lat' dir='ltr'><strong>in</strong></span> 
     </span>
    </p>
   </div>
   <div class='ocr_carea' id='block_1_12' title="bbox 188 1414 1798 1487">
    <p class='ocr_par' dir='ltr' id='par_1_12' title="bbox 188 1414 1798 1487">
     <span class='ocr_line' id='line_1_12' title="bbox 188 1414 1798 1487; baseline -0.001 -18"><span class='ocrx_word' id='word_1_75' title='bbox 188 1417 353 1487; x_wconf 80' lang='lat' dir='ltr'><strong>adyta</strong></span> <span class='ocrx_word' id='word_1_76' title='bbox 384 1416 498 1484; x_wconf 86' lang='lat' dir='ltr'><strong>illa,</strong></span> <span class='ocrx_word' id='word_1_77' title='bbox 527 1417 876 1485; x_wconf 82' lang='lat' dir='ltr'><strong>victimasque</strong></span> <span class='ocrx_word' id='word_1_78' title='bbox 902 1423 1344 1486; x_wconf 88' lang='lat' dir='ltr'><strong>consumpturus,</strong></span> <span class='ocrx_word' id='word_1_79' title='bbox 1376 1430 1408 1469; x_wconf 91' lang='lat' dir='ltr'><strong>e</strong></span> <span class='ocrx_word' id='word_1_80' title='bbox 1435 1415 1682 1486; x_wconf 82' lang='lat' dir='ltr'><strong>supernis</strong></span> <span class='ocrx_word' id='word_1_81' title='bbox 1703 1414 1798 1468; x_wconf 79' lang='lat' dir='ltr'><strong>ha-</strong></span> 
     </span>
    </p>
   </div>
   <div class='ocr_carea' id='block_1_13' title="bbox 187 1501 1796 1578">
    <p class='ocr_par' dir='ltr' id='par_1_13' title="bbox 187 1501 1796 1578">
     <span class='ocr_line' id='line_1_13' title="bbox 187 1501 1796 1578; baseline -0.001 -16"><span class='ocrx_word' id='word_1_82' title='bbox 187 1507 358 1562; x_wconf 87' lang='lat' dir='ltr'><strong>bebat</strong></span> <span class='ocrx_word' id='word_1_83' title='bbox 382 1506 665 1578; x_wconf 78' lang='lat' dir='ltr'><strong>originem.</strong></span> <span class='ocrx_word' id='word_1_84' title='bbox 706 1507 817 1562; x_wconf 89' lang='lat' dir='ltr'><strong>Nec</strong></span> <span class='ocrx_word' id='word_1_85' title='bbox 854 1507 997 1562; x_wconf 90' lang='lat' dir='ltr'><strong>enim</strong></span> <span class='ocrx_word' id='word_1_86' title='bbox 1030 1508 1191 1561; x_wconf 91' lang='lat' dir='ltr'><strong>homo</strong></span> <span class='ocrx_word' id='word_1_87' title='bbox 1233 1501 1494 1561; x_wconf 80' lang='lat' dir='ltr'><strong>inferebat</strong></span> <span class='ocrx_word' id='word_1_88' title='bbox 1537 1506 1711 1575; x_wconf 89' lang='lat' dir='ltr'><strong>ignem</strong></span> <span class='ocrx_word' id='word_1_89' title='bbox 1742 1506 1796 1560; x_wconf 92' lang='lat' dir='ltr'><strong>in</strong></span> 
     </span>
    </p>
   </div>
   <div class='ocr_carea' id='block_1_14' title="bbox 188 1594 1794 1667">
    <p class='ocr_par' dir='ltr' id='par_1_14' title="bbox 188 1594 1794 1667">
     <span class='ocr_line' id='line_1_14' title="bbox 188 1594 1794 1667; baseline -0.001 -15"><span class='ocrx_word' id='word_1_90' title='bbox 188 1597 475 1667; x_wconf 83' lang='lat' dir='ltr'><strong>templum,</strong></span> <span class='ocrx_word' id='word_1_91' title='bbox 501 1598 595 1653; x_wconf 87' lang='lat' dir='ltr'><strong>sed</strong></span> <span class='ocrx_word' id='word_1_92' title='bbox 620 1599 834 1653; x_wconf 80' lang='lat' dir='ltr'><strong>ﬂamma</strong></span> <span class='ocrx_word' id='word_1_93' title='bbox 855 1613 887 1653; x_wconf 91' lang='lat' dir='ltr'><strong>e</strong></span> <span class='ocrx_word' id='word_1_94' title='bbox 910 1594 1128 1653; x_wconf 85' lang='lat' dir='ltr'><strong>sublimi</strong></span> <span class='ocrx_word' id='word_1_95' title='bbox 1159 1597 1399 1651; x_wconf 84' lang='lat' dir='ltr'><strong>immissa</strong></span> <span class='ocrx_word' id='word_1_96' title='bbox 1422 1597 1669 1652; x_wconf 75' lang='lat' dir='ltr'><strong>sacrificii</strong></span> <span class='ocrx_word' id='word_1_97' title='bbox 1693 1597 1794 1651; x_wconf 91' lang='lat' dir='ltr'><strong>mi-</strong></span> 
     </span>
    </p>
   </div>
   <div class='ocr_carea' id='block_1_15' title="bbox 186 1681 1795 1765">
    <p class='ocr_par' dir='ltr' id='par_1_15' title="bbox 186 1681 1795 1765">
     <span class='ocr_line' id='line_1_15' title="bbox 186 1681 1795 1765; baseline -0.001 -23"><span class='ocrx_word' id='word_1_98' title='bbox 186 1681 474 1765; x_wconf 74' lang='lat' dir='ltr'><strong>nisterium</strong></span> <span class='ocrx_word' id='word_1_99' title='bbox 505 1689 822 1759; x_wconf 87' lang='lat' dir='ltr'><strong>complebat.</strong></span> <span class='ocrx_word' id='word_1_100' title='bbox 866 1688 1102 1743; x_wconf 83' lang='lat' dir='ltr'><strong>Rursum</strong></span> <span class='ocrx_word' id='word_1_101' title='bbox 1138 1688 1183 1742; x_wconf 90' lang='lat' dir='ltr'><strong>si</strong></span> <span class='ocrx_word' id='word_1_102' title='bbox 1226 1688 1440 1757; x_wconf 83' lang='lat' dir='ltr'><strong>quando</strong></span> <span class='ocrx_word' id='word_1_103' title='bbox 1467 1701 1795 1759; x_wconf 87' lang='lat' dir='ltr'><strong>cognoscen-</strong></span> 
     </span>
    </p>
   </div>
   <div class='ocr_carea' id='block_1_16' title="bbox 185 1779 1794 1851">
    <p class='ocr_par' dir='ltr' id='par_1_16' title="bbox 185 1779 1794 1851">
     <span class='ocr_line' id='line_1_16' title="bbox 185 1779 1794 1851; baseline -0.001 -19"><span class='ocrx_word' id='word_1_104' title='bbox 185 1782 319 1834; x_wconf 85' lang='lat' dir='ltr'><strong>dum</strong></span> <span class='ocrx_word' id='word_1_105' title='bbox 352 1790 467 1836; x_wconf 77' lang='lat' dir='ltr'><strong>erat</strong></span> <span class='ocrx_word' id='word_1_106' title='bbox 486 1780 685 1851; x_wconf 90' lang='lat' dir='ltr'><strong>aliquid</strong></span> <span class='ocrx_word' id='word_1_107' title='bbox 712 1795 744 1835; x_wconf 91' lang='lat' dir='ltr'><strong>e</strong></span> <span class='ocrx_word' id='word_1_108' title='bbox 772 1780 1164 1850; x_wconf 87' lang='lat' dir='ltr'><strong>propitiatorio,</strong></span> <span class='ocrx_word' id='word_1_109' title='bbox 1195 1794 1299 1832; x_wconf 83' lang='lat' dir='ltr'><strong>vox</strong></span> <span class='ocrx_word' id='word_1_110' title='bbox 1323 1779 1586 1847; x_wconf 65' lang='lat' dir='ltr'><strong>quaepiam</strong></span> <span class='ocrx_word' id='word_1_111' title='bbox 1620 1793 1651 1832; x_wconf 94' lang='lat' dir='ltr'><strong>e</strong></span> <span class='ocrx_word' id='word_1_112' title='bbox 1676 1792 1794 1830; x_wconf 87' lang='lat' dir='ltr'><strong>me-</strong></span> 
     </span>
    </p>
   </div>
   <div class='ocr_carea' id='block_1_17' title="bbox 183 1862 1794 1941">
    <p class='ocr_par' dir='ltr' id='par_1_17' title="bbox 183 1862 1794 1941">
     <span class='ocr_line' id='line_1_17' title="bbox 183 1862 1794 1941; baseline -0.001 -17"><span class='ocrx_word' id='word_1_113' title='bbox 183 1872 279 1925; x_wconf 88' lang='lat' dir='ltr'><strong>dio</strong></span> <span class='ocrx_word' id='word_1_114' title='bbox 315 1870 607 1927; x_wconf 85' lang='lat' dir='ltr'><strong>Cheruhim</strong></span> <span class='ocrx_word' id='word_1_115' title='bbox 644 1871 911 1941; x_wconf 85' lang='lat' dir='ltr'><strong>prodibat,</strong></span> <span class='ocrx_word' id='word_1_116' title='bbox 952 1870 1249 1941; x_wconf 62' lang='lat' dir='ltr'><strong>praedicens</strong></span> <span class='ocrx_word' id='word_1_117' title='bbox 1293 1862 1486 1924; x_wconf 73' lang='lat' dir='ltr'><strong>fetura.</strong></span> <span class='ocrx_word' id='word_1_118' title='bbox 1524 1868 1729 1923; x_wconf 82' lang='lat' dir='ltr'><strong>Rursus</strong></span> <span class='ocrx_word' id='word_1_119' title='bbox 1762 1884 1794 1923; x_wconf 89' lang='lat' dir='ltr'><strong>e</strong></span> 
     </span>
    </p>
   </div>
   <div class='ocr_carea' id='block_1_18' title="bbox 185 1958 1791 2032">
    <p class='ocr_par' dir='ltr' id='par_1_18' title="bbox 185 1958 1791 2032">
     <span class='ocr_line' id='line_1_18' title="bbox 185 1958 1791 2032; baseline -0.001 -17"><span class='ocrx_word' id='word_1_120' title='bbox 185 1961 456 2030; x_wconf 85' lang='lat' dir='ltr'><strong>lapidibus</strong></span> <span class='ocrx_word' id='word_1_121' title='bbox 480 1962 573 2032; x_wconf 88' lang='lat' dir='ltr'><strong>qui</strong></span> <span class='ocrx_word' id='word_1_122' title='bbox 601 1971 756 2018; x_wconf 90' lang='lat' dir='ltr'><strong>erant</strong></span> <span class='ocrx_word' id='word_1_123' title='bbox 790 1962 844 2016; x_wconf 91' lang='lat' dir='ltr'><strong>in</strong></span> <span class='ocrx_word' id='word_1_124' title='bbox 891 1960 1108 2032; x_wconf 85' lang='lat' dir='ltr'><strong>pectore</strong></span> <span class='ocrx_word' id='word_1_125' title='bbox 1150 1960 1344 2014; x_wconf 90' lang='lat' dir='ltr'><strong>summi</strong></span> <span class='ocrx_word' id='word_1_126' title='bbox 1374 1960 1700 2026; x_wconf 77' lang='lat' dir='ltr'><strong>sacerdotis,</strong></span> <span class='ocrx_word' id='word_1_127' title='bbox 1740 1958 1791 2014; x_wconf 88' lang='lat' dir='ltr'><strong>id</strong></span> 
     </span>
    </p>
   </div>
   <div class='ocr_carea' id='block_1_19' title="bbox 182 2052 1791 2123">
    <p class='ocr_par' dir='ltr' id='par_1_19' title="bbox 182 2052 1791 2123">
     <span class='ocr_line' id='line_1_19' title="bbox 182 2052 1791 2123; baseline -0.002 -16"><span class='ocrx_word' id='word_1_128' title='bbox 182 2054 453 2108; x_wconf 83' lang='lat' dir='ltr'><strong>vocabant</strong></span> <span class='ocrx_word' id='word_1_129' title='bbox 479 2053 922 2121; x_wconf 85' lang='lat' dir='ltr'><strong>declarationem,</strong></span> <span class='ocrx_word' id='word_1_130' title='bbox 949 2053 1221 2109; x_wconf 88' lang='lat' dir='ltr'><strong>relucebat</strong></span> <span class='ocrx_word' id='word_1_131' title='bbox 1262 2053 1433 2123; x_wconf 84' lang='lat' dir='ltr'><strong>fulgor</strong></span> <span class='ocrx_word' id='word_1_132' title='bbox 1462 2053 1677 2122; x_wconf 92' lang='lat' dir='ltr'><strong>quidam</strong></span> <span class='ocrx_word' id='word_1_133' title='bbox 1705 2052 1791 2105; x_wconf 83' lang='lat' dir='ltr'><strong>fu-</strong></span> 
     </span>
    </p>
   </div>
   <div class='ocr_carea' id='block_1_20' title="bbox 152 2145 1791 2219">
    <p class='ocr_par' dir='ltr' id='par_1_20' title="bbox 152 2145 1791 2219">
     <span class='ocr_line' id='line_1_20' title="bbox 152 2145 1791 2219; baseline -0.002 -17"><span class='ocrx_word' id='word_1_134' title='bbox 152 2159 306 2202; x_wconf 14' lang='lat' dir='ltr'><strong>ltura</strong></span> <span class='ocrx_word' id='word_1_135' title='bbox 336 2147 661 2219; x_wconf 80' lang='lat' dir='ltr'><strong>signiﬁcans.</strong></span> <span class='ocrx_word' id='word_1_136' title='bbox 707 2148 972 2203; x_wconf 69' lang='lat' dir='ltr'><strong>Prmterea</strong></span> <span class='ocrx_word' id='word_1_137' title='bbox 1004 2148 1213 2217; x_wconf 89' lang='lat' dir='ltr'><strong>quoties</strong></span> <span class='ocrx_word' id='word_1_138' title='bbox 1240 2156 1383 2201; x_wconf 86' lang='lat' dir='ltr'><strong>esset</strong></span> <span class='ocrx_word' id='word_1_139' title='bbox 1406 2145 1600 2215; x_wconf 88' lang='lat' dir='ltr'><strong>aliquis</strong></span> <span class='ocrx_word' id='word_1_140' title='bbox 1634 2145 1791 2198; x_wconf 85' lang='lat' dir='ltr'><strong>inun-</strong></span> 
     </span>
    </p>
   </div>
   <div class='ocr_carea' id='block_1_21' title="bbox 177 2235 1787 2310">
    <p class='ocr_par' dir='ltr' id='par_1_21' title="bbox 177 2235 1787 2310">
     <span class='ocr_line' id='line_1_21' title="bbox 177 2235 1787 2310; baseline -0.002 -15"><span class='ocrx_word' id='word_1_141' title='bbox 177 2238 416 2307; x_wconf 74' lang='lat' dir='ltr'><strong>gelidus,</strong></span> <span class='ocrx_word' id='word_1_142' title='bbox 438 2239 726 2294; x_wconf 89' lang='lat' dir='ltr'><strong>devolabat</strong></span> <span class='ocrx_word' id='word_1_143' title='bbox 752 2239 974 2310; x_wconf 88' lang='lat' dir='ltr'><strong>spiritus</strong></span> <span class='ocrx_word' id='word_1_144' title='bbox 994 2238 1185 2308; x_wconf 83' lang='lat' dir='ltr'><strong>gratia,</strong></span> <span class='ocrx_word' id='word_1_145' title='bbox 1214 2246 1268 2291; x_wconf 91' lang='lat' dir='ltr'><strong>et</strong></span> <span class='ocrx_word' id='word_1_146' title='bbox 1292 2236 1470 2292; x_wconf 91' lang='lat' dir='ltr'><strong>oleum</strong></span> <span class='ocrx_word' id='word_1_147' title='bbox 1497 2235 1787 2292; x_wconf 86' lang='lat' dir='ltr'><strong>insilicbat.</strong></span> 
     </span>
    </p>
   </div>
   <div class='ocr_carea' id='block_1_22' title="bbox 178 2309 1787 2401">
    <p class='ocr_par' dir='ltr' id='par_1_22' title="bbox 178 2309 1787 2401">
     <span class='ocr_line' id='line_1_22' title="bbox 178 2309 1787 2401; baseline -0.001 -16"><span class='ocrx_word' id='word_1_148' title='bbox 178 2331 313 2386; x_wconf 69' lang='lat' dir='ltr'><strong>Hme</strong></span> <span class='ocrx_word' id='word_1_149' title='bbox 336 2341 513 2386; x_wconf 90' lang='lat' dir='ltr'><strong>autem</strong></span> <span class='ocrx_word' id='word_1_150' title='bbox 541 2309 986 2387; x_wconf 74' lang='lat' dir='ltr'><strong>administrabant</strong></span> <span class='ocrx_word' id='word_1_151' title='bbox 1015 2330 1312 2401; x_wconf 73' lang='lat' dir='ltr'><strong>prOphetre.</strong></span> <span class='ocrx_word' id='word_1_152' title='bbox 1344 2329 1481 2396; x_wconf 84' lang='lat' dir='ltr'><strong>Quin</strong></span> <span class='ocrx_word' id='word_1_153' title='bbox 1514 2339 1569 2382; x_wconf 90' lang='lat' dir='ltr'><strong>et</strong></span> <span class='ocrx_word' id='word_1_154' title='bbox 1594 2329 1787 2383; x_wconf 87' lang='lat' dir='ltr'><strong>nebula</strong></span> 
     </span>
    </p>
   </div>
   <div class='ocr_carea' id='block_1_23' title="bbox 176 2419 1788 2496">
    <p class='ocr_par' dir='ltr' id='par_1_23' title="bbox 176 2419 1788 2496">
     <span class='ocr_line' id='line_1_23' title="bbox 176 2419 1788 2496; baseline 0 -22"><span class='ocrx_word' id='word_1_155' title='bbox 176 2422 492 2493; x_wconf 81' lang='lat' dir='ltr'><strong>frequenter</strong></span> <span class='ocrx_word' id='word_1_156' title='bbox 512 2430 567 2478; x_wconf 90' lang='lat' dir='ltr'><strong>et</strong></span> <span class='ocrx_word' id='word_1_157' title='bbox 588 2421 765 2476; x_wconf 80' lang='lat' dir='ltr'><strong>fumus</strong></span> <span class='ocrx_word' id='word_1_158' title='bbox 789 2422 946 2493; x_wconf 87' lang='lat' dir='ltr'><strong>adyta</strong></span> <span class='ocrx_word' id='word_1_159' title='bbox 975 2421 1288 2496; x_wconf 67' lang='lat' dir='ltr'><strong>occupabat,</strong></span> <span class='ocrx_word' id='word_1_160' title='bbox 1318 2419 1501 2490; x_wconf 85' lang='lat' dir='ltr'><strong>Itaque</strong></span> <span class='ocrx_word' id='word_1_161' title='bbox 1531 2435 1598 2474; x_wconf 89' lang='lat' dir='ltr'><strong>ne</strong></span> <span class='ocrx_word' id='word_1_162' title='bbox 1618 2419 1788 2474; x_wconf 68' lang='grc' dir='ltr'><strong>,Ιιιόιιξὶ</strong></span> 
     </span>
    </p>
   </div>
   <div class='ocr_carea' id='block_1_24' title="bbox 178 2511 1786 2582">
    <p class='ocr_par' dir='ltr' id='par_1_24' title="bbox 178 2511 1786 2582">
     <span class='ocr_line' id='line_1_24' title="bbox 178 2511 1786 2582; baseline -0.001 -16"><span class='ocrx_word' id='word_1_163' title='bbox 178 2511 434 2582; x_wconf 83' lang='lat' dir='ltr'><strong>perfricta</strong></span> <span class='ocrx_word' id='word_1_164' title='bbox 463 2512 639 2568; x_wconf 82' lang='lat' dir='ltr'><strong>fronte</strong></span> <span class='ocrx_word' id='word_1_165' title='bbox 669 2512 980 2567; x_wconf 88' lang='lat' dir='ltr'><strong>hominibus</strong></span> <span class='ocrx_word' id='word_1_166' title='bbox 1006 2514 1330 2582; x_wconf 87' lang='lat' dir='ltr'><strong>imputarent</strong></span> <span class='ocrx_word' id='word_1_167' title='bbox 1360 2525 1577 2565; x_wconf 89' lang='lat' dir='ltr'><strong>suarum</strong></span> <span class='ocrx_word' id='word_1_168' title='bbox 1604 2525 1786 2565; x_wconf 88' lang='lat' dir='ltr'><strong>rerum</strong></span> 
     </span>
    </p>
   </div>
   <div class='ocr_carea' id='block_1_25' title="bbox 176 2603 1789 2677">
    <p class='ocr_par' dir='ltr' id='par_1_25' title="bbox 176 2603 1789 2677">
     <span class='ocr_line' id='line_1_25' title="bbox 176 2603 1789 2677; baseline 0 -22"><span class='ocrx_word' id='word_1_169' title='bbox 176 2605 559 2668; x_wconf 66' lang='lat' dir='ltr'><strong>vastationem,</strong></span> <span class='ocrx_word' id='word_1_170' title='bbox 606 2619 716 2658; x_wconf 90' lang='lat' dir='ltr'><strong>non</strong></span> <span class='ocrx_word' id='word_1_171' title='bbox 761 2604 935 2658; x_wconf 88' lang='lat' dir='ltr'><strong>solum</strong></span> <span class='ocrx_word' id='word_1_172' title='bbox 976 2604 1247 2658; x_wconf 85' lang='lat' dir='ltr'><strong>civitatem</strong></span> <span class='ocrx_word' id='word_1_173' title='bbox 1296 2603 1438 2677; x_wconf 76' lang='lat' dir='ltr'><strong>Deus</strong></span> <span class='ocrx_word' id='word_1_174' title='bbox 1475 2617 1666 2672; x_wconf 85' lang='lat' dir='ltr'><strong>passus</strong></span> <span class='ocrx_word' id='word_1_175' title='bbox 1704 2610 1789 2657; x_wconf 69' lang='lat' dir='ltr'><strong>est</strong></span> 
     </span>
    </p>
   </div>
   <div class='ocr_carea' id='block_1_26' title="bbox 174 2686 1787 2764">
    <p class='ocr_par' dir='ltr' id='par_1_26' title="bbox 174 2686 1787 2764">
     <span class='ocr_line' id='line_1_26' title="bbox 174 2686 1787 2764; baseline 0.001 -18"><span class='ocrx_word' id='word_1_176' title='bbox 174 2693 344 2762; x_wconf 87' lang='lat' dir='ltr'><strong>dirui,</strong></span> <span class='ocrx_word' id='word_1_177' title='bbox 394 2709 457 2748; x_wconf 88' lang='lat' dir='ltr'><strong>ac</strong></span> <span class='ocrx_word' id='word_1_178' title='bbox 506 2695 762 2764; x_wconf 88' lang='lat' dir='ltr'><strong>templum</strong></span> <span class='ocrx_word' id='word_1_179' title='bbox 812 2696 1033 2759; x_wconf 86' lang='lat' dir='ltr'><strong>vastari,</strong></span> <span class='ocrx_word' id='word_1_180' title='bbox 1078 2710 1264 2749; x_wconf 88' lang='lat' dir='ltr'><strong>verum</strong></span> <span class='ocrx_word' id='word_1_181' title='bbox 1303 2695 1464 2747; x_wconf 88' lang='lat' dir='ltr'><strong>etiam</strong></span> <span class='ocrx_word' id='word_1_182' title='bbox 1510 2692 1621 2760; x_wconf 89' lang='lat' dir='ltr'><strong>illa,</strong></span> <span class='ocrx_word' id='word_1_183' title='bbox 1667 2686 1787 2761; x_wconf 62' lang='lat' dir='ltr'><strong>quie</strong></span> 
     </span>
    </p>
   </div>
   <div class='ocr_carea' id='block_1_27' title="bbox 174 2786 1785 2857">
    <p class='ocr_par' dir='ltr' id='par_1_27' title="bbox 174 2786 1785 2857">
     <span class='ocr_line' id='line_1_27' title="bbox 174 2786 1785 2857; baseline -0.001 -17"><span class='ocrx_word' id='word_1_184' title='bbox 174 2786 391 2841; x_wconf 67' lang='lat' dir='ltr'><strong>coalitus</strong></span> <span class='ocrx_word' id='word_1_185' title='bbox 416 2786 685 2847; x_wconf 75' lang='lat' dir='ltr'><strong>habebant</strong></span> <span class='ocrx_word' id='word_1_186' title='bbox 710 2788 1005 2857; x_wconf 84' lang='lat' dir='ltr'><strong>originem,</strong></span> <span class='ocrx_word' id='word_1_187' title='bbox 1049 2802 1081 2842; x_wconf 91' lang='lat' dir='ltr'><strong>e</strong></span> <span class='ocrx_word' id='word_1_188' title='bbox 1106 2787 1283 2841; x_wconf 92' lang='lat' dir='ltr'><strong>medio</strong></span> <span class='ocrx_word' id='word_1_189' title='bbox 1308 2786 1547 2853; x_wconf 86' lang='lat' dir='ltr'><strong>sustulit,</strong></span> <span class='ocrx_word' id='word_1_190' title='bbox 1589 2786 1785 2841; x_wconf 85' lang='lat' dir='ltr'><strong>videli-</strong></span> 
     </span>
    </p>
   </div>
   <div class='ocr_carea' id='block_1_28' title="bbox 173 2870 1780 2947">
    <p class='ocr_par' dir='ltr' id='par_1_28' title="bbox 173 2870 1780 2947">
     <span class='ocr_line' id='line_1_28' title="bbox 173 2870 1780 2947; baseline -0.001 -17"><span class='ocrx_word' id='word_1_191' title='bbox 173 2885 266 2931; x_wconf 88' lang='lat' dir='ltr'><strong>cet</strong></span> <span class='ocrx_word' id='word_1_192' title='bbox 297 2876 496 2947; x_wconf 84' lang='lat' dir='ltr'><strong>ignem,</strong></span> <span class='ocrx_word' id='word_1_193' title='bbox 517 2892 724 2941; x_wconf 84' lang='lat' dir='ltr'><strong>vocem,</strong></span> <span class='ocrx_word' id='word_1_194' title='bbox 754 2893 786 2932; x_wconf 93' lang='lat' dir='ltr'><strong>e</strong></span> <span class='ocrx_word' id='word_1_195' title='bbox 806 2878 1070 2947; x_wconf 84' lang='lat' dir='ltr'><strong>lapidibus</strong></span> <span class='ocrx_word' id='word_1_196' title='bbox 1087 2876 1234 2932; x_wconf 87' lang='lat' dir='ltr'><strong>reddi</strong></span> <span class='ocrx_word' id='word_1_197' title='bbox 1263 2870 1475 2930; x_wconf 85' lang='lat' dir='ltr'><strong>solitum</strong></span> <span class='ocrx_word' id='word_1_198' title='bbox 1500 2875 1780 2945; x_wconf 79' lang='lat' dir='ltr'><strong>fulgorem,</strong></span> 
     </span>
    </p>
   </div>
   <div class='ocr_carea' id='block_1_29' title="bbox 173 2968 1784 3040">
    <p class='ocr_par' dir='ltr' id='par_1_29' title="bbox 173 2968 1784 3040">
     <span class='ocr_line' id='line_1_29' title="bbox 173 2968 1784 3040; baseline 0 -17"><span class='ocrx_word' id='word_1_199' title='bbox 173 2979 233 3023; x_wconf 89' lang='lat' dir='ltr'><strong>et</strong></span> <span class='ocrx_word' id='word_1_200' title='bbox 251 2970 410 3039; x_wconf 80' lang='lat' dir='ltr'><strong>hujus</strong></span> <span class='ocrx_word' id='word_1_201' title='bbox 429 2972 640 3040; x_wconf 86' lang='lat' dir='ltr'><strong>generis</strong></span> <span class='ocrx_word' id='word_1_202' title='bbox 660 2971 763 3024; x_wconf 86' lang='lat' dir='ltr'><strong>alia</strong></span> <span class='ocrx_word' id='word_1_203' title='bbox 780 2972 1044 3025; x_wconf 87' lang='lat' dir='ltr'><strong>universa.</strong></span> <span class='ocrx_word' id='word_1_204' title='bbox 1065 2969 1296 3025; x_wconf 85' lang='lat' dir='ltr'><strong>Proinde</strong></span> <span class='ocrx_word' id='word_1_205' title='bbox 1312 2984 1432 3022; x_wconf 91' lang='lat' dir='ltr'><strong>cum</strong></span> <span class='ocrx_word' id='word_1_206' title='bbox 1455 2969 1545 3023; x_wconf 91' lang='lat' dir='ltr'><strong>tibi</strong></span> <span class='ocrx_word' id='word_1_207' title='bbox 1564 2968 1784 3023; x_wconf 73' lang='lat' dir='ltr'><strong>Judznus</strong></span> 
     </span>
    </p>
   </div>
   <div class='ocr_carea' id='block_1_30' title="bbox 174 3060 1784 3129">
    <p class='ocr_par' dir='ltr' id='par_1_30' title="bbox 174 3060 1784 3129">
     <span class='ocr_line' id='line_1_30' title="bbox 174 3060 1784 3129; baseline 0 -14"><span class='ocrx_word' id='word_1_208' title='bbox 174 3062 395 3129; x_wconf 82' lang='lat' dir='ltr'><strong>dixerit,</strong></span> <span class='ocrx_word' id='word_1_209' title='bbox 426 3062 671 3118; x_wconf 88' lang='lat' dir='ltr'><strong>homines</strong></span> <span class='ocrx_word' id='word_1_210' title='bbox 692 3062 845 3118; x_wconf 89' lang='lat' dir='ltr'><strong>nobis</strong></span> <span class='ocrx_word' id='word_1_211' title='bbox 872 3062 1067 3118; x_wconf 86' lang='lat' dir='ltr'><strong>bellum</strong></span> <span class='ocrx_word' id='word_1_212' title='bbox 1097 3062 1409 3125; x_wconf 87' lang='lat' dir='ltr'><strong>intulerunt,</strong></span> <span class='ocrx_word' id='word_1_213' title='bbox 1435 3060 1679 3115; x_wconf 86' lang='lat' dir='ltr'><strong>homines</strong></span> <span class='ocrx_word' id='word_1_214' title='bbox 1698 3062 1784 3115; x_wconf 73' lang='grc' dir='ltr'><strong>ἰη-</strong></span> 
     </span>
    </p>
   </div>
   <div class='ocr_carea' id='block_1_31' title="bbox 172 3149 1786 3227">
    <p class='ocr_par' dir='ltr' id='par_1_31' title="bbox 172 3149 1786 3227">
     <span class='ocr_line' id='line_1_31' title="bbox 172 3149 1786 3227; baseline 0 -22"><span class='ocrx_word' id='word_1_215' title='bbox 172 3151 354 3206; x_wconf 88' lang='lat' dir='ltr'><strong>sidiati</strong></span> <span class='ocrx_word' id='word_1_216' title='bbox 382 3162 527 3218; x_wconf 89' lang='lat' dir='ltr'><strong>sunt,</strong></span> <span class='ocrx_word' id='word_1_217' title='bbox 559 3152 726 3206; x_wconf 92' lang='lat' dir='ltr'><strong>dicito</strong></span> <span class='ocrx_word' id='word_1_218' title='bbox 768 3152 841 3205; x_wconf 83' lang='lat' dir='ltr'><strong>illi</strong></span> <span class='ocrx_word' id='word_1_219' title='bbox 882 3169 897 3203; x_wconf 90' lang='lat'><strong>:</strong></span> <span class='ocrx_word' id='word_1_220' title='bbox 934 3149 1170 3221; x_wconf 80' lang='lat' dir='ltr'><strong>profecto</strong></span> <span class='ocrx_word' id='word_1_221' title='bbox 1195 3168 1305 3205; x_wconf 89' lang='lat' dir='ltr'><strong>non</strong></span> <span class='ocrx_word' id='word_1_222' title='bbox 1334 3150 1533 3205; x_wconf 91' lang='lat' dir='ltr'><strong>bellum</strong></span> <span class='ocrx_word' id='word_1_223' title='bbox 1575 3151 1786 3227; x_wconf 90' lang='lat' dir='ltr'><strong>intulis-</strong></span> 
     </span>
    </p>
   </div>
   <div class='ocr_carea' id='block_1_32' title="bbox 173 3242 1783 3315">
    <p class='ocr_par' dir='ltr' id='par_1_32' title="bbox 173 3242 1783 3315">
     <span class='ocr_line' id='line_1_32' title="bbox 173 3242 1783 3315; baseline 0.001 -19"><span class='ocrx_word' id='word_1_224' title='bbox 173 3254 297 3298; x_wconf 85' lang='lat' dir='ltr'><strong>sent</strong></span> <span class='ocrx_word' id='word_1_225' title='bbox 325 3242 589 3309; x_wconf 86' lang='lat' dir='ltr'><strong>homines,</strong></span> <span class='ocrx_word' id='word_1_226' title='bbox 622 3244 725 3298; x_wconf 87' lang='lat' dir='ltr'><strong>nisi</strong></span> <span class='ocrx_word' id='word_1_227' title='bbox 752 3244 895 3299; x_wconf 91' lang='lat' dir='ltr'><strong>Deus</strong></span> <span class='ocrx_word' id='word_1_228' title='bbox 927 3243 1027 3298; x_wconf 92' lang='lat' dir='ltr'><strong>hoc</strong></span> <span class='ocrx_word' id='word_1_229' title='bbox 1052 3244 1406 3315; x_wconf 89' lang='lat' dir='ltr'><strong>permisisset.</strong></span> <span class='ocrx_word' id='word_1_230' title='bbox 1440 3243 1638 3298; x_wconf 84' lang='lat' dir='ltr'><strong>Verum</strong></span> <span class='ocrx_word' id='word_1_231' title='bbox 1666 3252 1783 3299; x_wconf 91' lang='lat' dir='ltr'><strong>esto</strong></span> 
     </span>
    </p>
   </div>
   <div class='ocr_carea' id='block_1_33' title="bbox 171 3335 1786 3401">
    <p class='ocr_par' dir='ltr' id='par_1_33' title="bbox 171 3335 1786 3401">
     <span class='ocr_line' id='line_1_33' title="bbox 171 3335 1786 3401; baseline 0.003 -15"><span class='ocrx_word' id='word_1_232' title='bbox 171 3351 329 3401; x_wconf 65' lang='lat' dir='ltr'><strong>sane,</strong></span> <span class='ocrx_word' id='word_1_233' title='bbox 385 3352 596 3390; x_wconf 89' lang='lat' dir='ltr'><strong>murum</strong></span> <span class='ocrx_word' id='word_1_234' title='bbox 642 3344 880 3391; x_wconf 88' lang='lat' dir='ltr'><strong>vestrum</strong></span> <span class='ocrx_word' id='word_1_235' title='bbox 925 3335 1189 3391; x_wconf 89' lang='lat' dir='ltr'><strong>diruerint</strong></span> <span class='ocrx_word' id='word_1_236' title='bbox 1239 3335 1504 3399; x_wconf 86' lang='lat' dir='ltr'><strong>homines,</strong></span> <span class='ocrx_word' id='word_1_237' title='bbox 1553 3352 1681 3390; x_wconf 92' lang='lat' dir='ltr'><strong>num</strong></span> <span class='ocrx_word' id='word_1_238' title='bbox 1730 3346 1786 3391; x_wconf 92' lang='lat' dir='ltr'><strong>et</strong></span> 
     </span>
    </p>
   </div>
   <div class='ocr_carea' id='block_1_34' title="bbox 172 3426 1785 3496">
    <p class='ocr_par' dir='ltr' id='par_1_34' title="bbox 172 3426 1785 3496">
     <span class='ocr_line' id='line_1_34' title="bbox 172 3426 1785 3496; baseline -0.001 -16"><span class='ocrx_word' id='word_1_239' title='bbox 172 3428 357 3496; x_wconf 80' lang='lat' dir='ltr'><strong>ignem</strong></span> <span class='ocrx_word' id='word_1_240' title='bbox 386 3442 449 3482; x_wconf 79' lang='lat' dir='ltr'><strong>ex</strong></span> <span class='ocrx_word' id='word_1_241' title='bbox 480 3426 590 3480; x_wconf 90' lang='lat' dir='ltr'><strong>alto</strong></span> <span class='ocrx_word' id='word_1_242' title='bbox 625 3426 818 3483; x_wconf 88' lang='lat' dir='ltr'><strong>devehi</strong></span> <span class='ocrx_word' id='word_1_243' title='bbox 849 3428 1019 3483; x_wconf 82' lang='lat' dir='ltr'><strong>vetuit</strong></span> <span class='ocrx_word' id='word_1_244' title='bbox 1046 3427 1244 3481; x_wconf 89' lang='lat' dir='ltr'><strong>homo?</strong></span> <span class='ocrx_word' id='word_1_245' title='bbox 1269 3426 1406 3481; x_wconf 88' lang='lat' dir='ltr'><strong>Num</strong></span> <span class='ocrx_word' id='word_1_246' title='bbox 1430 3443 1615 3483; x_wconf 87' lang='lat' dir='ltr'><strong>vocem</strong></span> <span class='ocrx_word' id='word_1_247' title='bbox 1648 3429 1785 3483; x_wconf 86' lang='lat' dir='ltr'><strong>assi-</strong></span> 
     </span>
    </p>
   </div>
   <div class='ocr_carea' id='block_1_35' title="bbox 171 3517 1783 3588">
    <p class='ocr_par' dir='ltr' id='par_1_35' title="bbox 171 3517 1783 3588">
     <span class='ocr_line' id='line_1_35' title="bbox 171 3517 1783 3588; baseline -0.001 -15"><span class='ocrx_word' id='word_1_248' title='bbox 171 3519 283 3574; x_wconf 82' lang='lat' dir='ltr'><strong>due</strong></span> <span class='ocrx_word' id='word_1_249' title='bbox 323 3534 389 3573; x_wconf 85' lang='lat' dir='ltr'><strong>ex</strong></span> <span class='ocrx_word' id='word_1_250' title='bbox 431 3518 802 3588; x_wconf 85' lang='lat' dir='ltr'><strong>propitiatorio</strong></span> <span class='ocrx_word' id='word_1_251' title='bbox 842 3518 1013 3573; x_wconf 89' lang='lat' dir='ltr'><strong>audiri</strong></span> <span class='ocrx_word' id='word_1_252' title='bbox 1052 3519 1266 3574; x_wconf 87' lang='lat' dir='ltr'><strong>solitam</strong></span> <span class='ocrx_word' id='word_1_253' title='bbox 1307 3518 1537 3573; x_wconf 90' lang='lat' dir='ltr'><strong>inhibuit</strong></span> <span class='ocrx_word' id='word_1_254' title='bbox 1576 3517 1783 3573; x_wconf 77' lang='lat' dir='ltr'><strong>homo?</strong></span> 
     </span>
    </p>
   </div>
   <div class='ocr_carea' id='block_1_36' title="bbox 175 3610 1779 3682">
    <p class='ocr_par' dir='ltr' id='par_1_36' title="bbox 175 3610 1779 3682">
     <span class='ocr_line' id='line_1_36' title="bbox 175 3610 1779 3682; baseline 0.002 -19"><span class='ocrx_word' id='word_1_255' title='bbox 175 3627 307 3664; x_wconf 76' lang='lat' dir='ltr'><strong>num</strong></span> <span class='ocrx_word' id='word_1_256' title='bbox 364 3610 781 3666; x_wconf 88' lang='lat' dir='ltr'><strong>declarationem</strong></span> <span class='ocrx_word' id='word_1_257' title='bbox 831 3611 885 3666; x_wconf 92' lang='lat' dir='ltr'><strong>in</strong></span> <span class='ocrx_word' id='word_1_258' title='bbox 928 3610 1193 3682; x_wconf 85' lang='lat' dir='ltr'><strong>gemmis?</strong></span> <span class='ocrx_word' id='word_1_259' title='bbox 1226 3625 1354 3665; x_wconf 90' lang='lat' dir='ltr'><strong>num</strong></span> <span class='ocrx_word' id='word_1_260' title='bbox 1390 3611 1779 3666; x_wconf 83' lang='lat' dir='ltr'><strong>sacerdotalem</strong></span> 
     </span>
    </p>
   </div>
   <div class='ocr_carea' id='block_1_37' title="bbox 184 3703 1781 3758">
    <p class='ocr_par' dir='ltr' id='par_1_37' title="bbox 184 3703 1781 3758">
     <span class='ocr_line' id='line_1_37' title="bbox 184 3703 1781 3758; baseline 0.001 -3"><span class='ocrx_word' id='word_1_261' title='bbox 184 3703 527 3758; x_wconf 80' lang='lat' dir='ltr'><strong>.mctioneut?</strong></span> <span class='ocrx_word' id='word_1_262' title='bbox 553 3719 680 3757; x_wconf 90' lang='lat' dir='ltr'><strong>num</strong></span> <span class='ocrx_word' id='word_1_263' title='bbox 701 3712 894 3758; x_wconf 66' lang='lat' dir='ltr'><strong>caetera</strong></span> <span class='ocrx_word' id='word_1_264' title='bbox 920 3704 1097 3757; x_wconf 90' lang='lat' dir='ltr'><strong>omnia</strong></span> <span class='ocrx_word' id='word_1_265' title='bbox 1120 3704 1336 3758; x_wconf 90' lang='lat' dir='ltr'><strong>sustulit</strong></span> <span class='ocrx_word' id='word_1_266' title='bbox 1360 3703 1559 3758; x_wconf 75' lang='lat' dir='ltr'><strong>homo?</strong></span> <span class='ocrx_word' id='word_1_267' title='bbox 1588 3704 1781 3757; x_wconf 86' lang='lat' dir='ltr'><strong>Annon</strong></span> 
     </span>
    </p>
   </div>
   <div class='ocr_carea' id='block_1_38' title="bbox 174 3778 1781 3866">
    <p class='ocr_par' dir='ltr' id='par_1_38' title="bbox 174 3778 1781 3866">
     <span class='ocr_line' id='line_1_38' title="bbox 174 3778 1781 3866; baseline 0.001 -17"><span class='ocrx_word' id='word_1_268' title='bbox 174 3795 321 3850; x_wconf 83' lang='lat' dir='ltr'><strong>Deus</strong></span> <span class='ocrx_word' id='word_1_269' title='bbox 374 3796 489 3850; x_wconf 62' lang='lat' dir='ltr'><strong>haec</strong></span> <span class='ocrx_word' id='word_1_270' title='bbox 532 3795 709 3850; x_wconf 89' lang='lat' dir='ltr'><strong>omnia</strong></span> <span class='ocrx_word' id='word_1_271' title='bbox 757 3778 1261 3850; x_wconf 61' lang='lat' dir='ltr'><strong>sustulitiNemini</strong></span> <span class='ocrx_word' id='word_1_272' title='bbox 1303 3812 1409 3851; x_wconf 91' lang='lat' dir='ltr'><strong>non</strong></span> <span class='ocrx_word' id='word_1_273' title='bbox 1442 3798 1781 3866; x_wconf 89' lang='lat' dir='ltr'><strong>perspicuum</strong></span> 
     </span>
    </p>
   </div>
   <div class='ocr_carea' id='block_1_39' title="bbox 172 3885 1781 3956">
    <p class='ocr_par' dir='ltr' id='par_1_39' title="bbox 172 3885 1781 3956">
     <span class='ocr_line' id='line_1_39' title="bbox 172 3885 1781 3956; baseline 0.002 -16"><span class='ocrx_word' id='word_1_274' title='bbox 172 3895 295 3951; x_wconf 88' lang='lat' dir='ltr'><strong>est;</strong></span> <span class='ocrx_word' id='word_1_275' title='bbox 327 3885 421 3940; x_wconf 83' lang='lat' dir='ltr'><strong>sed</strong></span> <span class='ocrx_word' id='word_1_276' title='bbox 452 3902 555 3956; x_wconf 89' lang='lat' dir='ltr'><strong>qua</strong></span> <span class='ocrx_word' id='word_1_277' title='bbox 596 3887 665 3942; x_wconf 89' lang='lat' dir='ltr'><strong>de</strong></span> <span class='ocrx_word' id='word_1_278' title='bbox 702 3902 863 3942; x_wconf 86' lang='lat' dir='ltr'><strong>causa</strong></span> <span class='ocrx_word' id='word_1_279' title='bbox 909 3885 1158 3942; x_wconf 84' lang='lat' dir='ltr'><strong>sustulit?</strong></span> <span class='ocrx_word' id='word_1_280' title='bbox 1199 3890 1393 3942; x_wconf 83' lang='lat' dir='ltr'><strong>Annon</strong></span> <span class='ocrx_word' id='word_1_281' title='bbox 1439 3886 1781 3944; x_wconf 81' lang='lat' dir='ltr'><strong>manifestum</strong></span> 
     </span>
    </p>
   </div>
   <div class='ocr_carea' id='block_1_40' title="bbox 172 3977 1781 4050">
    <p class='ocr_par' dir='ltr' id='par_1_40' title="bbox 172 3977 1781 4050">
     <span class='ocr_line' id='line_1_40' title="bbox 172 3977 1781 4050; baseline 0.002 -18"><span class='ocrx_word' id='word_1_282' title='bbox 172 3987 261 4033; x_wconf 91' lang='lat' dir='ltr'><strong>cst</strong></span> <span class='ocrx_word' id='word_1_283' title='bbox 310 3977 432 4031; x_wconf 80' lang='lat' dir='ltr'><strong>ideo</strong></span> <span class='ocrx_word' id='word_1_284' title='bbox 487 3977 717 4045; x_wconf 76' lang='lat' dir='ltr'><strong>fecisse,</strong></span> <span class='ocrx_word' id='word_1_285' title='bbox 782 3978 928 4049; x_wconf 92' lang='lat' dir='ltr'><strong>quod</strong></span> <span class='ocrx_word' id='word_1_286' title='bbox 970 3992 1066 4033; x_wconf 92' lang='lat' dir='ltr'><strong>vos</strong></span> <span class='ocrx_word' id='word_1_287' title='bbox 1102 3980 1331 4044; x_wconf 90' lang='lat' dir='ltr'><strong>odisset,</strong></span> <span class='ocrx_word' id='word_1_288' title='bbox 1378 3980 1629 4050; x_wconf 88' lang='lat' dir='ltr'><strong>quodque</strong></span> <span class='ocrx_word' id='word_1_289' title='bbox 1682 3994 1781 4049; x_wconf 81' lang='lat' dir='ltr'><strong>pe-</strong></span> 
     </span>
    </p>
   </div>
   <div class='ocr_carea' id='block_1_41' title="bbox 172 4070 1782 4141">
    <p class='ocr_par' dir='ltr' id='par_1_41' title="bbox 172 4070 1782 4141">
     <span class='ocr_line' id='line_1_41' title="bbox 172 4070 1782 4141; baseline 0.002 -18"><span class='ocrx_word' id='word_1_290' title='bbox 172 4070 323 4123; x_wconf 89' lang='lat' dir='ltr'><strong>nitus</strong></span> <span class='ocrx_word' id='word_1_291' title='bbox 360 4070 736 4125; x_wconf 75' lang='lat' dir='ltr'><strong>aversarctur?</strong></span> <span class='ocrx_word' id='word_1_292' title='bbox 772 4070 1141 4141; x_wconf 83' lang='lat' dir='ltr'><strong>Nequaquam,</strong></span> <span class='ocrx_word' id='word_1_293' title='bbox 1194 4071 1459 4141; x_wconf 90' lang='lat' dir='ltr'><strong>inquiunt,</strong></span> <span class='ocrx_word' id='word_1_294' title='bbox 1510 4070 1607 4127; x_wconf 91' lang='lat' dir='ltr'><strong>sed</strong></span> <span class='ocrx_word' id='word_1_295' title='bbox 1647 4087 1782 4141; x_wconf 92' lang='lat' dir='ltr'><strong>quo-</strong></span> 
     </span>
    </p>
   </div>
   <div class='ocr_carea' id='block_1_42' title="bbox 173 4146 1775 4237">
    <p class='ocr_par' dir='ltr' id='par_1_42' title="bbox 173 4146 1775 4237">
     <span class='ocr_line' id='line_1_42' title="bbox 173 4146 1775 4237; baseline 0.002 -24"><span class='ocrx_word' id='word_1_296' title='bbox 173 4165 322 4214; x_wconf 85' lang='lat' dir='ltr'><strong>niam</strong></span> <span class='ocrx_word' id='word_1_297' title='bbox 376 4146 660 4237; x_wconf 83' lang='lat' dir='ltr'><strong>metropoli</strong></span> <span class='ocrx_word' id='word_1_298' title='bbox 725 4167 1007 4228; x_wconf 79' lang='lat' dir='ltr'><strong>caremus,‘</strong></span> <span class='ocrx_word' id='word_1_299' title='bbox 1046 4162 1167 4223; x_wconf 87' lang='lat' dir='ltr'><strong>ideo</strong></span> <span class='ocrx_word' id='word_1_300' title='bbox 1210 4178 1454 4217; x_wconf 84' lang='lat' dir='ltr'><strong>caremus</strong></span> <span class='ocrx_word' id='word_1_301' title='bbox 1516 4173 1570 4218; x_wconf 88' lang='lat' dir='ltr'><strong>et</strong></span> <span class='ocrx_word' id='word_1_302' title='bbox 1627 4164 1775 4218; x_wconf 89' lang='lat' dir='ltr'><strong>istis:</strong></span> 
     </span>
    </p>
   </div>
   <div class='ocr_carea' id='block_1_43' title="bbox 169 4252 1781 4323">
    <p class='ocr_par' dir='ltr' id='par_1_43' title="bbox 169 4252 1781 4323">
     <span class='ocr_line' id='line_1_43' title="bbox 169 4252 1781 4323; baseline 0.001 -19"><span class='ocrx_word' id='word_1_303' title='bbox 169 4265 276 4305; x_wconf 88' lang='lat' dir='ltr'><strong>cur</strong></span> <span class='ocrx_word' id='word_1_304' title='bbox 302 4266 433 4306; x_wconf 90' lang='lat' dir='ltr'><strong>vero</strong></span> <span class='ocrx_word' id='word_1_305' title='bbox 466 4252 557 4306; x_wconf 89' lang='lat' dir='ltr'><strong>illa</strong></span> <span class='ocrx_word' id='word_1_306' title='bbox 593 4252 833 4308; x_wconf 77' lang='lat' dir='ltr'><strong>caretis?</strong></span> <span class='ocrx_word' id='word_1_307' title='bbox 872 4252 1060 4308; x_wconf 89' lang='lat' dir='ltr'><strong>Nonne</strong></span> <span class='ocrx_word' id='word_1_308' title='bbox 1098 4253 1222 4323; x_wconf 89' lang='lat' dir='ltr'><strong>quia</strong></span> <span class='ocrx_word' id='word_1_309' title='bbox 1260 4267 1357 4308; x_wconf 85' lang='lat' dir='ltr'><strong>vos</strong></span> <span class='ocrx_word' id='word_1_310' title='bbox 1386 4252 1532 4308; x_wconf 87' lang='lat' dir='ltr'><strong>Deus</strong></span> <span class='ocrx_word' id='word_1_311' title='bbox 1580 4253 1781 4308; x_wconf 86' lang='lat' dir='ltr'><strong>dereli-</strong></span> 
     </span>
    </p>
   </div>
   <div class='ocr_carea' id='block_1_44' title="bbox 168 4345 311 4416">
    <p class='ocr_par' dir='ltr' id='par_1_44' title="bbox 168 4345 311 4416">
     <span class='ocr_line' id='line_1_44' title="bbox 168 4345 311 4416; baseline 0.014 -21"><span class='ocrx_word' id='word_1_312' title='bbox 168 4345 311 4416; x_wconf 83' lang='lat' dir='ltr'><strong>quit.</strong></span> 
     </span>
    </p>
   </div>
   <div class='ocr_carea' id='block_1_45' title="bbox 245 4433 1780 4510">
    <p class='ocr_par' dir='ltr' id='par_1_45' title="bbox 245 4433 1780 4510">
     <span class='ocr_line' id='line_1_45' title="bbox 245 4433 1780 4510; baseline 0.004 -22"><span class='ocrx_word' id='word_1_313' title='bbox 245 4433 393 4490; x_wconf 87' lang='lat' dir='ltr'><strong>Deus</strong></span> <span class='ocrx_word' id='word_1_314' title='bbox 440 4434 694 4506; x_wconf 73' lang='lat' dir='ltr'><strong>indignius</strong></span> <span class='ocrx_word' id='word_1_315' title='bbox 719 4437 833 4491; x_wconf 78' lang='lat' dir='ltr'><strong>tulit</strong></span> <span class='ocrx_word' id='word_1_316' title='bbox 859 4437 1050 4493; x_wconf 78' lang='lat' dir='ltr'><strong>Christi</strong></span> <span class='ocrx_word' id='word_1_317' title='bbox 1085 4454 1288 4504; x_wconf 83' lang='lat' dir='ltr'><strong>necem,</strong></span> <span class='ocrx_word' id='word_1_318' title='bbox 1318 4456 1472 4510; x_wconf 86' lang='lat' dir='ltr'><strong>quam</strong></span> <span class='ocrx_word' id='word_1_319' title='bbox 1508 4441 1652 4493; x_wconf 78' lang='lat' dir='ltr'><strong>vituli</strong></span> <span class='ocrx_word' id='word_1_320' title='bbox 1676 4441 1780 4494; x_wconf 78' lang='lat' dir='ltr'><strong>ad-</strong></span> 
     </span>
    </p>
   </div>
   <div class='ocr_carea' id='block_1_46' title="bbox 170 4527 1782 4600">
    <p class='ocr_par' dir='ltr' id='par_1_46' title="bbox 170 4527 1782 4600">
     <span class='ocr_line' id='line_1_46' title="bbox 170 4527 1782 4600; baseline 0.002 -20"><span class='ocrx_word' id='word_1_321' title='bbox 170 4527 707 4595; x_wconf 85' lang='lat' dir='ltr'><strong>orationem.—Quin</strong></span> <span class='ocrx_word' id='word_1_322' title='bbox 742 4529 941 4599; x_wconf 90' lang='lat' dir='ltr'><strong>potius,</strong></span> <span class='ocrx_word' id='word_1_323' title='bbox 974 4540 1032 4584; x_wconf 91' lang='lat' dir='ltr'><strong>ut</strong></span> <span class='ocrx_word' id='word_1_324' title='bbox 1062 4530 1278 4585; x_wconf 87' lang='lat' dir='ltr'><strong>uberius</strong></span> <span class='ocrx_word' id='word_1_325' title='bbox 1304 4531 1632 4600; x_wconf 88' lang='lat' dir='ltr'><strong>impudentia</strong></span> <span class='ocrx_word' id='word_1_326' title='bbox 1663 4532 1782 4586; x_wconf 87' lang='lat' dir='ltr'><strong>illo-</strong></span> 
     </span>
    </p>
   </div>
   <div class='ocr_carea' id='block_1_47' title="bbox 172 4608 1780 4694">
    <p class='ocr_par' dir='ltr' id='par_1_47' title="bbox 172 4608 1780 4694">
     <span class='ocr_line' id='line_1_47' title="bbox 172 4608 1780 4694; baseline 0.002 -19"><span class='ocrx_word' id='word_1_327' title='bbox 172 4636 296 4675; x_wconf 89' lang='lat' dir='ltr'><strong>rum</strong></span> <span class='ocrx_word' id='word_1_328' title='bbox 324 4636 418 4675; x_wconf 86' lang='lat' dir='ltr'><strong>ora</strong></span> <span class='ocrx_word' id='word_1_329' title='bbox 443 4621 756 4677; x_wconf 90' lang='lat' dir='ltr'><strong>claudamus</strong></span> <span class='ocrx_word' id='word_1_330' title='bbox 787 4640 801 4677; x_wconf 89' lang='lat'><strong>:</strong></span> <span class='ocrx_word' id='word_1_331' title='bbox 830 4638 928 4694; x_wconf 91' lang='lat' dir='ltr'><strong>age</strong></span> <span class='ocrx_word' id='word_1_332' title='bbox 956 4632 1011 4678; x_wconf 92' lang='lat' dir='ltr'><strong>et</strong></span> <span class='ocrx_word' id='word_1_333' title='bbox 1051 4622 1153 4677; x_wconf 89' lang='lat' dir='ltr'><strong>hoc</strong></span> <span class='ocrx_word' id='word_1_334' title='bbox 1191 4608 1587 4694; x_wconf 90' lang='lat' dir='ltr'><strong>Scripturarum</strong></span> <span class='ocrx_word' id='word_1_335' title='bbox 1630 4626 1780 4679; x_wconf 77' lang='lat' dir='ltr'><strong>testi-</strong></span> 
     </span>
    </p>
   </div>
   <div class='ocr_carea' id='block_1_48' title="bbox 172 4714 1783 4787">
    <p class='ocr_par' dir='ltr' id='par_1_48' title="bbox 172 4714 1783 4787">
     <span class='ocr_line' id='line_1_48' title="bbox 172 4714 1783 4787; baseline 0.002 -18"><span class='ocrx_word' id='word_1_336' title='bbox 172 4714 374 4769; x_wconf 88' lang='lat' dir='ltr'><strong>moniis</strong></span> <span class='ocrx_word' id='word_1_337' title='bbox 394 4714 845 4784; x_wconf 80' lang='lat' dir='ltr'><strong>demouSIremus,</strong></span> <span class='ocrx_word' id='word_1_338' title='bbox 871 4717 1014 4787; x_wconf 89' lang='lat' dir='ltr'><strong>quod</strong></span> <span class='ocrx_word' id='word_1_339' title='bbox 1045 4717 1225 4787; x_wconf 88' lang='lat' dir='ltr'><strong>templi</strong></span> <span class='ocrx_word' id='word_1_340' title='bbox 1252 4718 1461 4773; x_wconf 83' lang='lat' dir='ltr'><strong>eversio</strong></span> <span class='ocrx_word' id='word_1_341' title='bbox 1490 4734 1593 4771; x_wconf 92' lang='lat' dir='ltr'><strong>non</strong></span> <span class='ocrx_word' id='word_1_342' title='bbox 1621 4716 1783 4773; x_wconf 84' lang='lat' dir='ltr'><strong>fuerit</strong></span> 
     </span>
    </p>
   </div>
   <div class='ocr_carea' id='block_1_49' title="bbox 171 4805 1777 4879">
    <p class='ocr_par' dir='ltr' id='par_1_49' title="bbox 171 4805 1777 4879">
     <span class='ocr_line' id='line_1_49' title="bbox 171 4805 1777 4879; baseline 0.002 -18"><span class='ocrx_word' id='word_1_343' title='bbox 171 4819 339 4861; x_wconf 81' lang='lat' dir='ltr'><strong>causa</strong></span> <span class='ocrx_word' id='word_1_344' title='bbox 372 4805 752 4862; x_wconf 88' lang='lat' dir='ltr'><strong>destruetionis</strong></span> <span class='ocrx_word' id='word_1_345' title='bbox 777 4818 1094 4863; x_wconf 66' lang='lat' dir='ltr'><strong>caeterorum</strong></span> <span class='ocrx_word' id='word_1_346' title='bbox 1120 4822 1151 4861; x_wconf 88' lang='lat' dir='ltr'><strong>a</strong></span> <span class='ocrx_word' id='word_1_347' title='bbox 1189 4807 1463 4877; x_wconf 88' lang='lat' dir='ltr'><strong>prophetis</strong></span> <span class='ocrx_word' id='word_1_348' title='bbox 1490 4810 1777 4879; x_wconf 70' lang='lat' dir='ltr'><strong>przedictac,</strong></span> 
     </span>
    </p>
   </div>
   <div class='ocr_carea' id='block_1_50' title="bbox 170 4897 1778 4971">
    <p class='ocr_par' dir='ltr' id='par_1_50' title="bbox 170 4897 1778 4971">
     <span class='ocr_line' id='line_1_50' title="bbox 170 4897 1778 4971; baseline 0.002 -19"><span class='ocrx_word' id='word_1_349' title='bbox 170 4897 271 4952; x_wconf 86' lang='lat' dir='ltr'><strong>sed</strong></span> <span class='ocrx_word' id='word_1_350' title='bbox 301 4897 380 4952; x_wconf 81' lang='lat' dir='ltr'><strong>ira</strong></span> <span class='ocrx_word' id='word_1_351' title='bbox 408 4897 523 4964; x_wconf 87' lang='lat' dir='ltr'><strong>Dei,</strong></span> <span class='ocrx_word' id='word_1_352' title='bbox 551 4907 607 4953; x_wconf 89' lang='lat' dir='ltr'><strong>et</strong></span> <span class='ocrx_word' id='word_1_353' title='bbox 639 4899 780 4970; x_wconf 93' lang='lat' dir='ltr'><strong>quod</strong></span> <span class='ocrx_word' id='word_1_354' title='bbox 813 4900 982 4971; x_wconf 84' lang='lat' dir='ltr'><strong>magis</strong></span> <span class='ocrx_word' id='word_1_355' title='bbox 1008 4900 1171 4958; x_wconf 87' lang='lat' dir='ltr'><strong>etiam</strong></span> <span class='ocrx_word' id='word_1_356' title='bbox 1203 4900 1374 4969; x_wconf 90' lang='lat' dir='ltr'><strong>ipsum</strong></span> <span class='ocrx_word' id='word_1_357' title='bbox 1407 4900 1665 4955; x_wconf 88' lang='lat' dir='ltr'><strong>irritarint</strong></span> <span class='ocrx_word' id='word_1_358' title='bbox 1695 4901 1778 4955; x_wconf 87' lang='lat' dir='ltr'><strong>in-</strong></span> 
     </span>
    </p>
   </div>
   <div class='ocr_carea' id='block_1_51' title="bbox 171 4988 1779 5060">
    <p class='ocr_par' dir='ltr' id='par_1_51' title="bbox 171 4988 1779 5060">
     <span class='ocr_line' id='line_1_51' title="bbox 171 4988 1779 5060; baseline 0.001 -17"><span class='ocrx_word' id='word_1_359' title='bbox 171 4988 451 5045; x_wconf 84' lang='lat' dir='ltr'><strong>sanientes</strong></span> <span class='ocrx_word' id='word_1_360' title='bbox 485 4991 538 5044; x_wconf 93' lang='lat' dir='ltr'><strong>in</strong></span> <span class='ocrx_word' id='word_1_361' title='bbox 566 4990 838 5045; x_wconf 87' lang='lat' dir='ltr'><strong>Christum</strong></span> <span class='ocrx_word' id='word_1_362' title='bbox 862 5032 878 5056; x_wconf 91' lang='lat'><strong>,</strong></span> <span class='ocrx_word' id='word_1_363' title='bbox 909 5007 1069 5060; x_wconf 90' lang='lat' dir='ltr'><strong>quam</strong></span> <span class='ocrx_word' id='word_1_364' title='bbox 1117 5000 1228 5044; x_wconf 88' lang='lat' dir='ltr'><strong>tum</strong></span> <span class='ocrx_word' id='word_1_365' title='bbox 1274 5005 1396 5044; x_wconf 91' lang='lat' dir='ltr'><strong>cum</strong></span> <span class='ocrx_word' id='word_1_366' title='bbox 1429 4990 1652 5044; x_wconf 87' lang='lat' dir='ltr'><strong>vitulum</strong></span> <span class='ocrx_word' id='word_1_367' title='bbox 1683 4990 1779 5045; x_wconf 86' lang='lat' dir='ltr'><strong>ad-</strong></span> 
     </span>
    </p>
   </div>
   <div class='ocr_carea' id='block_1_52' title="bbox 169 5072 1776 5156">
    <p class='ocr_par' dir='ltr' id='par_1_52' title="bbox 169 5072 1776 5156">
     <span class='ocr_line' id='line_1_52' title="bbox 169 5072 1776 5156; baseline 0 -19"><span class='ocrx_word' id='word_1_368' title='bbox 169 5072 423 5138; x_wconf 77' lang='lat' dir='ltr'><strong>orarent.</strong></span> <span class='ocrx_word' id='word_1_369' title='bbox 441 5081 574 5156; x_wconf 79' lang='lat' dir='ltr'><strong>Nam</strong></span> <span class='ocrx_word' id='word_1_370' title='bbox 604 5097 725 5137; x_wconf 90' lang='lat' dir='ltr'><strong>cum</strong></span> <span class='ocrx_word' id='word_1_371' title='bbox 752 5083 1135 5138; x_wconf 80' lang='lat' dir='ltr'><strong>vaticinaretur</strong></span> <span class='ocrx_word' id='word_1_372' title='bbox 1162 5081 1357 5147; x_wconf 83' lang='lat' dir='ltr'><strong>Moses,</strong></span> <span class='ocrx_word' id='word_1_373' title='bbox 1395 5096 1493 5137; x_wconf 89' lang='lat' dir='ltr'><strong>nec</strong></span> <span class='ocrx_word' id='word_1_374' title='bbox 1522 5082 1776 5153; x_wconf 84' lang='lat' dir='ltr'><strong>templum</strong></span> 
     </span>
    </p>
   </div>
   <div class='ocr_carea' id='block_1_53' title="bbox 170 5175 1781 5253">
    <p class='ocr_par' dir='ltr' id='par_1_53' title="bbox 170 5175 1781 5253">
     <span class='ocr_line' id='line_1_53' title="bbox 170 5175 1781 5253; baseline 0 -23"><span class='ocrx_word' id='word_1_375' title='bbox 170 5184 294 5230; x_wconf 82' lang='lat' dir='ltr'><strong>erat</strong></span> <span class='ocrx_word' id='word_1_376' title='bbox 314 5216 332 5241; x_wconf 92' lang='lat'><strong>,</strong></span> <span class='ocrx_word' id='word_1_377' title='bbox 360 5189 461 5253; x_wconf 82' lang='lat' dir='ltr'><strong>nec</strong></span> <span class='ocrx_word' id='word_1_378' title='bbox 489 5175 658 5230; x_wconf 78' lang='lat' dir='ltr'><strong>altare</strong></span> <span class='ocrx_word' id='word_1_379' title='bbox 682 5192 696 5241; x_wconf 93' lang='lat'><strong>;</strong></span> <span class='ocrx_word' id='word_1_380' title='bbox 724 5175 818 5230; x_wconf 89' lang='lat' dir='ltr'><strong>sed</strong></span> <span class='ocrx_word' id='word_1_381' title='bbox 851 5190 971 5230; x_wconf 90' lang='lat' dir='ltr'><strong>cum</strong></span> <span class='ocrx_word' id='word_1_382' title='bbox 1002 5176 1354 5245; x_wconf 85' lang='lat' dir='ltr'><strong>persisterent</strong></span> <span class='ocrx_word' id='word_1_383' title='bbox 1391 5175 1444 5229; x_wconf 90' lang='lat' dir='ltr'><strong>in</strong></span> <span class='ocrx_word' id='word_1_384' title='bbox 1486 5176 1781 5230; x_wconf 75' lang='lat' dir='ltr'><strong>innumeris</strong></span> 
     </span>
    </p>
   </div>
   <div class='ocr_carea' id='block_1_54' title="bbox 172 5266 1777 5337">
    <p class='ocr_par' dir='ltr' id='par_1_54' title="bbox 172 5266 1777 5337">
     <span class='ocr_line' id='line_1_54' title="bbox 172 5266 1777 5337; baseline -0.002 -14"><span class='ocrx_word' id='word_1_385' title='bbox 172 5266 572 5337; x_wconf 84' lang='lat' dir='ltr'><strong>impietatibus,</strong></span> <span class='ocrx_word' id='word_1_386' title='bbox 606 5277 782 5322; x_wconf 90' lang='lat' dir='ltr'><strong>tamen</strong></span> <span class='ocrx_word' id='word_1_387' title='bbox 827 5266 1123 5337; x_wconf 56' lang='lat' dir='ltr'><strong>prephetia&#39;.</strong></span> <span class='ocrx_word' id='word_1_388' title='bbox 1150 5266 1351 5322; x_wconf 92' lang='lat' dir='ltr'><strong>donum</strong></span> <span class='ocrx_word' id='word_1_389' title='bbox 1392 5282 1497 5321; x_wconf 91' lang='lat' dir='ltr'><strong>non</strong></span> <span class='ocrx_word' id='word_1_390' title='bbox 1526 5268 1777 5322; x_wconf 83' lang='lat' dir='ltr'><strong>cessavit.</strong></span> 
     </span>
    </p>
   </div>
   <div class='ocr_carea' id='block_1_55' title="bbox 174 5358 1780 5429">
    <p class='ocr_par' dir='ltr' id='par_1_55' title="bbox 174 5358 1780 5429">
     <span class='ocr_line' id='line_1_55' title="bbox 174 5358 1780 5429; baseline 0 -16"><span class='ocrx_word' id='word_1_391' title='bbox 174 5358 379 5414; x_wconf 82' lang='lat' dir='ltr'><strong>Verum</strong></span> <span class='ocrx_word' id='word_1_392' title='bbox 404 5366 465 5413; x_wconf 87' lang='lat' dir='ltr'><strong>et</strong></span> <span class='ocrx_word' id='word_1_393' title='bbox 485 5359 572 5414; x_wconf 89' lang='lat' dir='ltr'><strong>hic</strong></span> <span class='ocrx_word' id='word_1_394' title='bbox 614 5360 730 5428; x_wconf 88' lang='lat' dir='ltr'><strong>ipse</strong></span> <span class='ocrx_word' id='word_1_395' title='bbox 772 5374 995 5428; x_wconf 90' lang='lat' dir='ltr'><strong>magnus</strong></span> <span class='ocrx_word' id='word_1_396' title='bbox 1020 5368 1181 5429; x_wconf 89' lang='lat' dir='ltr'><strong>atque</strong></span> <span class='ocrx_word' id='word_1_397' title='bbox 1207 5358 1453 5429; x_wconf 83' lang='lat' dir='ltr'><strong>egregius</strong></span> <span class='ocrx_word' id='word_1_398' title='bbox 1479 5360 1578 5421; x_wconf 78' lang='lat' dir='ltr'><strong>vir,</strong></span> <span class='ocrx_word' id='word_1_399' title='bbox 1610 5367 1665 5414; x_wconf 91' lang='lat' dir='ltr'><strong>et</strong></span> <span class='ocrx_word' id='word_1_400' title='bbox 1689 5359 1780 5413; x_wconf 87' lang='lat' dir='ltr'><strong>alii</strong></span> 
     </span>
    </p>
   </div>
   <div class='ocr_carea' id='block_1_56' title="bbox 172 5450 1783 5537">
    <p class='ocr_par' dir='ltr' id='par_1_56' title="bbox 172 5450 1783 5537">
     <span class='ocr_line' id='line_1_56' title="bbox 172 5450 1783 5537; baseline 0 -31"><span class='ocrx_word' id='word_1_401' title='bbox 172 5466 363 5506; x_wconf 87' lang='lat' dir='ltr'><strong>rursus</strong></span> <span class='ocrx_word' id='word_1_402' title='bbox 412 5459 607 5537; x_wconf 70' lang='lat' dir='ltr'><strong>prmter</strong></span> <span class='ocrx_word' id='word_1_403' title='bbox 648 5450 791 5505; x_wconf 92' lang='lat' dir='ltr'><strong>hunc</strong></span> <span class='ocrx_word' id='word_1_404' title='bbox 834 5452 1166 5521; x_wconf 87' lang='lat' dir='ltr'><strong>septuaginta</strong></span> <span class='ocrx_word' id='word_1_405' title='bbox 1217 5460 1327 5505; x_wconf 90' lang='lat' dir='ltr'><strong>tum</strong></span> <span class='ocrx_word' id='word_1_406' title='bbox 1362 5452 1615 5506; x_wconf 74' lang='lat' dir='ltr'><strong>exstitere</strong></span> <span class='ocrx_word' id='word_1_407' title='bbox 1660 5468 1783 5521; x_wconf 84' lang='lat' dir='ltr'><strong>pro-</strong></span> 
     </span>
    </p>
   </div>
   <div class='ocr_carea' id='block_1_57' title="bbox 171 5540 1779 5619">
    <p class='ocr_par' dir='ltr' id='par_1_57' title="bbox 171 5540 1779 5619">
     <span class='ocr_line' id='line_1_57' title="bbox 171 5540 1779 5619; baseline 0.003 -30"><span class='ocrx_word' id='word_1_408' title='bbox 171 5547 355 5612; x_wconf 61' lang='lat' dir='ltr'><strong>pheta:</strong></span> <span class='ocrx_word' id='word_1_409' title='bbox 388 5557 404 5593; x_wconf 88' lang='lat'><strong>:</strong></span> <span class='ocrx_word' id='word_1_410' title='bbox 435 5556 532 5595; x_wconf 89' lang='lat' dir='ltr'><strong>nec</strong></span> <span class='ocrx_word' id='word_1_411' title='bbox 560 5540 614 5595; x_wconf 90' lang='lat' dir='ltr'><strong>id</strong></span> <span class='ocrx_word' id='word_1_412' title='bbox 643 5541 816 5619; x_wconf 83' lang='lat' dir='ltr'><strong>solum</strong></span> <span class='ocrx_word' id='word_1_413' title='bbox 839 5581 855 5606; x_wconf 91' lang='lat'><strong>,</strong></span> <span class='ocrx_word' id='word_1_414' title='bbox 886 5555 1067 5595; x_wconf 86' lang='lat' dir='ltr'><strong>verum</strong></span> <span class='ocrx_word' id='word_1_415' title='bbox 1093 5550 1148 5596; x_wconf 92' lang='lat' dir='ltr'><strong>et</strong></span> <span class='ocrx_word' id='word_1_416' title='bbox 1174 5550 1293 5611; x_wconf 90' lang='lat' dir='ltr'><strong>post</strong></span> <span class='ocrx_word' id='word_1_417' title='bbox 1315 5541 1497 5595; x_wconf 87' lang='lat' dir='ltr'><strong>datum</strong></span> <span class='ocrx_word' id='word_1_418' title='bbox 1526 5542 1779 5611; x_wconf 77' lang='lat' dir='ltr'><strong>templum</strong></span> 
     </span>
    </p>
   </div>
   <div class='ocr_carea' id='block_1_58' title="bbox 172 5632 1785 5704">
    <p class='ocr_par' dir='ltr' id='par_1_58' title="bbox 172 5632 1785 5704">
     <span class='ocr_line' id='line_1_58' title="bbox 172 5632 1785 5704; baseline 0 -16"><span class='ocrx_word' id='word_1_419' title='bbox 172 5632 543 5704; x_wconf 83' lang='lat' dir='ltr'><strong>reliquamque</strong></span> <span class='ocrx_word' id='word_1_420' title='bbox 569 5640 735 5687; x_wconf 89' lang='lat' dir='ltr'><strong>totam</strong></span> <span class='ocrx_word' id='word_1_421' title='bbox 758 5632 1042 5701; x_wconf 88' lang='lat' dir='ltr'><strong>culturam,</strong></span> <span class='ocrx_word' id='word_1_422' title='bbox 1065 5633 1260 5688; x_wconf 86' lang='lat' dir='ltr'><strong>deinde</strong></span> <span class='ocrx_word' id='word_1_423' title='bbox 1282 5633 1384 5687; x_wconf 88' lang='lat' dir='ltr'><strong>huc</strong></span> <span class='ocrx_word' id='word_1_424' title='bbox 1409 5633 1628 5688; x_wconf 91' lang='lat' dir='ltr'><strong>incenso</strong></span> <span class='ocrx_word' id='word_1_425' title='bbox 1654 5650 1785 5688; x_wconf 86' lang='lat' dir='ltr'><strong>cun-</strong></span> 
     </span>
    </p>
   </div>
   <div class='ocr_carea' id='block_1_59' title="bbox 171 5724 1783 5796">
    <p class='ocr_par' dir='ltr' id='par_1_59' title="bbox 171 5724 1783 5796">
     <span class='ocr_line' id='line_1_59' title="bbox 171 5724 1783 5796; baseline 0 -17"><span class='ocrx_word' id='word_1_426' title='bbox 171 5724 385 5796; x_wconf 89' lang='lat' dir='ltr'><strong>ctisque</strong></span> <span class='ocrx_word' id='word_1_427' title='bbox 413 5724 660 5793; x_wconf 88' lang='lat' dir='ltr'><strong>sublatis,</strong></span> <span class='ocrx_word' id='word_1_428' title='bbox 693 5725 747 5781; x_wconf 91' lang='lat' dir='ltr'><strong>in</strong></span> <span class='ocrx_word' id='word_1_429' title='bbox 778 5725 1052 5796; x_wconf 86' lang='lat' dir='ltr'><strong>Babylone</strong></span> <span class='ocrx_word' id='word_1_430' title='bbox 1083 5740 1269 5780; x_wconf 89' lang='lat' dir='ltr'><strong>rursus</strong></span> <span class='ocrx_word' id='word_1_431' title='bbox 1297 5726 1620 5781; x_wconf 76' lang='lat' dir='ltr'><strong>exstiterunt</strong></span> <span class='ocrx_word' id='word_1_432' title='bbox 1646 5726 1783 5780; x_wconf 85' lang='lat' dir='ltr'><strong>Eze-</strong></span> 
     </span>
    </p>
   </div>
   <div class='ocr_carea' id='block_1_60' title="bbox 174 5816 1790 5904">
    <p class='ocr_par' dir='ltr' id='par_1_60' title="bbox 174 5816 1790 5904">
     <span class='ocr_line' id='line_1_60' title="bbox 174 5816 1790 5904; baseline 0.002 -33"><span class='ocrx_word' id='word_1_433' title='bbox 174 5839 190 5871; x_wconf 79' lang='lat' dir='ltr'><strong>t</strong></span> <span class='ocrx_word' id='word_1_434' title='bbox 207 5817 318 5872; x_wconf 87' lang='lat' dir='ltr'><strong>hiet</strong></span> <span class='ocrx_word' id='word_1_435' title='bbox 345 5826 399 5873; x_wconf 87' lang='lat' dir='ltr'><strong>ct</strong></span> <span class='ocrx_word' id='word_1_436' title='bbox 428 5816 635 5904; x_wconf 70' lang='lat' dir='ltr'><strong>Daniel,</strong></span> <span class='ocrx_word' id='word_1_437' title='bbox 659 5818 748 5890; x_wconf 90' lang='lat' dir='ltr'><strong>qui</strong></span> <span class='ocrx_word' id='word_1_438' title='bbox 775 5833 895 5875; x_wconf 89' lang='lat' dir='ltr'><strong>cum</strong></span> <span class='ocrx_word' id='word_1_439' title='bbox 924 5833 1023 5875; x_wconf 86' lang='lat' dir='ltr'><strong>nec</strong></span> <span class='ocrx_word' id='word_1_440' title='bbox 1049 5826 1230 5875; x_wconf 87' lang='lat' dir='ltr'><strong>sancta</strong></span> <span class='ocrx_word' id='word_1_441' title='bbox 1258 5826 1565 5874; x_wconf 89' lang='lat' dir='ltr'><strong>sanctorum</strong></span> <span class='ocrx_word' id='word_1_442' title='bbox 1588 5817 1790 5889; x_wconf 83' lang='lat' dir='ltr'><strong>aspice-</strong></span> 
     </span>
    </p>
   </div>
   <div class='ocr_carea' id='block_1_61' title="bbox 1422 369 2265 441">
    <p class='ocr_par' dir='ltr' id='par_1_61' title="bbox 1422 369 2265 441">
     <span class='ocr_line' id='line_1_61' title="bbox 1422 369 2265 441; baseline -0.006 0"><span class='ocrx_word' id='word_1_443' title='bbox 1422 382 1804 441; x_wconf 65' lang='lat' dir='ltr'><strong>aovensus&#39;</strong></span> <span class='ocrx_word' id='word_1_444' title='bbox 1827 369 2132 440; x_wconf 62' lang='lat' dir='ltr'><strong>suum.</strong></span> <span class='ocrx_word' id='word_1_445' title='bbox 2178 381 2265 438; x_wconf 81' lang='lat' dir='ltr'><strong>Vl.</strong></span> 
     </span>
    </p>
   </div>
   <div class='ocr_carea' id='block_1_62' title="bbox 3410 404 3517 462">
    <p class='ocr_par' dir='ltr' id='par_1_62' title="bbox 3410 404 3517 462">
     <span class='ocr_line' id='line_1_62' title="bbox 3410 404 3517 462; baseline -0.037 0"><span class='ocrx_word' id='word_1_446' title='bbox 3410 404 3517 462; x_wconf 84' lang='lat'><strong>9|0</strong></span> 
     </span>
    </p>
   </div>
   <div class='ocr_carea' id='block_1_63' title="bbox 1913 497 3509 568">
    <p class='ocr_par' dir='ltr' id='par_1_63' title="bbox 1913 497 3509 568">
     <span class='ocr_line' id='line_1_63' title="bbox 1913 497 3509 568; baseline 0.009 -17"><span class='ocrx_word' id='word_1_447' title='bbox 1913 504 2055 559; x_wconf 87' lang='lat' dir='ltr'><strong>rent,</strong></span> <span class='ocrx_word' id='word_1_448' title='bbox 2083 510 2182 552; x_wconf 85' lang='lat' dir='ltr'><strong>nec</strong></span> <span class='ocrx_word' id='word_1_449' title='bbox 2208 497 2363 553; x_wconf 87' lang='lat' dir='ltr'><strong>altari</strong></span> <span class='ocrx_word' id='word_1_450' title='bbox 2393 501 2727 568; x_wconf 87' lang='lat' dir='ltr'><strong>assisterent,</strong></span> <span class='ocrx_word' id='word_1_451' title='bbox 2754 502 2851 558; x_wconf 90' lang='lat' dir='ltr'><strong>sed</strong></span> <span class='ocrx_word' id='word_1_452' title='bbox 2876 502 2928 558; x_wconf 93' lang='lat' dir='ltr'><strong>in</strong></span> <span class='ocrx_word' id='word_1_453' title='bbox 2959 503 3133 560; x_wconf 83' lang='lat' dir='ltr'><strong>media</strong></span> <span class='ocrx_word' id='word_1_454' title='bbox 3159 504 3509 565; x_wconf 80' lang='lat' dir='ltr'><strong>barbarorum</strong></span> 
     </span>
    </p>
   </div>
   <div class='ocr_carea' id='block_1_64' title="bbox 1913 586 3517 669">
    <p class='ocr_par' dir='ltr' id='par_1_64' title="bbox 1913 586 3517 669">
     <span class='ocr_line' id='line_1_64' title="bbox 1913 586 3517 669; baseline 0.007 -26"><span class='ocrx_word' id='word_1_455' title='bbox 1913 586 2132 658; x_wconf 87' lang='lat' dir='ltr'><strong>regione</strong></span> <span class='ocrx_word' id='word_1_456' title='bbox 2160 596 2216 644; x_wconf 90' lang='lat' dir='ltr'><strong>et</strong></span> <span class='ocrx_word' id='word_1_457' title='bbox 2245 588 2577 659; x_wconf 89' lang='lat' dir='ltr'><strong>impurorum</strong></span> <span class='ocrx_word' id='word_1_458' title='bbox 2619 590 2897 649; x_wconf 89' lang='lat' dir='ltr'><strong>hominum</strong></span> <span class='ocrx_word' id='word_1_459' title='bbox 2940 597 3216 652; x_wconf 80' lang='lat' dir='ltr'><strong>consortio</strong></span> <span class='ocrx_word' id='word_1_460' title='bbox 3252 600 3474 669; x_wconf 81' lang='lat' dir='ltr'><strong>agerent</strong></span> <span class='ocrx_word' id='word_1_461' title='bbox 3500 642 3517 669; x_wconf 88' lang='lat'><strong>,</strong></span> 
     </span>
    </p>
   </div>
   <div class='ocr_carea' id='block_1_65' title="bbox 1912 675 3515 758">
    <p class='ocr_par' dir='ltr' id='par_1_65' title="bbox 1912 675 3515 758">
     <span class='ocr_line' id='line_1_65' title="bbox 1912 675 3515 758; baseline 0.009 -27"><span class='ocrx_word' id='word_1_462' title='bbox 1912 675 2101 747; x_wconf 87' lang='lat' dir='ltr'><strong>spiritu</strong></span> <span class='ocrx_word' id='word_1_463' title='bbox 2142 678 2330 748; x_wconf 89' lang='lat' dir='ltr'><strong>repleti</strong></span> <span class='ocrx_word' id='word_1_464' title='bbox 2378 678 2553 735; x_wconf 81' lang='lat' dir='ltr'><strong>futura</strong></span> <span class='ocrx_word' id='word_1_465' title='bbox 2599 682 2995 752; x_wconf 75' lang='lat' dir='ltr'><strong>pmdicehant,</strong></span> <span class='ocrx_word' id='word_1_466' title='bbox 3036 687 3195 758; x_wconf 86' lang='lat' dir='ltr'><strong>idque</strong></span> <span class='ocrx_word' id='word_1_467' title='bbox 3232 688 3302 744; x_wconf 90' lang='lat' dir='ltr'><strong>de</strong></span> <span class='ocrx_word' id='word_1_468' title='bbox 3349 691 3515 745; x_wconf 85' lang='lat' dir='ltr'><strong>rebus</strong></span> 
     </span>
    </p>
   </div>
   <div class='ocr_carea' id='block_1_66' title="bbox 1912 767 3513 849">
    <p class='ocr_par' dir='ltr' id='par_1_66' title="bbox 1912 767 3513 849">
     <span class='ocr_line' id='line_1_66' title="bbox 1912 767 3513 849; baseline 0.009 -29"><span class='ocrx_word' id='word_1_469' title='bbox 1912 767 2081 822; x_wconf 90' lang='lat' dir='ltr'><strong>multo</strong></span> <span class='ocrx_word' id='word_1_470' title='bbox 2109 778 2218 823; x_wconf 89' lang='lat' dir='ltr'><strong>tum</strong></span> <span class='ocrx_word' id='word_1_471' title='bbox 2251 768 2490 839; x_wconf 86' lang='lat' dir='ltr'><strong>pluribus</strong></span> <span class='ocrx_word' id='word_1_472' title='bbox 2508 812 2524 836; x_wconf 97' lang='lat'><strong>,</strong></span> <span class='ocrx_word' id='word_1_473' title='bbox 2556 780 2667 826; x_wconf 90' lang='lat' dir='ltr'><strong>tum</strong></span> <span class='ocrx_word' id='word_1_474' title='bbox 2694 773 3180 833; x_wconf 86' lang='lat' dir='ltr'><strong>admirabilioribus</strong></span> <span class='ocrx_word' id='word_1_475' title='bbox 3204 794 3363 849; x_wconf 85' lang='lat' dir='ltr'><strong>quam</strong></span> <span class='ocrx_word' id='word_1_476' title='bbox 3392 790 3513 849; x_wconf 73' lang='lat' dir='ltr'><strong>qua:</strong></span> 
     </span>
    </p>
   </div>
   <div class='ocr_carea' id='block_1_67' title="bbox 1910 857 3509 941">
    <p class='ocr_par' dir='ltr' id='par_1_67' title="bbox 1910 857 3509 941">
     <span class='ocr_line' id='line_1_67' title="bbox 1910 857 3509 941; baseline 0.008 -27"><span class='ocrx_word' id='word_1_477' title='bbox 1910 870 2299 930; x_wconf 62' lang='lat' dir='ltr'><strong>praecesserant</strong></span> <span class='ocrx_word' id='word_1_478' title='bbox 2331 880 2343 915; x_wconf 91' lang='lat'><strong>:</strong></span> <span class='ocrx_word' id='word_1_479' title='bbox 2375 878 2440 917; x_wconf 91' lang='lat' dir='ltr'><strong>ac</strong></span> <span class='ocrx_word' id='word_1_480' title='bbox 2466 862 2700 919; x_wconf 83' lang='lat' dir='ltr'><strong>divinam</strong></span> <span class='ocrx_word' id='word_1_481' title='bbox 2731 857 2992 923; x_wconf 84' lang='lat' dir='ltr'><strong>visionem</strong></span> <span class='ocrx_word' id='word_1_482' title='bbox 3020 869 3285 933; x_wconf 84' lang='lat' dir='ltr'><strong>viderunt.</strong></span> <span class='ocrx_word' id='word_1_483' title='bbox 3314 882 3509 941; x_wconf 88' lang='lat' dir='ltr'><strong>quate-</strong></span> 
     </span>
    </p>
   </div>
   <div class='ocr_carea' id='block_1_68' title="bbox 1910 954 3510 1032">
    <p class='ocr_par' dir='ltr' id='par_1_68' title="bbox 1910 954 3510 1032">
     <span class='ocr_line' id='line_1_68' title="bbox 1910 954 3510 1032; baseline 0.007 -26"><span class='ocrx_word' id='word_1_484' title='bbox 1910 969 2010 1007; x_wconf 87' lang='lat' dir='ltr'><strong>nus</strong></span> <span class='ocrx_word' id='word_1_485' title='bbox 2037 954 2167 1023; x_wconf 87' lang='lat' dir='ltr'><strong>ipsis</strong></span> <span class='ocrx_word' id='word_1_486' title='bbox 2189 954 2375 1009; x_wconf 91' lang='lat' dir='ltr'><strong>videre</strong></span> <span class='ocrx_word' id='word_1_487' title='bbox 2410 956 2579 1012; x_wconf 91' lang='lat' dir='ltr'><strong>licuit.</strong></span> <span class='ocrx_word' id='word_1_488' title='bbox 2622 956 2805 1027; x_wconf 85' lang='lat' dir='ltr'><strong>itaque</strong></span> <span class='ocrx_word' id='word_1_489' title='bbox 2829 959 2993 1027; x_wconf 75' lang='lat' dir='ltr'><strong>dicite</strong></span> <span class='ocrx_word' id='word_1_490' title='bbox 3020 960 3151 1015; x_wconf 90' lang='lat' dir='ltr'><strong>mihi</strong></span> <span class='ocrx_word' id='word_1_491' title='bbox 3168 1002 3185 1027; x_wconf 89' lang='lat'><strong>,</strong></span> <span class='ocrx_word' id='word_1_492' title='bbox 3210 976 3377 1032; x_wconf 92' lang='lat' dir='ltr'><strong>quare</strong></span> <span class='ocrx_word' id='word_1_493' title='bbox 3403 977 3510 1017; x_wconf 91' lang='lat' dir='ltr'><strong>non</strong></span> 
     </span>
    </p>
   </div>
   <div class='ocr_carea' id='block_1_69' title="bbox 1910 1043 3512 1124">
    <p class='ocr_par' dir='ltr' id='par_1_69' title="bbox 1910 1043 3512 1124">
     <span class='ocr_line' id='line_1_69' title="bbox 1910 1043 3512 1124; baseline 0.006 -27"><span class='ocrx_word' id='word_1_494' title='bbox 1910 1043 2117 1099; x_wconf 88' lang='lat' dir='ltr'><strong>habetis</strong></span> <span class='ocrx_word' id='word_1_495' title='bbox 2145 1061 2287 1124; x_wconf 83' lang='lat' dir='ltr'><strong>nunc</strong></span> <span class='ocrx_word' id='word_1_496' title='bbox 2316 1047 2642 1116; x_wconf 84' lang='lat' dir='ltr'><strong>prophetas?</strong></span> <span class='ocrx_word' id='word_1_497' title='bbox 2671 1051 2863 1104; x_wconf 83' lang='lat' dir='ltr'><strong>Annon</strong></span> <span class='ocrx_word' id='word_1_498' title='bbox 2889 1051 3232 1121; x_wconf 77' lang='lat' dir='ltr'><strong>perSpicuum</strong></span> <span class='ocrx_word' id='word_1_499' title='bbox 3260 1063 3344 1108; x_wconf 91' lang='lat' dir='ltr'><strong>est</strong></span> <span class='ocrx_word' id='word_1_500' title='bbox 3374 1052 3512 1106; x_wconf 90' lang='lat' dir='ltr'><strong>hanc</strong></span> 
     </span>
    </p>
   </div>
   <div class='ocr_carea' id='block_1_70' title="bbox 1907 1141 3509 1209">
    <p class='ocr_par' dir='ltr' id='par_1_70' title="bbox 1907 1141 3509 1209">
     <span class='ocr_line' id='line_1_70' title="bbox 1907 1141 3509 1209; baseline 0.006 -18"><span class='ocrx_word' id='word_1_501' title='bbox 1907 1152 2027 1192; x_wconf 90' lang='lat' dir='ltr'><strong>esse</strong></span> <span class='ocrx_word' id='word_1_502' title='bbox 2074 1150 2327 1203; x_wconf 81' lang='lat' dir='ltr'><strong>causam,</strong></span> <span class='ocrx_word' id='word_1_503' title='bbox 2370 1141 2511 1209; x_wconf 90' lang='lat' dir='ltr'><strong>quod</strong></span> <span class='ocrx_word' id='word_1_504' title='bbox 2556 1141 2695 1196; x_wconf 87' lang='lat' dir='ltr'><strong>Deus</strong></span> <span class='ocrx_word' id='word_1_505' title='bbox 2732 1154 2905 1197; x_wconf 78' lang='lat' dir='ltr'><strong>vestra</strong></span> <span class='ocrx_word' id='word_1_506' title='bbox 2944 1153 3223 1199; x_wconf 87' lang='lat' dir='ltr'><strong>aversatus</strong></span> <span class='ocrx_word' id='word_1_507' title='bbox 3263 1146 3373 1198; x_wconf 82' lang='lat' dir='ltr'><strong>sit?</strong></span> <span class='ocrx_word' id='word_1_508' title='bbox 3403 1146 3509 1201; x_wconf 88' lang='lat' dir='ltr'><strong>Sed</strong></span> 
     </span>
    </p>
   </div>
   <div class='ocr_carea' id='block_1_71' title="bbox 1905 1228 3511 1296">
    <p class='ocr_par' dir='ltr' id='par_1_71' title="bbox 1905 1228 3511 1296">
     <span class='ocr_line' id='line_1_71' title="bbox 1905 1228 3511 1296; baseline 0.007 -17"><span class='ocrx_word' id='word_1_509' title='bbox 1905 1242 2066 1296; x_wconf 90' lang='lat' dir='ltr'><strong>quam</strong></span> <span class='ocrx_word' id='word_1_510' title='bbox 2094 1228 2167 1282; x_wconf 92' lang='lat' dir='ltr'><strong>ob</strong></span> <span class='ocrx_word' id='word_1_511' title='bbox 2200 1243 2415 1284; x_wconf 88' lang='lat' dir='ltr'><strong>causam</strong></span> <span class='ocrx_word' id='word_1_512' title='bbox 2446 1246 2542 1286; x_wconf 88' lang='lat' dir='ltr'><strong>vos</strong></span> <span class='ocrx_word' id='word_1_513' title='bbox 2576 1240 2853 1287; x_wconf 80' lang='lat' dir='ltr'><strong>aversatus</strong></span> <span class='ocrx_word' id='word_1_514' title='bbox 2889 1234 3007 1289; x_wconf 80' lang='lat' dir='ltr'><strong>est?</strong></span> <span class='ocrx_word' id='word_1_515' title='bbox 3040 1234 3256 1289; x_wconf 81' lang='lat' dir='ltr'><strong>Clarum</strong></span> <span class='ocrx_word' id='word_1_516' title='bbox 3296 1236 3424 1290; x_wconf 90' lang='lat' dir='ltr'><strong>item</strong></span> <span class='ocrx_word' id='word_1_517' title='bbox 3456 1247 3511 1291; x_wconf 87' lang='lat' dir='ltr'><strong>ct</strong></span> 
     </span>
    </p>
   </div>
   <div class='ocr_carea' id='block_1_72' title="bbox 1906 1317 3498 1397">
    <p class='ocr_par' dir='ltr' id='par_1_72' title="bbox 1906 1317 3498 1397">
     <span class='ocr_line' id='line_1_72' title="bbox 1906 1317 3498 1397; baseline 0.006 -26"><span class='ocrx_word' id='word_1_518' title='bbox 1906 1317 2008 1373; x_wconf 89' lang='lat' dir='ltr'><strong>hoc</strong></span> <span class='ocrx_word' id='word_1_519' title='bbox 2027 1360 2040 1382; x_wconf 89' lang='lat'><strong>,</strong></span> <span class='ocrx_word' id='word_1_520' title='bbox 2069 1321 2212 1390; x_wconf 91' lang='lat' dir='ltr'><strong>quod</strong></span> <span class='ocrx_word' id='word_1_521' title='bbox 2241 1321 2310 1375; x_wconf 90' lang='lat' dir='ltr'><strong>ob</strong></span> <span class='ocrx_word' id='word_1_522' title='bbox 2336 1321 2484 1375; x_wconf 92' lang='lat' dir='ltr'><strong>illum</strong></span> <span class='ocrx_word' id='word_1_523' title='bbox 2509 1322 2825 1397; x_wconf 78' lang='lat' dir='ltr'><strong>cruciﬁxum</strong></span> <span class='ocrx_word' id='word_1_524' title='bbox 2848 1366 2862 1389; x_wconf 90' lang='lat'><strong>,</strong></span> <span class='ocrx_word' id='word_1_525' title='bbox 2891 1334 2945 1379; x_wconf 91' lang='lat' dir='ltr'><strong>et</strong></span> <span class='ocrx_word' id='word_1_526' title='bbox 2976 1325 3196 1394; x_wconf 86' lang='lat' dir='ltr'><strong>impium</strong></span> <span class='ocrx_word' id='word_1_527' title='bbox 3225 1326 3351 1380; x_wconf 88' lang='lat' dir='ltr'><strong>illud</strong></span> <span class='ocrx_word' id='word_1_528' title='bbox 3384 1328 3498 1381; x_wconf 83' lang='lat' dir='ltr'><strong>faci-</strong></span> 
     </span>
    </p>
   </div>
   <div class='ocr_carea' id='block_1_73' title="bbox 1905 1410 3509 1485">
    <p class='ocr_par' dir='ltr' id='par_1_73' title="bbox 1905 1410 3509 1485">
     <span class='ocr_line' id='line_1_73' title="bbox 1905 1410 3509 1485; baseline 0.004 -22"><span class='ocrx_word' id='word_1_529' title='bbox 1905 1426 2024 1466; x_wconf 86' lang='lat' dir='ltr'><strong>nus.</strong></span> <span class='ocrx_word' id='word_1_530' title='bbox 2056 1410 2206 1468; x_wconf 85' lang='lat' dir='ltr'><strong>Unde</strong></span> <span class='ocrx_word' id='word_1_531' title='bbox 2233 1412 2337 1467; x_wconf 88' lang='lat' dir='ltr'><strong>hoc</strong></span> <span class='ocrx_word' id='word_1_532' title='bbox 2368 1415 2550 1483; x_wconf 80' lang='lat' dir='ltr'><strong>liquet,</strong></span> <span class='ocrx_word' id='word_1_533' title='bbox 2582 1413 2793 1483; x_wconf 75' lang='lat' dir='ltr'><strong>inquis?</strong></span> <span class='ocrx_word' id='word_1_534' title='bbox 2820 1415 2899 1469; x_wconf 77' lang='lat' dir='ltr'><strong>Ex</strong></span> <span class='ocrx_word' id='word_1_535' title='bbox 2939 1414 3058 1480; x_wconf 91' lang='lat' dir='ltr'><strong>hoc,</strong></span> <span class='ocrx_word' id='word_1_536' title='bbox 3090 1416 3231 1485; x_wconf 90' lang='lat' dir='ltr'><strong>quod</strong></span> <span class='ocrx_word' id='word_1_537' title='bbox 3257 1432 3378 1471; x_wconf 91' lang='lat' dir='ltr'><strong>cum</strong></span> <span class='ocrx_word' id='word_1_538' title='bbox 3409 1432 3509 1470; x_wconf 90' lang='lat' dir='ltr'><strong>an-</strong></span> 
     </span>
    </p>
   </div>
   <div class='ocr_carea' id='block_1_74' title="bbox 1905 1488 3510 1580">
    <p class='ocr_par' dir='ltr' id='par_1_74' title="bbox 1905 1488 3510 1580">
     <span class='ocr_line' id='line_1_74' title="bbox 1905 1488 3510 1580; baseline 0.006 -23"><span class='ocrx_word' id='word_1_539' title='bbox 1905 1505 2060 1558; x_wconf 89' lang='lat' dir='ltr'><strong>tehae</strong></span> <span class='ocrx_word' id='word_1_540' title='bbox 2102 1504 2264 1573; x_wconf 87' lang='lat' dir='ltr'><strong>impie</strong></span> <span class='ocrx_word' id='word_1_541' title='bbox 2305 1505 2590 1580; x_wconf 81' lang='lat' dir='ltr'><strong>viveretis,</strong></span> <span class='ocrx_word' id='word_1_542' title='bbox 2632 1488 2763 1559; x_wconf 76' lang='lat' dir='ltr'><strong>nihil</strong></span> <span class='ocrx_word' id='word_1_543' title='bbox 2808 1492 2934 1560; x_wconf 58' lang='lat' dir='ltr'><strong>non’</strong></span> <span class='ocrx_word' id='word_1_544' title='bbox 2959 1506 3323 1573; x_wconf 88' lang='lat' dir='ltr'><strong>obtinebatis;</strong></span> <span class='ocrx_word' id='word_1_545' title='bbox 3367 1524 3510 1566; x_wconf 84' lang='lat' dir='ltr'><strong>nunc</strong></span> 
     </span>
    </p>
   </div>
   <div class='ocr_carea' id='block_1_75' title="bbox 1903 1596 3504 1669">
    <p class='ocr_par' dir='ltr' id='par_1_75' title="bbox 1903 1596 3504 1669">
     <span class='ocr_line' id='line_1_75' title="bbox 1903 1596 3504 1669; baseline 0.005 -21"><span class='ocrx_word' id='word_1_546' title='bbox 1903 1612 2032 1651; x_wconf 88' lang='lat' dir='ltr'><strong>vero</strong></span> <span class='ocrx_word' id='word_1_547' title='bbox 2060 1612 2181 1652; x_wconf 89' lang='lat' dir='ltr'><strong>cum</strong></span> <span class='ocrx_word' id='word_1_548' title='bbox 2212 1596 2500 1653; x_wconf 85' lang='lat' dir='ltr'><strong>videamini</strong></span> <span class='ocrx_word' id='word_1_549' title='bbox 2539 1598 2839 1654; x_wconf 89' lang='lat' dir='ltr'><strong>modestius</strong></span> <span class='ocrx_word' id='word_1_550' title='bbox 2877 1598 3060 1654; x_wconf 86' lang='lat' dir='ltr'><strong>vivere</strong></span> <span class='ocrx_word' id='word_1_551' title='bbox 3096 1608 3217 1669; x_wconf 91' lang='lat' dir='ltr'><strong>post</strong></span> <span class='ocrx_word' id='word_1_552' title='bbox 3251 1616 3504 1667; x_wconf 89' lang='lat' dir='ltr'><strong>crucem,</strong></span> 
     </span>
    </p>
   </div>
   <div class='ocr_carea' id='block_1_76' title="bbox 1903 1687 3508 1760">
    <p class='ocr_par' dir='ltr' id='par_1_76' title="bbox 1903 1687 3508 1760">
     <span class='ocr_line' id='line_1_76' title="bbox 1903 1687 3508 1760; baseline 0.004 -21"><span class='ocrx_word' id='word_1_553' title='bbox 1903 1688 2133 1756; x_wconf 87' lang='lat' dir='ltr'><strong>majores</strong></span> <span class='ocrx_word' id='word_1_554' title='bbox 2166 1687 2311 1743; x_wconf 90' lang='lat' dir='ltr'><strong>luitis</strong></span> <span class='ocrx_word' id='word_1_555' title='bbox 2338 1703 2545 1759; x_wconf 68' lang='lat' dir='ltr'><strong>poenas,</strong></span> <span class='ocrx_word' id='word_1_556' title='bbox 2576 1705 2749 1758; x_wconf 88' lang='lat' dir='ltr'><strong>neque</strong></span> <span class='ocrx_word' id='word_1_557' title='bbox 2778 1690 3065 1760; x_wconf 89' lang='lat' dir='ltr'><strong>quidquam</strong></span> <span class='ocrx_word' id='word_1_558' title='bbox 3087 1705 3272 1746; x_wconf 88' lang='lat' dir='ltr'><strong>eorum</strong></span> <span class='ocrx_word' id='word_1_559' title='bbox 3293 1692 3508 1746; x_wconf 85' lang='lat' dir='ltr'><strong>coutin-</strong></span> 
     </span>
    </p>
   </div>
   <div class='ocr_carea' id='block_1_77' title="bbox 1898 1776 3156 1848">
    <p class='ocr_par' dir='ltr' id='par_1_77' title="bbox 1898 1776 3156 1848">
     <span class='ocr_line' id='line_1_77' title="bbox 1898 1776 3156 1848; baseline 0.004 -18"><span class='ocrx_word' id='word_1_560' title='bbox 1898 1777 1977 1847; x_wconf 89' lang='lat' dir='ltr'><strong>git</strong></span> <span class='ocrx_word' id='word_1_561' title='bbox 2002 1776 2221 1843; x_wconf 86' lang='lat' dir='ltr'><strong>habere,</strong></span> <span class='ocrx_word' id='word_1_562' title='bbox 2247 1791 2366 1848; x_wconf 66' lang='lat' dir='ltr'><strong>qum</strong></span> <span class='ocrx_word' id='word_1_563' title='bbox 2394 1780 2544 1848; x_wconf 90' lang='lat' dir='ltr'><strong>prius</strong></span> <span class='ocrx_word' id='word_1_564' title='bbox 2574 1780 2873 1835; x_wconf 89' lang='lat' dir='ltr'><strong>habebatis.</strong></span> <span class='ocrx_word' id='word_1_565' title='bbox 3150 1790 3156 1796; x_wconf 86' lang='lat'>&#39;</span> 
     </span>
    </p>
   </div>
   <div class='ocr_carea' id='block_1_78' title="bbox 1970 1868 3506 1943">
    <p class='ocr_par' dir='ltr' id='par_1_78' title="bbox 1970 1868 3506 1943">
     <span class='ocr_line' id='line_1_78' title="bbox 1970 1868 3506 1943; baseline 0.003 -20"><span class='ocrx_word' id='word_1_566' title='bbox 1970 1868 2024 1923; x_wconf 80' lang='lat'><strong>5.</strong></span> <span class='ocrx_word' id='word_1_567' title='bbox 2066 1868 2153 1922; x_wconf 76' lang='lat' dir='ltr'><strong>Ea:</strong></span> <span class='ocrx_word' id='word_1_568' title='bbox 2188 1870 2446 1940; x_wconf 75' lang='lat' dir='ltr'><strong>prophetis</strong></span> <span class='ocrx_word' id='word_1_569' title='bbox 2485 1871 2730 1941; x_wconf 81' lang='lat' dir='ltr'><strong>probatur</strong></span> <span class='ocrx_word' id='word_1_570' title='bbox 2760 1874 2937 1943; x_wconf 79' lang='lat' dir='ltr'><strong>futura</strong></span> <span class='ocrx_word' id='word_1_571' title='bbox 2968 1872 3257 1943; x_wconf 81' lang='lat' dir='ltr'><strong>reprobatie</strong></span> <span class='ocrx_word' id='word_1_572' title='bbox 3291 1872 3506 1927; x_wconf 70' lang='lat' dir='ltr'><strong>ludite-</strong></span> 
     </span>
    </p>
   </div>
   <div class='ocr_carea' id='block_1_79' title="bbox 1897 1960 3505 2034">
    <p class='ocr_par' dir='ltr' id='par_1_79' title="bbox 1897 1960 3505 2034">
     <span class='ocr_line' id='line_1_79' title="bbox 1897 1960 3505 2034; baseline 0.004 -21"><span class='ocrx_word' id='word_1_573' title='bbox 1897 1977 2033 2013; x_wconf 87' lang='lat' dir='ltr'><strong>rum.</strong></span> <span class='ocrx_word' id='word_1_574' title='bbox 2057 1990 2134 2002; x_wconf 85' lang='lat'><strong>--</strong></span> <span class='ocrx_word' id='word_1_575' title='bbox 2158 1960 2228 2017; x_wconf 95' lang='lat' dir='ltr'><strong>Ut</strong></span> <span class='ocrx_word' id='word_1_576' title='bbox 2254 1972 2431 2016; x_wconf 90' lang='lat' dir='ltr'><strong>autem</strong></span> <span class='ocrx_word' id='word_1_577' title='bbox 2454 1973 2517 2016; x_wconf 87' lang='lat' dir='ltr'><strong>et-</strong></span> <span class='ocrx_word' id='word_1_578' title='bbox 2538 1963 2664 2032; x_wconf 90' lang='lat' dir='ltr'><strong>ipsis</strong></span> <span class='ocrx_word' id='word_1_579' title='bbox 2694 1963 2977 2034; x_wconf 87' lang='lat' dir='ltr'><strong>prophetis</strong></span> <span class='ocrx_word' id='word_1_580' title='bbox 3013 1964 3116 2019; x_wconf 91' lang='lat' dir='ltr'><strong>hoc</strong></span> <span class='ocrx_word' id='word_1_581' title='bbox 3144 1965 3422 2022; x_wconf 90' lang='lat' dir='ltr'><strong>evidenter</strong></span> <span class='ocrx_word' id='word_1_582' title='bbox 3450 1976 3505 2022; x_wconf 91' lang='lat' dir='ltr'><strong>et</strong></span> 
     </span>
    </p>
   </div>
   <div class='ocr_carea' id='block_1_80' title="bbox 1895 2044 3502 2124">
    <p class='ocr_par' dir='ltr' id='par_1_80' title="bbox 1895 2044 3502 2124">
     <span class='ocr_line' id='line_1_80' title="bbox 1895 2044 3502 2124; baseline 0.002 -17"><span class='ocrx_word' id='word_1_583' title='bbox 1895 2044 2152 2123; x_wconf 82' lang='lat' dir='ltr'><strong>expresse</strong></span> <span class='ocrx_word' id='word_1_584' title='bbox 2174 2055 2599 2121; x_wconf 80' lang='lat' dir='ltr'><strong>testiiicantibus,</strong></span> <span class='ocrx_word' id='word_1_585' title='bbox 2630 2056 2972 2124; x_wconf 72' lang='lat' dir='ltr'><strong>prmsentium</strong></span> <span class='ocrx_word' id='word_1_586' title='bbox 2997 2057 3259 2111; x_wconf 89' lang='lat' dir='ltr'><strong>malorum</strong></span> <span class='ocrx_word' id='word_1_587' title='bbox 3284 2072 3502 2112; x_wconf 86' lang='lat' dir='ltr'><strong>causam</strong></span> 
     </span>
    </p>
   </div>
   <div class='ocr_carea' id='block_1_81' title="bbox 1897 2146 3500 2223">
    <p class='ocr_par' dir='ltr' id='par_1_81' title="bbox 1897 2146 3500 2223">
     <span class='ocr_line' id='line_1_81' title="bbox 1897 2146 3500 2223; baseline 0.002 -23"><span class='ocrx_word' id='word_1_588' title='bbox 1897 2146 2234 2223; x_wconf 89' lang='lat' dir='ltr'><strong>intelligatis,</strong></span> <span class='ocrx_word' id='word_1_589' title='bbox 2260 2148 2440 2203; x_wconf 90' lang='lat' dir='ltr'><strong>audite</strong></span> <span class='ocrx_word' id='word_1_590' title='bbox 2466 2147 2593 2217; x_wconf 90' lang='lat' dir='ltr'><strong>quid</strong></span> <span class='ocrx_word' id='word_1_591' title='bbox 2641 2146 2775 2202; x_wconf 88' lang='lat' dir='ltr'><strong>dicit</strong></span> <span class='ocrx_word' id='word_1_592' title='bbox 2819 2146 3017 2214; x_wconf 85' lang='lat' dir='ltr'><strong>Isaias,</strong></span> <span class='ocrx_word' id='word_1_593' title='bbox 3046 2148 3316 2219; x_wconf 92' lang='lat' dir='ltr'><strong>quomodo</strong></span> <span class='ocrx_word' id='word_1_594' title='bbox 3358 2164 3500 2218; x_wconf 68' lang='lat' dir='ltr'><strong>prae-</strong></span> 
     </span>
    </p>
   </div>
   <div class='ocr_carea' id='block_1_82' title="bbox 1896 2238 3501 2313">
    <p class='ocr_par' dir='ltr' id='par_1_82' title="bbox 1896 2238 3501 2313">
     <span class='ocr_line' id='line_1_82' title="bbox 1896 2238 3501 2313; baseline 0.001 -21"><span class='ocrx_word' id='word_1_595' title='bbox 1896 2238 2026 2293; x_wconf 90' lang='lat' dir='ltr'><strong>dicit</strong></span> <span class='ocrx_word' id='word_1_596' title='bbox 2056 2239 2213 2313; x_wconf 83' lang='lat' dir='ltr'><strong>simul</strong></span> <span class='ocrx_word' id='word_1_597' title='bbox 2243 2247 2297 2293; x_wconf 88' lang='lat' dir='ltr'><strong>et</strong></span> <span class='ocrx_word' id='word_1_598' title='bbox 2324 2249 2604 2294; x_wconf 88' lang='lat' dir='ltr'><strong>venturam</strong></span> <span class='ocrx_word' id='word_1_599' title='bbox 2631 2239 2880 2295; x_wconf 90' lang='lat' dir='ltr'><strong>omnibus</strong></span> <span class='ocrx_word' id='word_1_600' title='bbox 2910 2256 3007 2310; x_wconf 90' lang='lat' dir='ltr'><strong>per</strong></span> <span class='ocrx_word' id='word_1_601' title='bbox 3032 2240 3303 2295; x_wconf 90' lang='lat' dir='ltr'><strong>Christum</strong></span> <span class='ocrx_word' id='word_1_602' title='bbox 3333 2242 3501 2296; x_wconf 89' lang='lat' dir='ltr'><strong>bene-</strong></span> 
     </span>
    </p>
   </div>
   <div class='ocr_carea' id='block_1_83' title="bbox 1896 2332 3499 2403">
    <p class='ocr_par' dir='ltr' id='par_1_83' title="bbox 1896 2332 3499 2403">
     <span class='ocr_line' id='line_1_83' title="bbox 1896 2332 3499 2403; baseline 0.001 -17"><span class='ocrx_word' id='word_1_603' title='bbox 1896 2332 2195 2399; x_wconf 72' lang='lat' dir='ltr'><strong>llcentiam&#39;,</strong></span> <span class='ocrx_word' id='word_1_604' title='bbox 2223 2341 2277 2401; x_wconf 80' lang='lat' dir='ltr'><strong>et</strong></span> <span class='ocrx_word' id='word_1_605' title='bbox 2301 2342 2535 2387; x_wconf 84' lang='lat' dir='ltr'><strong>vestram</strong></span> <span class='ocrx_word' id='word_1_606' title='bbox 2565 2332 3022 2402; x_wconf 88' lang='lat' dir='ltr'><strong>iugratitudinem.</strong></span> <span class='ocrx_word' id='word_1_607' title='bbox 3052 2333 3268 2398; x_wconf 76' lang='lat' dir='ltr'><strong>Licere,</strong></span> <span class='ocrx_word' id='word_1_608' title='bbox 3300 2334 3499 2403; x_wconf 83' lang='lat' dir='ltr'><strong>inquit.</strong></span> 
     </span>
    </p>
   </div>
   <div class='ocr_carea' id='block_1_84' title="bbox 1894 2420 3503 2493">
    <p class='ocr_par' dir='ltr' id='par_1_84' title="bbox 1894 2420 3503 2493">
     <span class='ocr_line' id='line_1_84' title="bbox 1894 2420 3503 2493; baseline 0.001 -17"><span class='ocrx_word' id='word_1_609' title='bbox 1894 2424 2003 2493; x_wconf 86' lang='lat' dir='ltr'><strong>ejus</strong></span> <span class='ocrx_word' id='word_1_610' title='bbox 2042 2438 2135 2477; x_wconf 90' lang='lat' dir='ltr'><strong>nos</strong></span> <span class='ocrx_word' id='word_1_611' title='bbox 2179 2423 2349 2476; x_wconf 81' lang='lat' dir='ltr'><strong>sanati</strong></span> <span class='ocrx_word' id='word_1_612' title='bbox 2388 2439 2561 2477; x_wconf 88' lang='lat' dir='ltr'><strong>sumus</strong></span> <span class='ocrx_word' id='word_1_613' title='bbox 2588 2420 2699 2492; x_wconf 87' lang='lat' dir='ltr'><strong>(Is.</strong></span> <span class='ocrx_word' id='word_1_614' title='bbox 2726 2422 2817 2478; x_wconf 81' lang='grc'><strong>55.</strong></span> <span class='ocrx_word' id='word_1_615' title='bbox 2846 2423 2919 2492; x_wconf 84' lang='grc'><strong>5)</strong></span> <span class='ocrx_word' id='word_1_616' title='bbox 2949 2441 2964 2478; x_wconf 91' lang='lat'><strong>:</strong></span> <span class='ocrx_word' id='word_1_617' title='bbox 2991 2424 3219 2477; x_wconf 87' lang='lat' dir='ltr'><strong>salutem</strong></span> <span class='ocrx_word' id='word_1_618' title='bbox 3261 2422 3503 2478; x_wconf 76' lang='lat' dir='ltr'><strong>indiCans</strong></span> 
     </span>
    </p>
   </div>
   <div class='ocr_carea' id='block_1_85' title="bbox 1894 2514 3503 2584">
    <p class='ocr_par' dir='ltr' id='par_1_85' title="bbox 1894 2514 3503 2584">
     <span class='ocr_line' id='line_1_85' title="bbox 1894 2514 3503 2584; baseline 0.001 -16"><span class='ocrx_word' id='word_1_619' title='bbox 1894 2529 1989 2584; x_wconf 88' lang='lat' dir='ltr'><strong>per</strong></span> <span class='ocrx_word' id='word_1_620' title='bbox 2016 2529 2232 2569; x_wconf 89' lang='lat' dir='ltr'><strong>erucem</strong></span> <span class='ocrx_word' id='word_1_621' title='bbox 2276 2514 2529 2569; x_wconf 91' lang='lat' dir='ltr'><strong>omnibus</strong></span> <span class='ocrx_word' id='word_1_622' title='bbox 2571 2514 2827 2570; x_wconf 88' lang='lat' dir='ltr'><strong>oblatam.</strong></span> <span class='ocrx_word' id='word_1_623' title='bbox 2873 2514 3073 2569; x_wconf 87' lang='lat' dir='ltr'><strong>Deinde</strong></span> <span class='ocrx_word' id='word_1_624' title='bbox 3110 2515 3297 2584; x_wconf 85' lang='lat' dir='ltr'><strong>quales</strong></span> <span class='ocrx_word' id='word_1_625' title='bbox 3334 2516 3503 2569; x_wconf 88' lang='lat' dir='ltr'><strong>simus</strong></span> 
     </span>
    </p>
   </div>
   <div class='ocr_carea' id='block_1_86' title="bbox 1894 2606 3497 2674">
    <p class='ocr_par' dir='ltr' id='par_1_86' title="bbox 1894 2606 3497 2674">
     <span class='ocr_line' id='line_1_86' title="bbox 1894 2606 3497 2674; baseline 0.002 -15"><span class='ocrx_word' id='word_1_626' title='bbox 1894 2622 1993 2661; x_wconf 89' lang='lat' dir='ltr'><strong>nos</strong></span> <span class='ocrx_word' id='word_1_627' title='bbox 2034 2606 2311 2672; x_wconf 90' lang='lat' dir='ltr'><strong>indicans,</strong></span> <span class='ocrx_word' id='word_1_628' title='bbox 2345 2606 2575 2674; x_wconf 85' lang='lat' dir='ltr'><strong>subjecit</strong></span> <span class='ocrx_word' id='word_1_629' title='bbox 2605 2625 2618 2660; x_wconf 91' lang='lat'><strong>:</strong></span> <span class='ocrx_word' id='word_1_630' title='bbox 2654 2606 2842 2660; x_wconf 85' lang='lat' dir='ltr'><strong>Omnes</strong></span> <span class='ocrx_word' id='word_1_631' title='bbox 2877 2615 2933 2660; x_wconf 88' lang='lat' dir='ltr'><strong>ut</strong></span> <span class='ocrx_word' id='word_1_632' title='bbox 2970 2623 3084 2661; x_wconf 83' lang='lat' dir='ltr'><strong>oves</strong></span> <span class='ocrx_word' id='word_1_633' title='bbox 3118 2607 3463 2663; x_wconf 69' lang='lat' dir='ltr'><strong>aberravimus</strong></span> <span class='ocrx_word' id='word_1_634' title='bbox 3484 2652 3497 2671; x_wconf 82' lang='lat'><strong>,</strong></span> 
     </span>
    </p>
   </div>
   <div class='ocr_carea' id='block_1_87' title="bbox 1892 2696 3496 2769">
    <p class='ocr_par' dir='ltr' id='par_1_87' title="bbox 1892 2696 3496 2769">
     <span class='ocr_line' id='line_1_87' title="bbox 1892 2696 3496 2769; baseline 0.002 -19"><span class='ocrx_word' id='word_1_635' title='bbox 1892 2697 2042 2750; x_wconf 86' lang='lat' dir='ltr'><strong>homo</strong></span> <span class='ocrx_word' id='word_1_636' title='bbox 2072 2697 2124 2750; x_wconf 88' lang='lat' dir='ltr'><strong>in</strong></span> <span class='ocrx_word' id='word_1_637' title='bbox 2150 2696 2231 2750; x_wconf 82' lang='lat' dir='ltr'><strong>via</strong></span> <span class='ocrx_word' id='word_1_638' title='bbox 2258 2712 2352 2751; x_wconf 87' lang='lat' dir='ltr'><strong>sua</strong></span> <span class='ocrx_word' id='word_1_639' title='bbox 2378 2698 2560 2750; x_wconf 85' lang='lat' dir='ltr'><strong>erravit</strong></span> <span class='ocrx_word' id='word_1_640' title='bbox 2587 2696 2693 2769; x_wconf 89' lang='lat' dir='ltr'><strong>(Ib.</strong></span> <span class='ocrx_word' id='word_1_641' title='bbox 2722 2715 2771 2751; x_wconf 82' lang='grc' dir='ltr'><strong>υ.</strong></span> <span class='ocrx_word' id='word_1_642' title='bbox 2802 2698 2878 2766; x_wconf 82' lang='grc'><strong>6).</strong></span> <span class='ocrx_word' id='word_1_643' title='bbox 2910 2698 3045 2751; x_wconf 92' lang='lat' dir='ltr'><strong>Tum</strong></span> <span class='ocrx_word' id='word_1_644' title='bbox 3075 2699 3247 2753; x_wconf 89' lang='lat' dir='ltr'><strong>crucis</strong></span> <span class='ocrx_word' id='word_1_645' title='bbox 3279 2700 3496 2754; x_wconf 90' lang='lat' dir='ltr'><strong>modqu</strong></span> 
     </span>
    </p>
   </div>
   <div class='ocr_carea' id='block_1_88' title="bbox 1892 2787 3500 2857">
    <p class='ocr_par' dir='ltr' id='par_1_88' title="bbox 1892 2787 3500 2857">
     <span class='ocr_line' id='line_1_88' title="bbox 1892 2787 3500 2857; baseline 0.001 -15"><span class='ocrx_word' id='word_1_646' title='bbox 1892 2787 2170 2855; x_wconf 84' lang='lat' dir='ltr'><strong>explicans</strong></span> <span class='ocrx_word' id='word_1_647' title='bbox 2195 2829 2209 2853; x_wconf 92' lang='lat'><strong>,</strong></span> <span class='ocrx_word' id='word_1_648' title='bbox 2242 2789 2320 2842; x_wconf 92' lang='lat' dir='ltr'><strong>sic</strong></span> <span class='ocrx_word' id='word_1_649' title='bbox 2358 2788 2592 2857; x_wconf 88' lang='lat' dir='ltr'><strong>loquitur</strong></span> <span class='ocrx_word' id='word_1_650' title='bbox 2623 2806 2637 2841; x_wconf 91' lang='lat'>:</span> <span class='ocrx_word' id='word_1_651' title='bbox 2670 2789 2816 2841; x_wconf 84' lang='lat' dir='ltr'><strong>Sicut</strong></span> <span class='ocrx_word' id='word_1_652' title='bbox 2846 2789 2949 2843; x_wconf 83' lang='lat' dir='ltr'><strong>ovis</strong></span> <span class='ocrx_word' id='word_1_653' title='bbox 2976 2789 3046 2841; x_wconf 88' lang='lat' dir='ltr'><strong>ad</strong></span> <span class='ocrx_word' id='word_1_654' title='bbox 3073 2788 3371 2843; x_wconf 79' lang='lat' dir='ltr'><strong>occisionem</strong></span> <span class='ocrx_word' id='word_1_655' title='bbox 3400 2791 3500 2843; x_wconf 83' lang='lat' dir='ltr'><strong>du-</strong></span> 
     </span>
    </p>
   </div>
   <div class='ocr_carea' id='block_1_89' title="bbox 1891 2874 3502 2949">
    <p class='ocr_par' dir='ltr' id='par_1_89' title="bbox 1891 2874 3502 2949">
     <span class='ocr_line' id='line_1_89' title="bbox 1891 2874 3502 2949; baseline 0.002 -19"><span class='ocrx_word' id='word_1_656' title='bbox 1891 2888 2003 2932; x_wconf 86' lang='lat' dir='ltr'><strong>ctus</strong></span> <span class='ocrx_word' id='word_1_657' title='bbox 2030 2886 2133 2942; x_wconf 87' lang='lat' dir='ltr'><strong>est,</strong></span> <span class='ocrx_word' id='word_1_658' title='bbox 2165 2888 2209 2931; x_wconf 89' lang='lat' dir='ltr'><strong>et</strong></span> <span class='ocrx_word' id='word_1_659' title='bbox 2238 2888 2293 2930; x_wconf 87' lang='lat' dir='ltr'><strong>ut</strong></span> <span class='ocrx_word' id='word_1_660' title='bbox 2322 2888 2484 2949; x_wconf 82' lang='lat' dir='ltr'><strong>aguu‘s</strong></span> <span class='ocrx_word' id='word_1_661' title='bbox 2513 2879 2565 2931; x_wconf 86' lang='lat' dir='ltr'><strong>in</strong></span> <span class='ocrx_word' id='word_1_662' title='bbox 2592 2874 2866 2949; x_wconf 80' lang='lat' dir='ltr'><strong>conspectu</strong></span> <span class='ocrx_word' id='word_1_663' title='bbox 2906 2879 3157 2933; x_wconf 86' lang='lat' dir='ltr'><strong>tondentis</strong></span> <span class='ocrx_word' id='word_1_664' title='bbox 3196 2882 3363 2948; x_wconf 84' lang='lat' dir='ltr'><strong>ipsum</strong></span> <span class='ocrx_word' id='word_1_665' title='bbox 3391 2883 3502 2934; x_wconf 85' lang='lat' dir='ltr'><strong>sine</strong></span> 
     </span>
    </p>
   </div>
   <div class='ocr_carea' id='block_1_90' title="bbox 1889 2968 3500 3042">
    <p class='ocr_par' dir='ltr' id='par_1_90' title="bbox 1889 2968 3500 3042">
     <span class='ocr_line' id='line_1_90' title="bbox 1889 2968 3500 3042; baseline 0.001 -18"><span class='ocrx_word' id='word_1_666' title='bbox 1889 2986 2010 3024; x_wconf 83' lang='lat' dir='ltr'><strong>voce</strong></span> <span class='ocrx_word' id='word_1_667' title='bbox 2049 2970 2173 3042; x_wconf 79' lang='lat' dir='ltr'><strong>fuit,</strong></span> <span class='ocrx_word' id='word_1_668' title='bbox 2206 2971 2279 3023; x_wconf 89' lang='lat' dir='ltr'><strong>sic</strong></span> <span class='ocrx_word' id='word_1_669' title='bbox 2308 2987 2409 3023; x_wconf 89' lang='lat' dir='ltr'><strong>non</strong></span> <span class='ocrx_word' id='word_1_670' title='bbox 2448 2971 2611 3040; x_wconf 83' lang='lat' dir='ltr'><strong>aperit</strong></span> <span class='ocrx_word' id='word_1_671' title='bbox 2648 2987 2704 3025; x_wconf 86' lang='lat' dir='ltr'><strong>os</strong></span> <span class='ocrx_word' id='word_1_672' title='bbox 2747 2987 2914 3023; x_wconf 87' lang='lat' dir='ltr'><strong>suum.</strong></span> <span class='ocrx_word' id='word_1_673' title='bbox 2953 2968 3022 3023; x_wconf 85' lang='lat' dir='ltr'><strong>In</strong></span> <span class='ocrx_word' id='word_1_674' title='bbox 3060 2972 3345 3024; x_wconf 83' lang='lat' dir='ltr'><strong>humilitate</strong></span> <span class='ocrx_word' id='word_1_675' title='bbox 3390 2972 3500 3041; x_wconf 77' lang='lat' dir='ltr'><strong>ejus</strong></span> 
     </span>
    </p>
   </div>
   <div class='ocr_carea' id='block_1_91' title="bbox 1880 3061 3499 3133">
    <p class='ocr_par' dir='ltr' id='par_1_91' title="bbox 1880 3061 3499 3133">
     <span class='ocr_line' id='line_1_91' title="bbox 1880 3061 3499 3133; baseline 0.001 -18"><span class='ocrx_word' id='word_1_676' title='bbox 1880 3061 2137 3132; x_wconf 85' lang='lat' dir='ltr'><strong>judicium</strong></span> <span class='ocrx_word' id='word_1_677' title='bbox 2177 3063 2286 3132; x_wconf 84' lang='lat' dir='ltr'><strong>ejus</strong></span> <span class='ocrx_word' id='word_1_678' title='bbox 2324 3062 2578 3116; x_wconf 86' lang='lat' dir='ltr'><strong>sublatum</strong></span> <span class='ocrx_word' id='word_1_679' title='bbox 2618 3072 2692 3116; x_wconf 88' lang='lat' dir='ltr'><strong>est</strong></span> <span class='ocrx_word' id='word_1_680' title='bbox 2719 3063 2738 3132; x_wconf 94' lang='lat'>(</span> <span class='ocrx_word' id='word_1_681' title='bbox 2758 3062 2839 3116; x_wconf 88' lang='lat' dir='ltr'><strong>Ib.</strong></span> <span class='ocrx_word' id='word_1_682' title='bbox 2870 3079 2919 3116; x_wconf 85' lang='grc' dir='ltr'><strong>υ.</strong></span> <span class='ocrx_word' id='word_1_683' title='bbox 2956 3063 3008 3115; x_wconf 87' lang='grc'><strong>7.</strong></span> <span class='ocrx_word' id='word_1_684' title='bbox 3039 3062 3133 3133; x_wconf 86' lang='grc'><strong>8).</strong></span> <span class='ocrx_word' id='word_1_685' title='bbox 3167 3063 3231 3116; x_wconf 88' lang='lat' dir='ltr'><strong>Et</strong></span> <span class='ocrx_word' id='word_1_686' title='bbox 3260 3062 3348 3116; x_wconf 92' lang='lat' dir='ltr'><strong>ubi</strong></span> <span class='ocrx_word' id='word_1_687' title='bbox 3383 3063 3499 3117; x_wconf 65' lang='lat' dir='ltr'><strong>haec</strong></span> 
     </span>
    </p>
   </div>
   <div class='ocr_carea' id='block_1_92' title="bbox 1890 3153 3495 3223">
    <p class='ocr_par' dir='ltr' id='par_1_92' title="bbox 1890 3153 3495 3223">
     <span class='ocr_line' id='line_1_92' title="bbox 1890 3153 3495 3223; baseline -0.002 -14"><span class='ocrx_word' id='word_1_688' title='bbox 1890 3154 2135 3210; x_wconf 87' lang='lat' dir='ltr'><strong>evenisse</strong></span> <span class='ocrx_word' id='word_1_689' title='bbox 2164 3154 2288 3208; x_wconf 91' lang='lat' dir='ltr'><strong>licet</strong></span> <span class='ocrx_word' id='word_1_690' title='bbox 2313 3153 2533 3209; x_wconf 85' lang='lat' dir='ltr'><strong>videre?</strong></span> <span class='ocrx_word' id='word_1_691' title='bbox 2560 3154 2615 3208; x_wconf 89' lang='lat' dir='ltr'><strong>lu</strong></span> <span class='ocrx_word' id='word_1_692' title='bbox 2648 3154 2852 3208; x_wconf 81' lang='lat' dir='ltr'><strong>nefario</strong></span> <span class='ocrx_word' id='word_1_693' title='bbox 2878 3155 3129 3223; x_wconf 65' lang='lat' dir='ltr'><strong>praetorio</strong></span> <span class='ocrx_word' id='word_1_694' title='bbox 3156 3154 3333 3208; x_wconf 89' lang='lat' dir='ltr'><strong>Pilati.</strong></span> <span class='ocrx_word' id='word_1_695' title='bbox 3361 3156 3495 3209; x_wconf 85' lang='lat' dir='ltr'><strong>Cum</strong></span> 
     </span>
    </p>
   </div>
   <div class='ocr_carea' id='block_1_93' title="bbox 1889 3234 3499 3315">
    <p class='ocr_par' dir='ltr' id='par_1_93' title="bbox 1889 3234 3499 3315">
     <span class='ocr_line' id='line_1_93' title="bbox 1889 3234 3499 3315; baseline -0.001 -15"><span class='ocrx_word' id='word_1_696' title='bbox 1889 3245 2033 3300; x_wconf 90' lang='lat' dir='ltr'><strong>enim</strong></span> <span class='ocrx_word' id='word_1_697' title='bbox 2065 3254 2173 3300; x_wconf 80' lang='lat' dir='ltr'><strong>tam</strong></span> <span class='ocrx_word' id='word_1_698' title='bbox 2206 3246 2389 3308; x_wconf 89' lang='lat' dir='ltr'><strong>multa,</strong></span> <span class='ocrx_word' id='word_1_699' title='bbox 2416 3245 2605 3313; x_wconf 86' lang='lat' dir='ltr'><strong>inquit,</strong></span> <span class='ocrx_word' id='word_1_700' title='bbox 2640 3246 2944 3299; x_wconf 89' lang='lat' dir='ltr'><strong>testimonia</strong></span> <span class='ocrx_word' id='word_1_701' title='bbox 2972 3234 3276 3315; x_wconf 84' lang='lat' dir='ltr'><strong>proferrent</strong></span> <span class='ocrx_word' id='word_1_702' title='bbox 3303 3244 3499 3300; x_wconf 84' lang='lat' dir='ltr'><strong>adver-</strong></span> 
     </span>
    </p>
   </div>
   <div class='ocr_carea' id='block_1_94' title="bbox 1889 3337 3495 3409">
    <p class='ocr_par' dir='ltr' id='par_1_94' title="bbox 1889 3337 3495 3409">
     <span class='ocr_line' id='line_1_94' title="bbox 1889 3337 3495 3409; baseline 0.001 -18"><span class='ocrx_word' id='word_1_703' title='bbox 1889 3353 1982 3392; x_wconf 91' lang='lat' dir='ltr'><strong>sus</strong></span> <span class='ocrx_word' id='word_1_704' title='bbox 2008 3338 2205 3409; x_wconf 89' lang='lat' dir='ltr'><strong>ipsum,</strong></span> <span class='ocrx_word' id='word_1_705' title='bbox 2233 3337 2363 3391; x_wconf 90' lang='lat' dir='ltr'><strong>nihil</strong></span> <span class='ocrx_word' id='word_1_706' title='bbox 2394 3337 2471 3391; x_wconf 91' lang='lat' dir='ltr'><strong>eis</strong></span> <span class='ocrx_word' id='word_1_707' title='bbox 2500 3337 2776 3406; x_wconf 83' lang='lat' dir='ltr'><strong>respondit</strong></span> <span class='ocrx_word' id='word_1_708' title='bbox 2804 3338 2981 3393; x_wconf 79' lang='lat' dir='ltr'><strong>Jesus.</strong></span> <span class='ocrx_word' id='word_1_709' title='bbox 3008 3339 3071 3392; x_wconf 83' lang='lat' dir='ltr'><strong>Et</strong></span> <span class='ocrx_word' id='word_1_710' title='bbox 3096 3338 3231 3392; x_wconf 75' lang='lat' dir='ltr'><strong>dixit</strong></span> <span class='ocrx_word' id='word_1_711' title='bbox 3253 3338 3320 3391; x_wconf 91' lang='lat' dir='ltr'><strong>ad</strong></span> <span class='ocrx_word' id='word_1_712' title='bbox 3348 3338 3495 3392; x_wconf 90' lang='lat' dir='ltr'><strong>illum</strong></span> 
     </span>
    </p>
   </div>
   <div class='ocr_carea' id='block_1_95' title="bbox 1891 3426 3494 3499">
    <p class='ocr_par' dir='ltr' id='par_1_95' title="bbox 1891 3426 3494 3499">
     <span class='ocr_line' id='line_1_95' title="bbox 1891 3426 3494 3499; baseline 0 -18"><span class='ocrx_word' id='word_1_713' title='bbox 1891 3427 2095 3489; x_wconf 62' lang='lat' dir='ltr'><strong>Praeses</strong></span> <span class='ocrx_word' id='word_1_714' title='bbox 2114 3469 2130 3492; x_wconf 87' lang='lat'><strong>,</strong></span> <span class='ocrx_word' id='word_1_715' title='bbox 2159 3428 2320 3481; x_wconf 79' lang='lat' dir='ltr'><strong>Audis</strong></span> <span class='ocrx_word' id='word_1_716' title='bbox 2345 3443 2496 3497; x_wconf 86' lang='lat' dir='ltr'><strong>quam</strong></span> <span class='ocrx_word' id='word_1_717' title='bbox 2527 3427 2688 3482; x_wconf 84' lang='lat' dir='ltr'><strong>multa</strong></span> <span class='ocrx_word' id='word_1_718' title='bbox 2728 3429 2783 3481; x_wconf 86' lang='lat' dir='ltr'><strong>in</strong></span> <span class='ocrx_word' id='word_1_719' title='bbox 2821 3438 2869 3481; x_wconf 85' lang='lat' dir='ltr'><strong>te</strong></span> <span class='ocrx_word' id='word_1_720' title='bbox 2901 3429 3231 3497; x_wconf 73' lang='lat' dir='ltr'><strong>testiﬁcantur</strong></span> <span class='ocrx_word' id='word_1_721' title='bbox 3259 3428 3279 3499; x_wconf 96' lang='lat'><strong>(</strong></span> <span class='ocrx_word' id='word_1_722' title='bbox 3307 3426 3494 3481; x_wconf 78' lang='lat' dir='ltr'><strong>Matth.</strong></span> 
     </span>
    </p>
   </div>
   <div class='ocr_carea' id='block_1_96' title="bbox 1887 3518 3495 3592">
    <p class='ocr_par' dir='ltr' id='par_1_96' title="bbox 1887 3518 3495 3592">
     <span class='ocr_line' id='line_1_96' title="bbox 1887 3518 3495 3592; baseline 0.002 -19"><span class='ocrx_word' id='word_1_723' title='bbox 1887 3519 1977 3573; x_wconf 80' lang='lat'><strong>27.</strong></span> <span class='ocrx_word' id='word_1_724' title='bbox 2024 3518 2153 3592; x_wconf 76' lang='lat' dir='ltr'><strong>i3)?</strong></span> <span class='ocrx_word' id='word_1_725' title='bbox 2197 3520 2395 3574; x_wconf 84' lang='lat' dir='ltr'><strong>Verum</strong></span> <span class='ocrx_word' id='word_1_726' title='bbox 2442 3519 2573 3572; x_wconf 91' lang='lat' dir='ltr'><strong>nihil</strong></span> <span class='ocrx_word' id='word_1_727' title='bbox 2615 3520 2917 3589; x_wconf 80' lang='lat' dir='ltr'><strong>respondit,</strong></span> <span class='ocrx_word' id='word_1_728' title='bbox 2947 3520 3042 3575; x_wconf 88' lang='lat' dir='ltr'><strong>sed</strong></span> <span class='ocrx_word' id='word_1_729' title='bbox 3074 3522 3495 3576; x_wconf 31' lang='lat' dir='ltr'><strong>stabat‘tacitus.</strong></span> 
     </span>
    </p>
   </div>
   <div class='ocr_carea' id='block_1_97' title="bbox 1889 3602 3496 3682">
    <p class='ocr_par' dir='ltr' id='par_1_97' title="bbox 1889 3602 3496 3682">
     <span class='ocr_line' id='line_1_97' title="bbox 1889 3602 3496 3682; baseline 0.004 -17"><span class='ocrx_word' id='word_1_730' title='bbox 1889 3612 2002 3666; x_wconf 89' lang='lat' dir='ltr'><strong>lloc</strong></span> <span class='ocrx_word' id='word_1_731' title='bbox 2026 3611 2153 3665; x_wconf 90' lang='lat' dir='ltr'><strong>olim</strong></span> <span class='ocrx_word' id='word_1_732' title='bbox 2182 3612 2385 3666; x_wconf 83' lang='lat' dir='ltr'><strong>caelitus</strong></span> <span class='ocrx_word' id='word_1_733' title='bbox 2406 3612 2616 3667; x_wconf 82' lang='lat' dir='ltr'><strong>amatus</strong></span> <span class='ocrx_word' id='word_1_734' title='bbox 2642 3613 2899 3682; x_wconf 76' lang='lat' dir='ltr'><strong>propheta</strong></span> <span class='ocrx_word' id='word_1_735' title='bbox 2926 3614 3137 3669; x_wconf 79' lang='lat' dir='ltr'><strong>dixerat</strong></span> <span class='ocrx_word' id='word_1_736' title='bbox 3168 3632 3182 3671; x_wconf 89' lang='lat'><strong>:</strong></span> <span class='ocrx_word' id='word_1_737' title='bbox 3215 3602 3363 3670; x_wconf 86' lang='lat' dir='ltr'><strong>Sicut</strong></span> <span class='ocrx_word' id='word_1_738' title='bbox 3388 3618 3496 3671; x_wconf 83' lang='lat' dir='ltr'><strong>ovis</strong></span> 
     </span>
    </p>
   </div>
   <div class='ocr_carea' id='block_1_98' title="bbox 1887 3703 3494 3775">
    <p class='ocr_par' dir='ltr' id='par_1_98' title="bbox 1887 3703 3494 3775">
     <span class='ocr_line' id='line_1_98' title="bbox 1887 3703 3494 3775; baseline 0.002 -18"><span class='ocrx_word' id='word_1_739' title='bbox 1887 3703 1956 3757; x_wconf 88' lang='lat' dir='ltr'><strong>ad</strong></span> <span class='ocrx_word' id='word_1_740' title='bbox 1986 3704 2285 3756; x_wconf 83' lang='lat' dir='ltr'><strong>occisionem</strong></span> <span class='ocrx_word' id='word_1_741' title='bbox 2312 3703 2491 3757; x_wconf 86' lang='lat' dir='ltr'><strong>ductus</strong></span> <span class='ocrx_word' id='word_1_742' title='bbox 2516 3712 2625 3768; x_wconf 91' lang='lat' dir='ltr'><strong>est,</strong></span> <span class='ocrx_word' id='word_1_743' title='bbox 2660 3713 2705 3756; x_wconf 87' lang='lat' dir='ltr'><strong>et</strong></span> <span class='ocrx_word' id='word_1_744' title='bbox 2731 3705 2860 3757; x_wconf 86' lang='lat' dir='ltr'><strong>sicut</strong></span> <span class='ocrx_word' id='word_1_745' title='bbox 2884 3721 3045 3775; x_wconf 84' lang='lat' dir='ltr'><strong>agnus</strong></span> <span class='ocrx_word' id='word_1_746' title='bbox 3070 3720 3246 3758; x_wconf 84' lang='lat' dir='ltr'><strong>coram</strong></span> <span class='ocrx_word' id='word_1_747' title='bbox 3287 3723 3342 3760; x_wconf 91' lang='lat' dir='ltr'><strong>se</strong></span> <span class='ocrx_word' id='word_1_748' title='bbox 3376 3716 3494 3760; x_wconf 89' lang='lat' dir='ltr'><strong>tou-</strong></span> 
     </span>
    </p>
   </div>
   <div class='ocr_carea' id='block_1_99' title="bbox 1888 3793 3501 3869">
    <p class='ocr_par' dir='ltr' id='par_1_99' title="bbox 1888 3793 3501 3869">
     <span class='ocr_line' id='line_1_99' title="bbox 1888 3793 3501 3869; baseline 0.001 -20"><span class='ocrx_word' id='word_1_749' title='bbox 1888 3796 2036 3849; x_wconf 87' lang='lat' dir='ltr'><strong>dente</strong></span> <span class='ocrx_word' id='word_1_750' title='bbox 2062 3804 2229 3849; x_wconf 87' lang='lat' dir='ltr'><strong>mutus</strong></span> <span class='ocrx_word' id='word_1_751' title='bbox 2259 3793 2413 3863; x_wconf 86' lang='lat' dir='ltr'><strong>(Isai.</strong></span> <span class='ocrx_word' id='word_1_752' title='bbox 2443 3796 2533 3851; x_wconf 80' lang='grc'><strong>55.</strong></span> <span class='ocrx_word' id='word_1_753' title='bbox 2560 3796 2635 3867; x_wconf 90' lang='lat'><strong>8).</strong></span> <span class='ocrx_word' id='word_1_754' title='bbox 2662 3796 2907 3851; x_wconf 61' lang='lat' dir='ltr'><strong>Posthac</strong></span> <span class='ocrx_word' id='word_1_755' title='bbox 2936 3811 3213 3865; x_wconf 85' lang='lat' dir='ltr'><strong>exponens</strong></span> <span class='ocrx_word' id='word_1_756' title='bbox 3244 3798 3501 3869; x_wconf 85' lang='lat' dir='ltr'><strong>iniquita-</strong></span> 
     </span>
    </p>
   </div>
   <div class='ocr_carea' id='block_1_100' title="bbox 1889 3886 3497 3958">
    <p class='ocr_par' dir='ltr' id='par_1_100' title="bbox 1889 3886 3497 3958">
     <span class='ocr_line' id='line_1_100' title="bbox 1889 3886 3497 3958; baseline 0.002 -19"><span class='ocrx_word' id='word_1_757' title='bbox 1889 3895 1996 3941; x_wconf 85' lang='lat' dir='ltr'><strong>tem</strong></span> <span class='ocrx_word' id='word_1_758' title='bbox 2037 3886 2089 3940; x_wconf 90' lang='lat' dir='ltr'><strong>in</strong></span> <span class='ocrx_word' id='word_1_759' title='bbox 2132 3888 2385 3957; x_wconf 73' lang='lat' dir='ltr'><strong>przetorio</strong></span> <span class='ocrx_word' id='word_1_760' title='bbox 2426 3895 2789 3957; x_wconf 85' lang='lat' dir='ltr'><strong>perpetratam</strong></span> <span class='ocrx_word' id='word_1_761' title='bbox 2824 3887 2899 3940; x_wconf 91' lang='lat' dir='ltr'><strong>ait</strong></span> <span class='ocrx_word' id='word_1_762' title='bbox 2931 3903 2945 3939; x_wconf 90' lang='lat'><strong>:</strong></span> <span class='ocrx_word' id='word_1_763' title='bbox 2978 3886 3046 3939; x_wconf 87' lang='lat' dir='ltr'><strong>In</strong></span> <span class='ocrx_word' id='word_1_764' title='bbox 3076 3888 3362 3941; x_wconf 86' lang='lat' dir='ltr'><strong>humilitate</strong></span> <span class='ocrx_word' id='word_1_765' title='bbox 3388 3890 3497 3958; x_wconf 86' lang='lat' dir='ltr'><strong>ejus</strong></span> 
     </span>
    </p>
   </div>
   <div class='ocr_carea' id='block_1_101' title="bbox 1876 3979 3497 4052">
    <p class='ocr_par' dir='ltr' id='par_1_101' title="bbox 1876 3979 3497 4052">
     <span class='ocr_line' id='line_1_101' title="bbox 1876 3979 3497 4052; baseline 0.003 -20"><span class='ocrx_word' id='word_1_766' title='bbox 1876 3979 2136 4049; x_wconf 78' lang='lat' dir='ltr'><strong>judicium</strong></span> <span class='ocrx_word' id='word_1_767' title='bbox 2160 3981 2270 4052; x_wconf 86' lang='lat' dir='ltr'><strong>ejus</strong></span> <span class='ocrx_word' id='word_1_768' title='bbox 2296 3980 2548 4033; x_wconf 84' lang='lat' dir='ltr'><strong>sublatum</strong></span> <span class='ocrx_word' id='word_1_769' title='bbox 2573 3990 2665 4033; x_wconf 87' lang='lat' dir='ltr'><strong>est.</strong></span> <span class='ocrx_word' id='word_1_770' title='bbox 2696 3979 2868 4035; x_wconf 86' lang='lat' dir='ltr'><strong>Nemo</strong></span> <span class='ocrx_word' id='word_1_771' title='bbox 2896 3989 3006 4034; x_wconf 88' lang='lat' dir='ltr'><strong>tum</strong></span> <span class='ocrx_word' id='word_1_772' title='bbox 3036 3996 3103 4034; x_wconf 84' lang='lat' dir='ltr'><strong>ex</strong></span> <span class='ocrx_word' id='word_1_773' title='bbox 3128 3980 3261 4049; x_wconf 88' lang='lat' dir='ltr'><strong>juris</strong></span> <span class='ocrx_word' id='word_1_774' title='bbox 3291 3984 3497 4037; x_wconf 84' lang='lat' dir='ltr'><strong>ratione</strong></span> 
     </span>
    </p>
   </div>
   <div class='ocr_carea' id='block_1_102' title="bbox 1886 4068 3496 4141">
    <p class='ocr_par' dir='ltr' id='par_1_102' title="bbox 1886 4068 3496 4141">
     <span class='ocr_line' id='line_1_102' title="bbox 1886 4068 3496 4141; baseline 0.002 -17"><span class='ocrx_word' id='word_1_775' title='bbox 1886 4068 1955 4124; x_wconf 91' lang='lat' dir='ltr'><strong>de</strong></span> <span class='ocrx_word' id='word_1_776' title='bbox 1985 4070 2076 4125; x_wconf 93' lang='lat' dir='ltr'><strong>illo</strong></span> <span class='ocrx_word' id='word_1_777' title='bbox 2105 4071 2413 4141; x_wconf 71' lang='lat' dir='ltr'><strong>suffragium</strong></span> <span class='ocrx_word' id='word_1_778' title='bbox 2450 4072 2595 4137; x_wconf 91' lang='lat' dir='ltr'><strong>tulit,</strong></span> <span class='ocrx_word' id='word_1_779' title='bbox 2629 4070 2720 4126; x_wconf 89' lang='lat' dir='ltr'><strong>sed</strong></span> <span class='ocrx_word' id='word_1_780' title='bbox 2760 4071 2891 4125; x_wconf 82' lang='lat' dir='ltr'><strong>falsa</strong></span> <span class='ocrx_word' id='word_1_781' title='bbox 2937 4072 3113 4140; x_wconf 91' lang='lat' dir='ltr'><strong>potius</strong></span> <span class='ocrx_word' id='word_1_782' title='bbox 3140 4072 3401 4127; x_wconf 89' lang='lat' dir='ltr'><strong>adversus</strong></span> <span class='ocrx_word' id='word_1_783' title='bbox 3434 4074 3496 4128; x_wconf 82' lang='lat' dir='ltr'><strong>il-</strong></span> 
     </span>
    </p>
   </div>
   <div class='ocr_carea' id='block_1_103' title="bbox 1888 4160 3487 4231">
    <p class='ocr_par' dir='ltr' id='par_1_103' title="bbox 1888 4160 3487 4231">
     <span class='ocr_line' id='line_1_103' title="bbox 1888 4160 3487 4231; baseline 0.001 -17"><span class='ocrx_word' id='word_1_784' title='bbox 1888 4160 1997 4215; x_wconf 92' lang='lat' dir='ltr'><strong>lum</strong></span> <span class='ocrx_word' id='word_1_785' title='bbox 2036 4162 2363 4231; x_wconf 87' lang='lat' dir='ltr'><strong>recipiebant</strong></span> <span class='ocrx_word' id='word_1_786' title='bbox 2392 4163 2713 4217; x_wconf 87' lang='lat' dir='ltr'><strong>testimonia.</strong></span> <span class='ocrx_word' id='word_1_787' title='bbox 2748 4162 2805 4216; x_wconf 88' lang='lat' dir='ltr'><strong>In</strong></span> <span class='ocrx_word' id='word_1_788' title='bbox 2845 4176 3004 4216; x_wconf 87' lang='lat' dir='ltr'><strong>causa</strong></span> <span class='ocrx_word' id='word_1_789' title='bbox 3032 4173 3176 4227; x_wconf 86' lang='lat' dir='ltr'><strong>erat,</strong></span> <span class='ocrx_word' id='word_1_790' title='bbox 3209 4163 3351 4229; x_wconf 92' lang='lat' dir='ltr'><strong>quod</strong></span> <span class='ocrx_word' id='word_1_791' title='bbox 3378 4175 3487 4217; x_wconf 88' lang='lat' dir='ltr'><strong>tum</strong></span> 
     </span>
    </p>
   </div>
   <div class='ocr_carea' id='block_1_104' title="bbox 1888 4236 3501 4316">
    <p class='ocr_par' dir='ltr' id='par_1_104' title="bbox 1888 4236 3501 4316">
     <span class='ocr_line' id='line_1_104' title="bbox 1888 4236 3501 4316; baseline 0.002 -11"><span class='ocrx_word' id='word_1_792' title='bbox 1888 4251 2106 4306; x_wconf 82' lang='lat' dir='ltr'><strong>nolebat</strong></span> <span class='ocrx_word' id='word_1_793' title='bbox 2133 4267 2253 4306; x_wconf 86' lang='lat' dir='ltr'><strong>esse</strong></span> <span class='ocrx_word' id='word_1_794' title='bbox 2285 4236 2500 4308; x_wconf 80' lang='lat' dir='ltr'><strong>vindex.</strong></span> <span class='ocrx_word' id='word_1_795' title='bbox 2531 4252 2663 4307; x_wconf 87' lang='lat' dir='ltr'><strong>Nam</strong></span> <span class='ocrx_word' id='word_1_796' title='bbox 2697 4253 2740 4306; x_wconf 90' lang='lat' dir='ltr'><strong>si</strong></span> <span class='ocrx_word' id='word_1_797' title='bbox 2772 4254 3049 4316; x_wconf 78' lang='lat' dir='ltr'><strong>voluisset,</strong></span> <span class='ocrx_word' id='word_1_798' title='bbox 3080 4254 3255 4308; x_wconf 90' lang='lat' dir='ltr'><strong>omnia</strong></span> <span class='ocrx_word' id='word_1_799' title='bbox 3288 4256 3501 4309; x_wconf 80' lang='lat' dir='ltr'><strong>turbas-</strong></span> 
     </span>
    </p>
   </div>
   <div class='ocr_carea' id='block_1_105' title="bbox 1887 4343 3495 4414">
    <p class='ocr_par' dir='ltr' id='par_1_105' title="bbox 1887 4343 3495 4414">
     <span class='ocr_line' id='line_1_105' title="bbox 1887 4343 3495 4414; baseline 0.003 -19"><span class='ocrx_word' id='word_1_800' title='bbox 1887 4351 1989 4403; x_wconf 85' lang='lat' dir='ltr'><strong>set,</strong></span> <span class='ocrx_word' id='word_1_801' title='bbox 2018 4344 2503 4412; x_wconf 86' lang='lat' dir='ltr'><strong>eoncussissetquc.</strong></span> <span class='ocrx_word' id='word_1_802' title='bbox 2533 4344 2743 4397; x_wconf 88' lang='lat' dir='ltr'><strong>Etenim</strong></span> <span class='ocrx_word' id='word_1_803' title='bbox 2774 4345 2818 4397; x_wconf 85' lang='lat' dir='ltr'><strong>si</strong></span> <span class='ocrx_word' id='word_1_804' title='bbox 2850 4343 2900 4396; x_wconf 93' lang='lat' dir='ltr'><strong>id</strong></span> <span class='ocrx_word' id='word_1_805' title='bbox 2932 4346 3208 4413; x_wconf 89' lang='lat' dir='ltr'><strong>temporis,</strong></span> <span class='ocrx_word' id='word_1_806' title='bbox 3234 4360 3341 4414; x_wconf 92' lang='lat' dir='ltr'><strong>quo</strong></span> <span class='ocrx_word' id='word_1_807' title='bbox 3367 4360 3495 4414; x_wconf 84' lang='lat' dir='ltr'><strong>peu-</strong></span> 
     </span>
    </p>
   </div>
   <div class='ocr_carea' id='block_1_106' title="bbox 1884 4432 3490 4498">
    <p class='ocr_par' dir='ltr' id='par_1_106' title="bbox 1884 4432 3490 4498">
     <span class='ocr_line' id='line_1_106' title="bbox 1884 4432 3490 4498; baseline 0.003 -12"><span class='ocrx_word' id='word_1_808' title='bbox 1884 4432 2048 4487; x_wconf 90' lang='lat' dir='ltr'><strong>debat</strong></span> <span class='ocrx_word' id='word_1_809' title='bbox 2088 4434 2143 4488; x_wconf 87' lang='lat' dir='ltr'><strong>in</strong></span> <span class='ocrx_word' id='word_1_810' title='bbox 2181 4449 2373 4498; x_wconf 89' lang='lat' dir='ltr'><strong>cruce,</strong></span> <span class='ocrx_word' id='word_1_811' title='bbox 2407 4450 2531 4488; x_wconf 75' lang='lat' dir='ltr'><strong>saxa</strong></span> <span class='ocrx_word' id='word_1_812' title='bbox 2565 4435 2810 4498; x_wconf 88' lang='lat' dir='ltr'><strong>discidit,</strong></span> <span class='ocrx_word' id='word_1_813' title='bbox 2853 4437 3038 4489; x_wconf 85' lang='lat' dir='ltr'><strong>urbem</strong></span> <span class='ocrx_word' id='word_1_814' title='bbox 3087 4446 3349 4490; x_wconf 88' lang='lat' dir='ltr'><strong>terrarum</strong></span> <span class='ocrx_word' id='word_1_815' title='bbox 3391 4437 3490 4491; x_wconf 86' lang='lat' dir='ltr'><strong>ob-</strong></span> 
     </span>
    </p>
   </div>
   <div class='ocr_carea' id='block_1_107' title="bbox 1888 4528 3496 4600">
    <p class='ocr_par' dir='ltr' id='par_1_107' title="bbox 1888 4528 3496 4600">
     <span class='ocr_line' id='line_1_107' title="bbox 1888 4528 3496 4600; baseline 0.003 -19"><span class='ocrx_word' id='word_1_816' title='bbox 1888 4528 2159 4595; x_wconf 87' lang='lat' dir='ltr'><strong>scuravit,</strong></span> <span class='ocrx_word' id='word_1_817' title='bbox 2188 4528 2321 4583; x_wconf 91' lang='lat' dir='ltr'><strong>solis</strong></span> <span class='ocrx_word' id='word_1_818' title='bbox 2362 4528 2543 4583; x_wconf 86' lang='lat' dir='ltr'><strong>radios</strong></span> <span class='ocrx_word' id='word_1_819' title='bbox 2580 4529 2773 4583; x_wconf 84' lang='lat' dir='ltr'><strong>avertit</strong></span> <span class='ocrx_word' id='word_1_820' title='bbox 2793 4570 2809 4597; x_wconf 89' lang='lat'><strong>,</strong></span> <span class='ocrx_word' id='word_1_821' title='bbox 2839 4539 3048 4584; x_wconf 88' lang='lat' dir='ltr'><strong>noctem</strong></span> <span class='ocrx_word' id='word_1_822' title='bbox 3080 4530 3255 4584; x_wconf 88' lang='lat' dir='ltr'><strong>medio</strong></span> <span class='ocrx_word' id='word_1_823' title='bbox 3283 4532 3370 4584; x_wconf 86' lang='lat' dir='ltr'><strong>die</strong></span> <span class='ocrx_word' id='word_1_824' title='bbox 3400 4546 3496 4600; x_wconf 88' lang='lat' dir='ltr'><strong>per</strong></span> 
     </span>
    </p>
   </div>
   <div class='ocr_carea' id='block_1_108' title="bbox 1888 4619 3491 4691">
    <p class='ocr_par' dir='ltr' id='par_1_108' title="bbox 1888 4619 3491 4691">
     <span class='ocr_line' id='line_1_108' title="bbox 1888 4619 3491 4691; baseline 0.002 -18"><span class='ocrx_word' id='word_1_825' title='bbox 1888 4619 2189 4675; x_wconf 79' lang='lat' dir='ltr'><strong>universam</strong></span> <span class='ocrx_word' id='word_1_826' title='bbox 2214 4630 2407 4675; x_wconf 85' lang='lat' dir='ltr'><strong>terram</strong></span> <span class='ocrx_word' id='word_1_827' title='bbox 2437 4621 2667 4687; x_wconf 82' lang='lat' dir='ltr'><strong>induxit,</strong></span> <span class='ocrx_word' id='word_1_828' title='bbox 2696 4620 2834 4675; x_wconf 75' lang='lat' dir='ltr'><strong>idem</strong></span> <span class='ocrx_word' id='word_1_829' title='bbox 2863 4622 3125 4691; x_wconf 84' lang='lat' dir='ltr'><strong>potuisset</strong></span> <span class='ocrx_word' id='word_1_830' title='bbox 3153 4623 3205 4676; x_wconf 92' lang='lat' dir='ltr'><strong>in</strong></span> <span class='ocrx_word' id='word_1_831' title='bbox 3238 4624 3491 4691; x_wconf 74' lang='lat' dir='ltr'><strong>prmtorio</strong></span> 
     </span>
    </p>
   </div>
   <div class='ocr_carea' id='block_1_109' title="bbox 1887 4710 3492 4777">
    <p class='ocr_par' dir='ltr' id='par_1_109' title="bbox 1887 4710 3492 4777">
     <span class='ocr_line' id='line_1_109' title="bbox 1887 4710 3492 4777; baseline 0.001 -12"><span class='ocrx_word' id='word_1_832' title='bbox 1887 4710 2085 4766; x_wconf 81' lang='lat' dir='ltr'><strong>facere.</strong></span> <span class='ocrx_word' id='word_1_833' title='bbox 2118 4710 2315 4766; x_wconf 82' lang='lat' dir='ltr'><strong>Verum</strong></span> <span class='ocrx_word' id='word_1_834' title='bbox 2357 4711 2525 4766; x_wconf 89' lang='lat' dir='ltr'><strong>uoluit</strong></span> <span class='ocrx_word' id='word_1_835' title='bbox 2550 4753 2565 4777; x_wconf 96' lang='lat'><strong>,</strong></span> <span class='ocrx_word' id='word_1_836' title='bbox 2596 4711 3061 4767; x_wconf 88' lang='lat' dir='ltr'><strong>mansuetudinem</strong></span> <span class='ocrx_word' id='word_1_837' title='bbox 3103 4727 3168 4767; x_wconf 91' lang='lat' dir='ltr'><strong>ac</strong></span> <span class='ocrx_word' id='word_1_838' title='bbox 3216 4713 3492 4768; x_wconf 87' lang='lat' dir='ltr'><strong>lenitatem</strong></span> 
     </span>
    </p>
   </div>
   <div class='ocr_carea' id='block_1_110' title="bbox 1886 4800 3495 4875">
    <p class='ocr_par' dir='ltr' id='par_1_110' title="bbox 1886 4800 3495 4875">
     <span class='ocr_line' id='line_1_110' title="bbox 1886 4800 3495 4875; baseline 0.002 -19"><span class='ocrx_word' id='word_1_839' title='bbox 1886 4801 2167 4862; x_wconf 82' lang='lat' dir='ltr'><strong>exhibens.</strong></span> <span class='ocrx_word' id='word_1_840' title='bbox 2196 4801 2321 4856; x_wconf 88' lang='lat' dir='ltr'><strong>Ideo</strong></span> <span class='ocrx_word' id='word_1_841' title='bbox 2345 4802 2475 4857; x_wconf 88' lang='lat' dir='ltr'><strong>dicit</strong></span> <span class='ocrx_word' id='word_1_842' title='bbox 2504 4821 2518 4857; x_wconf 90' lang='lat'><strong>:</strong></span> <span class='ocrx_word' id='word_1_843' title='bbox 2550 4800 2617 4856; x_wconf 85' lang='lat' dir='ltr'><strong>In</strong></span> <span class='ocrx_word' id='word_1_844' title='bbox 2645 4802 2932 4856; x_wconf 81' lang='lat' dir='ltr'><strong>humilitate</strong></span> <span class='ocrx_word' id='word_1_845' title='bbox 2957 4804 3067 4872; x_wconf 83' lang='lat' dir='ltr'><strong>ejus</strong></span> <span class='ocrx_word' id='word_1_846' title='bbox 3096 4803 3353 4873; x_wconf 85' lang='lat' dir='ltr'><strong>judicium</strong></span> <span class='ocrx_word' id='word_1_847' title='bbox 3383 4821 3495 4875; x_wconf 76' lang='lat' dir='ltr'><strong>ejus</strong></span> 
     </span>
    </p>
   </div>
   <div class='ocr_carea' id='block_1_111' title="bbox 1886 4893 3495 4964">
    <p class='ocr_par' dir='ltr' id='par_1_111' title="bbox 1886 4893 3495 4964">
     <span class='ocr_line' id='line_1_111' title="bbox 1886 4893 3495 4964; baseline 0.002 -17"><span class='ocrx_word' id='word_1_848' title='bbox 1886 4894 2138 4947; x_wconf 79' lang='lat' dir='ltr'><strong>sublatum</strong></span> <span class='ocrx_word' id='word_1_849' title='bbox 2181 4902 2273 4948; x_wconf 84' lang='lat' dir='ltr'><strong>est.</strong></span> <span class='ocrx_word' id='word_1_850' title='bbox 2320 4893 2522 4949; x_wconf 89' lang='lat' dir='ltr'><strong>Deinde</strong></span> <span class='ocrx_word' id='word_1_851' title='bbox 2563 4894 2975 4959; x_wconf 87' lang='lat' dir='ltr'><strong>demonstrans,</strong></span> <span class='ocrx_word' id='word_1_852' title='bbox 3013 4895 3156 4964; x_wconf 91' lang='lat' dir='ltr'><strong>quod</strong></span> <span class='ocrx_word' id='word_1_853' title='bbox 3200 4911 3306 4948; x_wconf 90' lang='lat' dir='ltr'><strong>non</strong></span> <span class='ocrx_word' id='word_1_854' title='bbox 3350 4908 3495 4950; x_wconf 86' lang='lat' dir='ltr'><strong>esset</strong></span> 
     </span>
    </p>
   </div>
   <div class='ocr_carea' id='block_1_112' title="bbox 1887 4983 3496 5058">
    <p class='ocr_par' dir='ltr' id='par_1_112' title="bbox 1887 4983 3496 5058">
     <span class='ocr_line' id='line_1_112' title="bbox 1887 4983 3496 5058; baseline 0.001 -19"><span class='ocrx_word' id='word_1_855' title='bbox 1887 5000 2024 5040; x_wconf 91' lang='lat' dir='ltr'><strong>unus</strong></span> <span class='ocrx_word' id='word_1_856' title='bbox 2046 4985 2267 5055; x_wconf 86' lang='lat' dir='ltr'><strong>quilibet</strong></span> <span class='ocrx_word' id='word_1_857' title='bbox 2290 5001 2322 5041; x_wconf 91' lang='lat' dir='ltr'><strong>e</strong></span> <span class='ocrx_word' id='word_1_858' title='bbox 2348 4985 2527 5055; x_wconf 88' lang='lat' dir='ltr'><strong>vulgo,</strong></span> <span class='ocrx_word' id='word_1_859' title='bbox 2553 4986 2781 5054; x_wconf 82' lang='lat' dir='ltr'><strong>subjecit</strong></span> <span class='ocrx_word' id='word_1_860' title='bbox 2810 5003 2823 5038; x_wconf 89' lang='lat'><strong>:</strong></span> <span class='ocrx_word' id='word_1_861' title='bbox 2850 4983 3235 5039; x_wconf 84' lang='lat' dir='ltr'><strong>Generationem</strong></span> <span class='ocrx_word' id='word_1_862' title='bbox 3257 4987 3365 5058; x_wconf 86' lang='lat' dir='ltr'><strong>ejus</strong></span> <span class='ocrx_word' id='word_1_863' title='bbox 3384 4989 3496 5057; x_wconf 85' lang='lat' dir='ltr'><strong>quis</strong></span> 
     </span>
    </p>
   </div>
   <div class='ocr_carea' id='block_1_113' title="bbox 1886 5077 3496 5147">
    <p class='ocr_par' dir='ltr' id='par_1_113' title="bbox 1886 5077 3496 5147">
     <span class='ocr_line' id='line_1_113' title="bbox 1886 5077 3496 5147; baseline 0.001 -16"><span class='ocrx_word' id='word_1_864' title='bbox 1886 5077 2177 5131; x_wconf 80' lang='lat' dir='ltr'><strong>euarrabit?</strong></span> <span class='ocrx_word' id='word_1_865' title='bbox 2196 5077 2326 5144; x_wconf 86' lang='lat' dir='ltr'><strong>Quis</strong></span> <span class='ocrx_word' id='word_1_866' title='bbox 2346 5078 2488 5133; x_wconf 89' lang='lat' dir='ltr'><strong>enim</strong></span> <span class='ocrx_word' id='word_1_867' title='bbox 2512 5087 2615 5141; x_wconf 85' lang='lat' dir='ltr'><strong>est,</strong></span> <span class='ocrx_word' id='word_1_868' title='bbox 2637 5077 2707 5131; x_wconf 91' lang='lat' dir='ltr'><strong>de</strong></span> <span class='ocrx_word' id='word_1_869' title='bbox 2726 5093 2831 5147; x_wconf 91' lang='lat' dir='ltr'><strong>quo</strong></span> <span class='ocrx_word' id='word_1_870' title='bbox 2853 5077 2976 5131; x_wconf 89' lang='lat' dir='ltr'><strong>dicit</strong></span> <span class='ocrx_word' id='word_1_871' title='bbox 3003 5096 3016 5132; x_wconf 89' lang='lat'><strong>:</strong></span> <span class='ocrx_word' id='word_1_872' title='bbox 3038 5077 3256 5131; x_wconf 75' lang='lat' dir='ltr'><strong>Tollitur</strong></span> <span class='ocrx_word' id='word_1_873' title='bbox 3276 5078 3338 5131; x_wconf 89' lang='lat' dir='ltr'><strong>de</strong></span> <span class='ocrx_word' id='word_1_874' title='bbox 3360 5088 3496 5133; x_wconf 83' lang='lat' dir='ltr'><strong>terra</strong></span> 
     </span>
    </p>
   </div>
   <div class='ocr_carea' id='block_1_114' title="bbox 1887 5168 3495 5241">
    <p class='ocr_par' dir='ltr' id='par_1_114' title="bbox 1887 5168 3495 5241">
     <span class='ocr_line' id='line_1_114' title="bbox 1887 5168 3495 5241; baseline 0.001 -17"><span class='ocrx_word' id='word_1_875' title='bbox 1887 5171 1988 5224; x_wconf 80' lang='lat' dir='ltr'><strong>vita</strong></span> <span class='ocrx_word' id='word_1_876' title='bbox 2012 5172 2121 5241; x_wconf 88' lang='lat' dir='ltr'><strong>ejus</strong></span> <span class='ocrx_word' id='word_1_877' title='bbox 2138 5169 2317 5225; x_wconf 72' lang='lat' dir='ltr'><strong>Hdeo</strong></span> <span class='ocrx_word' id='word_1_878' title='bbox 2341 5177 2396 5224; x_wconf 90' lang='lat' dir='ltr'><strong>et</strong></span> <span class='ocrx_word' id='word_1_879' title='bbox 2422 5170 2619 5225; x_wconf 82' lang='lat' dir='ltr'><strong>Paulus</strong></span> <span class='ocrx_word' id='word_1_880' title='bbox 2643 5170 2772 5225; x_wconf 91' lang='lat' dir='ltr'><strong>dicit</strong></span> <span class='ocrx_word' id='word_1_881' title='bbox 2801 5188 2816 5224; x_wconf 87' lang='lat'><strong>:</strong></span> <span class='ocrx_word' id='word_1_882' title='bbox 2855 5168 2970 5224; x_wconf 78' lang='lat' dir='ltr'><strong>Vita</strong></span> <span class='ocrx_word' id='word_1_883' title='bbox 2999 5180 3171 5224; x_wconf 87' lang='lat' dir='ltr'><strong>nostra</strong></span> <span class='ocrx_word' id='word_1_884' title='bbox 3197 5171 3495 5225; x_wconf 85' lang='lat' dir='ltr'><strong>abscondita</strong></span> 
     </span>
    </p>
   </div>
   <div class='ocr_carea' id='block_1_115' title="bbox 1885 5262 3496 5335">
    <p class='ocr_par' dir='ltr' id='par_1_115' title="bbox 1885 5262 3496 5335">
     <span class='ocr_line' id='line_1_115' title="bbox 1885 5262 3496 5335; baseline 0.001 -17"><span class='ocrx_word' id='word_1_885' title='bbox 1885 5275 1961 5318; x_wconf 86' lang='lat' dir='ltr'><strong>cst</strong></span> <span class='ocrx_word' id='word_1_886' title='bbox 1988 5280 2103 5318; x_wconf 88' lang='lat' dir='ltr'><strong>cum</strong></span> <span class='ocrx_word' id='word_1_887' title='bbox 2139 5263 2339 5318; x_wconf 86' lang='lat' dir='ltr'><strong>Christo</strong></span> <span class='ocrx_word' id='word_1_888' title='bbox 2380 5264 2431 5316; x_wconf 85' lang='lat' dir='ltr'><strong>in</strong></span> <span class='ocrx_word' id='word_1_889' title='bbox 2480 5262 2603 5317; x_wconf 81' lang='lat' dir='ltr'><strong>Deo.</strong></span> <span class='ocrx_word' id='word_1_890' title='bbox 2644 5263 2773 5317; x_wconf 84' lang='lat' dir='ltr'><strong>Cum</strong></span> <span class='ocrx_word' id='word_1_891' title='bbox 2814 5264 3109 5335; x_wconf 80' lang='lat' dir='ltr'><strong>apparuerit</strong></span> <span class='ocrx_word' id='word_1_892' title='bbox 3138 5262 3496 5319; x_wconf 78' lang='lat' dir='ltr'><strong>Christusvita</strong></span> 
     </span>
    </p>
   </div>
   <div class='ocr_carea' id='block_1_116' title="bbox 1889 5346 3493 5429">
    <p class='ocr_par' dir='ltr' id='par_1_116' title="bbox 1889 5346 3493 5429">
     <span class='ocr_line' id='line_1_116' title="bbox 1889 5346 3493 5429; baseline 0.001 -17"><span class='ocrx_word' id='word_1_893' title='bbox 1889 5368 2082 5425; x_wconf 87' lang='lat' dir='ltr'><strong>nostra,</strong></span> <span class='ocrx_word' id='word_1_894' title='bbox 2113 5346 2233 5412; x_wconf 74' lang='lat' dir='ltr'><strong>tunc</strong></span> <span class='ocrx_word' id='word_1_895' title='bbox 2258 5368 2303 5411; x_wconf 87' lang='lat' dir='ltr'><strong>et</strong></span> <span class='ocrx_word' id='word_1_896' title='bbox 2329 5374 2414 5412; x_wconf 87' lang='lat' dir='ltr'><strong>vos</strong></span> <span class='ocrx_word' id='word_1_897' title='bbox 2440 5358 2748 5427; x_wconf 85' lang='lat' dir='ltr'><strong>apparebitis</strong></span> <span class='ocrx_word' id='word_1_898' title='bbox 2768 5375 2882 5411; x_wconf 87' lang='lat' dir='ltr'><strong>cum</strong></span> <span class='ocrx_word' id='word_1_899' title='bbox 2901 5357 2991 5411; x_wconf 83' lang='lat' dir='ltr'><strong>illo</strong></span> <span class='ocrx_word' id='word_1_900' title='bbox 3012 5358 3064 5410; x_wconf 86' lang='lat' dir='ltr'><strong>in</strong></span> <span class='ocrx_word' id='word_1_901' title='bbox 3087 5357 3252 5429; x_wconf 88' lang='lat' dir='ltr'><strong>gloria</strong></span> <span class='ocrx_word' id='word_1_902' title='bbox 3273 5357 3493 5429; x_wconf 84' lang='lat' dir='ltr'><strong>(Coloss.</strong></span> 
     </span>
    </p>
   </div>
   <div class='ocr_carea' id='block_1_117' title="bbox 1889 5449 3496 5521">
    <p class='ocr_par' dir='ltr' id='par_1_117' title="bbox 1889 5449 3496 5521">
     <span class='ocr_line' id='line_1_117' title="bbox 1889 5449 3496 5521; baseline -0.001 -15"><span class='ocrx_word' id='word_1_903' title='bbox 1889 5452 1941 5506; x_wconf 88' lang='grc'><strong>5.</strong></span> <span class='ocrx_word' id='word_1_904' title='bbox 1972 5452 2026 5507; x_wconf 87' lang='grc'><strong>5.</strong></span> <span class='ocrx_word' id='word_1_905' title='bbox 2058 5449 2145 5521; x_wconf 70' lang='grc'><strong>4).</strong></span> <span class='ocrx_word' id='word_1_906' title='bbox 2174 5449 2280 5505; x_wconf 85' lang='lat' dir='ltr'><strong>Sed</strong></span> <span class='ocrx_word' id='word_1_907' title='bbox 2310 5449 2453 5520; x_wconf 90' lang='lat' dir='ltr'><strong>quod</strong></span> <span class='ocrx_word' id='word_1_908' title='bbox 2491 5449 2672 5504; x_wconf 88' lang='lat' dir='ltr'><strong>dicere</strong></span> <span class='ocrx_word' id='word_1_909' title='bbox 2716 5464 3141 5519; x_wconf 83' lang='lat' dir='ltr'><strong>proposueram,</strong></span> <span class='ocrx_word' id='word_1_910' title='bbox 3171 5458 3232 5504; x_wconf 93' lang='lat' dir='ltr'><strong>ut</strong></span> <span class='ocrx_word' id='word_1_911' title='bbox 3267 5449 3496 5506; x_wconf 81' lang='lat' dir='ltr'><strong>demon-</strong></span> 
     </span>
    </p>
   </div>
   <div class='ocr_carea' id='block_1_118' title="bbox 1888 5540 3495 5612">
    <p class='ocr_par' dir='ltr' id='par_1_118' title="bbox 1888 5540 3495 5612">
     <span class='ocr_line' id='line_1_118' title="bbox 1888 5540 3495 5612; baseline 0.001 -16"><span class='ocrx_word' id='word_1_912' title='bbox 1888 5551 2115 5596; x_wconf 76' lang='lat' dir='ltr'><strong>strat-em</strong></span> <span class='ocrx_word' id='word_1_913' title='bbox 2145 5555 2238 5596; x_wconf 89' lang='lat' dir='ltr'><strong>eos</strong></span> <span class='ocrx_word' id='word_1_914' title='bbox 2265 5551 2482 5612; x_wconf 88' lang='lat' dir='ltr'><strong>propter</strong></span> <span class='ocrx_word' id='word_1_915' title='bbox 2508 5540 2651 5596; x_wconf 90' lang='lat' dir='ltr'><strong>hunc</strong></span> <span class='ocrx_word' id='word_1_916' title='bbox 2678 5542 2960 5611; x_wconf 63' lang='lat' dir='ltr'><strong>praesentia</strong></span> <span class='ocrx_word' id='word_1_917' title='bbox 2989 5542 3126 5595; x_wconf 88' lang='lat' dir='ltr'><strong>mala</strong></span> <span class='ocrx_word' id='word_1_918' title='bbox 3151 5541 3495 5611; x_wconf 75' lang='lat' dir='ltr'><strong>sustinuisse,</strong></span> 
     </span>
    </p>
   </div>
   <div class='ocr_carea' id='block_1_119' title="bbox 1889 5632 3495 5702">
    <p class='ocr_par' dir='ltr' id='par_1_119' title="bbox 1889 5632 3495 5702">
     <span class='ocr_line' id='line_1_119' title="bbox 1889 5632 3495 5702; baseline 0.001 -16"><span class='ocrx_word' id='word_1_919' title='bbox 1889 5641 2055 5687; x_wconf 84' lang='lat' dir='ltr'><strong>restat</strong></span> <span class='ocrx_word' id='word_1_920' title='bbox 2096 5640 2155 5686; x_wconf 92' lang='lat' dir='ltr'><strong>ut</strong></span> <span class='ocrx_word' id='word_1_921' title='bbox 2183 5632 2357 5701; x_wconf 90' lang='lat' dir='ltr'><strong>ipsum</strong></span> <span class='ocrx_word' id='word_1_922' title='bbox 2399 5632 2587 5687; x_wconf 83' lang='lat' dir='ltr'><strong>Isaiam</strong></span> <span class='ocrx_word' id='word_1_923' title='bbox 2619 5632 2865 5687; x_wconf 87' lang='lat' dir='ltr'><strong>inducam</strong></span> <span class='ocrx_word' id='word_1_924' title='bbox 2911 5633 3241 5702; x_wconf 87' lang='lat' dir='ltr'><strong>loquentem.</strong></span> <span class='ocrx_word' id='word_1_925' title='bbox 3269 5632 3495 5688; x_wconf 85' lang='lat' dir='ltr'><strong>Ubinam</strong></span> 
     </span>
    </p>
   </div>
   <div class='ocr_carea' id='block_1_120' title="bbox 1892 5724 3491 5795">
    <p class='ocr_par' dir='ltr' id='par_1_120' title="bbox 1892 5724 3491 5795">
     <span class='ocr_line' id='line_1_120' title="bbox 1892 5724 3491 5795; baseline 0 -16"><span class='ocrx_word' id='word_1_926' title='bbox 1892 5725 1994 5780; x_wconf 91' lang='lat' dir='ltr'><strong>hoc</strong></span> <span class='ocrx_word' id='word_1_927' title='bbox 2021 5724 2195 5779; x_wconf 84' lang='lat' dir='ltr'><strong>dicit?</strong></span> <span class='ocrx_word' id='word_1_928' title='bbox 2222 5724 2351 5779; x_wconf 84' lang='lat' dir='ltr'><strong>Post</strong></span> <span class='ocrx_word' id='word_1_929' title='bbox 2380 5725 2710 5794; x_wconf 65' lang='lat' dir='ltr'><strong>praetorium,</strong></span> <span class='ocrx_word' id='word_1_930' title='bbox 2741 5733 2861 5794; x_wconf 86' lang='lat' dir='ltr'><strong>post</strong></span> <span class='ocrx_word' id='word_1_931' title='bbox 2885 5724 3232 5790; x_wconf 82' lang='lat' dir='ltr'><strong>occisionem,</strong></span> <span class='ocrx_word' id='word_1_932' title='bbox 3267 5733 3385 5795; x_wconf 90' lang='lat' dir='ltr'><strong>post</strong></span> <span class='ocrx_word' id='word_1_933' title='bbox 3410 5739 3491 5779; x_wconf 76' lang='lat' dir='ltr'><strong>as~</strong></span> 
     </span>
    </p>
   </div>
   <div class='ocr_carea' id='block_1_121' title="bbox 1890 5816 3506 5898">
    <p class='ocr_par' dir='ltr' id='par_1_121' title="bbox 1890 5816 3506 5898">
     <span class='ocr_line' id='line_1_121' title="bbox 1890 5816 3506 5898; baseline 0.003 -25"><span class='ocrx_word' id='word_1_934' title='bbox 1890 5817 2287 5889; x_wconf 87' lang='lat' dir='ltr'><strong>sumptioncm,</strong></span> <span class='ocrx_word' id='word_1_935' title='bbox 2348 5818 2437 5873; x_wconf 88' lang='lat' dir='ltr'><strong>ubi</strong></span> <span class='ocrx_word' id='word_1_936' title='bbox 2498 5816 2631 5873; x_wconf 78' lang='lat' dir='ltr'><strong>dixit</strong></span> <span class='ocrx_word' id='word_1_937' title='bbox 2663 5834 2677 5871; x_wconf 92' lang='lat'><strong>:</strong></span> <span class='ocrx_word' id='word_1_938' title='bbox 2718 5816 2937 5873; x_wconf 76' lang='lat' dir='ltr'><strong>Tollitur</strong></span> <span class='ocrx_word' id='word_1_939' title='bbox 2975 5818 3036 5872; x_wconf 84' lang='lat' dir='ltr'><strong>de</strong></span> <span class='ocrx_word' id='word_1_940' title='bbox 3074 5829 3207 5873; x_wconf 67' lang='lat' dir='ltr'><strong>terra</strong></span> <span class='ocrx_word' id='word_1_941' title='bbox 3247 5819 3347 5872; x_wconf 80' lang='lat' dir='ltr'><strong>vita</strong></span> <span class='ocrx_word' id='word_1_942' title='bbox 3374 5822 3506 5898; x_wconf 68' lang='lat' dir='ltr'><strong>ejus,</strong></span> 
     </span>
    </p>
   </div>
  </div>
