4142 6332
726 399 832 455 θιι

724 515 944 587 subjicit
972 532 985 569 :
1016 513 1079 568 Et
1105 512 1236 566 dabo
1260 511 1513 581 improbos
1542 528 1633 581 pro
1660 511 1920 575 sepultura
1945 510 2053 581 ejus
2070 550 2088 579 ,
2114 518 2159 564 et
2183 508 2313 563 divi-

732 622 804 664 tes
830 625 923 679 pro
949 618 1107 662 morte
1131 606 1266 661 illius
1293 604 1444 675 (Isai.
1468 604 1559 660 53.
1587 604 1666 673 9).
1702 603 1817 659 Non
1847 603 2161 673 simpliciter
2185 601 2318 657 dixit

724 699 964 763 Iudaeos,
989 698 1083 752 sed
1112 696 1401 766 improbos.
1426 695 1562 763 Quid
1588 697 1729 751 enim
1753 694 1857 749 illis
1881 694 2174 764 improbius
2195 706 2320 749 esse

730 790 919 859 possit,
950 789 1040 859 qui
1068 795 1189 857 post
1217 796 1293 840 tot
1320 796 1566 856 tantaque
1594 796 1808 856 accepta
1838 784 2092 841 beneﬁcia
2117 783 2315 839 beneﬂ-

728 896 849 934 cum
880 879 1224 936 occiderunt?
1248 878 1358 933 Nisi
1384 878 1497 932 limo
1519 876 1827 941 evenerunt,
1850 877 1950 930 nisi
1980 891 2119 931 nunc
2139 874 2317 930 vivitis

727 972 780 1024 in
822 968 1107 1039 ignominia
1132 1010 1146 1034 ,
1179 968 1279 1039 nisi
1318 968 1563 1023 omnibus
1596 982 1715 1037 qua:
1755 967 1982 1035 majores
2018 964 2316 1021 habuerunt

724 1060 856 1115 estis
886 1060 1093 1128 privati,
1124 1059 1225 1113 nisi
1260 1058 1464 1112 corruit
1490 1067 1665 1112 vestra
1694 1057 1898 1119 civitas,
1930 1056 2031 1111 nisi
2058 1056 2311 1125 templum

729 1159 966 1205 vestrum
1008 1165 1216 1204 versum
1252 1158 1336 1203 est
1376 1150 1429 1202 in
1473 1149 1677 1202 ruinam
1698 1188 1715 1213 ,
1742 1148 1969 1217 denique
1998 1148 2095 1202 nisi
2122 1157 2313 1203 vestrte

726 1240 1056 1295 calamitates
1097 1247 1352 1308 superant
1376 1254 1587 1293 omnem
1626 1238 1969 1311 tragtediam,
1996 1254 2063 1293 ne
2091 1238 2310 1305 credas,

726 1346 759 1384 o
783 1330 987 1385 Judme.
1008 1330 1203 1385 Contra
1231 1331 1274 1383 si
1307 1344 1392 1384 res
1416 1331 1545 1399 ipsa:
1570 1330 1861 1391 clamitant,
1887 1330 1931 1384 si
1957 1330 2095 1399 quod
2125 1325 2312 1398 praedi-

726 1430 870 1473 ctum
900 1430 1015 1474 erat
1042 1435 1070 1473 a
1103 1419 1376 1489 prophetis
1397 1462 1411 1481 ,
1452 1418 1740 1488 perfectum
1772 1430 1852 1473 est
1883 1435 1896 1473 :
1926 1418 2051 1489 quid
2082 1418 2271 1474 frustra
2293 1460 2310 1487 ,

726 1509 852 1579 quid
878 1512 1161 1564 .incassum
1205 1510 1488 1578 impudens
1524 1510 1622 1565 es?
1662 1510 1793 1563 Nam
1824 1509 1911 1564 ubi
1942 1510 2027 1565 illa
2053 1511 2191 1580 apud
2220 1527 2313 1566 vos

728 1584 1028 1655 veneranda
1047 1641 1063 1664 ,
1098 1599 1183 1652 ubi
1223 1598 1457 1667 pontifex
1477 1639 1492 1663 ,
1525 1599 1613 1653 ubi
1656 1600 1792 1654 stola
1818 1609 1871 1654 et
1900 1601 2157 1655 rationale
2181 1642 2197 1667 ,
2226 1601 2313 1656 ubi

726 1692 1058 1747 declaratio?
1090 1692 1167 1746 Ne
1201 1708 1326 1745 vero
1365 1693 1493 1745 milii
1538 1692 1667 1747 istos
1709 1693 2037 1761 patriarchas
2076 1692 2309 1759 dixeris,

726 1802 1026 1856 caupones,
1060 1787 1447 1855 negotiatores,
1483 1787 1627 1841 omni
1670 1787 1944 1859 iniquitate
1982 1788 2189 1855 plenos.
2221 1787 2313 1840 Dic

729 1866 857 1932 mihi
882 1921 896 1943 ,
930 1880 1101 1947 qualis
1130 1891 1210 1933 est
1250 1878 1535 1941 Sacerdos,
1566 1894 1687 1933 cum
1728 1894 1831 1931 non
1875 1880 1945 1933 sit
1990 1890 2142 1933 vetus
2184 1878 2311 1931 illud

726 1969 926 2034 oleum,
951 1984 1119 2038 neque
1141 1969 1427 2039 quidquam
1454 1970 1671 2023 omnino
1697 1970 1889 2022 veteris
1914 1968 2315 2033 sanctimonia?

730 2060 838 2122 Dic,
871 2058 1102 2127 inquam,
1132 2060 1283 2126 mihi,
1314 2062 1488 2131 qualis
1517 2061 1807 2125 sacrificus,
1841 2076 1960 2115 cum
1991 2076 2097 2115 non
2129 2061 2199 2115 sit
2222 2075 2311 2115 sa-

725 2146 1001 2211 criﬁcium,
1030 2164 1201 2219 neque
1221 2152 1410 2215 altare,
1435 2165 1607 2220 neque
1626 2150 1840 2204 cultus?
1862 2150 1952 2205 Vis
1975 2149 2067 2204 tibi
2095 2150 2311 2205 recitem

726 2237 871 2305 leges
901 2237 967 2290 de
1005 2240 1304 2295 sacerdotio
1323 2281 1338 2305 ,
1366 2239 1633 2307 quomodo
1661 2238 1803 2292 soliti
1833 2239 1938 2293 sint
1965 2239 2091 2293 olim
2121 2254 2312 2295 conse-

724 2327 861 2380 crari
879 2327 905 2381 7
930 2326 993 2384 Ut
1022 2330 1305 2400 intelligas,
1337 2329 1475 2399 quod
1500 2330 1589 2399 qui
1620 2345 1761 2384 nunc
1782 2329 1919 2399 apud
1946 2344 2041 2384 vos
2067 2329 2315 2384 dicuntur

724 2417 1060 2494 patriarcha},
1087 2435 1189 2473 non
1217 2420 1322 2472 sint
1342 2420 1665 2486 sacerdotes,
1692 2418 1784 2473 sed
1808 2434 1901 2487 per
1924 2418 2311 2474 simulationem

724 2518 1062 2571 sacerdotum
1094 2519 1252 2580 agant
1293 2526 1570 2579 personam
1594 2551 1607 2575 ,
1639 2525 1737 2564 nec
1766 2510 1918 2564 aliter
1946 2510 2129 2564 ludant
2155 2525 2311 2579 quam

725 2608 1008 2662 histrione.
1052 2601 1107 2654 in
1145 2616 1301 2655 scena
1330 2617 1343 2663 ;
1374 2602 1480 2653 imo
1506 2612 1563 2653 ut
1592 2602 1765 2655 verius
1789 2600 1991 2666 dicam,
2024 2616 2123 2654 nec
2149 2602 2304 2655 διιειὶ-

726 2715 854 2752 nere
892 2699 1091 2767 possint
1143 2692 1433 2747 sacerdotis
1478 2707 1758 2761 personam
1794 2709 1807 2744 :
1838 2701 1941 2744 tam
1980 2693 2162 2761 procul
2207 2707 2311 2745 non

722 2792 895 2845 solum
931 2807 961 2844 ει
999 2794 1257 2849 veritate,
1291 2802 1468 2839 verum
1516 2786 1674 2839 etiam
1716 2786 1783 2840 ab
1822 2786 1931 2855 ipsa
1976 2788 2314 2863 simulatione

722 2884 1001 2937 sacerdotii
1033 2884 1246 2937 absunt.
1277 2878 1575 2932 Recordare
1608 2879 1762 2946 igitur
1782 2879 2046 2947 quomodo
2073 2888 2179 2932 tum
2208 2882 2313 2934 Aa-

726 2991 819 3026 rtm
846 2974 1012 3031 ructus
1037 2976 1105 3027 sit
1126 2968 1396 3032 sacerdos,
1422 2977 1549 3037 quot
1576 2969 1774 3022 hostias
1800 2985 1893 3038 pro
1921 2970 2009 3023 illo
2031 2970 2314 3025 immolarit

723 3064 894 3117 Moses
919 3106 933 3128 ,
972 3073 1101 3132 quot
1146 3060 1391 3117 victimas
1438 3063 1817 3128 prostraverit,
1854 3063 2119 3130 quomodo
2164 3063 2311 3117 illum

725 3156 945 3219 laverit,
972 3155 1238 3223 quomodo
1271 3152 1480 3203 unxerit
1514 3152 1677 3218 ipsius
1706 3162 2000 3205 extremum
2026 3155 2273 3209 auricnlce
2292 3196 2308 3223 ,

723 3260 933 3298 manum
964 3246 1240 3309 dextram,
1278 3241 1465 3308 pedem
1497 3241 1775 3307 dextrum,
1806 3242 1999 3298 deinde
2040 3244 2089 3296 in
2131 3254 2310 3299 sancta

722 3347 1023 3389 sanctorum
1056 3334 1409 3388 introduxerit
1433 3346 1448 3393 ;
1490 3340 1606 3399 post
1626 3331 1977 3398 lnecjusserit
1999 3334 2311 3407 praescripto

720 3426 926 3479 dierum
953 3440 1175 3478 numero
1205 3436 1423 3476 manere
1450 3420 1611 3473 intus.
1635 3420 1772 3486 Quin
1803 3423 1977 3491 potius
1997 3439 2175 3493 operae
2203 3440 2314 3493 pre-

726 3516 855 3568 tium
883 3524 963 3569 est
991 3515 1101 3582 ipsa
1130 3515 1289 3566 verba
1323 3509 1505 3563 audire
1536 3528 1548 3563 :
1585 3509 1709 3564 Iltec
1729 3553 1744 3577 ,
1776 3512 1978 3581 inquit,
2008 3516 2173 3567 unctio
2206 3517 2309 3567 Aa-

722 3622 831 3669 ron,
859 3614 904 3658 et
931 3605 1097 3657 unctio
1124 3605 1344 3670 ﬁliorum
1373 3601 1499 3670 ejus.
1526 3600 1603 3653 Et»
1618 3602 1853 3670 loquutus
1876 3613 1949 3655 est
1976 3603 2221 3659 Dominus
2243 3607 2312 3661 ad

726 3697 918 3749 Mosem
956 3696 1125 3748 dicens
1156 3712 1173 3748 :
1202 3696 1416 3748 Assume
1450 3692 1621 3745 Aaron
1659 3702 1704 3745 et
1742 3692 1875 3761 ﬁlios
1912 3696 2049 3762 ejus,
2076 3706 2123 3748 et
2156 3697 2311 3752 stolas

722 3805 922 3853 eorum,
952 3797 999 3839 et
1032 3787 1278 3840 unctionis
1322 3784 1522 3845 oleum,
1562 3794 1607 3835 et
1635 3784 1842 3835 uitulum
1873 3766 1964 3853 ptio
2004 3802 2202 3854 peccato
2223 3830 2238 3854 ,
2266 3798 2309 3841 et

721 3880 956 3943 arietem,
986 3886 1032 3931 et
1070 3893 1287 3929 convoca
1328 3890 1639 3943 synagogam
1676 3874 1744 3925 ad
1784 3876 1965 3928 ostium
2004 3875 2311 3931 tabernaculi

720 3970 1008 4023 testimonii.
1038 3968 1103 4021 Et
1128 3970 1254 4022 dixit
1282 3967 1451 4020 Moses
1478 3966 1721 4019 universae
1760 3968 2071 4021 multitudini
2103 3986 2312 4041 congre-

719 4070 850 4130 gattt'
877 4077 895 4112 :
921 4060 1001 4111 hic
1024 4068 1095 4112 est
1121 4075 1303 4121 sermo,
1332 4071 1478 4125 quem
1507 4056 1761 4107 mandauit
1786 4056 2051 4110 Dominus.
2080 4058 2148 4111 Et
2169 4070 2308 4128 post-

719 4167 870 4219 quam
898 4150 1194 4204 admovisset
1223 4165 1303 4201 eos
1334 4145 1637 4217 (dicendum
1666 4157 1747 4199 est
1774 4148 1913 4201 enim
1944 4151 2306 4221 compendio),

719 4244 836 4295 lavit
858 4257 939 4294 eos
959 4256 1110 4310 aqua,
1137 4240 1303 4292 induit
1326 4237 1517 4301 tunica,
1546 4238 1697 4291 cinxit
1723 4255 1871 4303 zona,
1899 4240 2061 4293 induit
2088 4245 2311 4314 epcndy-

719 4344 799 4384 ten
816 4373 829 4392 ,
856 4332 1092 4397 imposuit
1121 4331 1408 4393 ltumerale,
1441 4328 1701 4398 prwcina‘it
1726 4328 1873 4381 illum
1898 4346 1957 4382 ac
1981 4331 2304 4401 substrinxit,

717 4422 953 4489 imposuit
980 4420 1225 4473 rationale
1242 4460 1257 4484 ,
1289 4430 1332 4472 et
1358 4436 1509 4488 super
1535 4419 1782 4472 rationale
1805 4421 2043 4491 imposuit
2069 4423 2303 4477 declara-

717 4515 902 4565 tionem
928 4522 973 4565 et
1002 4514 1255 4566 veritatem
1284 4526 1303 4564 :
1327 4522 1371 4563 et
1398 4511 1596 4563 mitram
1626 4512 1861 4580 imposuit
1888 4514 2043 4581 capiti
2069 4514 2227 4581 illius,
2248 4526 2307 4570 et

717 4620 868 4671 super
910 4604 1111 4656 mitram
1155 4603 1397 4655 laminam
1442 4618 1646 4654 auream
1686 4619 1703 4655 :
1739 4603 1919 4657 deinde
1958 4614 2158 4673 sumpto
2196 4608 2304 4661 oleo

718 4693 993 4761 conspersit
1023 4694 1183 4745 altare
1202 4734 1216 4755 ,
1246 4700 1291 4744 et
1321 4693 1647 4758 sanctiﬁcavit
1672 4693 1839 4755 illud;
1867 4704 1912 4746 et
1937 4709 2056 4748 vasa
2076 4737 2089 4757 ,
2117 4704 2163 4749 et
2198 4697 2305 4766 pel-

717 4788 815 4838 uim
839 4795 883 4839 et
908 4785 1088 4848 basim,
1115 4794 1161 4836 et
1186 4784 1518 4850 sancti/ienuit
1546 4801 1620 4848 ea,
1648 4795 1693 4837 et
1713 4785 1889 4851 e/I'udit
1915 4803 1977 4839 ea:
2003 4805 2058 4841 eo
2080 4788 2132 4840 in
2153 4801 2304 4858 caput

718 4878 887 4927 Aaron
918 4890 937 4928 :
967 4884 1011 4927 et
1039 4861 1323 4954 ﬁliisjllius
1350 4873 1578 4926 similiter
1602 4860 1736 4941 fecit,
1769 4885 1813 4927 et
1836 4875 2049 4929 adduxit
2070 4879 2301 4934 vitulum.

719 4964 843 5019 Cum
870 4974 1034 5016 autem
1054 4956 1367 5017 'iminolasset
1393 4980 1526 5028 eum,
1560 4974 1821 5034 postquam
1850 4965 2020 5020 Aaron
2039 4984 2154 5021 cum
2182 4970 2305 5036 ﬁliis

717 5055 823 5107 suis
848 5055 1163 5123 imposuisset
1185 5070 1383 5119 manus,
1408 5056 1621 5123 sumpsit
1646 5057 1708 5107 de
1730 5058 1975 5125 sanguine
2000 5066 2045 5109 et
2065 5058 2304 5125 imposuit

716 5144 950 5198 cornibus
984 5144 1187 5205 altaris,
1217 5154 1260 5198 et
1288 5144 1569 5213 puri/icavit
1607 5145 1795 5209 altare,
1828 5156 1873 5198 et
1901 5148 2195 5216 sanguinem
2222 5152 2301 5220 ef-

717 5236 847 5305 fudit
871 5236 925 5287 in
945 5234 1104 5287 basim
1127 5234 1329 5299 altaris,
1348 5245 1391 5289 et
1412 5235 1739 5303 sanctiﬁcavit
1759 5236 1909 5303 illud,
1931 5246 1986 5291 ut
2006 5240 2302 5312 propitiaret

716 5341 870 5395 super
892 5326 1038 5377 illud.
1068 5323 1267 5379 Deinde
1291 5334 1551 5395 postquam
1575 5327 1805 5395 quaedam
1831 5344 1896 5381 ex
1917 5328 1994 5382 his
2015 5326 2299 5398 cremasset,

716 5415 821 5469 alia
846 5417 970 5485 foris
989 5457 1003 5481 ,
1035 5417 1139 5468 alia
1164 5417 1297 5469 intus
1317 5457 1331 5479 ,
1364 5416 1575 5469 adduxit
1599 5434 1773 5473 rursus
1798 5419 2002 5473 arietem
2022 5461 2035 5482 ,
2063 5432 2109 5473 et
2137 5423 2303 5490 ipsum

718 5490 989 5558 immolavit
1012 5506 1066 5558 in
1093 5506 1462 5571 holocaustum,
1488 5516 1532 5559 et
1552 5508 1731 5560 iterum
1755 5508 1969 5563 adduxit
1993 5510 2149 5563 alium
2171 5513 2303 5565 arie-

716 5609 813 5650 tem
840 5600 1284 5653 consummationis
1312 5614 1331 5652 :
1355 5609 1401 5651 et
1431 5615 1603 5651 rursus
1632 5599 1831 5653 Aarone
1854 5617 1968 5655 cum
1996 5602 2116 5671 filiis
2141 5604 2305 5670 impo-

718 5699 865 5742 nente
889 5706 1066 5742 manus
1087 5689 1269 5743 occidit
1291 5704 1309 5742 :
1332 5706 1631 5761 sumensque
1651 5691 1713 5743 de
1734 5693 1976 5761 sanguine
1999 5694 2127 5762 ejus,
2155 5711 2303 5764 super

716 5790 991 5833 extremum
1034 5780 1275 5835 auricula:
1309 5782 1478 5835 Aaron
1513 5782 1701 5837 dextra:
1724 5822 1738 5847 ,
1769 5792 1815 5835 et
1847 5799 1998 5853 super
2026 5797 2301 5839 extremum

1471 394 1527 451 S.
1568 393 1846 451 JOANNIS
1884 389 2361 460 CIIRYSOSTOMI
2400 390 2719 448 ARCHIEP.
2758 392 3293 452 CONSTANTlNOP.

3936 398 4038 451 9!?

2423 522 2605 562 manus
2628 504 2849 573 dextrae,
2878 517 2926 562 et
2962 525 3116 578 super
3141 518 3417 564 extremum
3454 511 3599 579 pedis
3630 510 3804 564 dextri
3822 552 3839 575 ,
3878 512 4039 563 simia

2425 598 2576 653 πιοάο
2602 598 2719 667 fecit
2739 608 2786 653 et
2807 599 2927 669 ﬁliis
2952 599 3108 653 illius.
3138 598 3331 653 Deinde
3353 617 3553 654 sumens
3582 602 3823 669 qua'dam
3846 602 3919 652 de
3942 604 4035 651 Iro-

2421 688 2521 742 stia
2561 689 2797 758 imposuit
2834 690 3065 744 manibus
3106 689 3280 744 Aaron
3322 700 3371 743 et
3406 691 3630 759 filiorum
3668 696 3818 763 ejus,
3853 708 3925 743 ac
3962 707 4035 743 ac

2422 779 2621 833 obtulit.
2649 780 2717 834 Et
2741 791 2944 850 sumpto
2968 797 3143 835 rursus
3171 782 3415 852 sanguine
3439 792 3486 836 et
3512 782 3575 837 de
3598 783 3713 837 oleo
3740 794 4032 853 compa-stt

2420 884 2574 939 super
2594 870 2765 924 Aaron
2794 879 2840 924 et
2863 871 3018 927 stolas
3040 871 3200 939 illius,
3228 882 3275 925 et
3297 888 3451 943 super
3471 875 3607 941 ﬁlios
3624 876 3775 946 ejus,
3793 885 3845 928 et
3872 892 4032 943 super

2420 960 2578 1013 stolas
2611 976 2785 1014 eorum
2812 975 2832 1014 :
2850 970 2897 1015 et
2919 962 3250 1030 sanctiﬁcavit
3276 979 3389 1030 eos,
3412 972 3460 1017 et
3485 966 3641 1035 jussit
3665 976 3727 1018 ut
3752 976 4032 1035 coquereut

2421 1066 2599 1105 carnes
2626 1051 2681 1105 in
2707 1052 2838 1105 atrio
2869 1051 3177 1107 tabernaculi
3206 1055 3492 1120 testimonii,
3525 1038 3731 1125 illicque
3754 1060 3828 1112 eis
3854 1074 4029 1112 vesce-

2421 1153 2599 1196 rentur
2629 1157 2648 1197 :
2688 1154 2735 1196 et
2769 1144 2832 1198 ab
2867 1146 2996 1198 ostio
3032 1146 3342 1199 tabernaculi
3376 1148 3645 1201 testimonii
3686 1165 3755 1203 ne
3791 1151 4028 1219 egreditr

2422 1233 2581 1295 mini,
2612 1232 2814 1303 inquit,
2845 1234 2952 1288 dies
2980 1244 3203 1305 septem,
3232 1236 3391 1289 donec
3428 1235 3534 1291 dies
3566 1237 3847 1307 impleatur
3866 1279 3883 1305 ,
3920 1238 4029 1291 dies

2420 1326 2753 1383 ordinationis
2780 1339 2974 1384 vestra.
3007 1331 3215 1401 Septem
3239 1332 3372 1386 enim
3397 1333 3567 1388 diebus
3588 1335 3811 1389 initiabit
3836 1352 4029 1389 manus

2419 1426 2609 1471 uestras
2629 1459 2644 1481 ,
2670 1428 2724 1472 ut
2755 1422 3057 1489 propitietur
3081 1438 3173 1491 pro
3199 1424 3336 1475 vobis
3360 1420 3550 1495 (Leuit.
3583 1424 3636 1479 7.
3667 1424 3773 1490 55;
3806 1424 3861 1481 8.
3892 1428 3950 1480 1.
3982 1440 4028 1478 et

2418 1509 2603 1578 seqq.).
2629 1508 2762 1564 Cum
2786 1510 2947 1580 igitur
2969 1511 3112 1567 dicat
3141 1512 3226 1567 his
3252 1514 3413 1569 rebus
3439 1515 3698 1570 initiatum
3728 1517 3899 1572 fuisse
3924 1519 4030 1571 Διί

2420 1614 2539 1665 ron,
2573 1600 2655 1654 bis
2686 1600 3044 1671 puriﬁcatum,
3075 1602 3159 1659 his
3186 1604 3594 1672 sanctificatum,
3628 1622 3725 1676 per
3752 1608 3871 1663 haec
3901 1609 4029 1675 pla-

2420 1705 2570 1744 casse
2600 1692 2768 1746 Deum
2788 1734 2805 1759 ,
2833 1692 2966 1747 nihil
2994 1702 3173 1748 autem
3202 1695 3391 1749 horum
3417 1711 3557 1751 nunc
3583 1697 3673 1751 liat
3691 1740 3706 1763 ,
3737 1713 3918 1768 neque
3946 1701 4029 1753 vi-

2419 1784 2578 1837 ctima
2616 1799 2789 1855 neque
2818 1786 3210 1852 holocaustum,
3244 1802 3414 1857 neque
3452 1789 3723 1858 sanguinis
3752 1791 4024 1858 aspersio,

2421 1888 2594 1943 neque
2622 1874 2727 1929 olei
2754 1874 2991 1930 inunctio
3010 1918 3027 1943 ,
3058 1890 3159 1932 nec
3181 1877 3320 1931 adsit
3347 1878 3742 1934 tabernaculum
3772 1883 4027 1935 testimo-

2418 1968 2491 2020 nii
2512 2008 2526 2033 ,
2555 1982 2729 2036 neque
2763 1968 2830 2023 ad
2859 1968 3177 2037 prtelinitum
3215 1970 3420 2023 dierum
3445 1986 3726 2026 numerum
3766 1973 4025 2029 sedeatur

2419 2059 2560 2113 intus
2584 2078 2596 2113 :
2626 2060 2867 2130 profecto
2896 2060 3070 2130 palam
3096 2071 3178 2116 est
3203 2061 3557 2129 sacerdotem,
3585 2064 3674 2132 qui
3703 2079 3849 2119 nunc
3876 2066 4023 2134 apud

2419 2150 2552 2204 istos
2580 2161 2697 2215 est,
2728 2150 2995 2219 impurum
3026 2165 3090 2205 ac
3114 2150 3372 2206 nefarium
3402 2166 3553 2219 esse,
3588 2153 3931 2224 illegitimum
3960 2171 4024 2209 ac

2421 2240 2721 2308 profanum,
2749 2239 2977 2310 denique
3005 2238 3072 2294 ad
3101 2240 3232 2307 iram
3262 2241 3429 2295 Deum
3459 2256 3767 2312 provocare.
3800 2244 4019 2299 Etenim

2417 2329 2463 2383 si
2503 2345 2609 2385 non
2655 2340 2862 2398 poterat
2905 2331 3062 2386 aliter
3101 2332 3438 2397 consecrari,
3470 2333 3571 2387 nisi
3603 2333 3748 2389 hisce
3784 2335 3981 2390 ritibus
4005 2378 4019 2397 ,

2420 2422 2639 2475 omnino
2667 2437 2887 2477 necesse
2915 2432 2999 2478 est
3038 2432 3207 2479 totum
3254 2424 3610 2479 sacerdotium
3649 2426 3866 2484 illorum
3912 2444 4021 2481 non

2417 2510 2733 2566 consistere.
2767 2510 2931 2566 Vides
2958 2527 2988 2565 a
3018 2527 3105 2568 me
3143 2514 3333 2567 merito
3359 2513 3575 2580 dictum,
3609 2515 3750 2585 quod
3786 2532 3895 2570 non
3928 2532 4020 2571 so-

2418 2602 2528 2655 lum
2558 2617 2586 2655 a
2617 2588 2839 2659 veritate
2862 2642 2880 2669 ,
2911 2618 3095 2658 verum
3126 2604 3285 2659 etiam
3314 2604 3383 2659 ab
3424 2604 3536 2674 ipsa
3567 2606 3644 2660 rei
3673 2607 4023 2662 simulatione

2420 2694 2603 2759 procul
2632 2693 2844 2747 absunt.

2438 2794 2447 2805 '
2490 2780 2543 2834 6.
2576 2781 2780 2847 Quanta
2807 2782 2871 2835 sit
2899 2782 3167 2837 sacerdotii
3194 2782 3433 2854 dignitas.
3456 2815 3527 2824 —
3552 2783 3660 2839 Nec
3690 2802 3755 2840 ex
3785 2786 3867 2840 his
3903 2797 4022 2841 tan-

2419 2880 2531 2925 tum
2551 2912 2568 2936 ,
2598 2886 2780 2925 verum
2806 2872 2965 2926 etiam
2993 2888 3059 2927 ex
3088 2872 3205 2927 aliis
3229 2872 3436 2929 discere
3464 2874 3605 2939 licet,
3630 2889 3825 2944 quanta
3854 2876 4025 2931 fuerit

2418 2961 2701 3016 sacerdotii
2731 2958 2981 3030 dignitas.
3020 2962 3248 3016 Proinde
3274 2977 3393 3017 cum
3421 2963 3678 3020 adversus
3705 2968 3882 3019 Aaron
3930 2984 4018 3021 se-

2418 3052 2673 3107 ditionem
2699 3053 2991 3107 movissent
3017 3052 3258 3107 homines
3284 3054 3497 3123 quidam
3521 3055 3766 3109 scelerati
3795 3058 4024 3125 perditi-

2416 3160 2552 3215 que,
2580 3152 2834 3198 conantes
2864 3160 2989 3198 eum
3014 3159 3044 3197 a
3072 3144 3370 3215 principatu
3396 3145 3665 3215 depellere
3684 3187 3700 3210 ,
3733 3156 3787 3201 et
3814 3147 3881 3201 de
3916 3148 4021 3201 lio.

2418 3251 2548 3290 noro
2585 3253 2706 3290 cum
2754 3236 2843 3289 illo
2884 3236 3243 3305 disceptarent
3282 3253 3296 3288 :
3334 3238 3796 3292 mansuetissimus
3838 3239 4025 3296 Moses

2416 3326 2636 3395 cupiens
2664 3325 2765 3379 illis
2787 3325 2946 3379 rebus
2971 3325 3098 3394 ipsis
3123 3324 3299 3379 facere
3324 3324 3501 3391 fidem,
3526 3328 3667 3396 quod
3694 3343 3799 3382 non
3823 3338 3880 3382 ut
3909 3330 4020 3383 fra-

2418 3429 2551 3474 trem
2574 3460 2587 3483 ,
2617 3429 2708 3473 aut
2730 3428 3045 3490 cognatum,
3079 3427 3172 3472 aut
3195 3418 3507 3473 familiarem
3526 3460 3542 3486 ,
3567 3421 3833 3476 evexisset
3862 3421 4019 3477 illum

2417 3511 2485 3564 ad
2514 3527 2633 3565 eum
2675 3511 2933 3564 honorem
2956 3551 2972 3577 ,
3013 3510 3107 3565 sed
3146 3511 3238 3564 Dei
3280 3526 3472 3579 parens
3498 3512 3673 3566 edicto
3704 3512 4022 3569 tradidisset

2416 3600 2490 3655 illi
2519 3601 2874 3655 sacerdotium
2908 3601 3053 3666 illud,
3080 3601 3241 3669 jussit
3267 3610 3323 3655 ut
3350 3617 3678 3669 unaquteque
3705 3603 3880 3657 tribus
3904 3606 4021 3658 vir-

2415 3706 2533 3761 gam
2562 3691 2797 3754 alferret,
2827 3692 2967 3746 idem
2995 3693 3247 3761 prtecepit
3274 3693 3469 3745 Aaroni
3501 3710 3514 3745 :
3537 3708 3659 3745 cum
3686 3695 4017 3761 attulissent,

2416 3799 2604 3838 omnes
2632 3784 2868 3851 accepit,
2900 3792 2955 3837 et
2988 3785 3128 3837 intus
3168 3784 3421 3852 reposuit.
3455 3785 3531 3837 Eo
3568 3783 3709 3838 facto
3729 3786 3892 3854 jussit
3914 3801 4015 3841 ex-

2415 3875 2643 3944 spectari
2668 3875 2905 3929 divinum
2931 3872 3213 3943 judicium,
3242 3874 3381 3942 quod
3410 3891 3504 3945 per
3526 3876 3700 3945 virgas
3729 3878 3849 3931 illas
3868 3890 4015 3933 esset

2416 3966 2812 4035 proferendum.
2846 3966 3045 4021 Deinde
3070 3981 3190 4019 cum
3219 3967 3377 4021 simul
3406 3967 3640 4019 omnium
3678 3969 4011 4038 reliquorum

2416 4058 2577 4126 virgae
2614 4065 2897 4112 manerent
2926 4058 2977 4111 in
3016 4056 3205 4111 eodem
3254 4056 3466 4123 habitu,
3498 4059 3609 4111 sola
3654 4059 3799 4129 virga
3832 4065 4011 4133 Aaron

2414 4146 2771 4216 germinavit,
2819 4145 3141 4215 frondesque
3176 4145 3426 4215 produxit
3466 4162 3526 4200 ac
3565 4147 3772 4203 fructus
3801 4150 3821 4222 (
3850 4134 4007 4206 Nam.

2416 4238 2529 4307 l7),
2556 4247 2611 4292 ut
2639 4237 3010 4307 intelligerent,
3040 4246 3243 4289 natura:
3270 4236 3549 4289 Dominum
3574 4238 3722 4291 illum
3746 4238 4011 4309 delegisse

2413 4330 2590 4383 denuo
2610 4370 2624 4392 ,
2659 4329 2953 4382 litterarum
2982 4328 3097 4380 vice
3126 4327 3261 4380 foliis
3292 4341 3463 4380 usum.
3494 4327 3705 4381 Etenim
3736 4332 3827 4399 qui
3863 4332 4009 4384 initio

2413 4420 2623 4474 dicebat
2648 4436 2662 4473 :
2687 4416 2940 4487 Germinet
2969 4426 3103 4470 terra
3130 4416 3333 4470 herbam
3357 4418 3602 4486 graminis
3632 4418 3785 4488 (Gen.
3813 4422 3868 4473 1.
3897 4423 4006 4489 Η).

2412 4510 2633 4579 ejusque
2672 4509 2778 4560 vim
2809 4507 2883 4565 ad.
2906 4506 3329 4561 fructiiieandum
3356 4509 3641 4562 excitavit:
3674 4509 3817 4565 idem
3852 4520 3911 4565 et
3945 4513 4005 4565 il-

2412 4601 2502 4655 lud
2533 4599 2730 4669 lignum
2758 4597 2899 4667 quod
2928 4607 3044 4651 erat
3066 4597 3273 4651 aridum
3303 4607 3356 4653 et
3383 4598 3772 4669 infrugil’erum,
3806 4602 3933 4658 fecit
3956 4614 4008 4658 ut

2410 4692 2609 4763 absque
2637 4702 2775 4747 terra
2805 4702 2860 4747 et
2882 4695 2997 4748 sine
3027 4695 3202 4751 radice
3228 4696 3545 4766 germinaret
3572 4715 3585 4750 :
3611 4708 3833 4767 eratque
3858 4701 4007 4754 dein-

2409 4797 2535 4852 ceps
2568 4784 2711 4854 tirga
2742 4785 2827 4837 illa
2857 4795 3228 4854 argumentum
3260 4796 3315 4841 et
3353 4788 3711 4843 tesumonium
3744 4798 3853 4855 tam
3888 4794 4005 4846 illo-

2411 4890 2528 4927 rum
2555 4875 2790 4939 malitiae,
2811 4889 2969 4943 quam
2989 4876 3149 4931 divini
3164 4877 3370 4947 judicii,
3388 4894 3493 4933 non
3518 4882 3768 4937 emittens
3792 4884 4007 4953 quidem

2412 4982 2622 5034 vocem,
2639 4967 2733 5022 sed
2758 4968 2873 5037 ipso
2891 4980 3107 5037 aspectu
3127 4970 3312 5039 quavis
3336 4972 3457 5027 tuba
3478 4972 3672 5027 clarius
3691 4974 4005 5046 exhortans,

2411 5072 2479 5111 ne
2505 5058 2630 5126 quid
2658 5058 2839 5112 talium
2869 5060 3162 5115 facinorum
3188 5062 3240 5115 in
3269 5071 3540 5131 posterum
3562 5050 4004 5134 aggrederentur.

2408 5147 2517 5202 Nec
2561 5149 2662 5203 hoc
2698 5150 2858 5204 modo
2889 5159 3089 5205 tantum
3109 5191 3125 5218 ,
3154 5152 3248 5206 sed
3292 5152 3398 5207 alio
3433 5153 3660 5223 quodam
3688 5170 4010 5225 argumento

2412 5239 2551 5293 Deus
2578 5238 2873 5295 declaravit
2912 5256 3033 5296 eum
3079 5242 3433 5298 sacerd0tem.
3466 5244 3675 5299 Etenim
3705 5262 3828 5300 cum
3856 5251 4008 5303 multi

2412 5343 2552 5386 mota
2594 5334 2850 5387 adversus
2890 5334 3039 5387 illum
3084 5336 3344 5389 seditione
3367 5345 3679 5405 appeterent
3708 5338 3874 5406 ipsius
3910 5340 4008 5393 ho-

2410 5438 2595 5477 norem
2629 5441 2642 5477 :
2675 5423 2999 5492 principatus
3026 5425 3169 5478 enim
3203 5440 3290 5480 res
3328 5436 3410 5478 est
3441 5442 3534 5495 pro
3572 5442 3673 5494 qua
3715 5427 4011 5495 depugnari

2410 5516 2565 5580 solet,
2598 5525 2652 5570 et
2679 5533 2797 5584 qua:
2825 5517 3090 5584 expetitur
3112 5532 3143 5570 a
3176 5516 3350 5571 multis
3384 5534 3398 5570 ε
3426 5518 3583 5585 jussit
3614 5531 3664 5571 ut
3699 5518 3861 5573 illatis
3884 5520 4011 5572 thu-

2412 5606 2618 5671 ribulis,
2648 5616 2702 5660 et
2732 5608 2980 5677 imposito
3011 5607 3375 5677 tliymiamate,
3407 5608 3609 5661 caelitus
3635 5621 4016 5679 exspectarent

2411 5696 2749 5750 sententiam.
2800 5701 2972 5767 Atque
3018 5698 3119 5751 illis
3166 5698 3503 5751 adolentibus
3539 5707 3677 5751 terra
3722 5698 4015 5753 dehiscens

2411 5801 2597 5841 omnes
2623 5787 2916 5855 absorbuit,
2942 5788 3030 5857 qui
3058 5803 3178 5841 cum
3208 5788 3333 5857 ipsis
3360 5800 3781 5843 consenserant:
3810 5804 4021 5862 eoaque
