4142 6332
723 393 826 447 νιδ

720 508 1004 578 ἀναμένειν
1051 507 1245 577 ψῆφον.
1281 509 1390 560 Καὶ
1435 509 1751 579 θυμιώντων
1777 512 1976 575 αὐτῶν,
2013 515 2142 584 ὴγῆ
2188 514 2301 568 διαι

722 594 897 644 στᾶσα
928 591 1136 651 πάντας
1190 589 1416 642 κατέπιε
1469 594 1610 661 τοὺς,
1644 596 2061 665 συναιρομένους
2096 598 2302 659 αὐτοῖς,

720 674 815 726 καὶ
841 674 966 735 τοὺς
995 673 1062 725 τὰ
1104 675 1301 743 πυρεῖα
1326 673 1592 737 λαϐόντας
1615 676 1821 730 ἀνωθεν
1841 678 2136 746 κατέφλεξε
2168 678 2296 749 πῦρ.

719 755 829 815 Καὶ
855 755 943 807 ἱνα
979 753 1052 824 μὴ
1068 754 1146 824 τῷ
1180 757 1356 826 χρόνῳ
1387 756 1524 828 λήθῃ
1552 757 1613 810 τὺ
1641 758 1929 830 γενόμενόν
1957 761 2256 832 παραδοθὲν
2275 774 2298 801 ο

718 838 934 905 ἀγνοεῖν
963 839 1088 900 τοὺς
1134 839 1279 908 μετά
1327 837 1500 892 ταῦτα
1540 844 1662 912 ποιῇ
1715 841 1811 914 τὴν
1866 843 2166 915 παράδοξον
2206 843 2300 896 τοῦ

716 916 852 972 Θεοῦ
884 919 1082 989 ψῆφον,
1116 922 1446 992 προσέταξεν
1474 925 1503 975 6
1524 924 1764 994 Μωῡσῆς
1796 928 1977 980 ἐκεῖνα
2003 925 2072 979 τὰ
2102 930 2300 997 πυρεῖα

716 999 976 1067 λαϐόντας
1006 1005 1325 1081 περιελάσαι
1359 1007 1441 1079 τῷ
1495 1006 1887 1079 θυσιαστηρίῳ,
1933 1010 1998 1063 ἵν’
2027 1009 2215 1082 ὥσπερ
2266 1011 2298 1078 ἡ

717 1085 912 1155 ῥάϐδος
939 1090 1105 1160 χωρὶς
1140 1089 1322 1160 φωνῆς
1352 1092 1505 1160 ἠφίει
1535 1091 1716 1162 φωνὴν
1741 1092 1828 1145 διὰ
1853 1094 1955 1162 τῆς
1979 1094 2174 1164 ὅψεως,
2210 1091 2301 1146 οῦ-

712 1184 791 1220 τω
830 1171 923 1222 καὶ
947 1171 1014 1225 τά
1036 1171 1242 1245 πέταλα
1274 1172 1445 1227 ταῦτα
1486 1177 1599 1238 τοῖς
1633 1175 1770 1246 μετὰ
1789 1176 1956 1229 ταῦτα
1980 1174 2295 1245 διαλέγηται

713 1251 846 1303 πᾶσι
889 1251 1037 1326 [659]
1060 1243 1151 1307 καὶ
1206 1259 1442 1328 παραινῇ
1498 1258 1591 1309 καὶ
1620 1243 1981 1332 συμϐουλεύῃ,
2033 1243 2295 1330 μηδαμῶς

715 1337 998 1404 μιμεῖσθαι
1029 1338 1126 1408 τὴν
1156 1339 1263 1391 τῶν
1294 1341 1572 1413 προτέρων
1601 1342 1806 1400 ἄνοιαν,
1849 1344 1936 1396 ἵνα
1975 1342 2047 1414 μὴ
2068 1345 2164 1415 τὴν
2194 1343 2293 1395 αύ-

710 1419 811 1489 τὴν
846 1420 1176 1490 ὑπομείνωσι
1219 1423 1392 1493 δίκην.
1440 1425 1602 1498 Ὁρᾷς
1627 1427 1744 1490 πῶς
1775 1427 1834 1479 τὸ
1882 1427 2105 1480 παλαιὸν
2139 1428 2187 1479 οί
2217 1429 2292 1479 ίε-

715 1504 829 1570 ρεῖς
861 1503 1322 1575 ἐχειροτονοῦντος
1352 1509 1488 1561 Νυνὶ
1528 1511 1586 1562 δὲ
1620 1511 1842 1578 παίγνια
1869 1509 1939 1563 τὰ
1966 1509 2116 1581 παρά
2159 1511 2291 1562 Ἰου-

710 1584 880 1647 δαίοις
910 1589 1088 1642 πάντα
1134 1590 1230 1643 καὶ
1261 1592 1434 1659 γέλως
1484 1596 1576 1647 καὶ
1608 1595 1838 1664 αἰσχύνη
1895 1595 1990 1648 καὶ
2019 1594 2290 1664 καπηλεῖα

709 1668 806 1720 καὶ
841 1671 1041 1740 μυρίας
1074 1674 1246 1742 μεστὰ
1274 1678 1639 1748 παρανομίας.
1673 1677 1897 1739 Τούτοις
1937 1674 2028 1731 οῦν
2058 1679 2286 1731 ἀκολου-

715 1749 847 1813 θεῖς,
882 1755 1003 1805 είπέ
1036 1773 1146 1824 μοι,
1175 1761 1286 1818 τοῖς
1315 1759 1642 1822 ἀπεναντίας
1666 1759 1756 1814 ἀεὶ
1783 1763 1894 1823 τοῖς
1918 1761 2012 1814 τοῦ
2045 1761 2178 1814 Θεοῦ
2199 1762 2287 1815 νό-

709 1849 834 1901 μοις
863 1837 1073 1889 ἃπαντα
1098 1841 1191 1892 καὶ
1226 1843 1399 1893 ποιεῖν
1439 1844 1532 1895 καὶ
1573 1844 1750 1910 λέγειν
1794 1844 2170 1912 φιλονεικοῦσι,
2193 1848 2287 1899 καὶ

708 1917 845 1986 πρὸς
871 1919 969 1982 τὰς
998 1925 1320 1991 συναγωγὰς
1344 1924 1525 1978 αὐτῶν
1549 1928 1788 1996 τρέχεις;
1827 1929 1920 1981 καὶ
1955 1930 2015 1980 ού
2045 1929 2286 1992 δέδοικας

709 1997 783 2069 μὴ
819 2004 1061 2072 σκηπτὸς
1095 2006 1298 2059 ἀνωθεν
1330 2011 1673 2079 κατενεχθεὶς
1707 2011 2021 2083 καταφλέξῃ
2050 2029 2145 2065 σου
2187 2013 2287 2083 τὴν

708 2085 950 2166 κεφαλήν
967 2104 988 2156 ;ς
1021 2089 1132 2141 Οὐκ
1159 2084 1309 2154 οἶδας
1347 2094 1450 2156 ὅτι,
1487 2093 1590 2146 κᾶν
1621 2094 1694 2164 μὴ
1741 2095 1972 2166 λῃστεύῃ
2006 2114 2109 2157 τις,
2140 2099 2197 2150 ἐν
2229 2099 2286 2150 δὲ

703 2163 783 2236 τῷ
811 2167 917 2220 τῶν
951 2168 1317 2241 λῃστευόντων
1346 2174 1595 2245 σπηλαίῳ
1627 2163 1802 2249 φανῇ,
1825 2178 1922 2248 τὴν
1944 2163 2113 2250 αὐτὴν
2143 2180 2284 2233 ἐκεί-

704 2266 815 2311 νοις
840 2250 1020 2304 δίδωσι
1043 2253 1228 2325 δίκην;
1265 2258 1370 2309 Καὶ
1411 2258 1461 2310 τί
1491 2260 1633 2327 λέγω
1665 2262 1733 2314 τὰ
1762 2261 1869 2314 τῶν
1892 2262 2138 2334 λῃστῶν;

779 2335 923 2386 Ἵστε
972 2338 1143 2407 δήπου
1175 2343 1377 2404 πάντες
1426 2343 1519 2394 καὶ
1554 2345 1852 2416 μέμνησθε,
1884 2347 1971 2400 ὅτε
2011 2350 2138 2412 τοὺς
2193 2353 2285 2402 ἀν-

700 2414 956 2502 δριάντας
987 2421 1235 2474 καθεῖλον
1274 2425 1403 2494 παρ’
1440 2427 1572 2494 ἡμῖν
1603 2414 1787 2498 μιαροί
1817 2448 1960 2493 τινες
2011 2432 2284 2502 ἄνθρωποι

702 2501 795 2551 καὶ
825 2501 1042 2571 γόητες,
1093 2505 1210 2578 πῶς
1245 2507 1344 2559 οὑκ
1386 2510 1582 2561 ἐκεῖνοι
1626 2511 1784 2580 μόνον
1818 2514 1867 2564 οἱ
1892 2501 2279 2586 τολμήσαντες.

699 2583 837 2637 ἀλλὰ
865 2588 958 2637 καὶ
980 2587 1094 2639 ὅσοι
1139 2591 1406 2660 παρόντες
1438 2593 1622 2657 ἁπλῶς
1656 2599 1769 2658 τοῖς
1807 2583 2118 2668 γενομένοις
2150 2601 2283 2668 ἐφά-

699 2684 889 2736 νησαν,
927 2672 1005 2733 είς
1046 2671 1393 2744 δικαστήριον
1450 2678 1890 2748 ἀναρπασθέντες
1933 2683 2025 2734 καὶ
2078 2700 2281 2740 συναπ-

698 2749 955 2832 αχθέντες
981 2753 1230 2818 ἐκείνοις,
1253 2757 1352 2827 τὴν
1382 2761 1615 2829 ἐσχάτην
1642 2758 1848 2815 ἔδωκαν
1878 2763 2034 2832 δίκην
2057 2781 2071 2829 ;
2091 2765 2164 2817 Σὺ
2197 2766 2274 2828 δὲ,

696 2831 825 2884 ἔνθα
855 2837 1045 2906 Πατὴρ
1081 2837 1382 2908 ὑϐρίζεται,
1420 2843 1512 2894 καὶ
1537 2842 1666 2906 Υἱὸς
1705 2844 2122 2915 βλασφημεῖται,
2149 2848 2278 2902 ἔνθα

695 2915 757 2967 τὸ
786 2916 1011 2987 Πνεῦμα
1036 2921 1094 2972 τὸ
1126 2921 1280 2989 ἆγιον
1304 2925 1398 2976 καὶ
1425 2923 1686 2988 ζωοποιὸν
1712 2926 2006 2992 ἀθετεῖται,
2032 2930 2280 2995 σπεύδεις

695 2997 941 3083 τρέχειν,
967 3002 1089 3054 εἰπέ
1127 3021 1252 3074 μοι;
1285 3007 1379 3058 καὶ
1411 3007 1472 3058 ού
1505 3006 1750 3071 δέδοικας
1771 3011 1893 3062 οὐδὲ
1928 3013 2170 3083 φρίττεις
2199 3017 2278 3078 εἰς

693 3080 819 3143 τοὺς
850 3081 1111 3152 βεϐήλους
1149 3087 1240 3139 καὶ
1272 3088 1614 3158 ἀκαθάρτους
1640 3091 1840 3154 τόπους
1879 3080 2120 3157 ἐκείνους
2151 3115 2278 3149 σαυ-

693 3163 785 3216 τὸν
813 3166 1080 3235 είσάγων;
1116 3172 1222 3222 Καὶ
1256 3172 1411 3225 ποίαν
1439 3173 1598 3237 ἕξεις,
1651 3175 1772 3227 είπέ
1816 3193 1927 3244 μοι,
1960 3178 2275 3246 ἀπολογίαν,

692 3247 814 3299 τίνα
838 3252 1192 3323 συγγνώμην,
1222 3254 1362 3308 ἑκὼν
1381 3258 1607 3310 σεαυτὸν
1622 3260 1702 3321 εἰς
1723 3261 1784 3312 τὸ
1809 3261 2084 3332 βάραθρον
2099 3264 2274 3331 ὠθῶν,

693 3333 786 3383 καὶ
819 3335 956 3410 κατά
991 3339 1252 3407 κρημνῶν
1286 3340 1536 3409 ἀφιείςῢς

763 3417 853 3486 Μὴ
887 3420 995 3488 γάρ
1027 3438 1116 3489 μοι
1135 3422 1292 3474 τοῦτο
1321 3424 1500 3496 εἴπῃς,
1527 3425 1607 3476 ὃτι
1643 3425 1806 3493 νόμος
1833 3429 1949 3480 ἐκεῖ
1987 3433 2161 3484 κεῖται
2186 3434 2277 3485 καὶ

692 3501 990 3569 προφητῶν
1041 3502 1240 3572 βιϐλία.
1299 3507 1415 3558 υύκ
1461 3509 1622 3576 ἀρκεῖ
1647 3508 1805 3560 τοῦτο
1845 3511 2072 3580 ποιῆσαι
2113 3514 2275 3568 τόπον

691 3582 865 3647 ἆγιον.
903 3584 966 3635 Τί
989 3585 1098 3656 γὰρ
1128 3588 1311 3656 μεῖζόν
1335 3590 1470 3651 ἐστι,
1500 3590 1678 3658 βιϐλία
1702 3593 1909 3645 κεῖσθαι
1948 3597 2005 3648 ὲν
2043 3596 2210 3667 τόπῳ,
2241 3598 2272 3669 ἢ

693 3664 1029 3732 φθέγγεσθαι
1051 3669 1118 3720 τὰ
1138 3671 1246 3722 ἀπὸ
1287 3672 1394 3723 τῶν
1420 3671 1673 3740 βιϐλίωνς
1707 3673 1941 3745 Εὔδηλον
1970 3679 2138 3732 ὃτιτά
2164 3664 2275 3733 ἀπὸ

690 3746 801 3825 τῶν
831 3747 1053 3815 βιϐλίων
1085 3753 1417 3821 φθέγγεσθαι
1454 3756 1548 3807 καὶ
1595 3756 1737 3825 ἔχειν
1785 3758 1841 3810 ὲν
1871 3759 2149 3825 διανοίαις.
2209 3766 2272 3816 Τί

690 3823 803 3890 οῦν,
829 3830 949 3883 εἰπέ
982 3850 1094 3902 μοι,
1137 3835 1322 3905 ἐπειδὴ
1349 3838 1377 3888 6
1405 3823 1654 3902 διάϐολος
1687 3841 1988 3909 ἐφθέγξατο
2010 3823 2121 3897 ἀπὸ
2165 3847 2272 3899 τῶν

692 3913 942 3981 Γραφῶν,
989 3914 1099 3987 ἆρα
1135 3919 1369 3991 ἡγιάσθη
1414 3921 1683 3975 αύτοῦστὸ
1736 3925 1942 3994 στόμας
1988 3929 2101 3980 Ούκ
2127 3929 2272 3984 ἔστιν

690 3996 888 4061 εἰπεῖν,
926 3998 1042 4049 ἀλλ’
1064 3999 1276 4068 ἔμεινεν
1299 4000 1372 4054 ὢν
1394 4003 1658 4068 διάϐολος.
1690 4006 1754 4057 Τί
1774 4007 1830 4059 δὲ
1857 4019 1877 4046 ο
1910 4010 1959 4080 of
1988 4010 2268 4080 δαίμονες;

689 4079 871 4161 ἐπειδὴ
923 4083 1222 4153 ἐκήρυττον
1269 4085 1363 4138 καὶ
1407 4086 1608 4154 ἔλεγον·
1662 4085 1831 4143 Οὗτοι
1887 4074 1954 4145 οἵ
1973 4074 2270 4161 ἅνθρωποι

687 4160 893 4216 δοῦλοι
906 4164 1012 4217 τοῦ
1029 4167 1176 4220 Θεοῦ
1193 4170 1311 4220 εἱσι
1328 4170 1434 4222 τοῦ
1450 4172 1742 4238 ὑψίστου,
1758 4160 2270 4246 καταγγέλλοντες

688 4251 831 4318 ὑμῖν
861 4251 1008 4304 ὁδὸν
1041 4256 1359 4322 σωτηρίας,
1394 4251 1501 4326 ἆρα
1532 4254 1624 4311 οῦν
1677 4260 1765 4312 διὰ
1816 4263 1980 4314 τοῦτο
2034 4267 2111 4326 εὶς
2144 4269 2268 4330 τοὺς

689 4335 1020 4398 ἀποστόλους
1040 4337 1237 4401 αὐτοὺς
1259 4341 1555 4410 ὲντάξομεν
1576 4359 1590 4406 ;
1614 4344 1895 4414 Οὐδαμῶς,
1926 4347 2041 4399 ἀλλ’
2068 4350 2268 4418 ὁμοίως

687 4419 881 4480 αὐτοὺς
919 4420 1155 4488 μένομεν
1183 4421 1653 4493 ἀποστρεφόμενοι
1681 4428 1773 4478 καὶ
1797 4429 2098 4496 μισοῦντες.
2133 4429 2268 4485 Εἶτα

687 4504 905 4570 ῥήματα
938 4501 1034 4570 μὲν
1062 4503 1446 4574 προφερόμενα
1480 4507 1578 4576 οὐχ
1616 4508 1851 4576 ἁγιάζει,
1886 4511 1955 4564 τὰ
1996 4513 2050 4565 δὲ
2086 4514 2265 4582 βιϐλία

685 4586 912 4654 κείμενα
945 4585 1191 4653 ἀγιάζει;
1229 4589 1324 4640 καὶ
1368 4590 1486 4652 πῶς
1526 4591 1593 4643 ἂν
1628 4592 1739 4662 ἔχοι
1771 4593 1928 4647 τοῦτο
1958 4596 2143 4664 λόγον;
2168 4602 2264 4654 Διὰ

682 4668 839 4720 τοῦτο
867 4669 1104 4738 μάλιστα
1140 4671 1238 4737 μὲν
1273 4673 1415 4739 μισῶ
1445 4673 1544 4743 τὴν
1591 4677 1932 4748 συναγωγὴν,
1959 4673 2143 4752 ἐπειδὴ
2171 4683 2263 4738 τὸν

683 4753 844 4821 νόμον
863 4753 974 4821 ἔχει
1002 4754 1241 4820 καὶτοὺς
1265 4758 1571 4828 προφήτας,
1603 4761 1699 4812 καὶ
1721 4761 1884 4815 πλέον
1914 4765 2082 4836 αὐτὴν
2119 4770 2261 4838 μισῶ

683 4836 798 4901 νῦν,
836 4836 868 4907 ἢ
904 4838 953 4888 εί
991 4839 1156 4907 μηδὲν
1187 4835 1301 4910 εἶχε
1331 4840 1558 4894 τούτων.
1607 4844 1671 4895 Τί
1698 4843 1929 4913 δήποτε;
1966 4835 2086 4901 Ὅτι
2119 4835 2260 4920 μέγα.

679 4921 739 4974 τὸ
768 4920 980 4991 δέλεαρ,
1010 4922 1225 4994 πολλὴὴ
1263 4925 1444 4995 ἀπάτη
1476 4929 1587 4989 τοῖς
1608 4927 1991 5000 ἀφελεστέροις
2011 4935 2260 4988 ἐντεῦθεν

680 5005 908 5070 γίνεται·
936 5006 1059 5057 ἐπεὶ
1091 5007 1185 5060 καὶ
1216 5007 1306 5059 τὸν
1322 5009 1551 5078 δαίμονα
1579 5013 1783 5064 ἐκεῖνον
1800 5013 1885 5066 διὰ
1912 5016 2069 5069 τοῦτο
2097 5021 2257 5088 φθεγ-

679 5089 905 5157 γόμενον
925 5089 1122 5159 μᾶλλον
1158 5091 1193 5162 ἢ
1235 5092 1525 5146 σιωπῶντα
1553 5095 1784 5164 ἤλαυνεν
1812 5099 1839 5149 6
1865 5099 2091 5163 Παῦλος.
2129 5105 2258 5155 Δία·

678 5171 958 5238 πονηθεὶς
990 5174 1133 5243 γὰρξ
1168 5176 1321 5243 φησι,
1357 5175 1438 5239 τῷ
1465 5179 1752 5247 πνεύματι
1777 5176 1965 5233 εἶπεν·
2002 5185 2255 5248 Ἔξελθε

676 5249 776 5307 ἀπ’
816 5254 1027 5322 αὐτῆς.
1061 5255 1345 5320 Καὶπίνος
1385 5260 1599 5325 ἓνεκεν;
1645 5263 1862 5334 Ἐπειδὴ
1897 5265 2044 5319 ἐϐόα·
2080 5265 2255 5323 Οὗτοι

675 5341 728 5392 οι
767 5339 1063 5406 ἅνθρωποι
1099 5342 1306 5396 δοῦλοι
1362 5344 1468 5397 τοῦ
1497 5344 1644 5398 Θεοῦ
1668 5347 1773 5400 τοῦ
1817 5351 2083 5416 ὑψίστου
2108 5355 2247 5408 εἰσί.

677 5420 942 5488 Σιγῶντες
972 5424 1094 5493 μὲν
1108 5425 1216 5495 γὰρ
1247 5428 1347 5496 οὐχ
1381 5426 1553 5491 οὕτως
1591 5431 1836 5499 ἠπάτων,
1889 5434 2251 5504 φθεγγόμενοι

674 5509 728 5561 δὲ
762 5509 987 5572 πολλοὺς
1019 5510 1251 5580 ήμελλον
1277 5513 1386 5564 τῶν
1412 5514 1788 5588 ἀφελεστέρων
1818 5521 2115 5591 ὑποσύρειν
2158 5526 2253 5578 καὶ

737 5634 762 5712 I3
786 5632 864 5681 Sic
885 5647 974 5682 sex
1000 5648 1113 5708 m§s.
1141 5642 1189 5684 et
1205 5637 1316 5685 Sav.
1334 5638 1523 5712 (_Monll':
1544 5659 1632 5712 γιν.
1659 5645 1898 5707 παραδοθῇ
1924 5647 2003 5692 καὶ
2027 5649 2249 5712 ἀγνοεῖν.)

677 5695 762 5766 liq.
789 5697 1131 5766 παρασκευάσῃ
1158 5712 1244 5766 pr_n
1265 5695 1397 5762 ποίῇ,
1419 5695 1704 5766 ροειγῷῆφον
1726 5695 1928 5766 ῥοηυιίὶ.

731 5753 760 5848 1:
1097 5753 1226 5820 dubd
1247 5775 1333 5823 pro
1353 5753 1482 5825 ὖυῐε.
1519 5753 1649 5827 ἀῲέίξ
1672 5753 1965 5830 ι-εἶῑερίιηυε.

1389 393 1444 446 S.
1489 392 1775 452 JOANNIS
1813 397 2305 458 CHRYSOS'FOMI
2344 403 2686 459 ARCHIEP.
2732 405 3279 467 CONSTANTINOP.

3888 411 4004 473 ἵεεᾶ

2411 517 2637 602 πείθειν,
2665 519 2759 572 καὶ
2786 522 2843 574 ὲν
2865 525 2976 584 τοῖς
3002 523 3182 587 ἀλλοις
3215 526 3400 588 αὐτοῖς
3422 525 3730 596 προσέχειν.
3756 529 3872 582 Ἵνα
3886 533 4000 602 γὰρ

2407 598 2579 669 θύραν
2613 602 2864 668 ἀνοίξωσι
2894 607 3015 667 ταῖς
3036 606 3245 658 ἑαυτῶν
3276 609 3532 672 ἀπάταις,
3564 611 3655 662 καὶ
3690 611 3771 681 τῷ
3811 598 3998 682 ψεύδει

2405 683 2608 754 πολλὴν
2653 685 2782 738 δῶσι
2817 690 3154 760 παρρησίαν,
3180 691 3268 744 διὰ
3299 693 3479 765 τοῦτο,
3509 694 3604 745 καὶ
3651 693 3832 765 ἀληθῆ
3876 712 3994 750 τινα

2404 765 2689 836 ἀνέμιξαν,
2716 770 2967 842 καθάπερ
2983 775 3032 825 οί
3061 773 3130 826 τὰ
3151 774 3456 846 δηλητήρια
3470 777 3834 847 κεραννύντες
3852 780 3986 851 φάρ-

2406 866 2580 918 μακα,
2622 853 2797 922 μέλιτι
2832 855 2984 928 [660]
3007 858 3069 910 τὸ
3093 859 3268 930 στόμα
3289 861 3388 930 τῆς
3422 860 3644 923 κύλικος
3667 864 3988 933 περιχρίον-

2402 949 2514 999 τες,
2538 938 2947 1010 εὐπαράδεκτον
2994 942 3209 996 ποιοῦσι
3254 945 3354 1014 τὴν
3397 944 3601 1015 βλάϐην
3630 944 3678 998 ἀ.
3705 946 3808 998 Διά
3835 949 3991 1003 τοῦτο

2401 1018 2463 1088 δὴ
2502 1022 2734 1090 μάλιστα
2759 1023 2970 1087 Παῦλος
2999 1025 3317 1090 διεπονεῖτο,
3368 1029 3462 1081 καὶ
3494 1029 3756 1085 ἔσπευδεν
3791 1035 3989 1098 αὐτοὺς

2400 1102 2775 1172 ἐπιστομίσαι,
2812 1107 2997 1178 ἐπειδὴ
3032 1108 3232 1181 μὴντὴν
3264 1112 3864 1185 αὑτοῖς-προσήκουσαν
3891 1118 3988 1188 ἧρ-

2399 1186 2567 1250 παζον
2590 1187 2764 1251 ἀξίαν.
2799 1190 2898 1242 Διά
2931 1192 3088 1245 τοῦτο
3117 1194 3272 1262 κάγὼ
3309 1197 3453 1266 μισῶ
3491 1198 3799 1264 Ἰουδαίους,
3837 1203 3986 1253 ὲπει-

2397 1270 2460 1341 δὴ
2491 1273 2654 1342 νόμον
2708 1272 2912 1342 έχουσι,
2949 1277 3112 1347 νόμον
3143 1279 3478 1352 ὑϐρίζοντες,
3529 1285 3625 1336 καὶ
3653 1285 3834 1355 ταύτῃ
3864 1286 3985 1347 τοὺς

2399 1355 2794 1428 ἀφελεστέρους
2819 1359 3093 1426 δελεάζειν
3109 1362 3536 1434 ἐπιχειροῦντες.
3554 1367 3669 1418 υύκ
3692 1363 3763 1437 ἦν
3795 1368 3977 1439 ἐγκληι

2399 1459 2474 1512 μα
2514 1447 2767 1502 τοσοῦτον
2796 1451 2997 1514 αὐτοῖς,
3032 1454 3080 1504 εἰ
3115 1450 3189 1522 μὴ
3237 1453 3587 1516 πιστεύοντες
3609 1457 3725 1516 τοῖς
3768 1457 3984 1528 προεξή-

2394 1543 2533 1592 ταις,
2565 1532 2824 1598 ἠπείθουν
2851 1534 2928 1604 τῷ
2948 1535 3316 1604 Χριστῷ.Νῦν
3350 1535 3406 1588 δὲ
3436 1537 3616 1606 πάσης
3640 1538 3984 1609 ἀπεστέρην-

2392 1626 2483 1662 ται
2529 1615 2878 1686 συγγνὼμης,
2932 1618 3162 1681 ἐκείνοις
3219 1619 3317 1688 μὲν
3367 1619 3651 1672 πείθεσθαι
3703 1620 3980 1688 λέγοντες,

2391 1695 2812 1767 καθυϐρίζοντες
2832 1701 2887 1754 δὲ
2918 1702 3010 1754 τὸν
3041 1703 3515 1773 προφητευόμενον
3545 1706 3634 1758 ὑπ’
3664 1705 3908 1759 ἐκείνων.

2464 1779 2530 1843 ζ’.
2555 1781 2731 1845 Ὃλως
2761 1783 2817 1836 δὲ
2845 1787 2893 1838 εί
2920 1785 3181 1854 νομίζεις,
3207 1785 3341 1838 διότι
3365 1787 3527 1856 νόμος
3553 1789 3670 1840 ἐκεῖ
3691 1791 3868 1840 κεῖται
3887 1785 3974 1841 καὶ

2392 1864 2689 1934 προφητῶν
2714 1866 2914 1936 βιϐλία,
2951 1869 3041 1922 τὸν
3061 1871 3226 1950 τόπον
3253 1870 3407 1936 ἀγιον
3428 1868 3588 1928 εἶναι,
3619 1870 3740 1941 ὥρα
3769 1889 3851 1924 σοι
3873 1873 3979 1923 λοι-

2392 1949 2491 2001 πὸν
2513 1951 2606 2002 καὶ
2627 1951 2695 2004 τὰ
2715 1952 2930 2016 εἴδωλα,
2949 1949 3182 2017 καὶτοὺς
3209 1955 3372 2017 ναοὺς
3400 1953 3507 2006 τῶν
3531 1950 3768 2006 εἰδώλων
3790 1955 3975 2022 ἁγίους

2389 2031 2529 2087 εἶναι
2559 2037 2819 2105 νομίζειν.
2861 2040 2970 2091 Καὶ
2997 2039 3104 2107 γὰρ
3137 2039 3374 2108 πολέμου
3410 2035 3540 2091 ποτὲ
3573 2038 3977 2101 καταλαϐόντος

2386 2118 2514 2181 τοὺς
2567 2120 2852 2185 Ἰουδαίους
2876 2161 2892 2183 ,
2947 2125 3324 2194 κρατήσαντες
3353 2124 3402 2174 οἱ
3449 2121 3717 2185 Ἀζώτιοι,
3749 2123 3842 2174 καὶ
3877 2123 3976 2193 τὴν

2388 2203 2620 2255 κιϐωτὸν
2657 2205 2934 2269 λαϐόντες,
2969 2209 3046 2267 εἰς
3096 2206 3157 2258 τὸ
3211 2207 3420 2259 ἑαυτῶν
3474 2208 3618 2275 ἱερὸν
3655 2209 3970 2275 εἰσήγαγον.

2385 2280 2532 2354 ’Ἃρα
2557 2283 2648 2340 οῦν
2677 2288 2766 2339 διὰ
2791 2288 2950 2340 τοῦτο
2972 2290 3127 2356 ἅγιος
3150 2285 3218 2360 ἦν
3244 2292 3273 2341 ὁ
3293 2289 3438 2351 ναὸς,
3469 2290 3659 2359 ἐπειδὴ
3688 2291 3787 2360 τὴν
3813 2290 3975 2343 κιϐωο

2384 2366 2474 2419 τὸν
2507 2365 2690 2437 εἷχεν;
2727 2371 3012 2440 Οὐδαμῶς,
3044 2373 3180 2425 ἀλλά
3220 2373 3312 2426 καί
3342 2372 3571 2442 βέϐηλος
3602 2374 3699 2425 καὶ
3723 2373 3974 2444 ἀκάθαρο

2383 2471 2494 2517 τος.
2529 2453 2630 2506 Καὶ
2665 2455 2868 2518 εὐθέως
2896 2456 3053 2508 τοῦτο
3079 2456 3165 2510 διά
3186 2458 3294 2510 τῶν
3316 2458 3494 2527 ἔργων
3522 2459 3818 2511 ἐδείκνυτο.
3857 2460 3974 2511 ’Ὶνα

2384 2537 2490 2607 γὰρ
2540 2536 2787 2605 μάθωσιν
2836 2539 2885 2590 οί
2935 2539 3185 2609 πολέμιοι
3217 2541 3298 2593 ὅτι
3331 2543 3390 2593 ού
3447 2541 3514 2594 δι’
3549 2540 3840 2594 ἀσθένειαν
3877 2543 3972 2594 τοῦ

2378 2617 2542 2682 Θεοῦ,
2579 2619 2715 2673 ἀλλά
2747 2620 2835 2672 διά
2876 2622 2976 2692 τὴν
3029 2623 3377 2693 παρανομίαν
3405 2625 3514 2677 τῶν
3557 2626 3973 2694 θεραπευόντων

2383 2701 2545 2754 αὑτὸν
2569 2704 2600 2773 ἡ
2623 2697 2761 2772 ἦττα
2782 2704 2973 2772 γέγονε
2990 2722 3005 2735 ’
3038 2709 3130 2758 καὶ
3154 2708 3186 2777 ἡ
3216 2707 3447 2769 κιϐωτὸς
3475 2707 3742 2776 ληφθεῖσα
3768 2709 3974 2777 αἰχμά-

2383 2783 2572 2850 λωτος,
2615 2777 2672 2838 ἐν
2701 2787 2956 2859 ἀλλοτρία
2986 2792 3054 2860 γῇ
3087 2791 3184 2860 τὴν
3215 2792 3368 2859 ἰσχὺν
3397 2791 3495 2862 τὴν
3523 2793 3729 2844 οἰκείαν
3763 2792 3974 2844 ἐπεδεί-

2382 2887 2565 2930 κνυτο,
2596 2871 2677 2933 δίς
2705 2872 2764 2923 τὸ
2789 2874 3006 2926 εἴδωλον
3048 2874 3220 2944 χαμαὶ
3264 2875 3488 2944 ῥίψασα,
3523 2877 3615 2928 καὶ
3635 2876 3972 2944 διακλασθῆ-

2382 2973 2469 3007 ναι
2502 2957 2994 3026 παρασκευάσασα.
3037 2957 3302 3011 Τοσοῦτον
3343 2961 3567 3029 ἀπεῖχεν
3613 2962 3972 3028 ἁγιάσαι-τὸν

2382 3039 2564 3101 τόπον,
2602 3041 2684 3091 ὅτι
2713 3042 2809 3092 καὶ
2844 3040 3100 3110 ἐπολέμει
3127 3041 3203 3110 τῷ
3244 3042 3416 3111 τόπῳ.
3459 3043 3668 3105 Ἀλλως
3703 3044 3789 3108 δὲ,
3838 3047 3970 3096 ποία

2382 3123 2612 3185 κιϐωτὸς
2644 3123 2739 3175 νῦν
2792 3125 2942 3194 παρὰ
2984 3125 3277 3188 Ἰουδαίοις,
3312 3128 3445 3178 ὅπου
3504 3128 3820 3200 ἱλαστήριον
3864 3131 3972 3181 οὐκ

2380 3206 2548 3271 ἔστιν,
2581 3207 2714 3258 ὅπου
2748 3207 2808 3258 ού
2841 3207 3072 3277 χρισμὸς
3097 3249 3112 3272 ,
3143 3208 3204 3260 οὐ
3235 3208 3500 3282 διαθήκης
3529 3211 3758 3274 πλάκες,
3803 3213 3862 3263 ού
3901 3212 3973 3264 τά

2379 3291 2510 3358 ἅγια
2543 3290 2652 3342 τῶν
2679 3288 2870 3357 ἁγίων,
2903 3291 2963 3342 ού
2987 3291 3046 3342 τὸ
3069 3291 3491 3361 καταπέτασμα,
3526 3295 3627 3345 οὐκ
3649 3296 3971 3363 ἀρχιερεὺς,

2377 3377 2436 3428 οὐ
2473 3374 2742 3444 θυμίαμα,
2774 3375 2870 3443 οὐχ
2899 3372 3264 3437 όλοκαύτωσις
3292 3387 3337 3437 ε,
3363 3378 3423 3427 οὐ
3449 3375 3631 3436 θυσία,
3660 3379 3721 3428 οὐ
3745 3377 3813 3428 τά
3831 3378 3972 3431 ἄλλα

2375 3457 2444 3510 τὰ
2477 3459 2730 3511 ποιοῦντα
2758 3459 2960 3528 σεμνὴν
2986 3458 3081 3529 τὴν
3110 3459 3342 3512 κιϐωτὸν
3364 3461 3484 3512 τότε
3513 3461 3764 3529 ἐκείνην;
3809 3461 3972 3530 Ἑμοῖ

2376 3543 2484 3595 τῶν
2501 3545 2591 3595 ἐπὶ
2613 3544 2710 3614 τῆς
2740 3545 2946 3614 ἀγορᾶς
2965 3544 3329 3613 πωλουμένων
3353 3546 3626 3598 κιϐωτίων
3642 3546 3793 3598 οὐδὲν
3815 3547 3970 3615 ἀμει-

2376 3645 2464 3680 νον
2496 3628 2632 3698 αῦτη
2664 3631 2696 3698 ἡ
2718 3628 2948 3690 κιϐωτὸς
2974 3629 3277 3682 διακεῖσθαι
3307 3629 3470 3690 δοκεῖ,
3505 3630 3642 3683 άλλά
3663 3632 3758 3683 καὶ
3783 3629 3969 3701 πολλῷ

2374 3715 2573 3781 χεῖρον.
2605 3713 2713 3765 Καὶ
2737 3712 2844 3782 γὰρ
2866 3715 2992 3775 τοὺς
3021 3713 3317 3784 παριόντας
3342 3715 3492 3767 οὐδὲν
3521 3715 3620 3784 μὲν
3642 3715 3817 3768 ταῦτα
3839 3715 3968 3784 βλά-

2373 3796 2472 3863 ψαι
2504 3796 2726 3849 δύναται
2770 3795 2790 3834 ί
2815 3837 2828 3858 ,
2875 3797 3056 3867 ἐκείνη
3109 3797 3166 3848 δὲ
3211 3797 3410 3866 πολλὴν
3451 3798 3572 3850 καθ’
3601 3798 3818 3868 ἡμέραν
3850 3801 3965 3862 tot;

2373 3880 2510 3949 αὐτῇ
2557 3880 2872 3949 προσιοῦσιν
2909 3881 3202 3950 ἐργάζεται
3243 3881 3467 3951 βλάϐην.
3530 3883 3833 3951 Ἀδελφοί,
3872 3884 3963 3952 μὴ

2372 3963 2579 4015 παιδία
2607 3965 2847 4030 γίνεσθε
2887 3962 3016 4028 ταῖς
3045 3964 3282 4031 φρεσίν,
3327 3964 3488 4018 ἀλλὰ
3525 3964 3601 4033 τῇ
3633 3968 3817 4032 κακίᾳ
3851 3985 3963 4034 νη-

2372 4044 2622 4108 πιάζετε,
2653 4047 2744 4099 καὶ
2769 4049 2892 4109 τοὺς
2928 4046 3063 4116 πρὸς
3083 4045 3254 4099 ταῦτα
3279 4049 3650 4118 ἐπτοημένους
3678 4052 3780 4119 τῆς
3803 4052 3962 4104 ἀκαί-

2375 4146 2466 4198 ρου
2501 4128 2707 4198 ταύτης
2748 4131 2989 4196 ἀγωνίας
3028 4130 3492 4195 ἀπαλλάττοντες,
3539 4131 3874 4186 παιδεύσατε
3906 4134 3962 4186 τί

2370 4211 2474 4280 χρὴ
2509 4212 2791 4282 φοϐεῖσθαι
2821 4212 2914 4263 καὶ
2941 4211 3256 4274 δεδοικέναι,
3283 4214 3404 4284 ούχὶ
3431 4216 3530 4285 τὴν
3560 4215 3792 4268 κιϐωτὸν
3821 4216 3960 4269 ταύιΔ

2368 4312 2488 4362 την,
2512 4295 2647 4348 ἀλλά
2683 4296 2742 4347 τὸ
2767 4294 3153 4366 καταφθείρειν
3183 4297 3272 4349 τὸν
3297 4299 3423 4350 ναὸν
3449 4299 3542 4350 τοῦ
3574 4299 3710 4350 Θεοῦ
3734 4299 3825 4352 διὰ
3851 4301 3961 4353 τῶν

2368 4380 2483 4432 ἐκεῖ
2505 4381 2739 4451 δρόμων,
2768 4381 2857 4433 διά
2876 4383 2966 4434 τοῦ
2991 4383 3126 4453 πρὸς
3150 4382 3242 4434 τὸν
3261 4383 3605 4452 ηἸουδαῖσμὸν
3630 4384 3957 4450 συνειδότος,

2364 4463 2454 4515 διά
2486 4465 2587 4532 τῆς
2606 4466 2834 4535 ἀκαίρου
2859 4467 3063 4536 ταύτης
3084 4469 3541 4537 παρατηρήσεως.
3565 4469 3797 4542 οἵτινες
3824 4471 3956 4542 γάρ,

2365 4549 2551 4616 φησιν,
2569 4551 2638 4600 ἑν
2654 4551 2813 4615 νόμῳ
2837 4548 3200 4611 δικαιοῦσθε,
3221 4548 3328 4616 τῆς
3345 4547 3585 4617 χάριτος
3598 4551 3953 4615 ἐξεπέσατε.

2364 4632 2532 4684 Τοῦτο
2558 4632 2662 4701 χρὴ
2693 4631 3023 4694 δεδοικέναι,
3058 4633 3131 4704 μὴ
3163 4633 3303 4685 κατά
3337 4634 3434 4703 τὴν
3474 4635 3686 4705 ἡμέραν
3736 4639 3958 4708 ἐκείνην

2362 4715 2632 4785 ἀκούσητε
2660 4715 2813 4784 παρά
2853 4714 2949 4766 τοῦ
2994 4715 3282 4784 μέλλοντος
3325 4717 3534 4784 κρίνειν
3577 4719 3754 4787 ὑμᾶς’
3823 4720 3957 4773 ’Υπ-

2359 4801 2550 4868 άγετε,
2588 4803 2699 4852 οὐκ
2729 4800 2860 4851 οῖδα
2886 4798 3095 4865 ⁸ὑμᾶς’
3131 4803 3243 4862 τοῖς
3285 4799 3396 4872 γὰρ
3429 4800 3532 4868 ἐμὲ
3569 4802 3956 4872 σταυρώσασιν

2359 4885 2774 4954 ἐκοινωνήσατε,
2811 4884 2904 4936 καὶ
2931 4884 3027 4945 τὰς
3049 4884 3261 4953 ἑορτὰς,
3293 4883 3359 4945 ἃς
3389 4885 3682 4947 κατέλυσα,
3713 4889 3955 4954 φιλονει-

2358 4966 2580 5028 κοῦντές
2608 4985 2696 5035 μοι
2723 4967 2887 5019 πάλιν
2918 4968 3250 5036 ἀνεστήσατε
3269 5009 3283 5027 ,
3328 4969 3464 5037 πρὸς
3491 4970 3588 5031 τὰς
3625 4973 3954 5039 συναγωγάς

2356 5052 2620 5120 ἐδράμετε
2655 5051 2764 5102 τῶν
2815 5054 2896 5113 είς
2946 5052 3049 5120 ἐμὲ
3084 5055 3594 5121 παρανομησάντων
3649 5057 3946 5112 Ἰουδαίων.

2355 5135 2526 5202 Κάγὼ
2563 5137 2660 5206 μὲν
2707 5136 2796 5189 τὸν
2833 5136 2961 5189 ναὸν
2986 5137 3258 5200 καθεῖλον,
3293 5137 3388 5191 καὶ
3423 5140 3668 5209 ἐρείπιον
3711 5143 3948 5208 ἐποίησα

2353 5219 2442 5271 τὸν
2469 5221 2662 5288 σεμνὸν
2692 5221 2898 5272 ἐκεῖνον
2935 5219 3029 5272 καὶ
3055 5221 3256 5290 φρικτά
3279 5221 3581 5292 κατέχοντα
3615 5225 3946 5293 πράγματα,

2353 5304 2507 5374 ὑμεῖς
2529 5305 2583 5357 δὲ
2616 5307 2910 5375 οἰκήματα,
2946 5305 3257 5376 καπηλείων
3284 5307 3436 5360 οὐδὲν
3463 5309 3686 5377 ἄμεινον
3726 5312 3938 5365 διακεί-

2355 5406 2524 5458 μενα,
2570 5390 2663 5442 καὶ
2710 5389 2950 5460 σπήλαια
2989 5393 3013 5430 8
3064 5390 3275 5461 λῃστῶν
3307 5391 3692 5462 ἐθεραπεύετε.
3744 5395 3808 5448 Εἰ
3837 5400 3950 5470 γὰρ

2413 5526 2438 5564 ἀ
2465 5528 2597 5574 Unus
2615 5527 2669 5574 τὸ
2690 5528 2952 5590 φάρμακον.

2418 5593 2440 5655 ίῖ
2464 5592 2654 5655 Semen}
2681 5591 3151 5655 m§s._6)._oxaﬁ¢mmc,
3177 5601 3308 5640 notat
3332 5594 3595 5655 Montl.qui
3623 5595 3806 5645 edebat
3829 5601 3880 5647 ὁ)
3896 5617 3952 5648 a-

2349 5652 2597 5712 καύτωμα.
2623 5652 2772 5698 Savil.
2800 5652 2951 5700 habet
2973 5656 3118 5700 etiam
3140 5657 3479 5710 ὁλοκαύτωσις.

2419 5713 2666 5782 ίέξίὶᾳυοι
2718 5727 2832 5782 Πιβδ.
2899 5717 3062 5782 πολλῷ
3108 5717 3278 5779 χεῖρον.
3335 5717 3496 5765 Ταῦτα
3537 5719 3620 5779 μὲν
3662 5721 3753 5782 γὰρ
3802 5723 3949 5772 οῦίὲν

2351 5776 2674 5852 παραϐλᾲπτει
2698 5775 2806 5830 τοὺς
2827 5778 3094 5852 παριόντας.

2466 5836 2561 5885 Alii
2589 5838 2766 5894 οίκημα
2787 5836 3013 5894 καπήλων
3035 5841 3168 5887 οὐδὲν
3189 5842 3234 5888 ἆ.
3269 5842 3577 5902 διακείμενον,
3609 5860 3652 5892 κ.
3679 5846 3945 5902 σπήλαιον.
