  <div class='ocr_page' id='page_1' title='image "/cluster/home/n/w/nwhite01/storage/ocr_20150623/48/pst.000005712458/400.png"; bbox 0 0 4142 6332; ppageno 0'>
   <div class='ocr_carea' id='block_1_1' title="bbox 205 433 313 488">
    <p class='ocr_par' dir='ltr' id='par_1_1' title="bbox 205 433 313 488">
     <span class='ocr_line' id='line_1_1' title="bbox 205 433 313 488; baseline 0.019 -2"><span class='ocrx_word' id='word_1_1' title='bbox 205 433 313 488; x_wconf 69' lang='grc'><strong>915</strong></span> 
     </span>
    </p>
   </div>
   <div class='ocr_carea' id='block_1_2' title="bbox 200 538 1793 614">
    <p class='ocr_par' dir='ltr' id='par_1_2' title="bbox 200 538 1793 614">
     <span class='ocr_line' id='line_1_2' title="bbox 200 538 1793 614; baseline -0.004 -16"><span class='ocrx_word' id='word_1_2' title='bbox 200 546 291 614; x_wconf 84' lang='lat' dir='ltr'><strong>qui</strong></span> <span class='ocrx_word' id='word_1_3' title='bbox 315 541 576 598; x_wconf 83' lang='lat' dir='ltr'><strong>tlturibula</strong></span> <span class='ocrx_word' id='word_1_4' title='bbox 602 550 963 612; x_wconf 80' lang='lat' dir='ltr'><strong>sumpserant,</strong></span> <span class='ocrx_word' id='word_1_5' title='bbox 992 540 1125 611; x_wconf 82' lang='lat' dir='ltr'><strong>ignis</strong></span> <span class='ocrx_word' id='word_1_6' title='bbox 1145 554 1176 596; x_wconf 90' lang='lat' dir='ltr'><strong>e</strong></span> <span class='ocrx_word' id='word_1_7' title='bbox 1202 540 1333 595; x_wconf 63' lang='lat'><strong>03:10</strong></span> <span class='ocrx_word' id='word_1_8' title='bbox 1353 538 1618 594; x_wconf 86' lang='lat' dir='ltr'><strong>demissus</strong></span> <span class='ocrx_word' id='word_1_9' title='bbox 1638 552 1793 592; x_wconf 79' lang='lat' dir='ltr'><strong>exus-</strong></span> 
     </span>
    </p>
   </div>
   <div class='ocr_carea' id='block_1_3' title="bbox 196 629 1799 706">
    <p class='ocr_par' dir='ltr' id='par_1_3' title="bbox 196 629 1799 706">
     <span class='ocr_line' id='line_1_3' title="bbox 196 629 1799 706; baseline -0.002 -21"><span class='ocrx_word' id='word_1_10' title='bbox 196 635 273 689; x_wconf 90' lang='lat' dir='ltr'><strong>sit</strong></span> <span class='ocrx_word' id='word_1_11' title='bbox 301 633 489 706; x_wconf 81' lang='lat' dir='ltr'><strong>(Num.</strong></span> <span class='ocrx_word' id='word_1_12' title='bbox 523 633 634 702; x_wconf 87' lang='lat' dir='ltr'><strong>l6).</strong></span> <span class='ocrx_word' id='word_1_13' title='bbox 663 632 800 686; x_wconf 79' lang='lat' dir='ltr'><strong>Tum</strong></span> <span class='ocrx_word' id='word_1_14' title='bbox 831 648 899 687; x_wconf 90' lang='lat' dir='ltr'><strong>ne</strong></span> <span class='ocrx_word' id='word_1_15' title='bbox 928 631 1069 702; x_wconf 92' lang='lat' dir='ltr'><strong>quod</strong></span> <span class='ocrx_word' id='word_1_16' title='bbox 1098 631 1366 687; x_wconf 90' lang='lat' dir='ltr'><strong>acciderat</strong></span> <span class='ocrx_word' id='word_1_17' title='bbox 1394 629 1649 699; x_wconf 90' lang='lat' dir='ltr'><strong>temporis</strong></span> <span class='ocrx_word' id='word_1_18' title='bbox 1673 643 1799 700; x_wconf 81' lang='lat' dir='ltr'><strong>pro-</strong></span> 
     </span>
    </p>
   </div>
   <div class='ocr_carea' id='block_1_4' title="bbox 197 718 1795 795">
    <p class='ocr_par' dir='ltr' id='par_1_4' title="bbox 197 718 1795 795">
     <span class='ocr_line' id='line_1_4' title="bbox 197 718 1795 795; baseline -0.003 -17"><span class='ocrx_word' id='word_1_19' title='bbox 197 737 389 795; x_wconf 81' lang='lat' dir='ltr'><strong>gressu</strong></span> <span class='ocrx_word' id='word_1_20' title='bbox 417 723 668 778; x_wconf 76' lang='lat' dir='ltr'><strong>oblivioni</strong></span> <span class='ocrx_word' id='word_1_21' title='bbox 697 722 936 788; x_wconf 86' lang='lat' dir='ltr'><strong>daretur,</strong></span> <span class='ocrx_word' id='word_1_22' title='bbox 969 737 1103 777; x_wconf 92' lang='lat' dir='ltr'><strong>neve</strong></span> <span class='ocrx_word' id='word_1_23' title='bbox 1140 720 1505 777; x_wconf 81' lang='lat' dir='ltr'><strong>admirabilem</strong></span> <span class='ocrx_word' id='word_1_24' title='bbox 1536 719 1674 776; x_wconf 90' lang='lat' dir='ltr'><strong>hanc</strong></span> <span class='ocrx_word' id='word_1_25' title='bbox 1699 718 1795 775; x_wconf 83' lang='lat' dir='ltr'><strong>Dei</strong></span> 
     </span>
    </p>
   </div>
   <div class='ocr_carea' id='block_1_5' title="bbox 197 811 1821 885">
    <p class='ocr_par' dir='ltr' id='par_1_5' title="bbox 197 811 1821 885">
     <span class='ocr_line' id='line_1_5' title="bbox 197 811 1821 885; baseline -0.004 -14"><span class='ocrx_word' id='word_1_26' title='bbox 197 816 520 871; x_wconf 86' lang='lat' dir='ltr'><strong>sententiam</strong></span> <span class='ocrx_word' id='word_1_27' title='bbox 567 815 872 885; x_wconf 75' lang='lat' dir='ltr'><strong>ignorarent</strong></span> <span class='ocrx_word' id='word_1_28' title='bbox 918 814 1152 884; x_wconf 91' lang='lat' dir='ltr'><strong>posteri,</strong></span> <span class='ocrx_word' id='word_1_29' title='bbox 1198 813 1452 884; x_wconf 70' lang='lat' dir='ltr'><strong>prmeepit</strong></span> <span class='ocrx_word' id='word_1_30' title='bbox 1491 811 1703 877; x_wconf 76' lang='lat' dir='ltr'><strong>Moses,</strong></span> <span class='ocrx_word' id='word_1_31' title='bbox 1739 822 1821 865; x_wconf 29' lang='lat' dir='ltr'><strong>ut.</strong></span> 
     </span>
    </p>
   </div>
   <div class='ocr_carea' id='block_1_6' title="bbox 200 902 1795 977">
    <p class='ocr_par' dir='ltr' id='par_1_6' title="bbox 200 902 1795 977">
     <span class='ocr_line' id='line_1_6' title="bbox 200 902 1795 977; baseline -0.003 -15"><span class='ocrx_word' id='word_1_32' title='bbox 200 908 471 963; x_wconf 90' lang='lat' dir='ltr'><strong>thuribttla</strong></span> <span class='ocrx_word' id='word_1_33' title='bbox 513 918 723 977; x_wconf 88' lang='lat' dir='ltr'><strong>sumpta</strong></span> <span class='ocrx_word' id='word_1_34' title='bbox 761 907 1089 977; x_wconf 88' lang='lat' dir='ltr'><strong>applicarent</strong></span> <span class='ocrx_word' id='word_1_35' title='bbox 1123 906 1190 961; x_wconf 88' lang='lat' dir='ltr'><strong>ad</strong></span> <span class='ocrx_word' id='word_1_36' title='bbox 1217 907 1386 961; x_wconf 89' lang='lat' dir='ltr'><strong>altare</strong></span> <span class='ocrx_word' id='word_1_37' title='bbox 1406 947 1421 971; x_wconf 95' lang='lat'><strong>,</strong></span> <span class='ocrx_word' id='word_1_38' title='bbox 1453 914 1511 960; x_wconf 91' lang='lat' dir='ltr'><strong>ut</strong></span> <span class='ocrx_word' id='word_1_39' title='bbox 1537 902 1795 975; x_wconf 90' lang='lat' dir='ltr'><strong>quemad-</strong></span> 
     </span>
    </p>
   </div>
   <div class='ocr_carea' id='block_1_7' title="bbox 198 998 1793 1071">
    <p class='ocr_par' dir='ltr' id='par_1_7' title="bbox 198 998 1793 1071">
     <span class='ocr_line' id='line_1_7' title="bbox 198 998 1793 1071; baseline -0.004 -16"><span class='ocrx_word' id='word_1_40' title='bbox 198 998 418 1055; x_wconf 90' lang='lat' dir='ltr'><strong>modum</strong></span> <span class='ocrx_word' id='word_1_41' title='bbox 449 998 594 1071; x_wconf 84' lang='lat' dir='ltr'><strong>virga</strong></span> <span class='ocrx_word' id='word_1_42' title='bbox 621 999 737 1053; x_wconf 83' lang='lat' dir='ltr'><strong>sine</strong></span> <span class='ocrx_word' id='word_1_43' title='bbox 764 1013 895 1054; x_wconf 89' lang='lat' dir='ltr'><strong>voce</strong></span> <span class='ocrx_word' id='word_1_44' title='bbox 917 1013 1103 1054; x_wconf 87' lang='lat' dir='ltr'><strong>vocem</strong></span> <span class='ocrx_word' id='word_1_45' title='bbox 1134 998 1312 1053; x_wconf 81' lang='lat' dir='ltr'><strong>emisit</strong></span> <span class='ocrx_word' id='word_1_46' title='bbox 1340 998 1455 1067; x_wconf 88' lang='lat' dir='ltr'><strong>ipso</strong></span> <span class='ocrx_word' id='word_1_47' title='bbox 1483 1003 1793 1064; x_wconf 76' lang='lat' dir='ltr'><strong>conSpeetu,</strong></span> 
     </span>
    </p>
   </div>
   <div class='ocr_carea' id='block_1_8' title="bbox 198 1087 1794 1158">
    <p class='ocr_par' dir='ltr' id='par_1_8' title="bbox 198 1087 1794 1158">
     <span class='ocr_line' id='line_1_8' title="bbox 198 1087 1794 1158; baseline -0.004 -15"><span class='ocrx_word' id='word_1_48' title='bbox 198 1088 386 1143; x_wconf 84' lang='lat' dir='ltr'><strong>itidem</strong></span> <span class='ocrx_word' id='word_1_49' title='bbox 416 1096 482 1142; x_wconf 88' lang='lat' dir='ltr'><strong>et.</strong></span> <span class='ocrx_word' id='word_1_50' title='bbox 500 1087 601 1145; x_wconf 79' lang='lat' dir='ltr'><strong>lue.</strong></span> <span class='ocrx_word' id='word_1_51' title='bbox 635 1087 847 1143; x_wconf 66' lang='lat' dir='ltr'><strong>lamina:</strong></span> <span class='ocrx_word' id='word_1_52' title='bbox 884 1098 1127 1158; x_wconf 83' lang='lat' dir='ltr'><strong>posteros</strong></span> <span class='ocrx_word' id='word_1_53' title='bbox 1154 1088 1551 1158; x_wconf 86' lang='lat' dir='ltr'><strong>alloquerentur</strong></span> <span class='ocrx_word' id='word_1_54' title='bbox 1576 1099 1794 1151; x_wconf 87' lang='lat' dir='ltr'><strong>omnes,</strong></span> 
     </span>
    </p>
   </div>
   <div class='ocr_carea' id='block_1_9' title="bbox 197 1180 1801 1251">
    <p class='ocr_par' dir='ltr' id='par_1_9' title="bbox 197 1180 1801 1251">
     <span class='ocr_line' id='line_1_9' title="bbox 197 1180 1801 1251; baseline -0.001 -18"><span class='ocrx_word' id='word_1_55' title='bbox 197 1180 585 1247; x_wconf 82' lang='lat' dir='ltr'><strong>admonerent,</strong></span> <span class='ocrx_word' id='word_1_56' title='bbox 617 1181 788 1251; x_wconf 89' lang='lat' dir='ltr'><strong>iisque</strong></span> <span class='ocrx_word' id='word_1_57' title='bbox 816 1182 1187 1247; x_wconf 85' lang='lat' dir='ltr'><strong>consulerent,</strong></span> <span class='ocrx_word' id='word_1_58' title='bbox 1218 1196 1288 1235; x_wconf 92' lang='lat' dir='ltr'><strong>ne</strong></span> <span class='ocrx_word' id='word_1_59' title='bbox 1327 1180 1590 1250; x_wconf 82' lang='lat' dir='ltr'><strong>majorum</strong></span> <span class='ocrx_word' id='word_1_60' title='bbox 1614 1194 1801 1233; x_wconf 89' lang='lat' dir='ltr'><strong>amen-</strong></span> 
     </span>
    </p>
   </div>
   <div class='ocr_carea' id='block_1_10' title="bbox 200 1271 1794 1342">
    <p class='ocr_par' dir='ltr' id='par_1_10' title="bbox 200 1271 1794 1342">
     <span class='ocr_line' id='line_1_10' title="bbox 200 1271 1794 1342; baseline -0.001 -18"><span class='ocrx_word' id='word_1_61' title='bbox 200 1271 330 1325; x_wconf 88' lang='lat' dir='ltr'><strong>tiam</strong></span> <span class='ocrx_word' id='word_1_62' title='bbox 354 1273 706 1337; x_wconf 89' lang='lat' dir='ltr'><strong>imitarentur,</strong></span> <span class='ocrx_word' id='word_1_63' title='bbox 733 1287 799 1328; x_wconf 91' lang='lat' dir='ltr'><strong>ne</strong></span> <span class='ocrx_word' id='word_1_64' title='bbox 821 1273 1033 1342; x_wconf 88' lang='lat' dir='ltr'><strong>quando</strong></span> <span class='ocrx_word' id='word_1_65' title='bbox 1052 1272 1212 1326; x_wconf 82' lang='lat' dir='ltr'><strong>simili</strong></span> <span class='ocrx_word' id='word_1_66' title='bbox 1237 1272 1794 1342; x_wconf 74' lang='lat' dir='ltr'><strong>pmna‘plecterentur.</strong></span> 
     </span>
    </p>
   </div>
   <div class='ocr_carea' id='block_1_11' title="bbox 200 1345 1798 1426">
    <p class='ocr_par' dir='ltr' id='par_1_11' title="bbox 200 1345 1798 1426">
     <span class='ocr_line' id='line_1_11' title="bbox 200 1345 1798 1426; baseline -0.002 -12"><span class='ocrx_word' id='word_1_67' title='bbox 200 1360 387 1426; x_wconf 84' lang='lat' dir='ltr'><strong>Vides,</strong></span> <span class='ocrx_word' id='word_1_68' title='bbox 405 1373 467 1413; x_wconf 84' lang='lat' dir='ltr'><strong>nt</strong></span> <span class='ocrx_word' id='word_1_69' title='bbox 487 1362 612 1414; x_wconf 89' lang='lat' dir='ltr'><strong>olim</strong></span> <span class='ocrx_word' id='word_1_70' title='bbox 638 1362 943 1416; x_wconf 78' lang='lat' dir='ltr'><strong>sacerdotes</strong></span> <span class='ocrx_word' id='word_1_71' title='bbox 965 1345 1308 1416; x_wconf 82' lang='lat' dir='ltr'><strong>crearentur?</strong></span> <span class='ocrx_word' id='word_1_72' title='bbox 1327 1360 1478 1414; x_wconf 87' lang='lat' dir='ltr'><strong>Nunc</strong></span> <span class='ocrx_word' id='word_1_73' title='bbox 1503 1374 1630 1414; x_wconf 89' lang='lat' dir='ltr'><strong>vero</strong></span> <span class='ocrx_word' id='word_1_74' title='bbox 1653 1360 1798 1412; x_wconf 90' lang='lat' dir='ltr'><strong>lusus</strong></span> 
     </span>
    </p>
   </div>
   <div class='ocr_carea' id='block_1_12' title="bbox 198 1451 1795 1527">
    <p class='ocr_par' dir='ltr' id='par_1_12' title="bbox 198 1451 1795 1527">
     <span class='ocr_line' id='line_1_12' title="bbox 198 1451 1795 1527; baseline -0.003 -18"><span class='ocrx_word' id='word_1_75' title='bbox 198 1458 334 1510; x_wconf 86' lang='lat' dir='ltr'><strong>tueri</strong></span> <span class='ocrx_word' id='word_1_76' title='bbox 380 1466 504 1511; x_wconf 89' lang='lat' dir='ltr'><strong>sunt</strong></span> <span class='ocrx_word' id='word_1_77' title='bbox 544 1457 787 1525; x_wconf 83' lang='lat' dir='ltr'><strong>risusque</strong></span> <span class='ocrx_word' id='word_1_78' title='bbox 806 1497 821 1521; x_wconf 95' lang='lat'><strong>,</strong></span> <span class='ocrx_word' id='word_1_79' title='bbox 849 1472 967 1527; x_wconf 84' lang='lat' dir='ltr'><strong>quae</strong></span> <span class='ocrx_word' id='word_1_80' title='bbox 1007 1456 1141 1510; x_wconf 89' lang='lat' dir='ltr'><strong>ﬁunt</strong></span> <span class='ocrx_word' id='word_1_81' title='bbox 1172 1455 1312 1526; x_wconf 90' lang='lat' dir='ltr'><strong>apud</strong></span> <span class='ocrx_word' id='word_1_82' title='bbox 1339 1455 1552 1509; x_wconf 69' lang='lat' dir='ltr'><strong>Judmos</strong></span> <span class='ocrx_word' id='word_1_83' title='bbox 1578 1451 1755 1508; x_wconf 88' lang='lat' dir='ltr'><strong>omnia</strong></span> <span class='ocrx_word' id='word_1_84' title='bbox 1778 1489 1795 1517; x_wconf 94' lang='lat'><strong>,</strong></span> 
     </span>
    </p>
   </div>
   <div class='ocr_carea' id='block_1_13' title="bbox 199 1544 1799 1617">
    <p class='ocr_par' dir='ltr' id='par_1_13' title="bbox 199 1544 1799 1617">
     <span class='ocr_line' id='line_1_13' title="bbox 199 1544 1799 1617; baseline -0.001 -17"><span class='ocrx_word' id='word_1_85' title='bbox 199 1547 376 1615; x_wconf 87' lang='lat' dir='ltr'><strong>pudor</strong></span> <span class='ocrx_word' id='word_1_86' title='bbox 399 1555 460 1602; x_wconf 77' lang='lat' dir='ltr'><strong>et</strong></span> <span class='ocrx_word' id='word_1_87' title='bbox 488 1549 815 1616; x_wconf 78' lang='lat' dir='ltr'><strong>eauponatio</strong></span> <span class='ocrx_word' id='word_1_88' title='bbox 854 1549 1008 1616; x_wconf 87' lang='lat' dir='ltr'><strong>plena</strong></span> <span class='ocrx_word' id='word_1_89' title='bbox 1047 1549 1322 1601; x_wconf 62' lang='lat' dir='ltr'><strong>immensas</strong></span> <span class='ocrx_word' id='word_1_90' title='bbox 1356 1545 1659 1617; x_wconf 73' lang='lat' dir='ltr'><strong>impietatis.</strong></span> <span class='ocrx_word' id='word_1_91' title='bbox 1689 1544 1799 1598; x_wconf 84' lang='lat' dir='ltr'><strong>llos</strong></span> 
     </span>
    </p>
   </div>
   <div class='ocr_carea' id='block_1_14' title="bbox 199 1629 1799 1709">
    <p class='ocr_par' dir='ltr' id='par_1_14' title="bbox 199 1629 1799 1709">
     <span class='ocr_line' id='line_1_14' title="bbox 199 1629 1799 1709; baseline -0.002 -17"><span class='ocrx_word' id='word_1_92' title='bbox 199 1639 365 1708; x_wconf 87' lang='lat' dir='ltr'><strong>igitur</strong></span> <span class='ocrx_word' id='word_1_93' title='bbox 390 1639 649 1709; x_wconf 89' lang='lat' dir='ltr'><strong>sequeris,</strong></span> <span class='ocrx_word' id='word_1_94' title='bbox 674 1638 769 1694; x_wconf 67' lang='lat' dir='ltr'><strong>~dic</strong></span> <span class='ocrx_word' id='word_1_95' title='bbox 786 1629 943 1704; x_wconf 82' lang='lat' dir='ltr'><strong>mihi,</strong></span> <span class='ocrx_word' id='word_1_96' title='bbox 972 1639 1059 1709; x_wconf 90' lang='lat' dir='ltr'><strong>qui</strong></span> <span class='ocrx_word' id='word_1_97' title='bbox 1088 1638 1430 1708; x_wconf 85' lang='lat' dir='ltr'><strong>pertinaciter</strong></span> <span class='ocrx_word' id='word_1_98' title='bbox 1456 1637 1634 1692; x_wconf 87' lang='lat' dir='ltr'><strong>solent</strong></span> <span class='ocrx_word' id='word_1_99' title='bbox 1656 1650 1799 1689; x_wconf 87' lang='lat' dir='ltr'><strong>sem-</strong></span> 
     </span>
    </p>
   </div>
   <div class='ocr_carea' id='block_1_15' title="bbox 200 1727 1799 1800">
    <p class='ocr_par' dir='ltr' id='par_1_15' title="bbox 200 1727 1799 1800">
     <span class='ocr_line' id='line_1_15' title="bbox 200 1727 1799 1800; baseline -0.002 -16"><span class='ocrx_word' id='word_1_100' title='bbox 200 1746 301 1799; x_wconf 91' lang='lat' dir='ltr'><strong>per</strong></span> <span class='ocrx_word' id='word_1_101' title='bbox 327 1740 436 1784; x_wconf 90' lang='lat' dir='ltr'><strong>tum</strong></span> <span class='ocrx_word' id='word_1_102' title='bbox 469 1731 645 1786; x_wconf 89' lang='lat' dir='ltr'><strong>facere</strong></span> <span class='ocrx_word' id='word_1_103' title='bbox 664 1772 678 1794; x_wconf 95' lang='lat'><strong>,</strong></span> <span class='ocrx_word' id='word_1_104' title='bbox 709 1742 818 1784; x_wconf 83' lang='lat' dir='ltr'><strong>tum</strong></span> <span class='ocrx_word' id='word_1_105' title='bbox 850 1731 1029 1785; x_wconf 88' lang='lat' dir='ltr'><strong>dicere</strong></span> <span class='ocrx_word' id='word_1_106' title='bbox 1057 1731 1234 1785; x_wconf 85' lang='lat' dir='ltr'><strong>omnia</strong></span> <span class='ocrx_word' id='word_1_107' title='bbox 1256 1772 1272 1797; x_wconf 96' lang='lat'><strong>,</strong></span> <span class='ocrx_word' id='word_1_108' title='bbox 1312 1744 1432 1800; x_wconf 66' lang='lat' dir='ltr'><strong>quae</strong></span> <span class='ocrx_word' id='word_1_109' title='bbox 1472 1728 1565 1783; x_wconf 87' lang='lat' dir='ltr'><strong>Dei</strong></span> <span class='ocrx_word' id='word_1_110' title='bbox 1596 1727 1799 1798; x_wconf 83' lang='lat' dir='ltr'><strong>legibus</strong></span> 
     </span>
    </p>
   </div>
   <div class='ocr_carea' id='block_1_16' title="bbox 197 1821 1801 1895">
    <p class='ocr_par' dir='ltr' id='par_1_16' title="bbox 197 1821 1801 1895">
     <span class='ocr_line' id='line_1_16' title="bbox 197 1821 1801 1895; baseline -0.001 -20"><span class='ocrx_word' id='word_1_111' title='bbox 197 1822 593 1878; x_wconf 73' lang='lat' dir='ltr'><strong>adversentur?</strong></span> <span class='ocrx_word' id='word_1_112' title='bbox 616 1823 682 1877; x_wconf 91' lang='lat' dir='ltr'><strong>ad</strong></span> <span class='ocrx_word' id='word_1_113' title='bbox 715 1824 903 1877; x_wconf 81' lang='lat' dir='ltr'><strong>horum</strong></span> <span class='ocrx_word' id='word_1_114' title='bbox 930 1838 1228 1895; x_wconf 80' lang='lat' dir='ltr'><strong>synagogas</strong></span> <span class='ocrx_word' id='word_1_115' title='bbox 1252 1823 1490 1877; x_wconf 87' lang='lat' dir='ltr'><strong>accurris</strong></span> <span class='ocrx_word' id='word_1_116' title='bbox 1506 1822 1532 1875; x_wconf 88' lang='lat'><strong>?</strong></span> <span class='ocrx_word' id='word_1_117' title='bbox 1555 1821 1664 1875; x_wconf 87' lang='lat' dir='ltr'><strong>Nec</strong></span> <span class='ocrx_word' id='word_1_118' title='bbox 1687 1836 1801 1875; x_wconf 86' lang='lat' dir='ltr'><strong>me-</strong></span> 
     </span>
    </p>
   </div>
   <div class='ocr_carea' id='block_1_17' title="bbox 200 1913 1801 1983">
    <p class='ocr_par' dir='ltr' id='par_1_17' title="bbox 200 1913 1801 1983">
     <span class='ocr_line' id='line_1_17' title="bbox 200 1913 1801 1983; baseline -0.002 -16"><span class='ocrx_word' id='word_1_119' title='bbox 200 1915 330 1978; x_wconf 85' lang='lat' dir='ltr'><strong>tuis,</strong></span> <span class='ocrx_word' id='word_1_120' title='bbox 356 1929 422 1968; x_wconf 91' lang='lat' dir='ltr'><strong>ne</strong></span> <span class='ocrx_word' id='word_1_121' title='bbox 447 1913 683 1968; x_wconf 81' lang='lat' dir='ltr'><strong>fulminis</strong></span> <span class='ocrx_word' id='word_1_122' title='bbox 705 1914 933 1983; x_wconf 88' lang='lat' dir='ltr'><strong>impetus</strong></span> <span class='ocrx_word' id='word_1_123' title='bbox 954 1915 1157 1968; x_wconf 69' lang='lat' dir='ltr'><strong>caelitus</strong></span> <span class='ocrx_word' id='word_1_124' title='bbox 1178 1914 1415 1969; x_wconf 89' lang='lat' dir='ltr'><strong>emicans</strong></span> <span class='ocrx_word' id='word_1_125' title='bbox 1432 1921 1623 1967; x_wconf 81' lang='lat' dir='ltr'><strong>exurat</strong></span> <span class='ocrx_word' id='word_1_126' title='bbox 1642 1919 1801 1979; x_wconf 89' lang='lat' dir='ltr'><strong>caput</strong></span> 
     </span>
    </p>
   </div>
   <div class='ocr_carea' id='block_1_18' title="bbox 201 1995 1799 2069">
    <p class='ocr_par' dir='ltr' id='par_1_18' title="bbox 201 1995 1799 2069">
     <span class='ocr_line' id='line_1_18' title="bbox 201 1995 1799 2069; baseline 0 -19"><span class='ocrx_word' id='word_1_127' title='bbox 201 1997 397 2051; x_wconf 85' lang='lat' dir='ltr'><strong>tuum?</strong></span> <span class='ocrx_word' id='word_1_128' title='bbox 424 2000 506 2050; x_wconf 85' lang='lat' dir='ltr'><strong>An</strong></span> <span class='ocrx_word' id='word_1_129' title='bbox 538 1998 751 2067; x_wconf 86' lang='lat' dir='ltr'><strong>ignoras</strong></span> <span class='ocrx_word' id='word_1_130' title='bbox 769 2039 784 2064; x_wconf 98' lang='lat'><strong>,</strong></span> <span class='ocrx_word' id='word_1_131' title='bbox 811 2013 906 2052; x_wconf 88' lang='lat' dir='ltr'><strong>eos</strong></span> <span class='ocrx_word' id='word_1_132' title='bbox 930 1999 1018 2069; x_wconf 89' lang='lat' dir='ltr'><strong>qui</strong></span> <span class='ocrx_word' id='word_1_133' title='bbox 1050 1998 1148 2067; x_wconf 84' lang='lat' dir='ltr'><strong>ipsi</strong></span> <span class='ocrx_word' id='word_1_134' title='bbox 1170 1998 1386 2068; x_wconf 83' lang='lat' dir='ltr'><strong>quidem</strong></span> <span class='ocrx_word' id='word_1_135' title='bbox 1411 2011 1517 2051; x_wconf 88' lang='lat' dir='ltr'><strong>non</strong></span> <span class='ocrx_word' id='word_1_136' title='bbox 1554 1995 1799 2066; x_wconf 75' lang='lat' dir='ltr'><strong>prrcdan-</strong></span> 
     </span>
    </p>
   </div>
   <div class='ocr_carea' id='block_1_19' title="bbox 199 2087 1798 2161">
    <p class='ocr_par' dir='ltr' id='par_1_19' title="bbox 199 2087 1798 2161">
     <span class='ocr_line' id='line_1_19' title="bbox 199 2087 1798 2161; baseline -0.001 -19"><span class='ocrx_word' id='word_1_137' title='bbox 199 2098 310 2154; x_wconf 89' lang='lat' dir='ltr'><strong>tur,</strong></span> <span class='ocrx_word' id='word_1_138' title='bbox 339 2088 433 2143; x_wconf 85' lang='lat' dir='ltr'><strong>sed</strong></span> <span class='ocrx_word' id='word_1_139' title='bbox 459 2098 633 2149; x_wconf 84' lang='lat' dir='ltr'><strong>tamen</strong></span> <span class='ocrx_word' id='word_1_140' title='bbox 664 2090 714 2142; x_wconf 88' lang='lat' dir='ltr'><strong>in</strong></span> <span class='ocrx_word' id='word_1_141' title='bbox 746 2090 1056 2161; x_wconf 66' lang='lat' dir='ltr'><strong>prmdonum</strong></span> <span class='ocrx_word' id='word_1_142' title='bbox 1085 2090 1355 2159; x_wconf 87' lang='lat' dir='ltr'><strong>speluncis</strong></span> <span class='ocrx_word' id='word_1_143' title='bbox 1378 2088 1651 2159; x_wconf 89' lang='lat' dir='ltr'><strong>conspecti</strong></span> <span class='ocrx_word' id='word_1_144' title='bbox 1678 2087 1798 2141; x_wconf 86' lang='lat' dir='ltr'><strong>fue-</strong></span> 
     </span>
    </p>
   </div>
   <div class='ocr_carea' id='block_1_20' title="bbox 197 2180 1798 2253">
    <p class='ocr_par' dir='ltr' id='par_1_20' title="bbox 197 2180 1798 2253">
     <span class='ocr_line' id='line_1_20' title="bbox 197 2180 1798 2253; baseline 0 -19"><span class='ocrx_word' id='word_1_145' title='bbox 197 2182 331 2247; x_wconf 90' lang='lat' dir='ltr'><strong>rint,</strong></span> <span class='ocrx_word' id='word_1_146' title='bbox 361 2181 575 2237; x_wconf 88' lang='lat' dir='ltr'><strong>easdem</strong></span> <span class='ocrx_word' id='word_1_147' title='bbox 601 2182 728 2237; x_wconf 90' lang='lat' dir='ltr'><strong>dare</strong></span> <span class='ocrx_word' id='word_1_148' title='bbox 755 2198 940 2252; x_wconf 67' lang='lat' dir='ltr'><strong>poenas</strong></span> <span class='ocrx_word' id='word_1_149' title='bbox 960 2198 1092 2253; x_wconf 87' lang='lat' dir='ltr'><strong>quas</strong></span> <span class='ocrx_word' id='word_1_150' title='bbox 1118 2181 1397 2253; x_wconf 65' lang='lat' dir='ltr'><strong>prmdoues</strong></span> <span class='ocrx_word' id='word_1_151' title='bbox 1414 2180 1594 2249; x_wconf 84' lang='lat' dir='ltr'><strong>?Quid</strong></span> <span class='ocrx_word' id='word_1_152' title='bbox 1621 2188 1798 2235; x_wconf 87' lang='lat' dir='ltr'><strong>autem</strong></span> 
     </span>
    </p>
   </div>
   <div class='ocr_carea' id='block_1_21' title="bbox 196 2272 892 2342">
    <p class='ocr_par' dir='ltr' id='par_1_21' title="bbox 196 2272 892 2342">
     <span class='ocr_line' id='line_1_21' title="bbox 196 2272 892 2342; baseline 0 -15"><span class='ocrx_word' id='word_1_153' title='bbox 196 2272 393 2341; x_wconf 88' lang='lat' dir='ltr'><strong>loquor</strong></span> <span class='ocrx_word' id='word_1_154' title='bbox 416 2272 483 2328; x_wconf 91' lang='lat' dir='ltr'><strong>de</strong></span> <span class='ocrx_word' id='word_1_155' title='bbox 511 2273 892 2342; x_wconf 69' lang='lat' dir='ltr'><strong>praedonibus?</strong></span> 
     </span>
    </p>
   </div>
   <div class='ocr_carea' id='block_1_22' title="bbox 277 2363 1798 2436">
    <p class='ocr_par' dir='ltr' id='par_1_22' title="bbox 277 2363 1798 2436">
     <span class='ocr_line' id='line_1_22' title="bbox 277 2363 1798 2436; baseline -0.001 -18"><span class='ocrx_word' id='word_1_156' title='bbox 277 2363 578 2418; x_wconf 78' lang='lat' dir='ltr'><strong>Statuerunt</strong></span> <span class='ocrx_word' id='word_1_157' title='bbox 600 2365 931 2436; x_wconf 83' lang='lat' dir='ltr'><strong>dejectionem</strong></span> <span class='ocrx_word' id='word_1_158' title='bbox 961 2376 1225 2420; x_wconf 85' lang='lat' dir='ltr'><strong>memorat.</strong></span> <span class='ocrx_word' id='word_1_159' title='bbox 1265 2395 1337 2406; x_wconf 90' lang='lat'><strong>—-</strong></span> <span class='ocrx_word' id='word_1_160' title='bbox 1374 2365 1623 2420; x_wconf 80' lang='lat' dir='ltr'><strong>Profecto</strong></span> <span class='ocrx_word' id='word_1_161' title='bbox 1649 2364 1798 2419; x_wconf 89' lang='lat' dir='ltr'><strong>scitis</strong></span> 
     </span>
    </p>
   </div>
   <div class='ocr_carea' id='block_1_23' title="bbox 198 2455 1801 2527">
    <p class='ocr_par' dir='ltr' id='par_1_23' title="bbox 198 2455 1801 2527">
     <span class='ocr_line' id='line_1_23' title="bbox 198 2455 1801 2527; baseline 0.001 -20"><span class='ocrx_word' id='word_1_162' title='bbox 198 2470 393 2509; x_wconf 83' lang='lat' dir='ltr'><strong>omnes</strong></span> <span class='ocrx_word' id='word_1_163' title='bbox 420 2471 483 2527; x_wconf 88' lang='lat' dir='ltr'><strong>ac</strong></span> <span class='ocrx_word' id='word_1_164' title='bbox 514 2456 855 2524; x_wconf 87' lang='lat' dir='ltr'><strong>meministis,</strong></span> <span class='ocrx_word' id='word_1_165' title='bbox 885 2457 1100 2526; x_wconf 87' lang='lat' dir='ltr'><strong>quando</strong></span> <span class='ocrx_word' id='word_1_166' title='bbox 1128 2456 1269 2527; x_wconf 87' lang='lat' dir='ltr'><strong>apud</strong></span> <span class='ocrx_word' id='word_1_167' title='bbox 1296 2470 1395 2511; x_wconf 88' lang='lat' dir='ltr'><strong>nos</strong></span> <span class='ocrx_word' id='word_1_168' title='bbox 1419 2456 1664 2511; x_wconf 82' lang='lat' dir='ltr'><strong>scelerati</strong></span> <span class='ocrx_word' id='word_1_169' title='bbox 1690 2455 1801 2524; x_wconf 85' lang='lat' dir='ltr'><strong>qui-</strong></span> 
     </span>
    </p>
   </div>
   <div class='ocr_carea' id='block_1_24' title="bbox 197 2547 1797 2619">
    <p class='ocr_par' dir='ltr' id='par_1_24' title="bbox 197 2547 1797 2619">
     <span class='ocr_line' id='line_1_24' title="bbox 197 2547 1797 2619; baseline -0.003 -18"><span class='ocrx_word' id='word_1_170' title='bbox 197 2547 327 2601; x_wconf 90' lang='lat' dir='ltr'><strong>dam</strong></span> <span class='ocrx_word' id='word_1_171' title='bbox 360 2548 603 2604; x_wconf 86' lang='lat' dir='ltr'><strong>homines</strong></span> <span class='ocrx_word' id='word_1_172' title='bbox 650 2560 704 2602; x_wconf 91' lang='lat' dir='ltr'><strong>et</strong></span> <span class='ocrx_word' id='word_1_173' title='bbox 753 2549 1167 2619; x_wconf 77' lang='lat' dir='ltr'><strong>pnestigiatores</strong></span> <span class='ocrx_word' id='word_1_174' title='bbox 1215 2557 1418 2603; x_wconf 86' lang='lat' dir='ltr'><strong>statuas</strong></span> <span class='ocrx_word' id='word_1_175' title='bbox 1467 2547 1797 2617; x_wconf 82' lang='lat' dir='ltr'><strong>dejecerunt,</strong></span> 
     </span>
    </p>
   </div>
   <div class='ocr_carea' id='block_1_25' title="bbox 197 2637 1799 2713">
    <p class='ocr_par' dir='ltr' id='par_1_25' title="bbox 197 2637 1799 2713">
     <span class='ocr_line' id='line_1_25' title="bbox 197 2637 1799 2713; baseline -0.001 -18"><span class='ocrx_word' id='word_1_176' title='bbox 197 2658 311 2712; x_wconf 91' lang='lat' dir='ltr'><strong>quo</strong></span> <span class='ocrx_word' id='word_1_177' title='bbox 340 2652 494 2712; x_wconf 87' lang='lat' dir='ltr'><strong>pacto</strong></span> <span class='ocrx_word' id='word_1_178' title='bbox 515 2657 618 2697; x_wconf 92' lang='lat' dir='ltr'><strong>non</strong></span> <span class='ocrx_word' id='word_1_179' title='bbox 648 2642 719 2696; x_wconf 85' lang='lat' dir='ltr'><strong>illi</strong></span> <span class='ocrx_word' id='word_1_180' title='bbox 744 2653 941 2697; x_wconf 89' lang='lat' dir='ltr'><strong>tantum</strong></span> <span class='ocrx_word' id='word_1_181' title='bbox 970 2643 1059 2713; x_wconf 92' lang='lat' dir='ltr'><strong>qui</strong></span> <span class='ocrx_word' id='word_1_182' title='bbox 1089 2641 1294 2697; x_wconf 82' lang='lat' dir='ltr'><strong>facinus</strong></span> <span class='ocrx_word' id='word_1_183' title='bbox 1318 2641 1435 2696; x_wconf 89' lang='lat' dir='ltr'><strong>ausi</strong></span> <span class='ocrx_word' id='word_1_184' title='bbox 1451 2640 1678 2703; x_wconf 88' lang='lat' dir='ltr'><strong>fuerant,</strong></span> <span class='ocrx_word' id='word_1_185' title='bbox 1703 2637 1799 2693; x_wconf 89' lang='lat' dir='ltr'><strong>sed</strong></span> 
     </span>
    </p>
   </div>
   <div class='ocr_carea' id='block_1_26' title="bbox 197 2727 1800 2805">
    <p class='ocr_par' dir='ltr' id='par_1_26' title="bbox 197 2727 1800 2805">
     <span class='ocr_line' id='line_1_26' title="bbox 197 2727 1800 2805; baseline -0.001 -19"><span class='ocrx_word' id='word_1_186' title='bbox 197 2742 464 2803; x_wconf 85' lang='lat' dir='ltr'><strong>quotquot</strong></span> <span class='ocrx_word' id='word_1_187' title='bbox 486 2736 799 2804; x_wconf 88' lang='lat' dir='ltr'><strong>simpliciter</strong></span> <span class='ocrx_word' id='word_1_188' title='bbox 822 2727 1115 2805; x_wconf 74' lang='lat' dir='ltr'><strong>praesentes</strong></span> <span class='ocrx_word' id='word_1_189' title='bbox 1143 2734 1416 2804; x_wconf 88' lang='lat' dir='ltr'><strong>conspecti</strong></span> <span class='ocrx_word' id='word_1_190' title='bbox 1442 2743 1588 2788; x_wconf 89' lang='lat' dir='ltr'><strong>erant</strong></span> <span class='ocrx_word' id='word_1_191' title='bbox 1617 2772 1634 2799; x_wconf 94' lang='lat'><strong>,</strong></span> <span class='ocrx_word' id='word_1_192' title='bbox 1663 2746 1800 2802; x_wconf 84' lang='lat' dir='ltr'><strong>quo-</strong></span> 
     </span>
    </p>
   </div>
   <div class='ocr_carea' id='block_1_27' title="bbox 200 2824 1797 2897">
    <p class='ocr_par' dir='ltr' id='par_1_27' title="bbox 200 2824 1797 2897">
     <span class='ocr_line' id='line_1_27' title="bbox 200 2824 1797 2897; baseline -0.002 -17"><span class='ocrx_word' id='word_1_193' title='bbox 200 2828 349 2881; x_wconf 87' lang='lat' dir='ltr'><strong>niam</strong></span> <span class='ocrx_word' id='word_1_194' title='bbox 382 2827 700 2882; x_wconf 88' lang='lat' dir='ltr'><strong>videbantur</strong></span> <span class='ocrx_word' id='word_1_195' title='bbox 732 2828 836 2883; x_wconf 88' lang='lat' dir='ltr'><strong>illis</strong></span> <span class='ocrx_word' id='word_1_196' title='bbox 866 2828 1114 2882; x_wconf 88' lang='lat' dir='ltr'><strong>assentiri</strong></span> <span class='ocrx_word' id='word_1_197' title='bbox 1140 2869 1156 2893; x_wconf 95' lang='lat'><strong>,</strong></span> <span class='ocrx_word' id='word_1_198' title='bbox 1184 2827 1236 2881; x_wconf 89' lang='lat' dir='ltr'><strong>in</strong></span> <span class='ocrx_word' id='word_1_199' title='bbox 1263 2827 1519 2897; x_wconf 86' lang='lat' dir='ltr'><strong>judicium</strong></span> <span class='ocrx_word' id='word_1_200' title='bbox 1549 2824 1754 2894; x_wconf 88' lang='lat' dir='ltr'><strong>abrepti</strong></span> <span class='ocrx_word' id='word_1_201' title='bbox 1781 2865 1797 2891; x_wconf 94' lang='lat'><strong>,</strong></span> 
     </span>
    </p>
   </div>
   <div class='ocr_carea' id='block_1_28' title="bbox 197 2917 1802 2988">
    <p class='ocr_par' dir='ltr' id='par_1_28' title="bbox 197 2917 1802 2988">
     <span class='ocr_line' id='line_1_28' title="bbox 197 2917 1802 2988; baseline -0.002 -15"><span class='ocrx_word' id='word_1_202' title='bbox 197 2919 469 2988; x_wconf 84' lang='lat' dir='ltr'><strong>simulque</strong></span> <span class='ocrx_word' id='word_1_203' title='bbox 510 2935 632 2974; x_wconf 89' lang='lat' dir='ltr'><strong>cum</strong></span> <span class='ocrx_word' id='word_1_204' title='bbox 665 2920 768 2974; x_wconf 87' lang='lat' dir='ltr'><strong>illis</strong></span> <span class='ocrx_word' id='word_1_205' title='bbox 797 2920 1011 2974; x_wconf 88' lang='lat' dir='ltr'><strong>abducti</strong></span> <span class='ocrx_word' id='word_1_206' title='bbox 1052 2960 1069 2987; x_wconf 90' lang='lat'><strong>,</strong></span> <span class='ocrx_word' id='word_1_207' title='bbox 1117 2928 1359 2974; x_wconf 84' lang='lat' dir='ltr'><strong>extremo</strong></span> <span class='ocrx_word' id='word_1_208' title='bbox 1405 2917 1666 2988; x_wconf 90' lang='lat' dir='ltr'><strong>supplicio</strong></span> <span class='ocrx_word' id='word_1_209' title='bbox 1694 2917 1802 2971; x_wconf 88' lang='lat' dir='ltr'><strong>sint</strong></span> 
     </span>
    </p>
   </div>
   <div class='ocr_carea' id='block_1_29' title="bbox 199 3008 1800 3073">
    <p class='ocr_par' dir='ltr' id='par_1_29' title="bbox 199 3008 1800 3073">
     <span class='ocr_line' id='line_1_29' title="bbox 199 3008 1800 3073; baseline -0.001 -10"><span class='ocrx_word' id='word_1_210' title='bbox 199 3009 400 3064; x_wconf 80' lang='lat' dir='ltr'><strong>affecti.</strong></span> <span class='ocrx_word' id='word_1_211' title='bbox 431 3009 511 3064; x_wconf 90' lang='lat' dir='ltr'><strong>Tu</strong></span> <span class='ocrx_word' id='word_1_212' title='bbox 535 3025 663 3065; x_wconf 88' lang='lat' dir='ltr'><strong>vero</strong></span> <span class='ocrx_word' id='word_1_213' title='bbox 689 3012 777 3066; x_wconf 90' lang='lat' dir='ltr'><strong>ubi</strong></span> <span class='ocrx_word' id='word_1_214' title='bbox 794 3011 954 3066; x_wconf 86' lang='lat' dir='ltr'><strong>Pater</strong></span> <span class='ocrx_word' id='word_1_215' title='bbox 976 3011 1204 3066; x_wconf 86' lang='lat' dir='ltr'><strong>afficitur</strong></span> <span class='ocrx_word' id='word_1_216' title='bbox 1229 3010 1550 3065; x_wconf 89' lang='lat' dir='ltr'><strong>contumelia</strong></span> <span class='ocrx_word' id='word_1_217' title='bbox 1566 3050 1581 3073; x_wconf 95' lang='lat'><strong>,</strong></span> <span class='ocrx_word' id='word_1_218' title='bbox 1602 3008 1691 3063; x_wconf 91' lang='lat' dir='ltr'><strong>ubi</strong></span> <span class='ocrx_word' id='word_1_219' title='bbox 1713 3008 1800 3061; x_wconf 76' lang='lat' dir='ltr'><strong>Fi-</strong></span> 
     </span>
    </p>
   </div>
   <div class='ocr_carea' id='block_1_30' title="bbox 203 3099 1801 3170">
    <p class='ocr_par' dir='ltr' id='par_1_30' title="bbox 203 3099 1801 3170">
     <span class='ocr_line' id='line_1_30' title="bbox 203 3099 1801 3170; baseline -0.002 -14"><span class='ocrx_word' id='word_1_220' title='bbox 203 3103 310 3157; x_wconf 90' lang='lat' dir='ltr'><strong>lius</strong></span> <span class='ocrx_word' id='word_1_221' title='bbox 335 3103 613 3157; x_wconf 85' lang='lat' dir='ltr'><strong>lacessitur</strong></span> <span class='ocrx_word' id='word_1_222' title='bbox 640 3103 895 3158; x_wconf 84' lang='lat' dir='ltr'><strong>conviciis</strong></span> <span class='ocrx_word' id='word_1_223' title='bbox 922 3141 940 3170; x_wconf 90' lang='lat'><strong>,</strong></span> <span class='ocrx_word' id='word_1_224' title='bbox 975 3102 1062 3157; x_wconf 89' lang='lat' dir='ltr'><strong>ubi</strong></span> <span class='ocrx_word' id='word_1_225' title='bbox 1090 3112 1308 3157; x_wconf 89' lang='lat' dir='ltr'><strong>sanctus</strong></span> <span class='ocrx_word' id='word_1_226' title='bbox 1337 3110 1390 3156; x_wconf 88' lang='lat' dir='ltr'><strong>et</strong></span> <span class='ocrx_word' id='word_1_227' title='bbox 1414 3101 1656 3155; x_wconf 90' lang='lat' dir='ltr'><strong>viviﬁeus</strong></span> <span class='ocrx_word' id='word_1_228' title='bbox 1681 3099 1801 3169; x_wconf 79' lang='lat' dir='ltr'><strong>Spi-</strong></span> 
     </span>
    </p>
   </div>
   <div class='ocr_carea' id='block_1_31' title="bbox 200 3190 1793 3259">
    <p class='ocr_par' dir='ltr' id='par_1_31' title="bbox 200 3190 1793 3259">
     <span class='ocr_line' id='line_1_31' title="bbox 200 3190 1793 3259; baseline 0 -14"><span class='ocrx_word' id='word_1_229' title='bbox 200 3193 339 3246; x_wconf 89' lang='lat' dir='ltr'><strong>ritus</strong></span> <span class='ocrx_word' id='word_1_230' title='bbox 355 3192 731 3259; x_wconf 88' lang='lat' dir='ltr'><strong>contemnitur,</strong></span> <span class='ocrx_word' id='word_1_231' title='bbox 764 3208 829 3248; x_wconf 88' lang='lat' dir='ltr'><strong>eo</strong></span> <span class='ocrx_word' id='word_1_232' title='bbox 849 3192 1034 3248; x_wconf 88' lang='lat' dir='ltr'><strong>studes</strong></span> <span class='ocrx_word' id='word_1_233' title='bbox 1060 3192 1382 3248; x_wconf 82' lang='lat' dir='ltr'><strong>accurrere?</strong></span> <span class='ocrx_word' id='word_1_234' title='bbox 1409 3190 1526 3245; x_wconf 88' lang='lat' dir='ltr'><strong>Non</strong></span> <span class='ocrx_word' id='word_1_235' title='bbox 1557 3190 1752 3245; x_wconf 87' lang='lat' dir='ltr'><strong>metuis</strong></span> <span class='ocrx_word' id='word_1_236' title='bbox 1777 3230 1793 3257; x_wconf 92' lang='lat'><strong>,</strong></span> 
     </span>
    </p>
   </div>
   <div class='ocr_carea' id='block_1_32' title="bbox 200 3283 1798 3353">
    <p class='ocr_par' dir='ltr' id='par_1_32' title="bbox 200 3283 1798 3353">
     <span class='ocr_line' id='line_1_32' title="bbox 200 3283 1798 3353; baseline -0.001 -17"><span class='ocrx_word' id='word_1_237' title='bbox 200 3298 313 3337; x_wconf 85' lang='lat' dir='ltr'><strong>non</strong></span> <span class='ocrx_word' id='word_1_238' title='bbox 342 3284 625 3349; x_wconf 88' lang='lat' dir='ltr'><strong>horrescis,</strong></span> <span class='ocrx_word' id='word_1_239' title='bbox 650 3299 768 3338; x_wconf 90' lang='lat' dir='ltr'><strong>eum</strong></span> <span class='ocrx_word' id='word_1_240' title='bbox 800 3284 1027 3353; x_wconf 90' lang='lat' dir='ltr'><strong>teipsum</strong></span> <span class='ocrx_word' id='word_1_241' title='bbox 1056 3286 1108 3338; x_wconf 89' lang='lat' dir='ltr'><strong>in</strong></span> <span class='ocrx_word' id='word_1_242' title='bbox 1154 3284 1269 3338; x_wconf 91' lang='lat' dir='ltr'><strong>loca</strong></span> <span class='ocrx_word' id='word_1_243' title='bbox 1314 3283 1530 3353; x_wconf 90' lang='lat' dir='ltr'><strong>profana</strong></span> <span class='ocrx_word' id='word_1_244' title='bbox 1562 3283 1798 3352; x_wconf 87' lang='lat' dir='ltr'><strong>impura-</strong></span> 
     </span>
    </p>
   </div>
   <div class='ocr_carea' id='block_1_33' title="bbox 198 3374 1796 3444">
    <p class='ocr_par' dir='ltr' id='par_1_33' title="bbox 198 3374 1796 3444">
     <span class='ocr_line' id='line_1_33' title="bbox 198 3374 1796 3444; baseline 0.001 -17"><span class='ocrx_word' id='word_1_245' title='bbox 198 3389 308 3443; x_wconf 89' lang='lat' dir='ltr'><strong>que</strong></span> <span class='ocrx_word' id='word_1_246' title='bbox 334 3374 588 3441; x_wconf 74' lang='lat' dir='ltr'><strong>eonjicis?</strong></span> <span class='ocrx_word' id='word_1_247' title='bbox 618 3374 710 3429; x_wconf 90' lang='lat' dir='ltr'><strong>Dic</strong></span> <span class='ocrx_word' id='word_1_248' title='bbox 740 3374 890 3440; x_wconf 90' lang='lat' dir='ltr'><strong>mihi,</strong></span> <span class='ocrx_word' id='word_1_249' title='bbox 920 3390 1077 3444; x_wconf 89' lang='lat' dir='ltr'><strong>quam</strong></span> <span class='ocrx_word' id='word_1_250' title='bbox 1111 3374 1333 3430; x_wconf 85' lang='lat' dir='ltr'><strong>habebis</strong></span> <span class='ocrx_word' id='word_1_251' title='bbox 1360 3376 1755 3429; x_wconf 81' lang='lat' dir='ltr'><strong>excusationem</strong></span> <span class='ocrx_word' id='word_1_252' title='bbox 1780 3414 1796 3439; x_wconf 91' lang='lat'><strong>,</strong></span> 
     </span>
    </p>
   </div>
   <div class='ocr_carea' id='block_1_34' title="bbox 198 3465 1799 3536">
    <p class='ocr_par' dir='ltr' id='par_1_34' title="bbox 198 3465 1799 3536">
     <span class='ocr_line' id='line_1_34' title="bbox 198 3465 1799 3536; baseline 0 -18"><span class='ocrx_word' id='word_1_253' title='bbox 198 3482 363 3536; x_wconf 90' lang='lat' dir='ltr'><strong>quam</strong></span> <span class='ocrx_word' id='word_1_254' title='bbox 395 3468 602 3521; x_wconf 83' lang='lat' dir='ltr'><strong>veniam</strong></span> <span class='ocrx_word' id='word_1_255' title='bbox 628 3506 645 3533; x_wconf 94' lang='lat'><strong>,</strong></span> <span class='ocrx_word' id='word_1_256' title='bbox 691 3466 781 3536; x_wconf 88' lang='lat' dir='ltr'><strong>qui</strong></span> <span class='ocrx_word' id='word_1_257' title='bbox 810 3468 993 3521; x_wconf 88' lang='lat' dir='ltr'><strong>volens</strong></span> <span class='ocrx_word' id='word_1_258' title='bbox 1019 3467 1248 3535; x_wconf 88' lang='lat' dir='ltr'><strong>teipsum</strong></span> <span class='ocrx_word' id='word_1_259' title='bbox 1272 3467 1321 3519; x_wconf 91' lang='lat' dir='ltr'><strong>iu</strong></span> <span class='ocrx_word' id='word_1_260' title='bbox 1355 3465 1665 3520; x_wconf 88' lang='lat' dir='ltr'><strong>barathrum</strong></span> <span class='ocrx_word' id='word_1_261' title='bbox 1696 3465 1799 3520; x_wconf 84' lang='lat' dir='ltr'><strong>im-</strong></span> 
     </span>
    </p>
   </div>
   <div class='ocr_carea' id='block_1_35' title="bbox 198 3559 1015 3629">
    <p class='ocr_par' dir='ltr' id='par_1_35' title="bbox 198 3559 1015 3629">
     <span class='ocr_line' id='line_1_35' title="bbox 198 3559 1015 3629; baseline 0 -17"><span class='ocrx_word' id='word_1_262' title='bbox 198 3560 405 3624; x_wconf 85' lang='lat' dir='ltr'><strong>mittas,</strong></span> <span class='ocrx_word' id='word_1_263' title='bbox 438 3559 488 3612; x_wconf 91' lang='lat' dir='ltr'><strong>in</strong></span> <span class='ocrx_word' id='word_1_264' title='bbox 518 3559 868 3629; x_wconf 67' lang='lat' dir='ltr'><strong>praecipitium</strong></span> <span class='ocrx_word' id='word_1_265' title='bbox 900 3560 1015 3614; x_wconf 85' lang='lat' dir='ltr'><strong>des.</strong></span> 
     </span>
    </p>
   </div>
   <div class='ocr_carea' id='block_1_36' title="bbox 274 3647 1798 3722">
    <p class='ocr_par' dir='ltr' id='par_1_36' title="bbox 274 3647 1798 3722">
     <span class='ocr_line' id='line_1_36' title="bbox 274 3647 1798 3722; baseline 0.003 -22"><span class='ocrx_word' id='word_1_266' title='bbox 274 3647 416 3701; x_wconf 80' lang='lat' dir='ltr'><strong>Libri</strong></span> <span class='ocrx_word' id='word_1_267' title='bbox 443 3650 604 3702; x_wconf 80' lang='lat' dir='ltr'><strong>sancti</strong></span> <span class='ocrx_word' id='word_1_268' title='bbox 626 3666 722 3703; x_wconf 88' lang='lat' dir='ltr'><strong>non</strong></span> <span class='ocrx_word' id='word_1_269' title='bbox 747 3660 977 3704; x_wconf 85' lang='lat' dir='ltr'><strong>sanctam</strong></span> <span class='ocrx_word' id='word_1_270' title='bbox 1005 3651 1200 3721; x_wconf 77' lang='lat' dir='ltr'><strong>faciunt</strong></span> <span class='ocrx_word' id='word_1_271' title='bbox 1230 3649 1666 3722; x_wconf 84' lang='lat' dir='ltr'><strong>Synagogam.—</strong></span> <span class='ocrx_word' id='word_1_272' title='bbox 1689 3649 1798 3705; x_wconf 85' lang='lat' dir='ltr'><strong>Ne-</strong></span> 
     </span>
    </p>
   </div>
   <div class='ocr_carea' id='block_1_37' title="bbox 197 3738 1801 3812">
    <p class='ocr_par' dir='ltr' id='par_1_37' title="bbox 197 3738 1801 3812">
     <span class='ocr_line' id='line_1_37' title="bbox 197 3738 1801 3812; baseline 0.003 -21"><span class='ocrx_word' id='word_1_273' title='bbox 197 3755 307 3808; x_wconf 88' lang='lat' dir='ltr'><strong>que</strong></span> <span class='ocrx_word' id='word_1_274' title='bbox 335 3738 476 3793; x_wconf 87' lang='lat' dir='ltr'><strong>enim</strong></span> <span class='ocrx_word' id='word_1_275' title='bbox 503 3740 631 3794; x_wconf 89' lang='lat' dir='ltr'><strong>mihi</strong></span> <span class='ocrx_word' id='word_1_276' title='bbox 659 3740 787 3795; x_wconf 90' lang='lat' dir='ltr'><strong>illud</strong></span> <span class='ocrx_word' id='word_1_277' title='bbox 811 3741 1032 3806; x_wconf 79' lang='lat' dir='ltr'><strong>dixeris,</strong></span> <span class='ocrx_word' id='word_1_278' title='bbox 1057 3741 1200 3812; x_wconf 92' lang='lat' dir='ltr'><strong>quod</strong></span> <span class='ocrx_word' id='word_1_279' title='bbox 1229 3743 1339 3797; x_wconf 91' lang='lat' dir='ltr'><strong>illic</strong></span> <span class='ocrx_word' id='word_1_280' title='bbox 1361 3742 1460 3796; x_wconf 87' lang='lat' dir='ltr'><strong>sita</strong></span> <span class='ocrx_word' id='word_1_281' title='bbox 1486 3751 1571 3797; x_wconf 89' lang='lat' dir='ltr'><strong>est</strong></span> <span class='ocrx_word' id='word_1_282' title='bbox 1597 3742 1677 3796; x_wconf 91' lang='lat' dir='ltr'><strong>lex</strong></span> <span class='ocrx_word' id='word_1_283' title='bbox 1699 3782 1713 3806; x_wconf 92' lang='lat'><strong>,</strong></span> <span class='ocrx_word' id='word_1_284' title='bbox 1745 3750 1801 3797; x_wconf 88' lang='lat' dir='ltr'><strong>et</strong></span> 
     </span>
    </p>
   </div>
   <div class='ocr_carea' id='block_1_38' title="bbox 200 3830 1796 3902">
    <p class='ocr_par' dir='ltr' id='par_1_38' title="bbox 200 3830 1796 3902">
     <span class='ocr_line' id='line_1_38' title="bbox 200 3830 1796 3902; baseline 0.004 -21"><span class='ocrx_word' id='word_1_285' title='bbox 200 3837 579 3900; x_wconf 82' lang='lat' dir='ltr'><strong>prephetarum</strong></span> <span class='ocrx_word' id='word_1_286' title='bbox 606 3830 749 3885; x_wconf 91' lang='lat' dir='ltr'><strong>libri.</strong></span> <span class='ocrx_word' id='word_1_287' title='bbox 776 3830 958 3902; x_wconf 83' lang='lat' dir='ltr'><strong>Neque</strong></span> <span class='ocrx_word' id='word_1_288' title='bbox 974 3832 1116 3886; x_wconf 89' lang='lat' dir='ltr'><strong>enim</strong></span> <span class='ocrx_word' id='word_1_289' title='bbox 1148 3833 1248 3887; x_wconf 89' lang='lat' dir='ltr'><strong>hoc</strong></span> <span class='ocrx_word' id='word_1_290' title='bbox 1275 3833 1405 3886; x_wconf 89' lang='lat' dir='ltr'><strong>satis</strong></span> <span class='ocrx_word' id='word_1_291' title='bbox 1430 3842 1511 3887; x_wconf 90' lang='lat' dir='ltr'><strong>est</strong></span> <span class='ocrx_word' id='word_1_292' title='bbox 1535 3832 1600 3886; x_wconf 90' lang='lat' dir='ltr'><strong>ad</strong></span> <span class='ocrx_word' id='word_1_293' title='bbox 1623 3832 1796 3887; x_wconf 91' lang='lat' dir='ltr'><strong>locum</strong></span> 
     </span>
    </p>
   </div>
   <div class='ocr_carea' id='block_1_39' title="bbox 200 3908 1800 3993">
    <p class='ocr_par' dir='ltr' id='par_1_39' title="bbox 200 3908 1800 3993">
     <span class='ocr_line' id='line_1_39' title="bbox 200 3908 1800 3993; baseline 0.002 -18"><span class='ocrx_word' id='word_1_294' title='bbox 200 3908 448 3975; x_wconf 79' lang='lat' dir='ltr'><strong>sanctum</strong></span> <span class='ocrx_word' id='word_1_295' title='bbox 479 3921 831 3979; x_wconf 89' lang='lat' dir='ltr'><strong>reddendum.</strong></span> <span class='ocrx_word' id='word_1_296' title='bbox 863 3922 1052 3978; x_wconf 89' lang='lat' dir='ltr'><strong>Utrum</strong></span> <span class='ocrx_word' id='word_1_297' title='bbox 1081 3924 1225 3978; x_wconf 88' lang='lat' dir='ltr'><strong>enim</strong></span> <span class='ocrx_word' id='word_1_298' title='bbox 1274 3924 1446 3993; x_wconf 87' lang='lat' dir='ltr'><strong>majus</strong></span> <span class='ocrx_word' id='word_1_299' title='bbox 1494 3933 1594 3989; x_wconf 86' lang='lat' dir='ltr'><strong>est,</strong></span> <span class='ocrx_word' id='word_1_300' title='bbox 1634 3924 1800 3978; x_wconf 89' lang='lat' dir='ltr'><strong>libros</strong></span> 
     </span>
    </p>
   </div>
   <div class='ocr_carea' id='block_1_40' title="bbox 196 4014 1799 4086">
    <p class='ocr_par' dir='ltr' id='par_1_40' title="bbox 196 4014 1799 4086">
     <span class='ocr_line' id='line_1_40' title="bbox 196 4014 1799 4086; baseline -0.001 -16"><span class='ocrx_word' id='word_1_301' title='bbox 196 4028 324 4071; x_wconf 86' lang='lat' dir='ltr'><strong>esse</strong></span> <span class='ocrx_word' id='word_1_302' title='bbox 347 4014 608 4082; x_wconf 89' lang='lat' dir='ltr'><strong>repositos</strong></span> <span class='ocrx_word' id='word_1_303' title='bbox 630 4014 683 4069; x_wconf 91' lang='lat' dir='ltr'><strong>in</strong></span> <span class='ocrx_word' id='word_1_304' title='bbox 708 4014 851 4083; x_wconf 92' lang='lat' dir='ltr'><strong>loco,</strong></span> <span class='ocrx_word' id='word_1_305' title='bbox 883 4030 949 4070; x_wconf 91' lang='lat' dir='ltr'><strong>an</strong></span> <span class='ocrx_word' id='word_1_306' title='bbox 981 4016 1123 4084; x_wconf 90' lang='lat' dir='ltr'><strong>loqui</strong></span> <span class='ocrx_word' id='word_1_307' title='bbox 1154 4031 1214 4071; x_wconf 88' lang='lat' dir='ltr'><strong>ea</strong></span> <span class='ocrx_word' id='word_1_308' title='bbox 1241 4031 1361 4086; x_wconf 77' lang='lat' dir='ltr'><strong>quce</strong></span> <span class='ocrx_word' id='word_1_309' title='bbox 1387 4016 1583 4071; x_wconf 91' lang='lat' dir='ltr'><strong>suntin</strong></span> <span class='ocrx_word' id='word_1_310' title='bbox 1613 4016 1799 4071; x_wconf 88' lang='lat' dir='ltr'><strong>libris?</strong></span> 
     </span>
    </p>
   </div>
   <div class='ocr_carea' id='block_1_41' title="bbox 197 4105 1799 4177">
    <p class='ocr_par' dir='ltr' id='par_1_41' title="bbox 197 4105 1799 4177">
     <span class='ocr_line' id='line_1_41' title="bbox 197 4105 1799 4177; baseline 0.002 -18"><span class='ocrx_word' id='word_1_311' title='bbox 197 4105 547 4175; x_wconf 85' lang='lat' dir='ltr'><strong>Perspicuum</strong></span> <span class='ocrx_word' id='word_1_312' title='bbox 594 4116 673 4160; x_wconf 90' lang='lat' dir='ltr'><strong>est</strong></span> <span class='ocrx_word' id='word_1_313' title='bbox 708 4146 722 4171; x_wconf 90' lang='lat'><strong>,</strong></span> <span class='ocrx_word' id='word_1_314' title='bbox 755 4107 945 4161; x_wconf 90' lang='lat' dir='ltr'><strong>melius</strong></span> <span class='ocrx_word' id='word_1_315' title='bbox 968 4121 1089 4161; x_wconf 89' lang='lat' dir='ltr'><strong>esse</strong></span> <span class='ocrx_word' id='word_1_316' title='bbox 1116 4107 1159 4161; x_wconf 89' lang='lat' dir='ltr'><strong>si</strong></span> <span class='ocrx_word' id='word_1_317' title='bbox 1189 4122 1252 4162; x_wconf 91' lang='lat' dir='ltr'><strong>ea</strong></span> <span class='ocrx_word' id='word_1_318' title='bbox 1281 4123 1399 4177; x_wconf 75' lang='lat' dir='ltr'><strong>qua:</strong></span> <span class='ocrx_word' id='word_1_319' title='bbox 1423 4118 1546 4162; x_wconf 90' lang='lat' dir='ltr'><strong>sunt</strong></span> <span class='ocrx_word' id='word_1_320' title='bbox 1573 4108 1625 4161; x_wconf 90' lang='lat' dir='ltr'><strong>in</strong></span> <span class='ocrx_word' id='word_1_321' title='bbox 1649 4107 1799 4162; x_wconf 86' lang='lat' dir='ltr'><strong>libris</strong></span> 
     </span>
    </p>
   </div>
   <div class='ocr_carea' id='block_1_42' title="bbox 194 4196 1795 4269">
    <p class='ocr_par' dir='ltr' id='par_1_42' title="bbox 194 4196 1795 4269">
     <span class='ocr_line' id='line_1_42' title="bbox 194 4196 1795 4269; baseline 0.001 -18"><span class='ocrx_word' id='word_1_322' title='bbox 194 4197 440 4266; x_wconf 84' lang='lat' dir='ltr'><strong>loquaris</strong></span> <span class='ocrx_word' id='word_1_323' title='bbox 487 4196 793 4268; x_wconf 71' lang='lat' dir='ltr'><strong>habeasque</strong></span> <span class='ocrx_word' id='word_1_324' title='bbox 819 4200 872 4252; x_wconf 93' lang='lat' dir='ltr'><strong>in</strong></span> <span class='ocrx_word' id='word_1_325' title='bbox 909 4199 1109 4253; x_wconf 87' lang='lat' dir='ltr'><strong>animo.</strong></span> <span class='ocrx_word' id='word_1_326' title='bbox 1160 4199 1299 4269; x_wconf 86' lang='lat' dir='ltr'><strong>Ergo</strong></span> <span class='ocrx_word' id='word_1_327' title='bbox 1328 4200 1591 4269; x_wconf 86' lang='lat' dir='ltr'><strong>responde</strong></span> <span class='ocrx_word' id='word_1_328' title='bbox 1621 4199 1748 4254; x_wconf 88' lang='lat' dir='ltr'><strong>tnihi</strong></span> <span class='ocrx_word' id='word_1_329' title='bbox 1779 4240 1795 4266; x_wconf 94' lang='lat'><strong>,</strong></span> 
     </span>
    </p>
   </div>
   <div class='ocr_carea' id='block_1_43' title="bbox 195 4282 1795 4362">
    <p class='ocr_par' dir='ltr' id='par_1_43' title="bbox 195 4282 1795 4362">
     <span class='ocr_line' id='line_1_43' title="bbox 195 4282 1795 4362; baseline 0.001 -18"><span class='ocrx_word' id='word_1_330' title='bbox 195 4305 325 4344; x_wconf 87' lang='lat' dir='ltr'><strong>cum</strong></span> <span class='ocrx_word' id='word_1_331' title='bbox 366 4290 610 4344; x_wconf 87' lang='lat' dir='ltr'><strong>diabolus</strong></span> <span class='ocrx_word' id='word_1_332' title='bbox 656 4291 906 4346; x_wconf 87' lang='lat' dir='ltr'><strong>recitaret</strong></span> <span class='ocrx_word' id='word_1_333' title='bbox 943 4306 1005 4346; x_wconf 90' lang='lat' dir='ltr'><strong>ea</strong></span> <span class='ocrx_word' id='word_1_334' title='bbox 1032 4282 1048 4357; x_wconf 85' lang='lat'><strong>,</strong></span> <span class='ocrx_word' id='word_1_335' title='bbox 1079 4307 1199 4362; x_wconf 78' lang='lat' dir='ltr'><strong>qua:</strong></span> <span class='ocrx_word' id='word_1_336' title='bbox 1221 4302 1345 4346; x_wconf 92' lang='lat' dir='ltr'><strong>sunt</strong></span> <span class='ocrx_word' id='word_1_337' title='bbox 1375 4291 1427 4345; x_wconf 91' lang='lat' dir='ltr'><strong>in</strong></span> <span class='ocrx_word' id='word_1_338' title='bbox 1467 4290 1756 4360; x_wconf 86' lang='lat' dir='ltr'><strong>Scripturis</strong></span> <span class='ocrx_word' id='word_1_339' title='bbox 1778 4332 1795 4358; x_wconf 93' lang='lat'><strong>,</strong></span> 
     </span>
    </p>
   </div>
   <div class='ocr_carea' id='block_1_44' title="bbox 195 4381 1792 4452">
    <p class='ocr_par' dir='ltr' id='par_1_44' title="bbox 195 4381 1792 4452">
     <span class='ocr_line' id='line_1_44' title="bbox 195 4381 1792 4452; baseline 0.001 -17"><span class='ocrx_word' id='word_1_340' title='bbox 195 4396 329 4435; x_wconf 88' lang='lat' dir='ltr'><strong>num</strong></span> <span class='ocrx_word' id='word_1_341' title='bbox 360 4396 423 4435; x_wconf 92' lang='lat' dir='ltr'><strong>os</strong></span> <span class='ocrx_word' id='word_1_342' title='bbox 454 4382 595 4435; x_wconf 90' lang='lat' dir='ltr'><strong>illius</strong></span> <span class='ocrx_word' id='word_1_343' title='bbox 634 4381 1018 4437; x_wconf 88' lang='lat' dir='ltr'><strong>sanctiﬁcatum</strong></span> <span class='ocrx_word' id='word_1_344' title='bbox 1057 4383 1180 4437; x_wconf 90' lang='lat' dir='ltr'><strong>est?</strong></span> <span class='ocrx_word' id='word_1_345' title='bbox 1224 4382 1338 4437; x_wconf 81' lang='lat' dir='ltr'><strong>Non</strong></span> <span class='ocrx_word' id='word_1_346' title='bbox 1383 4395 1532 4452; x_wconf 82' lang='lat' dir='ltr'><strong>potes</strong></span> <span class='ocrx_word' id='word_1_347' title='bbox 1577 4384 1792 4447; x_wconf 88' lang='lat' dir='ltr'><strong>dicere,</strong></span> 
     </span>
    </p>
   </div>
   <div class='ocr_carea' id='block_1_45' title="bbox 166 4473 1798 4543">
    <p class='ocr_par' dir='ltr' id='par_1_45' title="bbox 166 4473 1798 4543">
     <span class='ocr_line' id='line_1_45' title="bbox 166 4473 1798 4543; baseline 0.001 -15"><span class='ocrx_word' id='word_1_348' title='bbox 166 4532 167 4535; x_wconf 31' lang='grc' dir='ltr'><strong>η</strong></span> <span class='ocrx_word' id='word_1_349' title='bbox 194 4473 295 4528; x_wconf 85' lang='lat' dir='ltr'><strong>sed</strong></span> <span class='ocrx_word' id='word_1_350' title='bbox 327 4474 618 4543; x_wconf 86' lang='lat' dir='ltr'><strong>permansit</strong></span> <span class='ocrx_word' id='word_1_351' title='bbox 642 4473 695 4528; x_wconf 91' lang='lat' dir='ltr'><strong>id</strong></span> <span class='ocrx_word' id='word_1_352' title='bbox 722 4475 863 4543; x_wconf 93' lang='lat' dir='ltr'><strong>quod</strong></span> <span class='ocrx_word' id='word_1_353' title='bbox 892 4484 1010 4530; x_wconf 87' lang='lat' dir='ltr'><strong>erat</strong></span> <span class='ocrx_word' id='word_1_354' title='bbox 1028 4475 1290 4530; x_wconf 88' lang='lat' dir='ltr'><strong>diabolus.</strong></span> <span class='ocrx_word' id='word_1_355' title='bbox 1319 4476 1455 4543; x_wconf 83' lang='lat' dir='ltr'><strong>Quid</strong></span> <span class='ocrx_word' id='word_1_356' title='bbox 1486 4485 1665 4530; x_wconf 88' lang='lat' dir='ltr'><strong>autem</strong></span> <span class='ocrx_word' id='word_1_357' title='bbox 1695 4476 1798 4529; x_wconf 69' lang='lat' dir='ltr'><strong>dm-</strong></span> 
     </span>
    </p>
   </div>
   <div class='ocr_carea' id='block_1_46' title="bbox 198 4562 1798 4634">
    <p class='ocr_par' dir='ltr' id='par_1_46' title="bbox 198 4562 1798 4634">
     <span class='ocr_line' id='line_1_46' title="bbox 198 4562 1798 4634; baseline 0.004 -19"><span class='ocrx_word' id='word_1_358' title='bbox 198 4562 430 4618; x_wconf 85' lang='lat' dir='ltr'><strong>mones?</strong></span> <span class='ocrx_word' id='word_1_359' title='bbox 456 4562 590 4619; x_wconf 90' lang='lat' dir='ltr'><strong>Cum</strong></span> <span class='ocrx_word' id='word_1_360' title='bbox 621 4566 979 4634; x_wconf 74' lang='lat' dir='ltr'><strong>prtedicarent</strong></span> <span class='ocrx_word' id='word_1_361' title='bbox 1020 4581 1083 4620; x_wconf 89' lang='lat' dir='ltr'><strong>ac</strong></span> <span class='ocrx_word' id='word_1_362' title='bbox 1117 4567 1394 4621; x_wconf 87' lang='lat' dir='ltr'><strong>dicerent:</strong></span> <span class='ocrx_word' id='word_1_363' title='bbox 1444 4567 1541 4620; x_wconf 82' lang='lat' dir='ltr'><strong>Isti</strong></span> <span class='ocrx_word' id='word_1_364' title='bbox 1571 4566 1798 4622; x_wconf 86' lang='lat' dir='ltr'><strong>homines</strong></span> 
     </span>
    </p>
   </div>
   <div class='ocr_carea' id='block_1_47' title="bbox 200 4655 1796 4726">
    <p class='ocr_par' dir='ltr' id='par_1_47' title="bbox 200 4655 1796 4726">
     <span class='ocr_line' id='line_1_47' title="bbox 200 4655 1796 4726; baseline 0.001 -16"><span class='ocrx_word' id='word_1_365' title='bbox 200 4656 336 4710; x_wconf 79' lang='lat' dir='ltr'><strong>servi</strong></span> <span class='ocrx_word' id='word_1_366' title='bbox 358 4655 453 4709; x_wconf 88' lang='lat' dir='ltr'><strong>Dei</strong></span> <span class='ocrx_word' id='word_1_367' title='bbox 480 4658 713 4711; x_wconf 73' lang='lat' dir='ltr'><strong>altissimi</strong></span> <span class='ocrx_word' id='word_1_368' title='bbox 729 4670 844 4712; x_wconf 88' lang='lat' dir='ltr'><strong>sunt</strong></span> <span class='ocrx_word' id='word_1_369' title='bbox 862 4700 878 4726; x_wconf 91' lang='lat'><strong>,</strong></span> <span class='ocrx_word' id='word_1_370' title='bbox 907 4660 1265 4713; x_wconf 86' lang='lat' dir='ltr'><strong>annuntiantes</strong></span> <span class='ocrx_word' id='word_1_371' title='bbox 1287 4660 1425 4713; x_wconf 81' lang='lat' dir='ltr'><strong>vobis</strong></span> <span class='ocrx_word' id='word_1_372' title='bbox 1454 4661 1584 4713; x_wconf 87' lang='lat' dir='ltr'><strong>viam</strong></span> <span class='ocrx_word' id='word_1_373' title='bbox 1610 4660 1796 4713; x_wconf 84' lang='lat' dir='ltr'><strong>salutis</strong></span> 
     </span>
    </p>
   </div>
   <div class='ocr_carea' id='block_1_48' title="bbox 194 4746 1795 4819">
    <p class='ocr_par' dir='ltr' id='par_1_48' title="bbox 194 4746 1795 4819">
     <span class='ocr_line' id='line_1_48' title="bbox 194 4746 1795 4819; baseline 0.004 -20"><span class='ocrx_word' id='word_1_374' title='bbox 194 4746 342 4816; x_wconf 73' lang='lat' dir='ltr'><strong>(Act.</strong></span> <span class='ocrx_word' id='word_1_375' title='bbox 371 4748 459 4802; x_wconf 81' lang='lat' dir='ltr'><strong>l6.</strong></span> <span class='ocrx_word' id='word_1_376' title='bbox 501 4747 628 4819; x_wconf 78' lang='lat' dir='ltr'><strong>l7);</strong></span> <span class='ocrx_word' id='word_1_377' title='bbox 672 4764 738 4804; x_wconf 89' lang='lat' dir='ltr'><strong>an</strong></span> <span class='ocrx_word' id='word_1_378' title='bbox 767 4750 889 4804; x_wconf 92' lang='lat' dir='ltr'><strong>ideo</strong></span> <span class='ocrx_word' id='word_1_379' title='bbox 915 4750 1035 4804; x_wconf 90' lang='lat' dir='ltr'><strong>illos</strong></span> <span class='ocrx_word' id='word_1_380' title='bbox 1064 4751 1117 4804; x_wconf 92' lang='lat' dir='ltr'><strong>in</strong></span> <span class='ocrx_word' id='word_1_381' title='bbox 1148 4752 1509 4818; x_wconf 85' lang='lat' dir='ltr'><strong>apostolorum</strong></span> <span class='ocrx_word' id='word_1_382' title='bbox 1553 4753 1795 4807; x_wconf 88' lang='lat' dir='ltr'><strong>ordinem</strong></span> 
     </span>
    </p>
   </div>
   <div class='ocr_carea' id='block_1_49' title="bbox 195 4836 1799 4911">
    <p class='ocr_par' dir='ltr' id='par_1_49' title="bbox 195 4836 1799 4911">
     <span class='ocr_line' id='line_1_49' title="bbox 195 4836 1799 4911; baseline 0.004 -20"><span class='ocrx_word' id='word_1_383' title='bbox 195 4836 535 4894; x_wconf 88' lang='lat' dir='ltr'><strong>referemus?</strong></span> <span class='ocrx_word' id='word_1_384' title='bbox 555 4839 918 4911; x_wconf 88' lang='lat' dir='ltr'><strong>Nequaquam,</strong></span> <span class='ocrx_word' id='word_1_385' title='bbox 942 4839 1049 4895; x_wconf 93' lang='lat' dir='ltr'><strong>imo</strong></span> <span class='ocrx_word' id='word_1_386' title='bbox 1078 4840 1435 4897; x_wconf 81' lang='lat' dir='ltr'><strong>nihilominus</strong></span> <span class='ocrx_word' id='word_1_387' title='bbox 1456 4858 1799 4898; x_wconf 81' lang='lat' dir='ltr'><strong>exsecramur</strong></span> 
     </span>
    </p>
   </div>
   <div class='ocr_carea' id='block_1_50' title="bbox 193 4929 1798 5002">
    <p class='ocr_par' dir='ltr' id='par_1_50' title="bbox 193 4929 1798 5002">
     <span class='ocr_line' id='line_1_50' title="bbox 193 4929 1798 5002; baseline 0.003 -20"><span class='ocrx_word' id='word_1_388' title='bbox 193 4929 346 4991; x_wconf 89' lang='lat' dir='ltr'><strong>illos,</strong></span> <span class='ocrx_word' id='word_1_389' title='bbox 370 4929 705 5000; x_wconf 90' lang='lat' dir='ltr'><strong>odimusque.</strong></span> <span class='ocrx_word' id='word_1_390' title='bbox 742 4930 884 5000; x_wconf 86' lang='lat' dir='ltr'><strong>Ergo</strong></span> <span class='ocrx_word' id='word_1_391' title='bbox 912 4945 1036 4985; x_wconf 92' lang='lat' dir='ltr'><strong>cum</strong></span> <span class='ocrx_word' id='word_1_392' title='bbox 1079 4933 1238 4987; x_wconf 91' lang='lat' dir='ltr'><strong>verba</strong></span> <span class='ocrx_word' id='word_1_393' title='bbox 1286 4932 1491 5002; x_wconf 88' lang='lat' dir='ltr'><strong>prolata</strong></span> <span class='ocrx_word' id='word_1_394' title='bbox 1527 4950 1634 4988; x_wconf 91' lang='lat' dir='ltr'><strong>non</strong></span> <span class='ocrx_word' id='word_1_395' title='bbox 1675 4950 1798 4989; x_wconf 88' lang='lat' dir='ltr'><strong>san-</strong></span> 
     </span>
    </p>
   </div>
   <div class='ocr_carea' id='block_1_51' title="bbox 191 5019 1798 5094">
    <p class='ocr_par' dir='ltr' id='par_1_51' title="bbox 191 5019 1798 5094">
     <span class='ocr_line' id='line_1_51' title="bbox 191 5019 1798 5094; baseline 0.003 -18"><span class='ocrx_word' id='word_1_396' title='bbox 191 5021 459 5084; x_wconf 87' lang='lat' dir='ltr'><strong>ctilicent,</strong></span> <span class='ocrx_word' id='word_1_397' title='bbox 489 5019 611 5074; x_wconf 91' lang='lat' dir='ltr'><strong>libri</strong></span> <span class='ocrx_word' id='word_1_398' title='bbox 635 5021 853 5091; x_wconf 89' lang='lat' dir='ltr'><strong>repositi</strong></span> <span class='ocrx_word' id='word_1_399' title='bbox 877 5022 1248 5077; x_wconf 84' lang='lat' dir='ltr'><strong>sanetiﬁcant?</strong></span> <span class='ocrx_word' id='word_1_400' title='bbox 1277 5025 1511 5081; x_wconf 86' lang='lat' dir='ltr'><strong>Minime.</strong></span> <span class='ocrx_word' id='word_1_401' title='bbox 1539 5026 1651 5094; x_wconf 86' lang='lat' dir='ltr'><strong>Qua</strong></span> <span class='ocrx_word' id='word_1_402' title='bbox 1684 5037 1798 5081; x_wconf 90' lang='lat' dir='ltr'><strong>tan-</strong></span> 
     </span>
    </p>
   </div>
   <div class='ocr_carea' id='block_1_52' title="bbox 184 5109 1796 5188">
    <p class='ocr_par' dir='ltr' id='par_1_52' title="bbox 184 5109 1796 5188">
     <span class='ocr_line' id='line_1_52' title="bbox 184 5109 1796 5188; baseline 0.006 -24"><span class='ocrx_word' id='word_1_403' title='bbox 184 5109 325 5164; x_wconf 79' lang='lat' dir='ltr'><strong>dem</strong></span> <span class='ocrx_word' id='word_1_404' title='bbox 356 5110 601 5165; x_wconf 80' lang='lat' dir='ltr'><strong>ratione?</strong></span> <span class='ocrx_word' id='word_1_405' title='bbox 622 5110 733 5167; x_wconf 92' lang='lat' dir='ltr'><strong>lmo</strong></span> <span class='ocrx_word' id='word_1_406' title='bbox 759 5112 862 5169; x_wconf 88' lang='lat' dir='ltr'><strong>hoc</strong></span> <span class='ocrx_word' id='word_1_407' title='bbox 898 5116 1115 5169; x_wconf 88' lang='lat' dir='ltr'><strong>nomine</strong></span> <span class='ocrx_word' id='word_1_408' title='bbox 1141 5115 1229 5170; x_wconf 92' lang='lat' dir='ltr'><strong>odi</strong></span> <span class='ocrx_word' id='word_1_409' title='bbox 1258 5132 1581 5188; x_wconf 82' lang='lat' dir='ltr'><strong>synagogam</strong></span> <span class='ocrx_word' id='word_1_410' title='bbox 1614 5160 1628 5184; x_wconf 90' lang='lat'><strong>,</strong></span> <span class='ocrx_word' id='word_1_411' title='bbox 1655 5118 1796 5188; x_wconf 86' lang='lat' dir='ltr'><strong>quod</strong></span> 
     </span>
    </p>
   </div>
   <div class='ocr_carea' id='block_1_53' title="bbox 194 5199 1797 5280">
    <p class='ocr_par' dir='ltr' id='par_1_53' title="bbox 194 5199 1797 5280">
     <span class='ocr_line' id='line_1_53' title="bbox 194 5199 1797 5280; baseline 0.007 -26"><span class='ocrx_word' id='word_1_412' title='bbox 194 5201 377 5271; x_wconf 84' lang='lat' dir='ltr'><strong>legem</strong></span> <span class='ocrx_word' id='word_1_413' title='bbox 405 5199 597 5258; x_wconf 86' lang='lat' dir='ltr'><strong>habeat</strong></span> <span class='ocrx_word' id='word_1_414' title='bbox 624 5217 687 5258; x_wconf 89' lang='lat' dir='ltr'><strong>ac</strong></span> <span class='ocrx_word' id='word_1_415' title='bbox 713 5206 999 5274; x_wconf 88' lang='lat' dir='ltr'><strong>prophetas</strong></span> <span class='ocrx_word' id='word_1_416' title='bbox 1029 5247 1043 5271; x_wconf 91' lang='lat'><strong>,</strong></span> <span class='ocrx_word' id='word_1_417' title='bbox 1088 5217 1143 5261; x_wconf 94' lang='lat' dir='ltr'><strong>et</strong></span> <span class='ocrx_word' id='word_1_418' title='bbox 1185 5224 1326 5263; x_wconf 89' lang='lat' dir='ltr'><strong>nunc</strong></span> <span class='ocrx_word' id='word_1_419' title='bbox 1368 5212 1528 5264; x_wconf 86' lang='lat' dir='ltr'><strong>etiam</strong></span> <span class='ocrx_word' id='word_1_420' title='bbox 1567 5212 1797 5280; x_wconf 88' lang='lat' dir='ltr'><strong>amplius</strong></span> 
     </span>
    </p>
   </div>
   <div class='ocr_carea' id='block_1_54' title="bbox 192 5292 1796 5362">
    <p class='ocr_par' dir='ltr' id='par_1_54' title="bbox 192 5292 1796 5362">
     <span class='ocr_line' id='line_1_54' title="bbox 192 5292 1796 5362; baseline 0.007 -17"><span class='ocrx_word' id='word_1_421' title='bbox 192 5292 287 5346; x_wconf 87' lang='lat' dir='ltr'><strong>odi</strong></span> <span class='ocrx_word' id='word_1_422' title='bbox 314 5332 329 5355; x_wconf 91' lang='lat'><strong>,</strong></span> <span class='ocrx_word' id='word_1_423' title='bbox 353 5308 519 5362; x_wconf 85' lang='lat' dir='ltr'><strong>quam</strong></span> <span class='ocrx_word' id='word_1_424' title='bbox 538 5294 583 5347; x_wconf 88' lang='lat' dir='ltr'><strong>si</strong></span> <span class='ocrx_word' id='word_1_425' title='bbox 611 5293 742 5349; x_wconf 89' lang='lat' dir='ltr'><strong>nihil</strong></span> <span class='ocrx_word' id='word_1_426' title='bbox 771 5296 993 5351; x_wconf 88' lang='lat' dir='ltr'><strong>istorum</strong></span> <span class='ocrx_word' id='word_1_427' title='bbox 1019 5297 1261 5354; x_wconf 87' lang='lat' dir='ltr'><strong>haberet.</strong></span> <span class='ocrx_word' id='word_1_428' title='bbox 1293 5298 1401 5355; x_wconf 87' lang='lat' dir='ltr'><strong>Cur</strong></span> <span class='ocrx_word' id='word_1_429' title='bbox 1427 5301 1497 5355; x_wconf 90' lang='lat' dir='ltr'><strong>ita</strong></span> <span class='ocrx_word' id='word_1_430' title='bbox 1528 5303 1741 5358; x_wconf 88' lang='lat' dir='ltr'><strong>tandem</strong></span> <span class='ocrx_word' id='word_1_431' title='bbox 1773 5305 1796 5357; x_wconf 89' lang='lat'><strong>?</strong></span> 
     </span>
    </p>
   </div>
   <div class='ocr_carea' id='block_1_55' title="bbox 194 5384 1799 5466">
    <p class='ocr_par' dir='ltr' id='par_1_55' title="bbox 194 5384 1799 5466">
     <span class='ocr_line' id='line_1_55' title="bbox 194 5384 1799 5466; baseline 0.009 -30"><span class='ocrx_word' id='word_1_432' title='bbox 194 5384 464 5452; x_wconf 84' lang='lat' dir='ltr'><strong>Quoniam</strong></span> <span class='ocrx_word' id='word_1_433' title='bbox 495 5387 696 5443; x_wconf 87' lang='lat' dir='ltr'><strong>variam</strong></span> <span class='ocrx_word' id='word_1_434' title='bbox 729 5389 853 5443; x_wconf 89' lang='lat' dir='ltr'><strong>hinc</strong></span> <span class='ocrx_word' id='word_1_435' title='bbox 879 5389 1077 5445; x_wconf 90' lang='lat' dir='ltr'><strong>habent</strong></span> <span class='ocrx_word' id='word_1_436' title='bbox 1102 5406 1302 5457; x_wconf 88' lang='lat' dir='ltr'><strong>eseam,</strong></span> <span class='ocrx_word' id='word_1_437' title='bbox 1331 5395 1636 5466; x_wconf 89' lang='lat' dir='ltr'><strong>variamque</strong></span> <span class='ocrx_word' id='word_1_438' title='bbox 1666 5397 1799 5451; x_wconf 79' lang='lat' dir='ltr'><strong>frau—</strong></span> 
     </span>
    </p>
   </div>
   <div class='ocr_carea' id='block_1_56' title="bbox 192 5474 1795 5558">
    <p class='ocr_par' dir='ltr' id='par_1_56' title="bbox 192 5474 1795 5558">
     <span class='ocr_line' id='line_1_56' title="bbox 192 5474 1795 5558; baseline 0.008 -29"><span class='ocrx_word' id='word_1_439' title='bbox 192 5474 284 5529; x_wconf 86' lang='lat' dir='ltr'><strong>dis</strong></span> <span class='ocrx_word' id='word_1_440' title='bbox 298 5477 577 5531; x_wconf 91' lang='lat' dir='ltr'><strong>materiam</strong></span> <span class='ocrx_word' id='word_1_441' title='bbox 609 5519 624 5543; x_wconf 93' lang='lat'><strong>,</strong></span> <span class='ocrx_word' id='word_1_442' title='bbox 654 5480 753 5548; x_wconf 87' lang='lat' dir='ltr'><strong>qua</strong></span> <span class='ocrx_word' id='word_1_443' title='bbox 783 5481 1138 5550; x_wconf 89' lang='lat' dir='ltr'><strong>simpliciores</strong></span> <span class='ocrx_word' id='word_1_444' title='bbox 1162 5483 1415 5538; x_wconf 89' lang='lat' dir='ltr'><strong>alliciant.</strong></span> <span class='ocrx_word' id='word_1_445' title='bbox 1444 5486 1795 5558; x_wconf 85' lang='lat' dir='ltr'><strong>Quandoqui-</strong></span> 
     </span>
    </p>
   </div>
   <div class='ocr_carea' id='block_1_57' title="bbox 193 5567 1793 5652">
    <p class='ocr_par' dir='ltr' id='par_1_57' title="bbox 193 5567 1793 5652">
     <span class='ocr_line' id='line_1_57' title="bbox 193 5567 1793 5652; baseline 0.01 -33"><span class='ocrx_word' id='word_1_446' title='bbox 193 5569 391 5621; x_wconf 88' lang='lat' dir='ltr'><strong>demet</strong></span> <span class='ocrx_word' id='word_1_447' title='bbox 416 5567 609 5625; x_wconf 86' lang='lat' dir='ltr'><strong>Paulus</strong></span> <span class='ocrx_word' id='word_1_448' title='bbox 634 5571 877 5640; x_wconf 85' lang='lat' dir='ltr'><strong>spiritum</strong></span> <span class='ocrx_word' id='word_1_449' title='bbox 902 5572 1051 5629; x_wconf 89' lang='lat' dir='ltr'><strong>illum</strong></span> <span class='ocrx_word' id='word_1_450' title='bbox 1075 5575 1380 5645; x_wconf 89' lang='lat' dir='ltr'><strong>loquentent</strong></span> <span class='ocrx_word' id='word_1_451' title='bbox 1409 5580 1605 5649; x_wconf 90' lang='lat' dir='ltr'><strong>potius,</strong></span> <span class='ocrx_word' id='word_1_452' title='bbox 1636 5596 1793 5652; x_wconf 92' lang='lat' dir='ltr'><strong>quam</strong></span> 
     </span>
    </p>
   </div>
   <div class='ocr_carea' id='block_1_58' title="bbox 194 5660 1793 5740">
    <p class='ocr_par' dir='ltr' id='par_1_58' title="bbox 194 5660 1793 5740">
     <span class='ocr_line' id='line_1_58' title="bbox 194 5660 1793 5740; baseline 0.009 -29"><span class='ocrx_word' id='word_1_453' title='bbox 194 5668 465 5714; x_wconf 87' lang='lat' dir='ltr'><strong>tacentem</strong></span> <span class='ocrx_word' id='word_1_454' title='bbox 494 5661 671 5730; x_wconf 84' lang='lat' dir='ltr'><strong>ejeeit.</strong></span> <span class='ocrx_word' id='word_1_455' title='bbox 698 5660 902 5717; x_wconf 83' lang='lat' dir='ltr'><strong>Etenim</strong></span> <span class='ocrx_word' id='word_1_456' title='bbox 919 5667 1149 5720; x_wconf 83' lang='lat' dir='ltr'><strong>molestia</strong></span> <span class='ocrx_word' id='word_1_457' title='bbox 1174 5668 1421 5740; x_wconf 82' lang='lat' dir='ltr'><strong>ttedioque</strong></span> <span class='ocrx_word' id='word_1_458' title='bbox 1439 5669 1675 5739; x_wconf 73' lang='lat' dir='ltr'><strong>a/Tectus,</strong></span> <span class='ocrx_word' id='word_1_459' title='bbox 1710 5672 1793 5725; x_wconf 88' lang='lat' dir='ltr'><strong>in-</strong></span> 
     </span>
    </p>
   </div>
   <div class='ocr_carea' id='block_1_59' title="bbox 191 5748 1794 5832">
    <p class='ocr_par' dir='ltr' id='par_1_59' title="bbox 191 5748 1794 5832">
     <span class='ocr_line' id='line_1_59' title="bbox 191 5748 1794 5832; baseline 0.011 -31"><span class='ocrx_word' id='word_1_460' title='bbox 191 5748 330 5819; x_wconf 88' lang='lat' dir='ltr'><strong>quit,</strong></span> <span class='ocrx_word' id='word_1_461' title='bbox 360 5750 562 5819; x_wconf 80' lang='lat' dir='ltr'><strong>spiritui</strong></span> <span class='ocrx_word' id='word_1_462' title='bbox 598 5751 758 5808; x_wconf 72' lang='lat' dir='ltr'><strong>dixit:</strong></span> <span class='ocrx_word' id='word_1_463' title='bbox 802 5755 885 5808; x_wconf 75' lang='lat' dir='ltr'><strong>exi</strong></span> <span class='ocrx_word' id='word_1_464' title='bbox 910 5757 973 5809; x_wconf 87' lang='lat' dir='ltr'><strong>ab</strong></span> <span class='ocrx_word' id='word_1_465' title='bbox 1010 5755 1142 5828; x_wconf 86' lang='lat' dir='ltr'><strong>illa(</strong></span> <span class='ocrx_word' id='word_1_466' title='bbox 1172 5756 1311 5813; x_wconf 81' lang='lat' dir='ltr'><strong>Ibid.</strong></span> <span class='ocrx_word' id='word_1_467' title='bbox 1344 5777 1392 5814; x_wconf 85' lang='grc' dir='ltr'><strong>υ.</strong></span> <span class='ocrx_word' id='word_1_468' title='bbox 1422 5761 1491 5817; x_wconf 70' lang='grc'><strong>18</strong></span> <span class='ocrx_word' id='word_1_469' title='bbox 1518 5760 1561 5832; x_wconf 87' lang='grc'><strong>).</strong></span> <span class='ocrx_word' id='word_1_470' title='bbox 1589 5762 1703 5831; x_wconf 89' lang='lat' dir='ltr'><strong>Qua</strong></span> <span class='ocrx_word' id='word_1_471' title='bbox 1728 5763 1794 5819; x_wconf 89' lang='lat' dir='ltr'><strong>de</strong></span> 
     </span>
    </p>
   </div>
   <div class='ocr_carea' id='block_1_60' title="bbox 190 5840 1789 5910">
    <p class='ocr_par' dir='ltr' id='par_1_60' title="bbox 190 5840 1789 5910">
     <span class='ocr_line' id='line_1_60' title="bbox 190 5840 1789 5910; baseline 0.01 -16"><span class='ocrx_word' id='word_1_472' title='bbox 190 5840 397 5895; x_wconf 81' lang='lat' dir='ltr'><strong>causa?</strong></span> <span class='ocrx_word' id='word_1_473' title='bbox 439 5840 697 5909; x_wconf 85' lang='lat' dir='ltr'><strong>Quoniam</strong></span> <span class='ocrx_word' id='word_1_474' title='bbox 731 5846 1037 5902; x_wconf 87' lang='lat' dir='ltr'><strong>clamabat:</strong></span> <span class='ocrx_word' id='word_1_475' title='bbox 1070 5848 1167 5904; x_wconf 84' lang='lat' dir='ltr'><strong>Isti</strong></span> <span class='ocrx_word' id='word_1_476' title='bbox 1190 5850 1414 5908; x_wconf 80' lang='lat' dir='ltr'><strong>homines</strong></span> <span class='ocrx_word' id='word_1_477' title='bbox 1444 5856 1572 5909; x_wconf 82' lang='lat' dir='ltr'><strong>servi</strong></span> <span class='ocrx_word' id='word_1_478' title='bbox 1592 5854 1686 5909; x_wconf 84' lang='lat' dir='ltr'><strong>Dei</strong></span> <span class='ocrx_word' id='word_1_479' title='bbox 1707 5857 1789 5910; x_wconf 85' lang='lat' dir='ltr'><strong>af—</strong></span> 
     </span>
    </p>
   </div>
   <div class='ocr_carea' id='block_1_61' title="bbox 1418 420 2245 482">
    <p class='ocr_par' dir='ltr' id='par_1_61' title="bbox 1418 420 2245 482">
     <span class='ocr_line' id='line_1_61' title="bbox 1418 420 2245 482; baseline -0.005 -1"><span class='ocrx_word' id='word_1_480' title='bbox 1418 424 1778 482; x_wconf 76' lang='lat' dir='ltr'><strong>ADVERSUS</strong></span> <span class='ocrx_word' id='word_1_481' title='bbox 1815 421 2113 481; x_wconf 46' lang='lat' dir='ltr'><strong>JUDEEOS.</strong></span> <span class='ocrx_word' id='word_1_482' title='bbox 2158 420 2245 477; x_wconf 70' lang='lat' dir='ltr'><strong>Vl.</strong></span> 
     </span>
    </p>
   </div>
   <div class='ocr_carea' id='block_1_62' title="bbox 3396 424 3501 481">
    <p class='ocr_par' dir='ltr' id='par_1_62' title="bbox 3396 424 3501 481">
     <span class='ocr_line' id='line_1_62' title="bbox 3396 424 3501 481; baseline -0.01 0"><span class='ocrx_word' id='word_1_483' title='bbox 3396 424 3501 481; x_wconf 63' lang='grc' dir='ltr'><strong>νυ.</strong></span> 
     </span>
    </p>
   </div>
   <div class='ocr_carea' id='block_1_63' title="bbox 1906 534 3499 608">
    <p class='ocr_par' dir='ltr' id='par_1_63' title="bbox 1906 534 3499 608">
     <span class='ocr_line' id='line_1_63' title="bbox 1906 534 3499 608; baseline 0.003 -21"><span class='ocrx_word' id='word_1_484' title='bbox 1906 535 2083 588; x_wconf 84' lang='lat' dir='ltr'><strong>tissimi</strong></span> <span class='ocrx_word' id='word_1_485' title='bbox 2102 544 2242 588; x_wconf 88' lang='lat' dir='ltr'><strong>sunt.</strong></span> <span class='ocrx_word' id='word_1_486' title='bbox 2268 534 2530 590; x_wconf 85' lang='lat' dir='ltr'><strong>&#39;l‘acentes</strong></span> <span class='ocrx_word' id='word_1_487' title='bbox 2554 536 2698 592; x_wconf 88' lang='lat' dir='ltr'><strong>enim</strong></span> <span class='ocrx_word' id='word_1_488' title='bbox 2742 552 2844 592; x_wconf 89' lang='lat' dir='ltr'><strong>non</strong></span> <span class='ocrx_word' id='word_1_489' title='bbox 2869 536 3090 608; x_wconf 88' lang='lat' dir='ltr'><strong>perinde</strong></span> <span class='ocrx_word' id='word_1_490' title='bbox 3112 536 3452 608; x_wconf 82' lang='lat' dir='ltr'><strong>decepissent</strong></span> <span class='ocrx_word' id='word_1_491' title='bbox 3482 581 3499 603; x_wconf 89' lang='lat'><strong>,</strong></span> 
     </span>
    </p>
   </div>
   <div class='ocr_carea' id='block_1_64' title="bbox 1906 624 3495 697">
    <p class='ocr_par' dir='ltr' id='par_1_64' title="bbox 1906 624 3495 697">
     <span class='ocr_line' id='line_1_64' title="bbox 1906 624 3495 697; baseline 0.003 -18"><span class='ocrx_word' id='word_1_492' title='bbox 1906 625 2181 695; x_wconf 89' lang='lat' dir='ltr'><strong>loquentes</strong></span> <span class='ocrx_word' id='word_1_493' title='bbox 2207 634 2386 681; x_wconf 89' lang='lat' dir='ltr'><strong>autem</strong></span> <span class='ocrx_word' id='word_1_494' title='bbox 2415 627 2614 682; x_wconf 89' lang='lat' dir='ltr'><strong>multos</strong></span> <span class='ocrx_word' id='word_1_495' title='bbox 2643 640 2797 682; x_wconf 90' lang='lat' dir='ltr'><strong>erant</strong></span> <span class='ocrx_word' id='word_1_496' title='bbox 2820 628 3177 697; x_wconf 84' lang='lat' dir='ltr'><strong>simpliciores</strong></span> <span class='ocrx_word' id='word_1_497' title='bbox 3218 624 3495 683; x_wconf 58' lang='lat' dir='ltr'><strong>at&#39;tracturt</strong></span> 
     </span>
    </p>
   </div>
   <div class='ocr_carea' id='block_1_65' title="bbox 1905 718 3499 798">
    <p class='ocr_par' dir='ltr' id='par_1_65' title="bbox 1905 718 3499 798">
     <span class='ocr_line' id='line_1_65' title="bbox 1905 718 3499 798; baseline 0.003 -26"><span class='ocrx_word' id='word_1_498' title='bbox 1905 718 2337 790; x_wconf 79' lang='lat' dir='ltr'><strong>persuasurique,</strong></span> <span class='ocrx_word' id='word_1_499' title='bbox 2358 735 2465 791; x_wconf 89' lang='lat' dir='ltr'><strong>quo</strong></span> <span class='ocrx_word' id='word_1_500' title='bbox 2493 721 2743 777; x_wconf 88' lang='lat' dir='ltr'><strong>nimirum</strong></span> <span class='ocrx_word' id='word_1_501' title='bbox 2768 730 2833 798; x_wconf 42' lang='lat' dir='ltr'><strong>et,</strong></span> <span class='ocrx_word' id='word_1_502' title='bbox 2848 722 2967 777; x_wconf 90' lang='lat' dir='ltr'><strong>aliis</strong></span> <span class='ocrx_word' id='word_1_503' title='bbox 3003 723 3054 777; x_wconf 90' lang='lat' dir='ltr'><strong>in</strong></span> <span class='ocrx_word' id='word_1_504' title='bbox 3091 722 3252 777; x_wconf 89' lang='lat' dir='ltr'><strong>rebus</strong></span> <span class='ocrx_word' id='word_1_505' title='bbox 3278 721 3382 778; x_wconf 89' lang='lat' dir='ltr'><strong>sibi</strong></span> <span class='ocrx_word' id='word_1_506' title='bbox 3409 739 3499 777; x_wconf 35' lang='lat' dir='ltr'><strong>aus</strong></span> 
     </span>
    </p>
   </div>
   <div class='ocr_carea' id='block_1_66' title="bbox 1904 807 3501 892">
    <p class='ocr_par' dir='ltr' id='par_1_66' title="bbox 1904 807 3501 892">
     <span class='ocr_line' id='line_1_66' title="bbox 1904 807 3501 892; baseline 0.005 -32"><span class='ocrx_word' id='word_1_507' title='bbox 1904 807 2215 864; x_wconf 88' lang='lat' dir='ltr'><strong>scultarent.</strong></span> <span class='ocrx_word' id='word_1_508' title='bbox 2243 808 2517 879; x_wconf 88' lang='lat' dir='ltr'><strong>Siquidem</strong></span> <span class='ocrx_word' id='word_1_509' title='bbox 2540 820 2599 865; x_wconf 93' lang='lat' dir='ltr'><strong>ut</strong></span> <span class='ocrx_word' id='word_1_510' title='bbox 2627 811 2822 866; x_wconf 82' lang='lat' dir='ltr'><strong>ostium</strong></span> <span class='ocrx_word' id='word_1_511' title='bbox 2848 813 3120 892; x_wconf 74' lang='lat' dir='ltr'><strong>aperirent</strong></span> <span class='ocrx_word' id='word_1_512' title='bbox 3161 814 3275 867; x_wconf 87' lang='lat' dir='ltr'><strong>suis</strong></span> <span class='ocrx_word' id='word_1_513' title='bbox 3301 813 3501 868; x_wconf 82' lang='lat' dir='ltr'><strong>fraudi-</strong></span> 
     </span>
    </p>
   </div>
   <div class='ocr_carea' id='block_1_67' title="bbox 1905 895 3500 973">
    <p class='ocr_par' dir='ltr' id='par_1_67' title="bbox 1905 895 3500 973">
     <span class='ocr_line' id='line_1_67' title="bbox 1905 895 3500 973; baseline 0.006 -22"><span class='ocrx_word' id='word_1_514' title='bbox 1905 895 2025 966; x_wconf 89' lang='lat' dir='ltr'><strong>bus,</strong></span> <span class='ocrx_word' id='word_1_515' title='bbox 2081 910 2403 971; x_wconf 90' lang='lat' dir='ltr'><strong>possentque</strong></span> <span class='ocrx_word' id='word_1_516' title='bbox 2453 902 2505 956; x_wconf 90' lang='lat' dir='ltr'><strong>in</strong></span> <span class='ocrx_word' id='word_1_517' title='bbox 2542 912 2813 973; x_wconf 87' lang='lat' dir='ltr'><strong>posterum</strong></span> <span class='ocrx_word' id='word_1_518' title='bbox 2860 904 3070 958; x_wconf 88' lang='lat' dir='ltr'><strong>mentiri</strong></span> <span class='ocrx_word' id='word_1_519' title='bbox 3108 904 3500 960; x_wconf 84' lang='lat' dir='ltr'><strong>confidentius:</strong></span> 
     </span>
    </p>
   </div>
   <div class='ocr_carea' id='block_1_68' title="bbox 1905 994 3501 1062">
    <p class='ocr_par' dir='ltr' id='par_1_68' title="bbox 1905 994 3501 1062">
     <span class='ocr_line' id='line_1_68' title="bbox 1905 994 3501 1062; baseline 0.007 -22"><span class='ocrx_word' id='word_1_520' title='bbox 1905 996 2189 1059; x_wconf 86' lang='lat' dir='ltr'><strong>propterea</strong></span> <span class='ocrx_word' id='word_1_521' title='bbox 2219 1006 2342 1046; x_wconf 88' lang='lat' dir='ltr'><strong>vera</strong></span> <span class='ocrx_word' id='word_1_522' title='bbox 2371 1008 2586 1062; x_wconf 90' lang='lat' dir='ltr'><strong>quoque</strong></span> <span class='ocrx_word' id='word_1_523' title='bbox 2630 994 2884 1047; x_wconf 89' lang='lat' dir='ltr'><strong>nonnulla</strong></span> <span class='ocrx_word' id='word_1_524' title='bbox 2914 995 3365 1062; x_wconf 89' lang='lat' dir='ltr'><strong>commisccbant,</strong></span> <span class='ocrx_word' id='word_1_525' title='bbox 3397 1011 3501 1051; x_wconf 82' lang='lat' dir='ltr'><strong>non</strong></span> 
     </span>
    </p>
   </div>
   <div class='ocr_carea' id='block_1_69' title="bbox 1904 1080 3500 1156">
    <p class='ocr_par' dir='ltr' id='par_1_69' title="bbox 1904 1080 3500 1156">
     <span class='ocr_line' id='line_1_69' title="bbox 1904 1080 3500 1156; baseline 0.004 -22"><span class='ocrx_word' id='word_1_526' title='bbox 1904 1080 2061 1135; x_wconf 88' lang='lat' dir='ltr'><strong>aliter</strong></span> <span class='ocrx_word' id='word_1_527' title='bbox 2088 1097 2245 1152; x_wconf 89' lang='lat' dir='ltr'><strong>quam</strong></span> <span class='ocrx_word' id='word_1_528' title='bbox 2273 1084 2364 1154; x_wconf 91' lang='lat' dir='ltr'><strong>qui</strong></span> <span class='ocrx_word' id='word_1_529' title='bbox 2392 1083 2635 1139; x_wconf 88' lang='lat' dir='ltr'><strong>lethifera</strong></span> <span class='ocrx_word' id='word_1_530' title='bbox 2667 1086 2892 1140; x_wconf 83' lang='lat' dir='ltr'><strong>miscent</strong></span> <span class='ocrx_word' id='word_1_531' title='bbox 2918 1102 3121 1141; x_wconf 86' lang='lat' dir='ltr'><strong>venena</strong></span> <span class='ocrx_word' id='word_1_532' title='bbox 3144 1128 3158 1152; x_wconf 96' lang='lat'><strong>,</strong></span> <span class='ocrx_word' id='word_1_533' title='bbox 3220 1101 3281 1141; x_wconf 89' lang='lat' dir='ltr'><strong>es</strong></span> <span class='ocrx_word' id='word_1_534' title='bbox 3312 1090 3500 1156; x_wconf 80' lang='lat' dir='ltr'><strong>poculi</strong></span> 
     </span>
    </p>
   </div>
   <div class='ocr_carea' id='block_1_70' title="bbox 1906 1173 3498 1249">
    <p class='ocr_par' dir='ltr' id='par_1_70' title="bbox 1906 1173 3498 1249">
     <span class='ocr_line' id='line_1_70' title="bbox 1906 1173 3498 1249; baseline 0.004 -23"><span class='ocrx_word' id='word_1_535' title='bbox 1906 1173 2066 1228; x_wconf 87' lang='lat' dir='ltr'><strong>melle</strong></span> <span class='ocrx_word' id='word_1_536' title='bbox 2088 1175 2518 1232; x_wconf 88' lang='lat' dir='ltr'><strong>circumlinentes</strong></span> <span class='ocrx_word' id='word_1_537' title='bbox 2538 1217 2554 1242; x_wconf 93' lang='lat'><strong>,</strong></span> <span class='ocrx_word' id='word_1_538' title='bbox 2595 1175 2834 1232; x_wconf 88' lang='lat' dir='ltr'><strong>efﬁciunt</strong></span> <span class='ocrx_word' id='word_1_539' title='bbox 2852 1219 2867 1245; x_wconf 96' lang='lat'><strong>,</strong></span> <span class='ocrx_word' id='word_1_540' title='bbox 2897 1187 2955 1233; x_wconf 94' lang='lat' dir='ltr'><strong>ut</strong></span> <span class='ocrx_word' id='word_1_541' title='bbox 2976 1177 3180 1233; x_wconf 90' lang='lat' dir='ltr'><strong>facilius</strong></span> <span class='ocrx_word' id='word_1_542' title='bbox 3205 1180 3498 1249; x_wconf 84' lang='lat' dir='ltr'><strong>accipiatur</strong></span> 
     </span>
    </p>
   </div>
   <div class='ocr_carea' id='block_1_71' title="bbox 1906 1264 3501 1339">
    <p class='ocr_par' dir='ltr' id='par_1_71' title="bbox 1906 1264 3501 1339">
     <span class='ocr_line' id='line_1_71' title="bbox 1906 1264 3501 1339; baseline 0.004 -22"><span class='ocrx_word' id='word_1_543' title='bbox 1906 1264 2128 1319; x_wconf 90' lang='lat' dir='ltr'><strong>malum.</strong></span> <span class='ocrx_word' id='word_1_544' title='bbox 2162 1265 2314 1321; x_wconf 83' lang='lat' dir='ltr'><strong>Hanc</strong></span> <span class='ocrx_word' id='word_1_545' title='bbox 2341 1267 2412 1323; x_wconf 90' lang='lat' dir='ltr'><strong>ob</strong></span> <span class='ocrx_word' id='word_1_546' title='bbox 2440 1281 2654 1322; x_wconf 85' lang='lat' dir='ltr'><strong>causam</strong></span> <span class='ocrx_word' id='word_1_547' title='bbox 2682 1276 2734 1323; x_wconf 90' lang='lat' dir='ltr'><strong>et</strong></span> <span class='ocrx_word' id='word_1_548' title='bbox 2771 1268 2970 1324; x_wconf 90' lang='lat' dir='ltr'><strong>Paulus</strong></span> <span class='ocrx_word' id='word_1_549' title='bbox 3006 1270 3343 1339; x_wconf 88' lang='lat' dir='ltr'><strong>potissimum</strong></span> <span class='ocrx_word' id='word_1_550' title='bbox 3374 1270 3501 1324; x_wconf 87' lang='lat' dir='ltr'><strong>afﬁ-</strong></span> 
     </span>
    </p>
   </div>
   <div class='ocr_carea' id='block_1_72' title="bbox 1906 1356 3503 1431">
    <p class='ocr_par' dir='ltr' id='par_1_72' title="bbox 1906 1356 3503 1431">
     <span class='ocr_line' id='line_1_72' title="bbox 1906 1356 3503 1431; baseline 0.008 -21"><span class='ocrx_word' id='word_1_551' title='bbox 1906 1356 2421 1413; x_wconf 79' lang='lat' dir='ltr'><strong>ciebatur‘moleStia</strong></span> <span class='ocrx_word' id='word_1_552' title='bbox 2443 1400 2457 1422; x_wconf 89' lang='lat'><strong>,</strong></span> <span class='ocrx_word' id='word_1_553' title='bbox 2486 1359 2878 1431; x_wconf 88' lang='lat' dir='ltr'><strong>festinabatque</strong></span> <span class='ocrx_word' id='word_1_554' title='bbox 2925 1362 3029 1416; x_wconf 91' lang='lat' dir='ltr'><strong>illis</strong></span> <span class='ocrx_word' id='word_1_555' title='bbox 3072 1362 3356 1418; x_wconf 88' lang='lat' dir='ltr'><strong>occludere</strong></span> <span class='ocrx_word' id='word_1_556' title='bbox 3402 1379 3464 1418; x_wconf 92' lang='lat' dir='ltr'><strong>os</strong></span> <span class='ocrx_word' id='word_1_557' title='bbox 3488 1407 3503 1423; x_wconf 92' lang='lat'><strong>.</strong></span> 
     </span>
    </p>
   </div>
   <div class='ocr_carea' id='block_1_73' title="bbox 1904 1447 3502 1526">
    <p class='ocr_par' dir='ltr' id='par_1_73' title="bbox 1904 1447 3502 1526">
     <span class='ocr_line' id='line_1_73' title="bbox 1904 1447 3502 1526; baseline 0.006 -26"><span class='ocrx_word' id='word_1_558' title='bbox 1904 1447 2044 1516; x_wconf 90' lang='lat' dir='ltr'><strong>quod</strong></span> <span class='ocrx_word' id='word_1_559' title='bbox 2072 1448 2172 1502; x_wconf 86' lang='lat' dir='ltr'><strong>sibi</strong></span> <span class='ocrx_word' id='word_1_560' title='bbox 2202 1451 2571 1504; x_wconf 90' lang='lat' dir='ltr'><strong>auctoritatem</strong></span> <span class='ocrx_word' id='word_1_561' title='bbox 2604 1462 2958 1521; x_wconf 89' lang='lat' dir='ltr'><strong>usurparent,</strong></span> <span class='ocrx_word' id='word_1_562' title='bbox 2989 1469 3322 1524; x_wconf 83' lang='lat' dir='ltr'><strong>nequaquam</strong></span> <span class='ocrx_word' id='word_1_563' title='bbox 3369 1455 3502 1526; x_wconf 68' lang='lat' dir='ltr'><strong>ipsis</strong></span> 
     </span>
    </p>
   </div>
   <div class='ocr_carea' id='block_1_74' title="bbox 1905 1527 3499 1612">
    <p class='ocr_par' dir='ltr' id='par_1_74' title="bbox 1905 1527 3499 1612">
     <span class='ocr_line' id='line_1_74' title="bbox 1905 1527 3499 1612; baseline 0.005 -20"><span class='ocrx_word' id='word_1_564' title='bbox 1905 1546 2310 1607; x_wconf 82' lang='lat' dir='ltr'><strong>congruentem.</strong></span> <span class='ocrx_word' id='word_1_565' title='bbox 2356 1527 2505 1595; x_wconf 82' lang='lat' dir='ltr'><strong>lianc</strong></span> <span class='ocrx_word' id='word_1_566' title='bbox 2532 1540 2602 1595; x_wconf 93' lang='lat' dir='ltr'><strong>ob</strong></span> <span class='ocrx_word' id='word_1_567' title='bbox 2629 1556 2846 1596; x_wconf 78' lang='lat' dir='ltr'><strong>causam</strong></span> <span class='ocrx_word' id='word_1_568' title='bbox 2876 1551 2928 1597; x_wconf 91' lang='lat' dir='ltr'><strong>et</strong></span> <span class='ocrx_word' id='word_1_569' title='bbox 2968 1544 3081 1612; x_wconf 91' lang='lat' dir='ltr'><strong>ipse</strong></span> <span class='ocrx_word' id='word_1_570' title='bbox 3119 1542 3337 1599; x_wconf 67' lang='lat' dir='ltr'><strong>Iudaeos</strong></span> <span class='ocrx_word' id='word_1_571' title='bbox 3370 1544 3499 1610; x_wconf 89' lang='lat' dir='ltr'><strong>odi,</strong></span> 
     </span>
    </p>
   </div>
   <div class='ocr_carea' id='block_1_75' title="bbox 1907 1628 3505 1703">
    <p class='ocr_par' dir='ltr' id='par_1_75' title="bbox 1907 1628 3505 1703">
     <span class='ocr_line' id='line_1_75' title="bbox 1907 1628 3505 1703; baseline 0.007 -22"><span class='ocrx_word' id='word_1_572' title='bbox 1907 1628 2049 1697; x_wconf 90' lang='lat' dir='ltr'><strong>quod</strong></span> <span class='ocrx_word' id='word_1_573' title='bbox 2076 1644 2196 1683; x_wconf 91' lang='lat' dir='ltr'><strong>cum</strong></span> <span class='ocrx_word' id='word_1_574' title='bbox 2226 1630 2393 1699; x_wconf 80' lang='lat' dir='ltr'><strong>legem</strong></span> <span class='ocrx_word' id='word_1_575' title='bbox 2418 1630 2667 1699; x_wconf 87' lang='lat' dir='ltr'><strong>habeant,</strong></span> <span class='ocrx_word' id='word_1_576' title='bbox 2696 1633 2867 1703; x_wconf 80' lang='lat' dir='ltr'><strong>legem</strong></span> <span class='ocrx_word' id='word_1_577' title='bbox 2885 1634 3103 1699; x_wconf 84' lang='lat' dir='ltr'><strong>violant,</strong></span> <span class='ocrx_word' id='word_1_578' title='bbox 3129 1645 3184 1690; x_wconf 92' lang='lat' dir='ltr'><strong>et</strong></span> <span class='ocrx_word' id='word_1_579' title='bbox 3211 1635 3313 1691; x_wconf 91' lang='lat' dir='ltr'><strong>hoc</strong></span> <span class='ocrx_word' id='word_1_580' title='bbox 3342 1638 3505 1692; x_wconf 90' lang='lat' dir='ltr'><strong>modo</strong></span> 
     </span>
    </p>
   </div>
   <div class='ocr_carea' id='block_1_76' title="bbox 1906 1719 3506 1798">
    <p class='ocr_par' dir='ltr' id='par_1_76' title="bbox 1906 1719 3506 1798">
     <span class='ocr_line' id='line_1_76' title="bbox 1906 1719 3506 1798; baseline 0.006 -25"><span class='ocrx_word' id='word_1_581' title='bbox 1906 1719 2258 1789; x_wconf 87' lang='lat' dir='ltr'><strong>simpliciores</strong></span> <span class='ocrx_word' id='word_1_582' title='bbox 2306 1721 2546 1777; x_wconf 86' lang='lat' dir='ltr'><strong>inescare</strong></span> <span class='ocrx_word' id='word_1_583' title='bbox 2584 1734 2865 1778; x_wconf 87' lang='lat' dir='ltr'><strong>conantur.</strong></span> <span class='ocrx_word' id='word_1_584' title='bbox 2920 1724 3037 1780; x_wconf 85' lang='lat' dir='ltr'><strong>Non</strong></span> <span class='ocrx_word' id='word_1_585' title='bbox 3076 1727 3298 1798; x_wconf 86' lang='lat' dir='ltr'><strong>perinde</strong></span> <span class='ocrx_word' id='word_1_586' title='bbox 3342 1744 3506 1798; x_wconf 83' lang='lat' dir='ltr'><strong>grave</strong></span> 
     </span>
    </p>
   </div>
   <div class='ocr_carea' id='block_1_77' title="bbox 1905 1809 3503 1887">
    <p class='ocr_par' dir='ltr' id='par_1_77' title="bbox 1905 1809 3503 1887">
     <span class='ocr_line' id='line_1_77' title="bbox 1905 1809 3503 1887; baseline 0.009 -25"><span class='ocrx_word' id='word_1_587' title='bbox 1905 1809 2108 1865; x_wconf 89' lang='lat' dir='ltr'><strong>crimen</strong></span> <span class='ocrx_word' id='word_1_588' title='bbox 2139 1812 2505 1879; x_wconf 87' lang='lat' dir='ltr'><strong>admitterent,</strong></span> <span class='ocrx_word' id='word_1_589' title='bbox 2539 1814 2637 1868; x_wconf 90' lang='lat' dir='ltr'><strong>nisi</strong></span> <span class='ocrx_word' id='word_1_590' title='bbox 2668 1830 2788 1869; x_wconf 88' lang='lat' dir='ltr'><strong>cum</strong></span> <span class='ocrx_word' id='word_1_591' title='bbox 2816 1817 3041 1871; x_wconf 87' lang='lat' dir='ltr'><strong>credant</strong></span> <span class='ocrx_word' id='word_1_592' title='bbox 3070 1817 3346 1887; x_wconf 87' lang='lat' dir='ltr'><strong>prophetis</strong></span> <span class='ocrx_word' id='word_1_593' title='bbox 3369 1858 3386 1885; x_wconf 90' lang='lat'><strong>,</strong></span> <span class='ocrx_word' id='word_1_594' title='bbox 3410 1834 3503 1875; x_wconf 82' lang='lat' dir='ltr'><strong>re-</strong></span> 
     </span>
    </p>
   </div>
   <div class='ocr_carea' id='block_1_78' title="bbox 1908 1900 3499 1979">
    <p class='ocr_par' dir='ltr' id='par_1_78' title="bbox 1908 1900 3499 1979">
     <span class='ocr_line' id='line_1_78' title="bbox 1908 1900 3499 1979; baseline 0.006 -26"><span class='ocrx_word' id='word_1_595' title='bbox 1908 1900 2448 1971; x_wconf 79' lang='lat' dir='ltr'><strong>pugnarentChristo.</strong></span> <span class='ocrx_word' id='word_1_596' title='bbox 2471 1902 2621 1959; x_wconf 88' lang='lat' dir='ltr'><strong>Nunc</strong></span> <span class='ocrx_word' id='word_1_597' title='bbox 2643 1920 2772 1961; x_wconf 88' lang='lat' dir='ltr'><strong>vero</strong></span> <span class='ocrx_word' id='word_1_598' title='bbox 2798 1906 2896 1960; x_wconf 90' lang='lat' dir='ltr'><strong>sibi</strong></span> <span class='ocrx_word' id='word_1_599' title='bbox 2915 1922 3128 1963; x_wconf 89' lang='lat' dir='ltr'><strong>omnem</strong></span> <span class='ocrx_word' id='word_1_600' title='bbox 3158 1909 3326 1962; x_wconf 69' lang='lat' dir='ltr'><strong>veniae</strong></span> <span class='ocrx_word' id='word_1_601' title='bbox 3348 1925 3499 1979; x_wconf 89' lang='lat' dir='ltr'><strong>spem</strong></span> 
     </span>
    </p>
   </div>
   <div class='ocr_carea' id='block_1_79' title="bbox 1906 1992 3494 2067">
    <p class='ocr_par' dir='ltr' id='par_1_79' title="bbox 1906 1992 3494 2067">
     <span class='ocr_line' id='line_1_79' title="bbox 1906 1992 3494 2067; baseline 0.008 -23"><span class='ocrx_word' id='word_1_602' title='bbox 1906 1992 2258 2059; x_wconf 86' lang='lat' dir='ltr'><strong>ademerunt,</strong></span> <span class='ocrx_word' id='word_1_603' title='bbox 2308 1995 2398 2063; x_wconf 89' lang='lat' dir='ltr'><strong>qui</strong></span> <span class='ocrx_word' id='word_1_604' title='bbox 2428 2010 2549 2048; x_wconf 89' lang='lat' dir='ltr'><strong>cum</strong></span> <span class='ocrx_word' id='word_1_605' title='bbox 2577 2010 2636 2051; x_wconf 89' lang='lat' dir='ltr'><strong>se</strong></span> <span class='ocrx_word' id='word_1_606' title='bbox 2660 1997 2885 2065; x_wconf 78' lang='lat' dir='ltr'><strong>jactent&#39;</strong></span> <span class='ocrx_word' id='word_1_607' title='bbox 2910 1993 3185 2067; x_wconf 81' lang='lat' dir='ltr'><strong>prephetis</strong></span> <span class='ocrx_word' id='word_1_608' title='bbox 3222 2002 3447 2056; x_wconf 87' lang='lat' dir='ltr'><strong>credere</strong></span> <span class='ocrx_word' id='word_1_609' title='bbox 3478 2043 3494 2067; x_wconf 96' lang='lat'><strong>,</strong></span> 
     </span>
    </p>
   </div>
   <div class='ocr_carea' id='block_1_80' title="bbox 1906 2080 3402 2159">
    <p class='ocr_par' dir='ltr' id='par_1_80' title="bbox 1906 2080 3402 2159">
     <span class='ocr_line' id='line_1_80' title="bbox 1906 2080 3402 2159; baseline 0.006 -22"><span class='ocrx_word' id='word_1_610' title='bbox 1906 2084 2247 2139; x_wconf 88' lang='lat' dir='ltr'><strong>contumeliis</strong></span> <span class='ocrx_word' id='word_1_611' title='bbox 2272 2082 2513 2140; x_wconf 87' lang='lat' dir='ltr'><strong>afﬁciunt</strong></span> <span class='ocrx_word' id='word_1_612' title='bbox 2541 2102 2664 2141; x_wconf 91' lang='lat' dir='ltr'><strong>eum</strong></span> <span class='ocrx_word' id='word_1_613' title='bbox 2691 2128 2706 2153; x_wconf 93' lang='lat'><strong>,</strong></span> <span class='ocrx_word' id='word_1_614' title='bbox 2731 2103 2890 2157; x_wconf 89' lang='lat' dir='ltr'><strong>quem</strong></span> <span class='ocrx_word' id='word_1_615' title='bbox 2917 2088 2990 2143; x_wconf 89' lang='lat' dir='ltr'><strong>illi</strong></span> <span class='ocrx_word' id='word_1_616' title='bbox 3019 2080 3402 2159; x_wconf 57' lang='lat' dir='ltr'><strong>praedixerunt.</strong></span> 
     </span>
    </p>
   </div>
   <div class='ocr_carea' id='block_1_81' title="bbox 1978 2172 3503 2241">
    <p class='ocr_par' dir='ltr' id='par_1_81' title="bbox 1978 2172 3503 2241">
     <span class='ocr_line' id='line_1_81' title="bbox 1978 2172 3503 2241; baseline 0.009 -14"><span class='ocrx_word' id='word_1_617' title='bbox 1978 2173 2031 2227; x_wconf 90' lang='lat'><strong>7.</strong></span> <span class='ocrx_word' id='word_1_618' title='bbox 2061 2172 2118 2227; x_wconf 89' lang='lat' dir='ltr'><strong>In</strong></span> <span class='ocrx_word' id='word_1_619' title='bbox 2149 2190 2393 2241; x_wconf 87' lang='lat' dir='ltr'><strong>summa,</strong></span> <span class='ocrx_word' id='word_1_620' title='bbox 2424 2176 2468 2231; x_wconf 89' lang='lat' dir='ltr'><strong>si</strong></span> <span class='ocrx_word' id='word_1_621' title='bbox 2521 2176 2700 2232; x_wconf 88' lang='lat' dir='ltr'><strong>credis</strong></span> <span class='ocrx_word' id='word_1_622' title='bbox 2744 2179 2921 2234; x_wconf 93' lang='lat' dir='ltr'><strong>locum</strong></span> <span class='ocrx_word' id='word_1_623' title='bbox 2967 2194 3088 2236; x_wconf 88' lang='lat' dir='ltr'><strong>esse</strong></span> <span class='ocrx_word' id='word_1_624' title='bbox 3134 2192 3382 2239; x_wconf 89' lang='lat' dir='ltr'><strong>sanctum</strong></span> <span class='ocrx_word' id='word_1_625' title='bbox 3434 2201 3503 2240; x_wconf 89' lang='lat' dir='ltr'><strong>eo</strong></span> 
     </span>
    </p>
   </div>
   <div class='ocr_carea' id='block_1_82' title="bbox 1905 2264 3499 2342">
    <p class='ocr_par' dir='ltr' id='par_1_82' title="bbox 1905 2264 3499 2342">
     <span class='ocr_line' id='line_1_82' title="bbox 1905 2264 3499 2342; baseline 0.009 -25"><span class='ocrx_word' id='word_1_626' title='bbox 1905 2264 2051 2333; x_wconf 88' lang='lat' dir='ltr'><strong>quod</strong></span> <span class='ocrx_word' id='word_1_627' title='bbox 2079 2265 2187 2320; x_wconf 91' lang='lat' dir='ltr'><strong>illic</strong></span> <span class='ocrx_word' id='word_1_628' title='bbox 2214 2266 2299 2321; x_wconf 88' lang='lat' dir='ltr'><strong>lex</strong></span> <span class='ocrx_word' id='word_1_629' title='bbox 2322 2276 2377 2322; x_wconf 92' lang='lat' dir='ltr'><strong>et</strong></span> <span class='ocrx_word' id='word_1_630' title='bbox 2406 2267 2789 2339; x_wconf 88' lang='lat' dir='ltr'><strong>prephetarum</strong></span> <span class='ocrx_word' id='word_1_631' title='bbox 2810 2270 2930 2326; x_wconf 87' lang='lat' dir='ltr'><strong>libri</strong></span> <span class='ocrx_word' id='word_1_632' title='bbox 2960 2273 3183 2342; x_wconf 85' lang='lat' dir='ltr'><strong>repositi</strong></span> <span class='ocrx_word' id='word_1_633' title='bbox 3212 2284 3374 2341; x_wconf 88' lang='lat' dir='ltr'><strong>sunt,</strong></span> <span class='ocrx_word' id='word_1_634' title='bbox 3404 2291 3499 2331; x_wconf 82' lang='lat' dir='ltr'><strong>su-</strong></span> 
     </span>
    </p>
   </div>
   <div class='ocr_carea' id='block_1_83' title="bbox 1908 2357 3496 2433">
    <p class='ocr_par' dir='ltr' id='par_1_83' title="bbox 1908 2357 3496 2433">
     <span class='ocr_line' id='line_1_83' title="bbox 1908 2357 3496 2433; baseline 0.008 -24"><span class='ocrx_word' id='word_1_635' title='bbox 1908 2364 2088 2432; x_wconf 77' lang='lat' dir='ltr'><strong>perest</strong></span> <span class='ocrx_word' id='word_1_636' title='bbox 2108 2366 2162 2423; x_wconf 88' lang='lat' dir='ltr'><strong>ut</strong></span> <span class='ocrx_word' id='word_1_637' title='bbox 2188 2367 2241 2412; x_wconf 92' lang='lat' dir='ltr'><strong>et</strong></span> <span class='ocrx_word' id='word_1_638' title='bbox 2267 2357 2407 2413; x_wconf 82' lang='lat' dir='ltr'><strong>idola</strong></span> <span class='ocrx_word' id='word_1_639' title='bbox 2434 2369 2488 2415; x_wconf 91' lang='lat' dir='ltr'><strong>et</strong></span> <span class='ocrx_word' id='word_1_640' title='bbox 2508 2359 2772 2415; x_wconf 90' lang='lat' dir='ltr'><strong>idolorum</strong></span> <span class='ocrx_word' id='word_1_641' title='bbox 2797 2363 2991 2432; x_wconf 90' lang='lat' dir='ltr'><strong>templa</strong></span> <span class='ocrx_word' id='word_1_642' title='bbox 3020 2378 3118 2433; x_wconf 91' lang='lat' dir='ltr'><strong>pro</strong></span> <span class='ocrx_word' id='word_1_643' title='bbox 3159 2367 3363 2421; x_wconf 86' lang='lat' dir='ltr'><strong>sanctis</strong></span> <span class='ocrx_word' id='word_1_644' title='bbox 3396 2366 3496 2421; x_wconf 89' lang='lat' dir='ltr'><strong>du-</strong></span> 
     </span>
    </p>
   </div>
   <div class='ocr_carea' id='block_1_84' title="bbox 1906 2448 3506 2527">
    <p class='ocr_par' dir='ltr' id='par_1_84' title="bbox 1906 2448 3506 2527">
     <span class='ocr_line' id='line_1_84' title="bbox 1906 2448 3506 2527; baseline 0.011 -27"><span class='ocrx_word' id='word_1_645' title='bbox 1906 2462 2018 2501; x_wconf 89' lang='lat' dir='ltr'><strong>cas.</strong></span> <span class='ocrx_word' id='word_1_646' title='bbox 2060 2448 2338 2516; x_wconf 86' lang='lat' dir='ltr'><strong>Quondam</strong></span> <span class='ocrx_word' id='word_1_647' title='bbox 2369 2453 2513 2506; x_wconf 92' lang='lat' dir='ltr'><strong>enim</strong></span> <span class='ocrx_word' id='word_1_648' title='bbox 2538 2494 2553 2517; x_wconf 95' lang='lat'><strong>,</strong></span> <span class='ocrx_word' id='word_1_649' title='bbox 2584 2468 2707 2507; x_wconf 85' lang='lat' dir='ltr'><strong>eum</strong></span> <span class='ocrx_word' id='word_1_650' title='bbox 2737 2455 2936 2510; x_wconf 88' lang='lat' dir='ltr'><strong>bellum</strong></span> <span class='ocrx_word' id='word_1_651' title='bbox 2980 2466 3191 2514; x_wconf 91' lang='lat' dir='ltr'><strong>teneret</strong></span> <span class='ocrx_word' id='word_1_652' title='bbox 3232 2460 3452 2515; x_wconf 72' lang='lat' dir='ltr'><strong>Judzeos</strong></span> <span class='ocrx_word' id='word_1_653' title='bbox 3490 2502 3506 2527; x_wconf 88' lang='lat'><strong>,</strong></span> 
     </span>
    </p>
   </div>
   <div class='ocr_carea' id='block_1_85' title="bbox 1906 2540 3499 2623">
    <p class='ocr_par' dir='ltr' id='par_1_85' title="bbox 1906 2540 3499 2623">
     <span class='ocr_line' id='line_1_85' title="bbox 1906 2540 3499 2623; baseline 0.009 -31"><span class='ocrx_word' id='word_1_654' title='bbox 1906 2540 2137 2594; x_wconf 87' lang='lat' dir='ltr'><strong>victores</strong></span> <span class='ocrx_word' id='word_1_655' title='bbox 2164 2541 2336 2596; x_wconf 82' lang='lat' dir='ltr'><strong>Azotii</strong></span> <span class='ocrx_word' id='word_1_656' title='bbox 2363 2556 2623 2612; x_wconf 89' lang='lat' dir='ltr'><strong>ceperunt</strong></span> <span class='ocrx_word' id='word_1_657' title='bbox 2648 2560 2848 2613; x_wconf 89' lang='lat' dir='ltr'><strong>arcam,</strong></span> <span class='ocrx_word' id='word_1_658' title='bbox 2866 2546 3028 2617; x_wconf 91' lang='lat' dir='ltr'><strong>inque</strong></span> <span class='ocrx_word' id='word_1_659' title='bbox 3054 2560 3208 2604; x_wconf 89' lang='lat' dir='ltr'><strong>suum</strong></span> <span class='ocrx_word' id='word_1_660' title='bbox 3239 2553 3499 2623; x_wconf 91' lang='lat' dir='ltr'><strong>templum</strong></span> 
     </span>
    </p>
   </div>
   <div class='ocr_carea' id='block_1_86' title="bbox 1906 2628 3499 2704">
    <p class='ocr_par' dir='ltr' id='par_1_86' title="bbox 1906 2628 3499 2704">
     <span class='ocr_line' id='line_1_86' title="bbox 1906 2628 3499 2704; baseline 0.008 -21"><span class='ocrx_word' id='word_1_661' title='bbox 1906 2628 2197 2685; x_wconf 89' lang='lat' dir='ltr'><strong>intulerunt</strong></span> <span class='ocrx_word' id='word_1_662' title='bbox 2220 2631 2297 2701; x_wconf 83' lang='lat' dir='ltr'><strong>(l.</strong></span> <span class='ocrx_word' id='word_1_663' title='bbox 2328 2630 2455 2704; x_wconf 84' lang='lat' dir='ltr'><strong>Reg.</strong></span> <span class='ocrx_word' id='word_1_664' title='bbox 2482 2634 2562 2702; x_wconf 82' lang='lat'><strong>5).</strong></span> <span class='ocrx_word' id='word_1_665' title='bbox 2590 2635 2673 2689; x_wconf 83' lang='lat' dir='ltr'><strong>An</strong></span> <span class='ocrx_word' id='word_1_666' title='bbox 2700 2634 2822 2691; x_wconf 86' lang='lat' dir='ltr'><strong>ideo</strong></span> <span class='ocrx_word' id='word_1_667' title='bbox 2850 2647 3094 2692; x_wconf 88' lang='lat' dir='ltr'><strong>sanctum</strong></span> <span class='ocrx_word' id='word_1_668' title='bbox 3125 2650 3242 2695; x_wconf 90' lang='lat' dir='ltr'><strong>erat</strong></span> <span class='ocrx_word' id='word_1_669' title='bbox 3286 2642 3499 2698; x_wconf 90' lang='lat' dir='ltr'><strong>illorum</strong></span> 
     </span>
    </p>
   </div>
   <div class='ocr_carea' id='block_1_87' title="bbox 1909 2723 3505 2804">
    <p class='ocr_par' dir='ltr' id='par_1_87' title="bbox 1909 2723 3505 2804">
     <span class='ocr_line' id='line_1_87' title="bbox 1909 2723 3505 2804; baseline 0.01 -29"><span class='ocrx_word' id='word_1_670' title='bbox 1909 2723 2186 2792; x_wconf 90' lang='lat' dir='ltr'><strong>templum,</strong></span> <span class='ocrx_word' id='word_1_671' title='bbox 2210 2724 2353 2793; x_wconf 93' lang='lat' dir='ltr'><strong>quod</strong></span> <span class='ocrx_word' id='word_1_672' title='bbox 2376 2726 2591 2781; x_wconf 85' lang='lat' dir='ltr'><strong>haberet</strong></span> <span class='ocrx_word' id='word_1_673' title='bbox 2616 2743 2793 2782; x_wconf 90' lang='lat' dir='ltr'><strong>arcam</strong></span> <span class='ocrx_word' id='word_1_674' title='bbox 2811 2728 2835 2783; x_wconf 90' lang='lat'><strong>?</strong></span> <span class='ocrx_word' id='word_1_675' title='bbox 2854 2729 3218 2801; x_wconf 85' lang='lat' dir='ltr'><strong>Nequaquam,</strong></span> <span class='ocrx_word' id='word_1_676' title='bbox 3253 2734 3347 2789; x_wconf 91' lang='lat' dir='ltr'><strong>sed</strong></span> <span class='ocrx_word' id='word_1_677' title='bbox 3377 2750 3505 2804; x_wconf 89' lang='lat' dir='ltr'><strong>pro-</strong></span> 
     </span>
    </p>
   </div>
   <div class='ocr_carea' id='block_1_88' title="bbox 1908 2815 3508 2894">
    <p class='ocr_par' dir='ltr' id='par_1_88' title="bbox 1908 2815 3508 2894">
     <span class='ocr_line' id='line_1_88' title="bbox 1908 2815 3508 2894; baseline 0.011 -27"><span class='ocrx_word' id='word_1_678' title='bbox 1908 2815 2087 2869; x_wconf 88' lang='lat' dir='ltr'><strong>fanum</strong></span> <span class='ocrx_word' id='word_1_679' title='bbox 2111 2857 2124 2880; x_wconf 94' lang='lat'><strong>,</strong></span> <span class='ocrx_word' id='word_1_680' title='bbox 2168 2817 2260 2871; x_wconf 85' lang='lat' dir='ltr'><strong>sed</strong></span> <span class='ocrx_word' id='word_1_681' title='bbox 2289 2819 2578 2888; x_wconf 88' lang='lat' dir='ltr'><strong>impurum.</strong></span> <span class='ocrx_word' id='word_1_682' title='bbox 2616 2819 2673 2876; x_wconf 90' lang='lat' dir='ltr'><strong>ld</strong></span> <span class='ocrx_word' id='word_1_683' title='bbox 2712 2825 2953 2892; x_wconf 89' lang='lat' dir='ltr'><strong>protinus</strong></span> <span class='ocrx_word' id='word_1_684' title='bbox 2983 2824 3112 2894; x_wconf 83' lang='lat' dir='ltr'><strong>ipsis</strong></span> <span class='ocrx_word' id='word_1_685' title='bbox 3152 2826 3306 2882; x_wconf 89' lang='lat' dir='ltr'><strong>factis</strong></span> <span class='ocrx_word' id='word_1_686' title='bbox 3332 2829 3508 2884; x_wconf 88' lang='lat' dir='ltr'><strong>decla-</strong></span> 
     </span>
    </p>
   </div>
   <div class='ocr_carea' id='block_1_89' title="bbox 1907 2908 3503 2990">
    <p class='ocr_par' dir='ltr' id='par_1_89' title="bbox 1907 2908 3503 2990">
     <span class='ocr_line' id='line_1_89' title="bbox 1907 2908 3503 2990; baseline 0.009 -30"><span class='ocrx_word' id='word_1_687' title='bbox 1907 2916 2084 2961; x_wconf 90' lang='lat' dir='ltr'><strong>ratum</strong></span> <span class='ocrx_word' id='word_1_688' title='bbox 2113 2916 2217 2963; x_wconf 90' lang='lat' dir='ltr'><strong>est.</strong></span> <span class='ocrx_word' id='word_1_689' title='bbox 2246 2908 2378 2964; x_wconf 85' lang='lat' dir='ltr'><strong>Nam</strong></span> <span class='ocrx_word' id='word_1_690' title='bbox 2406 2919 2462 2965; x_wconf 93' lang='lat' dir='ltr'><strong>ut</strong></span> <span class='ocrx_word' id='word_1_691' title='bbox 2502 2911 2683 2967; x_wconf 89' lang='lat' dir='ltr'><strong>hostes</strong></span> <span class='ocrx_word' id='word_1_692' title='bbox 2716 2914 3073 2985; x_wconf 78' lang='lat' dir='ltr'><strong>intelligerent</strong></span> <span class='ocrx_word' id='word_1_693' title='bbox 3118 2918 3396 2973; x_wconf 84' lang='lat' dir='ltr'><strong>victoriam</strong></span> <span class='ocrx_word' id='word_1_694' title='bbox 3428 2920 3503 2990; x_wconf 89' lang='lat' dir='ltr'><strong>ip-</strong></span> 
     </span>
    </p>
   </div>
   <div class='ocr_carea' id='block_1_90' title="bbox 1906 3000 3507 3082">
    <p class='ocr_par' dir='ltr' id='par_1_90' title="bbox 1906 3000 3507 3082">
     <span class='ocr_line' id='line_1_90' title="bbox 1906 3000 3507 3082; baseline 0.011 -29"><span class='ocrx_word' id='word_1_695' title='bbox 1906 3000 1980 3054; x_wconf 90' lang='lat' dir='ltr'><strong>sis</strong></span> <span class='ocrx_word' id='word_1_696' title='bbox 1994 3001 2243 3069; x_wconf 89' lang='lat' dir='ltr'><strong>eessisse,</strong></span> <span class='ocrx_word' id='word_1_697' title='bbox 2259 3018 2362 3057; x_wconf 85' lang='lat' dir='ltr'><strong>non</strong></span> <span class='ocrx_word' id='word_1_698' title='bbox 2380 3005 2449 3059; x_wconf 94' lang='lat' dir='ltr'><strong>ob</strong></span> <span class='ocrx_word' id='word_1_699' title='bbox 2466 3004 2831 3075; x_wconf 87' lang='lat' dir='ltr'><strong>impotentiam</strong></span> <span class='ocrx_word' id='word_1_700' title='bbox 2852 3009 3068 3076; x_wconf 87' lang='lat' dir='ltr'><strong>Dei,sed</strong></span> <span class='ocrx_word' id='word_1_701' title='bbox 3086 3011 3155 3066; x_wconf 93' lang='lat' dir='ltr'><strong>ob</strong></span> <span class='ocrx_word' id='word_1_702' title='bbox 3176 3012 3507 3082; x_wconf 86' lang='lat' dir='ltr'><strong>iniquitatem</strong></span> 
     </span>
    </p>
   </div>
   <div class='ocr_carea' id='block_1_91' title="bbox 1906 3097 3507 3174">
    <p class='ocr_par' dir='ltr' id='par_1_91' title="bbox 1906 3097 3507 3174">
     <span class='ocr_line' id='line_1_91' title="bbox 1906 3097 3507 3174; baseline 0.01 -27"><span class='ocrx_word' id='word_1_703' title='bbox 1906 3108 2092 3156; x_wconf 87' lang='lat' dir='ltr'><strong>eorum</strong></span> <span class='ocrx_word' id='word_1_704' title='bbox 2118 3111 2148 3149; x_wconf 89' lang='lat' dir='ltr'><strong>a</strong></span> <span class='ocrx_word' id='word_1_705' title='bbox 2172 3097 2360 3165; x_wconf 88' lang='lat' dir='ltr'><strong>quibus</strong></span> <span class='ocrx_word' id='word_1_706' title='bbox 2382 3098 2659 3154; x_wconf 90' lang='lat' dir='ltr'><strong>colebatur</strong></span> <span class='ocrx_word' id='word_1_707' title='bbox 2684 3117 2699 3154; x_wconf 89' lang='lat'><strong>:</strong></span> <span class='ocrx_word' id='word_1_708' title='bbox 2727 3101 2885 3156; x_wconf 89' lang='lat' dir='ltr'><strong>etiam</strong></span> <span class='ocrx_word' id='word_1_709' title='bbox 2910 3117 3032 3157; x_wconf 88' lang='lat' dir='ltr'><strong>arca</strong></span> <span class='ocrx_word' id='word_1_710' title='bbox 3057 3114 3208 3174; x_wconf 89' lang='lat' dir='ltr'><strong>capta</strong></span> <span class='ocrx_word' id='word_1_711' title='bbox 3236 3107 3286 3160; x_wconf 82' lang='lat' dir='ltr'><strong>in</strong></span> <span class='ocrx_word' id='word_1_712' title='bbox 3328 3107 3507 3163; x_wconf 77' lang='lat' dir='ltr'><strong>aliena</strong></span> 
     </span>
    </p>
   </div>
   <div class='ocr_carea' id='block_1_92' title="bbox 1907 3188 3495 3258">
    <p class='ocr_par' dir='ltr' id='par_1_92' title="bbox 1907 3188 3495 3258">
     <span class='ocr_line' id='line_1_92' title="bbox 1907 3188 3495 3258; baseline 0.009 -19"><span class='ocrx_word' id='word_1_713' title='bbox 1907 3194 2049 3241; x_wconf 89' lang='lat' dir='ltr'><strong>terra</strong></span> <span class='ocrx_word' id='word_1_714' title='bbox 2073 3188 2178 3241; x_wconf 83' lang='lat' dir='ltr'><strong>vim</strong></span> <span class='ocrx_word' id='word_1_715' title='bbox 2214 3204 2365 3243; x_wconf 85' lang='lat' dir='ltr'><strong>suam</strong></span> <span class='ocrx_word' id='word_1_716' title='bbox 2386 3190 2653 3258; x_wconf 85' lang='lat' dir='ltr'><strong>ostendit,</strong></span> <span class='ocrx_word' id='word_1_717' title='bbox 2686 3192 2813 3247; x_wconf 90' lang='lat' dir='ltr'><strong>dum</strong></span> <span class='ocrx_word' id='word_1_718' title='bbox 2840 3194 2984 3249; x_wconf 91' lang='lat' dir='ltr'><strong>idolo</strong></span> <span class='ocrx_word' id='word_1_719' title='bbox 3010 3196 3090 3250; x_wconf 92' lang='lat' dir='ltr'><strong>bis</strong></span> <span class='ocrx_word' id='word_1_720' title='bbox 3123 3197 3176 3251; x_wconf 91' lang='lat' dir='ltr'><strong>in</strong></span> <span class='ocrx_word' id='word_1_721' title='bbox 3204 3198 3379 3253; x_wconf 90' lang='lat' dir='ltr'><strong>solum</strong></span> <span class='ocrx_word' id='word_1_722' title='bbox 3405 3200 3495 3255; x_wconf 68' lang='lat' dir='ltr'><strong>de«</strong></span> 
     </span>
    </p>
   </div>
   <div class='ocr_carea' id='block_1_93' title="bbox 1901 3278 3508 3355">
    <p class='ocr_par' dir='ltr' id='par_1_93' title="bbox 1901 3278 3508 3355">
     <span class='ocr_line' id='line_1_93' title="bbox 1901 3278 3508 3355; baseline 0.008 -22"><span class='ocrx_word' id='word_1_723' title='bbox 1901 3278 2044 3348; x_wconf 88' lang='lat' dir='ltr'><strong>jecto</strong></span> <span class='ocrx_word' id='word_1_724' title='bbox 2072 3279 2248 3335; x_wconf 78' lang='lat' dir='ltr'><strong>effecit</strong></span> <span class='ocrx_word' id='word_1_725' title='bbox 2278 3283 2517 3338; x_wconf 76' lang='lat' dir='ltr'><strong>utetiam</strong></span> <span class='ocrx_word' id='word_1_726' title='bbox 2550 3283 2902 3355; x_wconf 82' lang='lat' dir='ltr'><strong>frangeretur.</strong></span> <span class='ocrx_word' id='word_1_727' title='bbox 2954 3286 3184 3343; x_wconf 88' lang='lat' dir='ltr'><strong>Tantum</strong></span> <span class='ocrx_word' id='word_1_728' title='bbox 3226 3290 3410 3345; x_wconf 89' lang='lat' dir='ltr'><strong>aberat</strong></span> <span class='ocrx_word' id='word_1_729' title='bbox 3451 3304 3508 3346; x_wconf 90' lang='lat' dir='ltr'><strong>ut</strong></span> 
     </span>
    </p>
   </div>
   <div class='ocr_carea' id='block_1_94' title="bbox 1908 3370 3502 3451">
    <p class='ocr_par' dir='ltr' id='par_1_94' title="bbox 1908 3370 3502 3451">
     <span class='ocr_line' id='line_1_94' title="bbox 1908 3370 3502 3451; baseline 0.009 -27"><span class='ocrx_word' id='word_1_730' title='bbox 1908 3370 2084 3424; x_wconf 89' lang='lat' dir='ltr'><strong>locum</strong></span> <span class='ocrx_word' id='word_1_731' title='bbox 2115 3374 2502 3439; x_wconf 85' lang='lat' dir='ltr'><strong>sanetilicaret,</strong></span> <span class='ocrx_word' id='word_1_732' title='bbox 2537 3386 2594 3428; x_wconf 91' lang='lat' dir='ltr'><strong>ut</strong></span> <span class='ocrx_word' id='word_1_733' title='bbox 2620 3376 2794 3431; x_wconf 90' lang='lat' dir='ltr'><strong>locum</strong></span> <span class='ocrx_word' id='word_1_734' title='bbox 2825 3379 2985 3432; x_wconf 89' lang='lat' dir='ltr'><strong>etiam</strong></span> <span class='ocrx_word' id='word_1_735' title='bbox 3016 3393 3367 3451; x_wconf 85' lang='lat' dir='ltr'><strong>expugnaret.</strong></span> <span class='ocrx_word' id='word_1_736' title='bbox 3404 3384 3502 3439; x_wconf 85' lang='lat' dir='ltr'><strong>Ve-</strong></span> 
     </span>
    </p>
   </div>
   <div class='ocr_carea' id='block_1_95' title="bbox 1906 3462 3510 3537">
    <p class='ocr_par' dir='ltr' id='par_1_95' title="bbox 1906 3462 3510 3537">
     <span class='ocr_line' id='line_1_95' title="bbox 1906 3462 3510 3537; baseline 0.01 -23"><span class='ocrx_word' id='word_1_737' title='bbox 1906 3477 2023 3515; x_wconf 88' lang='lat' dir='ltr'><strong>rum</strong></span> <span class='ocrx_word' id='word_1_738' title='bbox 2049 3462 2133 3516; x_wconf 92' lang='lat' dir='ltr'><strong>hic</strong></span> <span class='ocrx_word' id='word_1_739' title='bbox 2160 3479 2403 3533; x_wconf 78' lang='lat' dir='ltr'><strong>quamam</strong></span> <span class='ocrx_word' id='word_1_740' title='bbox 2435 3476 2516 3520; x_wconf 91' lang='lat' dir='ltr'><strong>est</strong></span> <span class='ocrx_word' id='word_1_741' title='bbox 2540 3481 2663 3520; x_wconf 94' lang='lat' dir='ltr'><strong>arca</strong></span> <span class='ocrx_word' id='word_1_742' title='bbox 2698 3482 2861 3536; x_wconf 88' lang='lat' dir='ltr'><strong>penes</strong></span> <span class='ocrx_word' id='word_1_743' title='bbox 2887 3469 3102 3526; x_wconf 69' lang='lat' dir='ltr'><strong>Iudaeos</strong></span> <span class='ocrx_word' id='word_1_744' title='bbox 3126 3514 3141 3537; x_wconf 93' lang='lat'><strong>,</strong></span> <span class='ocrx_word' id='word_1_745' title='bbox 3176 3473 3263 3527; x_wconf 90' lang='lat' dir='ltr'><strong>ubi</strong></span> <span class='ocrx_word' id='word_1_746' title='bbox 3292 3491 3397 3529; x_wconf 88' lang='lat' dir='ltr'><strong>non</strong></span> <span class='ocrx_word' id='word_1_747' title='bbox 3427 3487 3510 3530; x_wconf 91' lang='lat' dir='ltr'><strong>cst</strong></span> 
     </span>
    </p>
   </div>
   <div class='ocr_carea' id='block_1_96' title="bbox 1906 3552 3505 3626">
    <p class='ocr_par' dir='ltr' id='par_1_96' title="bbox 1906 3552 3505 3626">
     <span class='ocr_line' id='line_1_96' title="bbox 1906 3552 3505 3626; baseline 0.009 -22"><span class='ocrx_word' id='word_1_748' title='bbox 1906 3552 2378 3622; x_wconf 85' lang='lat' dir='ltr'><strong>prepitiatorimn?</strong></span> <span class='ocrx_word' id='word_1_749' title='bbox 2422 3572 2528 3611; x_wconf 89' lang='lat' dir='ltr'><strong>non</strong></span> <span class='ocrx_word' id='word_1_750' title='bbox 2556 3558 2832 3613; x_wconf 79' lang='lat' dir='ltr'><strong>oraculum</strong></span> <span class='ocrx_word' id='word_1_751' title='bbox 2858 3601 2874 3626; x_wconf 94' lang='lat'><strong>,</strong></span> <span class='ocrx_word' id='word_1_752' title='bbox 2914 3575 3017 3614; x_wconf 90' lang='lat' dir='ltr'><strong>non</strong></span> <span class='ocrx_word' id='word_1_753' title='bbox 3068 3566 3373 3618; x_wconf 88' lang='lat' dir='ltr'><strong>testamenti</strong></span> <span class='ocrx_word' id='word_1_754' title='bbox 3420 3574 3505 3619; x_wconf 88' lang='lat' dir='ltr'><strong>ta-</strong></span> 
     </span>
    </p>
   </div>
   <div class='ocr_carea' id='block_1_97' title="bbox 1905 3644 3509 3719">
    <p class='ocr_par' dir='ltr' id='par_1_97' title="bbox 1905 3644 3509 3719">
     <span class='ocr_line' id='line_1_97' title="bbox 1905 3644 3509 3719; baseline 0.007 -20"><span class='ocrx_word' id='word_1_755' title='bbox 1905 3644 2066 3712; x_wconf 64' lang='lat' dir='ltr'><strong>bulm,</strong></span> <span class='ocrx_word' id='word_1_756' title='bbox 2097 3661 2201 3699; x_wconf 90' lang='lat' dir='ltr'><strong>non</strong></span> <span class='ocrx_word' id='word_1_757' title='bbox 2226 3658 2407 3700; x_wconf 86' lang='lat' dir='ltr'><strong>sancta</strong></span> <span class='ocrx_word' id='word_1_758' title='bbox 2437 3657 2890 3715; x_wconf 88' lang='lat' dir='ltr'><strong>sanctorum,non</strong></span> <span class='ocrx_word' id='word_1_759' title='bbox 2912 3651 3110 3719; x_wconf 85' lang='lat' dir='ltr'><strong>velum,</strong></span> <span class='ocrx_word' id='word_1_760' title='bbox 3139 3669 3243 3707; x_wconf 92' lang='lat' dir='ltr'><strong>non</strong></span> <span class='ocrx_word' id='word_1_761' title='bbox 3266 3671 3509 3711; x_wconf 86' lang='lat' dir='ltr'><strong>summus</strong></span> 
     </span>
    </p>
   </div>
   <div class='ocr_carea' id='block_1_98' title="bbox 1906 3735 3508 3811">
    <p class='ocr_par' dir='ltr' id='par_1_98' title="bbox 1906 3735 3508 3811">
     <span class='ocr_line' id='line_1_98' title="bbox 1906 3735 3508 3811; baseline 0.008 -22"><span class='ocrx_word' id='word_1_762' title='bbox 1906 3735 2160 3791; x_wconf 89' lang='lat' dir='ltr'><strong>sacerdos</strong></span> <span class='ocrx_word' id='word_1_763' title='bbox 2180 3778 2195 3802; x_wconf 90' lang='lat'><strong>,</strong></span> <span class='ocrx_word' id='word_1_764' title='bbox 2226 3753 2329 3791; x_wconf 91' lang='lat' dir='ltr'><strong>non</strong></span> <span class='ocrx_word' id='word_1_765' title='bbox 2357 3738 2646 3809; x_wconf 77' lang='lat' dir='ltr'><strong>thymiama</strong></span> <span class='ocrx_word' id='word_1_766' title='bbox 2675 3782 2690 3807; x_wconf 97' lang='lat'><strong>,</strong></span> <span class='ocrx_word' id='word_1_767' title='bbox 2719 3757 2822 3796; x_wconf 92' lang='lat' dir='ltr'><strong>non</strong></span> <span class='ocrx_word' id='word_1_768' title='bbox 2854 3741 3219 3798; x_wconf 88' lang='lat' dir='ltr'><strong>holocaustum</strong></span> <span class='ocrx_word' id='word_1_769' title='bbox 3242 3787 3256 3811; x_wconf 94' lang='lat'><strong>,</strong></span> <span class='ocrx_word' id='word_1_770' title='bbox 3291 3763 3395 3800; x_wconf 89' lang='lat' dir='ltr'><strong>non</strong></span> <span class='ocrx_word' id='word_1_771' title='bbox 3419 3763 3508 3801; x_wconf 90' lang='lat' dir='ltr'><strong>sa-</strong></span> 
     </span>
    </p>
   </div>
   <div class='ocr_carea' id='block_1_99' title="bbox 1905 3826 3509 3898">
    <p class='ocr_par' dir='ltr' id='par_1_99' title="bbox 1905 3826 3509 3898">
     <span class='ocr_line' id='line_1_99' title="bbox 1905 3826 3509 3898; baseline 0.007 -18"><span class='ocrx_word' id='word_1_772' title='bbox 1905 3826 2161 3880; x_wconf 84' lang='lat' dir='ltr'><strong>criﬁcium</strong></span> <span class='ocrx_word' id='word_1_773' title='bbox 2190 3869 2205 3892; x_wconf 93' lang='lat'><strong>,</strong></span> <span class='ocrx_word' id='word_1_774' title='bbox 2240 3842 2343 3881; x_wconf 88' lang='lat' dir='ltr'><strong>non</strong></span> <span class='ocrx_word' id='word_1_775' title='bbox 2392 3828 2495 3883; x_wconf 89' lang='lat' dir='ltr'><strong>alia</strong></span> <span class='ocrx_word' id='word_1_776' title='bbox 2523 3844 2642 3898; x_wconf 75' lang='lat' dir='ltr'><strong>qua:</strong></span> <span class='ocrx_word' id='word_1_777' title='bbox 2692 3840 2800 3885; x_wconf 91' lang='lat' dir='ltr'><strong>tum</strong></span> <span class='ocrx_word' id='word_1_778' title='bbox 2848 3847 3026 3887; x_wconf 82' lang='lat' dir='ltr'><strong>aream</strong></span> <span class='ocrx_word' id='word_1_779' title='bbox 3077 3835 3179 3890; x_wconf 88' lang='lat' dir='ltr'><strong>illis</strong></span> <span class='ocrx_word' id='word_1_780' title='bbox 3209 3836 3509 3892; x_wconf 81' lang='lat' dir='ltr'><strong>reddebant</strong></span> 
     </span>
    </p>
   </div>
   <div class='ocr_carea' id='block_1_100' title="bbox 1904 3917 3507 3996">
    <p class='ocr_par' dir='ltr' id='par_1_100' title="bbox 1904 3917 3507 3996">
     <span class='ocr_line' id='line_1_100' title="bbox 1904 3917 3507 3996; baseline 0.009 -27"><span class='ocrx_word' id='word_1_781' title='bbox 1904 3917 2309 3971; x_wconf 77' lang='lat' dir='ltr'><strong>venerandam?</strong></span> <span class='ocrx_word' id='word_1_782' title='bbox 2334 3918 2460 3973; x_wconf 83' lang='lat' dir='ltr'><strong>Mihi</strong></span> <span class='ocrx_word' id='word_1_783' title='bbox 2482 3920 2695 3990; x_wconf 91' lang='lat' dir='ltr'><strong>quidem</strong></span> <span class='ocrx_word' id='word_1_784' title='bbox 2717 3921 3025 3977; x_wconf 76' lang='lat' dir='ltr'><strong>Judteorum</strong></span> <span class='ocrx_word' id='word_1_785' title='bbox 3054 3940 3115 3979; x_wconf 92' lang='lat' dir='ltr'><strong>ea</strong></span> <span class='ocrx_word' id='word_1_786' title='bbox 3137 3967 3151 3992; x_wconf 96' lang='lat'><strong>,</strong></span> <span class='ocrx_word' id='word_1_787' title='bbox 3175 3942 3334 3996; x_wconf 88' lang='lat' dir='ltr'><strong>quam</strong></span> <span class='ocrx_word' id='word_1_788' title='bbox 3366 3945 3507 3985; x_wconf 91' lang='lat' dir='ltr'><strong>nunc</strong></span> 
     </span>
    </p>
   </div>
   <div class='ocr_carea' id='block_1_101' title="bbox 1906 4006 3507 4086">
    <p class='ocr_par' dir='ltr' id='par_1_101' title="bbox 1906 4006 3507 4086">
     <span class='ocr_line' id='line_1_101' title="bbox 1906 4006 3507 4086; baseline 0.009 -25"><span class='ocrx_word' id='word_1_789' title='bbox 1906 4006 2126 4073; x_wconf 87' lang='lat' dir='ltr'><strong>habent,</strong></span> <span class='ocrx_word' id='word_1_790' title='bbox 2155 4026 2278 4064; x_wconf 88' lang='lat' dir='ltr'><strong>arca</strong></span> <span class='ocrx_word' id='word_1_791' title='bbox 2307 4011 2473 4065; x_wconf 92' lang='lat' dir='ltr'><strong>nihilo</strong></span> <span class='ocrx_word' id='word_1_792' title='bbox 2500 4013 2691 4066; x_wconf 89' lang='lat' dir='ltr'><strong>melius</strong></span> <span class='ocrx_word' id='word_1_793' title='bbox 2718 4012 2916 4069; x_wconf 88' lang='lat' dir='ltr'><strong>habere</strong></span> <span class='ocrx_word' id='word_1_794' title='bbox 2939 4015 3151 4071; x_wconf 87' lang='lat' dir='ltr'><strong>videtur</strong></span> <span class='ocrx_word' id='word_1_795' title='bbox 3180 4020 3243 4073; x_wconf 91' lang='lat' dir='ltr'><strong>iis</strong></span> <span class='ocrx_word' id='word_1_796' title='bbox 3270 4023 3466 4075; x_wconf 85' lang='lat' dir='ltr'><strong>arettlis</strong></span> <span class='ocrx_word' id='word_1_797' title='bbox 3490 4063 3507 4086; x_wconf 95' lang='lat'><strong>,</strong></span> 
     </span>
    </p>
   </div>
   <div class='ocr_carea' id='block_1_102' title="bbox 1904 4102 3511 4174">
    <p class='ocr_par' dir='ltr' id='par_1_102' title="bbox 1904 4102 3511 4174">
     <span class='ocr_line' id='line_1_102' title="bbox 1904 4102 3511 4174; baseline 0.011 -22"><span class='ocrx_word' id='word_1_798' title='bbox 1904 4116 2023 4170; x_wconf 75' lang='lat' dir='ltr'><strong>qua:</strong></span> <span class='ocrx_word' id='word_1_799' title='bbox 2044 4112 2278 4156; x_wconf 89' lang='lat' dir='ltr'><strong>veneunt</strong></span> <span class='ocrx_word' id='word_1_800' title='bbox 2301 4102 2353 4156; x_wconf 91' lang='lat' dir='ltr'><strong>in</strong></span> <span class='ocrx_word' id='word_1_801' title='bbox 2381 4102 2529 4169; x_wconf 90' lang='lat' dir='ltr'><strong>foro,</strong></span> <span class='ocrx_word' id='word_1_802' title='bbox 2561 4104 2670 4159; x_wconf 92' lang='lat' dir='ltr'><strong>imo</strong></span> <span class='ocrx_word' id='word_1_803' title='bbox 2696 4106 2846 4174; x_wconf 91' lang='lat' dir='ltr'><strong>pejus</strong></span> <span class='ocrx_word' id='word_1_804' title='bbox 2886 4108 3064 4162; x_wconf 88' lang='lat' dir='ltr'><strong>habet.</strong></span> <span class='ocrx_word' id='word_1_805' title='bbox 3095 4110 3227 4164; x_wconf 87' lang='lat' dir='ltr'><strong>Nam</strong></span> <span class='ocrx_word' id='word_1_806' title='bbox 3257 4113 3338 4167; x_wconf 77' lang='lat' dir='ltr'><strong>Ine</strong></span> <span class='ocrx_word' id='word_1_807' title='bbox 3377 4115 3511 4169; x_wconf 90' lang='lat' dir='ltr'><strong>nihil</strong></span> 
     </span>
    </p>
   </div>
   <div class='ocr_carea' id='block_1_103' title="bbox 1904 4189 3507 4269">
    <p class='ocr_par' dir='ltr' id='par_1_103' title="bbox 1904 4189 3507 4269">
     <span class='ocr_line' id='line_1_103' title="bbox 1904 4189 3507 4269; baseline 0.011 -26"><span class='ocrx_word' id='word_1_808' title='bbox 1904 4189 2100 4246; x_wconf 59' lang='lat' dir='ltr'><strong>laidere</strong></span> <span class='ocrx_word' id='word_1_809' title='bbox 2127 4201 2350 4260; x_wconf 87' lang='lat' dir='ltr'><strong>possunt</strong></span> <span class='ocrx_word' id='word_1_810' title='bbox 2376 4194 2418 4247; x_wconf 92' lang='lat' dir='ltr'><strong>si</strong></span> <span class='ocrx_word' id='word_1_811' title='bbox 2440 4194 2558 4264; x_wconf 89' lang='lat' dir='ltr'><strong>quis</strong></span> <span class='ocrx_word' id='word_1_812' title='bbox 2577 4195 2761 4261; x_wconf 85' lang='lat' dir='ltr'><strong>adeat;</strong></span> <span class='ocrx_word' id='word_1_813' title='bbox 2792 4198 2884 4250; x_wconf 89' lang='lat' dir='ltr'><strong>illa</strong></span> <span class='ocrx_word' id='word_1_814' title='bbox 2906 4214 3036 4253; x_wconf 85' lang='lat' dir='ltr'><strong>vero</strong></span> <span class='ocrx_word' id='word_1_815' title='bbox 3052 4202 3290 4269; x_wconf 87' lang='lat' dir='ltr'><strong>quotidie</strong></span> <span class='ocrx_word' id='word_1_816' title='bbox 3312 4220 3507 4259; x_wconf 84' lang='lat' dir='ltr'><strong>noxam</strong></span> 
     </span>
    </p>
   </div>
   <div class='ocr_carea' id='block_1_104' title="bbox 1906 4282 3509 4358">
    <p class='ocr_par' dir='ltr' id='par_1_104' title="bbox 1906 4282 3509 4358">
     <span class='ocr_line' id='line_1_104' title="bbox 1906 4282 3509 4358; baseline 0.007 -22"><span class='ocrx_word' id='word_1_817' title='bbox 1906 4282 2066 4337; x_wconf 88' lang='lat' dir='ltr'><strong>infert</strong></span> <span class='ocrx_word' id='word_1_818' title='bbox 2095 4285 2158 4337; x_wconf 92' lang='lat' dir='ltr'><strong>iis</strong></span> <span class='ocrx_word' id='word_1_819' title='bbox 2183 4284 2274 4353; x_wconf 89' lang='lat' dir='ltr'><strong>qui</strong></span> <span class='ocrx_word' id='word_1_820' title='bbox 2303 4286 2648 4339; x_wconf 87' lang='lat' dir='ltr'><strong>accesserint.</strong></span> <span class='ocrx_word' id='word_1_821' title='bbox 2684 4285 2925 4353; x_wconf 84' lang='lat' dir='ltr'><strong>Fratres,</strong></span> <span class='ocrx_word' id='word_1_822' title='bbox 2966 4306 3029 4342; x_wconf 88' lang='lat' dir='ltr'><strong>ne</strong></span> <span class='ocrx_word' id='word_1_823' title='bbox 3054 4292 3165 4344; x_wconf 76' lang='lat' dir='ltr'><strong>sitis</strong></span> <span class='ocrx_word' id='word_1_824' title='bbox 3192 4295 3337 4358; x_wconf 83' lang='lat' dir='ltr'><strong>pueri</strong></span> <span class='ocrx_word' id='word_1_825' title='bbox 3363 4312 3509 4349; x_wconf 85' lang='lat' dir='ltr'><strong>men-</strong></span> 
     </span>
    </p>
   </div>
   <div class='ocr_carea' id='block_1_105' title="bbox 1905 4376 3511 4457">
    <p class='ocr_par' dir='ltr' id='par_1_105' title="bbox 1905 4376 3511 4457">
     <span class='ocr_line' id='line_1_105' title="bbox 1905 4376 3511 4457; baseline 0.01 -30"><span class='ocrx_word' id='word_1_826' title='bbox 1905 4376 2056 4441; x_wconf 85' lang='lat' dir='ltr'><strong>tibus,</strong></span> <span class='ocrx_word' id='word_1_827' title='bbox 2097 4376 2186 4430; x_wconf 84' lang='lat' dir='ltr'><strong>sed</strong></span> <span class='ocrx_word' id='word_1_828' title='bbox 2212 4378 2407 4430; x_wconf 83' lang='lat' dir='ltr'><strong>malitia</strong></span> <span class='ocrx_word' id='word_1_829' title='bbox 2431 4377 2633 4443; x_wconf 81' lang='lat' dir='ltr'><strong>parvuli</strong></span> <span class='ocrx_word' id='word_1_830' title='bbox 2658 4388 2811 4433; x_wconf 83' lang='lat' dir='ltr'><strong>estote</strong></span> <span class='ocrx_word' id='word_1_831' title='bbox 2845 4380 2924 4450; x_wconf 83' lang='lat' dir='ltr'><strong>(l.</strong></span> <span class='ocrx_word' id='word_1_832' title='bbox 2959 4380 3079 4436; x_wconf 87' lang='lat' dir='ltr'><strong>Cor.</strong></span> <span class='ocrx_word' id='word_1_833' title='bbox 3110 4384 3195 4438; x_wconf 67' lang='grc'><strong>14.</strong></span> <span class='ocrx_word' id='word_1_834' title='bbox 3229 4385 3322 4457; x_wconf 77' lang='lat'><strong>20)</strong></span> <span class='ocrx_word' id='word_1_835' title='bbox 3350 4403 3511 4450; x_wconf 85' lang='lat' dir='ltr'><strong>;eos-</strong></span> 
     </span>
    </p>
   </div>
   <div class='ocr_carea' id='block_1_106' title="bbox 1904 4468 3507 4544">
    <p class='ocr_par' dir='ltr' id='par_1_106' title="bbox 1904 4468 3507 4544">
     <span class='ocr_line' id='line_1_106' title="bbox 1904 4468 3507 4544; baseline 0.01 -25"><span class='ocrx_word' id='word_1_836' title='bbox 1904 4483 2008 4537; x_wconf 91' lang='lat' dir='ltr'><strong>que</strong></span> <span class='ocrx_word' id='word_1_837' title='bbox 2036 4468 2124 4537; x_wconf 88' lang='lat' dir='ltr'><strong>qui</strong></span> <span class='ocrx_word' id='word_1_838' title='bbox 2142 4468 2206 4522; x_wconf 92' lang='lat' dir='ltr'><strong>ad</strong></span> <span class='ocrx_word' id='word_1_839' title='bbox 2236 4470 2333 4523; x_wconf 89' lang='lat' dir='ltr'><strong>ista</strong></span> <span class='ocrx_word' id='word_1_840' title='bbox 2357 4478 2592 4540; x_wconf 90' lang='lat' dir='ltr'><strong>stupent,</strong></span> <span class='ocrx_word' id='word_1_841' title='bbox 2616 4470 2684 4525; x_wconf 91' lang='lat' dir='ltr'><strong>ab</strong></span> <span class='ocrx_word' id='word_1_842' title='bbox 2700 4470 2801 4526; x_wconf 87' lang='lat' dir='ltr'><strong>hoc</strong></span> <span class='ocrx_word' id='word_1_843' title='bbox 2821 4473 3196 4544; x_wconf 88' lang='lat' dir='ltr'><strong>intempestivo</strong></span> <span class='ocrx_word' id='word_1_844' title='bbox 3213 4488 3353 4532; x_wconf 90' lang='lat' dir='ltr'><strong>metu</strong></span> <span class='ocrx_word' id='word_1_845' title='bbox 3372 4480 3507 4535; x_wconf 91' lang='lat' dir='ltr'><strong>libe-</strong></span> 
     </span>
    </p>
   </div>
   <div class='ocr_carea' id='block_1_107' title="bbox 1905 4562 3501 4641">
    <p class='ocr_par' dir='ltr' id='par_1_107' title="bbox 1905 4562 3501 4641">
     <span class='ocr_line' id='line_1_107' title="bbox 1905 4562 3501 4641; baseline 0.008 -27"><span class='ocrx_word' id='word_1_846' title='bbox 1905 4571 2105 4624; x_wconf 88' lang='lat' dir='ltr'><strong>rantes,</strong></span> <span class='ocrx_word' id='word_1_847' title='bbox 2153 4562 2362 4617; x_wconf 90' lang='lat' dir='ltr'><strong>erudite</strong></span> <span class='ocrx_word' id='word_1_848' title='bbox 2402 4562 2529 4633; x_wconf 90' lang='lat' dir='ltr'><strong>quid</strong></span> <span class='ocrx_word' id='word_1_849' title='bbox 2564 4574 2811 4632; x_wconf 87' lang='lat' dir='ltr'><strong>oporteat</strong></span> <span class='ocrx_word' id='word_1_850' title='bbox 2862 4567 3053 4621; x_wconf 90' lang='lat' dir='ltr'><strong>timere</strong></span> <span class='ocrx_word' id='word_1_851' title='bbox 3082 4608 3097 4632; x_wconf 93' lang='lat'><strong>,</strong></span> <span class='ocrx_word' id='word_1_852' title='bbox 3131 4572 3501 4641; x_wconf 87' lang='lat' dir='ltr'><strong>revererique,</strong></span> 
     </span>
    </p>
   </div>
   <div class='ocr_carea' id='block_1_108' title="bbox 1906 4653 3521 4733">
    <p class='ocr_par' dir='ltr' id='par_1_108' title="bbox 1906 4653 3521 4733">
     <span class='ocr_line' id='line_1_108' title="bbox 1906 4653 3521 4733; baseline 0.006 -27"><span class='ocrx_word' id='word_1_853' title='bbox 1906 4669 2010 4707; x_wconf 92' lang='lat' dir='ltr'><strong>non</strong></span> <span class='ocrx_word' id='word_1_854' title='bbox 2042 4653 2197 4708; x_wconf 77' lang='lat' dir='ltr'><strong>istam</strong></span> <span class='ocrx_word' id='word_1_855' title='bbox 2227 4670 2438 4709; x_wconf 90' lang='lat' dir='ltr'><strong>arcam:</strong></span> <span class='ocrx_word' id='word_1_856' title='bbox 2492 4657 2584 4711; x_wconf 92' lang='lat' dir='ltr'><strong>sed</strong></span> <span class='ocrx_word' id='word_1_857' title='bbox 2615 4658 2755 4727; x_wconf 89' lang='lat' dir='ltr'><strong>quod</strong></span> <span class='ocrx_word' id='word_1_858' title='bbox 2786 4671 3170 4717; x_wconf 87' lang='lat' dir='ltr'><strong>concurrentes</strong></span> <span class='ocrx_word' id='word_1_859' title='bbox 3216 4664 3281 4717; x_wconf 91' lang='lat' dir='ltr'><strong>ad</strong></span> <span class='ocrx_word' id='word_1_860' title='bbox 3320 4666 3521 4733; x_wconf 64' lang='lat' dir='ltr'><strong>illamr</strong></span> 
     </span>
    </p>
   </div>
   <div class='ocr_carea' id='block_1_109' title="bbox 1903 4748 3504 4819">
    <p class='ocr_par' dir='ltr' id='par_1_109' title="bbox 1903 4748 3504 4819">
     <span class='ocr_line' id='line_1_109' title="bbox 1903 4748 3504 4819; baseline 0.008 -18"><span class='ocrx_word' id='word_1_861' title='bbox 1903 4748 2105 4802; x_wconf 86' lang='lat' dir='ltr'><strong>violent</strong></span> <span class='ocrx_word' id='word_1_862' title='bbox 2136 4750 2393 4819; x_wconf 90' lang='lat' dir='ltr'><strong>templum</strong></span> <span class='ocrx_word' id='word_1_863' title='bbox 2424 4751 2534 4815; x_wconf 88' lang='lat' dir='ltr'><strong>Dei,</strong></span> <span class='ocrx_word' id='word_1_864' title='bbox 2569 4767 2664 4819; x_wconf 91' lang='lat' dir='ltr'><strong>per</strong></span> <span class='ocrx_word' id='word_1_865' title='bbox 2687 4754 3067 4809; x_wconf 89' lang='lat' dir='ltr'><strong>conscientiam</strong></span> <span class='ocrx_word' id='word_1_866' title='bbox 3088 4756 3152 4810; x_wconf 90' lang='lat' dir='ltr'><strong>ad</strong></span> <span class='ocrx_word' id='word_1_867' title='bbox 3170 4756 3504 4815; x_wconf 88' lang='lat' dir='ltr'><strong>.ludaisnunn</strong></span> 
     </span>
    </p>
   </div>
   <div class='ocr_carea' id='block_1_110' title="bbox 1904 4843 3503 4912">
    <p class='ocr_par' dir='ltr' id='par_1_110' title="bbox 1904 4843 3503 4912">
     <span class='ocr_line' id='line_1_110' title="bbox 1904 4843 3503 4912; baseline 0.009 -19"><span class='ocrx_word' id='word_1_868' title='bbox 1904 4856 2245 4911; x_wconf 87' lang='lat' dir='ltr'><strong>propensam,</strong></span> <span class='ocrx_word' id='word_1_869' title='bbox 2287 4858 2382 4912; x_wconf 89' lang='lat' dir='ltr'><strong>per</strong></span> <span class='ocrx_word' id='word_1_870' title='bbox 2403 4843 2827 4912; x_wconf 88' lang='lat' dir='ltr'><strong>intempestivam</strong></span> <span class='ocrx_word' id='word_1_871' title='bbox 2854 4846 3010 4901; x_wconf 88' lang='lat' dir='ltr'><strong>istam</strong></span> <span class='ocrx_word' id='word_1_872' title='bbox 3049 4849 3503 4909; x_wconf 87' lang='lat' dir='ltr'><strong>observationem.</strong></span> 
     </span>
    </p>
   </div>
   <div class='ocr_carea' id='block_1_111' title="bbox 1908 4931 3488 5011">
    <p class='ocr_par' dir='ltr' id='par_1_111' title="bbox 1908 4931 3488 5011">
     <span class='ocr_line' id='line_1_111' title="bbox 1908 4931 3488 5011; baseline 0.011 -28"><span class='ocrx_word' id='word_1_873' title='bbox 1908 4931 2186 5000; x_wconf 79' lang='lat' dir='ltr'><strong>Quotquot,</strong></span> <span class='ocrx_word' id='word_1_874' title='bbox 2219 4933 2406 5003; x_wconf 89' lang='lat' dir='ltr'><strong>inquit,</strong></span> <span class='ocrx_word' id='word_1_875' title='bbox 2438 4934 2489 4988; x_wconf 90' lang='lat' dir='ltr'><strong>in</strong></span> <span class='ocrx_word' id='word_1_876' title='bbox 2513 4934 2621 5005; x_wconf 76' lang='lat' dir='ltr'><strong>lege</strong></span> <span class='ocrx_word' id='word_1_877' title='bbox 2635 4936 3016 5007; x_wconf 73' lang='lat' dir='ltr'><strong>justiﬁcamini,</strong></span> <span class='ocrx_word' id='word_1_878' title='bbox 3056 4956 3089 4992; x_wconf 90' lang='lat' dir='ltr'><strong>a</strong></span> <span class='ocrx_word' id='word_1_879' title='bbox 3116 4943 3281 5011; x_wconf 79' lang='lat' dir='ltr'><strong>gratia</strong></span> <span class='ocrx_word' id='word_1_880' title='bbox 3306 4946 3488 4999; x_wconf 74' lang='lat' dir='ltr'><strong>excidi-</strong></span> 
     </span>
    </p>
   </div>
   <div class='ocr_carea' id='block_1_112' title="bbox 1906 5022 3503 5097">
    <p class='ocr_par' dir='ltr' id='par_1_112' title="bbox 1906 5022 3503 5097">
     <span class='ocr_line' id='line_1_112' title="bbox 1906 5022 3503 5097; baseline 0.008 -20"><span class='ocrx_word' id='word_1_881' title='bbox 1906 5023 1997 5077; x_wconf 83' lang='lat' dir='ltr'><strong>stis</strong></span> <span class='ocrx_word' id='word_1_882' title='bbox 2029 5022 2171 5095; x_wconf 84' lang='lat' dir='ltr'><strong>(Gal.</strong></span> <span class='ocrx_word' id='word_1_883' title='bbox 2199 5025 2253 5080; x_wconf 83' lang='lat'><strong>5.</strong></span> <span class='ocrx_word' id='word_1_884' title='bbox 2279 5024 2356 5093; x_wconf 77' lang='grc'><strong>4).</strong></span> <span class='ocrx_word' id='word_1_885' title='bbox 2387 5026 2498 5081; x_wconf 88' lang='lat' dir='ltr'><strong>lloc</strong></span> <span class='ocrx_word' id='word_1_886' title='bbox 2525 5036 2737 5096; x_wconf 87' lang='lat' dir='ltr'><strong>oportet</strong></span> <span class='ocrx_word' id='word_1_887' title='bbox 2760 5029 2971 5097; x_wconf 89' lang='lat' dir='ltr'><strong>timere,</strong></span> <span class='ocrx_word' id='word_1_888' title='bbox 2998 5046 3065 5086; x_wconf 90' lang='lat' dir='ltr'><strong>ne</strong></span> <span class='ocrx_word' id='word_1_889' title='bbox 3092 5032 3145 5085; x_wconf 89' lang='lat' dir='ltr'><strong>in</strong></span> <span class='ocrx_word' id='word_1_890' title='bbox 3171 5033 3257 5088; x_wconf 89' lang='lat' dir='ltr'><strong>die</strong></span> <span class='ocrx_word' id='word_1_891' title='bbox 3286 5035 3380 5090; x_wconf 91' lang='lat' dir='ltr'><strong>illo</strong></span> <span class='ocrx_word' id='word_1_892' title='bbox 3403 5053 3503 5090; x_wconf 81' lang='lat' dir='ltr'><strong>au-</strong></span> 
     </span>
    </p>
   </div>
   <div class='ocr_carea' id='block_1_113' title="bbox 1904 5115 3503 5193">
    <p class='ocr_par' dir='ltr' id='par_1_113' title="bbox 1904 5115 3503 5193">
     <span class='ocr_line' id='line_1_113' title="bbox 1904 5115 3503 5193; baseline 0.008 -24"><span class='ocrx_word' id='word_1_893' title='bbox 1904 5115 2061 5169; x_wconf 87' lang='lat' dir='ltr'><strong>diatis</strong></span> <span class='ocrx_word' id='word_1_894' title='bbox 2084 5116 2151 5170; x_wconf 89' lang='lat' dir='ltr'><strong>ab</strong></span> <span class='ocrx_word' id='word_1_895' title='bbox 2191 5130 2257 5170; x_wconf 90' lang='lat' dir='ltr'><strong>eo</strong></span> <span class='ocrx_word' id='word_1_896' title='bbox 2298 5116 2388 5187; x_wconf 91' lang='lat' dir='ltr'><strong>qui</strong></span> <span class='ocrx_word' id='word_1_897' title='bbox 2425 5133 2517 5172; x_wconf 90' lang='lat' dir='ltr'><strong>vos</strong></span> <span class='ocrx_word' id='word_1_898' title='bbox 2551 5118 2887 5187; x_wconf 74' lang='lat' dir='ltr'><strong>iudicaturus</strong></span> <span class='ocrx_word' id='word_1_899' title='bbox 2930 5132 3013 5176; x_wconf 89' lang='lat' dir='ltr'><strong>est</strong></span> <span class='ocrx_word' id='word_1_900' title='bbox 3041 5141 3055 5178; x_wconf 88' lang='lat'><strong>:</strong></span> <span class='ocrx_word' id='word_1_901' title='bbox 3087 5122 3372 5193; x_wconf 75' lang='lat' dir='ltr'><strong>Discedite,</strong></span> <span class='ocrx_word' id='word_1_902' title='bbox 3400 5145 3503 5183; x_wconf 87' lang='lat' dir='ltr'><strong>non</strong></span> 
     </span>
    </p>
   </div>
   <div class='ocr_carea' id='block_1_114' title="bbox 1904 5209 3503 5283">
    <p class='ocr_par' dir='ltr' id='par_1_114' title="bbox 1904 5209 3503 5283">
     <span class='ocr_line' id='line_1_114' title="bbox 1904 5209 3503 5283; baseline 0.008 -22"><span class='ocrx_word' id='word_1_903' title='bbox 1904 5210 2019 5261; x_wconf 81' lang='lat' dir='ltr'><strong>novi</strong></span> <span class='ocrx_word' id='word_1_904' title='bbox 2065 5225 2149 5263; x_wconf 84' lang='lat' dir='ltr'><strong>vos</strong></span> <span class='ocrx_word' id='word_1_905' title='bbox 2182 5209 2330 5281; x_wconf 80' lang='lat' dir='ltr'><strong>(Luc.</strong></span> <span class='ocrx_word' id='word_1_906' title='bbox 2357 5211 2444 5264; x_wconf 78' lang='grc'><strong>15.</strong></span> <span class='ocrx_word' id='word_1_907' title='bbox 2474 5209 2567 5283; x_wconf 76' lang='grc'><strong>27)</strong></span> <span class='ocrx_word' id='word_1_908' title='bbox 2594 5229 2608 5278; x_wconf 89' lang='grc'><strong>;</strong></span> <span class='ocrx_word' id='word_1_909' title='bbox 2637 5213 3073 5269; x_wconf 90' lang='lat' dir='ltr'><strong>communicastis</strong></span> <span class='ocrx_word' id='word_1_910' title='bbox 3106 5216 3248 5270; x_wconf 89' lang='lat' dir='ltr'><strong>enim</strong></span> <span class='ocrx_word' id='word_1_911' title='bbox 3288 5234 3409 5272; x_wconf 90' lang='lat' dir='ltr'><strong>cum</strong></span> <span class='ocrx_word' id='word_1_912' title='bbox 3438 5220 3503 5276; x_wconf 78' lang='lat' dir='ltr'><strong>iis</strong></span> 
     </span>
    </p>
   </div>
   <div class='ocr_carea' id='block_1_115' title="bbox 1903 5300 3504 5378">
    <p class='ocr_par' dir='ltr' id='par_1_115' title="bbox 1903 5300 3504 5378">
     <span class='ocr_line' id='line_1_115' title="bbox 1903 5300 3504 5378; baseline 0.009 -28"><span class='ocrx_word' id='word_1_913' title='bbox 1903 5300 1990 5368; x_wconf 89' lang='lat' dir='ltr'><strong>qui</strong></span> <span class='ocrx_word' id='word_1_914' title='bbox 2019 5316 2103 5355; x_wconf 90' lang='lat' dir='ltr'><strong>me</strong></span> <span class='ocrx_word' id='word_1_915' title='bbox 2132 5300 2541 5367; x_wconf 86' lang='lat' dir='ltr'><strong>cruciﬁxerunt;</strong></span> <span class='ocrx_word' id='word_1_916' title='bbox 2565 5312 2619 5358; x_wconf 91' lang='lat' dir='ltr'><strong>et</strong></span> <span class='ocrx_word' id='word_1_917' title='bbox 2647 5304 3009 5359; x_wconf 90' lang='lat' dir='ltr'><strong>solemnitates</strong></span> <span class='ocrx_word' id='word_1_918' title='bbox 3036 5348 3051 5373; x_wconf 90' lang='lat'><strong>,</strong></span> <span class='ocrx_word' id='word_1_919' title='bbox 3082 5321 3217 5377; x_wconf 89' lang='lat' dir='ltr'><strong>quas</strong></span> <span class='ocrx_word' id='word_1_920' title='bbox 3236 5323 3337 5378; x_wconf 88' lang='lat' dir='ltr'><strong>ego</strong></span> <span class='ocrx_word' id='word_1_921' title='bbox 3362 5310 3504 5365; x_wconf 82' lang='lat' dir='ltr'><strong>anti-</strong></span> 
     </span>
    </p>
   </div>
   <div class='ocr_carea' id='block_1_116' title="bbox 1902 5387 3497 5469">
    <p class='ocr_par' dir='ltr' id='par_1_116' title="bbox 1902 5387 3497 5469">
     <span class='ocr_line' id='line_1_116' title="bbox 1902 5387 3497 5469; baseline 0.008 -26"><span class='ocrx_word' id='word_1_922' title='bbox 1902 5392 2059 5461; x_wconf 85' lang='lat' dir='ltr'><strong>quavi</strong></span> <span class='ocrx_word' id='word_1_923' title='bbox 2086 5433 2099 5456; x_wconf 93' lang='lat'><strong>,</strong></span> <span class='ocrx_word' id='word_1_924' title='bbox 2142 5392 2529 5449; x_wconf 85' lang='lat' dir='ltr'><strong>contendentes</strong></span> <span class='ocrx_word' id='word_1_925' title='bbox 2576 5387 2788 5449; x_wconf 87' lang='lat' dir='ltr'><strong>mecum</strong></span> <span class='ocrx_word' id='word_1_926' title='bbox 2816 5411 3003 5452; x_wconf 89' lang='lat' dir='ltr'><strong>rursus</strong></span> <span class='ocrx_word' id='word_1_927' title='bbox 3025 5397 3399 5469; x_wconf 77' lang='lat' dir='ltr'><strong>instaurastis;</strong></span> <span class='ocrx_word' id='word_1_928' title='bbox 3428 5401 3497 5455; x_wconf 89' lang='lat' dir='ltr'><strong>ad</strong></span> 
     </span>
    </p>
   </div>
   <div class='ocr_carea' id='block_1_117' title="bbox 1902 5485 3498 5561">
    <p class='ocr_par' dir='ltr' id='par_1_117' title="bbox 1902 5485 3498 5561">
     <span class='ocr_line' id='line_1_117' title="bbox 1902 5485 3498 5561; baseline 0.004 -21"><span class='ocrx_word' id='word_1_929' title='bbox 1902 5485 2233 5552; x_wconf 73' lang='lat' dir='ltr'><strong>Judmorum,</strong></span> <span class='ocrx_word' id='word_1_930' title='bbox 2266 5487 2353 5555; x_wconf 92' lang='lat' dir='ltr'><strong>qui</strong></span> <span class='ocrx_word' id='word_1_931' title='bbox 2382 5487 2542 5557; x_wconf 89' lang='lat' dir='ltr'><strong>impie</strong></span> <span class='ocrx_word' id='word_1_932' title='bbox 2571 5487 2800 5557; x_wconf 86' lang='lat' dir='ltr'><strong>agebant</strong></span> <span class='ocrx_word' id='word_1_933' title='bbox 2829 5488 2881 5543; x_wconf 88' lang='lat' dir='ltr'><strong>itt</strong></span> <span class='ocrx_word' id='word_1_934' title='bbox 2914 5505 3002 5545; x_wconf 88' lang='lat' dir='ltr'><strong>me</strong></span> <span class='ocrx_word' id='word_1_935' title='bbox 3029 5537 3044 5561; x_wconf 88' lang='lat'><strong>,</strong></span> <span class='ocrx_word' id='word_1_936' title='bbox 3086 5505 3153 5547; x_wconf 87' lang='lat' dir='ltr'><strong>ac</strong></span> <span class='ocrx_word' id='word_1_937' title='bbox 3178 5491 3349 5561; x_wconf 86' lang='lat' dir='ltr'><strong>legem</strong></span> <span class='ocrx_word' id='word_1_938' title='bbox 3382 5495 3498 5547; x_wconf 86' lang='lat' dir='ltr'><strong>vio-</strong></span> 
     </span>
    </p>
   </div>
   <div class='ocr_carea' id='block_1_118' title="bbox 1904 5577 3498 5653">
    <p class='ocr_par' dir='ltr' id='par_1_118' title="bbox 1904 5577 3498 5653">
     <span class='ocr_line' id='line_1_118' title="bbox 1904 5577 3498 5653; baseline 0.004 -21"><span class='ocrx_word' id='word_1_939' title='bbox 1904 5577 2127 5644; x_wconf 89' lang='lat' dir='ltr'><strong>labant,</strong></span> <span class='ocrx_word' id='word_1_940' title='bbox 2173 5592 2471 5649; x_wconf 84' lang='lat' dir='ltr'><strong>synagogas</strong></span> <span class='ocrx_word' id='word_1_941' title='bbox 2510 5579 2879 5633; x_wconf 88' lang='lat' dir='ltr'><strong>concurristis.</strong></span> <span class='ocrx_word' id='word_1_942' title='bbox 2922 5580 3081 5650; x_wconf 83' lang='lat' dir='ltr'><strong>Atqui</strong></span> <span class='ocrx_word' id='word_1_943' title='bbox 3129 5596 3229 5652; x_wconf 86' lang='lat' dir='ltr'><strong>ego</strong></span> <span class='ocrx_word' id='word_1_944' title='bbox 3282 5583 3498 5653; x_wconf 86' lang='lat' dir='ltr'><strong>quidem</strong></span> 
     </span>
    </p>
   </div>
   <div class='ocr_carea' id='block_1_119' title="bbox 1905 5669 3495 5739">
    <p class='ocr_par' dir='ltr' id='par_1_119' title="bbox 1905 5669 3495 5739">
     <span class='ocr_line' id='line_1_119' title="bbox 1905 5669 3495 5739; baseline 0.004 -16"><span class='ocrx_word' id='word_1_945' title='bbox 1905 5669 2163 5739; x_wconf 90' lang='lat' dir='ltr'><strong>templum</strong></span> <span class='ocrx_word' id='word_1_946' title='bbox 2209 5670 2421 5725; x_wconf 90' lang='lat' dir='ltr'><strong>illorum</strong></span> <span class='ocrx_word' id='word_1_947' title='bbox 2451 5670 2709 5738; x_wconf 86' lang='lat' dir='ltr'><strong>subverti,</strong></span> <span class='ocrx_word' id='word_1_948' title='bbox 2752 5680 2806 5725; x_wconf 91' lang='lat' dir='ltr'><strong>et</strong></span> <span class='ocrx_word' id='word_1_949' title='bbox 2850 5672 2902 5726; x_wconf 95' lang='lat' dir='ltr'><strong>in</strong></span> <span class='ocrx_word' id='word_1_950' title='bbox 2943 5672 3197 5727; x_wconf 85' lang='lat' dir='ltr'><strong>ruderum</strong></span> <span class='ocrx_word' id='word_1_951' title='bbox 3241 5687 3495 5729; x_wconf 81' lang='lat' dir='ltr'><strong>acervum</strong></span> 
     </span>
    </p>
   </div>
   <div class='ocr_carea' id='block_1_120' title="bbox 1902 5761 3497 5832">
    <p class='ocr_par' dir='ltr' id='par_1_120' title="bbox 1902 5761 3497 5832">
     <span class='ocr_line' id='line_1_120' title="bbox 1902 5761 3497 5832; baseline 0.004 -17"><span class='ocrx_word' id='word_1_952' title='bbox 1902 5761 2040 5818; x_wconf 89' lang='lat' dir='ltr'><strong>verti</strong></span> <span class='ocrx_word' id='word_1_953' title='bbox 2069 5762 2322 5832; x_wconf 88' lang='lat' dir='ltr'><strong>templum</strong></span> <span class='ocrx_word' id='word_1_954' title='bbox 2347 5761 2475 5817; x_wconf 90' lang='lat' dir='ltr'><strong>illud</strong></span> <span class='ocrx_word' id='word_1_955' title='bbox 2507 5763 2812 5819; x_wconf 86' lang='lat' dir='ltr'><strong>venerabile</strong></span> <span class='ocrx_word' id='word_1_956' title='bbox 2835 5806 2851 5830; x_wconf 91' lang='lat'><strong>,</strong></span> <span class='ocrx_word' id='word_1_957' title='bbox 2879 5778 2965 5818; x_wconf 89' lang='lat' dir='ltr'><strong>res</strong></span> <span class='ocrx_word' id='word_1_958' title='bbox 3004 5765 3263 5820; x_wconf 88' lang='lat' dir='ltr'><strong>verendas</strong></span> <span class='ocrx_word' id='word_1_959' title='bbox 3292 5774 3346 5821; x_wconf 91' lang='lat' dir='ltr'><strong>et</strong></span> <span class='ocrx_word' id='word_1_960' title='bbox 3376 5765 3497 5821; x_wconf 86' lang='lat' dir='ltr'><strong>hor-</strong></span> 
     </span>
    </p>
   </div>
   <div class='ocr_carea' id='block_1_121' title="bbox 1904 5845 3503 5931">
    <p class='ocr_par' dir='ltr' id='par_1_121' title="bbox 1904 5845 3503 5931">
     <span class='ocr_line' id='line_1_121' title="bbox 1904 5845 3503 5931; baseline 0.004 -21"><span class='ocrx_word' id='word_1_961' title='bbox 1904 5856 2099 5911; x_wconf 86' lang='lat' dir='ltr'><strong>rendas</strong></span> <span class='ocrx_word' id='word_1_962' title='bbox 2144 5845 2462 5925; x_wconf 85' lang='lat' dir='ltr'><strong>continens;</strong></span> <span class='ocrx_word' id='word_1_963' title='bbox 2517 5872 2611 5912; x_wconf 78' lang='lat' dir='ltr'><strong>vos</strong></span> <span class='ocrx_word' id='word_1_964' title='bbox 2663 5866 2841 5914; x_wconf 88' lang='lat' dir='ltr'><strong>autem</strong></span> <span class='ocrx_word' id='word_1_965' title='bbox 2892 5857 3190 5914; x_wconf 75' lang='lat' dir='ltr'><strong>habitacula</strong></span> <span class='ocrx_word' id='word_1_966' title='bbox 3242 5862 3503 5931; x_wconf 81' lang='lat' dir='ltr'><strong>cauponis</strong></span> 
     </span>
    </p>
   </div>
  </div>
