4142 6332
668 400 768 455 M5

668 510 833 566 nihilo
853 505 1071 562 meliora
1092 513 1144 557 et
1164 500 1443 571 speluncas
1466 501 1728 553 latronum
1751 494 2008 549 coluistis.
2037 492 2242 546 Etenim

667 602 711 654 si
740 608 864 653 tunc
888 610 1010 651 cum
1036 603 1217 648 essent
1240 590 1547 654 Cheruhim,
1580 598 1698 640 cum
1729 601 1849 640 arca
1880 627 1894 648 ,
1927 599 2047 638 cum
2074 582 2246 635 adhuc

668 688 896 759 Spiritus
924 684 1139 739 ﬂoreret
1157 682 1345 750 gratia,
1368 679 1533 733 dixit:
1560 675 1774 730 Fecistis
1804 674 1931 727 illud
1956 672 2249 759 speluncam

665 757 941 827 latronum
969 767 1188 835 (Matth.
1216 768 1307 820 21.
1335 766 1449 831 l3),
1482 772 1599 827 aut,
1628 763 1842 816 domum
1868 757 2242 827 negotiationis

670 860 852 926 (loqu.
884 858 939 911 ἓ.
965 857 1079 926 26),
1101 864 1327 925 propter
1351 853 1666 923 iniquitates
1693 866 1757 904 ac
1788 849 1961 904 cades
1984 849 2201 901 illorum
2229 864 2241 900 :

671 964 813 1002 nunc
835 955 1126 1016 postquam
1161 946 1284 999 illos
1303 944 1479 999 sancti
1512 941 1757 1011 Spiritus
1775 939 2021 995 deseruit
2049 938 2244 1009 gratia,

671 1050 981 1110 cunctaque
995 1040 1087 1092 illa
1104 1037 1439 1093 venerabilia
1458 1042 1512 1090 et
1528 1034 1639 1090 Deo
1654 1042 1806 1106 grata
1825 1033 2038 1087 sublata
2057 1042 2187 1086 sunt
2206 1032 2245 1097 ';

670 1148 793 1187 cum
815 1134 1035 1203 impiam
1060 1132 1220 1187 istam
1246 1129 1564 1199 religionem
1586 1127 1863 1183 celebrant
1885 1145 1899 1191 -,
1920 1124 2050 1195 quid
2072 1126 2250 1195 appel-

672 1224 835 1278 lando
871 1237 1183 1295 synagogas
1208 1236 1396 1276 eorum
1425 1234 1623 1274 nomen
1659 1219 1795 1288 ipsis
1834 1217 2059 1285 dignum
2098 1218 2248 1272 inve-

676 1315 825 1369 nias?
852 1314 1063 1367 Etenim
1078 1313 1122 1368 si
1143 1313 1255 1381 jam
1279 1320 1393 1365 tum
1410 1319 1529 1365 erat
1552 1311 1812 1380 spelunca
1833 1310 2104 1364 latronum
2127 1324 2249 1361 cum

675 1414 880 1460 statum
906 1421 1065 1460 suum
1095 1404 1399 1467 obtineret;
1447 1415 1591 1454 nunc
1623 1401 1668 1454 si
1709 1401 1957 1467 lupanar,
1988 1400 2033 1453 si
2068 1407 2251 1451 trans—

676 1497 984 1565 gressionis
1022 1497 1221 1557 locum,
1255 1496 1299 1547 si
1333 1494 1645 1547 daemonum
1668 1490 2119 1563 diversorium,si
2143 1490 2255 1543 dia-

674 1590 785 1643 boli
822 1588 1315 1658 propugnaculum,
1358 1585 1405 1639 si
1441 1585 1747 1638 animarum
1780 1581 2003 1635 exitium
2026 1580 2254 1646 dixeris,

674 1680 721 1733 si
744 1679 913 1733 totius
938 1678 1265 1747 perditionis
1300 1674 1659 1745 praecipitium
1704 1687 1768 1725 ac
1796 1673 2134 1735 barathrum,
2160 1672 2257 1726 de-

676 1771 844 1840 nique
894 1769 1158 1839 quidquid
1212 1765 1597 1836 appellaveris,
1644 1764 1825 1817 minus
1857 1778 2018 1833 quam
2052 1779 2150 1831 pro
2182 1764 2256 1817 rei

678 1862 947 1932 dignitate
972 1860 1200 1915 dixeris.
1222 1859 1508 1928 Templum
1530 1858 1690 1927 copis
1708 1856 1936 1911 videre?
1964 1855 2041 1910 Ne
2067 1871 2261 1910 curras

676 1952 746 2007 ad
777 1966 1134 2023 synagogam,
1170 1949 1265 2005 sed
1295 1958 1352 2003 tu
1386 1958 1507 2003 esto
1543 1948 1825 2017 templum.
1856 1945 2089 2001 Unicum
2123 1957 2263 2001 tem-

680 2045 829 2114 plum
889 2042 1059 2107 diruit
1119 2040 1263 2095 Deus
1302 2026 1693 2108 Jerosolvmis,
1753 2048 1803 2091 ct
1850 2038 2263 2091 innumerabilia

678 2134 851 2189 erexit
902 2134 995 2186 illo
1045 2131 1206 2199 longe
1253 2130 1670 2184 venerabiliora.
1720 2128 1840 2194 Vas,
1889 2129 2085 2197 inquit,
2137 2141 2264 2182 tem-

676 2226 821 2294 plum
845 2227 971 2279 estis
1009 2226 1103 2279 Dei
1133 2225 1346 2279 viventis
1380 2224 1453 2293 (‘2.
1490 2222 1609 2278 Cor.
1648 2226 1699 2278 ϐ.
1738 2222 1847 2293 16).
1875 2222 2025 2276 Hanc
2043 2223 2261 2277 domum

688 2332 916 2379 exorna,
944 2332 1159 2371 omnem
1203 2317 1358 2385 exige
1389 2316 1772 2384 cogitationem
1818 2316 2040 2382 malam,
2072 2324 2131 2367 ut
2165 2316 2263 2369 ﬁas

682 2412 981 2478 pretiosum
1013 2408 1318 2463 membrum
1342 2407 1570 2470 Christi,
1605 2416 1663 2461 ut
1689 2408 1785 2461 ﬁas
1808 2407 2066 2474 templum
2094 2406 2266 2476 Spiri-

682 2511 774 2555 tus
799 2518 814 2564 ;
853 2500 1056 2555 deinde
1085 2508 1139 2555 et
1160 2500 1301 2555 alios
1333 2498 1498 2553 redde
1521 2499 1677 2552 tales.
1714 2497 1780 2565 Et
1802 2498 1945 2552 sicut
1970 2514 2093 2553 cum
2111 2500 2265 2555 vides

688 2604 988 2662 pauperes,
1018 2608 1128 2646 non
1160 2592 1319 2646 facile
1356 2590 1774 2659 praztereurris;
1807 2590 1876 2643 ita
1915 2605 2039 2644 cum
2067 2591 2266 2645 videris

685 2682 924 2750 aliquem
944 2682 1010 2736 ad
1029 2697 1361 2753 synagogam
1382 2693 1714 2745 currentem,
1732 2696 1797 2735 ne
1816 2681 2151 2745 dissimules,
2170 2683 2263 2737 sed

686 2773 867 2829 verbis
889 2789 989 2829 ceu
1032 2773 1187 2828 freno
1215 2773 1450 2845 quodam
1481 2771 1784 2828 cohibitum
1810 2773 2041 2829 reducas
2071 2773 2137 2827 ad
2164 2774 2263 2827 Ee-

684 2864 929 2920 clesiam.
952 2862 1079 2919 llaec
1100 2864 1380 2935 estmajor
1396 2863 1743 2934 eleemosyna
1764 2878 1927 2933 quam
1957 2864 2071 2928 illa,
2086 2872 2277 2927 etma-,

761 2955 777 2982 ⁸
816 2951 895 2999 Alii
919 2966 930 3000 :
957 2950 1151 3006 Sublata
1170 2958 1296 3013 sunt,
1328 2959 1421 3001 Deo
1436 2950 1728 3001 obiectantes
1745 2945 1959 3009 impiam,
1987 2951 2082 2992 etc.

1378 388 1433 441 S.
1471 382 1750 439 JOANNIS
1789 376 2260 435 CIIRYSOSTOMI
2301 376 2616 433 ARCIIIEP.
2659 378 3189 434 CONSTANTINOP.

2348 491 2433 558 jus
2464 492 2667 545 lucrum
2690 509 2846 561 quam
2874 493 3059 547 decem
3093 493 3255 546 millia
3288 493 3638 547 talentorum:
3672 495 3800 562 quid
3825 498 3945 551 dico

3850 384 3949 435 916

2358 584 2539 639 decem
2581 586 2739 638 millia
2773 586 3019 639 talenta?
3071 586 3239 653 majus
3280 602 3435 655 quam
3487 586 3570 640 hic
3602 588 3942 656 aSpectahilis

2354 678 2582 731 mundus
2628 679 2929 732 universus.
2980 678 3251 746 Siquidem
3284 677 3445 731 homo
3492 690 3572 732 est
3604 686 3717 731 toto
3748 680 3973 731 muudn‘

2352 770 2674 837 pretiosior:
2727 769 2885 837 hujus
2924 770 3064 823 enim
3107 782 3265 822 causa
3296 777 3349 821 et
3389 768 3578 822 czelnm
3625 776 3680 822 et
3721 778 3863 822 terra
3892 782 3941 823 et

2354 875 2501 914 mare
2530 860 2741 913 condita
2766 868 2888 912 sunt
2918 900 2934 921 ,
2978 868 3031 912 et
3060 859 3139 913 sol
3179 869 3233 911 et
3261 858 3449 911 stellae.
3483 857 3762 927 Perpende
3789 860 3941 927 igitur

2354 964 2548 1025 quanta
2579 956 2648 1008 sit
2676 953 2904 1024 dignitas
2928 952 3065 1021 ejus,
3093 951 3245 1020 cujus
3267 951 3420 1005 saluti
3449 952 3769 1015 consulitur,
3800 960 3939 1006 etne

2353 1044 2740 1113 contempseris
2763 1044 2901 1096 illius
2923 1058 3126 1097 curam.
3170 1042 3300 1095 Nam
3328 1042 3534 1096 etiamsi
3564 1044 3813 1110 pecunia:
3841 1044 3940 1095 vim

2354 1136 2665 1187 immensam
2692 1134 3046 1188 dinumeravit
3069 1133 3293 1202 aliquis,
3328 1131 3457 1185 nihil
3502 1134 3607 1188 tale
3649 1133 3895 1201 prmstitit
3922 1173 3939 1197 ,

2353 1227 2507 1295 quale
2525 1228 2570 1279 is
2587 1226 2675 1295 qui
2696 1226 3201 1291 scrvatanimatn,et
3220 1224 3437 1279 abducit
3455 1234 3523 1278 ab
3536 1239 3722 1279 errore
3745 1222 3813 1278 ad
3834 1225 3936 1294 pie-

2357 1328 2535 1371 tatem.
2552 1316 2650 1384 Oui
2665 1316 2873 1371 dederit
2888 1317 3127 1385 pauperi,
3145 1315 3337 1370 famem
3359 1315 3545 1369 solvit:
3566 1316 3656 1385 qui
3673 1315 3944 1384 judaizan-

2357 1419 2460 1465 tem
2475 1411 2766 1465 correxerit
2794 1451 2808 1472 ,
2841 1411 3165 1478 impietatem
3191 1409 3462 1462 exstinxit.
3507 1408 3599 1461 Ille
3641 1411 3944 1476 paupertati

2355 1504 2597 1556 solatium
2616 1501 2879 1555 adhibuit:
2905 1502 2990 1554 hic
3008 1500 3336 1568 iniquitatem
3359 1498 3616 1552 inhibuit:
3650 1498 3739 1551 ille
3756 1512 3947 1567 corpus

2357 1594 2605 1648 liberavit
2620 1609 2651 1646 a
2671 1591 2970 1655 dolore,hic
2991 1592 3149 1646 etiam
3168 1590 3398 1643 animam
3421 1588 3614 1657 eripuit
3634 1604 3661 1641 a
3681 1588 3941 1659 geheuua.

2355 1686 2573 1742 OSIcndi
2601 1687 3003 1747 tliesaurnm,ne
3021 1682 3279 1737 deseratis
3304 1682 3533 1735 lucrum.
3558 1681 3677 1735 Non
3698 1690 3786 1735 est
3808 1681 3945 1750 quod

2357 1780 2442 1833 hic
2464 1788 2824 1848 paupertatem
2850 1766 3160 1842 causcmini,
3181 1784 3377 1830 nonest
3394 1772 3532 1844 quod
3552 1773 3945 1828 mendicitatem

2358 1871 2694 1941 praitexatis:
2720 1870 2880 1923 verba
2908 1878 3109 1921 tantum
3144 1867 3454 1921 insumenda
3484 1874 3609 1919 sunt
3634 1906 3649 1930 ,
3680 1865 3939 1919 sermonis

2357 1961 2517 2015 modo
2555 1961 2612 2013 ﬁt
2656 1961 2915 2027 impensa.
2958 1958 3034 2012 Ne
3057 1958 3367 2027 pigritemnr
3388 1957 3548 2025 igitur
3578 1995 3596 2022 ,
3654 1956 3750 2009 sed
3806 1954 3943 2008 omni

2357 2052 2532 2105 studio
2558 2066 2621 2105 ac
2649 2052 2936 2119 cupiditate
2960 2065 3215 2103 venemur
3246 2048 3435 2101 fratres
3457 2058 3672 2100 nostros
3694 2088 3707 2108 ,
3766 2047 3942 2114 eisque

2358 2143 2442 2195 vel
2482 2142 2660 2196 invitis
2692 2143 2743 2194 in
2776 2141 2991 2195 domum
3020 2148 3258 2193 nostram
3289 2139 3568 2207 pertractis
3592 2177 3610 2204 ,
3668 2138 3943 2207 prandium

2358 2248 2703 2302 apponanms,
2725 2233 2790 2285 ad
2818 2247 3015 2284 mensa:
3035 2230 3465 2285 communionem
3490 2229 3610 2282 illos
3626 2230 3947 2282 asciscamns

2362 2325 2539 2391 hodie,
2562 2336 2637 2388 ut,
2665 2326 2748 2379 ubi
2778 2333 2961 2377 nostro
2991 2322 3041 2376 in
3073 2332 3359 2390 conspectu
3391 2321 3649 2391 jejunium
3672 2322 3945 2385 solverint,

2359 2415 2593 2483 satisque
2637 2413 3025 2467 declaraverint
3055 2455 3069 2477 ,
3122 2412 3386 2481 ﬁdemque
3426 2411 3639 2481 plenam
3692 2413 3947 2470 fecerint.

2360 2504 2501 2575 quod
2550 2506 2600 2558 in
2648 2506 2837 2559 melius
2887 2504 3111 2558 correcti
3166 2503 3273 2556 sint
3297 2543 3311 2567 ,
3341 2512 3393 2555 et
3423 2502 3522 2555 sibi
3552 2502 3682 2570 ipsis
3716 2510 3773 2556 et
3801 2502 3951 2555 nobis

2362 2608 2559 2653 :elerna
2588 2598 2724 2651 bona
2766 2597 3050 2651 concilient
3080 2636 3095 2660 ,
3145 2596 3311 2665 gratia
3356 2610 3418 2649 ac
3467 2595 3708 2649 bonitate
3740 2595 3949 2648 Domini

2363 2688 2531 2741 nostri
2553 2686 2679 2741 Jesu
2707 2686 2930 2751 Christi,
2952 2702 3047 2755 per
3072 2701 3229 2756 quem
3270 2694 3325 2739 et
3368 2700 3488 2739 cum
3522 2676 3638 2755 quo
3681 2684 3828 2738 Patri
3850 2700 3949 2737 una

2362 2795 2483 2834 cum
2517 2778 2715 2847 Spiritu
2742 2785 2927 2832 sancto
2952 2777 3118 2847 gloria
3146 2818 3161 2843 ,
3196 2790 3337 2830 nunc
3360 2786 3414 2830 et
3435 2790 3649 2845 semper
3680 2783 3736 2830 et
3762 2775 3814 2828 in
3854 2790 3950 2828 sa:-

2363 2870 2482 2925 cula
2514 2870 2857 2935 saeculorum,
2883 2870 3076 2923 Amen.

1784 3028 3953 3053 ’,ἐμ-’ψ

1474 3115 1693 3224 ΑΒ
1714 3103 2285 3221 VERSUS
2384 3098 3109 3208 JUDAEOS.

2006 3300 2631 3356 MKW

1222 3441 1411 3479 ORATIO
1451 3439 1668 3478 SEPTIMA
1680 3462 1692 3475 .

736 3518 789 3571 l.
830 3516 965 3570 Num
989 3530 1085 3570 vos
1115 3531 1308 3586 pugna:
1336 3515 1491 3583 hujus
1519 3530 1636 3568 cum
1662 3512 1861 3567 Judaris
1886 3519 2143 3580 susceptae
2171 3526 2259 3563 sa-

665 3605 821 3661 tietas
860 3605 1031 3674 cepit?
1072 3606 1152 3659 An
1182 3604 1340 3659 vultis
1370 3612 1428 3657 ut
1453 3617 1639 3657 rursus
1666 3602 1823 3657 hodie
1852 3616 2061 3671 quoque
2089 3609 2258 3653 mate-

670 3697 805 3751 riam
828 3698 1070 3751 eamdem
1094 3696 1419 3752 tractemus?
1441 3698 1768 3764 Quamquam
1790 3695 1930 3748 enim
1955 3694 2114 3747 multa
2138 3703 2260 3747 sunt

662 3788 772 3858 jam
800 3789 961 3852 dicta,
986 3799 1221 3843 attamen
1250 3788 1481 3841 arbitror
1504 3802 1597 3840 vos
1619 3787 1695 3839 sic
1714 3785 1930 3840 aﬁ'ectos
1957 3795 2014 3839 ut
2036 3786 2261 3853 cupiatis

665 3880 853 3935 iisdem
884 3883 951 3935 de
983 3882 1141 3935 rebus
1168 3882 1359 3936 iterum
1386 3878 1828 3933 audire.'Etenim
1853 3880 1941 3948 qui
1970 3893 2074 3931 non
2101 3880 2257 3933 satia-

667 3980 755 4025 tur
782 3986 964 4025 amorc
992 3987 1115 4037 erga
1146 3971 1347 4037 Jesum,
1375 3972 1419 4024 is
1449 3984 1547 4024 nec
1576 3983 1829 4037 umquam
1860 3969 2136 4042 satjabitur
2164 3985 2258 4037 pu-

663 4078 766 4130 gna
796 4062 1052 4117 adversus
1082 4077 1175 4116 eos
1204 4070 1468 4129 suscepta,
1503 4059 1591 4131 qui
1620 4059 1800 4114 Jesum
1831 4059 2076 4114 oderunt.
2112 4060 2256 4113 Prm-

662 4161 805 4207 terea
832 4162 1010 4207 autem
1038 4153 1191 4206 nobis
1220 4153 1307 4205 hic
1332 4166 1512 4205 sermo
1541 4150 1875 4205 necessarius
1910 4158 1993 4204 est
2026 4168 2039 4204 :
2066 4165 2255 4218 super-

660 4252 785 4298 sunt
813 4245 954 4299 enim
995 4244 1169 4297 adhuc
1209 4243 1463 4296 festorum
1508 4242 1811 4296 Judaaorum
1854 4241 2108 4311 reliquiae.
2151 4241 2256 4295 Sed

660 4334 1109 4404 quemadmodum
1139 4333 1345 4385 illorum
1372 4332 1512 4385 tuba:
1532 4332 2089 4387 multosceleratiores
2107 4344 2259 4385 erant

668 4425 735 4479 iis
764 4439 882 4494 qua:
913 4433 1103 4478 sonant
1132 4426 1183 4477 in
1214 4424 1454 4487 theatris,
1484 4434 1531 4477 et
1559 4422 1759 4493 jejunia
1788 4424 1973 4492 quavis
1999 4423 2257 4477 ebrietate

668 4524 726 4570 et
770 4517 1158 4570 comessatione
1206 4526 1356 4569 crant
1405 4516 1636 4585 turpiora
1670 4534 1682 4569 :
1716 4517 1784 4571 ita
1828 4526 1882 4571 et
1921 4517 2255 4570 tabernacula

670 4623 787 4677 quae
822 4622 963 4663 nunc
990 4607 1127 4676 apud
1162 4608 1279 4660 illos
1309 4607 1537 4676 ﬁguntur
1562 4648 1575 4671 ,
1604 4609 1771 4661 nihilo
1798 4618 1924 4661 sunt
1954 4609 2254 4661 honestiora

666 4698 995 4759 diversoriis,
1024 4699 1073 4752 in
1100 4698 1292 4767 quibus
1320 4706 1493 4751 scorta
1524 4709 1801 4753 versantur
1824 4714 1885 4752 ac
1909 4698 2155 4752 tibicina).
2182 4698 2256 4751 Ne

662 4792 782 4862 quis
831 4800 1008 4843 autem
1058 4792 1353 4844 orationem
1401 4791 1537 4845 hanc
1580 4792 1816 4847 audacia:
1856 4790 2090 4846 damnet.
2123 4791 2253 4844 Nam

665 4898 829 4937 ausus
852 4892 935 4937 est
958 4892 1231 4936 extremus
1256 4896 1569 4951 summaque
1594 4883 1843 4952 iniquitas
1866 4897 2020 4937 secus
2046 4881 2112 4937 de
2140 4883 2255 4935 istis

661 4974 896 5045 opinari.
914 4974 1047 5027 Cum
1076 4974 1216 5027 enim
1240 4973 1496 5027 adversus
1520 4976 1682 5027 Deum
1709 4976 2029 5029 contendant
2054 4990 2114 5028 ac
2136 4976 2255 5044 Spi-

663 5062 786 5118 ritui
819 5072 1003 5117 saneto
1035 5063 1314 5127 resistant,
1343 5079 1438 5117 cur
1469 5081 1573 5117 non
1607 5067 1761 5119 talem
1789 5066 1855 5119 de
1885 5068 1988 5119 illis
2018 5065 2252 5120 feranms

661 5154 1022 5207 sententiam?
1050 5154 1176 5223 Erat
1212 5154 1336 5207 olim
1380 5154 1481 5207 hoc
1521 5152 1711 5208 festum
1756 5156 2060 5210 venerabile
2085 5198 2099 5217 .
2133 5172 2251 5209 cum

660 5246 808 5315 juxta
851 5246 1023 5315 legem
1061 5237 1243 5316 ﬁci-et,
1289 5246 1487 5315 Deique
1520 5247 1707 5316 jussu;
1754 5263 1895 5301 nunc
1931 5259 2107 5302 autem
2149 5266 2251 5301 non

666 5337 895 5406 amplius
917 5355 930 5401 ;
956 5352 1076 5390 nam
1109 5315 1225 5389 tofa'
1245 5338 1381 5390 illius
1408 5315 1636 5406 dignitas
1662 5338 1871 5392 sublata
1897 5348 1999 5404 est,
2023 5354 2088 5392 eo
2113 5340 2253 5407 quod

665 5442 851 5486 contra
886 5432 977 5485 Dei
1021 5424 1269 5485 mentem
1294 5430 1610 5484 celebratur.
1640 5430 1845 5499 Quique
1876 5430 2107 5485 maxime
2138 5431 2252 5484 vio-

678 5526 788 5577 lant
814 5524 982 5592 legem
1015 5524 1293 5592 priscaque
1323 5522 1475 5587 festa,
1508 5523 1541 5575 ii
1571 5526 1804 5579 maxime
1833 5526 2067 5578 omnium
2095 5536 2247 5587 sunt,

662 5614 751 5683 qui
780 5629 921 5669 nunc
953 5614 1196 5669 videntur
1221 5628 1282 5666 ea
1306 5613 1595 5667 celebrare.
1620 5615 1689 5669 At
1710 5630 1805 5668 nos
1826 5616 2053 5670 maxime
2080 5616 2252 5685 legem

666 5722 980 5761 veneramur
1000 5747 1014 5769 ,
1045 5706 1134 5775 qni
1162 5722 1277 5759 eam
1307 5706 1451 5759 velut
1480 5705 1746 5760 hominem
1775 5707 1923 5761 senio
1952 5706 2251 5761 confectum

662 5800 940 5871 quiescere
964 5799 1212 5865 sinimus,
1242 5812 1338 5851 nec
1363 5798 1411 5851 in
1442 5797 1667 5852 stadium
1702 5800 2079 5869 protrahimus,
2106 5810 2249 5869 post-

2370 3431 2596 3486 eaquam
2629 3416 2883 3481 incanuit,
2910 3430 3079 3486 neque
3107 3417 3288 3471 alieno
3314 3426 3553 3486 tempore
3579 3426 3788 3472 certare
3811 3432 3960 3472 com-

2366 3510 2631 3577 pellimus.
2652 3507 2802 3562 Nunc
2823 3509 2963 3562 enim
2979 3524 3197 3563 necesse
3213 3509 3345 3578 legis
3363 3517 3570 3579 tempus
3588 3551 3603 3573 ,
3625 3526 3725 3564 nec
3742 3520 3961 3565 vetusta

2365 3600 2657 3669 religionis,
2683 3600 2814 3654 satis
2834 3609 2960 3655 ante
2977 3600 3459 3654 demonstravimus
3483 3618 3495 3654 :
3521 3616 3619 3671 age
3636 3602 3797 3671 igitur
3815 3605 3957 3671 quod

2370 3699 2618 3760 superest
2643 3690 2800 3745 hodie
2826 3692 3172 3745 excutiamus.
3197 3690 3337 3745 Satis
3360 3691 3573 3760 quidem
3598 3701 3732 3753 erat,
3760 3702 3818 3745 ut
3840 3708 3961 3746 cum

2362 3798 2428 3836 ex
2473 3783 2748 3853 prophetis
2790 3784 3036 3837 omnibus
3088 3783 3584 3847 demonstrassem,
3630 3784 3773 3851 quod
3824 3800 3963 3838 nunc

2365 3884 2518 3929 extra
2542 3875 2925 3945 .lerosolymam
2955 3875 3059 3929 tale
3082 3875 3351 3943 quippiam
3380 3874 3576 3939 facere,
3602 3876 3962 3944 transgressio

2363 3966 2496 4035 legis
2523 3967 2591 4021 sit
2616 3978 2670 4020 et
2707 3966 2974 4034 impietas,
3000 3967 3144 4019 omni
3176 3966 3357 4021 labore
3384 3966 3608 4019 levarer.
3637 3964 3769 4019 Nam
3798 3966 3841 4020 si
3872 3981 3963 4019 ve—

2364 4072 2479 4110 rum
2498 4066 2661 4121 esset,
2685 4056 2827 4126 quod
2845 4057 2926 4110 isti
2941 4072 3153 4125 semper
3172 4056 3639 4125 ubiquejactantes
3657 4058 3961 4123 musSitant,

2363 4147 2594 4201 futurum
2635 4157 2690 4201 ut
2718 4147 2983 4201 civitatem
3012 4146 3187 4205 denuo
3217 4147 3518 4215 recipiant,
3551 4162 3619 4201 ne
3645 4149 3723 4203 sic
3747 4149 3960 4218 quidem

2363 4242 2569 4309 possint
2596 4256 2623 4293 a
2654 4241 2865 4295 violata:
2894 4241 3022 4308 legis
3052 4239 3274 4294 crimine
3303 4238 3516 4294 liberari
3548 4256 3561 4292 :
3592 4250 3827 4295 attamen
3857 4258 3959 4296 nos

2362 4349 2427 4387 cx
2453 4334 2741 4387 abundanti
2768 4333 2870 4387 hoc
2899 4348 3112 4402 quoque
3142 4332 3661 4397 demonstravimus,
3691 4333 3831 4402 quod
3861 4350 3961 4389 nec

2361 4425 2547 4477 civitas
2574 4424 2641 4477 sit
2671 4423 3039 4489 instauranda,
3064 4438 3235 4492 neque
3261 4423 3491 4491 priscum
3522 4424 3826 4492 reipublica:
3852 4433 3961 4479 sta-

2363 4527 2471 4570 tum
2506 4519 2613 4571 sint
2644 4517 2927 4585 recepturi.

2430 4608 2635 4663 Iudaici
2667 4610 2792 4662 ritus
2817 4609 3065 4678 abrogati.
3089 4633 3159 4647 -ι
3183 4610 3291 4661 lloc
3329 4614 3507 4660 autem
3550 4605 3925 4660 demonstrato
3944 4651 3957 4667 .

2361 4703 2560 4772 reliqua
2592 4704 2767 4757 omnia
2797 4703 2846 4755 in
2877 4700 3125 4756 confesso
3150 4708 3295 4764 sunt,
3326 4699 3577 4754 videlicet
3605 4698 3751 4769 quod
3780 4714 3954 4768 neque

2358 4796 2742 4849 sacriliciorum
2772 4794 2924 4857 ritus,
2950 4806 3123 4861 neque
3150 4791 3606 4853 holocaustorum,
3634 4805 3807 4859 neque
3832 4790 3957 4859 legis

2358 4888 2438 4940 vis
2462 4929 2474 4950 ,
2510 4902 2612 4941 nec
2636 4887 2735 4940 alia
2773 4900 2896 4955 pars
2926 4886 3031 4938 ulla
3058 4894 3228 4937 status
3259 4884 3396 4936 illius
3421 4882 3722 4937 consistere
3746 4884 3956 4951 poterit.

2360 4980 2593 5033 Primum
2620 4980 2762 5033 enim
2792 4974 3043 5049 princepit
3072 4964 3177 5040 lex,
3209 4985 3265 5029 ut
3296 4984 3377 5029 ter
3404 4975 3461 5045 in
3487 4990 3633 5028 anno
3658 4989 3820 5029 omne
3850 4991 3958 5027 ma-

2360 5072 2620 5125 sculinum
2650 5070 2965 5125 ascenderet
2992 5070 3043 5123 in
3074 5069 3325 5137 templum
3351 5066 3547 5135 (Exod.
3574 5067 3666 5119 25.
3700 5066 3815 5133 i7).
3842 5066 3958 5120 Cse-

2358 5172 2530 5216 terum
2555 5164 2769 5232 tlejecto
2812 5161 3009 5228 templo
3036 5203 3050 5223 ,
3080 5160 3183 5213 hoc
3213 5158 3325 5213 ﬁeri
3356 5159 3555 5227 nequit.
3588 5156 3795 5211 Rursus
3822 5171 3956 5224 pra:-

2359 5261 2593 5319 ceperat,
2630 5263 2686 5306 ut
2712 5252 2801 5322 qui
2832 5252 3093 5322 proﬂuvio
3119 5251 3339 5305 seminis
3368 5250 3660 5310 laborat-et,
3692 5248 3784 5318 qui
3810 5247 3956 5317 lepra

2360 5344 2753 5398 contaminatus
2796 5353 2979 5407 esset,
3012 5357 3128 5411 qua:
3158 5351 3431 5395 menstruo
3468 5338 3611 5392 ﬂuxu
3647 5348 3919 5393 teneretur
3942 5380 3956 5396 .

2357 5451 2473 5504 qua:
2504 5436 2831 5504 peperisset,
2865 5434 3081 5487 olferret
3105 5432 3362 5486 sacriﬁcia
3392 5430 3409 5500 (
3434 5428 3593 5483 Levit.
3635 5430 3700 5486 15
3726 5430 3767 5500 ).
3800 5431 3957 5500 Atqui

2358 5542 2457 5581 nec
2488 5525 2589 5580 hoc
2620 5525 2732 5580 ﬁeri
2760 5538 2937 5595 potest
2963 5568 2976 5588 ,
3006 5540 3127 5580 cum
3159 5524 3298 5579 desit
3328 5523 3479 5577 locus
3501 5561 3518 5587 ,
3556 5538 3657 5576 nec
3684 5532 3861 5577 exstet
3886 5525 3957 5577 al-

2361 5628 2496 5671 tare.
2524 5618 2693 5674 Jussit
2718 5619 2835 5673 cani
2864 5633 3047 5673 sacros
3076 5618 3322 5688 hymnos,
3350 5625 3405 5672 et
3432 5616 3534 5669 hoc
3564 5626 3691 5683 ante
3719 5615 3960 5672 declara-

2360 5712 2531 5763 vimns
2561 5720 2671 5763 tum
2700 5710 2800 5764 loci
2831 5710 3037 5764 ratione
3067 5710 3275 5775 vetari,
3308 5718 3415 5762 tum
3445 5722 3473 5760 a
3502 5708 3784 5777 pr0pbetis
3807 5708 3959 5761 dam-

2360 5802 2470 5856 nari
2501 5844 2514 5868 ,
2566 5802 2937 5858 accusantibus
2984 5802 3104 5857 illos
3147 5816 3210 5857 ac
3257 5800 3561 5857 dicentibus
3587 5842 3604 5861 .
3649 5800 3792 5872 quod
3837 5802 3961 5856 toris
