4142 6332
259 387 371 445 915

251 504 405 568 τότε,
436 503 524 556 ὅτε
562 501 630 555 τὰ
664 502 934 576 χερουϐὶμ
971 495 1061 575 ἦν,
1092 500 1181 555 ὅτε
1216 503 1251 575 ή
1283 503 1536 569 κιϐωτὸς,
1577 502 1730 576 [661]
1760 504 1849 558 ὅτε

256 587 343 640 ἔτι
396 584 713 654 Πνεύματος
763 585 993 657 ἐπήνθει
1021 584 1201 655 χάρις,
1242 584 1336 639 νῦν
1363 585 1464 656 μὲν
1503 586 1717 654 ἔλεγεν,
1768 587 1847 639 ὅτι

272 666 636 736 Ἐποιήσατε
668 669 858 721 αὐτὸν
882 667 1193 736 σπήλαιον
1226 667 1496 735 λῃστῶν,
1527 668 1621 723 νῦν
1645 669 1701 723 δὲ
1721 710 1736 734 ,
1767 670 1849 723 ὅτι

252 745 444 804 Οἷκον
475 749 782 818 ἐμπορίου,
807 749 896 803 διὰ
922 750 1025 813 τὰς
1054 748 1399 820 παρανομίας
1424 750 1604 805 αὐτῶν
1627 752 1721 804 καὶ
1751 751 1849 807 τὰς

255 833 575 903 μιαιφονίας
593 848 606 862 ·
639 830 735 885 νῦν
759 832 847 885 ὅτε
873 832 1073 895 αὐτοὺς
1106 834 1139 903 ἡ
1162 831 1256 887 τοῦ
1306 832 1625 905 Πνεύματος
1653 835 1819 903 ἐγκασι

246 914 413 968 έλιπε
440 916 617 986 χάρις,
637 915 732 967 καὶ
760 914 937 968 πάντα
967 916 1150 968 ἐκεῖνα
1178 914 1445 986 ἀνῄρηται
1466 915 1533 969 τὰ
1562 916 1752 986 σεμνά,
1771 916 1847 989 τῷ

248 996 379 1070 θεῷ
409 997 834 1073 φιλονεικοῦντες
862 1011 909 1064 ξι,
944 1000 1045 1069 τὴν
1079 1000 1393 1070 παράνομον
1426 998 1632 1071 ταύτην
1661 1001 1845 1053 ἐπιτε-

250 1081 411 1135 λοῦσι
441 1081 716 1153 λατρείαν,
749 1083 800 1135 τί
825 1080 891 1135 άν
919 1100 1003 1145 τις
1029 1081 1344 1152 προσειπὼν
1390 1082 1491 1146 τὰς
1524 1084 1845 1153 συναγωγὰς

253 1165 440 1219 αὐτῶν
466 1167 495 1207 b
518 1206 534 1229 ,
571 1165 729 1230 ἀξίαν
780 1165 932 1219 ἐσται
976 1164 1228 1237 εὑρηκὼς
1262 1168 1613 1239 ἐπωνυμίαν;
1643 1168 1705 1219 Et
1736 1167 1844 1239 γὰρ

250 1248 379 1302 τότε
422 1250 684 1321 σπήλαιον
738 1249 951 1321 λῃστῶν
984 1246 1074 1321 ἦν,
1110 1250 1204 1302 ὅτε
1232 1250 1311 1302 ἐτι
1342 1252 1411 1305 τά
1444 1252 1544 1321 τῆς
1568 1251 1843 1316 πολιτείας

246 1331 501 1403 ἐκράτει,
524 1330 619 1385 νῦν
652 1330 753 1385 κᾶν
789 1335 1059 1402 πορνεῖον,
1095 1331 1197 1385 κᾶν
1247 1334 1595 1404 παρανομίας
1620 1334 1840 1404 χωρίον,

245 1414 362 1467 κᾶν
390 1415 660 1486 δαιμόνων
713 1414 1085 1485 καταγώγιον,
1128 1415 1233 1469 κᾶν
1276 1415 1524 1470 διαϐόλου
1561 1419 1842 1488 φρούριον,

242 1497 359 1551 ,κᾶν
381 1497 566 1568 ψυχῶν
600 1498 841 1570 ὄλεθρον,
868 1498 973 1552 κᾶν
1019 1499 1295 1562 ἀπωλείας
1330 1500 1551 1570 ἁπάσης
1597 1500 1841 1571 κρημνὸν

242 1581 352 1635 καὶ¹
382 1580 677 1653 βάραθρον,
709 1582 814 1636 κᾶν
843 1581 1021 1635 ὁτιοῦν
1044 1600 1130 1647 τις
1157 1584 1428 1654 προσείπῃ
1453 1622 1467 1645 ,
1499 1583 1718 1637 ἔλαττον
1741 1584 1840 1653 τῆς

244 1664 410 1729 ἀξίας
429 1657 563 1737 ἐρεῖ.
599 1666 743 1720 Ναὸν
772 1666 1057 1736 ἐπιθυμεῖς
1090 1666 1246 1732 ίδεῖν;
1286 1666 1359 1736 μὴ
1395 1667 1605 1738 δράμῃς
1636 1669 1716 1731 είς
1742 1666 1839 1739 τὴν

248 1748 600 1819 συναγωγὴν,
631 1748 767 1802 άλλά
791 1749 949 1819 γενοῦ
976 1751 1040 1803 σὺ
1071 1750 1219 1813 ναός.
1252 1750 1389 1803 Ἕνα
1420 1750 1637 1803 καθεῖλε
1656 1751 1783 1804 ναὸν
1810 1753 1840 1804 6

238 1831 387 1896 Θεὸς
411 1833 467 1886 ἐν
494 1831 906 1904 Ἰεροσολύμοις,
934 1833 1028 1886 καὶ
1059 1832 1286 1904 μυρίους
1307 1832 1603 1903 ἀνέστησεν
1628 1834 1838 1887 ἐκείνου

248 1914 436 1985 πολλῷ
486 1915 873 1987 σεμνοτέρους·
935 1916 1132 1984 Ὑμεῖς
1178 1915 1289 1987 γὰρ
1329 1917 1475 1981 ναὸς
1519 1916 1666 1969 Θεοῦ
1702 1916 1843 1971 ἐστε

238 1996 490 2063 ζῶντος,
518 1998 670 2069 φησί.
708 1996 1068 2052 Καλλώπισον
1119 1998 1325 2068 ταύτην
1362 1998 1461 2069 τὴν
1503 1999 1701 2063 οἰκίαν,
1736 2000 1843 2051 ἀπ-

240 2079 444 2134 ἐλασον
477 2081 653 2135 πάντα
672 2080 933 2151 λογισμὸν
972 2080 1229 2152 πονηρὸν,
1279 2081 1364 2133 ἵνα
1398 2080 1530 2153 γένῃ
1559 2080 1717 2151 μέλος
1746 2081 1838 2134 τοῦ

245 2161 490 2231 Χριστοῦ
519 2162 719 2232 τίμιον,
751 2164 837 2215 ἵνα
863 2162 997 2237 γένῃ
1025 2164 1150 2227 ναὸς
1177 2162 1272 2216 τοῦ
1302 2164 1441 2216 Πνεύ
1454 2181 1623 2234 ματος
1642 2179 1655 2192 ·
1680 2164 1835 2232 ποίη-

247 2258 347 2296 σον
376 2245 473 2298 καὶ
520 2246 742 2317 ἐτέρους
781 2246 1077 2310 τοιούτους.
1132 2248 1243 2299 Καὶ
1288 2247 1541 2317 καθάπερ
1597 2247 1837 2317 πένητας

238 2326 487 2396 ὁρῶντες
518 2329 618 2381 οὐκ
647 2329 713 2383 ἂν
738 2329 1151 2401 παραδράμοιτε
1183 2329 1402 2400 ῥᾳδίως,
1434 2329 1577 2382 οὕτω
1607 2328 1702 2381 καὶ
1743 2326 1834 2382 τὸν

244 2411 344 2463 ἐπὶ
375 2410 474 2481 τὴν
501 2414 827 2484 συναγωγὴν
857 2413 1117 2487 τρέχοντα
1148 2412 1361 2483 βλέπων
1384 2455 1399 2479 ,
1454 2412 1529 2484 μὴ
1575 2411 1832 2483 παρίδῃς,

242 2491 363 2544 ἀλλ’
397 2493 585 2563 ὥσπερ
617 2494 819 2565 χαλινῷ
846 2514 951 2548 τινι
988 2495 1065 2565 τῷ
1099 2496 1241 2566 λόγῳ
1290 2496 1576 2565 κατασχὼν
1619 2497 1698 2557 είς
1732 2494 1833 2565 τὴν

256 2574 590 2645 Ἐκκλησίαν
622 2579 958 2646 ἐπανάγαγε.
985 2580 1132 2647 Αὕτη
1161 2567 1361 2631 πλείων
1384 2568 1599 2647 ἐκείνης
1626 2577 1659 2647 ἡ
1689 2576 1838 2647 ἐλεη-

237 2658 478 2730 μοσύνη,
519 2660 614 2713 καὶ
639 2661 849 2731 μυρίων
880 2661 1161 2715 ταλάντων
1199 2658 1383 2731 μεῖζον
1414 2660 1475 2713 τὸ
1498 2657 1832 2731 κέρδος.Καὶ

308 2822 459 2890 ’.Δίίί
500 2827 667 2888 σεμνά,
690 2828 759 2889 τῷ
784 2830 893 2889 Θεῷ
927 2824 1345 2890 φειλονεικοῦντες,
1365 2830 1505 2875 uolat
1527 2823 1696 2874 Monlf.
1735 2822 1825 2883 qui

236 2885 371 2988 {egit
393 2885 669 2962 perpei‘an‘l,
690 2885 839 2962 σεμνὰ
858 2885 945 2937 καί
956 2892 1026 2953 τῷ
1060 2891 1119 2937 Θ.
1147 2890 1276 2953 φίλα,
1300 2889 1386 2946 τὴν
1404 2903 1461 2935 π.

364 2949 509 2988 nens!
532 2950 688 2988 αὐτων
707 2965 756 2988 ιη
784 2965 958 2988 ηητρτη
992 2964 1105 2988 mcc,

361 2949 515 2999 Deest
532 2950 688 3001 αὐτῶν
707 2949 758 3000 in
780 2965 871 3007 nov
880 2965 960 3000 em
992 2949 1134 3007 mss..

1372 386 1740 443 ADVERSUS
1787 387 2103 446 ΙΒΒᾹΞΟΒ.
2152 388 2264 444 \‘ll.

3437 392 3541 449 916

1950 504 2004 558 τί
2032 504 2177 574 λέγω
2226 502 2440 576 μυρίων
2469 500 2781 565 ταλάντων;
2817 497 3033 553 καὶτοῦ
3087 498 3295 569 κόσμου
3338 500 3543 565 παντὸς

1948 587 2044 641 τοῦ
2064 585 2413 657 φαινομένου,
2443 584 2565 638 ἐπεὶ
2585 582 2681 637 καὶ
2710 584 2738 635 6
2761 580 3048 652 ἄνθρωπος
3068 579 3160 633 τοῦ
3182 580 3388 652 κόσμου
3408 601 3543 638 παν-

1948 670 2039 735 τὸς
2068 668 2430 740 τιμιώτερος·
2471 665 2561 720 διά
2592 664 2703 737 γὰρ
2739 665 2901 719 αὐτὸν
2932 664 3027 726 καὶ
3066 664 3297 734 οὐρανὸς
3335 667 3429 720 καὶ
3466 667 3540 738 γῆ

1948 753 2044 807 καὶ
2080 752 2326 806 θάλασσα
2353 750 2567 819 γέγονε,
2600 744 2696 801 καί⁵
2721 746 2991 819 ἤλιος,καὶ
3027 747 3279 817 ἀστέρες.
3324 748 3542 819 Ἐννόη-

1949 852 2042 889 σον
2069 834 2249 889 τοίνυν
2276 837 2339 887 τδ
2360 832 2576 902 ἀξίωμα
2605 830 2700 884 τοῦ
2736 829 3043 900 σωζομένου
3067 872 3081 897 ,
3133 831 3228 883 καὶ
3267 829 3340 901 μὴ
3374 848 3544 883 κατα·

1947 920 2224 990 φρονήσῃς
2248 916 2413 971 αὑτοῦ
2446 917 2543 987 τῆς
2564 914 2908 984 ἐπιμελείας.
2943 913 3063 967 Κᾶν
3104 912 3215 983 γὰρ
3262 914 3434 986 μυρία
3456 932 3542 979 τις

1947 1002 2233 1075 καταϐάλῃ
2262 1002 2541 1072 χρήματα,
2571 998 2722 1051 οὐδὲν
2738 995 2978 1049 τοιοῦτον
3013 996 3330 1068 ἐργάζεται,
3365 999 3488 1051 ὅσον
3511 1000 3541 1051 6

1945 1083 2124 1155 ψυχὴν
2151 1082 2452 1148 διασώζων,
2472 1082 2565 1135 καὶ
2589 1080 2800 1157 πλάνης
2818 1080 3070 1148 ἀπάγων,
3103 1081 3198 1133 καὶ
3226 1080 3361 1151 πρὸς
3386 1081 3541 1133 εὐσέ-

1950 1166 2504 1239 ϐειανχειραγωγῶν,
2551 1166 2608 1217 '0
2632 1164 2821 1233 πένητι
2843 1162 2965 1225 δοὺς
2988 1162 3145 1232 λιμὸν
3168 1163 3377 1227 ἔλυσεν,
3394 1166 3422 1217 ὁ
3448 1164 3540 1220 τὸν

1960 1249 2315 1315 Ἰουδαῖζοντα
2337 1247 2632 1317 διορθώσας
2656 1247 2912 1300 ἀσέϐειαν
2937 1247 3141 1300 ἀνεῖλεν
3162 1263 3174 1276 ·
3210 1248 3414 1311 ἐκεῖνος
3439 1266 3539 1300 πε-

1944 1333 2063 1387 νίαν
2088 1332 2540 1403 παρεμυθήσατο,
2557 1326 2711 1394 οὗτος
2741 1331 3091 1400 παρανομίαν
3108 1330 3335 1403 ἔστησεν
3357 1349 3369 1360 ·
3394 1334 3538 1385 ἐκεῖ·
3622 1388 3633 1389 γ

1943 1434 2031 1478 νος
2050 1416 2112 1469 τὸ
2145 1418 2304 1486 σῶμα
2337 1415 2531 1484 ὀδύνης
2564 1412 2896 1484 ἀπήλλαξεν,
2930 1404 3084 1475 οὗτος
3107 1415 3199 1465 καὶ
3228 1413 3325 1484 τὴν
3357 1415 3534 1485 ψυχὴν

1941 1499 2043 1566 τῆς
2073 1500 2298 1569 γεέννης
2342 1496 2675 1569 ἐξήρπασεν.
2713 1494 2931 1559 Ἔδειξα
2979 1495 3071 1547 τὸν
3108 1495 3403 1566 θησαυρὸν,
3459 1500 3533 1567 μὴ

1942 1582 2187 1650 προδῶτε
2217 1582 2277 1635 1b
2299 1582 2511 1652 κέρδος.
2550 1580 2664 1633 Οὐκ
2698 1578 2844 1631 ἔστιν
2880 1577 3112 1631 ἐνταῦθα
3145 1580 3334 1631 πενίαν
3360 1582 3525 1634 αἰτιά-

1944 1664 2158 1728 σασθαι,
2198 1665 2301 1716 οὐκ
2345 1664 2460 1716 ἐστι
2495 1661 2767 1732 πτωχείαν
2810 1661 3217 1732 προϐαλέσθαι·
3270 1664 3533 1732 ῥημάτων

1926 1747 2088 1809 Δἐστὶν
2117 1749 2151 1818 ἡ
2199 1746 2431 1819 δαπάνη,
2461 1746 2636 1814 λόγων
2667 1746 2783 1798 ἐστὶ
2809 1745 2870 1797 τὸ
2895 1744 3179 1814 ἀνάλωμα.
3224 1747 3315 1816 Μὴ
3354 1748 3533 1802 τοίνυν

1939 1831 2389 1901 κατοκνήσωμεν,
2444 1828 2580 1893 ἀλλ’,
2633 1831 2734 1898 ὅση
2787 1829 2989 1899 σπουδὴ
3027 1839 3050 1867 ο
3087 1833 3181 1883 καὶ
3231 1830 3530 1901 προθυμία.

1940 1916 2066 1978 τοὺς
2095 1914 2358 1983 ἀδελφοὺς
2385 1914 2740 1985 θηρεύσωμεν
2766 1912 2891 1976 τοὺς
2909 1913 3234 1984 ἡμετέρους,
3262 1914 3534 1968 καὶάκον-

1940 2014 2040 2061 τας
2071 2000 2151 2061 είς
2179 1999 2281 2061 τάς
2334 1997 2513 2061 οἰκίας
2543 1997 2642 2060 τὰς
2694 1997 2902 2050 ἑαυτῶν
2932 1997 3129 2059 αὐτοὺς
3180 1996 3530 2061 ἑλκύσαντες.

1941 2071 2164 2151 ἄριστον
2198 2080 2568 2151 παραθῶμεν,
2597 2081 2691 2133 καὶ
2725 2078 3006 2153 τραπέζης
3043 2080 3229 2141 αὐτοῖς
3271 2084 3532 2150 κοινωνή-

1943 2182 2125 2236 σωμεν
2172 2166 2431 2236 σήμερον,
2468 2165 2554 2218 ἵνα
2584 2166 2672 2218 ἐπ’
2723 2165 2877 2235 ὄψεσι
2929 2167 3050 2228 ταῖς
3076 2166 3379 2236 ἡμετέραις
3432 2166 3529 2235 τὴν

1937 2247 2194 2317 νηστείαν
2220 2247 2498 2311 λύσαντες,
2530 2246 2622 2300 καὶ
2659 2247 3033 2318 πληροφορίαν
3068 2250 3199 2318 ἡμῖν
3226 2249 3318 2301 καὶ
3345 2249 3529 2302 πίστιν

1940 2329 2127 2399 ἱκανὴν
2154 2330 2527 2400 παρασχόντες
2561 2329 2661 2398 τῆς
2698 2331 2873 2400 καλῆς
2916 2328 3118 2401 ταύτης
3152 2330 3526 2400 διορθώσεως,

1937 2412 2031 2466 καὶ
2063 2413 2275 2475 ἑαυτοῖς
2302 2413 2396 2465 καὶ
2419 2413 2550 2481 ἡμῖν
2585 2413 2695 2465 τῶν
2726 2413 2963 2466 αἰωνίων
2992 2414 3217 2482 ἀγαθῶν
3259 2415 3527 2481 γένωνται

1935 2494 2207 2566 πρόξενοι,
2239 2495 2422 2565 χάριτι
2452 2496 2545 2548 καὶ
2582 2494 2967 2567 φιλανθρωπίᾳ
2998 2496 3093 2548 τοῦ
3122 2498 3327 2567 Κυρίου
3369 2497 3527 2568 ήμῶν

1949 2576 2123 2646 Ἰησοῦ
2152 2577 2411 2648 Χριστοῦ,
2443 2578 2509 2630 δι’
2541 2572 2601 2630 οὗ
2633 2580 2725 2631 καὶ
2756 2578 2873 2647 μεθ’
2904 2575 2963 2632 οὗ
2990 2578 3068 2648 τῷ
3111 2580 3287 2649 Πατρὶ
3316 2582 3348 2651 ἡ
3375 2580 3525 2644 δόξα,

1937 2658 2055 2730 ἅμα
2082 2658 2159 2729 τῷ
2186 2660 2325 2727 ἁγίῳ
2375 2660 2689 2729 Πνεύματι,
2738 2661 2833 2714 νῦν
2888 2664 2983 2715 καὶ
3020 2663 3127 2727 ἀεὶ,
3170 2664 3264 2716 καὶ
3293 2666 3371 2726 είς
3400 2664 3527 2726 τοὺς

1938 2742 2147 2805 αίῶναςο
2166 2743 2273 2796 τῶν
2301 2743 2531 2798 αἰώνων.
2584 2746 2778 2815 Ἀμήν.

2002 2884 2151 2954 f_S_ex
2179 2899 2292 2933 mss.
2318 2886 2469 2954 ﬁliai;
2497 2886 2629 2954 πάσῃ
2676 2888 2877 2954 σπουδῇ.
2940 2886 3221 2954 (Legebalur
3264 2902 3523 2952 perperam

1942 2946 2047 2997 ἀλλ’
2070 2948 2159 3009 ὅσῃ
2186 2948 2370 3009 σπουδῇ
2394 2948 2475 2995 καὶ
2497 2946 2769 3013 προθιιμία.)

1306 3254 1607 3351 ΚΑΤΑ
1680 3253 2245 3343 ΙΟΥΔΑΙΩΝ.
2302 3249 2451 3322 [(⁵6⁸³]

734 3572 739 3577 -
784 3541 972 3610 Λόγος
1006 3540 1280 3610 ἕϐδομος.

307 3700 531 3775 α⁹.¹Ἀρα
552 3704 709 3777 κόρον
726 3704 948 3758 ἐλάϐετε
961 3706 1059 3775 τῆς
1084 3705 1219 3776 πρὸς
1248 3705 1531 3768 Ἰουδαίους
1557 3707 1733 3777 μάχης
1755 3724 1767 3768 ;
1788 3707 1819 3778 ἢ

232 3788 494 3862 βούλεσθε
528 3788 621 3841 καὶ
643 3789 881 3858 σήμερον
906 3788 1003 3858 τῆς
1026 3788 1197 3858 αὐτῆς
1224 3788 1532 3852 ὑποθέσεως
1558 3789 1822 3861 ἁψώμεθα

233 3872 438 3937 πάλιν;
475 3872 537 3923 El
569 3870 678 3941 γὰρ
733 3871 827 3923 καὶ
864 3869 1032 3923 πολλά
1069 3870 1139 3923 τά
1181 3870 1491 3943 ἔμπροσθεν
1532 3873 1820 3945 εἰρημένα,

230 3956 354 4009 ἀλλ’
384 3956 531 4024 ὅμως
557 3956 701 4026 ὑμᾶς
726 3954 1009 4024 ἐπιθυμεῖν
1028 3949 1179 4024 οἶμαι
1203 3956 1301 4025 τῆς
1317 3956 1486 4025 αὐτῆς
1506 3958 1822 4027 ἀκροάσεως

227 4039 422 4093 πάλιν.
463 4039 522 4089 '0
550 4038 657 4109 γάρ
692 4039 789 4108 τῆς
819 4038 898 4100 είς
927 4038 1020 4089 τὸν
1047 4037 1280 4107 Χριστὸν
1306 4040 1526 4108 ἀγάπης
1556 4041 1654 4092 οὐκ
1683 4040 1821 4109 ἔχων

225 4122 423 4193 κόρον,
471 4120 589 4175 οὐδὲ
642 4121 739 4191 τῆς
785 4120 923 4191 πρὸς
951 4121 1076 4183 τοὺς
1112 4121 1408 4191 μισοῦντας
1440 4124 1822 4195 αὑτὸν.μάχης

222 4206 464 4277 λήψεται
489 4205 649 4274 κόρον
666 4203 817 4257 ποτέ.
846 4204 1028 4274 Χωρῖς
1056 4204 1113 4257 δὲ
1140 4204 1366 4268 τούτων,
1386 4205 1481 4259 καὶ
1496 4204 1670 4269 άλλως
1690 4209 1821 4277 ἡμῖν

223 4291 530 4356 ἀναγκαῖος
554 4279 750 4350 οὗτοςὸ
778 4287 963 4355 λόγος’
991 4286 1068 4339 ἔτι
1099 4286 1206 4359 γὰρ
1223 4287 1452 4358 λείψανα
1480 4288 1587 4342 τῶν
1616 4290 1821 4361 ἑορτῶν

218 4372 414 4433 αὐτῶν
444 4371 850 4425 ὑπολέλειπται.
898 4370 1036 4422 Ἀλλ’
1063 4370 1253 4441 ῶσπερ
1289 4372 1468 4425 αὐτῶν
1502 4374 1557 4425 αἱ
1592 4373 1821 4441 σάλπιγ-

220 4473 329 4527 γες
354 4455 462 4509 τῶν
490 4457 674 4517 ἐντοῖς
700 4454 947 4525 θεάτροις
966 4449 1106 4524 ἦσαν
1136 4454 1615 4527 παρανομώτεραι,
1642 4458 1734 4510 καὶ
1763 4458 1820 4510 αἱ

218 4538 478 4610 νηστεῖαι
522 4536 691 4607 μέθης
722 4537 813 4590 καὶ
843 4537 1028 4607 κώμου
1059 4536 1261 4600 παντὸς
1281 4532 1422 4608 ἦσαν
1445 4540 1816 4611 αἰσχρότεραι,

215 4622 376 4675 οὓτω
405 4622 498 4673 καὶ
537 4622 591 4672 αἱ
625 4620 821 4691 σκηναὶ
853 4622 909 4672 αἱ
930 4618 1025 4673 νῦν
1056 4622 1186 4692 παρ’
1220 4621 1402 4675 αὐτῶν
1449 4621 1814 4693 πηγνύμεναι,

213 4704 341 4758 τῶν
363 4702 692 4772 πανδοχείων
718 4702 823 4755 τῶν
859 4704 1064 4773 πόρνας
1094 4704 1327 4773 ἐχόντων
1352 4704 1448 4757 καὶ
1487 4706 1817 4777 αὐλητρίδας

214 4786 385 4841 οὐδὲν
413 4787 635 4856 ἄμεινον
658 4785 976 4840 διάκεινται.
1014 4787 1122 4839 Καὶ
1149 4786 1335 4857 μηδεὶς
1364 4787 1570 4858 τόλμαν
1597 4806 1820 4859 καταγι-

213 4869 486 4927 νωσκέτω
509 4868 604 4922 τοῦ
630 4869 820 4938 λόγου’
846 4870 1020 4941 τόλμα
1051 4871 1160 4941 γὰρ
1190 4870 1392 4941 ἐσχάτη
1438 4872 1531 4924 καὶ
1574 4890 1819 4945 παρανο-

217 4954 332 5027 μία
364 4953 424 5006 τὸ
452 4953 525 5025 μὴ
554 4952 724 5017 οὕτως
747 4953 1071 5007 ὑποπτεύειν
1094 4955 1223 5025 περὶ
1251 4955 1494 5009 ἐκείνων.
1521 4955 1692 5010 Ὅταν
1708 4958 1817 5029 γὰρ

209 5038 307 5109 τῷ
336 5038 457 5109 Θεῷ
507 5036 961 5107 φιλονεικοῦντες,
1005 5040 1099 5091 καὶ
1140 5038 1219 5109 τῷ
1247 5038 1524 5111 Πνεύματι
1555 5040 1635 5111 τῷ
1673 5043 1816 5113 ἀγίῳ

210 5123 646 5185 ἁντιπίπτοντες
675 5122 979 5192 πράττωσι,
1012 5121 1131 5184 πῶς
1155 5122 1215 5174 ού
1245 5123 1353 5195 χρὴ
1395 5123 1651 5195 τοιαύτην
1685 5129 1815 5197 περὶ

211 5207 408 5264 αὐτῶν
430 5206 611 5277 ψῆφον
638 5205 920 5275 ἐκφέρειν;
952 5201 1060 5258 ἸἮν
1090 5222 1220 5259 ποτε
1252 5206 1424 5277 σεμνὴ
1462 5207 1601 5279 αὕτη
1634 5210 1666 5279 ή
1691 5210 1813 5279 ἐορ-

209 5292 315 5364 τὴ,
348 5292 435 5350 ὅτε
466 5290 607 5347 κατά
628 5291 791 5362 νόμον
807 5290 1036 5359 ἐγίνετο,
1065 5290 1273 5343 καὶτοῦ
1305 5290 1439 5344 Θεοῦ
1474 5291 1811 5357 κελεύοντος,

211 5377 345 5434 νυνὶ
374 5376 429 5430 δέ
457 5377 557 5428 οὐκ
572 5374 654 5428 ἔτι
674 5391 685 5404 ⁸
708 5374 769 5427 τὸ
796 5373 903 5445 γάρ
930 5370 1147 5443 ἀξίωμα
1171 5374 1341 5444 αὐτῆς
1368 5376 1514 5429 ἂπαν
1540 5376 1812 5447 ἀνῄρηται

211 5460 304 5531 τῷ
335 5460 487 5532 παρὰ
517 5458 743 5530 γνώμην
763 5456 854 5509 τοῦ
883 5455 1017 5509 Θεοῦ
1049 5457 1315 5525 γίνεσθαι.
1344 5458 1453 5511 Καὶ
1489 5460 1538 5511 οἱ
1575 5461 1810 5529 μάλιστα

211 5540 649 5615 καθυϐρίζοντες
670 5543 763 5600 καὶ
786 5542 878 5595 τὸν
911 5540 1074 5611 νόμον
1095 5541 1189 5594 καὶ
1216 5542 1316 5603 τὰς
1358 5541 1552 5612 ἐορτάς
1578 5543 1674 5607 τὰς
1706 5562 1813 5597 πα-

212 5628 409 5692 λαιάς,
444 5622 589 5682 οὗτοι
632 5628 869 5699 μάλιστα
913 5625 1133 5679 πάντων
1160 5623 1296 5678 εἰσὶν
1326 5625 1374 5677 οἱ
1395 5624 1681 5691 δοκοῦντες
1712 5628 1809 5683 νῦν

212 5712 522 5773 ιπιτελείν·
555 5712 604 5764 οἱ
639 5712 696 5763 δὲ
736 5710 971 5782 μάλιστα
1001 5709 1094 5763 τὸν
1114 5708 1277 5778 νόμον
1315 5708 1582 5779 τιμῶντες
1623 5712 1807 5782 ήμεῖς,

218 5797 274 5851 οι
296 5795 550 5865 καθάπερ
580 5794 930 5865 γεγηρακότα
958 5793 1241 5865 ἄνθρωπον
1279 5792 1676 5861 ἀναπαύοντες,
1716 5802 1812 5854 καὶ

538 5907 811 5969 Ριτιιοι.
864 5910 980 5971 Gn.
1024 5915 1311 5977 XLVIII.

1930 3542 2029 3610 οὐχ
2080 3537 2332 3599 ἕλκοντες
2385 3535 2465 3598 είς
2512 3534 2579 3587 τά
2630 3533 2929 3605 σκάμματα
2966 3536 3106 3605 μετά
3151 3536 3250 3606 τὴν
3306 3538 3516 3601 πολιὰν,

1925 3623 2047 3677 οὐδὲ
2066 3619 2217 3691 παρά
2235 3619 2425 3690 καιρὸν
2442 3618 2805 3683 ἀγωνίζεσθαι
2822 3618 3241 3687 ἀναγκάζοντες.
3266 3622 3385 3674 ’Ότι
3410 3623 3520 3693 γὰρ

1924 3708 2024 3759 οὐκ
2046 3704 2157 3757 ἐστι
2176 3704 2341 3772 νόμου
2363 3702 2554 3773 καιρὸς
2576 3700 2830 3767 νῦν,οὕτε
2849 3705 2946 3772 τῆς
2964 3703 3198 3764 παλαιᾶς
3220 3702 3517 3769 πολιτείας,

1928 3788 2129 3851 ἱκανῶς
2158 3787 2257 3856 μὲν
2280 3786 2374 3838 καὶ
2397 3785 2709 3863 ἔμπροσθεν
2739 3786 3103 3856 ἀπεδείξαμεν
3124 3804 3136 3817 ·
3171 3787 3303 3858 φέρε
3339 3788 3399 3865 δὴ
3425 3793 3517 3843 καὶ

1923 3873 1992 3924 τὰ
2014 3870 2240 3943 λείψανα
2268 3860 2643 3939 γυμνάσωμεν
2665 3870 2731 3940 τή
2744 3887 2808 3939 με
2820 3886 2929 3940 ρον.
2959 3871 3157 3941 Ἤρκει
3191 3872 3287 3938 μὲν
3304 3860 3396 3924 οὖν
3412 3873 3519 3925 δεί-

1926 3954 2093 4019 ξαντα
2148 3953 2235 4006 ὃιά
2257 3952 2366 4005 τῶν
2398 3952 2692 4024 προφητῶν
2732 3954 2988 4007 ἁπάντων
3014 3995 3027 4019 ,
3061 3955 3142 4007 ὅτι
3171 3954 3231 4006 τὸ
3266 3959 3438 4009 ποιεῖν
3462 3975 3516 4011 τι

1923 4038 2163 4091 τοιοῦτον
2194 4037 2297 4102 ἔξω
2331 4036 2437 4089 τῶν
2479 4036 2869 4113 Ἱεροσολύμων
2912 4039 3227 4109 παρανομία
3272 4039 3355 4104 τίς
3398 4043 3516 4097 ἐστι

1926 4123 2018 4175 καὶ
2047 4120 2273 4175 ἀσέϐεια
2298 4162 2311 4185 ,
2349 4120 2692 4190 ἀπηλλάχθαι
2745 4123 3108 4192 πραγμάτων.
3163 4123 3227 4175 Εἰ
3262 4123 3371 4195 γάρ
3420 4129 3518 4181 καὶ⁴

1922 4192 2123 4277 ἀληθὲς
2153 4199 2239 4274 ἦν,
2276 4203 2304 4255 ὃ
2332 4202 2608 4273 πανταχοῦ
2644 4205 3024 4275 κομπάζοντες
3063 4207 3150 4259 ἀεὶ
3192 4192 3514 4278 ψιθυρίζου-

1924 4306 2028 4351 σιν,
2065 4289 2145 4340 ὅτι
2187 4288 2287 4358 τὴν
2321 4286 2476 4339 πόλιν
2511 4282 2905 4362 ’ἀπολήψονται
2957 4289 3139 4355 πάλιν,
3170 4291 3291 4343 οὐδέ
3342 4292 3515 4357 οὕτως

1922 4371 2265 4443 ἀπηλλάχθαι
2310 4370 2419 4423 τῶν
2456 4371 2553 4439 τῆς
2600 4372 2946 4443 παρανομίας
2988 4374 3352 4444 ἐγκλημάτων
3392 4376 3513 4429 ἐδύ-

1921 4471 2099 4528 ναντο.
2131 4453 2278 4524 Πλὴν
2310 4453 2425 4506 ἀλλ’
2453 4455 2615 4525 ἡμεῖς
2642 4457 2704 4507 ἐκ
2724 4454 3041 4526 περιουσίας
3077 4458 3171 4509 καὶ
3202 4457 3361 4510 τοῦτο
3411 4459 3515 4511 ἀπ-

1922 4536 2224 4608 εδείξαμεν,
2253 4538 2331 4589 ὃτι
2364 4536 2487 4590 οὔτε
2517 4538 2880 4608 ἀναστήσεται
2916 4538 3100 4593 λοιπὸν
3130 4541 3359 4611 ἡπόλις,
3388 4539 3512 4593 οὔτε

1921 4620 2288 4690 ἀπολήψονται
2309 4621 2408 4692 τὴν
2438 4621 2646 4674 ἑαυτῶν
2672 4621 2965 4675 πολιτείαν.

1993 4802 2194 4856 Τούτου
2238 4805 2295 4857 δὲ
2348 4805 2794 4876 ἀποδειχθέντος,
2850 4805 2945 4858 καὶ
2992 4806 3061 4859 τὰ
3102 4806 3265 4860 λοιπά
3296 4808 3511 4863 ἅπαντα

1922 4886 2356 4959 συνωμολόγητο,
2392 4882 2503 4942 οἷον
2528 4888 2604 4952 ὡς
2634 4888 2758 4941 οὗτε
2794 4888 2985 4951 θυσίας
3029 4885 3194 4953 εἶδος,
3226 4889 3351 4943 οὔτε
3390 4891 3509 4944 ὁλο-

1920 4968 2267 5032 καυτώσεως,
2292 4971 2391 5042 οὐχ
2417 4973 2449 5043 ή
2482 4971 2573 5025 τοῦ
2596 4972 2761 5043 νόμου
2786 4971 3038 5043 δύναμις,
3071 4973 3170 5025 οὐκ
3190 4972 3317 5026 ἄλλο
3336 4990 3387 5026 τι
3409 4973 3510 5044 τῆς

1920 5051 2194 5115 πολιτείας
2225 5054 2441 5126 ἐκείνης
2469 5056 2659 5126 στῆναι
2684 5056 2990 5127 δυνήσεται.
3020 5055 3244 5125 Πρῶτον
3279 5056 3376 5128 μὲν
3400 5057 3510 5127 γὰρ

1918 5134 2204 5188 ἐκέλευσεν
2232 5136 2260 5187 6
2301 5137 2465 5207 νόμος
2500 5141 2619 5215 τρὶς
2643 5139 2737 5191 τοῦ
2778 5139 3026 5193 ἐνιαυτοῦ
3076 5141 3182 5193 πᾶν
3222 5140 3509 5209 ἀρσενικὸν

1918 5219 1999 5281 εἰς
2035 5218 2125 5272 τὸν
2160 5219 2287 5274 ναὸν
2334 5222 2646 5276 ἀναϐαίνειν
2675 5239 2687 5253 ⁸
2722 5222 2815 5275 τοῦ
2840 5224 2895 5276 δὲ
2930 5222 3060 5277 ναοῦ
3086 5222 3504 5289 καταλυθέντος,

1919 5300 2180 5357 ἀδύνατον
2208 5301 2365 5357 τοῦτο
2392 5305 2666 5371 γενέσθαι.
2694 5306 2849 5360 Μετά
2868 5305 3041 5381 ταῦτα
3060 5306 3219 5359 πάλιν
3244 5307 3507 5360 ἐπέταττε

1916 5383 2006 5436 τὸν
2036 5387 2327 5457 γονορῤυῆ,
2354 5388 2444 5441 τὸν
2474 5388 2694 5459 λεπρὸν,
2723 5388 2823 5459 τὴν
2851 5391 2908 5441 ἐν
2930 5388 3293 5459 καταμηνίοις
3314 5392 3506 5457 γυναί-

1917 5483 2010 5524 κα.
2042 5466 2140 5537 τὴν
2179 5467 2341 5538 λεχῶ,
2372 5470 2562 5536 θυσίας
2587 5472 2883 5544 ἀναφέρειν
2902 5486 2916 5501 '
2958 5472 3229 5526 καὶτοῦτο
3262 5472 3317 5524 δὲ
3345 5471 3506 5527 πάλιν

1916 5548 2200 5616 ἀδύνατον,
2231 5553 2329 5605 ούκ
2356 5553 2506 5618 δντος
2532 5555 2625 5608 τοῦ
2659 5556 2850 5619 τόπου,
2882 5556 3001 5609 οὐδὲ
3025 5555 3120 5608 τοῦ
3164 5555 3347 5626 βωμοῦ
3381 5573 3506 5625 φαι-

1916 5632 2163 5703 νομένου.
2210 5635 2526 5691 Ἐκέλευσεν
2559 5638 2707 5709 ᾄδειν
2742 5641 2921 5711 ἱεροὺς
2949 5639 3179 5710 ὕμνους·
3222 5637 3318 5691 καὶ
3348 5637 3505 5692 τοῦτο

1916 5714 2229 5787 ἔμπροσθεν
2267 5719 2629 5792 ἀπεδείξαμεν
2650 5723 2759 5775 ἀπὸ
2794 5722 2888 5777 τοῦ
2920 5725 3089 5776 τόπου
3132 5721 3503 5791 κωλυόμενον,

1918 5798 2013 5852 καὶ
2047 5801 2174 5864 τοὺς
2218 5806 2504 5875 προφήτας
2545 5806 2933 5873 ἐγκαλοῦντας,
2984 5807 3079 5859 καὶ
3117 5805 3376 5874 λέγοντας
3420 5802 3507 5860 ὅτι

3083 5920 3161 5980 25
