4142 6332
690 371 793 427 917

685 483 834 558 γοοδ]
863 483 1174 549 ἀνέγνωσαν
1210 481 1312 548 ἔξω
1340 483 1526 551 νόμον,
1566 482 1660 533 καὶ
1703 480 2106 553 ἐπεκαλέσαντο
2136 482 2264 549 ὁμο-

681 569 886 637 λογίαν.
920 568 1082 619 Ὅταν
1121 569 1298 618 τοῖνυν
1347 566 1478 635 μηδὲ
1533 564 2004 633 ἀναγινώσκεσθαι
2041 565 2264 617 δυνατὸν

679 648 747 720 ἦν
772 652 862 703 τὸν
893 649 1054 718 νόμον
1096 647 1199 713 ἔξω
1232 649 1332 718 τῆς
1366 647 1592 712 πόλεως,
1645 646 1763 710 πῶς
1801 647 1963 722 αὑτὸν
2004 645 2264 715 πράττειν

681 735 785 801 ἔξω
809 735 906 802 τῆς
935 732 1141 795 πόλεως
1169 731 1428 797 δυνατόν;
1459 731 1558 783 Διά
1575 731 1706 798 γοῦν
1735 730 2003 788 τοῦτοκαὶ
2027 727 2252 782 ἀπειλῶι

679 819 862 879 αὐτοῖς
896 815 1111 882 ἔλεγεν*
1157 816 1277 867 Οὐκ
1320 815 1725 883 ἐπισκέψομαι
1773 815 1880 878 τὰς
1936 811 2264 881 θυγατέρας

676 903 866 970 ὑμῶν,
899 903 1043 954 ὅταν
1060 900 1534 967 ἐκπορνεύσωσι,
1559 898 1657 952 καὶ
1674 897 1780 962 τὰς
1809 898 2049 965 νύμφας
2073 893 2259 962 ὑμῶν,

678 986 822 1039 ὅταν
857 986 1248 1054 μοιχεύσωσι.
1287 985 1351 1036 Τί
1410 983 1467 1036 δὲ
1503 982 1663 1035 τοῦτό
1708 982 1863 1041 ἐστι;
1913 981 2094 1050 Νόμον
2133 979 2262 1048 ὑμῖν

677 1071 954 1137 ἀναγνοὺς.
979 1067 1227 1129 παλαιὸν,
1270 1067 1604 1137 σαφέστερον
1650 1065 1878 1132 ποιῆσαι
1907 1064 2259 1132 πειράσομαι.

677 1153 772 1215 Τίς
801 1149 894 1206 οὖν
925 1153 1072 1204 ἐστιν
1100 1153 1128 1203 ὁ
1153 1151 1315 1219 νόμος
1336 1167 1351 1216 ;
1393 1149 1532 1202 Ἐὰν
1549 1145 1786 1215 παραϐῇ
1807 1145 1962 1216 γυνὴ
1985 1145 2134 1198 κατὰ
2155 1143 2262 1196 τοῦ

675 1235 894 1303 ἀνδρὸς
921 1232 1132 1301 αὐτῆς,
1161 1233 1256 1304 καὶ
1282 1231 1501 1300 παρίδῃ
1532 1231 1721 1284 αὐτὸν
1747 1229 2141 1297 ὑπεριδοῦσα,
2163 1227 2259 1280 καὶ

675 1315 932 1387 κοιμηθῇ
972 1334 1062 1380 τις
1099 1317 1226 1385 μετ’
1274 1313 1464 1382 αὐτῆς
1504 1314 1713 1380 κοίτην
1743 1311 2116 1381 σπέρματος,
2160 1310 2258 1362 καὶ

674 1401 828 1468 λάθῃ
849 1400 916 1464 ἐξ
945 1398 1269 1469 ὀφθαλμῶν
1294 1398 1400 1452 τοῦ
1435 1397 1675 1464 ἀνδρὸς,
1704 1395 1803 1449 καί
1825 1397 2053 1464 μάρτυς
2089 1392 2175 1461 μὴ
2219 1387 2260 1462 ᾖ

673 1484 801 1537 κατ’
823 1484 1034 1550 αὐτῆς,
1072 1483 1168 1536 καί
1190 1481 1276 1552 μὴ
1300 1477 1339 1552 ᾖ
1372 1479 1856 1548 συνειλημμένη,
1901 1477 1999 1530 καί
2034 1474 2258 1542 ἐπέλθῃ

671 1568 768 1619 ἐπ’
803 1565 963 1631 αὐτῷ
1003 1566 1239 1634 πνεῦμα
1279 1563 1618 1631 ζηλώσεως,
1659 1561 1809 1627 αῦτη
1841 1560 1918 1613 δὲ
1958 1558 2046 1629 μὴ
2084 1554 2127 1629 ᾖ
2158 1576 2260 1626 με·

673 1651 990 1719 μιασμένη.
1039 1651 1102 1700 Ὃ
1126 1648 1181 1699 δὲ
1203 1647 1349 1715 λέγει
1379 1645 1614 1700 τοιοῦτόν
1647 1647 1794 1696 ἐστιν
1813 1661 1826 1673 ·
1877 1642 2002 1695 Ἑάν
2043 1659 2258 1711 μοιχευ-

675 1735 740 1802 Οῇ
764 1775 777 1795 ,
810 1737 962 1804 φησι,
995 1733 1152 1801 γυνὴ,
1182 1730 1274 1783 καὶ
1307 1727 1625 1799 ὑποπτεύσῃ
1650 1727 1747 1797 τὴν
1781 1725 2074 1796 μοιχείανὸ
2097 1726 2256 1796 ἀνὴρ,

672 1819 704 1884 ἢ
763 1817 834 1886 μὴ
891 1814 1194 1884 μοᾳευθῇ,
1248 1807 1402 1874 οὗτος
1455 1810 2063 1894 δὲςὺποπτεύσῃρκαὶ
2120 1810 2261 1894 μήτε

677 1901 886 1969 μάρτυς
924 1894 998 1970 ᾖ,
1061 1898 1198 1967 μήτε
1245 1895 1442 1965 κύησις
1496 1893 1832 1963 ἐλέγχουσα,
1884 1891 2014 1955 ἄξει
2065 1890 2260 1957 αὐτὴν

673 1983 824 2048 πρὸς
841 1981 948 2043 τὸν
975 1980 1133 2048 ἱερέα
1150 2018 1166 2044 ,
1200 1978 1360 2048 φησὶ,
1391 1977 1486 2030 καί
1526 1975 1841 2043 προσοίσει
1865 1975 1930 2027 τὸ
1950 1972 2142 2040 δῶρον
2162 1975 2261 2025 αὺ-

670 2064 783 2132 τῆς
810 2064 1070 2130 ἄλευρον
1095 2062 1379 2130 κρίθινον.
1419 2060 1481 2111 Τί
1509 2060 1706 2129 δήποτε
1732 2059 1792 2109 οὑ
1823 2057 2121 2127 σεμίδαλιν,
2160 2055 2259 2106 οὑκ

673 2148 901 2217 ἄλευρον
943 2144 1135 2216 πυροῦ,
1171 2143 1307 2197 ἀλλά
1341 2142 1620 2213 κρίθινον;
1646 2139 1865 2208 Ἐπειδὴ
1907 2137 2101 2200 πένθος
2143 2138 2258 2190 ἐστὶ

674 2232 769 2283 καὶ
813 2229 1157 2296 κατάγνωσις
1197 2227 1291 2280 καὶ
1327 2224 1529 2293 ὑποψία
1571 2223 1784 2294 πονηρά
1832 2222 1893 2274 τὸ
1950 2221 2254 2290 γινόμενον,

675 2315 924 2381 ἐμιμεῖτο
956 2311 1053 2380 τὴν
1081 2308 1366 2379 συμφοράν
1389 2309 1488 2375 τῆς
1506 2307 1712 2368 οἰκείας
1745 2305 1934 2366 Θυσίας
1965 2304 2025 2354 τὸ
2051 2304 2253 2371 σχῆμα·

674 2397 760 2448 διὰ
795 2397 901 2465 γὰρ
918 2394 1075 2446 τοῦτό
1095 2411 1256 2462 φησιν
1279 2411 1291 2423 ’
1313 2395 1434 2445 Οὐκ
1467 2388 1723 2458 ἐπιχεεῖς
1747 2385 2000 2440 ἑπάὺτὸ
2027 2385 2254 2447 ἔλαιον,

675 2479 817 2532 οὐδὲ
849 2478 1158 2542 ἐπιθήσεις
1181 2485 1198 2505 ¹
1227 2476 1320 2528 ἐπ’
1352 2473 1498 2528 αὑτὸ
1524 2474 1794 2526 λίϐανον.
1832 2467 1975 2522 Εἶτα
2015 2468 2114 2535 (δεῖ
2146 2467 2255 2538 γὰρ

677 2563 979 2632 ἐπιτεμεῖν)
1013 2561 1110 2613 καὶ
1143 2557 1431 2627 προσάξει
1473 2555 1668 2624 αὐτὴν
1701 2559 1732 2608 ό
1762 2554 1974 2621 ἱερεὺς,
2011 2552 2110 2605 καὶ
2143 2554 2257 2620 λή-

563 2657 572 2662 ’
675 2651 852 2714 ψεται
906 2645 1057 2724 ὕδωρ
1089 2643 1348 2710 καθαρὸν
1395 2642 1466 2693 ἐν
1506 2639 1721 2724 ἀγγείῳ
1759 2635 2258 2724 οστρακίνῳρκαί

675 2733 793 2784 ἀπὸ
816 2730 924 2797 τῆς
965 2719 1079 2796 γῆς
1124 2727 1229 2794 τῆς
1262 2727 1455 2792 οὔσης
1489 2725 1585 2778 ἐπὶ
1610 2723 1714 2776 τοῦ
1748 2722 2008 2790 ἐδάφους
2033 2719 2255 2787 λαϐὼν,

674 2814 1014 2884 ἐμϐαλεῖεις
1053 2809 1119 2864 τὸ
1151 2809 1326 2875 ὕδωρ,
1358 2809 1455 2860 καί
1484 2805 1701 2872 στήσει
1726 2804 1842 2871 τὴν
1870 2802 2255 2884 γυναῖκα,καί

675 2883 860 2965 ίὲρκιεῖ
890 2895 1102 2961 αὐτὴν,
1140 2891 1237 2946 καὶ
1259 2890 1403 2958 ἐρεῖ·
1432 2893 1503 2944 El
1528 2888 1614 2958 μὴ
1647 2888 1910 2955 παρέϐης
1934 2883 2258 2954 μιανθῆναι

676 2981 822 3047 πρὸς
853 2979 958 3031 τὸν
992 2977 1179 3044 ἄνδρα
1201 2975 1307 3029 τὸν
1331 2972 1618 3041 σεαυτῆς,
1665 2971 1795 3025 σώα
1823 2970 1946 3024 ῖσθι
1979 2969 2098 3022 ἀπὸ
2149 2967 2256 3021 τοῦ

675 3065 897 3127 ὕδατος
931 3061 1036 3114 τοῦ
1071 3057 1326 3128 ὲλεγμοῡ
1348 3072 1360 3086 ·
1399 3058 1452 3110 εὶ
1475 3056 1542 3109 δὲ
1562 3055 1828 3122 παρέϐης
1859 3053 1972 3106 ’καί
2009 3053 2259 3122 μεμίαν-

675 3165 800 3210 σαι,
830 3148 926 3219 καὶ
958 3144 1141 3198 ἔδωκέ
1169 3162 1257 3209 τις
1278 3142 1392 3209 τὴν
1414 3142 1624 3209 κοίτην
1641 3140 1828 3220 αὑτοῦ
1850 3139 1918 3192 ἐν
1947 3139 2066 3202 σοὶ,
2091 3137 2259 3206 πλὴν

676 3233 783 3287 τοῦ
803 3232 1022 3299 ἀνδρός
1038 3244 1176 3294 σου,
1191 3228 1308 3295 δῴη
1322 3229 1539 3296 Κύριός
1559 3239 1633 3279 σε
1650 3223 1847 3291 ένάρᾷ
1864 3223 1964 3276 καὶ
1983 3223 2259 3291 ἐνόρκιον

674 3318 922 3385 ἐνμέσῳ
948 3314 1053 3370 τοῦ
1086 3314 1258 3367 λαοῦ.
1280 3312 1343 3364 Τί
1369 3312 1538 3374 ἔστιν,
1569 3311 1666 3363 Ἐν
1690 3308 1805 3377 ἀρᾷ
1821 3309 1918 3362 καί
1949 3309 2256 3376 ἐνόρκιον;

679 3401 1021 3468 Ἵναλέγωσι·
1048 3397 1139 3469 Μὴ
1162 3398 1390 3468 πάθοιμι
1413 3398 1487 3459 ὼς
1517 3395 1715 3447 ἔπαθεν
1799 3393 1944 3445 δεῖνα
1971 3394 2129 3464 γυνή.
2156 3393 2263 3445 Ἐν

674 3484 758 3552 τῷ
786 3485 996 3538 δοῦναι
1030 3485 1250 3552 Κύριον
1280 3481 1394 3550 τὴν
1436 3480 1676 3533 κοιλίαν
1707 3492 1823 3531 σου
1856 3477 2259 3546 ἐμπεπρισμέ-

670 3589 813 3637 -νην,
838 3569 934 3624 καί
959 3569 1369 3622 εἰσελεύσεται
1390 3566 1464 3619 τὸ-
1475 3565 1633 3632 ὕδωρ
1648 3564 1712 3616 τὸ
1739 3562 2259 3630 ἐπικατηριιμένον

678 3655 887 3723 πρῖσαι
925 3652 1040 3719 τὴν
1068 3651 1327 3720 γαστέρα
1367 3663 1504 3702 σου.
1538 3647 1648 3701 Καὶ
1681 3646 1806 3712 ἐρεῖ
1839 3647 1877 3714 ἡ
1913 3646 2067 3714 γυνή
2089 3663 2100 3675 ·
2145 3646 2258 3699 Γέ-

677 3755 864 3800 νοιτο,
915 3737 1164 3806 γένοιτο.
1220 3733 1330 3788 Καὶ
1363 3731 1555 3797 ἔσται,
1615 3732 1722 3786 ἐὰν
1765 3727 1807 3801 ᾖ
1853 3731 2255 3800 μεμιασμένῃ,

676 3823 1091 3875 εἰσελεύσεται
1139 3818 1206 3871 τὸ
1259 3818 1415 3885 ὕδωρ
1447 3817 1553 3870 τοῦ
1600 3816 1880 3884 ἐλεγμοῦ,
1921 3815 2021 3868 καί
2054 3818 2258 3883 πρίσει

671 3907 793 3975 ⁵τήν
826 3906 1064 3959 κοιλίαν
1091 3902 1302 3970 αὐτῆς,
1357 3900 1456 3954 καί
1501 3891 1674 3952 ἕστὲιι
1704 3901 1742 3968 η
1777 3899 1931 3968 γυνὴ
1966 3903 2053 3966 είς
2081 3900 2254 3968 ἀράν.

689 3993 832 4044 Ἐὰν
862 3989 929 4042 δὲ
971 3987 1055 4057 μὴ
1082 3985 1307 4056 μιανθῇ
1347 3987 1385 4053 ἡ
1433 3985 1612 4052 γυνὴ,
1642 3982 1803 4048 ἁθῴα
1827 3984 2000 4054 ἔσται
2033 3988 2130 4039 καὶ
2157 3988 2260 4042 ἐκγ

668 4073 1033 4143 σπερματιεῐ
1085 4067 1343 4140 σπέρμα.
1405 4069 1556 4122 Ἐπεὶ
1608 4064 1701 4121 οὖν
1742 4070 1822 4131 εἰς
1881 4070 2257 4140 αἰχμαλωσίαν

672 4155 1018 4213 ἀπελθόντων
1048 4155 1256 4218 αὑτῶν,
1300 4154 1452 4206 οὐδὲν
1500 4153 1703 4206 τούτων
1735 4153 1988 4221 γενέσθαι
2034 4156 2258 4212 δυνατὸν

676 4241 766 4310 ἦν,
791 4241 914 4294 οὑτε
949 4241 1042 4294 τοῦ
1084 4237 1210 4292 ναοῦ
1247 4240 1421 4300 ὄντος,
1461 4236 1591 4290 οὑτε
1615 4236 1711 4289 τοῦ
1751 4237 1936 4309 βωμοῦ
1956 4280 1971 4305 ,
2003 4238 2126 4291 οὔτε
2155 4242 2257 4311 τῆς

681 4326 906 4395 σκηνῆς,
965 4323 1088 4377 οὑτε
1145 4324 1246 4392 τῆς
1300 4321 1489 4384 Θυσίας
1522 4322 1957 4398 ἀναφερομένης,
2017 4323 2256 4378 ἀπειλῶν

678 4408 861 4476 ἔλεγεν
884 4424 895 4434 °
935 4409 1057 4460 Dim
1109 4404 1517 4473 ἐπισκέψομαι
1547 4405 1654 4471 τὰς
1691 4404 2021 4473 θυγατέρας
2063 4405 2253 4476 ὑμῶν,

672 4493 825 4547 ὅταν
871 4492 1284 4560 πορνεύσωσι,
1327 4489 1562 4556 καὶτὰς
1607 4490 1846 4558 νύμφας
1878 4488 2064 4559 ὑμῶν,
2111 4492 2257 4546 ὅταν

672 4598 772 4651 μοι
778 4579 1100 4645 χεύσωσιν.

749 4663 812 4730 β’.
832 4661 992 4731 Ὁρᾷς
1021 4659 1126 4710 ἀπὸ
1141 4657 1232 4710 τοῦ
1249 4657 1414 4710 τόπου
1439 4657 1536 4727 τὴν
1569 4659 1719 4727 ἰσχὺν
1742 4656 1933 4727 ἔχοντα
1948 4660 2036 4712 τὸν
2059 4660 2253 4730 νόμον;

678 4746 801 4797 Ὀτι
825 4744 880 4796 δέ
901 4741 1024 4794 οὑτε
1052 4741 1143 4794 τὸν
1172 4741 1321 4808 ἱερέα
1350 4741 1573 4793 δυνατὸν
1603 4738 1764 4805 εἶναι,
1799 4742 1898 4811 τῆς
1929 4742 2134 4805 πόλεως
2157 4743 2256 4797 οὑκ

674 4827 862 4897 οὑσης,
888 4826 1044 4895 δῆλον
1069 4827 1132 4877 ἐκ
1170 4823 1381 4877 τούτου.
1422 4824 1632 4894 Ὠσπερ
1665 4823 1773 4893 γὰρ
1801 4824 2026 4893 βασιλέα
2069 4826 2129 4877 οὑ
2159 4826 2253 4878 δυ-

675 4912 834 4966 νατὸν
873 4906 1034 4972 εἶναι,
1066 4907 1224 4980 [τῶν]
1265 4906 1638 4978 στρατοπέδων
1676 4907 1776 4960 οὑκ
1817 4907 2007 4972 ὅντων,
2041 4911 2100 4961 οὑ
2135 4910 2252 4963 δια-

672 4997 930 5067 δήματος,
957 4994 1052 5063 οὑχ
1079 4991 1415 5061 άλουργίδος,
1441 4991 1501 5043 οὑ
1528 4990 1636 5044 τῶν
1675 4990 1850 5043 ἄλλων
1879 4992 1986 5044 τῶν
2015 4992 2114 5054 τὴν
2155 4992 2255 5061 βα-

679 5078 884 5132 σιλείαν
918 5074 1392 5147 συγκραιοὺντων·
1447 5073 1620 5136 οὑτως
1667 5074 1790 5127 οὑδὲ
1851 5076 2001 5147 ἱερέα
2030 5076 2254 5132 δυνατὸν

675 5159 836 5226 εἶναι,
872 5160 1060 5222 θυσίας
1099 5157 1472 5232 ἀνῃρημένης,
1493 5159 1808 5229 προσφορᾶς
1840 5159 2249 5234 κεκωλυμένης,

670 5247 778 5299 τῶν
808 5244 976 5313 ἁγίων
1001 5242 1423 5311 πεπατημένων,
1445 5241 1537 5294 τοῦ
1567 5242 1845 5312 σχήματος
1879 5244 2079 5306 παντὸς
2112 5246 2255 5314 ἠφα-

669 5328 960 5398 νισμένουο
993 5328 1026 5395 ή
1060 5325 1168 5396 γὰρ
1201 5325 1466 5397 ἱερωσύνη
1527 5328 1584 5379 ἐν
1637 5327 1847 5392 τούτοις
1903 5331 2108 5384 ἅπασιν
2158 5329 2248 5401 ἦν.

674 5413 871 5483 Ἤρκει
899 5410 996 5480 μὲν
1028 5401 1154 5470 οὖν’,
1194 5409 1329 5480 ὅπερ
1361 5409 1531 5479 ἔφθην
1561 5409 1752 5474 εἰπὼν,
1803 5412 1940 5482 πρὸς
1980 5413 2252 5480 ἀπόδειξιν

676 5497 801 5567 ήμῖν
838 5496 931 5547 τοῦ
971 5496 1107 5564 μήτε
1137 5493 1363 5558 θυσίας,
1415 5495 1552 5565 μήτε
1602 5495 2051 5568 ὁλοκαυτώματα,
2114 5502 2251 5571 μήτε

676 5580 796 5641 τως
849 5577 1069 5641 λοιποὺς
1114 5576 1454 5649 καθαρμοὺς,
1495 5579 1632 5651 μήτε
1687 5579 1818 5636 ἄλλο
1854 5581 2008 5655 [664]
2059 5600 2110 5637 τι
2147 5585 2249 5656 τῆς

731 5811 762 5842 ³
781 5812 881 5862 Alii
902 5811 1074 5874 ὶπιχὲει
1093 5817 1144 5861 el
1166 5813 1390 5871 ἐπιθήσει.

1410 370 1466 424 S.
1509 368 1795 425 JOANNIS
1835 369 2326 427 CIIRYSOSTOMI
2365 371 2692 427 ARCHIEP.
2734 371 3289 464 CONSTANTINOP.
3860 382 3956 440 918

2387 479 2685 566 Ἰουδαϊκῆς
2709 480 2986 566 πολιτείας
3015 483 3336 554 ἐπανήξεινο
3385 484 3568 539 λοιπὸν
3610 485 3641 555 ή
3684 486 3954 566 ἀπόδειξις

2369 561 2462 614 τοῦ
2513 563 2714 632 μηκέτι
2752 565 3050 634 στήσεσθαι
3092 567 3185 622 τὸν
3225 568 3372 622 ναόν.
3427 570 3640 642 ’Ὠσπερ
3694 574 3806 642 γὰρ
3857 562 3957 630 οὑκ

2369 644 2739 716 δντος-τούτου
2775 647 2870 699 νῦν
2900 649 3076 702 πάντα
3106 648 3398 720 ἀνῄρηται,
3427 652 3532 705 κᾶν
3557 653 3689 725 δοκῇ
3726 674 3780 709 τι
3811 657 3958 725 γίνε-

2370 726 2885 798 σθαι,’παρανόμως
2913 731 3176 801 τολμᾶται
3196 749 3210 762 ο
3237 731 3410 796 οὕτως
3445 735 3832 802 ἀποδείξαντος
3862 737 3956 793 τοῦ

2349 804 2528 879 ’λόγου
2557 813 2638 865 ὅτι
2675 813 2934 866 οὐδέποτε
2963 815 3218 887 ἐπανήξει
3247 817 3383 887 πρὸς
3423 818 3484 870 τὸ
3509 821 3712 873 οἰκεῖον
3746 823 3956 894 σχῆμα,

2370 895 2591 948 κάκεῖνο
2638 897 3137 963 συναποδέδεικται,
3170 900 3250 951 ὅτι
3289 898 3413 953 οὔτε
3461 902 3493 971 ή
3536 901 3697 972 λοιπὴ
3732 903 3958 975 λατρεία

2369 977 2508 1047 πρὸς
2531 980 2630 1049 τὴν
2657 981 2932 1051 προτέραν
2967 982 3228 1054 ἐπανήξει
3257 985 3593 1038 κατάστασιν
3624 987 3789 1040 πάλιν
3809 1029 3825 1053 ,
3861 989 3956 1058 οὑχ

2370 1062 2549 1126 ἱερεὺς
2580 1062 2749 1115 ’ἔσται
2795 1082 2876 1127 τις
2897 1104 2913 1129 ,
2948 1067 3008 1118 οὑ
3056 1066 3330 1135 βασιλεύς.
3362 1068 3426 1120 Et
3457 1068 3565 1137 γὰρ
3603 1072 3721 1133 τοῖς
3765 1073 3832 1123 ἐκ
3862 1073 3952 1124 τοῦ

2367 1144 2682 1215 σπέρματος
2709 1147 2907 1211 αὑτῶν,
2949 1148 3052 1202 κάν
3071 1166 3154 1213 τις
3178 1145 3247 1221 ἦν
3279 1150 3388 1204 τῶν
3420 1151 3829 1218 ἰδιωτευόντων,
3859 1154 3957 1207 οὑκ

2367 1229 2549 1294 ἐφεῖτο
2561 1228 2694 1296 γοῦν
2719 1229 3003 1300 λατρεύειν
3021 1232 3356 1301 ἀλλογενέσι,
3371 1233 3550 1304 πολλῷ
3570 1234 3773 1304 μᾶλλον
3793 1236 3957 1289 αὑτὸν

2365 1309 2455 1362 τὸν
2493 1310 2718 1380 βασιλέα
2747 1313 3070 1367 ὑποκεῖσθαι
3103 1315 3329 1385 ἑτέροις,
3371 1314 3528 1384 θέμις
3563 1317 3664 1370 οὑκ
3687 1313 3775 1388 ἦν.
3810 1319 3958 1386 Πλὴν

2367 1393 2483 1445 ἀλλ’
2510 1395 2699 1466 ἐπειδὴ
2721 1395 2872 1464 ἀγὼν
2901 1398 3033 1468 ήμῖν
3056 1399 3170 1450 ἐστι
3198 1398 3295 1450 καὶ
3325 1399 3550 1470 σπουδὴ,
3580 1401 3681 1452 οὐκ
3714 1397 3960 1464 ἐκείνους

2366 1479 2718 1549 ἐπιστομίσαι
2778 1481 2960 1551 μόνον,
3009 1481 3148 1534 ἀλλὰ
3175 1482 3271 1535 καὶ
3300 1481 3398 1552 τὴν
3426 1483 3703 1554 ὑμετέραν
3731 1485 3958 1552 ἀγάπην

2368 1562 2610 1629 σοφίσαι,
2641 1564 2772 1634 φέρε
2791 1563 2951 1625 τοῦτο
2976 1564 3106 1616 αὑτὸ
3139 1563 3403 1634 ἑτέρωθεν
3426 1565 3824 1636 ἀποδείξωμεν,
3847 1562 3956 1626 οἷον

2366 1645 2448 1696 ὅτι
2470 1646 2564 1697 καὶ
2592 1645 2662 1698 τὰ
2696 1641 2806 1700 τῶν
2838 1647 3062 1710 θυσιῶν,
3091 1647 3185 1700 καὶ
3224 1646 3293 1699 τὰ
3320 1648 3420 1716 τῆς
3452 1649 3753 1719 ἱερωσύνης
3777 1649 3956 1702 αὑτῶν

2367 1728 2663 1793 πέπαυται,
2683 1729 2759 1792 ὡς
2791 1730 2991 1800 μηκέτι
3021 1730 3183 1782 πάλιν
3215 1730 3531 1784 ἐπανελθεῖν
3548 1733 3642 1783 ἐπὶ
3666 1732 3731 1783 τὸ
3755 1733 3954 1802 πρότε-

2369 1827 2460 1879 ρον
2503 1811 2644 1874 ἔθος.
2701 1811 2798 1874 Τίς
2841 1808 2934 1865 οὖν
2966 1813 3138 1865 ταῦτά
3186 1830 3380 1883 (mm;
3427 1814 3485 1866 Ὀ
3517 1813 3831 1884 θαυμαστὸς
3863 1817 3956 1868 καὶ

2370 1895 2543 1963 μέγας
2569 1896 2858 1965 προφήτης
2893 1897 3074 1948 Δαυῖδ.
3108 1890 3275 1959 Οὑτος
3305 1891 3411 1966 γὰρ
3436 1897 3611 1967 δηλῶν
3640 1899 3722 1950 ὃτι
3753 1898 3956 1952 θυσιῶν

2365 1981 2397 2047 ἡ
2439 1979 2536 2047 μὲν
2565 1969 2924 2031 ἐκϐάλλεσθαι
2959 1979 3162 2049 μέλλει,
3210 1982 3242 2050 ὴ
3285 1981 3342 2032 δὲ
3395 1980 3737 2050 εἰσάγεσθαι,
3783 1981 3957 2045 οὕτως

2365 2059 2548 2127 ἔλεγε·
2581 2060 2790 2113 Πολλὰ
2819 2061 3136 2129 ἐποίησας,
3186 2063 3289 2126 σὺ,
3325 2063 3504 2131 Κύριε
3553 2068 3586 2118 ό
3635 2067 3782 2132 Θεός
3810 2083 3953 2134 μου,

2365 2144 2437 2195 τὰ
2470 2142 2776 2216 θαυμάσια
2792 2160 2929 2208 σου,
2965 2145 3065 2197 καὶ
3105 2145 3231 2211 τοῖς
3257 2146 3669 2216 διαλογισμοῖς
3697 2163 3818 2201 σου
3847 2152 3954 2202 οὐκ

2365 2226 2497 2280 ἐστι
2540 2229 2630 2292 τίς
2670 2226 3102 2295 ὀμοιωθήσεταί
3126 2244 3223 2282 σοι
3244 2246 3256 2258 ·
3302 2230 3639 2300 ἀπήγγειλα
3675 2233 3775 2284 καὶ
3810 2232 3954 2305 gld-

2365 2314 2553 2376 λησα.
2583 2313 2726 2381 Ὅρα
2752 2311 2946 2379 σοφίαν
2977 2316 3278 2382 προφήτου.
3312 2314 3522 2378 Εἰπὼν,
3549 2316 3762 2369 Πολλὰ
3793 2317 3956 2370 ἐποί-

2368 2410 2523 2460 ησιις
2560 2393 2677 2460 σὺ,
2719 2396 2895 2462 Κύριε
2936 2398 2968 2448 ὁ
3000 2397 3145 2462 Θεός
3177 2415 3319 2464 μου,
3363 2397 3434 2450 τὰ
3461 2398 3768 2466 θαυμάσια
3813 2417 3952 2466 σου,

2365 2479 2458 2530 καὶ
2497 2477 2794 2542 ἐκπλαγεὶς
2842 2478 2940 2548 τὴν
2973 2478 3067 2530 τοῦ
3094 2478 3227 2531 Θεοῦ
3265 2479 3745 2551 θαυματουργίαν,
3802 2483 3955 2536 οὐδὲν

2365 2561 2494 2630 περὶ
2521 2559 2620 2629 τῆς
2644 2559 2931 2632 ὁρωμένής
2967 2563 3099 2631 ἡμῖν
3130 2561 3440 2630 διαλέγεται
3479 2565 3743 2628 κτίσεως,
3790 2567 3956 2636 οὑρα-

2364 2646 2456 2698 νοῦ
2477 2646 2571 2697 καὶ⁷
2595 2646 2698 2714 γῆς
2734 2646 2829 2697 καὶ¹
2862 2644 3134 2720 θαλάττης
3173 2647 3269 2698 καὶ
3305 2645 3497 2710 ὑδατος
3547 2648 3642 2700 καὶ
3669 2649 3870 2719 πυρὸς,
3895 2651 3954 2702 οὑ

2366 2730 2496 2798 περὶ
2523 2729 2632 2781 τῶν
2670 2731 2791 2780 κατ’
2822 2729 3099 2796 Αἴγυπτον
3131 2729 3438 2799 γενομένων
3459 2731 3781 2802 παραδόξων
3806 2735 3956 2785 ἐκεί-

2365 2825 2476 2866 νων
2513 2803 2831 2881 θαυμάτων,
2870 2812 2931 2864 οὑ
2966 2813 3095 2882 περὶ
3130 2812 3304 2866 ἄλλων
3351 2813 3512 2869 τινῶν
3549 2815 3806 2870 τοιούτων
3854 2834 3955 2885 ση-

2368 2894 2556 2965 μείων,
2580 2895 2717 2946 ἀλλά
2747 2894 2872 2948 τίνα
2899 2898 3032 2964 φησὶ
3067 2894 3549 2966 θαυμαστάνεῖνακ
3588 2900 3822 2952 Θυσίαν
3852 2901 3954 2953 καὶ

2367 2979 2395 3018 1)
2421 2979 2780 3046 προσφορὰν
2804 2981 2918 3032 οὐκ
2942 2979 3272 3048 ἠθέλησας.
3309 2981 3373 3033 Τί
3406 2981 3617 3049 λέγεις;
3659 2983 3782 3035 εἰπέ
3820 3000 3917 3054 μοι
3937 2999 3954 3015 ο

2362 3062 2522 3114 τοῦτό
2542 3064 2660 3115 ἐστι
2679 3062 2740 3114 τὸ
2764 3062 3066 3133 παράδοξον
3095 3066 3189 3116 καὶ
3213 3065 3555 3134 θαυμαστόν;
3586 3065 3744 3134 Οὑχὶ,
3765 3065 3955 3134 φησίνο

2364 3145 2423 3197 οὑ
2456 3145 2565 3216 γὰρ
2591 3145 2654 3215 δὴ
2680 3145 2840 3199 τοῦτο
2863 3148 3023 3215 μόνον
3041 3143 3349 3213 εἶδεν,ἀλλά
3372 3151 3731 3220 προφητικοῖς
3746 3148 3957 3203 ἀνωθεν

2365 3228 2700 3298 καταμαθὼν
2729 3228 3029 3299 ὀφθαλμοῖς
3054 3231 3153 3300 τὴν
3203 3232 3312 3284 τῶν
3360 3231 3528 3283 ἐθνῶν
3562 3233 3955 3304 προσαγωγὴν,

2365 3313 2458 3365 καὶ
2486 3313 2602 3375 πῶς
2616 3314 2666 3364 οἱ
2684 3316 2797 3376 τοῖς
2817 3313 2956 3376 θεοῖς
2981 3314 3415 3385 προσηλωμένοι,
3445 3315 3537 3368 καὶ
3553 3315 3957 3386 θεραπεύοντες

2365 3395 2567 3461 λίθους,
2627 3398 2719 3452 καὶ
2774 3397 2883 3449 τῶν
2945 3397 3156 3466 ἀλόγων
3216 3398 3544 3470 ἀθλιώτερον
3591 3399 3954 3469 διακείμενοι,

2365 3480 2627 3551 ἐξαίφνης
2657 3480 2980 3551 ἀνέϐλεψαν,
3023 3482 3116 3534 καὶ
3143 3483 3233 3536 τὸν
3267 3483 3374 3536 τῶν
3405 3485 3658 3538 ἀπάντων
3705 3486 3958 3554 ἐπέγνω-

2368 3581 2466 3616 σαν
2484 3563 2783 3634 Δεσπότην,
2811 3565 2904 3616 καὶ
2925 3564 3023 3634 τὴν
3044 3565 3248 3634 μιαρὰν
3274 3565 3382 3618 τῶν
3403 3566 3674 3637 δαιμόνων
3696 3568 3959 3639 λατρείαν

2366 3647 2619 3715 ἀφέντες,
2681 3646 2936 3717 καθαρῶς
2971 3648 3068 3701 καὶ
3118 3651 3392 3718 ἀναιμωτὶ
3435 3651 3526 3704 τὸν
3581 3651 3715 3705 Θεὸν
3759 3654 3960 3725 ἐθερά-

2365 3749 2559 3784 πευονο
2597 3731 2694 3783 καὶ
2740 3730 2820 3783 ἔτι
2847 3731 3076 3786 συνιδὼν
3098 3733 3180 3785 ὅτι
3217 3735 3318 3786 οὐκ
3360 3735 3563 3787 ἐκεῖνοι
3591 3730 3774 3805 μόνον,
3818 3738 3961 3791 ἀλλά

2364 3816 2460 3868 καὶ
2483 3817 2531 3868 οἱ
2575 3815 2817 3868 Ἰουδαῖοι
2847 3817 2897 3868 οἱ
2950 3817 3304 3886 ἀτελέα-τερον
3332 3817 3689 3889 διακείμενοι,
3731 3821 3830 3893 τὴν
3864 3823 3961 3877 διὰ

2366 3899 2565 3954 θυσιῶν
2601 3899 2697 3952 καὶ
2730 3899 3202 3971 ὁλοκαυτωμάτων
3244 3903 3339 3957 καὶ
3375 3901 3685 3958 τῶνᾶλλων
3716 3906 3824 3959 τῶν
3849 3924 3962 3961 σω-

2369 3983 2614 4054 ματικῶν
2644 3983 2878 4052 ἀφέντες
2912 3983 3230 4056 θεραπείαν,
3266 3986 3360 4037 ἐπὶ
3391 3986 3488 4057 τὴν
3545 3989 3826 4058 ἡμετέραν
3859 3993 3962 4045 καὶ

2363 4061 2510 4123 οῦτοι
2539 4068 2860 4137 φιλοσοφίαν
2888 4068 3136 4140 ήχθησαν
3156 4085 3170 4099 ·
3196 4070 3290 4122 καὶ
3305 4069 3665 4141 λογισάμενος
3696 4073 3796 4145 τὴν
3817 4075 3962 4144 ἄφαρ

2361 4167 2454 4205 τον
2471 4150 2566 4204 τοῦ
2589 4151 2723 4204 Θεοῦ
2743 4151 3155 4222 φιλανθρωπίαν
3175 4153 3273 4220 τὴν
3293 4153 3726 4224 ὑπερϐαίνουσαν
3737 4157 3960 4212 ἅπαντα

2364 4235 2511 4301 νοῦν,
2545 4235 2641 4289 καὶ
2681 4233 2978 4311 ἐκπλαγεὶς
3003 4235 3103 4306 ὅση
3135 4233 3244 4289 τῶν
3274 4239 3614 4306 πραγμάτων
3637 4239 3841 4308 γέγονε
3862 4259 3962 4312 με-

2363 4319 2588 4393 ταϐολή,
2622 4319 2718 4372 καὶ
2751 4318 2868 4382 πῶς
2901 4318 3043 4372 αὑτά
3067 4319 3493 4392 μετερρύθμιρε,
3520 4321 3613 4374 καὶ
3630 4323 3741 4375 ἀπὸ
3760 4324 3960 4394 δαιμό-

2363 4390 2470 4458 νων
2499 4403 2767 4472 ἀγγέλους
2798 4401 2926 4464 τοὺς
2964 4390 3288 4473 ἀνθρώπους
3312 4390 3630 4475 εἰργάσατο,
3680 4406 3775 4459 καὶ
3805 4390 3961 4462 πολι-

2360 4487 2510 4540 τείαν
2579 4488 2845 4558 εἰσήγαγε
2915 4484 3023 4538 τῶν
3094 4486 3337 4555 οὑρανῶν
3408 4487 3566 4555 ἀξίαν
3629 4490 3842 4560 (ταῦτα
3896 4495 3959 4548 δὲ

2363 4570 2579 4623 ἃπαντα
2649 4569 2900 4637 ἐγένετο,
2968 4570 3072 4640 τῆς
3124 4572 3361 4634 παλαιᾶς
3404 4572 3805 4644 καταλυθείσης
3860 4575 3958 4628 θυ-

2365 4654 2526 4718 σίας,
2584 4652 2679 4706 καὶ
2751 4654 2944 4724 ἐτέρας
2983 4653 3456 4726 ἐπεισαχθείσης,
3529 4655 3630 4725 τῆς
3701 4657 3790 4709 διὰ
3858 4659 3955 4712 τοῦ

2365 4736 2617 4807 σώματος
2670 4736 2764 4789 τοῦ
2828 4738 3124 4808 Χριστοῦ),
3158 4737 3458 4806 ἐκπλαγεὶς
3508 4739 3601 4791 καὶ
3663 4738 3957 4810 θαυμάσας

2362 4819 2518 4888 ἔλεγε
2535 4837 2549 4852 ο
2585 4822 2794 4874 Πολλὰ
2819 4822 3120 4889 ἐποίησας
3155 4823 3259 4887 σὺ,
3286 4823 3468 4889 Κύριε
3487 4825 3520 4876 ό
3545 4824 3688 4889 Θεός
3717 4843 3863 4893 μου,
3882 4829 3958 4878 τὰ

2362 4901 2665 4973 θαυμάσια
2699 4919 2838 4957 σου.
2882 4906 2992 4958 Καὶ
3037 4906 3119 4958 ὅτι
3151 4906 3215 4957 ἐκ
3247 4904 3545 4977 προσώπου
3578 4906 3673 4959 τοῦ
3711 4909 3954 4980 Χριστοῦ

2361 4987 2460 5057 τὴν
2492 4987 2832 5058 προφητείαν
2864 4987 3067 5057 ταύτην
3093 4989 3313 5043 ἅπασαν
3350 4989 3607 5060 προλέγει
3648 5002 3697 5055 ε,
3745 4992 3916 5046 εἰπὼν
3936 5034 3952 5058 ,

2363 5071 2597 5125 Θυσίαν
2629 5070 2729 5123 καὶ
2759 5071 3114 5141 προσφορὰν
3146 5075 3256 5126 οὐκ
3298 5073 3635 5142 ἠθέλησας,
3677 5075 3953 5146 ἐπήγαγε,

2361 5153 2537 5222 Σῶμα
2574 5152 2642 5205 δὲ
2670 5156 3010 5222 κατηρτίσω
3035 5173 3175 5224 μοι·
3217 5155 3279 5208 τὸ
3307 5155 3460 5229 [665]
3485 5145 3654 5227 ¹σῶμα
3687 5145 3863 5225 λέγων
3892 5161 3959 5214 τὸ

2360 5237 2701 5298 δεσποτικὸν,
2740 5237 2840 5310 τὴν
2884 5239 3070 5310 κοινήν
3108 5239 3250 5310 ὑπὲρ
3284 5241 3384 5311 τῆς
3422 5241 3751 5312 οἰκουμένης
3794 5261 3956 5312 γενο-

2365 5323 2532 5392 μένην
2560 5322 2774 5386 θυσίαν,
2799 5323 2834 5394 ή
2866 5322 2964 5387 τὰς
2987 5324 3165 5395 ψυχὰς
3186 5323 3343 5396 ήμῶν
3373 5325 3693 5399 ὲξεκάθηρε,
3724 5328 3822 5382 καὶ
3850 5330 3954 5395 τὰς

2422 5576 2453 5647 1f
2473 5576 2573 5627 Alii
2599 5579 2828 5647 σημείων,
2849 5581 2994 5647 ἀλλ’ὁί
3012 5582 3262 5644 θαυμαστά
3287 5582 3463 5644 μᾶλλόν
3484 5584 3592 5630 εἶσι·
3605 5581 3761 5630 ταῦτα
3785 5584 3962 5647 λέγων,

2361 5641 2586 5701 ἐπήγαγε,
2609 5642 2789 5689 Θυσίαν
2831 5643 2926 5689 καί.

2424 5705 2459 5766 εἱ
2480 5701 2722 5766 Ἄκουσον
2739 5712 2848 5763 post
2868 5706 3104 5766 προλέγει,
3130 5706 3316 5766 legitur
3337 5707 3386 5753 in
3412 5705 3605 5766 3701131.,
3629 5707 3718 5755 sed
3741 5707 3894 5758 deest
3909 5706 3967 5760 'Ul

2360 5764 2532 5812 mullis
2556 5777 2670 5835 [ηδε.
2709 5766 2828 5835 βειν.
2857 5764 3004 5835 getiam
3029 5764 3258 5835 ἄκουσον,
3287 5768 3431 5816 εἰπὼν
3456 5768 3564 5830 γάρ.
3592 5764 3743 5817 Ἰιιῖη
3770 5771 3968 5835 aliquoi

2362 5838 2478 5876 mss.
2501 5827 2679 5879 καὶτὰς
2700 5826 2930 5889 ἁμαρτίας
2949 5830 3194 5876 κατέδυσε.
