4178 6324
254 381 370 444 M7

255 498 503 566 legerent
544 496 720 567 legem
745 535 759 561 ,
806 503 861 551 ct
898 495 1225 551 advocarent
1266 493 1678 550 confessionem.
1720 494 1851 551 Cum

257 591 426 660 igitur
463 577 533 644 ne
572 587 674 658 legi
714 587 926 657 quidem
967 587 1054 642 lex
1087 586 1319 656 potuerit
1356 596 1508 642 extra
1546 579 1866 648 civitatem,

252 679 531 748 quomodo
570 680 743 749 legem
780 692 998 733 servare
1035 686 1321 747 potuerunt
1358 686 1506 732 extra
1540 677 1853 732 civitatem?

252 772 412 826 Hanc
436 772 507 825 ob
530 785 743 826 causam
783 777 839 825 et
866 770 1117 823 minitans
1160 768 1261 823 illis
1290 767 1457 833 dicit,
1488 766 1614 821 Non
1645 769 1852 821 uisitabo

247 864 399 931 ﬁlias
422 872 631 928 vestras,
662 877 777 915 cum
803 869 1038 931 stuprum
1060 858 1374 922 admiserint,
1403 874 1561 922 neque
1585 873 1741 911 nurus
1766 870 1851 911 ve-

251 968 415 1021 stras,
436 970 553 1007 cum
579 952 841 1007 masc/ialm
859 952 1054 1020 1fuerint
1079 949 1235 1023 (Osee
1277 951 1333 1003 4.
1365 948 1477 1025 ﬂ).
1509 949 1645 1016 Quid
1670 957 1847 1004 autem

240 1046 361 1100 hoc
387 1045 516 1100 est?
544 1045 781 1099 Recitata
811 1044 979 1099 veleri
1016 1044 1135 1113 lege
1163 1043 1400 1098 conabor
1441 1042 1593 1097 vobis
1625 1042 1849 1098 reddere

247 1135 559 1192 dilucidius.
606 1134 736 1201 Quae
778 1133 938 1203 igitur
983 1134 1069 1188 illa
1115 1133 1239 1188 lex?
1280 1132 1342 1188 Si
1380 1133 1599 1198 mulier,
1642 1134 1844 1203 inquit,

246 1225 587 1295 prevaricata
616 1225 767 1295 fuerit
792 1240 824 1277 a
848 1224 955 1278 uiro
980 1240 1096 1290 suo,
1126 1236 1339 1297 euntque
1362 1225 1618 1296 negligens
1664 1225 1846 1296 despe-

244 1319 423 1383 xerit,
462 1317 821 1385 dormieritque
857 1315 1043 1385 aliquis
1081 1331 1200 1369 cum
1229 1312 1327 1369 illa
1363 1317 1499 1369 coitu
1530 1317 1768 1385 seminis,
1802 1328 1848 1372 et

246 1409 459 1463 latuerit
486 1408 661 1462 oculos
690 1406 804 1471 viri,
834 1423 924 1460 nec
954 1407 1091 1460 testis
1116 1406 1267 1476 fuerit
1295 1406 1535 1461 adversus
1563 1406 1727 1475 illam,
1760 1426 1848 1462 nec

245 1501 409 1570 fuerit
449 1499 763 1570 deprehensa
790 1510 815 1554 ':
843 1516 905 1553 ac
929 1515 1084 1569 super
1105 1499 1272 1568 ipsum
1300 1499 1504 1570 quidem
1530 1502 1717 1554 venerit
1741 1504 1848 1571 spi-

243 1591 381 1645 ritus
403 1591 690 1661 zelotypus,
715 1591 829 1660 ipsa
850 1606 968 1645 vero
993 1607 1093 1644 non
1120 1591 1272 1662 fuerit
1298 1594 1638 1645 contaminata
1658 1592 1841 1664 (Num.

241 1685 303 1739 ὅ.
339 1684 427 1739 i2.
456 1684 569 1753 ll).
611 1685 811 1739 Sensus
840 1684 1031 1738 horum
1063 1683 1346 1738 verborum
1375 1682 1463 1739 hic
1486 1693 1569 1739 est
1599 1704 1611 1739 :
1641 1685 1695 1741 Si
1724 1703 1844 1740 mu-

242 1780 371 1845 lier,
402 1777 597 1848 inquit,
627 1777 891 1833 mmchata
919 1776 1097 1841 fuerit,
1125 1787 1181 1833 et
1209 1777 1290 1831 vir
1313 1776 1506 1832 habeat
1530 1777 1672 1831 illam
1694 1779 1844 1833 adul-

245 1870 372 1925 terii
415 1879 717 1940 suspectam
742 1910 759 1936 ,
789 1878 882 1924 aut
922 1885 1029 1924 non
1070 1868 1233 1925 fuerit
1271 1870 1536 1926 mmcbata
1560 1913 1576 1937 ,
1621 1872 1843 1941 sedille

240 1963 549 2032 suspicetur
573 1980 587 2017 :
610 1970 665 2017 et
690 1962 735 2018 si
765 1976 871 2017 non
910 1961 1072 2017 fuerit
1106 1963 1293 2028 testis,
1332 1978 1432 2018 nec
1471 1974 1655 2020 uterus
1686 1966 1842 2019 c0ar-

237 2070 417 2124 gucns
450 2073 463 2109 :
494 2055 653 2109 Ducet
671 2097 686 2121 ,
717 2056 920 2126 inquit,
948 2056 1093 2110 illam
1121 2056 1193 2110 ad
1211 2058 1523 2126 sacerdotem
1545 2100 1560 2126 ,
1592 2069 1638 2114 et
1664 2060 1839 2127 oﬂ‘eret

235 2147 438 2203 donum
464 2146 625 2212 illius,
655 2147 984 2201 hordeaceam
1010 2149 1233 2217 farinam
1258 2148 1279 2220 (
1307 2147 1461 2209 Num.
1489 2150 1544 2205 5.
1576 2152 1643 2205 15
1661 2151 1705 2221 ).
1732 2150 1839 2207 Cur

240 2239 323 2292 ita
368 2237 581 2295 tandem
622 2253 727 2293 non
768 2239 1098 2310 siligineam,
1134 2256 1239 2295 non
1269 2239 1530 2295 triticeam
1572 2242 1833 2333 farinam,

238 2328 344 2383 sed
376 2328 767 2385 hordeaceam?
790 2330 1052 2397 Quoniam
1079 2332 1133 2387 id
1160 2332 1303 2403 quod
1328 2333 1635 2403 gerebatur,
1667 2328 1837 2394 luctus

231 2430 360 2475 erat
381 2463 396 2487 ,
427 2432 483 2477 et
510 2422 772 2480 incusatio
795 2427 1135 2498 suspicioque
1164 2443 1324 2498 prava
1342 2470 1358 2493 ,
1392 2427 1561 2483 forma
1588 2431 1835 2488 sacriﬁcii

222 2513 589 2586 domesticam
606 2518 961 2575 calamitatem
992 2520 1318 2590 imitabatur,
1338 2536 1511 2593 eoque
1530 2524 1661 2599 dicit
1677 2543 1689 2578 :
1712 2524 1835 2581 Non

222 2602 467 2670 eﬂ'undes
505 2623 657 2677 super
695 2607 841 2663 illam
876 2609 1078 2678 oleum,
1123 2627 1283 2683 neque
1322 2613 1549 2684 impones
1586 2614 1667 2669 illi
1695 2616 1829 2672 t/tus.

226 2693 438 2749 Deinde
473 2696 493 2767 (
514 2712 637 2751 nam
664 2699 1065 2756 contrahendus
1091 2711 1173 2757 est
1198 2704 1416 2776 sermo)
1443 2705 1659 2760 adducet
1688 2707 1833 2762 illaut

220 2788 486 2861 sacerdos
533 2778 805 2863 sumetque
818 2809 1000 2861 puram
1023 2810 1209 2863 aquam
1234 2796 1288 2849 in
1313 2812 1429 2851 vase
1452 2799 1600 2865 ﬁctili
1620 2843 1636 2865 ,
1670 2811 1715 2854 et
1744 2818 1832 2855 su-

224 2886 335 2930 met
350 2858 413 2932 de
434 2876 587 2947 terra,
609 2858 728 2950 quia
739 2858 878 2936 est-in
904 2885 1207 2952 pavimento,
1230 2898 1579 2959 sumptumque
1598 2894 1831 2963 conjiciet

223 2968 285 3020 in
318 2983 502 3037 aquam
522 3011 537 3035 ,
566 2978 847 3041 statuetque
874 2973 1133 3031 mulierem
1158 3018 1175 3045 ,
1207 2988 1253 3031 et
1282 2980 1541 3049 adjurabit
1570 2982 1713 3038 illam
1736 3027 1751 3051 ,
1781 2996 1829 3040 et

217 3058 363 3137 dicet
385 3075 404 3111 :
422 3060 470 3113 si
493 3077 593 3115 non
620 3079 672 3117 es
725 3072 1059 3135 transgressa,
1082 3084 1172 3122 nec
1198 3070 1395 3139 polluta
1417 3073 1524 3127 viro
1552 3083 1658 3138 tuo,
1686 3077 1828 3131 salva

218 3123 337 3201 ele
362 3149 424 3201 ab
445 3165 583 3220 aqua
613 3153 1005 3224 redargutionis.
1055 3157 1203 3223 Quod
1242 3160 1287 3213 si
1326 3171 1638 3233 transgressa
1674 3182 1729 3220 es
1765 3184 1827 3222 ac

215 3241 447 3307 polluta,
467 3252 510 3296 et
532 3244 716 3313 aliquis
736 3254 899 3299 tecum
920 3249 1184 3303 concubuit
1196 3262 1383 3322 printer
1401 3258 1638 3310 maritum
1659 3268 1818 3325 tuum,

218 3333 313 3386 det
333 3332 583 3388 Dominus
610 3345 664 3389 te'
679 3335 731 3390 in
752 3340 1141 3394 exsecrationem
1163 3358 1222 3395 ac
1242 3344 1619 3400 detestationem
1642 3349 1695 3402 in
1715 3366 1816 3403 me-

212 3423 312 3477 dio
331 3423 508 3493 populi
528 3424 635 3495 (Ib.
655 3442 701 3480 υ.
732 3429 820 3482 15.
848 3430 1003 3499 sqq.).
1029 3430 1163 3497 Quid
1192 3441 1292 3500 est,
1318 3433 1369 3487 in
1388 3438 1812 3493 exsecrationem

218 3529 288 3568 ac
316 3514 766 3572 detestationem?
796 3519 863 3575 Ut
892 3522 1103 3590 dicant,
1134 3538 1202 3578 ne
1242 3526 1373 3579 mihi
1408 3527 1645 3595 accidat,
1676 3532 1818 3600 quod

210 3606 417 3660 accidit
443 3606 529 3661 illi-
545 3609 755 3664 mulieri
789 3629 802 3662 :
835 3610 904 3668 Ut
941 3613 1121 3667 reddat
1151 3614 1403 3671 Dominus
1446 3628 1641 3674 uterum
1678 3632 1819 3677 tuum

214 3698 513 3768 diruptam,
546 3709 593 3754 et
636 3702 944 3773 ingredietur
985 3722 1117 3777 aqua
1155 3720 1414 3763 exsecrata
1433 3752 1448 3778 ,
1475 3722 1530 3766 ut
1559 3714 1817 3787 dirumpat

217 3798 442 3843 rentrem
469 3800 633 3857 tuum,
659 3801 707 3846 et
732 3794 863 3848 dicet
880 3798 1084 3865 mulier,
1114 3799 1226 3866 ﬁat,
1255 3802 1367 3870 ﬁat.
1398 3802 1468 3855 Et
1487 3805 1601 3870 erit,
1632 3806 1677 3860 si
1704 3809 1817 3878 fue-

212 3882 280 3934 rit
313 3883 529 3951 polluta,
560 3884 872 3955 ingredietur
897 3904 1033 3959 aqua
1055 3890 1456 3963 redargutionis,
1487 3905 1534 3949 et
1562 3896 1815 3971 dirumpet

212 3984 441 4028 uentrem
469 3976 609 4030 illius
632 4017 649 4044 ,
678 3986 726 4031 et
751 3979 847 4033 erit
876 3981 1059 4036 mulier
1086 3986 1424 4041 exsecrabilis.
1460 3988 1612 4055 Quod
1639 3992 1685 4046 si
1712 4009 1812 4049 non

210 4066 374 4136 fuerit
402 4067 599 4136 polluta
624 4070 807 4123 mulier
825 4110 841 4135 ,
871 4073 963 4125 erit
986 4073 1237 4144 innocua,
1266 4086 1314 4130 et
1335 4082 1702 4147 proseminabit
1728 4101 1811 4138 se-

204 4173 331 4211 men
353 4156 510 4229 (1b.).
528 4159 790 4225 Queniam
816 4162 974 4234 igitur
994 4181 1117 4226 cum
1144 4168 1198 4223 in
1214 4171 1573 4239 captivitatem
1595 4174 1809 4232 abducti

203 4258 398 4304 essent
422 4290 439 4316 ,
470 4250 602 4306 nihil
633 4253 822 4309 horum
855 4257 967 4312 ﬁeri
998 4268 1245 4328 poterat,
1278 4277 1398 4317 cum
1428 4281 1529 4320 nec
1553 4269 1808 4337 templum

203 4350 361 4397 esseet
389 4359 489 4398 nec
515 4360 607 4399 ara
630 4388 644 4414 ,
678 4362 778 4402 nec
808 4348 1203 4407 tabernaculum
1231 4354 1491 4411 haberent
1516 4373 1619 4413 nec
1647 4356 1809 4416 oﬂ‘er-

206 4444 403 4489 rentur
431 4436 618 4493 hostia:
649 4455 661 4491 :
692 4439 950 4497 Dominus
977 4445 1311 4500 comminans
1340 4448 1472 4513 dixit
1497 4467 1509 4503 :
1536 4449 1660 4505 Non
1687 4454 1808 4508 visi-

199 4524 328 4578 tabo
354 4526 489 4595 ﬁlias
517 4538 738 4596 vestras,
770 4548 884 4585 cum
907 4544 1139 4603 stuprum
1164 4538 1461 4594 admiserint
1487 4557 1505 4594 :
1530 4559 1619 4595 nec
1646 4560 1806 4599 nurus

201 4628 416 4685 uestras,
441 4635 553 4673 cum
578 4622 839 4677 moecham
862 4626 1048 4694 fuerint
1070 4626 1223 4700 (Osee
1269 4632 1321 4686 4.
1350 4633 1460 4701 Η).

275 4710 335 4765 2.
378 4711 679 4769 Sacerdotes
708 4723 847 4784 apud
869 4716 1080 4774 Juda'os
1100 4739 1205 4776 esse
1230 4740 1330 4777 non
1359 4736 1588 4796 possunt.
1610 4759 1682 4769 —-
1712 4729 1803 4785 Vi-

198 4803 305 4858 des
339 4804 511 4875 legem
553 4821 584 4862 a
626 4807 745 4863 loco
782 4809 889 4864 vim
928 4811 1167 4868 habere?
1203 4816 1283 4869 Ex
1322 4816 1422 4872 hoc
1460 4822 1799 4889 perspicuum

198 4904 286 4949 cst
319 4909 385 4950 ne
423 4898 758 4954 sacerdotem
786 4902 1002 4971 quidem
1032 4919 1151 4960 esse
1182 4922 1338 4975 posse
1357 4950 1371 4974 ,
1405 4925 1527 4968 cum
1555 4912 1693 4967 desit
1722 4915 1799 4967 ci-

197 4987 360 5040 vitas.
392 4986 851 5054 Quemadmodum
896 4995 1037 5049 enim
1073 4997 1187 5051 fieri
1214 5014 1325 5053 non
1362 5011 1574 5070 potest,
1606 4995 1663 5058 ut
1692 5005 1797 5059 lm-

196 5085 418 5145 perator
456 5079 559 5146 sit,
592 5080 638 5134 si
668 5097 772 5137 non
800 5083 873 5138 sit
907 5088 1172 5143 exercitus
1195 5132 1208 5155 ,
1238 5106 1341 5145 non
1383 5092 1624 5149 diadema
1644 5137 1661 5162 ,
1692 5114 1796 5152 non

197 5182 434 5236 purpura
459 5211 476 5236 ,
504 5185 610 5225 non
641 5173 744 5227 alia
784 5190 903 5244 quae
933 5193 1154 5247 regnum
1190 5183 1519 5238 constituunt
1549 5204 1563 5240 :
1600 5188 1669 5241 ita
1699 5204 1799 5244 nec

194 5258 478 5324 sacriﬁcus,
499 5277 620 5318 esse
642 5274 820 5336 potest
848 5268 1052 5324 sublata
1084 5272 1277 5338 hostia,
1302 5276 1461 5331 vetita
1491 5279 1759 5337 oblatione
1776 5324 1790 5348 ,

197 5352 401 5407 sanctis
422 5357 766 5425 conculcatis,
796 5368 906 5414 toto
932 5365 1109 5417 rerum
1139 5374 1279 5419 statu
1306 5368 1523 5424 abolito.
1553 5369 1683 5426 Nam
1712 5373 1794 5428 his

198 5441 361 5498 rebus
390 5447 672 5501 constabat
699 5451 1077 5508 sacerdotium.
1110 5453 1421 5513 Snl‘liciebat
1450 5461 1609 5530 igitur
1637 5464 1792 5519 nobis

194 5533 260 5587 ad
291 5526 680 5605 probationem,
706 5550 762 5595 ut
787 5542 915 5610 dixi,
943 5546 1088 5614 quod
1112 5563 1285 5617 neque
1311 5526 1591 5619 sacrificia,
1616 5571 1790 5625 neque

194 5623 622 5682 hoiocautomala
647 5670 662 5694 ,
696 5647 865 5702 neque
891 5636 1109 5707 reliquae
1147 5640 1542 5709 puriﬁcationes
1562 5686 1577 5713 ,
1614 5662 1787 5717 neque

194 5727 452 5783 prwtcrca
501 5723 788 5794 quidquam
832 5730 1030 5798 politiae
1081 5732 1319 5790 Judaica:
1358 5737 1652 5794 rediturum
1692 5742 1781 5797 sit.

191 5808 500 5880 Supererat,
520 5826 578 5868 ut
604 5816 1059 5879 demonstraretur
1087 5840 1373 5897 numquam
1409 5829 1524 5886 fore
1558 5842 1615 5887 ut
1647 5842 1780 5888 tem-

1478 382 1844 440 ADV'ERSUS
1880 382 2184 442 JUD/EOS.
2205 395 2211 400 '
2232 387 2339 442 ΥΠ.

1964 495 2106 564 plum
2148 498 2489 555 instauretttr.
2533 502 2663 558 Nam
2704 507 2843 563 sicut
2887 510 2976 565 illo
3019 528 3123 568 nou
3163 524 3340 571 stante
3378 518 3559 574 omnia
3642 521 3650 525 ”

3453 407 3557 460 illi!

1959 602 2101 641 nunc
2130 597 2253 643 sunt
2283 591 2554 663 abrogata,
2589 604 2644 651 et
2670 596 2716 653 si
2741 598 2868 670 quid
2894 601 3138 660 videatur
3170 605 3283 663 lieri
3311 652 3325 677 ,
3354 608 3556 668 facinus

1958 685 2041 730 est
2072 678 2329 736 adversus
2358 682 2529 754 legem
2568 705 2578 738 :
2612 688 2679 741 ita
2711 680 2991 761 posiquam
3021 694 3446 757 demonstratum
3475 714 3558 758 cet

1957 783 2247 839 numquam
2280 772 2393 828 fore
2432 786 2488 830 ut
2531 780 2788 848 templum
2827 784 3010 843 redeat
3038 787 3104 843 ad
3136 778 3418 858 pristinum
3446 805 3556 849 sta-

1959 868 2069 914 tum
2093 903 2107 927 ,
2135 863 2325 926 eadem
2366 881 2527 937 opera
2562 878 2616 924 et
2654 871 2782 927 illud
2810 873 3233 935 demonstratum
3261 893 3378 953 est,
3410 887 3555 955 quod
3609 924 3637 931 τι

1958 967 2131 1022 neque
2162 956 2344 1011 cmteri
2374 960 2507 1014 ritus
2534 972 2587 1017 ct
2615 965 2789 1021 cultus
2818 967 2886 1022 ad
2914 971 3194 1039 pristinum
3223 984 3421 1038 statum
3448 982 3557 1037 sint

1956 1043 2217 1115 redituri,
2259 1064 2367 1105 non
2406 1044 2659 1111 sacerdos
2696 1043 2905 1115 futurus
2943 1064 3206 1135 quispiam
3229 1109 3245 1137 ,
3288 1086 3394 1125 non
3436 1088 3549 1129 rex.

1954 1132 2171 1192 Etenim
2210 1141 2254 1194 si
2296 1157 2402 1197 non
2441 1144 2638 1203 licebat
2677 1151 2845 1207 cuivis
2872 1170 2939 1209 ex
2969 1156 3207 1226 ipsorum
3237 1166 3555 1233 cognatione

1953 1230 2197 1294 quamvis
2233 1232 2446 1302 plebeio
2468 1277 2485 1304 ,
2528 1240 2732 1296 servire
2762 1238 3078 1316 alienigenis
3104 1290 3119 1317 ,
3165 1230 3337 1314 multo
3383 1255 3555 1328 magis

1952 1315 2033 1371 las
2063 1334 2171 1373 non
2193 1332 2309 1377 erat
2334 1324 2507 1394 ipsum
2548 1345 2727 1401 regem
2758 1315 3071 1407 alienigenis
3096 1341 3308 1413 subjici.
3350 1344 3554 1403 Verum

1952 1411 2201 1477 quoniam
2239 1414 2326 1471 hic
2358 1420 2730 1478 contendimus
2765 1440 3129 1501 conamurque
3164 1411 3271 1490 non
3307 1447 3547 1507 tantum,

1954 1508 2007 1553 ut
2038 1501 2142 1556 illis
2172 1504 2483 1564 obturemus
2510 1526 2591 1579 os,
2618 1528 2805 1571 verum
2833 1520 2993 1575 etiam
3023 1532 3078 1577 ut
3106 1534 3338 1581 vestram
3363 1531 3550 1586 carita-

1952 1598 2059 1645 tem
2087 1596 2395 1654 erudidmus
2424 1618 2439 1655 :
2468 1618 2567 1673 age
2591 1604 2694 1660 hoc
2719 1606 2892 1678 ipsum
2920 1611 3134 1670 aliunde
3158 1616 3553 1679 demonstrabi-

1954 1696 2094 1750 mus,
2122 1685 2369 1760 videlicet
2397 1694 2538 1761 quod
2567 1695 2670 1749 illis
2696 1692 2749 1751 et
2775 1700 3158 1760 sacrificiorum
3184 1717 3237 1762 ct
3261 1711 3548 1769 sacerdotii

1948 1771 2069 1827 linis
2090 1778 2177 1841 sit,
2205 1779 2341 1837 adeo
2367 1792 2424 1838 ut
2451 1801 2740 1857 numquam
2759 1795 2989 1864 amplius
3016 1796 3082 1852 ad
3115 1801 3390 1868 pristinam
3418 1818 3545 1859 con-

1946 1869 2285 1926 suetudinem
2316 1874 2567 1932 hmcsint
2594 1868 3014 1953 reditura.'Quis
3044 1889 3203 1962 igitur
3232 1890 3349 1967 hare
3373 1896 3547 1953 dicit?

1946 1958 2307 2019 Admirandus
2327 1966 2419 2023 ille
2437 1984 2499 2024 ac
2521 1987 2744 2043 magnus
2766 1979 3022 2048 propheta
3046 1958 3230 2039 David.
3256 1962 3546 2046 Declarans

1943 2048 2089 2103 enim
2137 2052 2265 2109 illud
2306 2060 2689 2135 sacriﬁciorum
2733 2082 2902 2136 genus
2940 2086 3060 2127 esse
3099 2073 3419 2145 ejiciendum
3443 2123 3458 2149 ,
3490 2094 3546 2138 et

1944 2135 2088 2195 aliud
2130 2144 2527 2215 inducendum,
2554 2135 2789 2225 loquitur
2825 2160 2876 2214 in
2905 2157 3052 2219 hunc
3080 2135 3299 2225 modum
3331 2170 3345 2225 τ
3376 2135 3545 2229 uitii

1942 2230 2431 2304 fccistitu,Domine
2456 2240 2773 2318 Deusmeus,
2792 2253 3044 2309 mirabilia
3075 2268 3181 2328 tua,
3209 2273 3254 2315 et
3283 2265 3544 2335 cogitatio-

1943 2324 2090 2381 nibus
2119 2330 2219 2387 tuis
2245 2332 2346 2387 non
2372 2344 2445 2389 est
2471 2340 2557 2409 qui
2581 2340 2759 2396 similis
2781 2345 2846 2398 sit
2873 2347 2963 2401 tibi
2986 2364 3006 2403 :
3033 2324 3367 2421 annuntiavi:
3391 2368 3441 2413 et
3464 2360 3544 2414 lo-

2146 2438 2259 2474 sum
2280 2423 2501 2518 (Psalm.
2526 2429 2615 2485 59.
2643 2432 2718 2504 6).
2746 2434 2880 2491 Vide
2902 2442 3177 2510 prophetae
3199 2449 3540 2518 sapientiam.

1942 2499 2043 2563 Ubi
2059 2508 2299 2579 dixisset,
2319 2514 2487 2572 Multa
2502 2520 2665 2588 fecisti
2690 2533 2769 2593 tu,
2795 2526 3013 2586 Domine
3039 2532 3177 2591 Deus
3195 2499 3353 2606 melus,
3382 2547 3541 2598 mira-

1938 2596 2195 2699 biliagtua,
2226 2607 2555 2675 stupefactus
2580 2613 2936 2677 admiratione
2961 2624 3127 2681 divini
3156 2596 3375 2699 Opificii,
3405 2635 3540 2693 nihil

1937 2688 2004 2743 de
2025 2686 2331 2752 conditione
2353 2713 2532 2757 rerum
2554 2698 2707 2761 nobis
2728 2710 3166 2788 'conspicuarum,
3187 2723 3533 2799 ctnli,‘tcrr:n,

1937 2783 2134 2852 maris,
2165 2795 2218 2841 ct
2242 2804 2396 2863 aqua:
2415 2834 2430 2859 ,
2458 2803 2514 2849 et
2539 2797 2673 2867 ignis
2694 2842 2707 2864 ,
2740 2816 2845 2856 nou
2878 2804 2946 2861 de
2972 2812 3252 2880 stupendis
3279 2792 3383 2872 illis
3410 2834 3536 2889 pro~

1937 2870 2113 2943 digiis,
2137 2891 2257 2947 quae
2282 2882 2590 2941 acciderunt
2616 2889 2667 2943 in
2697 2889 2951 2965 Egypto,
2977 2870 3083 2954 non
3106 2901 3174 2959 de
3199 2870 3535 2965 cmterislhu-

1929 2961 2165 3031 jusmodi
2214 2971 2487 3029 miraculis
2514 2976 2567 3043 ³,
2599 2981 2692 3035 sed
2735 2961 2858 3053 qua;
2899 2987 3028 3043 dicit
3070 3007 3190 3050 esse
3233 2998 3535 3058 miracula?

1937 3055 2262 3124 Sacriﬁcium
2300 3072 2348 3115 et
2386 3063 2690 3124 oblationem
2731 3076 2938 3132 noluisti
2968 3080 2997 3151 ’(
3020 3079 3103 3137 1b.
3134 3098 3183 3139 υ.
3215 3087 3310 3158 7).
3354 3078 3489 3160 Quid

1933 3147 2178 3219 obsecro,
2202 3154 2378 3211 dicis?
2400 3159 2478 3213 An
2503 3161 2634 3217 illud
2657 3147 3081 3238 stupendum‘est
3107 3190 3170 3232 ac
3194 3147 3534 3240 mirandumi

1929 3238 2275 3313 Nequaquam
2300 3289 2315 3314 ,
2350 3249 2567 3320 inquit;
2606 3268 2709 3310 non
2736 3243 2881 3314 enim
2914 3266 3012 3319 hoc
3040 3268 3209 3323 solum
3242 3273 3401 3341 vidit,
3435 3279 3531 3333 sed

1930 3332 2134 3389 ca'litus
2165 3336 2386 3393 edoctus
2416 3346 2778 3414 prospiciebat
2816 3356 2986 3409 ocufis
3026 3360 3351 3428 prepheticis
3383 3332 3531 3422 iutu-

1929 3438 2049 3477 rum
2081 3434 2139 3479 ut
2176 3437 2362 3496 gentes
2399 3432 2827 3505 adducerentur,
2860 3452 2914 3497 et
2952 3451 3222 3516 quomodo
3259 3457 3347 3523 qui
3380 3460 3530 3527 prius

1928 3522 2083 3569 erant
2119 3518 2316 3576 addicti
2356 3522 2458 3577 diis
2482 3568 2497 3593 ,
2539 3528 2894 3604 colcbantque
2932 3537 3171 3609 lapides,
3216 3518 3527 3607 miseriores

1926 3605 2057 3675 ipsis
2104 3609 2271 3667 brutis
2314 3627 2534 3683 repente
2575 3620 2747 3677 visum
2790 3628 3130 3699 reciperent,
3176 3641 3526 3714 omniumque

1926 3697 2209 3755 Dominum
2238 3704 2591 3774 agnoscerent
2610 3753 2626 3778 ,
2657 3728 2719 3767 ac
2756 3717 2947 3775 relicto
2977 3722 3186 3793 impuro
3215 3697 3523 3792 dmunonhm

1925 3792 2071 3847 cultu
2098 3806 2232 3863 pure
2251 3798 2491 3870 citraque
2510 3807 2821 3876 sanguinem
2845 3811 3011 3867 D‘eum
3037 3792 3297 3877 colerent.
3324 3824 3522 3887 Simul-

1924 3897 2028 3951 que
2067 3883 2389 3957 intelligens,
2430 3893 2572 3961 qu'od
2613 3910 2720 3951 non
2765 3900 2841 3955 illi
2882 3904 3076 3974 solum,
3113 3911 3207 3965 sed
3255 3924 3303 3970 et
3347 3883 3519 3976 Judaei

1922 3973 2279 4044 simpliciores
2299 3980 2484 4037 relicta
2511 3984 2829 4057 hostiarum,
2850 3992 3359 4075 holocautomatuin,
3382 4012 3517 4067 alio-

1921 4079 2147 4137 rumque
2175 4074 2532 4141 corporalium
2560 4080 2755 4137 rituum
2784 4086 3158 4154 observatione
3183 4098 3248 4151 ad
3276 4074 3515 4160 noStram

1920 4167 1975 4213 et
1995 4158 2093 4229 ipsi
2115 4162 2506 4236 philosophiam
2533 4172 2945 4247 adducerentur,
2972 4185 3236 4259 simulque
3257 4206 3514 4264 reputans

1917 4249 2242 4308 inell'abilem
2274 4256 2369 4312 Dei
2396 4274 2521 4330 erga
2547 4277 2714 4333 genus
2745 4268 3035 4329 humanum
3066 4249 3363 4351 caritatem,
3393 4284 3513 4356 qua:

1916 4353 2134 4412 superat
2160 4362 2373 4404 omnem
2402 4351 2725 4412 intellectum
2748 4402 2765 4427 ,
2799 4370 2855 4417 et
2877 4369 3130 4425 attonitus
3158 4351 3513 4437 admiratione

1917 4443 2075 4490 tanta:
2115 4440 2429 4497 mutationis
2468 4444 2697 4515 futurte,
2738 4463 2793 4505 et
2835 4455 2993 4524 quam
3052 4463 3366 4523 mirabiliter
3408 4470 3510 4529 ista

1916 4524 2058 4580 Deus
2084 4527 2137 4581 in
2164 4530 2324 4585 alium
2351 4534 2592 4591 ordinem
2619 4543 2973 4601 translaturus
2996 4563 3158 4621 esset,
3183 4563 3237 4610 et
3264 4556 3511 4619 homines

1888 4632 1979 4681 _ex
2006 4619 2339 4679 daemonibus
2362 4625 2599 4684 facturus
2627 4626 2846 4704 angelos
2866 4678 2882 4704 ,
2915 4654 2977 4695 ac
3005 4643 3125 4697 vitae
3144 4619 3319 4717 genus
3349 4650 3512 4708 indu-

1910 4717 2093 4765 cturus
2121 4714 2266 4768 caelis
2295 4715 2534 4787 dignum.

1983 4801 2309 4874 Sacri/icium
2360 4827 2450 4880 per
2476 4827 2662 4885 corpus
2687 4802 2895 4878 Christi.
2927 4854 2995 4865 —-
3017 4825 3149 4883 Tum
3190 4834 3332 4903 quod
3386 4837 3504 4896 lucc

1907 4896 2087 4950 omnia
2134 4909 2315 4954 essent
2363 4902 2539 4960 futura
2566 4917 2749 4967 vetere
2798 4917 3063 4974 sacrificio
3090 4904 3505 4992 abolito,'etal-

1909 4993 2025 5042 tero
2064 4990 2117 5043 in
2141 4990 2301 5048 'illius
2352 4995 2528 5052 locum
2554 5000 2716 5057 ducto
2760 5021 2858 5075 per
2900 5024 3096 5082 corpus
3119 4990 3364 5074 Christi:
3397 5021 3498 5075 ad-

1907 5079 2130 5135 miratus
2158 5093 2337 5139 autem
2370 5100 2433 5142 ac
2472 5092 2804 5162 stupefactus
2829 5079 3040 5158 dicebat
3071 5123 3085 5159 :
3122 5108 3292 5165 Nulla
3343 5125 3397 5168 tu
3418 5092 3502 5186 ife-

1904 5171 2016 5225 cisti
2048 5172 2190 5228 Deus
2217 5178 2471 5233 mirabilia
2498 5191 2604 5237 tua.
2632 5186 2700 5239 Et
2747 5191 2889 5257 quod
2919 5209 2984 5247 ex
3028 5210 3254 5264 persona
3301 5171 3500 5267 Christi

1905 5274 2072 5321 totum
2102 5268 2205 5324 hoc
2233 5272 2542 5330 vaticinium
2592 5278 2821 5336 ediderit
2870 5285 3107 5355 docens,
3165 5276 3287 5349 cum
3311 5297 3497 5363 ‘disiss

1901 5368 2020 5412 set:
2074 5358 2405 5430 Sacriﬁcium
2462 5377 2510 5420 et
2557 5370 2862 5436 oblationem
2918 5381 3171 5451 noluisti,
3218 5389 3447 5462 subjecit
3478 5437 3491 5461 ,

1896 5447 2099 5520 Corpus
2140 5463 2310 5509 autem
2354 5459 2629 5531 adaptasti
2662 5465 2823 5531 mihi;
2867 5470 2935 5527 de
2989 5447 3217 5546 corpore
3272 5447 3497 5555 lo'qucns

1894 5539 2162 5598 dominico
2196 5585 2212 5610 ,
2257 5552 2527 5607 communi
2569 5564 2668 5623 pro
2710 5565 2822 5613 toto
2862 5562 2992 5618 orbe
3025 5539 3496 5645 sacriﬁcio,.quod

1902 5644 2119 5691 nostras
2144 5639 2450 5707 puriﬁcavit
2476 5645 2681 5701 animas
2705 5690 2719 5714 ,
2753 5663 2968 5729 peccata
2996 5656 3241 5717 dissolvit
3279 5665 3321 5730 ’,
3352 5639 3495 5723 mor-

1954 5726 3012 5817 Lti'fijj’fé’ﬁuffffffﬂ
3041 5758 3174 5815 sum;
3196 5752 3285 5805 ειια
3306 5755 3489 5817 uirens.

1887 5787 2028 5858 addit
2045 5800 2073 5858 _:_
2094 5790 2395 5854 sacri/ictum
2411 5787 2457 5845 et
2480 5787 2786 5858 oblalinnmu,
2808 5787 2905 5857 22152

1954 5850 1973 5879 ²
2008 5850 2196 5915 Aliquot
2213 5850 2349 5904 ςπεδά
2378 5864 2432 5905 Et
2453 5866 2650 5921 peccata
2662 5850 2865 5919 Induit:
