4142 6332
714 376 817 432 ιιι)

711 503 819 547 tem
861 486 1152 552 exstinxit,
1207 482 1367 538 cmios
1413 480 1657 550 aperuit,
1694 478 2019 546 multamque
2065 489 2129 529 ac
2173 488 2289 528 ma-

710 597 870 652 gnam
910 593 1060 650 spem
1105 575 1261 632 nobis
1313 572 1588 638 ostendit,
1626 572 1927 638 emteraque
1975 565 2297 637 prmparavit

711 671 915 738 omnia,
974 683 1095 740 qua:
1120 665 1336 738 quidem
1385 671 1441 719 et
1478 661 1672 717 Paulus
1715 658 1902 714 videns
1933 656 2290 713 exclamavit.

710 754 894 823 dicens
925 780 938 818 :
972 760 1017 815 0
1051 756 1269 813 altitudo
1312 754 1607 809 divitiarum
1632 760 1679 806 et
1716 749 1980 821 sapientia
2002 756 2049 802 et
2077 746 2298 800 scientia:

709 856 833 913 Dei!
851 869 1003 924 quam
1022 848 1368 906 inscrutabilia
1388 843 1908 917 sunt-judiciaejus,et
1921 836 2295 908 investigabiles

709 941 804 994 via:
831 921 941 1009 ejus
960 935 1137 1009 (Rom.
1159 934 1247 988 11.
1271 933 1360 1002 ’55)
1388 931 1402 985 ι
1432 930 1556 985 Haec
1579 929 1739 998 igitur
1753 925 1930 981 omnia
1962 921 2298 994 prospiciens

706 1031 959 1088 dicebat:
1000 1028 1167 1084 Multa
1203 1026 1365 1097 fecisti
1409 1033 1483 1091 tu,
1515 1022 1731 1097 Domine
1768 1018 1906 1073 Deus
1946 1033 2108 1082 meus,
2136 1016 2296 1068 mira-

708 1128 829 1203 bilia
857 1134 964 1179 tua.
1014 1120 1213 1178 Deinde
1252 1135 1373 1176 cum
1413 1134 1478 1173 ex
1531 1129 1758 1197 persona
1785 1111 1981 1167 Christi
2021 1109 2291 1165 dixisset:

710 1198 1138 1271 Holocautomata
1164 1221 1211 1267 et
1228 1227 1321 1283 pro
1354 1218 1556 1281 peccato
1582 1188 1683 1261 non
1710 1204 1954 1275 probasti,
1991 1199 2291 1270 subjunx'rf':

707 1308 851 1365 Tunc
874 1309 1003 1375 dixi,
1034 1296 1145 1362 ec‘ce
1169 1306 1310 1360 venio
1342 1302 1510 1375 (Psal.
1535 1301 1623 1357 59.
1653 1300 1705 1355 7.
1734 1297 1813 1370 8).
1842 1296 2023 1362 Tunc;
2048 1292 2295 1363 quando?

706 1400 1197 1473 Cum-perfectioris
1227 1397 1483 1454 doctrinm
1513 1403 1726 1464 tempus
1747 1401 1847 1447 est.
1878 1389 2011 1445 Nam
2054 1383 2296 1455 imperfe-

705 1496 871 1551 ctiora
910 1510 938 1548 a
970 1492 1138 1548 servis
1168 1491 1282 1560 ejus
1321 1496 1474 1545 erant
1499 1485 1748 1543 discenda
1770 1522 1791 1551 ,
1830 1479 2135 1537 sublimiora
2162 1490 2295 1531 vero

705 1597 759 1644 ct
814 1586 1109 1649 humanam
1178 1580 1483 1652 superantia
1550 1587 1827 1639 naturam,
1878 1572 1949 1626 ab
2002 1572 2117 1640 ipso
2163 1567 2295 1637 legis

706 1691 948 1737 auclore.
975 1678 1099 1734 Ideo
1124 1687 1179 1732 et
1208 1675 1402 1731 Paulus
1430 1672 1638 1727 dicebat
1672 1687 1683 1723 :
1717 1665 2058 1737 Multifariam
2081 1660 2296 1714 multis-

706 1791 803 1845 que
850 1772 1014 1826 modis
1069 1770 1193 1824 olint
1249 1766 1390 1821 Deus
1447 1765 1683 1837 loquutus
1734 1757 1960 1830 patribus
2010 1752 2192 1807 nostris
2242 1751 2295 1804 in

706 1864 964 1937 prophetis
993 1878 1010 1916 :
1035 1859 1269 1915 extremis
1300 1857 1434 1911 hisce
1462 1853 1634 1907 diebus
1679 1851 1915 1920 loquutus
1958 1854 2029 1899 est
2073 1842 2212 1897 nobis
2241 1841 2296 1893 in

706 1958 846 2013 Filio
870 1998 885 2023 ,
941 1972 1087 2025 quem
1141 1952 1400 2007 constituit
1435 1945 1665 2002 heredem
1696 1940 1920 1996 onmium
1946 1980 1961 2003 ,
2023 1953 2113 2004 per
2149 1935 2295 2004 quem

705 2054 825 2123 fecit
866 2061 912 2107 et
949 2049 1135 2105 scecula
1166 2045 1347 2116 (Ilebr.
1382 2043 1433 2123 1.
1482 2041 1532 2095 1.
1573 2037 1652 2103 2).
1685 2036 1759 2090 Ac
1786 2044 1973 2089 rursus
2012 2028 2247 2123 Joannes
2276 2042 2295 2078 ηε

708 2117 817 2199 ζεῖ
840 2160 935 2213 per
981 2141 1177 2194 Mosam
1208 2137 1331 2190 data
1372 2122 1443 2187 est
1465 2174 1478 2197 ,
1509 2129 1673 2202 gratia
1718 2136 1763 2180 et
1790 2124 2090 2193 veritas‘per
2115 2117 2292 2173 Jcsum

710 2235 968 2293 Christum
998 2234 1135 2303 facta
1162 2239 1233 2285 est
1263 2226 1440 2299 (Joan.
1472 2226 1524 2279 1.
1557 2219 1667 2303 17).
1700 2219 1881 2287 Itaque
1931 2215 2047 2269 haec
2088 2223 2297 2267 summa

706 2328 841 2399 legis
882 2302 1003 2381 laus
1040 2335 1155 2390 est,
1195 2320 1337 2393 quod
1366 2333 1427 2375 ea
1480 2302 1724 2372 naturam
1768 2310 2053 2365 humanam
2093 2309 2171 2375 illi
2202 2302 2296 2358 do-

707 2420 842 2475 clori
870 2416 1205 2490 prteparavit.
1238 2411 1437 2469 Deinde
1464 2425 1529 2464 ne
1560 2415 1775 2479 putares
1801 2403 1942 2457 hunc
1961 2414 2079 2456 esse
2106 2392 2298 2451 recen-

707 2522 817 2568 tem
863 2489 1073 2573 Deum,
1115 2516 1207 2561 aut
1268 2502 1466 2574 aliquid
1514 2514 1682 2569 nuper
1731 2496 2003 2551 inventum
2062 2489 2335 2553 aiierre,’

709 2604 833 2660 audi
877 2601 1001 2674 quid
1032 2599 1205 2654 dicit:
1240 2595 1304 2649 In
1330 2594 1493 2663 capite
1542 2591 1656 2645 libri
1703 2588 1947 2656 scriptum
1997 2592 2070 2637 est
2119 2582 2180 2634 de
2218 2594 2297 2633 me

711 2672 1008 2770 (Ρδίιιξὸξ).
1041 2692 1120 2761 8).
1147 2690 1265 2745 Jam
1304 2687 1429 2742 olim
1472 2698 1649 2739 meum
1704 2679 1992 2734 adventum
2034 2672 2296 2743 prcedixe-

711 2764 834 2845 runt
885 2785 1157 2857 prOpheIa:
1182 2823 1198 2849 ,
1235 2789 1290 2849 et
1337 2780 1391 2833 in
1420 2777 1570 2832 initio
1604 2773 1863 2828 librorum
1912 2782 2044 2823 meae
2107 2764 2299 2819 divini-

710 2884 835 2939 tatis
880 2878 1239 2951 cognitionem
1284 2874 1457 2928 obiter
1503 2866 1809 2923 hominibus
1836 2858 2223 2931 aperuerunt‘.

782 2976 835 3031 '5.
862 2948 1042 3041 itaque
1094 2983 1213 3024 cum
1248 2967 1388 3021 Deus
1443 2962 1570 3018 dicit
1618 2960 1769 3014 initio
1817 2953 2017 3011 conditi
2064 2948 2291 3005 mundi:

714 3065 987 3137 Faciamus
1018 3062 1267 3116 hominem
1298 3056 1365 3109 ad
1416 3051 1817 3108 similitudinem
1868 3054 2092 3099 nostram
2144 3041 2291 3113 (Gen.

715 3162 769 3217 Ι.
813 3134 925 3231 26),
956 3154 1287 3226 mnigmatice
1312 3149 1464 3204 nobis
1506 3144 1621 3199 Filii
1647 3141 1978 3196 divinitatem
2008 3136 2196 3206 aperit,
2229 3134 2293 3187 ad

706 3228 1157 3326 quem-loquitur.
1193 3246 1319 3298 Post
1348 3240 1464 3294 haec
1497 3236 1775 3316 declarans
1810 3232 1948 3284 hanc
1986 3230 2107 3282 vitae
2135 3228 2295 3282 ratio-

714 3321 840 3402 nem
871 3358 976 3399 non
1024 3350 1145 3395 esse
1188 3333 1350 3407 priori
1380 3328 1703 3386 contrariam
1732 3366 1747 3390 ,
1791 3321 1885 3379 sed
1932 3321 2033 3374 hoc
2083 3332 2294 3387 quoque

716 3438 951 3493 voluisse
979 3434 1183 3495 Deum,
1229 3439 1285 3481 ut
1334 3425 1424 3479 illo
1459 3420 1723 3477 sacriﬁcio
1766 3416 2039 3485 antiquato
2072 3412 2124 3464 in
2173 3409 2294 3475 ejus

1418 368 1476 423 S.
1508 364 1794 423 ‘JOANNIS
1831 360 2307 421 CllllYSOSTOlll
2346 362 3240 430 ARCIIIEPumNSTANTINOP.

3898 377 4005 433 aee

2406 474 2516 578 (qui
2564 493 2793 551 namque
2823 480 2927 538 hoc
2954 489 3235 541 conveniat
3261 485 3314 542 in
3346 501 3464 543 cum
3492 528 3506 553 ,
3533 488 3622 558 qui
3668 500 3752 543 est
3781 488 4009 560 ubique,

2404 575 2601 638 quique
2638 580 2827 626 cuncta
2870 575 3171 644 completi?
3208 577 3303 632 sed
3346 588 3441 649 per
3468 590 3686 653 carnem
3719 580 3875 635 nobis
3925 579 4002 633 la-

2405 669 2522 713 ctus
2552 670 2635 715 est
2671 666 3013 735 conspicuus.
3063 667 3330 725 Ceterum
3375 672 3625 741 quoniam
3660 688 3771 726 non
3825 673 3997 727 solum

2403 752 2661 810 adversus
2709 755 2927 813 Judmos
2974 768 3057 815 est
3106 762 3261 817 nobis
3324 777 3539 833 pugna,
3571 780 3782 820 -verum
3836 768 3998 821 etiam

2404 843 2955 917 adversus-Gentiles,
2988 866 3050 907 ac
3075 854 3271 909 multos
3298 855 3579 912 haereticos
3607 875 3621 911 :
3652 872 3751 927 age
3781 858 3999 928 profun-

2403 932 2607 989 diorem
2641 953 2857 994 sensum
2885 943 3170 1012 quemdam
3200 945 3285 1000 hic
3304 946 3453 1002 vobis
3480 949 3787 1017 aperiamus
3807 989 3821 1013 ,
3853 965 3997 1018 qutu-

2403 1042 2693 1099 ramusque
2732 1033 2856 1102 quid
2890 1035 3115 1090 tandem
3165 1037 3265 1093 sibi
3317 1038 3477 1101 velit,
3517 1040 3659 1109 quod
3690 1055 3816 1095 cum
3858 1041 3993 1096 Pau-

2402 1116 2486 1172 lus
2515 1120 2923 1181 innumerabilia
2966 1127 3180 1184 haberet
3211 1130 3511 1185 testimonia
3535 1173 3550 1197 ,
3583 1149 3703 1202 quae
3742 1135 3995 1190 docerent

2403 1223 2617 1266 cessare
2657 1214 2827 1283 legem
2869 1226 3185 1290 veteresque
3235 1221 3410 1287 ritus,
3466 1223 3621 1293 hujus
3685 1227 3930 1281 meminit
3975 1243 3990 1279 :

2404 1316 2581 1406 neque
2642 1308 2785 1361 enim
2834 1315 3041 1367 temere
3092 1328 3267 1384 neque
3322 1313 3540 1370 fortuito
3590 1316 3641 1371 id
3688 1316 3848 1384 fecit,
3903 1320 3995 1373 sed

2408 1400 2617 1450 ratione
2668 1412 2731 1452 ac
2774 1400 3033 1468 sapientia
3078 1403 3305 1472 quadam
3337 1404 3617 1460 ineffabili.
3646 1408 3801 1476 Quod
3853 1409 3993 1463 enim

2402 1485 2505 1538 alia
2546 1504 2755 1560 quoque
2790 1491 3047 1549 habuerit
3074 1497 3377 1553 testimonia
3402 1540 3418 1566 ,
3449 1508 3560 1554 tum
3604 1502 3810 1571 majora
3837 1542 3852 1567 ,
3884 1512 3993 1557 tum

2403 1579 2806 1639 vehementiora
2839 1627 2853 1665 ,
2881 1588 2926 1641 si
2970 1588 3224 1645 voluisset
3257 1591 3525 1648 adducere
3548 1635 3563 1661 ,
3594 1609 3784 1649 omnes
3825 1596 3991 1651 conﬁ-

2392 1671 2678 1752 tebuntur.
2727 1674 2888 1731 Isaias
2918 1678 3060 1733 enim
3104 1681 3179 1735 ait
3206 1683 3223 1714 ι
3260 1701 3273 1737 :
3325 1682 3447 1738 Non
3486 1695 3560 1739 est
3601 1686 3727 1741 mihi
3763 1689 3994 1742 voluntas

2402 1762 2458 1814 in
2504 1764 2672 1830 vobis,
2722 1766 2901 1837 plenus
2956 1770 3070 1824 sum
3109 1771 3603 1835 holocautomatibus
3651 1777 3908 1843 arietum;
3945 1787 3993 1832 et

2401 1858 2608 1927 adipem
2662 1877 2913 1931 agnorunt
2952 1871 3000 1917 et
3051 1866 3349 1936 sanguinem
3406 1877 3669 1921 taurorum
3720 1880 3766 1924 et
3832 1871 3995 1924 hirco-

2403 1964 2521 2001 rum
2560 1951 2677 2004 nolo
2707 1993 2722 2017 ,
2766 1969 2933 2024 neque
2974 1955 3019 2008 si
3054 1958 3297 2009 veneritis
3341 1958 3393 2010 in
3438 1968 3763 2030 conspectum
3808 1979 3992 2015 meum.

2390 2040 2537 2105 Quis
2565 2044 2698 2096 enim
2732 2045 2996 2115 acquisivit
3021 2046 3128 2100 [uec
3168 2047 3230 2101 de
3258 2048 3490 2104 manibus
3528 2038 3745 2106 vestris?
3771 2052 3835 2106 Si
3857 2053 3995 2106 obtu-

2400 2133 2567 2187 leritis
2609 2138 2736 2190 nti/ti
2784 2139 3156 2209 similaginem,
3202 2142 3398 2213 frustra
3450 2144 3648 2212 facietis
3677 2159 3699 2198 :
3742 2146 3994 2199 incensum

2401 2224 2719 2281 abominatio
2747 2230 2871 2281 mihi
2898 2240 2971 2283 est
2999 2229 3151 2297 (Isai.
3186 2231 3475 2302 1.·11-13).
3510 2233 3577 2287 Et
3606 2233 3732 2288 alibi
3763 2250 3991 2290 rursum:

2404 2314 2533 2368 Non
2583 2334 2715 2371 nunc
2750 2320 2991 2373 advocavi
3040 2320 3327 2388 te,Jacob,
3362 2340 3519 2393 neque
3569 2325 3851 2379 molestiam
3908 2328 3994 2380 tibi

2404 2408 2634 2472 exhibui,
2654 2407 2821 2463 Israel
2846 2453 2859 2476 ,
2891 2426 2990 2464 non
3018 2413 3313 2482 glori/icain
3344 2431 3422 2467 me
3441 2416 3492 2467 in
3524 2417 3811 2485 sacriﬁciis,
3844 2435 3995 2487 neque

2400 2499 2623 2552 serviisti
2648 2501 2772 2553 mihi
2802 2502 2852 2555 in
2898 2502 3046 2557 donis
3068 2505 3194 2568 tuis;
3232 2522 3392 2575 neque
3430 2508 3520 2560 tibi
3556 2510 3793 2563 molestus
3840 2514 3913 2580 fui
3945 2514 3995 2563 iu

2398 2594 2591 2662 thure,
2642 2613 2798 2665 neque
2837 2600 3029 2675 parasti
3069 2599 3193 2652 mihi
3239 2610 3450 2669 argento
3496 2603 3716 2671 sit/ﬁlum
3750 2603 3859 2675 (Id.
3905 2606 3991 2656 43.

2394 2687 2485 2741 22.
2512 2685 2619 2759 9.3)
2647 2704 2662 2741 :
2688 2686 2947 2744 Jeremias
2973 2696 3150 2742 autem
3182 2704 3197 2741 :
3227 2685 3307 2740 Ad
3323 2686 3445 2756 quid
3478 2686 3600 2738 mihi
3641 2685 3756 2737 thus
3791 2701 3817 2736 e
3848 2682 3987 2737 Saba

2394 2778 2591 2847 oﬂers,‘
2616 2787 2664 2831 et
2683 2781 3071 2835 cinnamomum
3093 2786 3136 2829 et
3161 2788 3293 2830 terra
3327 2777 3644 2847 longinqua?
3673 2774 3990 2829 Holocauto-

2400 2880 2537 2927 mata
2563 2880 2726 2924 vestra
2764 2885 2863 2921 non
2885 2869 3252 2921 delectaverunt
3300 2882 3378 2920 me
3412 2867 3638 2939 (Jerem.
3672 2865 3724 2920 6.
3753 2865 3881 2937 20’).
3914 2870 3989 2921 Ac

2398 2986 2611 3032 rursus,
2645 2966 3077 3023 Holocautomata
3097 2974 3400 3018 vestrauna
3424 2979 3539 3016 cum
3582 2964 3789 3029 reliquis
3830 2966 3991 3018 sacri—

2397 3065 2526 3132 ﬁciis
2566 3065 2738 3117 vestris
2788 3061 3041 3130 colligite,
3086 3070 3132 3114 et
3173 3058 3414 3111 comedite
3459 3075 3635 3111 carnes
3695 3057 3878 3129 (Idem
3934 3060 3988 3111 7.

2395 3158 2516 3231 21).
2547 3159 2614 3215 Ει
2638 3159 2769 3212 alius
2791 3158 3009 3225 insuper
3038 3152 3415 3223 prophetarum
3472 3154 3547 3207 sic
3599 3154 3674 3207 ait
3708 3171 3722 3207 :
3758 3155 3921 3225 Aufer
3958 3173 3991 3209 α

2394 3270 2472 3307 me
2508 3253 2767 3321 strepitum
2807 3250 3093 3340 cantionum
3125 3258 3346 3312 tuarum,
3388 3254 3433 3299 et
3482 3247 3734 3314 psalmum
3774 3262 3994 3319 organo.

2389 3359 2501 3398 rum
2534 3352 2735 3397 tuorum
2769 3360 2869 3397 non
2896 3343 3104 3398 audiam
3130 3341 3147 3407 (
3164 3343 3316 3394 Amos
3346 3342 3400 3397 5.
3433 3339 3559 3407 25).
3583 3341 3790 3396 Rursus
3818 3343 3986 3409 alibi,

2386 3452 2511 3493 cum
2552 3436 2719 3491 Judaei
2765 3435 3003 3489 dicerent
3040 3452 3052 3487 :
3099 3434 3177 3487 An
3208 3433 3419 3503 accipiet
3456 3433 3706 3488 Dominus
3746 3436 3800 3488 in
3840 3436 3991 3489 holo-

714 3527 1080 3593 vehcmcntia,
1147 3536 1251 3575 non
1316 3515 1697 3575 contrarietas,
1746 3508 1860 3577 (ίιιιῑ
1930 3506 2142 3580 Pugna)
2214 3502 2302 3559 "bi
2390 3530 2775 3587 cautomatibus.
2811 3530 2854 3581 si
2903 3529 3086 3581 dedero
3132 3528 3465 3599 primogenita
3507 3546 3617 3581 mea
3664 3546 3755 3595 pro
3802 3530 3988 3597 impie-

723 3622 944 3674 dixisset
990 3638 1006 3671 :
1040 3617 1102 3670 in
1147 3613 1309 3681 capite
1339 3612 1451 3664 libri
1486 3610 1727 3678 scriptum
1767 3614 1836 3659 est
1867 3608 1929 3658 de
1969 3621 2046 3658 me
2072 3645 2086 3670 ,
2117 3603 2296 3673 subje-

723 3717 795 3770 cit
838 3728 851 3764 :
909 3709 976 3765 Ut
1010 3709 1226 3777 facerem
1270 3707 1577 3759 voluntatem
1636 3712 1794 3767 tuam,
1824 3699 1998 3763 Deus,
2065 3698 2199 3751 volui
2252 3704 2298 3749 et

721 3803 885 3871 legem
925 3811 1063 3855 tuam
1099 3801 1153 3853 in
1207 3799 1369 3852 medio
1424 3796 1608 3849 ventris
1635 3794 1751 3881 .mei
1776 3790 1951 3865 (Psal.
1982 3792 2069 3846 59.
2108 3792 2160 3845 8.
2218 3789 2296 3862 ll).

720 3896 850 3951 Post
878 3909 1148 3964 exponens
1172 3935 1186 3956 ,
1244 3907 1363 3961 quae
1424 3888 1635 3943 tandem
1686 3895 1831 3942 esset
1867 3885 2112 3939 voluntas
2155 3885 2245 3939 Dei
2278 3925 2293 3950 ,

722 3989 1081 4061 praetermissa
1103 3986 1374 4041 mentione
1418 3982 1707 4061 hostiarum
1728 4020 1743 4044 ,
1792 3979 2295 4043 holocautomatum,

722 4080 1079 4145 oblationum,
1118 4077 1357 4131 laborum
1403 4088 1466 4128 ac
1512 4058 1764 4129 sudorum
1792 4112 1805 4135 ,
1856 4070 1966 4123 ait:
1996 4069 2299 4122 Annunliavi

718 4173 967 4246 iustitiam
993 4171 1046 4223 in
1074 4167 1298 4223 Ecclesia
1327 4180 1509 4236 magna
1532 4162 1635 4235 (Ib.
1660 4178 1707 4215 v.
1749 4162 1860 4232 10).
1889 4160 2024 4227 Quid
2054 4169 2135 4215 est
2175 4161 2296 4225 hoc,

722 4261 1030 4317 Annuntiavi
1064 4259 1321 4330 justitiam
1356 4257 1411 4309 in
1463 4254 1694 4309 Ecclesia
1720 4253 1938 4324 magna?
1974 4252 2089 4306 Non
2129 4252 2295 4318 diuit,

721 4356 842 4418 dedi
871 4354 1026 4419 :sed,
1072 4351 1384 4406 annuntiavi.
1413 4348 1550 4417 Quid
1593 4347 1805 4402 tandem
1859 4345 2190 4416 igitur?Non
2232 4361 2298 4399 ex

719 4446 1011 4507 benefactis
1036 4470 1058 4513 ,-
1104 4460 1202 4500 nec
1240 4442 1542 4509 laboribus,
1588 4455 1688 4495 nec
1716 4439 2059 4509 pensatione,
2088 4437 2179 4492 scd
2231 4452 2298 4491 ex

719 4543 831 4598 sola
868 4540 1033 4611 gratia
1071 4535 1378 4607 justiﬁcavit
1420 4548 1587 4604 genus
1613 4540 1872 4587 nostrum.
1902 4528 2051 4597 Quod
2078 4539 2130 4583 ct
2161 4530 2297 4582 Pau-

721 4638 803 4689 lus
840 4632 1116 4687 declarans
1145 4628 1270 4683 dicit
1299 4645 1311 4680 :
1342 4626 1491 4679 Nunc
1520 4635 1686 4678 autem
1723 4623 1908 4693 absque
1956 4621 2061 4692 lege
2095 4622 2297 4691 justitia

726 4726 820 4779 Dei
852 4724 1172 4793 manifestata
1200 4729 1271 4773 est
1296 4717 1471 4791 (Rom.
1502 4717 1556 4772 5.
1596 4716 1690 4785 21)
1715 4734 1727 4769 :
1750 4713 1952 4784 justitia
1992 4720 2167 4793 autem
2203 4712 2303 4771 Dci.

723 4831 817 4887 per
840 4792 999 4869 iidem,
1032 4811 1155 4867 Jcsu
1183 4809 1380 4865 Christi
1408 4848 1423 4873 ,
1456 4822 1561 4861 non
1593 4821 1686 4875 per
1723 4805 1886 4858 ullum
1933 4792 2180 4858 sudorem
2203 4812 2296 4857 aut

724 4908 981 4962 laborem.
1010 4901 1079 4957 Et
1105 4903 1205 4955 hoc
1229 4908 1501 4967 assumpto
1524 4896 1828 4952 testimonio
1847 4895 2056 4948 bnncin
2081 4895 2293 4948 modum

726 5000 976 5070 loquitur.
1023 4994 1264 5051 Umbram
1310 4993 1444 5046 enim
1473 4989 1659 5044 habens
1689 4990 1770 5043 lea:
1798 4993 2082 5059 futurorum
2132 4997 2290 5042 bono-

721 5092 836 5147 rum
855 5134 870 5160 ,
897 5109 999 5145 non
1026 5091 1190 5163 ipsam
1235 5104 1403 5142 rerum
1449 5088 1715 5157 imaginem
1735 5128 1750 5151 ,
1783 5085 1996 5155 singulis
2015 5085 2161 5139 annis
2206 5085 2295 5137 iis-

724 5185 838 5239 dem
880 5182 1083 5248 hostiis,
1112 5194 1238 5251 quas
1277 5194 1474 5248 semper
1516 5176 1769 5242 offerunt,
1802 5192 2074 5244 numquam
2134 5184 2291 5243 potest

726 5274 1013 5330 accedentes
1054 5271 1299 5342 perfectos
1324 5269 1550 5324 reddere.
1585 5266 1710 5321 Ideo
1734 5267 2017 5337 ingrediens
2047 5266 2293 5318 mundum

724 5366 846 5426 dicit
873 5363 1216 5433 :sacriﬁcium
1246 5372 1293 5415 et
1327 5360 1624 5414 oblationem
1652 5358 1877 5421 noluisti,
1908 5374 2090 5426 corpus
2130 5365 2293 5407 autem

725 5457 977 5527 adaptasti
1004 5454 1127 5508 mihi
1157 5451 1338 5525 (Hebr.
1369 5451 1456 5506 10.
1488 5452 1540 5506 1.
1561 5451 1647 5521 5):
1671 5448 1973 5521 signiﬁcans
2000 5448 2290 5517 ingressum

728 5548 1003 5618 Unigeniti
1031 5552 1086 5603 in
1118 5544 1410 5618 mundum,
1456 5559 1551 5614 per
1596 5544 1773 5599 carnis
1822 5541 2289 5612 dispensationem.

725 5639 811 5695 Sic
844 5637 983 5691 enim
1014 5634 1078 5691 ad
1108 5651 1207 5691 nos
1234 5636 1421 5704 venit,
1468 5649 1570 5690 non
1598 5635 1771 5691 locum
1790 5634 1910 5689 loco
1934 5644 2288 5703 commntans,

790 5801 807 5829 ¹
839 5802 935 5851 Sex
960 5804 1083 5855 Mss,
1108 5808 1290 5857 aperta.

2386 3631 2630 3688 talemea,
2657 3623 2873 3682 fructum
2894 3620 3079 3673 ventris
3105 3621 3202 3692 mei
3233 3637 3323 3687 pro
3352 3630 3550 3689 peccato
3573 3620 3758 3674 anima:
3780 3618 3799 3690 (
3822 3620 3985 3674 .llich.

2368 3715 2446 3771 ‘6.
2476 3716 2588 3787 7)?
2618 3714 2882 3783 Propheta
2914 3714 3196 3783 increpans
3218 3713 3337 3767 illos
3359 3755 3373 3779 ,
3402 3712 3611 3767 dicebat
3647 3733 3659 3768 :
3691 3714 3988 3767 Annuntia-

2390 3817 2496 3863 tum
2528 3817 2599 3861 est
2646 3807 2762 3871 tibi,
2812 3808 2976 3868 homo,
3021 3805 3143 3874 quid
3172 3806 3233 3858 sit
3263 3806 3467 3867 bonum,
3492 3815 3543 3857 et
3571 3806 3693 3873 quid
3734 3805 3987 3861 Dominus

2390 3899 2528 3953 Deus
2556 3909 2747 3967 quan-at
2773 3901 2860 3952 abs
2891 3908 2955 3965 te,
2986 3908 3041 3951 ut
3078 3899 3267 3969 diligas.
3292 3899 3708 3963 misericordiam,
3743 3910 3790 3952 et
3821 3902 3986 3971 facins

2381 3992 2639 4063 judicium
2665 3992 3012 4060 etjustitiam,
3066 3999 3121 4043 ut
3174 4000 3380 4058 paratus
3435 3992 3502 4043 sis
3551 3990 3818 4043 annbularc
3872 4004 3986 4058 post

2390 4083 2666 4137 Dominum
2713 4081 2878 4135 Deum
2921 4092 3063 4135 tuum
3094 4081 3216 4151 (Ib.
3248 4099 3294 4135 v.
3328 4083 3425 4153 8
3474 4082 3634 4135 David
3662 4097 3875 4152 tutoque
3907 4085 3985 4136 sic

2390 4172 2597 4228 dicebat
2633 4192 2644 4225 :
2676 4169 2797 4227 Non
2841 4174 3089 4243 accipiam
3133 4172 3195 4225 de
3243 4173 3392 4225 domo
3436 4183 3521 4225 tua
3558 4173 3776 4239 vitulos,
3824 4191 3987 4239 neque

2402 4269 2464 4321 de
2504 4269 2735 4339 gregibus
2773 4268 2871 4321 tuis
2910 4269 3075 4321 hircos
3105 4266 3123 4337 (
3145 4265 3289 4321 Psal.
3344 4265 3434 4321 49.
3484 4265 3766 4335 9).Quarc
3790 4310 3805 4331 ,
3856 4283 3982 4322 cum

2407 4370 2485 4413 tot
2512 4370 2688 4430 posset
2718 4359 2909 4414 alicrre
2938 4359 3232 4413 testimonia
3253 4398 3268 4419 .
3310 4374 3404 4428 per
3454 4373 3571 4428 qum
3603 4358 3747 4414 Deus
3776 4360 3987 4414 videtur

2389 4454 2478 4509 illa
2522 4455 2783 4509 sacriﬁcia
2837 4445 3098 4521 rej’icere,
3155 4452 3496 4517 neomeuias,
3553 4452 3814 4519 sabbata,
3864 4453 3979 4506 dies

2388 4545 2573 4609 festos,
2621 4545 2867 4599 omnibus
2920 4544 3022 4598 illis
3070 4544 3303 4609 omissis,
3333 4544 3489 4613 hujus
3511 4544 3668 4598 unius
3696 4544 3982 4598 meminit?

2386 4641 2502 4696 Non
2559 4650 2761 4694 temere
2808 4639 2858 4693 id
2910 4638 3139 4703 factum,
3199 4652 3373 4705 neque
3430 4638 3681 4699 fortuito;
3727 4636 3819 4690 sed
3869 4639 3981 4702 jam

2387 4746 2603 4787 causam
2644 4730 3090 4785 dicemus.'Mulli
3128 4730 3405 4793 infideles,
3448 4738 3503 4783 et
3530 4744 3595 4783 ex
3626 4728 3828 4783 Judzcis
3854 4729 3983 4796 ipsis

2384 4830 2683 4894 pugnantes
2712 4822 2967 4878 adversus
2994 4838 3118 4887 nos,
3154 4822 3336 4876 dicunt
3378 4830 3610 4875 veterem
3661 4819 3982 4889 religionem

2386 4919 2714 4987 antiquatam
2770 4931 2927 4979 esse,
2973 4930 3076 4969 non
3129 4914 3270 4981 quod
3305 4914 3414 4981 ipsa
3457 4921 3599 4966 esset
3630 4909 3980 4980 imperfecta,

2388 5024 2560 5078 neque
2584 5008 2724 5078 quod
2754 5007 2965 5061 inducta
2988 5007 3055 5059 sit
3078 5006 3272 5075 major,
3296 5012 3473 5059 nostra
3502 5003 3748 5058 videlicet
3768 5003 3980 5072 religio,

2382 5077 2485 5155 sed,
2529 5077 2747 5168 propter
2786 5098 3180 5166 improbitatem
3222 5111 3429 5159 eorum,
3481 5077 3571 5164 qui
3629 5103 3739 5148 tum
3792 5093 3985 5148 offere-

2388 5187 2516 5245 bant
2564 5190 2846 5246 sacrilicia.
2879 5189 3098 5243 licsaias
3130 5188 3308 5255 itaque
3346 5186 3477 5241 dicit
3507 5202 3519 5238 :
3555 5184 3616 5240 Si
3659 5185 3986 5239 extenderitis

2386 5300 2567 5338 manus
2592 5292 2808 5346 vestras,
2838 5291 3056 5335 avertam
3096 5279 3269 5333 oculos
3296 5293 3432 5333 meos
3462 5295 3494 5331 a
3544 5278 3700 5332 vobis.
3735 5276 3798 5332 Si
3844 5278 3983 5331 mul—

2460 5554 2485 5623 ί.
2504 5558 2553 5600 tn
2578 5553 2861 5623 tribus-Mss.
2889 5550 3173 5623 si_c_|egitur
3197 5564 3211 5597 :
3244 5547 3417 5620 Isaiam.
3446 5559 3615 5597 eorum
3662 5546 3843 5623 bestius
3887 5562 3988 5620 me

2386 5613 2562 5665 invisas
2586 5616 2850 5676 ostendens.
2882 5611 2998 5662 dicit
3037 5609 3288 5676 personam
3330 5609 3417 5661 Dei
3438 5622 3609 5676 gerens
3657 5623 3673 5659 :
3708 5609 3833 5669 Quid
3872 5610 3989 5661 mihi

2391 5676 2559 5748 hostia
2575 5674 2789 5748 vestrae?
2810 5677 2979 5748 plenus
3003 5671 3140 5748 sum;
3172 5671 3456 5745 holocausta
3470 5672 3695 5748 ariettan,
3734 5682 3831 5721 etc.

2453 5740 2473 5769 ⁸
2500 5746 2548 5787 tn
2571 5738 2708 5786 savii.
2736 5736 2857 5800 etin
2882 5737 3561 5800 quilmsdtundmanuscriptis‘:
3582 5736 3990 5800 (ttolocautomnia

2390 5807 2545 5850 vestra
2576 5813 2683 5849 cum
2724 5791 2919 5862 reliquis
2962 5795 3217 5861 sacrificiis
3258 5791 3443 5847 vestris»
3463 5796 3621 5857 adici;
3669 5804 3716 5847 et
3756 5791 3987 5848 camedite

2389 5874 2577 5913 carnes.
