4160 6324
245 383 357 446 92f

246 499 600 577 tip't‘icaveritis
642 499 1032 557 obsecrationem
1052 539 1066 565 ,
1107 513 1206 551 non
1237 494 1510 550 exaudiam
1560 507 1683 546 vos:
1716 504 1840 544 mox

244 607 463 649 Causam
503 593 726 659 addens,
759 590 1135 662 prosequitur:
1161 587 1348 641 Manus
1373 587 1506 639 enim
1525 587 1702 638 vestra
1724 598 1843 682 san-

247 685 405 754 guine
434 683 599 754 plena:
627 681 866 754 (lsai.‘i.
913 678 1029 754 15).
1053 680 1167 734 Hoc
1204 686 1381 742 autem
1413 689 1521 730 non
1556 683 1639 729 est
1679 678 1836 726 sacri-

247 777 372 832 ﬁcia
397 791 689 842 accusare,
746 775 841 831 sed
894 773 1233 828 oﬂ’ercntium
1278 769 1614 840 iniquitatem
1657 766 1843 821 crimi-

242 867 391 921 a‘ari.
446 866 515 921 Et
549 865 674 921 ideo
702 875 816 920 non‘
859 873 1078 934 accepta
1131 863 1316 918 habuit
1362 857 1660 923 sacriﬁcia,
1693 855 1836 927 quod

241 973 312 1012 ea
351 957 599 1012 manibus
641 956 866 1026 impuris
934 955 1210 1011 offerrent.
1243 954 1476 1010 Rursum
1521 948 1689 1004 David
1715 963 1837 1003 eum

240 1048 474 1103 dixisset
506 1066 521 1102 :
557 1047 680 1103 Non
707 1049 961 1119 accipiant
996 1047 1060 1100 de
1111 1047 1261 1100 domo
1311 1055 1400 1098 tua
1435 1043 1620 1096 vitulos
1641 1081 1657 1106 ,
1683 1055 1843 1117 neque

239 1133 307 1191 de
328 1140 564 1210 gregibus
593 1141 691 1194 tuis
711 1139 881 1194 hircos
898 1136 1067 1211 (Psal.
1092 1135 1273 1223 49.9).
1303 1134 1501 1204 adjecit
1530 1151 1545 1187 :
1571 1130 1841 1186 Peccatori

239 1237 412 1283 autem
437 1230 568 1283 dixit
597 1227 767 1293 Deus,
795 1233 976 1294 Quare
993 1236 1050 1280 tu
1077 1239 1289 1280 enarras
1332 1225 1727 1290 iustitias‘meas
1746 1263 1760 1287 ,
1793 1233 1842 1275 et

240 1320 463 1373 assumis
513 1327 864 1373 testamentum
901 1332 1068 1370 meum
1098 1332 1189 1398 per
1228 1331 1286 1368 os
1320 1315 1504 1369 tuum?
1540 1313 1619 1367 Tu
1673 1322 1842 1366 autem

241 1411 400 1466 odisti
436 1411 764 1480 disciplinam
787 1451 802 1474 ,
844 1417 890 1463 et
929 1408 1159 1480 abjecisti
1191 1423 1448 1462 sermones
1489 1423 1626 1461 meos
1653 1415 1842 1460 retroro

241 1518 378 1555 sum.
407 1501 468 1557 Si
498 1501 701 1556 videbas
725 1502 893 1571 furem
912 1541 928 1568 ,
956 1499 1191 1554 currebas
1217 1516 1335 1553 cum
1367 1515 1454 1566 eo,
1483 1509 1529 1553 et
1549 1517 1664 1554 cum
1691 1500 1844 1554 adul-

222 1592 365 1645 teris
420 1576 707 1660 portionem
760 1602 900 1646 tuam
947 1593 1172 1662 ponebas
1215 1605 1236 1645 .'
1281 1607 1339 1645 os
1384 1600 1527 1645 tuum
1564 1593 1842 1647 abundavit

240 1681 475 1749 malitia,
515 1690 562 1736 et
586 1682 764 1753 lingua
813 1693 900 1735 tua
926 1681 1221 1736 contexebat
1262 1683 1408 1737 dolos
1440 1684 1659 1756 :sedens
1682 1726 1696 1750 ,
1739 1685 1839 1736 ad-

239 1786 414 1826 versus
451 1772 683 1840 fratrem
727 1781 872 1826 tuum
920 1772 1269 1837 obtrectabas,
1301 1783 1348 1826 et
1376 1774 1629 1828 adversus
1672 1775 1840 1844 ﬁlium

238 1863 418 1915 matris
465 1864 570 1918 tua:
609 1863 831 1933 ponebas
855 1865 858 1868 ’
881 1862 1248 1930 o/fendiculum
1296 1863 1472 1934 (Psal.
1505 1868 1599 1922 49.
1634 1865 1836 1939 lli-20).

239 1951 396 2009 Unde
423 1952 764 2024 perspicuum
805 1962 888 2010 est
912 1997 927 2021 ,
956 1955 1100 2024 quod
1127 1970 1234 2008 non
1291 1955 1376 2010 hic
1405 1946 1626 2010 omnino
1653 1955 1840 2024 rejecit

235 2038 540 2110 saeriﬁcia,
593 2043 690 2099 sed
761 2045 1012 2114 quoniam
1077 2045 1526 2113 mmcbabantur,
1586 2047 1836 2116 quoniam

233 2135 586 2202 furabantur,
619 2136 872 2206 quoniam
925 2134 1182 2190 fratribus
1237 2135 1648 2190 insidiabantur.
1680 2137 1836 2193 Certe

229 2242 358 2281 cum
405 2228 771 2298 unusquisque
819 2227 1202 2299 prophetarum
1232 2271 1246 2298 ,
1295 2230 1542 2299 inquiunt
1573 2271 1588 2298 ,
1621 2240 1838 2285 accuset

228 2317 524 2374 offerentes
607 2319 866 2374 sacriﬁcia
897 2361 912 2386 ,
984 2322 1062 2378 sic
1132 2321 1220 2376 illa
1299 2323 1469 2379 Deum
1565 2324 1836 2393 respuisse

228 2407 382 2462 dicit.
551 2479 554 2484 λ
671 2479 683 2486 ν

307 2500 356 2553 4.
383 2500 651 2556 Probatur
705 2507 866 2574 legem
913 2504 1167 2559 sublatam
1192 2506 1352 2576 fuisse
1375 2523 1480 2561 non
1530 2507 1593 2560 ob
1625 2518 1834 2577 peccata

223 2591 535 2647 Judazorum
558 2637 572 2662 ,
603 2596 691 2650 sed
717 2598 855 2666 quod
899 2599 1194 2670 imperfecta
1221 2608 1368 2653 esset.
1385 2629 1460 2640 —
1482 2601 1611 2655 Htec
1640 2600 1832 2656 adver-

227 2678 364 2740 sarii
387 2687 564 2741 nostri
611 2688 822 2755 dicunt,
851 2691 946 2745 sed
977 2692 1173 2747 Paulus
1200 2692 1303 2747 illis
1330 2694 1536 2763 plagam
1561 2695 1690 2748 satis
1719 2711 1830 2749 ma-

224 2778 659 2846 gnam‘inﬂixit,
693 2791 747 2835 et
772 2781 985 2849 abunde
1010 2783 1224 2838 illorum
1261 2785 1617 2853 impudentiae
1661 2787 1827 2842 silen-

227 2863 366 2919 tium
425 2869 711 2937 imposuit,
761 2870 864 2925 hoc
923 2874 1250 2927 testimonio.
1304 2876 1436 2930 Cum
1484 2879 1627 2930 enim
1667 2878 1830 2932 vellet

224 2957 556 3026 ostendere,
600 2961 768 3014 Deum
814 2963 986 3033 ipsam
1035 2963 1344 3019 Judceorum
1398 2967 1712 3036 religionem
1771 2978 1830 3023 ut

223 3044 676 3118 imperfectiorem
723 3056 1015 3123 rejecisse,
1085 3057 1396 3127 irritamque
1443 3059 1673 3126 fecisse,
1724 3060 1827 3115 hoc

223 3141 526 3210 assumpsit
568 3144 970 3214 testimonium,
1027 3146 1080 3200 in
1125 3163 1231 3217 quo
1270 3151 1540 3203 accusatio
1589 3151 1824 3206 oﬂ‘cren-

222 3215 360 3285 tium
408 3233 717 3301 nulla-est,
760 3237 855 3290 sed
904 3238 1072 3307 ipsius
1142 3215 1415 3308 religionis
1485 3241 1824 3310 imperfectio

220 3322 367 3376 nuda
411 3339 508 3395 per
529 3341 589 3380 se
615 3326 936 3388 declaratur.
967 3329 1233 3399 Propheta
1286 3331 1428 3384 enim
1463 3333 1606 3387 nulla
1656 3335 1708 3388 in
1763 3349 1825 3391 re

218 3429 484 3469 accusans
523 3416 773 3487 Judaeos,
811 3420 1126 3490 simpliciter
1171 3421 1249 3476 sic
1290 3422 1523 3493 loquitur
1554 3441 1567 3478 :
1602 3425 1823 3494 Sacriﬁ-

217 3506 359 3560 cium
408 3517 454 3561 et
485 3508 1074 3580 oblationem'noluisti,
1108 3530 1294 3582 corpus
1337 3526 1510 3570 autem
1563 3518 1823 3588 adaptasti

219 3597 350 3650 mihi
372 3638 388 3664 ,
419 3599 826 3655 holocautomata
856 3613 903 3656 et
922 3620 1014 3674 pro
1041 3616 1246 3673 peccato
1273 3623 1374 3661 non
1395 3608 1619 3678 probasti
1645 3609 1816 3680 (Psal.

214 3689 313 3746 45.
339 3692 417 3761 7).
452 3685 617 3760 quue
661 3707 936 3762 exponens
985 3695 1180 3750 Paulus
1219 3697 1332 3751 ait:
1368 3697 1526 3752 Tollit
1551 3701 1723 3769 prius,
1765 3709 1820 3754 ut

216 3780 477 3847 posterius
494 3790 686 3836 statuat
705 3783 887 3853 (Hebr.
910 3785 997 3839 10.
1021 3786 1096 3856 9).
1123 3787 1254 3841 Nam
1285 3783 1633 3860 p‘osteaquam
1660 3792 1814 3861 dixit,

215 3870 547 3939 Sacriﬁcium
597 3885 644 3928 et
673 3875 977 3931 oblationem
1039 3868 1247 3934 noluisti
1276 3897 1295 3935 :
1324 3883 1518 3938 deinde
1571 3885 1809 3953 addidit,

211 3961 418 4030 Corpus
447 3974 614 4018 autem
639 3967 898 4038 adaptasti
923 3971 1080 4024 mihi:
1105 3982 1385 4042 postquam
1413 3978 1646 4031 ostendit
1673 3978 1816 4033 aliud

211 4049 497 4108 inductum
547 4051 866 4112 sacrificium
891 4101 905 4123 ,
940 4060 1138 4115 nullam
1190 4073 1448 4132 praeterea
1485 4081 1634 4135 spem
1665 4067 1817 4122 dedit

210 4141 453 4198 futurum
481 4188 496 4212 ,
549 4156 606 4200 ut
656 4149 783 4203 illud
834 4143 1222 4207 restitueretur.
1280 4154 1363 4230 Et~
1393 4157 1496 4212 hoc
1528 4159 1699 4227 ipsum
1733 4160 1815 4214 in-

211 4240 521 4303 terpretans
552 4238 748 4295 Paulus
772 4282 786 4306 ,
818 4243 953 4300 dixit
981 4261 994 4295 :
1030 4243 1134 4296 Per
1178 4242 1486 4315 oblationem
1515 4251 1649 4303 hanc
1691 4269 1815 4305 san-

206 4323 426 4391 ctiﬁcati
455 4326 632 4382 sumus
651 4330 704 4382 in
730 4331 988 4387 voluntate
1026 4335 1216 4389 Christi
1248 4336 1352 4407 (Ib.
1379 4355 1426 4392 v.
1454 4341 1564 4409 10).
1595 4341 1658 4396 Si
1679 4343 1810 4397 enim

207 4417 427 4485 sanguis
461 4427 798 4490 taurorumet
842 4425 1099 4481 hircorum
1123 4469 1137 4495 ,
1158 4471 1164 4487 .,
1179 4437 1225 4482 et
1254 4431 1382 4485 cinis
1434 4434 1608 4495 vitula:
1632 4453 1810 4506 asper-

204 4523 302 4561 sus
352 4508 641 4577 inquinatos
694 4517 980 4584 sanctiﬁcat
1028 4520 1115 4571 ad.
1141 4521 1310 4574 carnis
1354 4524 1759 4578 emundationem
1790 4545 1810 4582 :

205 4608 408 4667 quanto
434 4604 596 4672 magis
625 4607 836 4676 sanguis
887 4606 1016 4662 Jesu
1066 4607 1289 4677 Christi,
1322 4609 1531 4684 qui
1561 4616 1824 4686 Spiritum

203 4698 446 4743 sanctum
475 4692 654 4748 obtulit
697 4699 1020 4766 semetipsum
1067 4700 1487 4771 immaculatum,
1518 4709 1810 4764 emundabit

203 4781 574 4836 conscientiam
631 4794 857 4842 nostram
901 4789 965 4842 ab
1008 4794 1242 4861 aperibus
1270 4797 1479 4849 mortuis
1527 4796 1713 4867 (Hebr.
1751 4799 1807 4855 9.

205 4868 308 4923 i5.
341 4869 454 4941 H)?
476 4865 661 4944 Itaque
691 4877 831 4945 quod
861 4879 988 4933 illud
1008 4883 1326 4938 sacriﬁcium
1353 4865 1687 4957 antiquatum
1715 4892 1802 4956 sit,

201 4972 264 5016 et
315 4963 453 5018 aliud
482 4966 533 5019 in
584 4968 702 5036 ejus
740 4970 916 5025 locum
965 4974 1269 5044 inductum,
1298 4969 1808 5051 quodque'posthac

205 5052 344 5108 illud
387 5069 489 5137 non
521 5058 591 5111 sit
630 5061 1016 5118 reStituendum
1043 5067 1172 5120 satis
1197 5110 1210 5133 ,
1240 5085 1316 5139 ex_
1347 5071 1430 5125 his
1468 5071 1808 5129 demonstra;

208 5153 330 5198 tum
363 5131 476 5199 est.-
496 5149 610 5217 Age
634 5149 746 5226 jam
772 5166 1046 5221 superest,
1098 5165 1154 5211 ut
1190 5131 1332 5226 quod
1382 5160 1580 5216 dudum
1627 5165 1803 5219 conati

203 5253 399 5293 smnus
428 5240 836 5310 demonstrare,
884 5248 1022 5301 illius
1090 5252 1372 5305 sacerdotii
1431 5255 1565 5308 ritus
1630 5274 1803 5326 neque

203 5331 324 5400 jam
372 5326 668 5400 apparere,
718 5351 890 5406 neque
935 5329 1113 5394 denuo
1172 5343 1474 5411 redituros,
1526 5347 1803 5403 evidenter

207 5422 319 5477 hoc
345 5424 624 5495 palamque
657 5442 688 5482 e
726 5428 1017 5499 Scripturis
1039 5433 1168 5502 ipsis
1199 5433 1489 5490 dilucidum
1522 5439 1797 5504 faciamus,

210 5527 381 5581 pauca
413 5516 727 5585 priusvobis
750 5520 951 5588 praefati
974 5565 987 5589 ,
1025 5540 1128 5593 quo
1158 5527 1247 5580 liat
1276 5528 1587 5585 evidentior
1611 5547 1797 5586 eorum

206 5609 330 5673 qua:
360 5607 608 5663 dicentur
637 5614 928 5668 enarratio.
961 5616 1229 5670 Abraham
1253 5633 1501 5674 reversus
1528 5638 1557 5674 e
1579 5621 1798 5678 Perside

207 5698 392 5765 genuit
419 5697 568 5754 lsaa'c
593 5743 607 5765 ,
630 5701 776 5757 Isaac
819 5704 1394 5777 deindclacob,Jacob
1418 5711 1702 5768 duodecim
1731 5714 1795 5768 [io

212 5789 342 5857 lios,
374 5807 440 5847 ex
492 5794 684 5864 quibus
716 5797 965 5866 profecta:
1007 5811 1128 5855 sunt
1152 5801 1434 5858 duodecim
1465 5805 1638 5862 tribus
1658 5847 1673 5874 ,
1707 5809 1790 5864 vel

1448 371 1809 434 κυνειῑδυδ
1844 368 2158 427 11]οΔΕοΞὶ
2192 371 2303 427 γη.

3453 373 3558 428 933

1953 490 2134 556 potius
2178 491 2457 547 tredecim.
2515 492 2961 564 Quandoquidem
3031 493 3147 548 loco
3195 491 3395 562 Joscph
3449 492 3557 546 duo

1953 583 2126 651 ipsius
2143 584 2236 638 lilii
2266 584 2524 654 prraint
2553 596 2607 641 et
2650 587 2923 642 Manasscs
2949 589 3273 644 exstiterunt
3320 587 3553 642 tribuum

1953 672 2242 742 principes.
2284 675 2354 729 Et
2381 659 2833 746 quemadmodum
2876 678 3162 749 unicuique
3206 678 3437 733 Iuliorum
3464 679 3552 734 ia~

1950 763 2052 816 cob
2082 764 2250 818 tribus
2275 767 2598 834 cognomine
2640 769 3036 838 respondebat,
3064 769 3274 833 Ruben,
3309 771 3550 832 Simeuu,

1951 851 2099 916 Levi,
2132 853 2291 921 Juda,
2331 855 2843 927 Nephthalim.‘Gad
2869 902 2888 926 ,
2925 863 3083 927 Aser,
3107 860 3385 929 Benjamin
3421 878 3436 915 :
3472 877 3551 916 suc

1949 943 2051 998 sub
2074 944 2273 1015 Joseph
2299 946 2406 1002 duo
2448 949 2590 1004 illius
2621 948 3010 1016 ﬁlii,.Maiia-sse
3039 959 3093 1006 et
3135 950 3390 1021 Ephraim
3417 993 3432 1017 ,
3465 965 3555 1004 eo.

1948 1050 2180 1105 gnomen
2227 1037 2483 1095 indebant
2537 1041 2780 1097 tribubus
2816 1051 2912 1097 :ct
2939 1042 3347 1112 appellabantur
3385 1045 3550 1097 altera

1950 1126 2163 1195 quidem
2192 1127 2449 1198 Ephraim
2475 1172 2502 1196 ,.
2545 1133 2714 1188 altera
2735 1148 2867 1188 vero
2917 1133 3183 1189 Manasse.
3217 1133 3416 1188 llarum
3453 1134 3555 1188 ita-

1948 1232 2052 1286 que
2083 1218 2362 1287 tredecim,
2392 1229 2604 1278 etatem:
2631 1223 2848 1293 quidem
2880 1239 3070 1279 omnes
3089 1240 3247 1294 agros
3281 1225 3551 1281 habebant

1948 1324 2012 1364 ac
2050 1322 2346 1380 proventus
2373 1315 2592 1391 multos,
2625 1325 2682 1372 et
2708 1318 3142 1388 agricolabantur
3181 1335 3390 1385 omnes,
3427 1323 3554 1376 relic

1950 1416 2162 1472 quaque
2200 1405 2383 1459 omnia
2453 1409 2782 1464 exercebant
2834 1409 2901 1464 ad
2948 1410 3149 1466 victum
3209 1415 3551 1481 pertinentia.

1947 1489 2214 1546 Caeterum
2253 1497 2422 1550 tribus
2477 1497 2606 1553 Levi
2652 1500 2764 1553 sola
2819 1500 3080 1558 honorata
3121 1505 3463 1574 sacerdotio,
3514 1509 3546 1561 Et

1946 1585 2176 1654 negotiis
2204 1586 2270 1640 ad
2315 1587 2511 1644 victum
2538 1593 2952 1660 Impertincntihus
2990 1596 3211 1653 liberata
3243 1608 3359 1654 erat
3385 1641 3399 1666 ,
3456 1618 3552 1656 ne—

1945 1691 2051 1745 que
2091 1678 2340 1735 colebant
2387 1698 2547 1753 agros
2575 1727 2589 1749 ,
2622 1701 2797 1757 neque
2825 1689 3124 1746 tractabant
3163 1701 3341 1760 artes,
3379 1710 3550 1765 neque

1946 1778 2215 1835 prteterca-
2237 1772 2531 1844 quidquam
2573 1775 2731 1846 hujus
2781 1783 2995 1849 generis
3047 1786 3408 1852 exercebant,
3455 1789 3550 1865 sed

1945 1858 2044 1912 soli
2075 1862 2381 1918 sacerdotio
2423 1867 2725 1936 vacabant,
2755 1871 3090 1928 acdecimas
3147 1877 3486 1947 accipiebant
3517 1858 3546 1932 a

1946 1957 2059 2005 toto
2105 1954 2300 2022 populo
2348 1964 2459 2010 tum
2507 1959 2645 2025 vini,
2684 1969 2794 2016 tum
2841 1961 3125 2030 frumenti,
3170 1968 3280 2021 tum
3333 1968 3543 2037 hordei,

1944 2040 2108 2099 etde
2151 2045 2275 2100 aliis
2341 2044 2508 2104 rebus
2559 2054 2811 2108 omnibus
2870 2055 3138 2112 decimam
3186 2060 3297 2115 illis
3343 2062 3545 2131 portio-

1943 2149 2065 2188 nem
2095 2135 2294 2192 dabant
2323 2133 2556 2211 omnes,
2584 2155 2640 2200 et
2665 2145 2752 2200 hic
2777 2157 2894 2203 erat
2940 2149 3046 2205 illis
3084 2163 3399 2222 proventus.
3437 2155 3548 2212 Nec

1942 2223 2023 2280 fas
2054 2235 2171 2310 erat
2201 2244 2264 2284 ex
2297 2231 2404 2286 ulla
2435 2234 2537 2287 alia
2570 2236 2710 2291 tribu
2736 2240 3077 2296 sacerdotem
3111 2244 3366 2316 umquam
3400 2246 3536 2303 ﬁeri.

1939 2317 2021 2374 Ex
2075 2306 2173 2376 hac
2207 2325 2352 2378 enim
2385 2327 2524 2382 tribu
2558 2327 2736 2384 factus
2771 2340 2855 2387 est
2896 2333 3110 2401 Aaron,
3158 2338 3413 2394 nimirunt
3471 2342 3540 2397 de

1941 2412 2081 2465 tribu
2117 2412 2283 2480 Levi,
2340 2431 2403 2470 ac
2444 2434 2541 2487 per
2568 2423 2969 2478 successionem
3014 2426 3156 2481 illius
3211 2432 3415 2500 posteri
3449 2449 3538 2487 sa-

1939 2503 2239 2559 cerdotium
2302 2508 2692 2580 accipiebant,
2769 2530 2945 2584 neque
2988 2512 3221 2590 quisque
3291 2539 3541 2594 umquam

1937 2595 2191 2651 sacerdos
2227 2612 2292 2652 ex
2331 2599 2440 2654 alia
2487 2603 2628 2658 tribu
2673 2615 2886 2662 creatus
2925 2616 3030 2663 est.
3088 2611 3152 2666 lli
3200 2613 3383 2685 itaque
3437 2618 3538 2674 Le-

1937 2683 2064 2739 vitae
2093 2685 2331 2743 decimas
2381 2690 2449 2746 ab
2495 2692 2603 2748 illis
2632 2696 2987 2768 accipiebant,
3019 2709 3073 2756 et
3110 2702 3191 2757 sic
3225 2683 3532 2771 alebantur.

1934 2774 2042 2831 Sed
2094 2788 2221 2835 ante
2289 2780 2456 2839 Jacob
2491 2785 2599 2839 sub
2652 2785 2848 2857 Isaac,
2887 2793 2988 2848 sub
3056 2794 3364 2866 Abraham,
3416 2815 3535 2864 cum

1934 2868 2174 2924 nondum
2210 2880 2353 2927 esset
2405 2873 2612 2944 Moses,
2644 2879 2880 2935 nondum
2905 2883 3103 2954 scripta
3134 2886 3252 2953 lex,
3298 2891 3535 2949 nondum

1934 2956 2229 3015 Leviticum
2267 2965 2630 3022 sacerdouum
2662 2981 2808 3026 esset
2860 2975 3126 3042 proditum
3152 3020 3167 3044 ,
3218 2995 3325 3035 non
3357 2984 3535 3038 taber-

1932 3049 2342 3119 naculum,'non
2386 3060 2646 3143 templum
2685 3071 2874 3132 esset,
2908 3082 3016 3121 non
3071 3070 3530 3145 tribusdiscretm,

1931 3157 2038 3196 non
2068 3143 2366 3205 Jerusalem
2412 3133 2687 3218 exstaret,
2717 3168 2839 3208 cum
2883 3157 3064 3213 nullus
3095 3163 3318 3219 omnino
3348 3165 3398 3219 in
3427 3167 3525 3222 Ju-

1930 3231 2080 3287 dteos
2124 3249 2306 3290 rerum
2356 3240 2714 3309 principatum
2756 3259 3112 3317 occupasset,
3170 3252 3266 3309 fuit
3312 3257 3528 3327 quidam

1930 3323 2286 3382 Melchisedec
2324 3330 2577 3385 sacerdos
2607 3333 2698 3388 Dei
2736 3337 3002 3393 altissimi.
3041 3341 3138 3398 Hic
3177 3323 3531 3404 Melcliisedec

1927 3423 2043 3470 erat
2092 3434 2200 3472 rex.
2229 3420 2369 3475 idem
2401 3431 2454 3477 et
2477 3426 2732 3485 sacerdos
2766 3448 2778 3483 :
2807 3439 2964 3501 typus
3013 3436 3156 3490 enim
3176 3437 3383 3496 futurus
3409 3453 3529 3499 erat

1927 3507 2155 3574 Christi,
2207 3513 2358 3581 cujus
2387 3525 2441 3570 et
2476 3514 2752 3586 Scriptura
2781 3525 3062 3582 manifeste
3093 3532 3357 3586 meminit.
3390 3534 3526 3591 Cum

1926 3600 2068 3653 enim
2124 3603 2394 3658 Abraham
2439 3605 2635 3663 Persas
2699 3613 2952 3682 adortus,
2997 3617 3179 3676 fratris
3245 3623 3354 3678 ﬁlio
3427 3627 3527 3684 Lot

1924 3705 1989 3744 cx
2027 3692 2239 3749 illorum
2277 3699 2525 3754 manibus
2563 3713 2752 3773 erepto
2777 3749 2791 3773 ,
2841 3710 3092 3766 omnibus
3141 3717 3331 3785 spoliis
3373 3719 3521 3776 dire-

1924 3780 2028 3850 ptis
2057 3784 2299 3852 rediret,
2337 3787 2582 3846 hostibus
2622 3795 2820 3851 virtute
2869 3798 3126 3869 devictis,
3161 3780 3301 3862 hunc
3325 3809 3374 3862 in
3409 3827 3525 3865 mo-

1921 3871 2048 3963 dum
2099 3868 2167 3929 de
2215 3875 2576 3944 Melchisedec
2640 3883 2878 3955 loquitur
2923 3868 3197 3963 Scriptura
3231 3915 3243 3949 :
3273 3897 3342 3951 Et
3388 3902 3525 3958 Mel-

1922 3961 2150 4017 chisedec
2198 3983 2289 4019 rex
2331 3968 2509 4024 Solent
2564 3975 2743 4029 obtulit
2803 3994 2988 4047 panem
3043 3961 3104 4038 ac
3153 3988 3362 4055 vinum;
3413 4007 3523 4049 erat

1921 4055 2052 4107 enim
2100 4058 2338 4114 sacerdos
2380 4059 2478 4116 Dei
2528 4064 2801 4133 altissimi;
2846 4081 2896 4124 et
2950 4073 3203 4131 benedixit
3255 4081 3476 4138 Abraha:
3505 4131 3519 4150 ,

1921 4145 2190 4213 dixitque;-
2225 4150 2516 4208 benedictus
2560 4164 2611 4210 e's
2655 4157 2918 4216 Abraham
2956 4163 3068 4220 Deo
3116 4169 3366 4226 altissimo
3387 4218 3401 4240 ,
3433 4145 3519 4246 qui

1919 4239 2104 4290 creavit
2147 4240 2328 4294 caelum
2369 4254 2416 4296 et
2443 4241 2628 4300 terram
2652 4291 2666 4316 ,
2700 4259 2747 4302 et
2799 4251 3090 4310 benedictus
3134 4256 3277 4315 Deus
3328 4239 3521 4320 altis'si.

1919 4345 2050 4394 mus,
2101 4334 2189 4402 qui
2228 4337 2440 4390 tradidit
2488 4340 2721 4396 inimicos
2753 4353 2866 4399 tuos
2916 4348 2970 4402 in
3021 4367 3203 4408 manus
3264 4365 3399 4411 tuas.
3449 4359 3520 4415 Et

1916 4423 2053 4476 dedit
2068 4425 2145 4479 illi
2169 4425 2390 4483 decimas
2405 4447 2470 4484 ea:
2493 4435 2721 4488 omnibus
2736 4436 2991 4493 Abra’ham
3011 4443 3163 4513 (Gen.
3192 4447 3278 4503 M.
3299 4449 3510 4524 48-20).

1917 4515 1972 4570 Si
1993 4519 2134 4586 quis
2165 4520 2326 4589 igitur
2354 4524 2739 4593 prophetarum
2777 4533 3026 4599 exstitit,
3058 4537 3148 4606 qui
3175 4538 3343 4606 dicat,
3373 4515 3516 4611 quod

1917 4619 2038 4678 post
2077 4611 2348 4668 Abraham
2379 4657 2395 4682 ,
2449 4630 2673 4690 postque
2697 4625 3062 4682 sacerdotium
3118 4630 3281 4700 illud,
3312 4644 3366 4690 et
3396 4636 3512 4693 haec

1917 4703 2174 4758 sacriﬁcia
2214 4717 2372 4776 atque
2415 4711 2715 4770 oblationes
2740 4756 2754 4780 ,
2796 4720 3100 4776 exoriturus
3131 4735 3278 4781 esset
3321 4744 3504 4785 sacer-

1914 4791 2012 4846 dos
2051 4795 2187 4849 alius
2214 4793 2364 4862 ,hon
2414 4816 2479 4855 ex
2525 4804 2612 4857 illa
2659 4807 2799 4860 tribu
2830 4850 2844 4874 ,
2871 4810 2964 4864 sed
3006 4827 3072 4867 ex
3101 4816 3240 4882 alia,
3288 4834 3352 4873 ex
3395 4835 3501 4890 qua

1916 4902 2204 4956 numquam
2263 4903 2477 4947 creatus
2524 4904 2608 4951 est
2666 4899 2919 4956 sacerdos
2960 4945 2974 4970 ,
3029 4921 3135 4960 non
3206 4914 3519 4971 secundum

1913 4981 2158 5036 ordinem
2208 4985 2471 5052 Aaronis,
2527 4987 2622 5041 sed
2671 4992 2965 5047 secundum
2991 4997 3238 5054 ordinem
3291 5003 3512 5059 Melchi-

1911 5071 2072 5126 Sedec
2102 5092 2131 5126 ιε
2173 5073 2521 5131 manifestum
2563 5088 2678 5143 est,
2734 5083 2877 5150 quod
2933 5094 3086 5140 vetus
3143 5092 3508 5152 sacerdotium

1911 5163 2162 5228 cessavit,
2191 5165 2332 5219 aliud
2363 5177 2540 5222 autem
2587 5186 2782 5226 novum
2830 5175 2882 5228 in
2929 5176 3072 5231 illius
3117 5180 3293 5237 locum
3351 5184 3505 5241 indu.

1910 5263 2050 5306 ctum
2076 5264 2177 5308 est.
2203 5255 2334 5310 Nam
2377 5259 2422 5311 si
2476 5259 2713 5314 futurum
2757 5275 2892 5329 erat,
2938 5276 2993 5319 ut
3019 5278 3171 5322 vetus
3211 5253 3342 5326 illud
3370 5277 3509 5329 obtt~

1911 5355 2105 5412 neret,
2148 5363 2253 5402 non
2307 5350 2605 5405 secundum
2654 5355 2895 5410 ordinem
2955 5358 3312 5420 Melchisedec
3342 5408 3355 5431 ,
3414 5372 3507 5424 5rd

1907 5438 2201 5492 secundum
2235 5441 2483 5496 ordinem
2513 5444 2692 5498 Aaron
2723 5449 2959 5516 Oportuit
3010 5452 3136 5506 dici.
3164 5455 3295 5522 Quis
3347 5461 3505 5529 igitur

1909 5529 2010 5584 hoc
2053 5532 2220 5587 dicit?
2270 5534 2369 5589 Hic
2421 5536 2534 5605 ipse
2587 5537 2676 5612 qui
2727 5539 2796 5594 de
2854 5543 3132 5601 sacriﬁciis
3188 5548 3439 5618 loquutus
3485 5594 3503 5619 ,

1906 5619 1972 5674 de
2002 5620 2213 5678 Christo
2233 5624 2506 5681 disserens
2533 5627 2633 5683 hoc
2662 5647 2874 5701 quoque
2913 5634 3110 5690 alicubi
3153 5638 3290 5693 dixit
3322 5661 3334 5692 -.
3367 5641 3509 5698 Itin-it

1904 5713 2154 5770 Dominus
2209 5717 2422 5772 Domino
2475 5737 2624 5780 meo:
2654 5717 2785 5775 Sede
2811 5711 2848 5776 α’
2886 5726 3075 5782 dextris
3124 5731 3244 5784 meis
3298 5733 3325 5800 (
3355 5732 3498 5790 Psal.

1907 5810 2024 5864 109.
2061 5811 2126 5873 l}.
