  <div class='ocr_page' id='page_1' title='image "/cluster/home/n/w/nwhite01/storage/ocr_20150623/48/pst.000005712458/409.png"; bbox 0 0 4160 6324; ppageno 0'>
   <div class='ocr_carea' id='block_1_1' title="bbox 651 408 754 462">
    <p class='ocr_par' dir='ltr' id='par_1_1' title="bbox 651 408 754 462">
     <span class='ocr_line' id='line_1_1' title="bbox 651 408 754 462; baseline 0 0"><span class='ocrx_word' id='word_1_1' title='bbox 651 408 754 462; x_wconf 69' lang='lat'><strong>923</strong></span> 
     </span>
    </p>
   </div>
   <div class='ocr_carea' id='block_1_2' title="bbox 721 506 2232 582">
    <p class='ocr_par' dir='ltr' id='par_1_2' title="bbox 721 506 2232 582">
     <span class='ocr_line' id='line_1_2' title="bbox 721 506 2232 582; baseline -0.009 -9"><span class='ocrx_word' id='word_1_2' title='bbox 721 523 773 574; x_wconf 82' lang='lat'><strong>5.</strong></span> <span class='ocrx_word' id='word_1_3' title='bbox 818 515 1018 572; x_wconf 83' lang='lat' dir='ltr'><strong>Deinde</strong></span> <span class='ocrx_word' id='word_1_4' title='bbox 1057 527 1124 568; x_wconf 88' lang='lat' dir='ltr'><strong>ne</strong></span> <span class='ocrx_word' id='word_1_5' title='bbox 1160 514 1278 582; x_wconf 82' lang='lat' dir='ltr'><strong>quis</strong></span> <span class='ocrx_word' id='word_1_6' title='bbox 1305 510 1374 566; x_wconf 91' lang='lat' dir='ltr'><strong>de</strong></span> <span class='ocrx_word' id='word_1_7' title='bbox 1401 509 1694 579; x_wconf 69' lang='lat' dir='ltr'><strong>vulgarium</strong></span> <span class='ocrx_word' id='word_1_8' title='bbox 1726 508 2002 561; x_wconf 80' lang='lat' dir='ltr'><strong>hominum</strong></span> <span class='ocrx_word' id='word_1_9' title='bbox 2051 506 2232 574; x_wconf 80' lang='lat' dir='ltr'><strong>aliquo</strong></span> 
     </span>
    </p>
   </div>
   <div class='ocr_carea' id='block_1_3' title="bbox 647 591 2229 680">
    <p class='ocr_par' dir='ltr' id='par_1_3' title="bbox 647 591 2229 680">
     <span class='ocr_line' id='line_1_3' title="bbox 647 591 2229 680; baseline -0.009 -15"><span class='ocrx_word' id='word_1_10' title='bbox 647 612 1008 680; x_wconf 71' lang='lat' dir='ltr'><strong>suspicaretur</strong></span> <span class='ocrx_word' id='word_1_11' title='bbox 1035 605 1164 660; x_wconf 88' lang='lat' dir='ltr'><strong>illud</strong></span> <span class='ocrx_word' id='word_1_12' title='bbox 1189 591 1307 659; x_wconf 78' lang='lat' dir='ltr'><strong>esse</strong></span> <span class='ocrx_word' id='word_1_13' title='bbox 1329 604 1546 668; x_wconf 87' lang='lat' dir='ltr'><strong>dictmn,</strong></span> <span class='ocrx_word' id='word_1_14' title='bbox 1576 618 1679 656; x_wconf 89' lang='lat' dir='ltr'><strong>non</strong></span> <span class='ocrx_word' id='word_1_15' title='bbox 1709 601 1836 655; x_wconf 78' lang='lat' dir='ltr'><strong>dicit</strong></span> <span class='ocrx_word' id='word_1_16' title='bbox 1861 601 1962 655; x_wconf 88' lang='lat' dir='ltr'><strong>hoc</strong></span> <span class='ocrx_word' id='word_1_17' title='bbox 1992 600 2229 662; x_wconf 84' lang='lat' dir='ltr'><strong>Hesaias,</strong></span> 
     </span>
    </p>
   </div>
   <div class='ocr_carea' id='block_1_4' title="bbox 651 691 2230 771">
    <p class='ocr_par' dir='ltr' id='par_1_4' title="bbox 651 691 2230 771">
     <span class='ocr_line' id='line_1_4' title="bbox 651 691 2230 771; baseline -0.008 -15"><span class='ocrx_word' id='word_1_18' title='bbox 651 716 822 771; x_wconf 84' lang='lat' dir='ltr'><strong>neque</strong></span> <span class='ocrx_word' id='word_1_19' title='bbox 844 699 1103 754; x_wconf 84' lang='lat' dir='ltr'><strong>Jeremias</strong></span> <span class='ocrx_word' id='word_1_20' title='bbox 1122 738 1136 762; x_wconf 91' lang='lat'><strong>,</strong></span> <span class='ocrx_word' id='word_1_21' title='bbox 1170 708 1338 764; x_wconf 90' lang='lat' dir='ltr'><strong>neque</strong></span> <span class='ocrx_word' id='word_1_22' title='bbox 1368 695 1643 763; x_wconf 82' lang='lat' dir='ltr'><strong>quisquam</strong></span> <span class='ocrx_word' id='word_1_23' title='bbox 1672 693 1808 746; x_wconf 89' lang='lat' dir='ltr'><strong>alius</strong></span> <span class='ocrx_word' id='word_1_24' title='bbox 1837 694 2092 762; x_wconf 78' lang='lat' dir='ltr'><strong>prbpheta</strong></span> <span class='ocrx_word' id='word_1_25' title='bbox 2123 691 2230 760; x_wconf 84' lang='lat' dir='ltr'><strong>pri-</strong></span> 
     </span>
    </p>
   </div>
   <div class='ocr_carea' id='block_1_5' title="bbox 649 783 2231 860">
    <p class='ocr_par' dir='ltr' id='par_1_5' title="bbox 649 783 2231 860">
     <span class='ocr_line' id='line_1_5' title="bbox 649 783 2231 860; baseline -0.004 -18"><span class='ocrx_word' id='word_1_26' title='bbox 649 803 782 846; x_wconf 67' lang='lat' dir='ltr'><strong>vatae</strong></span> <span class='ocrx_word' id='word_1_27' title='bbox 811 788 1128 844; x_wconf 78' lang='lat' dir='ltr'><strong>conditionis</strong></span> <span class='ocrx_word' id='word_1_28' title='bbox 1153 829 1166 851; x_wconf 97' lang='lat'><strong>,</strong></span> <span class='ocrx_word' id='word_1_29' title='bbox 1191 785 1283 840; x_wconf 89' lang='lat' dir='ltr'><strong>sed</strong></span> <span class='ocrx_word' id='word_1_30' title='bbox 1315 787 1426 854; x_wconf 90' lang='lat' dir='ltr'><strong>ipse</strong></span> <span class='ocrx_word' id='word_1_31' title='bbox 1458 801 1580 850; x_wconf 82' lang='lat' dir='ltr'><strong>rex,</strong></span> <span class='ocrx_word' id='word_1_32' title='bbox 1622 796 1677 860; x_wconf 89' lang='lat' dir='ltr'><strong>ut</strong></span> <span class='ocrx_word' id='word_1_33' title='bbox 1704 784 2056 852; x_wconf 86' lang='lat' dir='ltr'><strong>intelligeres,</strong></span> <span class='ocrx_word' id='word_1_34' title='bbox 2090 783 2231 851; x_wconf 89' lang='lat' dir='ltr'><strong>quod</strong></span> 
     </span>
    </p>
   </div>
   <div class='ocr_carea' id='block_1_6' title="bbox 649 867 2225 950">
    <p class='ocr_par' dir='ltr' id='par_1_6' title="bbox 649 867 2225 950">
     <span class='ocr_line' id='line_1_6' title="bbox 649 867 2225 950; baseline -0.007 -14"><span class='ocrx_word' id='word_1_35' title='bbox 649 899 755 936; x_wconf 84' lang='lat' dir='ltr'><strong>non</strong></span> <span class='ocrx_word' id='word_1_36' title='bbox 786 882 952 950; x_wconf 83' lang='lat' dir='ltr'><strong>possit</strong></span> <span class='ocrx_word' id='word_1_37' title='bbox 995 867 1092 932; x_wconf 80' lang='lat' dir='ltr'><strong>rex</strong></span> <span class='ocrx_word' id='word_1_38' title='bbox 1135 876 1403 930; x_wconf 81' lang='lat' dir='ltr'><strong>hominem</strong></span> <span class='ocrx_word' id='word_1_39' title='bbox 1429 875 1701 944; x_wconf 85' lang='lat' dir='ltr'><strong>appellare</strong></span> <span class='ocrx_word' id='word_1_40' title='bbox 1743 889 1896 927; x_wconf 89' lang='lat' dir='ltr'><strong>suum</strong></span> <span class='ocrx_word' id='word_1_41' title='bbox 1927 873 2225 936; x_wconf 86' lang='lat' dir='ltr'><strong>Dominum,</strong></span> 
     </span>
    </p>
   </div>
   <div class='ocr_carea' id='block_1_7' title="bbox 644 962 2232 1034">
    <p class='ocr_par' dir='ltr' id='par_1_7' title="bbox 644 962 2232 1034">
     <span class='ocr_line' id='line_1_7' title="bbox 644 962 2232 1034; baseline -0.008 -7"><span class='ocrx_word' id='word_1_42' title='bbox 644 972 741 1027; x_wconf 76' lang='lat' dir='ltr'><strong>sed</strong></span> <span class='ocrx_word' id='word_1_43' title='bbox 773 972 934 1024; x_wconf 92' lang='lat' dir='ltr'><strong>Deum</strong></span> <span class='ocrx_word' id='word_1_44' title='bbox 980 970 1174 1022; x_wconf 93' lang='lat' dir='ltr'><strong>solum.</strong></span> <span class='ocrx_word' id='word_1_45' title='bbox 1217 967 1345 1020; x_wconf 82' lang='lat' dir='ltr'><strong>Nam</strong></span> <span class='ocrx_word' id='word_1_46' title='bbox 1374 967 1416 1019; x_wconf 89' lang='lat' dir='ltr'><strong>si</strong></span> <span class='ocrx_word' id='word_1_47' title='bbox 1450 966 1687 1034; x_wconf 87' lang='lat' dir='ltr'><strong>privatus</strong></span> <span class='ocrx_word' id='word_1_48' title='bbox 1720 963 1906 1018; x_wconf 80' lang='lat' dir='ltr'><strong>fuisset</strong></span> <span class='ocrx_word' id='word_1_49' title='bbox 1929 1004 1944 1028; x_wconf 97' lang='lat'><strong>,</strong></span> <span class='ocrx_word' id='word_1_50' title='bbox 1987 962 2232 1028; x_wconf 76' lang='lat' dir='ltr'><strong>fortassis</strong></span> 
     </span>
    </p>
   </div>
   <div class='ocr_carea' id='block_1_8' title="bbox 647 1055 2228 1133">
    <p class='ocr_par' dir='ltr' id='par_1_8' title="bbox 647 1055 2228 1133">
     <span class='ocr_line' id='line_1_8' title="bbox 647 1055 2228 1133; baseline -0.007 -15"><span class='ocrx_word' id='word_1_51' title='bbox 647 1065 840 1133; x_wconf 75' lang='lat' dir='ltr'><strong>aliquis</strong></span> <span class='ocrx_word' id='word_1_52' title='bbox 877 1061 1156 1130; x_wconf 92' lang='lat' dir='ltr'><strong>impudens</strong></span> <span class='ocrx_word' id='word_1_53' title='bbox 1195 1059 1447 1121; x_wconf 73' lang='lat' dir='ltr'><strong>dixisset,</strong></span> <span class='ocrx_word' id='word_1_54' title='bbox 1496 1058 1640 1110; x_wconf 92' lang='lat' dir='ltr'><strong>illum</strong></span> <span class='ocrx_word' id='word_1_55' title='bbox 1680 1057 1748 1110; x_wconf 89' lang='lat' dir='ltr'><strong>de</strong></span> <span class='ocrx_word' id='word_1_56' title='bbox 1790 1056 2004 1109; x_wconf 91' lang='lat' dir='ltr'><strong>homine</strong></span> <span class='ocrx_word' id='word_1_57' title='bbox 2047 1055 2228 1124; x_wconf 82' lang='lat' dir='ltr'><strong>loqui;</strong></span> 
     </span>
    </p>
   </div>
   <div class='ocr_carea' id='block_1_9' title="bbox 645 1145 2226 1216">
    <p class='ocr_par' dir='ltr' id='par_1_9' title="bbox 645 1145 2226 1216">
     <span class='ocr_line' id='line_1_9' title="bbox 645 1145 2226 1216; baseline -0.008 -6"><span class='ocrx_word' id='word_1_58' title='bbox 645 1169 788 1210; x_wconf 87' lang='lat' dir='ltr'><strong>nunc</strong></span> <span class='ocrx_word' id='word_1_59' title='bbox 815 1167 934 1208; x_wconf 89' lang='lat' dir='ltr'><strong>cum</strong></span> <span class='ocrx_word' id='word_1_60' title='bbox 963 1168 1054 1206; x_wconf 88' lang='lat' dir='ltr'><strong>rex</strong></span> <span class='ocrx_word' id='word_1_61' title='bbox 1092 1151 1280 1215; x_wconf 82' lang='lat' dir='ltr'><strong>fuerit,</strong></span> <span class='ocrx_word' id='word_1_62' title='bbox 1311 1149 1578 1202; x_wconf 88' lang='lat' dir='ltr'><strong>hominem</strong></span> <span class='ocrx_word' id='word_1_63' title='bbox 1607 1163 1712 1201; x_wconf 92' lang='lat' dir='ltr'><strong>non</strong></span> <span class='ocrx_word' id='word_1_64' title='bbox 1750 1145 2092 1216; x_wconf 68' lang='lat' dir='ltr'><strong>appellaverit</strong></span> <span class='ocrx_word' id='word_1_65' title='bbox 2122 1145 2226 1198; x_wconf 90' lang='lat' dir='ltr'><strong>Do-</strong></span> 
     </span>
    </p>
   </div>
   <div class='ocr_carea' id='block_1_10' title="bbox 653 1238 2228 1310">
    <p class='ocr_par' dir='ltr' id='par_1_10' title="bbox 653 1238 2228 1310">
     <span class='ocr_line' id='line_1_10' title="bbox 653 1238 2228 1310; baseline -0.007 -10"><span class='ocrx_word' id='word_1_66' title='bbox 653 1249 854 1300; x_wconf 78' lang='lat' dir='ltr'><strong>uzinum</strong></span> <span class='ocrx_word' id='word_1_67' title='bbox 881 1259 1056 1299; x_wconf 91' lang='lat' dir='ltr'><strong>suum.</strong></span> <span class='ocrx_word' id='word_1_68' title='bbox 1085 1241 1360 1310; x_wconf 83' lang='lat' dir='ltr'><strong>Quomodo</strong></span> <span class='ocrx_word' id='word_1_69' title='bbox 1385 1242 1526 1297; x_wconf 89' lang='lat' dir='ltr'><strong>enim</strong></span> <span class='ocrx_word' id='word_1_70' title='bbox 1565 1242 1608 1294; x_wconf 89' lang='lat' dir='ltr'><strong>si</strong></span> <span class='ocrx_word' id='word_1_71' title='bbox 1650 1239 1716 1295; x_wconf 89' lang='lat' dir='ltr'><strong>de</strong></span> <span class='ocrx_word' id='word_1_72' title='bbox 1761 1240 2007 1309; x_wconf 89' lang='lat' dir='ltr'><strong>quopiam</strong></span> <span class='ocrx_word' id='word_1_73' title='bbox 2039 1238 2228 1307; x_wconf 75' lang='lat' dir='ltr'><strong>vulga-</strong></span> 
     </span>
    </p>
   </div>
   <div class='ocr_carea' id='block_1_11' title="bbox 652 1327 2225 1401">
    <p class='ocr_par' dir='ltr' id='par_1_11' title="bbox 652 1327 2225 1401">
     <span class='ocr_line' id='line_1_11' title="bbox 652 1327 2225 1401; baseline -0.008 -9"><span class='ocrx_word' id='word_1_74' title='bbox 652 1339 790 1392; x_wconf 85' lang='lat' dir='ltr'><strong>rium</strong></span> <span class='ocrx_word' id='word_1_75' title='bbox 825 1336 1097 1389; x_wconf 84' lang='lat' dir='ltr'><strong>hominum</strong></span> <span class='ocrx_word' id='word_1_76' title='bbox 1125 1333 1240 1387; x_wconf 73' lang='lat' dir='ltr'><strong>bace</strong></span> <span class='ocrx_word' id='word_1_77' title='bbox 1264 1333 1515 1401; x_wconf 80' lang='lat' dir='ltr'><strong>loquutus</strong></span> <span class='ocrx_word' id='word_1_78' title='bbox 1539 1331 1725 1384; x_wconf 79' lang='lat' dir='ltr'><strong>fuisset</strong></span> <span class='ocrx_word' id='word_1_79' title='bbox 1752 1329 1914 1382; x_wconf 86' lang='lat' dir='ltr'><strong>David</strong></span> <span class='ocrx_word' id='word_1_80' title='bbox 1936 1370 1950 1392; x_wconf 93' lang='lat'><strong>,</strong></span> <span class='ocrx_word' id='word_1_81' title='bbox 1983 1327 2225 1393; x_wconf 78' lang='lat' dir='ltr'><strong>dixisset,</strong></span> 
     </span>
    </p>
   </div>
   <div class='ocr_carea' id='block_1_12' title="bbox 642 1412 2230 1498">
    <p class='ocr_par' dir='ltr' id='par_1_12' title="bbox 642 1412 2230 1498">
     <span class='ocr_line' id='line_1_12' title="bbox 642 1412 2230 1498; baseline -0.007 -15"><span class='ocrx_word' id='word_1_82' title='bbox 642 1427 785 1498; x_wconf 86' lang='lat' dir='ltr'><strong>quod</strong></span> <span class='ocrx_word' id='word_1_83' title='bbox 813 1429 972 1482; x_wconf 88' lang='lat' dir='ltr'><strong>etiam</strong></span> <span class='ocrx_word' id='word_1_84' title='bbox 997 1412 1030 1479; x_wconf 84' lang='lat' dir='ltr'><strong>a</strong></span> <span class='ocrx_word' id='word_1_85' title='bbox 1053 1426 1252 1480; x_wconf 70' lang='lat' dir='ltr'><strong>dextris</strong></span> <span class='ocrx_word' id='word_1_86' title='bbox 1274 1423 1603 1479; x_wconf 88' lang='lat' dir='ltr'><strong>consedisset</strong></span> <span class='ocrx_word' id='word_1_87' title='bbox 1624 1421 1898 1476; x_wconf 86' lang='lat' dir='ltr'><strong>iuell‘abilis</strong></span> <span class='ocrx_word' id='word_1_88' title='bbox 1919 1435 1980 1474; x_wconf 86' lang='lat' dir='ltr'><strong>ac</strong></span> <span class='ocrx_word' id='word_1_89' title='bbox 2007 1431 2230 1472; x_wconf 73' lang='lat' dir='ltr'><strong>summa:</strong></span> 
     </span>
    </p>
   </div>
   <div class='ocr_carea' id='block_1_13' title="bbox 642 1503 2229 1585">
    <p class='ocr_par' dir='ltr' id='par_1_13' title="bbox 642 1503 2229 1585">
     <span class='ocr_line' id='line_1_13' title="bbox 642 1503 2229 1585; baseline -0.008 -11"><span class='ocrx_word' id='word_1_90' title='bbox 642 1523 784 1574; x_wconf 75' lang='lat' dir='ltr'><strong>illius</strong></span> <span class='ocrx_word' id='word_1_91' title='bbox 809 1517 1142 1585; x_wconf 73' lang='lat' dir='ltr'><strong>maiestatis?</strong></span> <span class='ocrx_word' id='word_1_92' title='bbox 1173 1517 1284 1571; x_wconf 88' lang='lat' dir='ltr'><strong>Hoc</strong></span> <span class='ocrx_word' id='word_1_93' title='bbox 1310 1517 1452 1570; x_wconf 88' lang='lat' dir='ltr'><strong>enim</strong></span> <span class='ocrx_word' id='word_1_94' title='bbox 1483 1503 1830 1583; x_wconf 53' lang='lat' dir='ltr'><strong>impossibile;</strong></span> <span class='ocrx_word' id='word_1_95' title='bbox 1863 1511 1937 1564; x_wconf 91' lang='lat' dir='ltr'><strong>De</strong></span> <span class='ocrx_word' id='word_1_96' title='bbox 1970 1515 2071 1565; x_wconf 91' lang='lat' dir='ltr'><strong>hoc</strong></span> <span class='ocrx_word' id='word_1_97' title='bbox 2100 1523 2229 1564; x_wconf 84' lang='lat' dir='ltr'><strong>vero</strong></span> 
     </span>
    </p>
   </div>
   <div class='ocr_carea' id='block_1_14' title="bbox 641 1601 2224 1672">
    <p class='ocr_par' dir='ltr' id='par_1_14' title="bbox 641 1601 2224 1672">
     <span class='ocr_line' id='line_1_14' title="bbox 641 1601 2224 1672; baseline -0.008 -8"><span class='ocrx_word' id='word_1_98' title='bbox 641 1613 746 1664; x_wconf 88' lang='lat' dir='ltr'><strong>ait:</strong></span> <span class='ocrx_word' id='word_1_99' title='bbox 780 1610 920 1663; x_wconf 73' lang='lat' dir='ltr'><strong>Discit</strong></span> <span class='ocrx_word' id='word_1_100' title='bbox 952 1608 1195 1662; x_wconf 83' lang='lat' dir='ltr'><strong>Dominus</strong></span> <span class='ocrx_word' id='word_1_101' title='bbox 1237 1607 1449 1660; x_wconf 87' lang='lat' dir='ltr'><strong>Domino</strong></span> <span class='ocrx_word' id='word_1_102' title='bbox 1477 1620 1604 1672; x_wconf 81' lang='lat' dir='ltr'><strong>meo,</strong></span> <span class='ocrx_word' id='word_1_103' title='bbox 1641 1603 1822 1659; x_wconf 88' lang='lat' dir='ltr'><strong>Sedea</strong></span> <span class='ocrx_word' id='word_1_104' title='bbox 1851 1601 2038 1655; x_wconf 74' lang='lat' dir='ltr'><strong>dextris</strong></span> <span class='ocrx_word' id='word_1_105' title='bbox 2068 1601 2224 1665; x_wconf 88' lang='lat' dir='ltr'><strong>meis,</strong></span> 
     </span>
    </p>
   </div>
   <div class='ocr_carea' id='block_1_15' title="bbox 641 1693 2227 1770">
    <p class='ocr_par' dir='ltr' id='par_1_15' title="bbox 641 1693 2227 1770">
     <span class='ocr_line' id='line_1_15' title="bbox 641 1693 2227 1770; baseline -0.007 -16"><span class='ocrx_word' id='word_1_106' title='bbox 641 1704 798 1755; x_wconf 86' lang='lat' dir='ltr'><strong>donec</strong></span> <span class='ocrx_word' id='word_1_107' title='bbox 847 1717 1030 1770; x_wconf 76' lang='lat' dir='ltr'><strong>ponant</strong></span> <span class='ocrx_word' id='word_1_108' title='bbox 1060 1701 1285 1752; x_wconf 86' lang='lat' dir='ltr'><strong>inimicos</strong></span> <span class='ocrx_word' id='word_1_109' title='bbox 1334 1708 1447 1749; x_wconf 89' lang='lat' dir='ltr'><strong>tuos</strong></span> <span class='ocrx_word' id='word_1_110' title='bbox 1499 1694 1769 1750; x_wconf 84' lang='lat' dir='ltr'><strong>scabellum</strong></span> <span class='ocrx_word' id='word_1_111' title='bbox 1798 1693 1982 1762; x_wconf 86' lang='lat' dir='ltr'><strong>pedum</strong></span> <span class='ocrx_word' id='word_1_112' title='bbox 2027 1701 2227 1744; x_wconf 86' lang='lat' dir='ltr'><strong>tuorum</strong></span> 
     </span>
    </p>
   </div>
   <div class='ocr_carea' id='block_1_16' title="bbox 641 1782 2226 1860">
    <p class='ocr_par' dir='ltr' id='par_1_16' title="bbox 641 1782 2226 1860">
     <span class='ocr_line' id='line_1_16' title="bbox 641 1782 2226 1860; baseline -0.007 -15"><span class='ocrx_word' id='word_1_113' title='bbox 641 1793 812 1860; x_wconf 84' lang='lat' dir='ltr'><strong>(Psal.</strong></span> <span class='ocrx_word' id='word_1_114' title='bbox 845 1791 963 1844; x_wconf 83' lang='grc'><strong>109.</strong></span> <span class='ocrx_word' id='word_1_115' title='bbox 1000 1791 1048 1843; x_wconf 73' lang='grc'><strong>1.</strong></span> <span class='ocrx_word' id='word_1_116' title='bbox 1077 1786 1167 1858; x_wconf 76' lang='grc'><strong>2).</strong></span> <span class='ocrx_word' id='word_1_117' title='bbox 1201 1787 1398 1841; x_wconf 90' lang='lat' dir='ltr'><strong>Deinde</strong></span> <span class='ocrx_word' id='word_1_118' title='bbox 1430 1802 1496 1840; x_wconf 89' lang='lat' dir='ltr'><strong>ne</strong></span> <span class='ocrx_word' id='word_1_119' title='bbox 1527 1793 1743 1855; x_wconf 86' lang='lat' dir='ltr'><strong>putares</strong></span> <span class='ocrx_word' id='word_1_120' title='bbox 1763 1799 1882 1837; x_wconf 91' lang='lat' dir='ltr'><strong>eum</strong></span> <span class='ocrx_word' id='word_1_121' title='bbox 1912 1782 2226 1836; x_wconf 88' lang='lat' dir='ltr'><strong>imbecillem</strong></span> 
     </span>
    </p>
   </div>
   <div class='ocr_carea' id='block_1_17' title="bbox 645 1875 2226 1949">
    <p class='ocr_par' dir='ltr' id='par_1_17' title="bbox 645 1875 2226 1949">
     <span class='ocr_line' id='line_1_17' title="bbox 645 1875 2226 1949; baseline -0.007 -11"><span class='ocrx_word' id='word_1_122' title='bbox 645 1899 766 1938; x_wconf 83' lang='lat' dir='ltr'><strong>esse</strong></span> <span class='ocrx_word' id='word_1_123' title='bbox 793 1883 1070 1949; x_wconf 90' lang='lat' dir='ltr'><strong>minusque</strong></span> <span class='ocrx_word' id='word_1_124' title='bbox 1102 1889 1366 1947; x_wconf 84' lang='lat' dir='ltr'><strong>potentem</strong></span> <span class='ocrx_word' id='word_1_125' title='bbox 1392 1919 1404 1940; x_wconf 94' lang='lat'><strong>,</strong></span> <span class='ocrx_word' id='word_1_126' title='bbox 1432 1876 1654 1941; x_wconf 89' lang='lat' dir='ltr'><strong>Tecum,</strong></span> <span class='ocrx_word' id='word_1_127' title='bbox 1685 1879 1878 1944; x_wconf 87' lang='lat' dir='ltr'><strong>inquit,</strong></span> <span class='ocrx_word' id='word_1_128' title='bbox 1912 1875 2226 1945; x_wconf 75' lang='lat' dir='ltr'><strong>principatus</strong></span> 
     </span>
    </p>
   </div>
   <div class='ocr_carea' id='block_1_18' title="bbox 641 1963 2226 2039">
    <p class='ocr_par' dir='ltr' id='par_1_18' title="bbox 641 1963 2226 2039">
     <span class='ocr_line' id='line_1_18' title="bbox 641 1963 2226 2039; baseline -0.008 -11"><span class='ocrx_word' id='word_1_129' title='bbox 641 1984 712 2028; x_wconf 82' lang='lat' dir='ltr'><strong>est</strong></span> <span class='ocrx_word' id='word_1_130' title='bbox 737 1974 788 2026; x_wconf 89' lang='lat' dir='ltr'><strong>in</strong></span> <span class='ocrx_word' id='word_1_131' title='bbox 807 1973 979 2025; x_wconf 87' lang='lat' dir='ltr'><strong>diebus</strong></span> <span class='ocrx_word' id='word_1_132' title='bbox 1003 1970 1236 2039; x_wconf 80' lang='lat' dir='ltr'><strong>potentia:</strong></span> <span class='ocrx_word' id='word_1_133' title='bbox 1259 1979 1356 2020; x_wconf 71' lang='lat' dir='ltr'><strong>tua:</strong></span> <span class='ocrx_word' id='word_1_134' title='bbox 1378 1968 1394 2036; x_wconf 94' lang='lat'><strong>(</strong></span> <span class='ocrx_word' id='word_1_135' title='bbox 1417 1965 1498 2018; x_wconf 89' lang='lat' dir='ltr'><strong>Ib.</strong></span> <span class='ocrx_word' id='word_1_136' title='bbox 1531 1982 1578 2019; x_wconf 84' lang='grc' dir='ltr'><strong><em>υ.</em></strong></span> <span class='ocrx_word' id='word_1_137' title='bbox 1608 1965 1697 2035; x_wconf 83' lang='grc'><strong>5).</strong></span> <span class='ocrx_word' id='word_1_138' title='bbox 1725 1963 2226 2039; x_wconf 79' lang='lat' dir='ltr'><strong>Manifestiusetiam</strong></span> 
     </span>
    </p>
   </div>
   <div class='ocr_carea' id='block_1_19' title="bbox 640 2041 2225 2124">
    <p class='ocr_par' dir='ltr' id='par_1_19' title="bbox 640 2041 2225 2124">
     <span class='ocr_line' id='line_1_19' title="bbox 640 2041 2225 2124; baseline -0.008 -7"><span class='ocrx_word' id='word_1_139' title='bbox 640 2063 918 2117; x_wconf 79' lang='lat' dir='ltr'><strong>declarans</strong></span> <span class='ocrx_word' id='word_1_140' title='bbox 944 2101 958 2124; x_wconf 95' lang='lat'><strong>,</strong></span> <span class='ocrx_word' id='word_1_141' title='bbox 989 2041 1204 2112; x_wconf 76' lang='lat' dir='ltr'><strong>addidit</strong></span> <span class='ocrx_word' id='word_1_142' title='bbox 1235 2074 1248 2109; x_wconf 73' lang='grc' dir='ltr'><strong>ε</strong></span> <span class='ocrx_word' id='word_1_143' title='bbox 1280 2055 1520 2109; x_wconf 76' lang='lat' dir='ltr'><strong>Exutero</strong></span> <span class='ocrx_word' id='word_1_144' title='bbox 1542 2065 1662 2107; x_wconf 96' lang='lat' dir='ltr'><strong>ante</strong></span> <span class='ocrx_word' id='word_1_145' title='bbox 1679 2052 2140 2122; x_wconf 73' lang='lat' dir='ltr'><strong>Laciferumgenui</strong></span> <span class='ocrx_word' id='word_1_146' title='bbox 2161 2062 2225 2105; x_wconf 88' lang='lat' dir='ltr'><strong>te.</strong></span> 
     </span>
    </p>
   </div>
   <div class='ocr_carea' id='block_1_20' title="bbox 636 2144 2225 2213">
    <p class='ocr_par' dir='ltr' id='par_1_20' title="bbox 636 2144 2225 2213">
     <span class='ocr_line' id='line_1_20' title="bbox 636 2144 2225 2213; baseline -0.007 -6"><span class='ocrx_word' id='word_1_147' title='bbox 636 2151 778 2208; x_wconf 80' lang='lat' dir='ltr'><strong>Aule</strong></span> <span class='ocrx_word' id='word_1_148' title='bbox 805 2150 1106 2206; x_wconf 82' lang='lat' dir='ltr'><strong>Luciferum</strong></span> <span class='ocrx_word' id='word_1_149' title='bbox 1145 2156 1320 2202; x_wconf 90' lang='lat' dir='ltr'><strong>autem</strong></span> <span class='ocrx_word' id='word_1_150' title='bbox 1349 2147 1523 2200; x_wconf 88' lang='lat' dir='ltr'><strong>nullus</strong></span> <span class='ocrx_word' id='word_1_151' title='bbox 1553 2145 1826 2199; x_wconf 87' lang='lat' dir='ltr'><strong>hominum</strong></span> <span class='ocrx_word' id='word_1_152' title='bbox 1865 2144 1958 2197; x_wconf 78' lang='lat' dir='ltr'><strong>fuit</strong></span> <span class='ocrx_word' id='word_1_153' title='bbox 1998 2146 2225 2213; x_wconf 81' lang='lat' dir='ltr'><strong>genitus.</strong></span> 
     </span>
    </p>
   </div>
   <div class='ocr_carea' id='block_1_21' title="bbox 646 2235 2231 2298">
    <p class='ocr_par' dir='ltr' id='par_1_21' title="bbox 646 2235 2231 2298">
     <span class='ocr_line' id='line_1_21' title="bbox 646 2235 2231 2298; baseline -0.007 0"><span class='ocrx_word' id='word_1_154' title='bbox 646 2245 724 2298; x_wconf 85' lang='lat' dir='ltr'><strong>Tu</strong></span> <span class='ocrx_word' id='word_1_155' title='bbox 749 2247 982 2298; x_wconf 77' lang='lat' dir='ltr'><strong>sacerdos</strong></span> <span class='ocrx_word' id='word_1_156' title='bbox 1009 2243 1058 2294; x_wconf 87' lang='lat' dir='ltr'><strong>in</strong></span> <span class='ocrx_word' id='word_1_157' title='bbox 1079 2251 1320 2294; x_wconf 81' lang='lat' dir='ltr'><strong>ceterth</strong></span> <span class='ocrx_word' id='word_1_158' title='bbox 1345 2237 1619 2291; x_wconf 86' lang='lat' dir='ltr'><strong>secundum</strong></span> <span class='ocrx_word' id='word_1_159' title='bbox 1650 2237 1877 2289; x_wconf 84' lang='lat' dir='ltr'><strong>ordinem</strong></span> <span class='ocrx_word' id='word_1_160' title='bbox 1902 2235 2231 2288; x_wconf 76' lang='lat' dir='ltr'><strong>Melchisedec</strong></span> 
     </span>
    </p>
   </div>
   <div class='ocr_carea' id='block_1_22' title="bbox 644 2331 2228 2409">
    <p class='ocr_par' dir='ltr' id='par_1_22' title="bbox 644 2331 2228 2409">
     <span class='ocr_line' id='line_1_22' title="bbox 644 2331 2228 2409; baseline -0.004 -19"><span class='ocrx_word' id='word_1_161' title='bbox 644 2339 762 2409; x_wconf 80' lang='lat' dir='ltr'><strong>(Ib.</strong></span> <span class='ocrx_word' id='word_1_162' title='bbox 796 2353 842 2390; x_wconf 74' lang='grc' dir='ltr'><strong>υ.</strong></span> <span class='ocrx_word' id='word_1_163' title='bbox 873 2338 940 2401; x_wconf 77' lang='grc'><strong>4;</strong></span> <span class='ocrx_word' id='word_1_164' title='bbox 971 2335 1126 2388; x_wconf 88' lang='lat' dir='ltr'><strong>Ilebr.</strong></span> <span class='ocrx_word' id='word_1_165' title='bbox 1157 2335 1208 2388; x_wconf 82' lang='lat'><strong>5.</strong></span> <span class='ocrx_word' id='word_1_166' title='bbox 1241 2333 1273 2386; x_wconf 89' lang='lat'>6</span> <span class='ocrx_word' id='word_1_167' title='bbox 1299 2335 1338 2402; x_wconf 93' lang='lat'><strong>).</strong></span> <span class='ocrx_word' id='word_1_168' title='bbox 1364 2331 1479 2386; x_wconf 81' lang='lat' dir='ltr'><strong>Non</strong></span> <span class='ocrx_word' id='word_1_169' title='bbox 1503 2331 1641 2385; x_wconf 87' lang='lat' dir='ltr'><strong>dixit</strong></span> <span class='ocrx_word' id='word_1_170' title='bbox 1669 2331 1959 2384; x_wconf 90' lang='lat' dir='ltr'><strong>secundum</strong></span> <span class='ocrx_word' id='word_1_171' title='bbox 1985 2331 2228 2384; x_wconf 86' lang='lat' dir='ltr'><strong>ordinem</strong></span> 
     </span>
    </p>
   </div>
   <div class='ocr_carea' id='block_1_23' title="bbox 637 2422 2226 2494">
    <p class='ocr_par' dir='ltr' id='par_1_23' title="bbox 637 2422 2226 2494">
     <span class='ocr_line' id='line_1_23' title="bbox 637 2422 2226 2494; baseline -0.006 -9"><span class='ocrx_word' id='word_1_172' title='bbox 637 2435 838 2485; x_wconf 83' lang='lat' dir='ltr'><strong>Aaron.</strong></span> <span class='ocrx_word' id='word_1_173' title='bbox 869 2428 1098 2482; x_wconf 84' lang='lat' dir='ltr'><strong>Proinde</strong></span> <span class='ocrx_word' id='word_1_174' title='bbox 1126 2436 1436 2494; x_wconf 89' lang='lat' dir='ltr'><strong>percontare</strong></span> <span class='ocrx_word' id='word_1_175' title='bbox 1475 2423 1716 2478; x_wconf 78' lang='lat' dir='ltr'><strong>Judteum</strong></span> <span class='ocrx_word' id='word_1_176' title='bbox 1744 2466 1757 2487; x_wconf 94' lang='lat'><strong>,</strong></span> <span class='ocrx_word' id='word_1_177' title='bbox 1805 2423 1848 2476; x_wconf 92' lang='lat' dir='ltr'><strong>si</strong></span> <span class='ocrx_word' id='word_1_178' title='bbox 1874 2422 2226 2476; x_wconf 88' lang='lat' dir='ltr'><strong>sacerdotium</strong></span> 
     </span>
    </p>
   </div>
   <div class='ocr_carea' id='block_1_24' title="bbox 637 2513 2230 2586">
    <p class='ocr_par' dir='ltr' id='par_1_24' title="bbox 637 2513 2230 2586">
     <span class='ocr_line' id='line_1_24' title="bbox 637 2513 2230 2586; baseline -0.004 -12"><span class='ocrx_word' id='word_1_179' title='bbox 637 2533 789 2576; x_wconf 73' lang='lat' dir='ltr'><strong>vetus</strong></span> <span class='ocrx_word' id='word_1_180' title='bbox 816 2535 924 2574; x_wconf 90' lang='lat' dir='ltr'><strong>non</strong></span> <span class='ocrx_word' id='word_1_181' title='bbox 943 2529 1057 2573; x_wconf 90' lang='lat' dir='ltr'><strong>erat</strong></span> <span class='ocrx_word' id='word_1_182' title='bbox 1084 2515 1478 2586; x_wconf 87' lang='lat' dir='ltr'><strong>antiquandum,</strong></span> <span class='ocrx_word' id='word_1_183' title='bbox 1510 2530 1666 2585; x_wconf 89' lang='lat' dir='ltr'><strong>quam</strong></span> <span class='ocrx_word' id='word_1_184' title='bbox 1697 2513 1765 2568; x_wconf 81' lang='lat' dir='ltr'><strong>ob</strong></span> <span class='ocrx_word' id='word_1_185' title='bbox 1783 2528 2003 2569; x_wconf 84' lang='lat' dir='ltr'><strong>causam</strong></span> <span class='ocrx_word' id='word_1_186' title='bbox 2029 2513 2230 2568; x_wconf 81' lang='lat' dir='ltr'><strong>induxit</strong></span> 
     </span>
    </p>
   </div>
   <div class='ocr_carea' id='block_1_25' title="bbox 636 2602 2229 2667">
    <p class='ocr_par' dir='ltr' id='par_1_25' title="bbox 636 2602 2229 2667">
     <span class='ocr_line' id='line_1_25' title="bbox 636 2602 2229 2667; baseline -0.008 -1"><span class='ocrx_word' id='word_1_187' title='bbox 636 2615 797 2667; x_wconf 81' lang='lat' dir='ltr'><strong>alium</strong></span> <span class='ocrx_word' id='word_1_188' title='bbox 824 2609 1152 2665; x_wconf 86' lang='lat' dir='ltr'><strong>sacerdotem</strong></span> <span class='ocrx_word' id='word_1_189' title='bbox 1177 2605 1464 2661; x_wconf 88' lang='lat' dir='ltr'><strong>secundum</strong></span> <span class='ocrx_word' id='word_1_190' title='bbox 1486 2605 1724 2660; x_wconf 90' lang='lat' dir='ltr'><strong>ordinem</strong></span> <span class='ocrx_word' id='word_1_191' title='bbox 1755 2603 2125 2657; x_wconf 83' lang='lat' dir='ltr'><strong>Melchisedec.</strong></span> <span class='ocrx_word' id='word_1_192' title='bbox 2149 2602 2229 2655; x_wconf 83' lang='lat' dir='ltr'><strong>Ad</strong></span> 
     </span>
    </p>
   </div>
   <div class='ocr_carea' id='block_1_26' title="bbox 638 2692 2227 2772">
    <p class='ocr_par' dir='ltr' id='par_1_26' title="bbox 638 2692 2227 2772">
     <span class='ocr_line' id='line_1_26' title="bbox 638 2692 2227 2772; baseline -0.008 -13"><span class='ocrx_word' id='word_1_193' title='bbox 638 2706 779 2771; x_wconf 74' lang='lat' dir='ltr'><strong>hunc</strong></span> <span class='ocrx_word' id='word_1_194' title='bbox 825 2703 984 2772; x_wconf 82' lang='lat' dir='ltr'><strong>igitur</strong></span> <span class='ocrx_word' id='word_1_195' title='bbox 1008 2701 1177 2770; x_wconf 89' lang='lat' dir='ltr'><strong>ipsum</strong></span> <span class='ocrx_word' id='word_1_196' title='bbox 1225 2697 1398 2750; x_wconf 84' lang='lat' dir='ltr'><strong>locum</strong></span> <span class='ocrx_word' id='word_1_197' title='bbox 1451 2695 1768 2764; x_wconf 84' lang='lat' dir='ltr'><strong>perveniens</strong></span> <span class='ocrx_word' id='word_1_198' title='bbox 1819 2694 2052 2759; x_wconf 86' lang='lat' dir='ltr'><strong>Paulus,</strong></span> <span class='ocrx_word' id='word_1_199' title='bbox 2104 2692 2227 2747; x_wconf 83' lang='lat' dir='ltr'><strong>vide</strong></span> 
     </span>
    </p>
   </div>
   <div class='ocr_carea' id='block_1_27' title="bbox 635 2785 2222 2866">
    <p class='ocr_par' dir='ltr' id='par_1_27' title="bbox 635 2785 2222 2866">
     <span class='ocr_line' id='line_1_27' title="bbox 635 2785 2222 2866; baseline -0.007 -18"><span class='ocrx_word' id='word_1_200' title='bbox 635 2795 904 2866; x_wconf 82' lang='lat' dir='ltr'><strong>quomodo</strong></span> <span class='ocrx_word' id='word_1_201' title='bbox 935 2793 1079 2847; x_wconf 89' lang='lat' dir='ltr'><strong>illum</strong></span> <span class='ocrx_word' id='word_1_202' title='bbox 1124 2789 1504 2845; x_wconf 86' lang='lat' dir='ltr'><strong>evidentiorem</strong></span> <span class='ocrx_word' id='word_1_203' title='bbox 1555 2785 1865 2840; x_wconf 88' lang='lat' dir='ltr'><strong>reddiderit.</strong></span> <span class='ocrx_word' id='word_1_204' title='bbox 1912 2785 2045 2839; x_wconf 89' lang='lat' dir='ltr'><strong>Cum</strong></span> <span class='ocrx_word' id='word_1_205' title='bbox 2079 2785 2222 2862; x_wconf 87' lang='lat' dir='ltr'><strong>enim</strong></span> 
     </span>
    </p>
   </div>
   <div class='ocr_carea' id='block_1_28' title="bbox 636 2877 2224 2950">
    <p class='ocr_par' dir='ltr' id='par_1_28' title="bbox 636 2877 2224 2950">
     <span class='ocr_line' id='line_1_28' title="bbox 636 2877 2224 2950; baseline -0.008 -8"><span class='ocrx_word' id='word_1_206' title='bbox 636 2888 856 2942; x_wconf 88' lang='lat' dir='ltr'><strong>dixisset</strong></span> <span class='ocrx_word' id='word_1_207' title='bbox 885 2885 952 2940; x_wconf 92' lang='lat' dir='ltr'><strong>de</strong></span> <span class='ocrx_word' id='word_1_208' title='bbox 978 2883 1211 2943; x_wconf 79' lang='lat' dir='ltr'><strong>Christo,</strong></span> <span class='ocrx_word' id='word_1_209' title='bbox 1239 2878 1686 2950; x_wconf 86' lang='lat' dir='ltr'><strong>quemadmodum</strong></span> <span class='ocrx_word' id='word_1_210' title='bbox 1717 2885 1769 2930; x_wconf 91' lang='lat' dir='ltr'><strong>et</strong></span> <span class='ocrx_word' id='word_1_211' title='bbox 1805 2877 1927 2930; x_wconf 88' lang='lat' dir='ltr'><strong>alibi</strong></span> <span class='ocrx_word' id='word_1_212' title='bbox 1961 2877 2224 2945; x_wconf 88' lang='lat' dir='ltr'><strong>loquitur,</strong></span> 
     </span>
    </p>
   </div>
   <div class='ocr_carea' id='block_1_29' title="bbox 640 2968 2227 3045">
    <p class='ocr_par' dir='ltr' id='par_1_29' title="bbox 640 2968 2227 3045">
     <span class='ocr_line' id='line_1_29' title="bbox 640 2968 2227 3045; baseline -0.009 -10"><span class='ocrx_word' id='word_1_213' title='bbox 640 2983 717 3045; x_wconf 84' lang='lat' dir='ltr'><strong>Tn</strong></span> <span class='ocrx_word' id='word_1_214' title='bbox 738 2979 968 3034; x_wconf 83' lang='lat' dir='ltr'><strong>sacerdos</strong></span> <span class='ocrx_word' id='word_1_215' title='bbox 995 2979 1045 3030; x_wconf 90' lang='lat' dir='ltr'><strong>in</strong></span> <span class='ocrx_word' id='word_1_216' title='bbox 1066 2987 1305 3030; x_wconf 73' lang='lat' dir='ltr'><strong>teternum</strong></span> <span class='ocrx_word' id='word_1_217' title='bbox 1322 2972 1594 3025; x_wconf 86' lang='lat' dir='ltr'><strong>secundum</strong></span> <span class='ocrx_word' id='word_1_218' title='bbox 1621 2971 1845 3022; x_wconf 86' lang='lat' dir='ltr'><strong>ordinem</strong></span> <span class='ocrx_word' id='word_1_219' title='bbox 1868 2968 2227 3022; x_wconf 81' lang='lat' dir='ltr'><strong>Melchisedec:</strong></span> 
     </span>
    </p>
   </div>
   <div class='ocr_carea' id='block_1_30' title="bbox 635 3059 2226 3141">
    <p class='ocr_par' dir='ltr' id='par_1_30' title="bbox 635 3059 2226 3141">
     <span class='ocr_line' id='line_1_30' title="bbox 635 3059 2226 3141; baseline -0.011 -15"><span class='ocrx_word' id='word_1_220' title='bbox 635 3071 941 3141; x_wconf 70' lang='lat' dir='ltr'><strong>culijunxit:</strong></span> <span class='ocrx_word' id='word_1_221' title='bbox 976 3068 1051 3120; x_wconf 87' lang='lat' dir='ltr'><strong>De</strong></span> <span class='ocrx_word' id='word_1_222' title='bbox 1077 3082 1172 3134; x_wconf 85' lang='lat' dir='ltr'><strong>quo</strong></span> <span class='ocrx_word' id='word_1_223' title='bbox 1196 3067 1381 3117; x_wconf 77' lang='lat' dir='ltr'><strong>multus</strong></span> <span class='ocrx_word' id='word_1_224' title='bbox 1403 3063 1542 3115; x_wconf 89' lang='lat' dir='ltr'><strong>nobis</strong></span> <span class='ocrx_word' id='word_1_225' title='bbox 1573 3077 1752 3125; x_wconf 84' lang='lat' dir='ltr'><strong>sermo,</strong></span> <span class='ocrx_word' id='word_1_226' title='bbox 1782 3069 1826 3112; x_wconf 91' lang='lat' dir='ltr'><strong>et</strong></span> <span class='ocrx_word' id='word_1_227' title='bbox 1857 3069 2100 3113; x_wconf 82' lang='lat' dir='ltr'><strong>enarrata</strong></span> <span class='ocrx_word' id='word_1_228' title='bbox 2121 3059 2226 3128; x_wconf 82' lang='lat' dir='ltr'><strong>dif-</strong></span> 
     </span>
    </p>
   </div>
   <div class='ocr_carea' id='block_1_31' title="bbox 638 3151 2226 3235">
    <p class='ocr_par' dir='ltr' id='par_1_31' title="bbox 638 3151 2226 3235">
     <span class='ocr_line' id='line_1_31' title="bbox 638 3151 2226 3235; baseline -0.009 -19"><span class='ocrx_word' id='word_1_229' title='bbox 638 3166 785 3230; x_wconf 82' lang='lat' dir='ltr'><strong>ﬁcilis</strong></span> <span class='ocrx_word' id='word_1_230' title='bbox 813 3162 937 3235; x_wconf 88' lang='lat' dir='ltr'><strong>(Id.</strong></span> <span class='ocrx_word' id='word_1_231' title='bbox 965 3163 1018 3215; x_wconf 83' lang='lat'><strong>5.</strong></span> <span class='ocrx_word' id='word_1_232' title='bbox 1054 3160 1112 3212; x_wconf 82' lang='grc' dir='ltr'>Η</span> <span class='ocrx_word' id='word_1_233' title='bbox 1142 3159 1178 3226; x_wconf 97' lang='grc'><strong>).</strong></span> <span class='ocrx_word' id='word_1_234' title='bbox 1229 3155 1426 3210; x_wconf 90' lang='lat' dir='ltr'><strong>Deinde</strong></span> <span class='ocrx_word' id='word_1_235' title='bbox 1455 3170 1576 3208; x_wconf 90' lang='lat' dir='ltr'><strong>eum</strong></span> <span class='ocrx_word' id='word_1_236' title='bbox 1623 3154 1946 3221; x_wconf 89' lang='lat' dir='ltr'><strong>increpasset</strong></span> <span class='ocrx_word' id='word_1_237' title='bbox 1993 3151 2226 3219; x_wconf 80' lang='lat' dir='ltr'><strong>discipu-</strong></span> 
     </span>
    </p>
   </div>
   <div class='ocr_carea' id='block_1_32' title="bbox 639 3241 2224 3320">
    <p class='ocr_par' dir='ltr' id='par_1_32' title="bbox 639 3241 2224 3320">
     <span class='ocr_line' id='line_1_32' title="bbox 639 3241 2224 3320; baseline -0.009 -12"><span class='ocrx_word' id='word_1_238' title='bbox 639 3254 719 3308; x_wconf 81' lang='lat' dir='ltr'><strong>los</strong></span> <span class='ocrx_word' id='word_1_239' title='bbox 739 3295 753 3319; x_wconf 97' lang='lat'><strong>,</strong></span> <span class='ocrx_word' id='word_1_240' title='bbox 797 3261 855 3306; x_wconf 94' lang='lat' dir='ltr'><strong>ut</strong></span> <span class='ocrx_word' id='word_1_241' title='bbox 885 3252 1062 3320; x_wconf 91' lang='lat' dir='ltr'><strong>paucis</strong></span> <span class='ocrx_word' id='word_1_242' title='bbox 1093 3249 1301 3310; x_wconf 89' lang='lat' dir='ltr'><strong>dicam,</strong></span> <span class='ocrx_word' id='word_1_243' title='bbox 1332 3247 1436 3307; x_wconf 73' lang='lat' dir='ltr'><strong>aib,</strong></span> <span class='ocrx_word' id='word_1_244' title='bbox 1464 3245 1582 3312; x_wconf 89' lang='lat' dir='ltr'><strong>quis</strong></span> <span class='ocrx_word' id='word_1_245' title='bbox 1614 3244 1700 3320; x_wconf 89' lang='lat' dir='ltr'><strong>ille</strong></span> <span class='ocrx_word' id='word_1_246' title='bbox 1744 3244 1811 3296; x_wconf 89' lang='lat' dir='ltr'><strong>sit</strong></span> <span class='ocrx_word' id='word_1_247' title='bbox 1841 3241 2224 3304; x_wconf 78' lang='lat' dir='ltr'><strong>Melehisedec;</strong></span> 
     </span>
    </p>
   </div>
   <div class='ocr_carea' id='block_1_33' title="bbox 639 3319 2228 3403">
    <p class='ocr_par' dir='ltr' id='par_1_33' title="bbox 639 3319 2228 3403">
     <span class='ocr_line' id='line_1_33' title="bbox 639 3319 2228 3403; baseline -0.009 -5"><span class='ocrx_word' id='word_1_248' title='bbox 639 3358 692 3398; x_wconf 82' lang='lat' dir='ltr'><strong>et</strong></span> <span class='ocrx_word' id='word_1_249' title='bbox 715 3319 924 3396; x_wconf 87' lang='lat' dir='ltr'><strong>adducit</strong></span> <span class='ocrx_word' id='word_1_250' title='bbox 948 3341 1242 3403; x_wconf 80' lang='lat' dir='ltr'><strong>historiam,</strong></span> <span class='ocrx_word' id='word_1_251' title='bbox 1268 3338 1336 3390; x_wconf 90' lang='lat' dir='ltr'><strong>ita</strong></span> <span class='ocrx_word' id='word_1_252' title='bbox 1365 3351 1585 3388; x_wconf 90' lang='lat' dir='ltr'><strong>narrans</strong></span> <span class='ocrx_word' id='word_1_253' title='bbox 1609 3354 1620 3386; x_wconf 91' lang='lat'><strong>:</strong></span> <span class='ocrx_word' id='word_1_254' title='bbox 1652 3319 1748 3384; x_wconf 75' lang='lat' dir='ltr'><strong>Hic</strong></span> <span class='ocrx_word' id='word_1_255' title='bbox 1775 3333 1989 3384; x_wconf 87' lang='lat' dir='ltr'><strong>occurrit</strong></span> <span class='ocrx_word' id='word_1_256' title='bbox 2011 3331 2228 3383; x_wconf 74' lang='lat' dir='ltr'><strong>Abi-alia:</strong></span> 
     </span>
    </p>
   </div>
   <div class='ocr_carea' id='block_1_34' title="bbox 639 3422 2227 3498">
    <p class='ocr_par' dir='ltr' id='par_1_34' title="bbox 639 3422 2227 3498">
     <span class='ocr_line' id='line_1_34' title="bbox 639 3422 2227 3498; baseline -0.011 -9"><span class='ocrx_word' id='word_1_257' title='bbox 639 3435 903 3489; x_wconf 76' lang='lat' dir='ltr'><strong>revertenti</strong></span> <span class='ocrx_word' id='word_1_258' title='bbox 931 3451 960 3486; x_wconf 90' lang='lat' dir='ltr'><strong>a</strong></span> <span class='ocrx_word' id='word_1_259' title='bbox 1002 3432 1284 3485; x_wconf 83' lang='lat' dir='ltr'><strong>concisione</strong></span> <span class='ocrx_word' id='word_1_260' title='bbox 1311 3444 1518 3498; x_wconf 84' lang='lat' dir='ltr'><strong>regum,</strong></span> <span class='ocrx_word' id='word_1_261' title='bbox 1550 3425 1895 3491; x_wconf 69' lang='lat' dir='ltr'><strong>benediaitque</strong></span> <span class='ocrx_word' id='word_1_262' title='bbox 1921 3422 2019 3484; x_wconf 84' lang='lat' dir='ltr'><strong>illi,</strong></span> <span class='ocrx_word' id='word_1_263' title='bbox 2053 3423 2132 3474; x_wconf 91' lang='lat' dir='ltr'><strong>cui</strong></span> <span class='ocrx_word' id='word_1_264' title='bbox 2180 3430 2227 3473; x_wconf 88' lang='lat' dir='ltr'><strong>et</strong></span> 
     </span>
    </p>
   </div>
   <div class='ocr_carea' id='block_1_35' title="bbox 638 3511 2226 3586">
    <p class='ocr_par' dir='ltr' id='par_1_35' title="bbox 638 3511 2226 3586">
     <span class='ocr_line' id='line_1_35' title="bbox 638 3511 2226 3586; baseline -0.009 -6"><span class='ocrx_word' id='word_1_265' title='bbox 638 3528 856 3580; x_wconf 77' lang='lat' dir='ltr'><strong>decimas</strong></span> <span class='ocrx_word' id='word_1_266' title='bbox 883 3525 945 3577; x_wconf 86' lang='lat' dir='ltr'><strong>de</strong></span> <span class='ocrx_word' id='word_1_267' title='bbox 973 3521 1201 3575; x_wconf 85' lang='lat' dir='ltr'><strong>omnibus</strong></span> <span class='ocrx_word' id='word_1_268' title='bbox 1242 3518 1526 3586; x_wconf 87' lang='lat' dir='ltr'><strong>impartitus</strong></span> <span class='ocrx_word' id='word_1_269' title='bbox 1571 3527 1642 3567; x_wconf 88' lang='lat' dir='ltr'><strong>est</strong></span> <span class='ocrx_word' id='word_1_270' title='bbox 1695 3513 1950 3566; x_wconf 82' lang='lat' dir='ltr'><strong>Abraham</strong></span> <span class='ocrx_word' id='word_1_271' title='bbox 1997 3511 2123 3581; x_wconf 90' lang='lat' dir='ltr'><strong>(Id.</strong></span> <span class='ocrx_word' id='word_1_272' title='bbox 2172 3512 2226 3566; x_wconf 89' lang='lat'><strong>7.</strong></span> 
     </span>
    </p>
   </div>
   <div class='ocr_carea' id='block_1_36' title="bbox 639 3602 2227 3681">
    <p class='ocr_par' dir='ltr' id='par_1_36' title="bbox 639 3602 2227 3681">
     <span class='ocr_line' id='line_1_36' title="bbox 639 3602 2227 3681; baseline -0.011 -10"><span class='ocrx_word' id='word_1_273' title='bbox 639 3623 690 3671; x_wconf 76' lang='grc'><strong>1.</strong></span> <span class='ocrx_word' id='word_1_274' title='bbox 731 3617 821 3681; x_wconf 78' lang='lat'><strong>9.).</strong></span> <span class='ocrx_word' id='word_1_275' title='bbox 873 3615 996 3668; x_wconf 83' lang='lat' dir='ltr'><strong>Post</strong></span> <span class='ocrx_word' id='word_1_276' title='bbox 1035 3611 1278 3680; x_wconf 90' lang='lat' dir='ltr'><strong>aperiens</strong></span> <span class='ocrx_word' id='word_1_277' title='bbox 1325 3606 1802 3661; x_wconf 89' lang='lat' dir='ltr'><strong>considerationem</strong></span> <span class='ocrx_word' id='word_1_278' title='bbox 1844 3603 2054 3670; x_wconf 77' lang='lat' dir='ltr'><strong>ligurte:</strong></span> <span class='ocrx_word' id='word_1_279' title='bbox 2099 3602 2227 3654; x_wconf 90' lang='lat' dir='ltr'><strong>Con-</strong></span> 
     </span>
    </p>
   </div>
   <div class='ocr_carea' id='block_1_37' title="bbox 639 3694 2225 3776">
    <p class='ocr_par' dir='ltr' id='par_1_37' title="bbox 639 3694 2225 3776">
     <span class='ocr_line' id='line_1_37' title="bbox 639 3694 2225 3776; baseline -0.011 -14"><span class='ocrx_word' id='word_1_280' title='bbox 639 3707 951 3776; x_wconf 86' lang='lat' dir='ltr'><strong>templamini</strong></span> <span class='ocrx_word' id='word_1_281' title='bbox 981 3714 1144 3756; x_wconf 90' lang='lat' dir='ltr'><strong>autem</strong></span> <span class='ocrx_word' id='word_1_282' title='bbox 1188 3709 1406 3767; x_wconf 85' lang='lat' dir='ltr'><strong>quantus</strong></span> <span class='ocrx_word' id='word_1_283' title='bbox 1446 3698 1508 3749; x_wconf 88' lang='lat' dir='ltr'><strong>sit</strong></span> <span class='ocrx_word' id='word_1_284' title='bbox 1549 3697 1640 3748; x_wconf 85' lang='lat' dir='ltr'><strong>iste</strong></span> <span class='ocrx_word' id='word_1_285' title='bbox 1665 3738 1678 3759; x_wconf 97' lang='lat'><strong>,</strong></span> <span class='ocrx_word' id='word_1_286' title='bbox 1732 3694 1935 3762; x_wconf 87' lang='lat' dir='ltr'><strong>inquit,</strong></span> <span class='ocrx_word' id='word_1_287' title='bbox 1966 3694 2047 3745; x_wconf 88' lang='lat' dir='ltr'><strong>cui</strong></span> <span class='ocrx_word' id='word_1_288' title='bbox 2075 3695 2225 3746; x_wconf 89' lang='lat' dir='ltr'><strong>etiam</strong></span> 
     </span>
    </p>
   </div>
   <div class='ocr_carea' id='block_1_38' title="bbox 643 3783 2228 3856">
    <p class='ocr_par' dir='ltr' id='par_1_38' title="bbox 643 3783 2228 3856">
     <span class='ocr_line' id='line_1_38' title="bbox 643 3783 2228 3856; baseline -0.012 -5"><span class='ocrx_word' id='word_1_289' title='bbox 643 3801 873 3852; x_wconf 81' lang='lat' dir='ltr'><strong>decimas</strong></span> <span class='ocrx_word' id='word_1_290' title='bbox 900 3796 960 3847; x_wconf 86' lang='lat' dir='ltr'><strong>de</strong></span> <span class='ocrx_word' id='word_1_291' title='bbox 988 3794 1214 3846; x_wconf 85' lang='lat' dir='ltr'><strong>omnibus</strong></span> <span class='ocrx_word' id='word_1_292' title='bbox 1241 3788 1526 3856; x_wconf 81' lang='lat' dir='ltr'><strong>intpartitus</strong></span> <span class='ocrx_word' id='word_1_293' title='bbox 1557 3795 1628 3837; x_wconf 87' lang='lat' dir='ltr'><strong>est</strong></span> <span class='ocrx_word' id='word_1_294' title='bbox 1659 3784 1909 3836; x_wconf 77' lang='lat' dir='ltr'><strong>Abraham</strong></span> <span class='ocrx_word' id='word_1_295' title='bbox 1941 3783 2228 3851; x_wconf 80' lang='lat' dir='ltr'><strong>patriarcha</strong></span> 
     </span>
    </p>
   </div>
   <div class='ocr_carea' id='block_1_39' title="bbox 642 3872 2228 3960">
    <p class='ocr_par' dir='ltr' id='par_1_39' title="bbox 642 3872 2228 3960">
     <span class='ocr_line' id='line_1_39' title="bbox 642 3872 2228 3960; baseline -0.011 -17"><span class='ocrx_word' id='word_1_296' title='bbox 642 3890 776 3960; x_wconf 71' lang='lat' dir='ltr'><strong>(Idv</strong></span> <span class='ocrx_word' id='word_1_297' title='bbox 813 3899 861 3936; x_wconf 86' lang='grc' dir='ltr'><strong>υ.</strong></span> <span class='ocrx_word' id='word_1_298' title='bbox 913 3886 1007 3954; x_wconf 69' lang='grc'><strong>4).</strong></span> <span class='ocrx_word' id='word_1_299' title='bbox 1059 3883 1168 3935; x_wconf 91' lang='lat' dir='ltr'><strong>lloc</strong></span> <span class='ocrx_word' id='word_1_300' title='bbox 1218 3890 1395 3932; x_wconf 88' lang='lat' dir='ltr'><strong>autem</strong></span> <span class='ocrx_word' id='word_1_301' title='bbox 1440 3892 1543 3929; x_wconf 92' lang='lat' dir='ltr'><strong>non</strong></span> <span class='ocrx_word' id='word_1_302' title='bbox 1573 3873 1687 3929; x_wconf 66' lang='lat' dir='ltr'><strong>sine</strong></span> <span class='ocrx_word' id='word_1_303' title='bbox 1726 3889 1884 3928; x_wconf 90' lang='lat' dir='ltr'><strong>causa</strong></span> <span class='ocrx_word' id='word_1_304' title='bbox 1915 3874 2085 3937; x_wconf 82' lang='lat' dir='ltr'><strong>dixit,</strong></span> <span class='ocrx_word' id='word_1_305' title='bbox 2135 3872 2228 3926; x_wconf 89' lang='lat' dir='ltr'><strong>sed</strong></span> 
     </span>
    </p>
   </div>
   <div class='ocr_carea' id='block_1_40' title="bbox 641 3964 2227 4040">
    <p class='ocr_par' dir='ltr' id='par_1_40' title="bbox 641 3964 2227 4040">
     <span class='ocr_line' id='line_1_40' title="bbox 641 3964 2227 4040; baseline -0.009 -9"><span class='ocrx_word' id='word_1_306' title='bbox 641 3978 924 4033; x_wconf 85' lang='lat' dir='ltr'><strong>ostendere</strong></span> <span class='ocrx_word' id='word_1_307' title='bbox 955 3974 1190 4040; x_wconf 83' lang='lat' dir='ltr'><strong>cupiens,</strong></span> <span class='ocrx_word' id='word_1_308' title='bbox 1218 3971 1382 4022; x_wconf 92' lang='lat' dir='ltr'><strong>multo</strong></span> <span class='ocrx_word' id='word_1_309' title='bbox 1414 3967 1580 4034; x_wconf 85' lang='lat' dir='ltr'><strong>majus</strong></span> <span class='ocrx_word' id='word_1_310' title='bbox 1609 3981 1727 4018; x_wconf 77' lang='lat' dir='ltr'><strong>esse</strong></span> <span class='ocrx_word' id='word_1_311' title='bbox 1754 3964 2103 4031; x_wconf 69' lang='lat' dir='ltr'><strong>sacerth-tium</strong></span> <span class='ocrx_word' id='word_1_312' title='bbox 2131 3979 2227 4016; x_wconf 85' lang='lat' dir='ltr'><strong>no-</strong></span> 
     </span>
    </p>
   </div>
   <div class='ocr_carea' id='block_1_41' title="bbox 639 4055 2230 4136">
    <p class='ocr_par' dir='ltr' id='par_1_41' title="bbox 639 4055 2230 4136">
     <span class='ocr_line' id='line_1_41' title="bbox 639 4055 2230 4136; baseline -0.012 -11"><span class='ocrx_word' id='word_1_313' title='bbox 639 4083 805 4125; x_wconf 88' lang='lat' dir='ltr'><strong>strum</strong></span> <span class='ocrx_word' id='word_1_314' title='bbox 832 4056 986 4136; x_wconf 79' lang='lat' dir='ltr'><strong>quam</strong></span> <span class='ocrx_word' id='word_1_315' title='bbox 1018 4063 1347 4117; x_wconf 61' lang='lat' dir='ltr'><strong>Judteorum.</strong></span> <span class='ocrx_word' id='word_1_316' title='bbox 1376 4060 1545 4125; x_wconf 81' lang='lat' dir='ltr'><strong>Atque</strong></span> <span class='ocrx_word' id='word_1_317' title='bbox 1575 4057 1623 4108; x_wconf 93' lang='lat' dir='ltr'><strong>in</strong></span> <span class='ocrx_word' id='word_1_318' title='bbox 1655 4056 1781 4123; x_wconf 82' lang='lat' dir='ltr'><strong>ipsis</strong></span> <span class='ocrx_word' id='word_1_319' title='bbox 1811 4055 1947 4124; x_wconf 82' lang='lat' dir='ltr'><strong>typis</strong></span> <span class='ocrx_word' id='word_1_320' title='bbox 1978 4056 2120 4122; x_wconf 88' lang='lat' dir='ltr'><strong>prius</strong></span> <span class='ocrx_word' id='word_1_321' title='bbox 2147 4070 2230 4107; x_wconf 88' lang='lat' dir='ltr'><strong>re-</strong></span> 
     </span>
    </p>
   </div>
   <div class='ocr_carea' id='block_1_42' title="bbox 639 4147 2230 4218">
    <p class='ocr_par' dir='ltr' id='par_1_42' title="bbox 639 4147 2230 4218">
     <span class='ocr_line' id='line_1_42' title="bbox 639 4147 2230 4218; baseline -0.013 -1"><span class='ocrx_word' id='word_1_322' title='bbox 639 4180 753 4218; x_wconf 90' lang='lat' dir='ltr'><strong>rum</strong></span> <span class='ocrx_word' id='word_1_323' title='bbox 782 4156 1092 4214; x_wconf 79' lang='lat' dir='ltr'><strong>excellentia</strong></span> <span class='ocrx_word' id='word_1_324' title='bbox 1118 4154 1432 4206; x_wconf 88' lang='lat' dir='ltr'><strong>declaratur.</strong></span> <span class='ocrx_word' id='word_1_325' title='bbox 1467 4149 1594 4201; x_wconf 82' lang='lat' dir='ltr'><strong>Nam</strong></span> <span class='ocrx_word' id='word_1_326' title='bbox 1621 4147 1882 4200; x_wconf 81' lang='lat' dir='ltr'><strong>Abraham</strong></span> <span class='ocrx_word' id='word_1_327' title='bbox 1924 4149 2084 4199; x_wconf 82' lang='lat' dir='ltr'><strong>lsaaci</strong></span> <span class='ocrx_word' id='word_1_328' title='bbox 2119 4154 2230 4197; x_wconf 83' lang='lat' dir='ltr'><strong>erat</strong></span> 
     </span>
    </p>
   </div>
   <div class='ocr_carea' id='block_1_43' title="bbox 641 4237 2229 4324">
    <p class='ocr_par' dir='ltr' id='par_1_43' title="bbox 641 4237 2229 4324">
     <span class='ocr_line' id='line_1_43' title="bbox 641 4237 2229 4324; baseline -0.011 -19"><span class='ocrx_word' id='word_1_329' title='bbox 641 4265 821 4324; x_wconf 86' lang='lat' dir='ltr'><strong>pater,</strong></span> <span class='ocrx_word' id='word_1_330' title='bbox 870 4266 998 4303; x_wconf 85' lang='lat' dir='ltr'><strong>avus</strong></span> <span class='ocrx_word' id='word_1_331' title='bbox 1028 4246 1243 4307; x_wconf 84' lang='lat' dir='ltr'><strong>Jacobi,</strong></span> <span class='ocrx_word' id='word_1_332' title='bbox 1278 4257 1504 4310; x_wconf 85' lang='lat' dir='ltr'><strong>proavus</strong></span> <span class='ocrx_word' id='word_1_333' title='bbox 1538 4239 1660 4292; x_wconf 87' lang='lat' dir='ltr'><strong>Levi</strong></span> <span class='ocrx_word' id='word_1_334' title='bbox 1690 4282 1704 4305; x_wconf 94' lang='lat'><strong>,</strong></span> <span class='ocrx_word' id='word_1_335' title='bbox 1751 4238 2012 4308; x_wconf 80' lang='lat' dir='ltr'><strong>siquidem</strong></span> <span class='ocrx_word' id='word_1_336' title='bbox 2051 4237 2229 4290; x_wconf 78' lang='lat' dir='ltr'><strong>Jacobi</strong></span> 
     </span>
    </p>
   </div>
   <div class='ocr_carea' id='block_1_44' title="bbox 642 4328 2230 4397">
    <p class='ocr_par' dir='ltr' id='par_1_44' title="bbox 642 4328 2230 4397">
     <span class='ocr_line' id='line_1_44' title="bbox 642 4328 2230 4397; baseline -0.011 0"><span class='ocrx_word' id='word_1_337' title='bbox 642 4346 780 4396; x_wconf 80' lang='lat' dir='ltr'><strong>tilias</strong></span> <span class='ocrx_word' id='word_1_338' title='bbox 824 4349 940 4394; x_wconf 89' lang='lat' dir='ltr'><strong>erat</strong></span> <span class='ocrx_word' id='word_1_339' title='bbox 967 4337 1114 4392; x_wconf 82' lang='lat' dir='ltr'><strong>Levi.</strong></span> <span class='ocrx_word' id='word_1_340' title='bbox 1162 4336 1232 4387; x_wconf 79' lang='lat' dir='ltr'><strong>Ex</strong></span> <span class='ocrx_word' id='word_1_341' title='bbox 1266 4333 1390 4385; x_wconf 82' lang='lat' dir='ltr'><strong>Levi</strong></span> <span class='ocrx_word' id='word_1_342' title='bbox 1437 4330 1789 4384; x_wconf 88' lang='lat' dir='ltr'><strong>sacerdotium</strong></span> <span class='ocrx_word' id='word_1_343' title='bbox 1836 4328 1972 4397; x_wconf 89' lang='lat' dir='ltr'><strong>apud</strong></span> <span class='ocrx_word' id='word_1_344' title='bbox 2018 4328 2230 4381; x_wconf 65' lang='lat' dir='ltr'><strong>Judmos</strong></span> 
     </span>
    </p>
   </div>
   <div class='ocr_carea' id='block_1_45' title="bbox 637 4418 2230 4502">
    <p class='ocr_par' dir='ltr' id='par_1_45' title="bbox 637 4418 2230 4502">
     <span class='ocr_line' id='line_1_45' title="bbox 637 4418 2230 4502; baseline -0.011 -16"><span class='ocrx_word' id='word_1_345' title='bbox 637 4433 860 4502; x_wconf 85' lang='lat' dir='ltr'><strong>sumpsit</strong></span> <span class='ocrx_word' id='word_1_346' title='bbox 883 4429 1159 4497; x_wconf 80' lang='lat' dir='ltr'><strong>originem.</strong></span> <span class='ocrx_word' id='word_1_347' title='bbox 1189 4424 1382 4477; x_wconf 80' lang='lat' dir='ltr'><strong>Verum</strong></span> <span class='ocrx_word' id='word_1_348' title='bbox 1407 4422 1490 4474; x_wconf 80' lang='lat' dir='ltr'><strong>hic</strong></span> <span class='ocrx_word' id='word_1_349' title='bbox 1513 4420 1778 4474; x_wconf 85' lang='lat' dir='ltr'><strong>Abraham</strong></span> <span class='ocrx_word' id='word_1_350' title='bbox 1808 4419 2110 4487; x_wconf 84' lang='lat' dir='ltr'><strong>progenitor</strong></span> <span class='ocrx_word' id='word_1_351' title='bbox 2133 4418 2230 4471; x_wconf 89' lang='lat' dir='ltr'><strong>Le-</strong></span> 
     </span>
    </p>
   </div>
   <div class='ocr_carea' id='block_1_46' title="bbox 639 4507 2223 4576">
    <p class='ocr_par' dir='ltr' id='par_1_46' title="bbox 639 4507 2223 4576">
     <span class='ocr_line' id='line_1_46' title="bbox 639 4507 2223 4576; baseline -0.008 -2"><span class='ocrx_word' id='word_1_352' title='bbox 639 4526 861 4576; x_wconf 81' lang='lat' dir='ltr'><strong>vitarum</strong></span> <span class='ocrx_word' id='word_1_353' title='bbox 889 4536 948 4573; x_wconf 92' lang='lat' dir='ltr'><strong>ac</strong></span> <span class='ocrx_word' id='word_1_354' title='bbox 972 4517 1310 4571; x_wconf 82' lang='lat' dir='ltr'><strong>Judaicorum</strong></span> <span class='ocrx_word' id='word_1_355' title='bbox 1341 4512 1675 4566; x_wconf 89' lang='lat' dir='ltr'><strong>sacerdotum</strong></span> <span class='ocrx_word' id='word_1_356' title='bbox 1708 4510 1806 4563; x_wconf 88' lang='lat' dir='ltr'><strong>sub</strong></span> <span class='ocrx_word' id='word_1_357' title='bbox 1835 4507 2187 4562; x_wconf 78' lang='lat' dir='ltr'><strong>Melchisedec</strong></span> <span class='ocrx_word' id='word_1_358' title='bbox 2210 4551 2223 4574; x_wconf 95' lang='lat'><strong>,</strong></span> 
     </span>
    </p>
   </div>
   <div class='ocr_carea' id='block_1_47' title="bbox 639 4600 2230 4681">
    <p class='ocr_par' dir='ltr' id='par_1_47' title="bbox 639 4600 2230 4681">
     <span class='ocr_line' id='line_1_47' title="bbox 639 4600 2230 4681; baseline -0.008 -16"><span class='ocrx_word' id='word_1_359' title='bbox 639 4613 729 4681; x_wconf 92' lang='lat' dir='ltr'><strong>qui</strong></span> <span class='ocrx_word' id='word_1_360' title='bbox 760 4620 941 4681; x_wconf 78' lang='lat' dir='ltr'><strong>typum</strong></span> <span class='ocrx_word' id='word_1_361' title='bbox 968 4607 1182 4676; x_wconf 77' lang='lat' dir='ltr'><strong>gerebat</strong></span> <span class='ocrx_word' id='word_1_362' title='bbox 1211 4605 1376 4657; x_wconf 90' lang='lat' dir='ltr'><strong>nostri</strong></span> <span class='ocrx_word' id='word_1_363' title='bbox 1405 4601 1707 4665; x_wconf 87' lang='lat' dir='ltr'><strong>sacerdotii,</strong></span> <span class='ocrx_word' id='word_1_364' title='bbox 1745 4601 1862 4653; x_wconf 83' lang='lat' dir='ltr'><strong>laici</strong></span> <span class='ocrx_word' id='word_1_365' title='bbox 1895 4601 2066 4653; x_wconf 86' lang='lat' dir='ltr'><strong>locum</strong></span> <span class='ocrx_word' id='word_1_366' title='bbox 2094 4600 2230 4653; x_wconf 89' lang='lat' dir='ltr'><strong>obti-</strong></span> 
     </span>
    </p>
   </div>
   <div class='ocr_carea' id='block_1_48' title="bbox 639 4694 2228 4770">
    <p class='ocr_par' dir='ltr' id='par_1_48' title="bbox 639 4694 2228 4770">
     <span class='ocr_line' id='line_1_48' title="bbox 639 4694 2228 4770; baseline -0.006 -14"><span class='ocrx_word' id='word_1_367' title='bbox 639 4705 774 4768; x_wconf 90' lang='lat' dir='ltr'><strong>nuit,</strong></span> <span class='ocrx_word' id='word_1_368' title='bbox 801 4703 957 4770; x_wconf 89' lang='lat' dir='ltr'><strong>idque</strong></span> <span class='ocrx_word' id='word_1_369' title='bbox 986 4697 1183 4766; x_wconf 90' lang='lat' dir='ltr'><strong>duplici</strong></span> <span class='ocrx_word' id='word_1_370' title='bbox 1231 4695 1387 4749; x_wconf 90' lang='lat' dir='ltr'><strong>modo</strong></span> <span class='ocrx_word' id='word_1_371' title='bbox 1435 4694 1759 4746; x_wconf 89' lang='lat' dir='ltr'><strong>declaravit:</strong></span> <span class='ocrx_word' id='word_1_372' title='bbox 1812 4695 2037 4761; x_wconf 87' lang='lat' dir='ltr'><strong>primum</strong></span> <span class='ocrx_word' id='word_1_373' title='bbox 2087 4694 2228 4760; x_wconf 93' lang='lat' dir='ltr'><strong>quod</strong></span> 
     </span>
    </p>
   </div>
   <div class='ocr_carea' id='block_1_49' title="bbox 637 4785 2231 4850">
    <p class='ocr_par' dir='ltr' id='par_1_49' title="bbox 637 4785 2231 4850">
     <span class='ocr_line' id='line_1_49' title="bbox 637 4785 2231 4850; baseline -0.006 0"><span class='ocrx_word' id='word_1_374' title='bbox 637 4797 716 4850; x_wconf 83' lang='lat' dir='ltr'><strong>illi</strong></span> <span class='ocrx_word' id='word_1_375' title='bbox 759 4795 967 4848; x_wconf 90' lang='lat' dir='ltr'><strong>dederit</strong></span> <span class='ocrx_word' id='word_1_376' title='bbox 1007 4792 1277 4843; x_wconf 90' lang='lat' dir='ltr'><strong>decimas:</strong></span> <span class='ocrx_word' id='word_1_377' title='bbox 1313 4802 1434 4839; x_wconf 92' lang='lat' dir='ltr'><strong>nam</strong></span> <span class='ocrx_word' id='word_1_378' title='bbox 1466 4786 1582 4838; x_wconf 90' lang='lat' dir='ltr'><strong>laici</strong></span> <span class='ocrx_word' id='word_1_379' title='bbox 1626 4785 1994 4838; x_wconf 84' lang='lat' dir='ltr'><strong>sacerdotibus</strong></span> <span class='ocrx_word' id='word_1_380' title='bbox 2025 4785 2231 4840; x_wconf 84' lang='lat' dir='ltr'><strong>dabant</strong></span> 
     </span>
    </p>
   </div>
   <div class='ocr_carea' id='block_1_50' title="bbox 635 4878 2225 4950">
    <p class='ocr_par' dir='ltr' id='par_1_50' title="bbox 635 4878 2225 4950">
     <span class='ocr_line' id='line_1_50' title="bbox 635 4878 2225 4950; baseline -0.009 -7"><span class='ocrx_word' id='word_1_381' title='bbox 635 4889 870 4943; x_wconf 89' lang='lat' dir='ltr'><strong>decimas</strong></span> <span class='ocrx_word' id='word_1_382' title='bbox 894 4903 907 4950; x_wconf 90' lang='lat'><strong>;</strong></span> <span class='ocrx_word' id='word_1_383' title='bbox 938 4883 1129 4938; x_wconf 92' lang='lat' dir='ltr'><strong>deinde</strong></span> <span class='ocrx_word' id='word_1_384' title='bbox 1153 4880 1290 4950; x_wconf 91' lang='lat' dir='ltr'><strong>quod</strong></span> <span class='ocrx_word' id='word_1_385' title='bbox 1318 4879 1737 4932; x_wconf 90' lang='lat' dir='ltr'><strong>benedictionem</strong></span> <span class='ocrx_word' id='word_1_386' title='bbox 1767 4879 2025 4944; x_wconf 86' lang='lat' dir='ltr'><strong>acceperit</strong></span> <span class='ocrx_word' id='word_1_387' title='bbox 2043 4878 2109 4930; x_wconf 90' lang='lat' dir='ltr'><strong>ab</strong></span> <span class='ocrx_word' id='word_1_388' title='bbox 2129 4893 2225 4931; x_wconf 86' lang='lat' dir='ltr'><strong>eo:</strong></span> 
     </span>
    </p>
   </div>
   <div class='ocr_carea' id='block_1_51' title="bbox 635 4968 2226 5036">
    <p class='ocr_par' dir='ltr' id='par_1_51' title="bbox 635 4968 2226 5036">
     <span class='ocr_line' id='line_1_51' title="bbox 635 4968 2226 5036; baseline -0.009 -2"><span class='ocrx_word' id='word_1_389' title='bbox 635 4980 830 5034; x_wconf 87' lang='lat' dir='ltr'><strong>etenim</strong></span> <span class='ocrx_word' id='word_1_390' title='bbox 866 4977 984 5030; x_wconf 90' lang='lat' dir='ltr'><strong>laici</strong></span> <span class='ocrx_word' id='word_1_391' title='bbox 1026 4991 1054 5027; x_wconf 89' lang='lat' dir='ltr'><strong>a</strong></span> <span class='ocrx_word' id='word_1_392' title='bbox 1092 4971 1452 5027; x_wconf 89' lang='lat' dir='ltr'><strong>sacerdotibus</strong></span> <span class='ocrx_word' id='word_1_393' title='bbox 1494 4968 1913 5022; x_wconf 88' lang='lat' dir='ltr'><strong>benedictionem</strong></span> <span class='ocrx_word' id='word_1_394' title='bbox 1943 4969 2226 5036; x_wconf 87' lang='lat' dir='ltr'><strong>accipiunt.</strong></span> 
     </span>
    </p>
   </div>
   <div class='ocr_carea' id='block_1_52' title="bbox 637 5061 2229 5132">
    <p class='ocr_par' dir='ltr' id='par_1_52' title="bbox 637 5061 2229 5132">
     <span class='ocr_line' id='line_1_52' title="bbox 637 5061 2229 5132; baseline -0.008 -8"><span class='ocrx_word' id='word_1_395' title='bbox 637 5071 870 5125; x_wconf 81' lang='lat' dir='ltr'><strong>Rursum</strong></span> <span class='ocrx_word' id='word_1_396' title='bbox 916 5066 1192 5122; x_wconf 76' lang='lat' dir='ltr'><strong>considera</strong></span> <span class='ocrx_word' id='word_1_397' title='bbox 1235 5105 1250 5129; x_wconf 97' lang='lat'><strong>,</strong></span> <span class='ocrx_word' id='word_1_398' title='bbox 1311 5069 1506 5132; x_wconf 89' lang='lat' dir='ltr'><strong>quanta</strong></span> <span class='ocrx_word' id='word_1_399' title='bbox 1566 5061 1632 5113; x_wconf 93' lang='lat' dir='ltr'><strong>sit</strong></span> <span class='ocrx_word' id='word_1_400' title='bbox 1692 5061 2004 5128; x_wconf 77' lang='lat' dir='ltr'><strong>excellentia</strong></span> <span class='ocrx_word' id='word_1_401' title='bbox 2059 5061 2229 5113; x_wconf 89' lang='lat' dir='ltr'><strong>nostri</strong></span> 
     </span>
    </p>
   </div>
   <div class='ocr_carea' id='block_1_53' title="bbox 637 5151 2225 5224">
    <p class='ocr_par' dir='ltr' id='par_1_53' title="bbox 637 5151 2225 5224">
     <span class='ocr_line' id='line_1_53' title="bbox 637 5151 2225 5224; baseline -0.008 -9"><span class='ocrx_word' id='word_1_402' title='bbox 637 5159 952 5220; x_wconf 77' lang='lat' dir='ltr'><strong>sacerdotii,</strong></span> <span class='ocrx_word' id='word_1_403' title='bbox 999 5155 1206 5224; x_wconf 74' lang='lat' dir='ltr'><strong>quando</strong></span> <span class='ocrx_word' id='word_1_404' title='bbox 1247 5152 1512 5207; x_wconf 86' lang='lat' dir='ltr'><strong>Abraham</strong></span> <span class='ocrx_word' id='word_1_405' title='bbox 1547 5151 1839 5219; x_wconf 88' lang='lat' dir='ltr'><strong>patriarcha</strong></span> <span class='ocrx_word' id='word_1_406' title='bbox 1882 5151 2184 5204; x_wconf 70' lang='lat' dir='ltr'><strong>Judzuorum</strong></span> <span class='ocrx_word' id='word_1_407' title='bbox 2211 5193 2225 5218; x_wconf 94' lang='lat'><strong>,</strong></span> 
     </span>
    </p>
   </div>
   <div class='ocr_carea' id='block_1_54' title="bbox 637 5243 2229 5322">
    <p class='ocr_par' dir='ltr' id='par_1_54' title="bbox 637 5243 2229 5322">
     <span class='ocr_line' id='line_1_54' title="bbox 637 5243 2229 5322; baseline -0.005 -18"><span class='ocrx_word' id='word_1_408' title='bbox 637 5251 940 5322; x_wconf 78' lang='lat' dir='ltr'><strong>progenitor</strong></span> <span class='ocrx_word' id='word_1_409' title='bbox 966 5248 1263 5301; x_wconf 81' lang='lat' dir='ltr'><strong>Levitarum</strong></span> <span class='ocrx_word' id='word_1_410' title='bbox 1289 5286 1302 5310; x_wconf 90' lang='lat'><strong>,</strong></span> <span class='ocrx_word' id='word_1_411' title='bbox 1335 5243 1659 5311; x_wconf 89' lang='lat' dir='ltr'><strong>comperitur</strong></span> <span class='ocrx_word' id='word_1_412' title='bbox 1690 5243 2111 5322; x_wconf 81' lang='lat' dir='ltr'><strong>benedictionem</strong></span> <span class='ocrx_word' id='word_1_413' title='bbox 2140 5259 2229 5296; x_wconf 90' lang='lat' dir='ltr'><strong>ac-</strong></span> 
     </span>
    </p>
   </div>
   <div class='ocr_carea' id='block_1_55' title="bbox 635 5321 2224 5410">
    <p class='ocr_par' dir='ltr' id='par_1_55' title="bbox 635 5321 2224 5410">
     <span class='ocr_line' id='line_1_55' title="bbox 635 5321 2224 5410; baseline -0.006 -14"><span class='ocrx_word' id='word_1_414' title='bbox 635 5321 813 5410; x_wconf 71' lang='lat' dir='ltr'><strong>cipere</strong></span> <span class='ocrx_word' id='word_1_415' title='bbox 839 5358 867 5393; x_wconf 90' lang='lat' dir='ltr'><strong>a</strong></span> <span class='ocrx_word' id='word_1_416' title='bbox 898 5337 1262 5396; x_wconf 76' lang='lat' dir='ltr'><strong>Melchisedcc,</strong></span> <span class='ocrx_word' id='word_1_417' title='bbox 1297 5335 1475 5403; x_wconf 90' lang='lat' dir='ltr'><strong>illique</strong></span> <span class='ocrx_word' id='word_1_418' title='bbox 1501 5334 1627 5387; x_wconf 86' lang='lat' dir='ltr'><strong>dare</strong></span> <span class='ocrx_word' id='word_1_419' title='bbox 1657 5333 1890 5386; x_wconf 86' lang='lat' dir='ltr'><strong>decimas</strong></span> <span class='ocrx_word' id='word_1_420' title='bbox 1912 5321 2061 5389; x_wconf 70' lang='lat' dir='ltr'><strong>(Gen.</strong></span> <span class='ocrx_word' id='word_1_421' title='bbox 2100 5334 2224 5403; x_wconf 75' lang='lat' dir='ltr'><strong>M).</strong></span> 
     </span>
    </p>
   </div>
   <div class='ocr_carea' id='block_1_56' title="bbox 639 5425 2226 5498">
    <p class='ocr_par' dir='ltr' id='par_1_56' title="bbox 639 5425 2226 5498">
     <span class='ocr_line' id='line_1_56' title="bbox 639 5425 2226 5498; baseline -0.006 -10"><span class='ocrx_word' id='word_1_422' title='bbox 639 5435 771 5488; x_wconf 65' lang='lat' dir='ltr'><strong>Nam</strong></span> <span class='ocrx_word' id='word_1_423' title='bbox 805 5442 1087 5498; x_wconf 86' lang='lat' dir='ltr'><strong>utrumque</strong></span> <span class='ocrx_word' id='word_1_424' title='bbox 1133 5436 1310 5480; x_wconf 88' lang='lat' dir='ltr'><strong>narrat</strong></span> <span class='ocrx_word' id='word_1_425' title='bbox 1341 5425 1501 5479; x_wconf 86' lang='lat' dir='ltr'><strong>Vetus</strong></span> <span class='ocrx_word' id='word_1_426' title='bbox 1526 5425 1924 5479; x_wconf 89' lang='lat' dir='ltr'><strong>Testamentum</strong></span> <span class='ocrx_word' id='word_1_427' title='bbox 2011 5436 2064 5478; x_wconf 90' lang='lat' dir='ltr'><strong>et</strong></span> <span class='ocrx_word' id='word_1_428' title='bbox 2088 5425 2226 5494; x_wconf 88' lang='lat' dir='ltr'><strong>quod</strong></span> 
     </span>
    </p>
   </div>
   <div class='ocr_carea' id='block_1_57' title="bbox 634 5515 2228 5583">
    <p class='ocr_par' dir='ltr' id='par_1_57' title="bbox 634 5515 2228 5583">
     <span class='ocr_line' id='line_1_57' title="bbox 634 5515 2228 5583; baseline -0.004 -6"><span class='ocrx_word' id='word_1_429' title='bbox 634 5521 989 5578; x_wconf 65' lang='lat' dir='ltr'><strong>)tt-lchisedec</strong></span> <span class='ocrx_word' id='word_1_430' title='bbox 1030 5517 1359 5573; x_wconf 80' lang='lat' dir='ltr'><strong>benedixerit</strong></span> <span class='ocrx_word' id='word_1_431' title='bbox 1396 5515 1660 5580; x_wconf 67' lang='lat' dir='ltr'><strong>Abrahae,</strong></span> <span class='ocrx_word' id='word_1_432' title='bbox 1701 5526 1754 5569; x_wconf 90' lang='lat' dir='ltr'><strong>et</strong></span> <span class='ocrx_word' id='word_1_433' title='bbox 1799 5515 1940 5583; x_wconf 90' lang='lat' dir='ltr'><strong>quod</strong></span> <span class='ocrx_word' id='word_1_434' title='bbox 1989 5515 2228 5570; x_wconf 87' lang='lat' dir='ltr'><strong>decimas</strong></span> 
     </span>
    </p>
   </div>
   <div class='ocr_carea' id='block_1_58' title="bbox 636 5599 2228 5680">
    <p class='ocr_par' dir='ltr' id='par_1_58' title="bbox 636 5599 2228 5680">
     <span class='ocr_line' id='line_1_58' title="bbox 636 5599 2228 5680; baseline -0.004 -12"><span class='ocrx_word' id='word_1_435' title='bbox 636 5616 704 5668; x_wconf 82' lang='lat' dir='ltr'><strong>ah</strong></span> <span class='ocrx_word' id='word_1_436' title='bbox 732 5628 798 5669; x_wconf 92' lang='lat' dir='ltr'><strong>eo</strong></span> <span class='ocrx_word' id='word_1_437' title='bbox 829 5599 1107 5680; x_wconf 75' lang='lat' dir='ltr'><strong>acceperit.</strong></span> <span class='ocrx_word' id='word_1_438' title='bbox 1158 5611 1248 5663; x_wconf 87' lang='lat' dir='ltr'><strong>His</strong></span> <span class='ocrx_word' id='word_1_439' title='bbox 1295 5609 1454 5678; x_wconf 80' lang='lat' dir='ltr'><strong>igitur</strong></span> <span class='ocrx_word' id='word_1_440' title='bbox 1485 5609 1610 5676; x_wconf 89' lang='lat' dir='ltr'><strong>ipsis</strong></span> <span class='ocrx_word' id='word_1_441' title='bbox 1650 5609 1703 5660; x_wconf 95' lang='lat' dir='ltr'><strong>in</strong></span> <span class='ocrx_word' id='word_1_442' title='bbox 1731 5609 1956 5662; x_wconf 92' lang='lat' dir='ltr'><strong>medium</strong></span> <span class='ocrx_word' id='word_1_443' title='bbox 1989 5610 2228 5662; x_wconf 79' lang='lat' dir='ltr'><strong>adductis</strong></span> 
     </span>
    </p>
   </div>
   <div class='ocr_carea' id='block_1_59' title="bbox 650 5702 2226 5769">
    <p class='ocr_par' dir='ltr' id='par_1_59' title="bbox 650 5702 2226 5769">
     <span class='ocr_line' id='line_1_59' title="bbox 650 5702 2226 5769; baseline -0.003 -10"><span class='ocrx_word' id='word_1_444' title='bbox 650 5705 845 5759; x_wconf 74' lang='lat' dir='ltr'><strong>Paulus</strong></span> <span class='ocrx_word' id='word_1_445' title='bbox 867 5705 1108 5760; x_wconf 87' lang='lat' dir='ltr'><strong>dicebat:</strong></span> <span class='ocrx_word' id='word_1_446' title='bbox 1152 5702 1492 5765; x_wconf 84' lang='lat' dir='ltr'><strong>Considerate,</strong></span> <span class='ocrx_word' id='word_1_447' title='bbox 1526 5712 1740 5769; x_wconf 86' lang='lat' dir='ltr'><strong>quantus</strong></span> <span class='ocrx_word' id='word_1_448' title='bbox 1779 5712 1852 5755; x_wconf 89' lang='lat' dir='ltr'><strong>est</strong></span> <span class='ocrx_word' id='word_1_449' title='bbox 1896 5703 2032 5754; x_wconf 86' lang='lat' dir='ltr'><strong>iste?</strong></span> <span class='ocrx_word' id='word_1_450' title='bbox 2064 5704 2226 5768; x_wconf 82' lang='lat' dir='ltr'><strong>Quis?</strong></span> 
     </span>
    </p>
   </div>
   <div class='ocr_carea' id='block_1_60' title="bbox 637 5791 2223 5865">
    <p class='ocr_par' dir='ltr' id='par_1_60' title="bbox 637 5791 2223 5865">
     <span class='ocr_line' id='line_1_60' title="bbox 637 5791 2223 5865; baseline -0.003 -14"><span class='ocrx_word' id='word_1_451' title='bbox 637 5794 1001 5865; x_wconf 69' lang='lat' dir='ltr'><strong>Melchisedec,</strong></span> <span class='ocrx_word' id='word_1_452' title='bbox 1033 5794 1231 5865; x_wconf 88' lang='lat' dir='ltr'><strong>inquit,</strong></span> <span class='ocrx_word' id='word_1_453' title='bbox 1284 5793 1364 5845; x_wconf 89' lang='lat' dir='ltr'><strong>cui</strong></span> <span class='ocrx_word' id='word_1_454' title='bbox 1407 5791 1556 5843; x_wconf 88' lang='lat' dir='ltr'><strong>etiam</strong></span> <span class='ocrx_word' id='word_1_455' title='bbox 1610 5791 1824 5845; x_wconf 82' lang='lat' dir='ltr'><strong>decimas</strong></span> <span class='ocrx_word' id='word_1_456' title='bbox 1851 5792 2115 5864; x_wconf 60' lang='lat' dir='ltr'><strong>Abraham</strong></span> <span class='ocrx_word' id='word_1_457' title='bbox 2163 5809 2223 5846; x_wconf 79' lang='lat' dir='ltr'><strong>ex</strong></span> 
     </span>
    </p>
   </div>
   <div class='ocr_carea' id='block_1_61' title="bbox 1344 379 3178 451">
    <p class='ocr_par' dir='ltr' id='par_1_61' title="bbox 1344 379 3178 451">
     <span class='ocr_line' id='line_1_61' title="bbox 1344 379 3178 451; baseline 0.002 -9"><span class='ocrx_word' id='word_1_458' title='bbox 1344 397 1414 451; x_wconf 76' lang='lat' dir='ltr'><strong>-S.</strong></span> <span class='ocrx_word' id='word_1_459' title='bbox 1457 392 1732 449; x_wconf 77' lang='lat' dir='ltr'><strong>JOANNIS</strong></span> <span class='ocrx_word' id='word_1_460' title='bbox 1769 386 2243 446; x_wconf 68' lang='grc' dir='ltr'><strong>αιιπῖεοδτοω</strong></span> <span class='ocrx_word' id='word_1_461' title='bbox 2286 379 2600 444; x_wconf 70' lang='grc' dir='ltr'><strong>Αηωιιεβ.</strong></span> <span class='ocrx_word' id='word_1_462' title='bbox 2642 387 3178 448; x_wconf 77' lang='lat' dir='ltr'><strong>CONSTANTINOP.</strong></span> 
     </span>
    </p>
   </div>
   <div class='ocr_carea' id='block_1_62' title="bbox 2345 497 3935 584">
    <p class='ocr_par' dir='ltr' id='par_1_62' title="bbox 2345 497 3935 584">
     <span class='ocr_line' id='line_1_62' title="bbox 2345 497 3935 584; baseline 0.008 -28"><span class='ocrx_word' id='word_1_463' title='bbox 2345 504 2612 574; x_wconf 64' lang='lat' dir='ltr'><strong>praecipuis</strong></span> <span class='ocrx_word' id='word_1_464' title='bbox 2667 497 2837 572; x_wconf 80' lang='lat' dir='ltr'><strong>dedit,</strong></span> <span class='ocrx_word' id='word_1_465' title='bbox 2897 507 3120 576; x_wconf 79' lang='lat' dir='ltr'><strong>ipsorum</strong></span> <span class='ocrx_word' id='word_1_466' title='bbox 3183 508 3495 576; x_wconf 76' lang='lat' dir='ltr'><strong>patriarcha.</strong></span> <span class='ocrx_word' id='word_1_467' title='bbox 3562 510 3632 567; x_wconf 80' lang='lat' dir='ltr'><strong>Et</strong></span> <span class='ocrx_word' id='word_1_468' title='bbox 3672 513 3876 584; x_wconf 65' lang='lat' dir='ltr'><strong>quidem</strong></span> <span class='ocrx_word' id='word_1_469' title='bbox 3899 519 3935 568; x_wconf 84' lang='lat' dir='ltr'><strong>ii</strong></span> 
     </span>
    </p>
   </div>
   <div class='ocr_carea' id='block_1_63' title="bbox 2337 595 3930 672">
    <p class='ocr_par' dir='ltr' id='par_1_63' title="bbox 2337 595 3930 672">
     <span class='ocr_line' id='line_1_63' title="bbox 2337 595 3930 672; baseline 0.007 -25"><span class='ocrx_word' id='word_1_470' title='bbox 2337 595 2419 665; x_wconf 85' lang='lat' dir='ltr'><strong>qui</strong></span> <span class='ocrx_word' id='word_1_471' title='bbox 2447 603 2561 648; x_wconf 82' lang='lat' dir='ltr'><strong>sunt</strong></span> <span class='ocrx_word' id='word_1_472' title='bbox 2591 611 2652 648; x_wconf 79' lang='lat' dir='ltr'><strong>ea:</strong></span> <span class='ocrx_word' id='word_1_473' title='bbox 2679 596 2799 664; x_wconf 79' lang='lat' dir='ltr'><strong>[iliis</strong></span> <span class='ocrx_word' id='word_1_474' title='bbox 2845 595 2998 670; x_wconf 71' lang='lat' dir='ltr'><strong>Lepi,</strong></span> <span class='ocrx_word' id='word_1_475' title='bbox 3045 598 3383 653; x_wconf 79' lang='lat' dir='ltr'><strong>sacerdotium</strong></span> <span class='ocrx_word' id='word_1_476' title='bbox 3420 601 3756 672; x_wconf 74' lang='lat' dir='ltr'><strong>accipientes.</strong></span> <span class='ocrx_word' id='word_1_477' title='bbox 3789 622 3930 658; x_wconf 81' lang='lat' dir='ltr'><strong>man-</strong></span> 
     </span>
    </p>
   </div>
   <div class='ocr_carea' id='block_1_64' title="bbox 2337 685 3940 764">
    <p class='ocr_par' dir='ltr' id='par_1_64' title="bbox 2337 685 3940 764">
     <span class='ocr_line' id='line_1_64' title="bbox 2337 685 3940 764; baseline 0.007 -26"><span class='ocrx_word' id='word_1_478' title='bbox 2337 690 2511 738; x_wconf 85' lang='lat' dir='ltr'><strong>datum</strong></span> <span class='ocrx_word' id='word_1_479' title='bbox 2568 685 2782 752; x_wconf 80' lang='lat' dir='ltr'><strong>habent,</strong></span> <span class='ocrx_word' id='word_1_480' title='bbox 2825 696 2879 740; x_wconf 82' lang='lat' dir='ltr'><strong>ut</strong></span> <span class='ocrx_word' id='word_1_481' title='bbox 2921 688 3142 742; x_wconf 80' lang='lat' dir='ltr'><strong>decimas</strong></span> <span class='ocrx_word' id='word_1_482' title='bbox 3183 689 3434 759; x_wconf 79' lang='lat' dir='ltr'><strong>accipiant</strong></span> <span class='ocrx_word' id='word_1_483' title='bbox 3476 707 3509 744; x_wconf 90' lang='lat' dir='ltr'><strong>a</strong></span> <span class='ocrx_word' id='word_1_484' title='bbox 3548 697 3776 764; x_wconf 73' lang='lat' dir='ltr'><strong>populo,</strong></span> <span class='ocrx_word' id='word_1_485' title='bbox 3843 696 3940 749; x_wconf 78' lang='lat' dir='ltr'><strong>hoc</strong></span> 
     </span>
    </p>
   </div>
   <div class='ocr_carea' id='block_1_65' title="bbox 2335 777 3942 853">
    <p class='ocr_par' dir='ltr' id='par_1_65' title="bbox 2335 777 3942 853">
     <span class='ocr_line' id='line_1_65' title="bbox 2335 777 3942 853; baseline 0.005 -21"><span class='ocrx_word' id='word_1_486' title='bbox 2335 788 2408 832; x_wconf 86' lang='lat' dir='ltr'><strong>est</strong></span> <span class='ocrx_word' id='word_1_487' title='bbox 2470 794 2502 829; x_wconf 92' lang='lat' dir='ltr'><strong>a</strong></span> <span class='ocrx_word' id='word_1_488' title='bbox 2565 777 2804 846; x_wconf 77' lang='lat' dir='ltr'><strong>fratribus</strong></span> <span class='ocrx_word' id='word_1_489' title='bbox 2851 779 2990 844; x_wconf 83' lang='lat' dir='ltr'><strong>suis,</strong></span> <span class='ocrx_word' id='word_1_490' title='bbox 3039 796 3344 851; x_wconf 80' lang='lat' dir='ltr'><strong>quamquam</strong></span> <span class='ocrx_word' id='word_1_491' title='bbox 3401 787 3610 853; x_wconf 81' lang='lat' dir='ltr'><strong>egressis</strong></span> <span class='ocrx_word' id='word_1_492' title='bbox 3668 802 3696 839; x_wconf 84' lang='lat' dir='ltr'><strong>e</strong></span> <span class='ocrx_word' id='word_1_493' title='bbox 3752 787 3942 840; x_wconf 71' lang='lat' dir='ltr'><strong>lumbis</strong></span> 
     </span>
    </p>
   </div>
   <div class='ocr_carea' id='block_1_66' title="bbox 2336 870 3932 943">
    <p class='ocr_par' dir='ltr' id='par_1_66' title="bbox 2336 870 3932 943">
     <span class='ocr_line' id='line_1_66' title="bbox 2336 870 3932 943; baseline 0.006 -21"><span class='ocrx_word' id='word_1_494' title='bbox 2336 870 2551 924; x_wconf 78' lang='lat' dir='ltr'><strong>Abraha:</strong></span> <span class='ocrx_word' id='word_1_495' title='bbox 2579 870 2598 942; x_wconf 94' lang='lat'><strong>(</strong></span> <span class='ocrx_word' id='word_1_496' title='bbox 2630 870 2784 924; x_wconf 76' lang='lat' dir='ltr'><strong>Hebr.</strong></span> <span class='ocrx_word' id='word_1_497' title='bbox 2818 871 2871 925; x_wconf 91' lang='lat'><strong>7.</strong></span> <span class='ocrx_word' id='word_1_498' title='bbox 2899 872 2952 926; x_wconf 73' lang='grc'><strong>4.</strong></span> <span class='ocrx_word' id='word_1_499' title='bbox 2981 872 3075 941; x_wconf 85' lang='lat'><strong>5).</strong></span> <span class='ocrx_word' id='word_1_500' title='bbox 3104 873 3256 938; x_wconf 89' lang='lat' dir='ltr'><strong>Quod</strong></span> <span class='ocrx_word' id='word_1_501' title='bbox 3284 885 3461 928; x_wconf 88' lang='lat' dir='ltr'><strong>autem</strong></span> <span class='ocrx_word' id='word_1_502' title='bbox 3489 875 3650 943; x_wconf 90' lang='lat' dir='ltr'><strong>dicit,</strong></span> <span class='ocrx_word' id='word_1_503' title='bbox 3693 877 3801 932; x_wconf 85' lang='lat' dir='ltr'><strong>tale</strong></span> <span class='ocrx_word' id='word_1_504' title='bbox 3829 888 3932 932; x_wconf 78' lang='lat' dir='ltr'><strong>est.</strong></span> 
     </span>
    </p>
   </div>
   <div class='ocr_carea' id='block_1_67' title="bbox 2346 961 3933 1034">
    <p class='ocr_par' dir='ltr' id='par_1_67' title="bbox 2346 961 3933 1034">
     <span class='ocr_line' id='line_1_67' title="bbox 2346 961 3933 1034; baseline 0.006 -19"><span class='ocrx_word' id='word_1_505' title='bbox 2346 961 2546 1016; x_wconf 75' lang='lat' dir='ltr'><strong>Levita:</strong></span> <span class='ocrx_word' id='word_1_506' title='bbox 2569 1002 2584 1026; x_wconf 92' lang='lat'><strong>,</strong></span> <span class='ocrx_word' id='word_1_507' title='bbox 2618 963 2788 1032; x_wconf 89' lang='lat' dir='ltr'><strong>inquit</strong></span> <span class='ocrx_word' id='word_1_508' title='bbox 2814 1003 2829 1028; x_wconf 92' lang='lat'><strong>,</strong></span> <span class='ocrx_word' id='word_1_509' title='bbox 2877 965 2964 1034; x_wconf 91' lang='lat' dir='ltr'><strong>qui</strong></span> <span class='ocrx_word' id='word_1_510' title='bbox 2995 964 3136 1034; x_wconf 86' lang='lat' dir='ltr'><strong>apud</strong></span> <span class='ocrx_word' id='word_1_511' title='bbox 3165 964 3380 1020; x_wconf 67' lang='lat' dir='ltr'><strong>Judmos</strong></span> <span class='ocrx_word' id='word_1_512' title='bbox 3413 976 3536 1021; x_wconf 89' lang='lat' dir='ltr'><strong>sunt</strong></span> <span class='ocrx_word' id='word_1_513' title='bbox 3584 968 3933 1031; x_wconf 78' lang='lat' dir='ltr'><strong>sacerdotes.</strong></span> 
     </span>
    </p>
   </div>
   <div class='ocr_carea' id='block_1_68' title="bbox 2339 1052 3915 1125">
    <p class='ocr_par' dir='ltr' id='par_1_68' title="bbox 2339 1052 3915 1125">
     <span class='ocr_line' id='line_1_68' title="bbox 2339 1052 3915 1125; baseline 0.006 -18"><span class='ocrx_word' id='word_1_514' title='bbox 2339 1053 2642 1107; x_wconf 85' lang='lat' dir='ltr'><strong>mandatum</strong></span> <span class='ocrx_word' id='word_1_515' title='bbox 2674 1052 3167 1123; x_wconf 44' lang='lat' dir='ltr'><strong>acceperunt‘juxta</strong></span> <span class='ocrx_word' id='word_1_516' title='bbox 3194 1058 3392 1125; x_wconf 82' lang='lat' dir='ltr'><strong>legem,</strong></span> <span class='ocrx_word' id='word_1_517' title='bbox 3418 1068 3474 1111; x_wconf 92' lang='lat' dir='ltr'><strong>ut</strong></span> <span class='ocrx_word' id='word_1_518' title='bbox 3502 1059 3743 1115; x_wconf 86' lang='lat' dir='ltr'><strong>decimas</strong></span> <span class='ocrx_word' id='word_1_519' title='bbox 3785 1061 3915 1116; x_wconf 78' lang='lat' dir='ltr'><strong>acci-</strong></span> 
     </span>
    </p>
   </div>
   <div class='ocr_carea' id='block_1_69' title="bbox 2339 1141 3937 1218">
    <p class='ocr_par' dir='ltr' id='par_1_69' title="bbox 2339 1141 3937 1218">
     <span class='ocr_line' id='line_1_69' title="bbox 2339 1141 3937 1218; baseline 0.004 -22"><span class='ocrx_word' id='word_1_520' title='bbox 2339 1153 2526 1212; x_wconf 90' lang='lat' dir='ltr'><strong>perent</strong></span> <span class='ocrx_word' id='word_1_521' title='bbox 2552 1144 2619 1198; x_wconf 88' lang='lat' dir='ltr'><strong>ab</strong></span> <span class='ocrx_word' id='word_1_522' title='bbox 2644 1141 2761 1198; x_wconf 89' lang='lat' dir='ltr'><strong>aliis</strong></span> <span class='ocrx_word' id='word_1_523' title='bbox 2789 1144 3008 1199; x_wconf 69' lang='lat' dir='ltr'><strong>Judaais.</strong></span> <span class='ocrx_word' id='word_1_524' title='bbox 3039 1145 3276 1200; x_wconf 87' lang='lat' dir='ltr'><strong>Tametsi</strong></span> <span class='ocrx_word' id='word_1_525' title='bbox 3304 1162 3492 1201; x_wconf 89' lang='lat' dir='ltr'><strong>omnes</strong></span> <span class='ocrx_word' id='word_1_526' title='bbox 3514 1150 3776 1218; x_wconf 74' lang='lat' dir='ltr'><strong>progeniti</strong></span> <span class='ocrx_word' id='word_1_527' title='bbox 3807 1156 3937 1204; x_wconf 70' lang='lat' dir='ltr'><strong>sunt</strong></span> 
     </span>
    </p>
   </div>
   <div class='ocr_carea' id='block_1_70' title="bbox 2338 1232 3932 1309">
    <p class='ocr_par' dir='ltr' id='par_1_70' title="bbox 2338 1232 3932 1309">
     <span class='ocr_line' id='line_1_70' title="bbox 2338 1232 3932 1309; baseline 0.005 -24"><span class='ocrx_word' id='word_1_528' title='bbox 2338 1247 2402 1286; x_wconf 92' lang='lat' dir='ltr'><strong>ex</strong></span> <span class='ocrx_word' id='word_1_529' title='bbox 2437 1232 2706 1287; x_wconf 86' lang='lat' dir='ltr'><strong>Abraham</strong></span> <span class='ocrx_word' id='word_1_530' title='bbox 2727 1276 2741 1300; x_wconf 97' lang='lat'><strong>,</strong></span> <span class='ocrx_word' id='word_1_531' title='bbox 2773 1244 2878 1288; x_wconf 82' lang='lat' dir='ltr'><strong>tam</strong></span> <span class='ocrx_word' id='word_1_532' title='bbox 2910 1234 3106 1290; x_wconf 73' lang='lat' dir='ltr'><strong>Levita:</strong></span> <span class='ocrx_word' id='word_1_533' title='bbox 3131 1280 3145 1303; x_wconf 97' lang='lat'><strong>,</strong></span> <span class='ocrx_word' id='word_1_534' title='bbox 3177 1251 3336 1307; x_wconf 89' lang='lat' dir='ltr'><strong>quam</strong></span> <span class='ocrx_word' id='word_1_535' title='bbox 3382 1239 3618 1307; x_wconf 82' lang='lat' dir='ltr'><strong>reliquus</strong></span> <span class='ocrx_word' id='word_1_536' title='bbox 3663 1240 3894 1309; x_wconf 87' lang='lat' dir='ltr'><strong>populus</strong></span> <span class='ocrx_word' id='word_1_537' title='bbox 3917 1277 3932 1305; x_wconf 85' lang='lat'><strong>,</strong></span> 
     </span>
    </p>
   </div>
   <div class='ocr_carea' id='block_1_71' title="bbox 2338 1324 3934 1396">
    <p class='ocr_par' dir='ltr' id='par_1_71' title="bbox 2338 1324 3934 1396">
     <span class='ocr_line' id='line_1_71' title="bbox 2338 1324 3934 1396; baseline 0.005 -20"><span class='ocrx_word' id='word_1_538' title='bbox 2338 1324 2684 1378; x_wconf 87' lang='lat' dir='ltr'><strong>nihilominus</strong></span> <span class='ocrx_word' id='word_1_539' title='bbox 2713 1324 2947 1380; x_wconf 87' lang='lat' dir='ltr'><strong>decimas</strong></span> <span class='ocrx_word' id='word_1_540' title='bbox 2982 1327 3249 1396; x_wconf 89' lang='lat' dir='ltr'><strong>accipiunt</strong></span> <span class='ocrx_word' id='word_1_541' title='bbox 3276 1343 3305 1380; x_wconf 93' lang='lat' dir='ltr'><strong>a</strong></span> <span class='ocrx_word' id='word_1_542' title='bbox 3336 1326 3586 1384; x_wconf 79' lang='lat' dir='ltr'><strong>fratribus</strong></span> <span class='ocrx_word' id='word_1_543' title='bbox 3623 1331 3755 1384; x_wconf 89' lang='lat' dir='ltr'><strong>suis.</strong></span> <span class='ocrx_word' id='word_1_544' title='bbox 3809 1329 3934 1384; x_wconf 75' lang='lat' dir='ltr'><strong>Mel-</strong></span> 
     </span>
    </p>
   </div>
   <div class='ocr_carea' id='block_1_72' title="bbox 2339 1417 3912 1490">
    <p class='ocr_par' dir='ltr' id='par_1_72' title="bbox 2339 1417 3912 1490">
     <span class='ocr_line' id='line_1_72' title="bbox 2339 1417 3912 1490; baseline 0.003 -19"><span class='ocrx_word' id='word_1_545' title='bbox 2339 1417 2589 1471; x_wconf 87' lang='lat' dir='ltr'><strong>ehisedec</strong></span> <span class='ocrx_word' id='word_1_546' title='bbox 2615 1432 2759 1482; x_wconf 83' lang='lat' dir='ltr'><strong>vero,</strong></span> <span class='ocrx_word' id='word_1_547' title='bbox 2790 1418 2876 1487; x_wconf 88' lang='lat' dir='ltr'><strong>qui</strong></span> <span class='ocrx_word' id='word_1_548' title='bbox 2907 1432 3011 1471; x_wconf 86' lang='lat' dir='ltr'><strong>non</strong></span> <span class='ocrx_word' id='word_1_549' title='bbox 3042 1418 3186 1472; x_wconf 90' lang='lat' dir='ltr'><strong>ducit</strong></span> <span class='ocrx_word' id='word_1_550' title='bbox 3214 1420 3475 1489; x_wconf 79' lang='lat' dir='ltr'><strong>originem</strong></span> <span class='ocrx_word' id='word_1_551' title='bbox 3514 1420 3584 1474; x_wconf 86' lang='lat' dir='ltr'><strong>ab</strong></span> <span class='ocrx_word' id='word_1_552' title='bbox 3611 1421 3756 1486; x_wconf 81' lang='lat' dir='ltr'><strong>illis,</strong></span> <span class='ocrx_word' id='word_1_553' title='bbox 3787 1420 3806 1490; x_wconf 95' lang='lat'><strong>(</strong></span> <span class='ocrx_word' id='word_1_554' title='bbox 3832 1434 3912 1476; x_wconf 66' lang='lat' dir='ltr'><strong>ne</strong></span> 
     </span>
    </p>
   </div>
   <div class='ocr_carea' id='block_1_73' title="bbox 2334 1511 3943 1585">
    <p class='ocr_par' dir='ltr' id='par_1_73' title="bbox 2334 1511 3943 1585">
     <span class='ocr_line' id='line_1_73' title="bbox 2334 1511 3943 1585; baseline 0.002 -21"><span class='ocrx_word' id='word_1_555' title='bbox 2334 1526 2438 1579; x_wconf 87' lang='lat' dir='ltr'><strong>que</strong></span> <span class='ocrx_word' id='word_1_556' title='bbox 2465 1511 2608 1565; x_wconf 91' lang='lat' dir='ltr'><strong>enim</strong></span> <span class='ocrx_word' id='word_1_557' title='bbox 2629 1526 2696 1566; x_wconf 84' lang='lat' dir='ltr'><strong>ex</strong></span> <span class='ocrx_word' id='word_1_558' title='bbox 2717 1511 2985 1574; x_wconf 78' lang='lat' dir='ltr'><strong>Abraham</strong></span> <span class='ocrx_word' id='word_1_559' title='bbox 3009 1515 3319 1582; x_wconf 82' lang='lat' dir='ltr'><strong>progenitus</strong></span> <span class='ocrx_word' id='word_1_560' title='bbox 3339 1524 3473 1579; x_wconf 84' lang='lat' dir='ltr'><strong>erat,</strong></span> <span class='ocrx_word' id='word_1_561' title='bbox 3504 1531 3676 1585; x_wconf 86' lang='lat' dir='ltr'><strong>neque</strong></span> <span class='ocrx_word' id='word_1_562' title='bbox 3703 1532 3766 1570; x_wconf 87' lang='lat' dir='ltr'><strong>ex</strong></span> <span class='ocrx_word' id='word_1_563' title='bbox 3796 1516 3943 1569; x_wconf 78' lang='lat' dir='ltr'><strong>tribu</strong></span> 
     </span>
    </p>
   </div>
   <div class='ocr_carea' id='block_1_74' title="bbox 2332 1601 3936 1674">
    <p class='ocr_par' dir='ltr' id='par_1_74' title="bbox 2332 1601 3936 1674">
     <span class='ocr_line' id='line_1_74' title="bbox 2332 1601 3936 1674; baseline 0.002 -18"><span class='ocrx_word' id='word_1_564' title='bbox 2332 1601 2585 1667; x_wconf 88' lang='lat' dir='ltr'><strong>Levitiea,</strong></span> <span class='ocrx_word' id='word_1_565' title='bbox 2615 1602 2709 1656; x_wconf 91' lang='lat' dir='ltr'><strong>sed</strong></span> <span class='ocrx_word' id='word_1_566' title='bbox 2731 1617 2792 1654; x_wconf 87' lang='lat' dir='ltr'><strong>ex</strong></span> <span class='ocrx_word' id='word_1_567' title='bbox 2815 1602 2920 1656; x_wconf 90' lang='lat' dir='ltr'><strong>alio</strong></span> <span class='ocrx_word' id='word_1_568' title='bbox 2940 1619 3134 1672; x_wconf 79' lang='lat' dir='ltr'><strong>genere</strong></span> <span class='ocrx_word' id='word_1_569' title='bbox 3157 1605 3176 1674; x_wconf 93' lang='lat'><strong>)</strong></span> <span class='ocrx_word' id='word_1_570' title='bbox 3202 1604 3487 1659; x_wconf 87' lang='lat' dir='ltr'><strong>decimavit</strong></span> <span class='ocrx_word' id='word_1_571' title='bbox 3509 1605 3802 1674; x_wconf 76' lang='lat' dir='ltr'><strong>Abraham,</strong></span> <span class='ocrx_word' id='word_1_572' title='bbox 3835 1607 3936 1660; x_wconf 85' lang='lat' dir='ltr'><strong>huc</strong></span> 
     </span>
    </p>
   </div>
   <div class='ocr_carea' id='block_1_75' title="bbox 2334 1692 3938 1762">
    <p class='ocr_par' dir='ltr' id='par_1_75' title="bbox 2334 1692 3938 1762">
     <span class='ocr_line' id='line_1_75' title="bbox 2334 1692 3938 1762; baseline 0.004 -18"><span class='ocrx_word' id='word_1_573' title='bbox 2334 1692 2660 1746; x_wconf 90' lang='lat' dir='ltr'><strong>estdecimas</strong></span> <span class='ocrx_word' id='word_1_574' title='bbox 2677 1693 2880 1762; x_wconf 81' lang='lat' dir='ltr'><strong>accepit</strong></span> <span class='ocrx_word' id='word_1_575' title='bbox 2911 1693 2978 1746; x_wconf 88' lang='lat' dir='ltr'><strong>ab</strong></span> <span class='ocrx_word' id='word_1_576' title='bbox 3003 1693 3290 1748; x_wconf 87' lang='lat' dir='ltr'><strong>Abraham.</strong></span> <span class='ocrx_word' id='word_1_577' title='bbox 3314 1695 3421 1750; x_wconf 87' lang='lat' dir='ltr'><strong>Nec</strong></span> <span class='ocrx_word' id='word_1_578' title='bbox 3439 1696 3490 1749; x_wconf 89' lang='lat' dir='ltr'><strong>id</strong></span> <span class='ocrx_word' id='word_1_579' title='bbox 3524 1697 3718 1762; x_wconf 89' lang='lat' dir='ltr'><strong>solum,</strong></span> <span class='ocrx_word' id='word_1_580' title='bbox 3746 1712 3938 1751; x_wconf 86' lang='lat' dir='ltr'><strong>verum</strong></span> 
     </span>
    </p>
   </div>
   <div class='ocr_carea' id='block_1_76' title="bbox 2333 1784 3937 1856">
    <p class='ocr_par' dir='ltr' id='par_1_76' title="bbox 2333 1784 3937 1856">
     <span class='ocr_line' id='line_1_76' title="bbox 2333 1784 3937 1856; baseline 0.002 -18"><span class='ocrx_word' id='word_1_581' title='bbox 2333 1794 2386 1838; x_wconf 94' lang='lat' dir='ltr'><strong>et</strong></span> <span class='ocrx_word' id='word_1_582' title='bbox 2427 1784 2566 1837; x_wconf 89' lang='lat' dir='ltr'><strong>aliud</strong></span> <span class='ocrx_word' id='word_1_583' title='bbox 2585 1784 2833 1854; x_wconf 88' lang='lat' dir='ltr'><strong>quiddam</strong></span> <span class='ocrx_word' id='word_1_584' title='bbox 2855 1784 2979 1838; x_wconf 78' lang='lat' dir='ltr'><strong>fecit</strong></span> <span class='ocrx_word' id='word_1_585' title='bbox 2999 1804 3009 1837; x_wconf 93' lang='lat'>:</span> <span class='ocrx_word' id='word_1_586' title='bbox 3031 1786 3203 1840; x_wconf 91' lang='lat' dir='ltr'><strong>eidem</strong></span> <span class='ocrx_word' id='word_1_587' title='bbox 3231 1789 3319 1856; x_wconf 92' lang='lat' dir='ltr'><strong>qui</strong></span> <span class='ocrx_word' id='word_1_588' title='bbox 3359 1788 3743 1856; x_wconf 88' lang='lat' dir='ltr'><strong>promissiones</strong></span> <span class='ocrx_word' id='word_1_589' title='bbox 3770 1789 3937 1842; x_wconf 87' lang='lat' dir='ltr'><strong>habe-</strong></span> 
     </span>
    </p>
   </div>
   <div class='ocr_carea' id='block_1_77' title="bbox 2335 1874 3939 1949">
    <p class='ocr_par' dir='ltr' id='par_1_77' title="bbox 2335 1874 3939 1949">
     <span class='ocr_line' id='line_1_77' title="bbox 2335 1874 3939 1949; baseline 0.002 -21"><span class='ocrx_word' id='word_1_590' title='bbox 2335 1874 2441 1938; x_wconf 85' lang='lat' dir='ltr'><strong>bat,</strong></span> <span class='ocrx_word' id='word_1_591' title='bbox 2467 1875 2710 1930; x_wconf 83' lang='lat' dir='ltr'><strong>videlicct</strong></span> <span class='ocrx_word' id='word_1_592' title='bbox 2727 1876 3049 1943; x_wconf 83' lang='lat' dir='ltr'><strong>Abrahamo,</strong></span> <span class='ocrx_word' id='word_1_593' title='bbox 3066 1877 3353 1931; x_wconf 86' lang='lat' dir='ltr'><strong>benedixit.</strong></span> <span class='ocrx_word' id='word_1_594' title='bbox 3374 1879 3440 1932; x_wconf 91' lang='lat' dir='ltr'><strong>Et</strong></span> <span class='ocrx_word' id='word_1_595' title='bbox 3455 1879 3580 1948; x_wconf 90' lang='lat' dir='ltr'><strong>quid</strong></span> <span class='ocrx_word' id='word_1_596' title='bbox 3596 1879 3718 1944; x_wconf 90' lang='lat' dir='ltr'><strong>hoc,</strong></span> <span class='ocrx_word' id='word_1_597' title='bbox 3737 1880 3939 1949; x_wconf 74' lang='lat' dir='ltr'><strong>inquis,</strong></span> 
     </span>
    </p>
   </div>
   <div class='ocr_carea' id='block_1_78' title="bbox 2333 1965 3942 2038">
    <p class='ocr_par' dir='ltr' id='par_1_78' title="bbox 2333 1965 3942 2038">
     <span class='ocr_line' id='line_1_78' title="bbox 2333 1965 3942 2038; baseline 0.004 -19"><span class='ocrx_word' id='word_1_598' title='bbox 2333 1965 2625 2033; x_wconf 61' lang='lat' dir='ltr'><strong>signiﬁcat?</strong></span> <span class='ocrx_word' id='word_1_599' title='bbox 2650 1967 2800 2032; x_wconf 88' lang='lat' dir='ltr'><strong>Quod</strong></span> <span class='ocrx_word' id='word_1_600' title='bbox 2827 1967 2910 2020; x_wconf 92' lang='lat' dir='ltr'><strong>hic</strong></span> <span class='ocrx_word' id='word_1_601' title='bbox 2933 1969 3021 2021; x_wconf 88' lang='lat' dir='ltr'><strong>illo</strong></span> <span class='ocrx_word' id='word_1_602' title='bbox 3050 1971 3215 2022; x_wconf 90' lang='lat' dir='ltr'><strong>multo</strong></span> <span class='ocrx_word' id='word_1_603' title='bbox 3234 1969 3301 2022; x_wconf 91' lang='lat' dir='ltr'><strong>sit</strong></span> <span class='ocrx_word' id='word_1_604' title='bbox 3333 1968 3577 2024; x_wconf 82' lang='lat' dir='ltr'><strong>inferior.</strong></span> <span class='ocrx_word' id='word_1_605' title='bbox 3610 1970 3893 2038; x_wconf 87' lang='lat' dir='ltr'><strong>Quomodo</strong></span> <span class='ocrx_word' id='word_1_606' title='bbox 3911 1973 3942 2025; x_wconf 68' lang='grc' dir='ltr'><em>ἵ</em></span> 
     </span>
    </p>
   </div>
   <div class='ocr_carea' id='block_1_79' title="bbox 2335 2055 3935 2130">
    <p class='ocr_par' dir='ltr' id='par_1_79' title="bbox 2335 2055 3935 2130">
     <span class='ocr_line' id='line_1_79' title="bbox 2335 2055 3935 2130; baseline 0.001 -21"><span class='ocrx_word' id='word_1_607' title='bbox 2335 2055 2472 2110; x_wconf 85' lang='lat' dir='ltr'><strong>Citra</strong></span> <span class='ocrx_word' id='word_1_608' title='bbox 2491 2073 2683 2109; x_wconf 86' lang='lat' dir='ltr'><strong>onmem</strong></span> <span class='ocrx_word' id='word_1_609' title='bbox 2701 2059 3087 2111; x_wconf 85' lang='lat' dir='ltr'><strong>controversiam</strong></span> <span class='ocrx_word' id='word_1_610' title='bbox 3105 2061 3236 2128; x_wconf 89' lang='lat' dir='ltr'><strong>quod</strong></span> <span class='ocrx_word' id='word_1_611' title='bbox 3254 2061 3418 2114; x_wconf 87' lang='lat' dir='ltr'><strong>minus</strong></span> <span class='ocrx_word' id='word_1_612' title='bbox 3435 2071 3506 2114; x_wconf 87' lang='lat' dir='ltr'><strong>est</strong></span> <span class='ocrx_word' id='word_1_613' title='bbox 3523 2077 3553 2112; x_wconf 92' lang='lat' dir='ltr'><strong>a</strong></span> <span class='ocrx_word' id='word_1_614' title='bbox 3573 2063 3769 2130; x_wconf 86' lang='lat' dir='ltr'><strong>majore</strong></span> <span class='ocrx_word' id='word_1_615' title='bbox 3784 2063 3935 2116; x_wconf 61' lang='lat' dir='ltr'><strong>bene.</strong></span> 
     </span>
    </p>
   </div>
   <div class='ocr_carea' id='block_1_80' title="bbox 2334 2149 3934 2223">
    <p class='ocr_par' dir='ltr' id='par_1_80' title="bbox 2334 2149 3934 2223">
     <span class='ocr_line' id='line_1_80' title="bbox 2334 2149 3934 2223; baseline 0.005 -23"><span class='ocrx_word' id='word_1_616' title='bbox 2334 2149 2598 2202; x_wconf 83' lang='lat' dir='ltr'><strong>dictionem</strong></span> <span class='ocrx_word' id='word_1_617' title='bbox 2629 2151 2812 2220; x_wconf 88' lang='lat' dir='ltr'><strong>accipit</strong></span> <span class='ocrx_word' id='word_1_618' title='bbox 2840 2149 3061 2220; x_wconf 84' lang='lat' dir='ltr'><strong>(Ibid.v.</strong></span> <span class='ocrx_word' id='word_1_619' title='bbox 3086 2151 3162 2221; x_wconf 89' lang='lat'><strong>7).</strong></span> <span class='ocrx_word' id='word_1_620' title='bbox 3206 2152 3387 2221; x_wconf 82' lang='lat' dir='ltr'><strong>Itaque</strong></span> <span class='ocrx_word' id='word_1_621' title='bbox 3404 2154 3505 2207; x_wconf 89' lang='lat' dir='ltr'><strong>nisi</strong></span> <span class='ocrx_word' id='word_1_622' title='bbox 3523 2154 3793 2208; x_wconf 82' lang='lat' dir='ltr'><strong>Abraham</strong></span> <span class='ocrx_word' id='word_1_623' title='bbox 3815 2169 3934 2223; x_wconf 79' lang='lat' dir='ltr'><strong>pro-</strong></span> 
     </span>
    </p>
   </div>
   <div class='ocr_carea' id='block_1_81' title="bbox 2333 2239 3934 2314">
    <p class='ocr_par' dir='ltr' id='par_1_81' title="bbox 2333 2239 3934 2314">
     <span class='ocr_line' id='line_1_81' title="bbox 2333 2239 3934 2314; baseline 0.003 -22"><span class='ocrx_word' id='word_1_624' title='bbox 2333 2239 2538 2309; x_wconf 82' lang='lat' dir='ltr'><strong>genitor</strong></span> <span class='ocrx_word' id='word_1_625' title='bbox 2558 2240 2860 2294; x_wconf 77' lang='lat' dir='ltr'><strong>Levitarum</strong></span> <span class='ocrx_word' id='word_1_626' title='bbox 2885 2241 3072 2296; x_wconf 86' lang='lat' dir='ltr'><strong>l&#39;uisset</strong></span> <span class='ocrx_word' id='word_1_627' title='bbox 3094 2242 3310 2298; x_wconf 81' lang='lat' dir='ltr'><strong>inferior</strong></span> <span class='ocrx_word' id='word_1_628' title='bbox 3324 2243 3702 2308; x_wconf 77' lang='lat' dir='ltr'><strong>Melchisedec,</strong></span> <span class='ocrx_word' id='word_1_629' title='bbox 3737 2260 3934 2314; x_wconf 78' lang='lat' dir='ltr'><strong>nequa-</strong></span> 
     </span>
    </p>
   </div>
   <div class='ocr_carea' id='block_1_82' title="bbox 2334 2332 3935 2402">
    <p class='ocr_par' dir='ltr' id='par_1_82' title="bbox 2334 2332 3935 2402">
     <span class='ocr_line' id='line_1_82' title="bbox 2334 2332 3935 2402; baseline 0.004 -19"><span class='ocrx_word' id='word_1_630' title='bbox 2334 2347 2491 2399; x_wconf 90' lang='lat' dir='ltr'><strong>quam</strong></span> <span class='ocrx_word' id='word_1_631' title='bbox 2517 2332 2589 2384; x_wconf 91' lang='lat' dir='ltr'><strong>illi</strong></span> <span class='ocrx_word' id='word_1_632' title='bbox 2614 2332 2700 2385; x_wconf 91' lang='lat' dir='ltr'><strong>hic</strong></span> <span class='ocrx_word' id='word_1_633' title='bbox 2721 2332 3102 2399; x_wconf 84' lang='lat' dir='ltr'><strong>benedixisset,</strong></span> <span class='ocrx_word' id='word_1_634' title='bbox 3127 2349 3297 2402; x_wconf 88' lang='lat' dir='ltr'><strong>neque</strong></span> <span class='ocrx_word' id='word_1_635' title='bbox 3321 2335 3444 2388; x_wconf 85' lang='lat' dir='ltr'><strong>huic</strong></span> <span class='ocrx_word' id='word_1_636' title='bbox 3467 2335 3556 2389; x_wconf 88' lang='lat' dir='ltr'><strong>ille</strong></span> <span class='ocrx_word' id='word_1_637' title='bbox 3579 2336 3816 2390; x_wconf 83' lang='lat' dir='ltr'><strong>decimas</strong></span> <span class='ocrx_word' id='word_1_638' title='bbox 3843 2335 3935 2390; x_wconf 77' lang='lat' dir='ltr'><strong>de-</strong></span> 
     </span>
    </p>
   </div>
   <div class='ocr_carea' id='block_1_83' title="bbox 2333 2423 3939 2495">
    <p class='ocr_par' dir='ltr' id='par_1_83' title="bbox 2333 2423 3939 2495">
     <span class='ocr_line' id='line_1_83' title="bbox 2333 2423 3939 2495; baseline 0.002 -19"><span class='ocrx_word' id='word_1_639' title='bbox 2333 2423 2518 2477; x_wconf 91' lang='lat' dir='ltr'><strong>disset.</strong></span> <span class='ocrx_word' id='word_1_640' title='bbox 2552 2425 2752 2478; x_wconf 91' lang='lat' dir='ltr'><strong>Deinde</strong></span> <span class='ocrx_word' id='word_1_641' title='bbox 2781 2426 2963 2479; x_wconf 87' lang='lat' dir='ltr'><strong>volens</strong></span> <span class='ocrx_word' id='word_1_642' title='bbox 2989 2426 3297 2490; x_wconf 85' lang='lat' dir='ltr'><strong>ostendere,</strong></span> <span class='ocrx_word' id='word_1_643' title='bbox 3326 2441 3420 2495; x_wconf 90' lang='lat' dir='ltr'><strong>per</strong></span> <span class='ocrx_word' id='word_1_644' title='bbox 3453 2426 3810 2482; x_wconf 79' lang='lat' dir='ltr'><strong>Melchisedec</strong></span> <span class='ocrx_word' id='word_1_645' title='bbox 3833 2426 3939 2484; x_wconf 77' lang='lat' dir='ltr'><strong>hoc</strong></span> 
     </span>
    </p>
   </div>
   <div class='ocr_carea' id='block_1_84' title="bbox 2333 2514 3934 2592">
    <p class='ocr_par' dir='ltr' id='par_1_84' title="bbox 2333 2514 3934 2592">
     <span class='ocr_line' id='line_1_84' title="bbox 2333 2514 3934 2592; baseline 0.004 -28"><span class='ocrx_word' id='word_1_646' title='bbox 2333 2514 2632 2578; x_wconf 87' lang='lat' dir='ltr'><strong>advenisse,</strong></span> <span class='ocrx_word' id='word_1_647' title='bbox 2683 2515 2910 2582; x_wconf 86' lang='lat' dir='ltr'><strong>subjecit</strong></span> <span class='ocrx_word' id='word_1_648' title='bbox 2950 2517 3136 2592; x_wconf 65' lang='lat' dir='ltr'><strong>dicens</strong></span> <span class='ocrx_word' id='word_1_649' title='bbox 3181 2534 3194 2569; x_wconf 91' lang='lat'><strong>:</strong></span> <span class='ocrx_word' id='word_1_650' title='bbox 3227 2516 3361 2569; x_wconf 90' lang='lat' dir='ltr'><strong>Etut</strong></span> <span class='ocrx_word' id='word_1_651' title='bbox 3378 2518 3448 2570; x_wconf 90' lang='lat' dir='ltr'><strong>ita</strong></span> <span class='ocrx_word' id='word_1_652' title='bbox 3487 2519 3684 2587; x_wconf 82' lang='lat' dir='ltr'><strong>loquar,</strong></span> <span class='ocrx_word' id='word_1_653' title='bbox 3707 2517 3810 2572; x_wconf 91' lang='lat' dir='ltr'><strong>boc</strong></span> <span class='ocrx_word' id='word_1_654' title='bbox 3831 2527 3934 2580; x_wconf 87' lang='lat' dir='ltr'><strong>est,</strong></span> 
     </span>
    </p>
   </div>
   <div class='ocr_carea' id='block_1_85' title="bbox 2334 2604 3938 2680">
    <p class='ocr_par' dir='ltr' id='par_1_85' title="bbox 2334 2604 3938 2680">
     <span class='ocr_line' id='line_1_85' title="bbox 2334 2604 3938 2680; baseline 0.005 -25"><span class='ocrx_word' id='word_1_655' title='bbox 2334 2604 2740 2672; x_wconf 83' lang='lat' dir='ltr'><strong>propemodum,</strong></span> <span class='ocrx_word' id='word_1_656' title='bbox 2765 2622 2852 2674; x_wconf 86' lang='lat' dir='ltr'><strong>per</strong></span> <span class='ocrx_word' id='word_1_657' title='bbox 2878 2606 3132 2660; x_wconf 82' lang='lat' dir='ltr'><strong>Abraham</strong></span> <span class='ocrx_word' id='word_1_658' title='bbox 3152 2608 3418 2680; x_wconf 84' lang='lat' dir='ltr'><strong>etiamipse</strong></span> <span class='ocrx_word' id='word_1_659' title='bbox 3440 2608 3578 2672; x_wconf 76' lang='lat' dir='ltr'><strong>Levi,</strong></span> <span class='ocrx_word' id='word_1_660' title='bbox 3603 2612 3690 2678; x_wconf 81' lang='lat' dir='ltr'><strong>qui</strong></span> <span class='ocrx_word' id='word_1_661' title='bbox 3713 2612 3938 2663; x_wconf 83' lang='lat' dir='ltr'><strong>decimas</strong></span> 
     </span>
    </p>
   </div>
   <div class='ocr_carea' id='block_1_86' title="bbox 2335 2689 3950 2764">
    <p class='ocr_par' dir='ltr' id='par_1_86' title="bbox 2335 2689 3950 2764">
     <span class='ocr_line' id='line_1_86' title="bbox 2335 2689 3950 2764; baseline 0 -16"><span class='ocrx_word' id='word_1_662' title='bbox 2335 2695 2535 2764; x_wconf 80' lang='lat' dir='ltr'><strong>accipit,</strong></span> <span class='ocrx_word' id='word_1_663' title='bbox 2550 2696 2822 2749; x_wconf 83' lang='lat' dir='ltr'><strong>decimatas</strong></span> <span class='ocrx_word' id='word_1_664' title='bbox 2843 2706 2913 2749; x_wconf 87' lang='lat' dir='ltr'><strong>est</strong></span> <span class='ocrx_word' id='word_1_665' title='bbox 2937 2691 3044 2762; x_wconf 91' lang='lat' dir='ltr'><strong>(Ib.</strong></span> <span class='ocrx_word' id='word_1_666' title='bbox 3067 2709 3112 2746; x_wconf 86' lang='grc' dir='ltr'><strong>υ.</strong></span> <span class='ocrx_word' id='word_1_667' title='bbox 3135 2691 3212 2758; x_wconf 90' lang='grc'><strong>9).</strong></span> <span class='ocrx_word' id='word_1_668' title='bbox 3230 2689 3370 2756; x_wconf 86' lang='lat' dir='ltr'><strong>Quid</strong></span> <span class='ocrx_word' id='word_1_669' title='bbox 3391 2706 3499 2761; x_wconf 90' lang='lat' dir='ltr'><strong>est,</strong></span> <span class='ocrx_word' id='word_1_670' title='bbox 3519 2697 3812 2753; x_wconf 71' lang='lat' dir='ltr'><strong>decimatas</strong></span> <span class='ocrx_word' id='word_1_671' title='bbox 3834 2695 3950 2748; x_wconf 77' lang='lat' dir='ltr'><strong>est?</strong></span> 
     </span>
    </p>
   </div>
   <div class='ocr_carea' id='block_1_87' title="bbox 2335 2784 3938 2855">
    <p class='ocr_par' dir='ltr' id='par_1_87' title="bbox 2335 2784 3938 2855">
     <span class='ocr_line' id='line_1_87' title="bbox 2335 2784 3938 2855; baseline 0.003 -16"><span class='ocrx_word' id='word_1_672' title='bbox 2335 2786 2577 2839; x_wconf 88' lang='lat' dir='ltr'><strong>Deeimas</strong></span> <span class='ocrx_word' id='word_1_673' title='bbox 2589 2786 2734 2841; x_wconf 91' lang='lat' dir='ltr'><strong>dedit</strong></span> <span class='ocrx_word' id='word_1_674' title='bbox 2747 2784 3093 2840; x_wconf 77' lang='lat' dir='ltr'><strong>Melchisedec</strong></span> <span class='ocrx_word' id='word_1_675' title='bbox 3109 2793 3161 2838; x_wconf 90' lang='lat' dir='ltr'><strong>et</strong></span> <span class='ocrx_word' id='word_1_676' title='bbox 3179 2786 3290 2853; x_wconf 91' lang='lat' dir='ltr'><strong>ipse</strong></span> <span class='ocrx_word' id='word_1_677' title='bbox 3301 2787 3448 2850; x_wconf 80' lang='lat' dir='ltr'><strong>Levi,</strong></span> <span class='ocrx_word' id='word_1_678' title='bbox 3466 2788 3555 2855; x_wconf 88' lang='lat' dir='ltr'><strong>qui</strong></span> <span class='ocrx_word' id='word_1_679' title='bbox 3575 2789 3938 2848; x_wconf 88' lang='lat' dir='ltr'><strong>nondumerat</strong></span> 
     </span>
    </p>
   </div>
   <div class='ocr_carea' id='block_1_88' title="bbox 2332 2877 3939 2946">
    <p class='ocr_par' dir='ltr' id='par_1_88' title="bbox 2332 2877 3939 2946">
     <span class='ocr_line' id='line_1_88' title="bbox 2332 2877 3939 2946; baseline 0.002 -17"><span class='ocrx_word' id='word_1_680' title='bbox 2332 2877 2540 2946; x_wconf 85' lang='lat' dir='ltr'><strong>genitus</strong></span> <span class='ocrx_word' id='word_1_681' title='bbox 2562 2892 2657 2945; x_wconf 91' lang='lat' dir='ltr'><strong>per</strong></span> <span class='ocrx_word' id='word_1_682' title='bbox 2676 2886 2877 2945; x_wconf 85' lang='lat' dir='ltr'><strong>patrem</strong></span> <span class='ocrx_word' id='word_1_683' title='bbox 2897 2877 3080 2944; x_wconf 89' lang='lat' dir='ltr'><strong>ipsius,</strong></span> <span class='ocrx_word' id='word_1_684' title='bbox 3107 2877 3290 2945; x_wconf 87' lang='lat' dir='ltr'><strong>inquit.</strong></span> <span class='ocrx_word' id='word_1_685' title='bbox 3317 2877 3495 2930; x_wconf 82' lang='lat' dir='ltr'><strong>Adhuc</strong></span> <span class='ocrx_word' id='word_1_686' title='bbox 3522 2881 3653 2931; x_wconf 86' lang='lat' dir='ltr'><strong>enim</strong></span> <span class='ocrx_word' id='word_1_687' title='bbox 3667 2881 3723 2932; x_wconf 81' lang='lat' dir='ltr'><strong>in</strong></span> <span class='ocrx_word' id='word_1_688' title='bbox 3753 2880 3939 2933; x_wconf 76' lang='lat' dir='ltr'><strong>lurnbis</strong></span> 
     </span>
    </p>
   </div>
   <div class='ocr_carea' id='block_1_89' title="bbox 2336 2967 3944 3036">
    <p class='ocr_par' dir='ltr' id='par_1_89' title="bbox 2336 2967 3944 3036">
     <span class='ocr_line' id='line_1_89' title="bbox 2336 2967 3944 3036; baseline 0.002 -17"><span class='ocrx_word' id='word_1_689' title='bbox 2336 2969 2492 3036; x_wconf 85' lang='lat' dir='ltr'><strong>patris</strong></span> <span class='ocrx_word' id='word_1_690' title='bbox 2509 2978 2610 3020; x_wconf 84' lang='lat' dir='ltr'><strong>erat</strong></span> <span class='ocrx_word' id='word_1_691' title='bbox 2631 2985 2742 3020; x_wconf 87' lang='lat' dir='ltr'><strong>cum</strong></span> <span class='ocrx_word' id='word_1_692' title='bbox 2760 2977 3038 3020; x_wconf 86' lang='lat' dir='ltr'><strong>occurreret</strong></span> <span class='ocrx_word' id='word_1_693' title='bbox 3053 2967 3268 3020; x_wconf 78' lang='lat' dir='ltr'><strong>Abraha:</strong></span> <span class='ocrx_word' id='word_1_694' title='bbox 3291 2967 3640 3020; x_wconf 80' lang='lat' dir='ltr'><strong>Melchisedec.</strong></span> <span class='ocrx_word' id='word_1_695' title='bbox 3655 2968 3790 3022; x_wconf 83' lang='lat' dir='ltr'><strong>Nam</strong></span> <span class='ocrx_word' id='word_1_696' title='bbox 3814 2970 3944 3023; x_wconf 85' lang='lat' dir='ltr'><strong>ideo</strong></span> 
     </span>
    </p>
   </div>
   <div class='ocr_carea' id='block_1_90' title="bbox 2335 3057 3942 3128">
    <p class='ocr_par' dir='ltr' id='par_1_90' title="bbox 2335 3057 3942 3128">
     <span class='ocr_line' id='line_1_90' title="bbox 2335 3057 3942 3128; baseline 0.004 -17"><span class='ocrx_word' id='word_1_697' title='bbox 2335 3059 2435 3112; x_wconf 89' lang='lat' dir='ltr'><strong>hoc</strong></span> <span class='ocrx_word' id='word_1_698' title='bbox 2465 3075 2729 3128; x_wconf 86' lang='lat' dir='ltr'><strong>occupans</strong></span> <span class='ocrx_word' id='word_1_699' title='bbox 2767 3059 2933 3121; x_wconf 79' lang='lat' dir='ltr'><strong>dixit,</strong></span> <span class='ocrx_word' id='word_1_700' title='bbox 2971 3057 3039 3112; x_wconf 87' lang='lat' dir='ltr'><strong>Ut</strong></span> <span class='ocrx_word' id='word_1_701' title='bbox 3079 3059 3151 3111; x_wconf 91' lang='lat' dir='ltr'><strong>ita</strong></span> <span class='ocrx_word' id='word_1_702' title='bbox 3194 3059 3392 3128; x_wconf 89' lang='lat' dir='ltr'><strong>loquar.</strong></span> <span class='ocrx_word' id='word_1_703' title='bbox 3426 3059 3535 3113; x_wconf 86' lang='lat' dir='ltr'><strong>Cur</strong></span> <span class='ocrx_word' id='word_1_704' title='bbox 3579 3061 3692 3114; x_wconf 67' lang='lat' dir='ltr'><strong>hare</strong></span> <span class='ocrx_word' id='word_1_705' title='bbox 3731 3062 3942 3118; x_wconf 74' lang='lat' dir='ltr'><strong>diceret</strong></span> 
     </span>
    </p>
   </div>
   <div class='ocr_carea' id='block_1_91' title="bbox 2337 3149 3938 3220">
    <p class='ocr_par' dir='ltr' id='par_1_91' title="bbox 2337 3149 3938 3220">
     <span class='ocr_line' id='line_1_91' title="bbox 2337 3149 3938 3220; baseline 0.001 -15"><span class='ocrx_word' id='word_1_706' title='bbox 2337 3150 2578 3218; x_wconf 85' lang='lat' dir='ltr'><strong>su-hjicit:</strong></span> <span class='ocrx_word' id='word_1_707' title='bbox 2610 3151 2667 3204; x_wconf 85' lang='lat' dir='ltr'><strong>Si</strong></span> <span class='ocrx_word' id='word_1_708' title='bbox 2695 3152 3056 3203; x_wconf 88' lang='lat' dir='ltr'><strong>consummatio</strong></span> <span class='ocrx_word' id='word_1_709' title='bbox 3087 3149 3242 3220; x_wconf 82' lang='lat' dir='ltr'><strong>igitur</strong></span> <span class='ocrx_word' id='word_1_710' title='bbox 3287 3159 3392 3202; x_wconf 89' lang='lat' dir='ltr'><strong>erat</strong></span> <span class='ocrx_word' id='word_1_711' title='bbox 3420 3168 3507 3218; x_wconf 88' lang='lat' dir='ltr'><strong>per</strong></span> <span class='ocrx_word' id='word_1_712' title='bbox 3533 3149 3817 3205; x_wconf 84' lang='lat' dir='ltr'><strong>Leviticum</strong></span> <span class='ocrx_word' id='word_1_713' title='bbox 3846 3169 3938 3206; x_wconf 88' lang='lat' dir='ltr'><strong>sa-</strong></span> 
     </span>
    </p>
   </div>
   <div class='ocr_carea' id='block_1_92' title="bbox 2335 3240 3944 3310">
    <p class='ocr_par' dir='ltr' id='par_1_92' title="bbox 2335 3240 3944 3310">
     <span class='ocr_line' id='line_1_92' title="bbox 2335 3240 3944 3310; baseline 0 -15"><span class='ocrx_word' id='word_1_714' title='bbox 2335 3244 2653 3295; x_wconf 85' lang='lat' dir='ltr'><strong>cerdotium:</strong></span> <span class='ocrx_word' id='word_1_715' title='bbox 2682 3241 2900 3310; x_wconf 83' lang='lat' dir='ltr'><strong>papulas</strong></span> <span class='ocrx_word' id='word_1_716' title='bbox 2944 3241 3075 3293; x_wconf 89' lang='lat' dir='ltr'><strong>enim</strong></span> <span class='ocrx_word' id='word_1_717' title='bbox 3104 3240 3198 3294; x_wconf 83' lang='lat' dir='ltr'><strong>sub</strong></span> <span class='ocrx_word' id='word_1_718' title='bbox 3231 3241 3321 3293; x_wconf 83' lang='lat' dir='ltr'><strong>illo</strong></span> <span class='ocrx_word' id='word_1_719' title='bbox 3351 3242 3510 3310; x_wconf 76' lang='lat' dir='ltr'><strong>legem</strong></span> <span class='ocrx_word' id='word_1_720' title='bbox 3548 3243 3779 3310; x_wconf 87' lang='lat' dir='ltr'><strong>accepit;</strong></span> <span class='ocrx_word' id='word_1_721' title='bbox 3808 3243 3944 3310; x_wconf 75' lang='lat' dir='ltr'><strong>quid</strong></span> 
     </span>
    </p>
   </div>
   <div class='ocr_carea' id='block_1_93' title="bbox 2337 3330 3944 3400">
    <p class='ocr_par' dir='ltr' id='par_1_93' title="bbox 2337 3330 3944 3400">
     <span class='ocr_line' id='line_1_93' title="bbox 2337 3330 3944 3400; baseline 0.001 -16"><span class='ocrx_word' id='word_1_722' title='bbox 2337 3349 2464 3400; x_wconf 75' lang='lat' dir='ltr'><strong>Opus</strong></span> <span class='ocrx_word' id='word_1_723' title='bbox 2488 3341 2593 3383; x_wconf 85' lang='lat' dir='ltr'><strong>erat</strong></span> <span class='ocrx_word' id='word_1_724' title='bbox 2625 3331 2806 3384; x_wconf 86' lang='lat' dir='ltr'><strong>deinde</strong></span> <span class='ocrx_word' id='word_1_725' title='bbox 2831 3331 3106 3384; x_wconf 87' lang='lat' dir='ltr'><strong>secundum</strong></span> <span class='ocrx_word' id='word_1_726' title='bbox 3127 3331 3354 3383; x_wconf 85' lang='lat' dir='ltr'><strong>ordinem</strong></span> <span class='ocrx_word' id='word_1_727' title='bbox 3385 3330 3717 3384; x_wconf 76' lang='lat' dir='ltr'><strong>Melchisedec</strong></span> <span class='ocrx_word' id='word_1_728' title='bbox 3744 3335 3944 3386; x_wconf 65' lang='lat' dir='ltr'><strong>exoriri</strong></span> 
     </span>
    </p>
   </div>
   <div class='ocr_carea' id='block_1_94' title="bbox 2338 3423 3938 3491">
    <p class='ocr_par' dir='ltr' id='par_1_94' title="bbox 2338 3423 3938 3491">
     <span class='ocr_line' id='line_1_94' title="bbox 2338 3423 3938 3491; baseline -0.001 -15"><span class='ocrx_word' id='word_1_729' title='bbox 2338 3424 2493 3476; x_wconf 86' lang='lat' dir='ltr'><strong>alium</strong></span> <span class='ocrx_word' id='word_1_730' title='bbox 2524 3423 2837 3475; x_wconf 82' lang='lat' dir='ltr'><strong>sacerdotem</strong></span> <span class='ocrx_word' id='word_1_731' title='bbox 2871 3423 2956 3491; x_wconf 89' lang='lat' dir='ltr'><strong>qui</strong></span> <span class='ocrx_word' id='word_1_732' title='bbox 2983 3438 3082 3474; x_wconf 90' lang='lat' dir='ltr'><strong>non</strong></span> <span class='ocrx_word' id='word_1_733' title='bbox 3112 3423 3312 3475; x_wconf 85' lang='lat' dir='ltr'><strong>dicatur</strong></span> <span class='ocrx_word' id='word_1_734' title='bbox 3332 3424 3484 3491; x_wconf 77' lang='lat' dir='ltr'><strong>juxta</strong></span> <span class='ocrx_word' id='word_1_735' title='bbox 3506 3423 3730 3475; x_wconf 83' lang='lat' dir='ltr'><strong>ordinem</strong></span> <span class='ocrx_word' id='word_1_736' title='bbox 3756 3423 3938 3476; x_wconf 80' lang='lat' dir='ltr'><strong>Aaron</strong></span> 
     </span>
    </p>
   </div>
   <div class='ocr_carea' id='block_1_95' title="bbox 2337 3513 3944 3586">
    <p class='ocr_par' dir='ltr' id='par_1_95' title="bbox 2337 3513 3944 3586">
     <span class='ocr_line' id='line_1_95' title="bbox 2337 3513 3944 3586; baseline 0 -20"><span class='ocrx_word' id='word_1_737' title='bbox 2337 3514 2512 3586; x_wconf 84' lang='lat' dir='ltr'><strong>(Ibid.</strong></span> <span class='ocrx_word' id='word_1_738' title='bbox 2545 3531 2590 3566; x_wconf 83' lang='lat' dir='ltr'><strong>v.</strong></span> <span class='ocrx_word' id='word_1_739' title='bbox 2629 3516 2687 3567; x_wconf 81' lang='lat' dir='ltr'><strong>li</strong></span> <span class='ocrx_word' id='word_1_740' title='bbox 2714 3515 2772 3584; x_wconf 90' lang='lat'><strong>)?</strong></span> <span class='ocrx_word' id='word_1_741' title='bbox 2802 3514 2936 3578; x_wconf 88' lang='lat' dir='ltr'><strong>Quid</strong></span> <span class='ocrx_word' id='word_1_742' title='bbox 2977 3524 3154 3568; x_wconf 90' lang='lat' dir='ltr'><strong>autem</strong></span> <span class='ocrx_word' id='word_1_743' title='bbox 3199 3524 3280 3568; x_wconf 87' lang='lat' dir='ltr'><strong>est</strong></span> <span class='ocrx_word' id='word_1_744' title='bbox 3329 3513 3471 3582; x_wconf 91' lang='lat' dir='ltr'><strong>quod</strong></span> <span class='ocrx_word' id='word_1_745' title='bbox 3497 3513 3659 3567; x_wconf 84' lang='lat' dir='ltr'><strong>dicit?</strong></span> <span class='ocrx_word' id='word_1_746' title='bbox 3697 3513 3750 3568; x_wconf 91' lang='lat' dir='ltr'><strong>Si</strong></span> <span class='ocrx_word' id='word_1_747' title='bbox 3807 3530 3944 3580; x_wconf 86' lang='lat' dir='ltr'><strong>res,</strong></span> 
     </span>
    </p>
   </div>
   <div class='ocr_carea' id='block_1_96' title="bbox 2336 3603 3965 3673">
    <p class='ocr_par' dir='ltr' id='par_1_96' title="bbox 2336 3603 3965 3673">
     <span class='ocr_line' id='line_1_96' title="bbox 2336 3603 3965 3673; baseline -0.001 -15"><span class='ocrx_word' id='word_1_748' title='bbox 2336 3607 2522 3673; x_wconf 81' lang='lat' dir='ltr'><strong>inquit,</strong></span> <span class='ocrx_word' id='word_1_749' title='bbox 2556 3614 2706 3658; x_wconf 90' lang='lat' dir='ltr'><strong>erant</strong></span> <span class='ocrx_word' id='word_1_750' title='bbox 2736 3604 3007 3672; x_wconf 74' lang='lat' dir='ltr'><strong>perfectze,</strong></span> <span class='ocrx_word' id='word_1_751' title='bbox 3044 3620 3160 3673; x_wconf 74' lang='lat' dir='ltr'><strong>qua:</strong></span> <span class='ocrx_word' id='word_1_752' title='bbox 3188 3604 3510 3673; x_wconf 87' lang='lat' dir='ltr'><strong>gerebantur</strong></span> <span class='ocrx_word' id='word_1_753' title='bbox 3531 3604 3667 3671; x_wconf 88' lang='lat' dir='ltr'><strong>apud</strong></span> <span class='ocrx_word' id='word_1_754' title='bbox 3693 3603 3965 3670; x_wconf 43' lang='lat' dir='ltr'><strong>Judmos,‘</strong></span> 
     </span>
    </p>
   </div>
   <div class='ocr_carea' id='block_1_97' title="bbox 2337 3693 3943 3766">
    <p class='ocr_par' dir='ltr' id='par_1_97' title="bbox 2337 3693 3943 3766">
     <span class='ocr_line' id='line_1_97' title="bbox 2337 3693 3943 3766; baseline 0.001 -18"><span class='ocrx_word' id='word_1_755' title='bbox 2337 3711 2507 3763; x_wconf 82' lang='lat' dir='ltr'><strong>neque</strong></span> <span class='ocrx_word' id='word_1_756' title='bbox 2547 3695 2628 3748; x_wconf 88' lang='lat' dir='ltr'><strong>lex</strong></span> <span class='ocrx_word' id='word_1_757' title='bbox 2657 3704 2770 3748; x_wconf 88' lang='lat' dir='ltr'><strong>erat</strong></span> <span class='ocrx_word' id='word_1_758' title='bbox 2802 3695 2986 3747; x_wconf 91' lang='lat' dir='ltr'><strong>umbra</strong></span> <span class='ocrx_word' id='word_1_759' title='bbox 3032 3693 3329 3747; x_wconf 78' lang='lat' dir='ltr'><strong>futurorum</strong></span> <span class='ocrx_word' id='word_1_760' title='bbox 3367 3695 3625 3760; x_wconf 80' lang='lat' dir='ltr'><strong>bonorum</strong></span> <span class='ocrx_word' id='word_1_761' title='bbox 3651 3736 3665 3758; x_wconf 87' lang='lat'><strong>,</strong></span> <span class='ocrx_word' id='word_1_762' title='bbox 3699 3710 3723 3747; x_wconf 93' lang='lat' dir='ltr'><strong>s</strong></span> <span class='ocrx_word' id='word_1_763' title='bbox 3744 3698 3790 3749; x_wconf 73' lang='lat' dir='ltr'><strong>ad</strong></span> <span class='ocrx_word' id='word_1_764' title='bbox 3817 3696 3943 3766; x_wconf 81' lang='lat' dir='ltr'><strong>ipsa</strong></span> 
     </span>
    </p>
   </div>
   <div class='ocr_carea' id='block_1_98' title="bbox 2337 3784 3942 3851">
    <p class='ocr_par' dir='ltr' id='par_1_98' title="bbox 2337 3784 3942 3851">
     <span class='ocr_line' id='line_1_98' title="bbox 2337 3784 3942 3851; baseline -0.002 -10"><span class='ocrx_word' id='word_1_765' title='bbox 2337 3797 2503 3841; x_wconf 88' lang='lat' dir='ltr'><strong>totum</strong></span> <span class='ocrx_word' id='word_1_766' title='bbox 2531 3787 2791 3840; x_wconf 77' lang='lat' dir='ltr'><strong>efﬁciebat</strong></span> <span class='ocrx_word' id='word_1_767' title='bbox 2811 3829 2824 3851; x_wconf 95' lang='lat'><strong>,</strong></span> <span class='ocrx_word' id='word_1_768' title='bbox 2856 3802 2954 3839; x_wconf 88' lang='lat' dir='ltr'><strong>nec</strong></span> <span class='ocrx_word' id='word_1_769' title='bbox 2982 3785 3212 3839; x_wconf 80' lang='lat' dir='ltr'><strong>futurum</strong></span> <span class='ocrx_word' id='word_1_770' title='bbox 3246 3795 3395 3851; x_wconf 88' lang='lat' dir='ltr'><strong>erat,</strong></span> <span class='ocrx_word' id='word_1_771' title='bbox 3420 3795 3476 3838; x_wconf 90' lang='lat' dir='ltr'><strong>ut</strong></span> <span class='ocrx_word' id='word_1_772' title='bbox 3501 3785 3745 3850; x_wconf 89' lang='lat' dir='ltr'><strong>cuiquam</strong></span> <span class='ocrx_word' id='word_1_773' title='bbox 3778 3784 3942 3838; x_wconf 86' lang='lat' dir='ltr'><strong>alteri</strong></span> 
     </span>
    </p>
   </div>
   <div class='ocr_carea' id='block_1_99' title="bbox 2339 3876 3935 3946">
    <p class='ocr_par' dir='ltr' id='par_1_99' title="bbox 2339 3876 3935 3946">
     <span class='ocr_line' id='line_1_99' title="bbox 2339 3876 3935 3946; baseline -0.002 -14"><span class='ocrx_word' id='word_1_774' title='bbox 2339 3879 2594 3942; x_wconf 87' lang='lat' dir='ltr'><strong>cederet,</strong></span> <span class='ocrx_word' id='word_1_775' title='bbox 2629 3894 2798 3946; x_wconf 89' lang='lat' dir='ltr'><strong>neque</strong></span> <span class='ocrx_word' id='word_1_776' title='bbox 2832 3887 2885 3930; x_wconf 91' lang='lat' dir='ltr'><strong>ut</strong></span> <span class='ocrx_word' id='word_1_777' title='bbox 2919 3878 3273 3930; x_wconf 84' lang='lat' dir='ltr'><strong>sacerdotium</strong></span> <span class='ocrx_word' id='word_1_778' title='bbox 3304 3878 3448 3945; x_wconf 91' lang='lat' dir='ltr'><strong>prius</strong></span> <span class='ocrx_word' id='word_1_779' title='bbox 3478 3886 3710 3929; x_wconf 75' lang='lat' dir='ltr'><strong>ce:.saret</strong></span> <span class='ocrx_word' id='word_1_780' title='bbox 3735 3918 3749 3940; x_wconf 98' lang='lat'><strong>,</strong></span> <span class='ocrx_word' id='word_1_781' title='bbox 3793 3876 3935 3929; x_wconf 84' lang='lat' dir='ltr'><strong>alte-</strong></span> 
     </span>
    </p>
   </div>
   <div class='ocr_carea' id='block_1_100' title="bbox 2337 3967 3936 4038">
    <p class='ocr_par' dir='ltr' id='par_1_100' title="bbox 2337 3967 3936 4038">
     <span class='ocr_line' id='line_1_100' title="bbox 2337 3967 3936 4038; baseline -0.003 -16"><span class='ocrx_word' id='word_1_782' title='bbox 2337 3985 2559 4038; x_wconf 88' lang='lat' dir='ltr'><strong>rumque</strong></span> <span class='ocrx_word' id='word_1_783' title='bbox 2588 3969 2946 4031; x_wconf 86' lang='lat' dir='ltr'><strong>induceretur,</strong></span> <span class='ocrx_word' id='word_1_784' title='bbox 2977 3985 3072 4022; x_wconf 86' lang='lat' dir='ltr'><strong>eur</strong></span> <span class='ocrx_word' id='word_1_785' title='bbox 3105 3968 3360 4036; x_wconf 87' lang='lat' dir='ltr'><strong>propheta</strong></span> <span class='ocrx_word' id='word_1_786' title='bbox 3388 3967 3552 4021; x_wconf 81' lang='lat' dir='ltr'><strong>dixit:</strong></span> <span class='ocrx_word' id='word_1_787' title='bbox 3587 3967 3665 4020; x_wconf 90' lang='lat' dir='ltr'><strong>Tu</strong></span> <span class='ocrx_word' id='word_1_788' title='bbox 3695 3985 3744 4020; x_wconf 86' lang='lat' dir='ltr'><strong>es</strong></span> <span class='ocrx_word' id='word_1_789' title='bbox 3774 3984 3936 4027; x_wconf 76' lang='lat' dir='ltr'><strong>sacer-</strong></span> 
     </span>
    </p>
   </div>
   <div class='ocr_carea' id='block_1_101' title="bbox 2338 4058 3936 4124">
    <p class='ocr_par' dir='ltr' id='par_1_101' title="bbox 2338 4058 3936 4124">
     <span class='ocr_line' id='line_1_101' title="bbox 2338 4058 3936 4124; baseline 0.001 -13"><span class='ocrx_word' id='word_1_790' title='bbox 2338 4061 2427 4112; x_wconf 55' lang='grc' dir='ltr'><strong>(ιαδ</strong></span> <span class='ocrx_word' id='word_1_791' title='bbox 2455 4061 2504 4111; x_wconf 87' lang='lat' dir='ltr'><strong>in</strong></span> <span class='ocrx_word' id='word_1_792' title='bbox 2536 4071 2774 4112; x_wconf 79' lang='lat' dir='ltr'><strong>reternum</strong></span> <span class='ocrx_word' id='word_1_793' title='bbox 2809 4060 3081 4111; x_wconf 85' lang='lat' dir='ltr'><strong>secundum</strong></span> <span class='ocrx_word' id='word_1_794' title='bbox 3108 4059 3335 4112; x_wconf 85' lang='lat' dir='ltr'><strong>ordinem</strong></span> <span class='ocrx_word' id='word_1_795' title='bbox 3375 4058 3706 4110; x_wconf 77' lang='lat' dir='ltr'><strong>Melchisedec</strong></span> <span class='ocrx_word' id='word_1_796' title='bbox 3734 4060 3749 4124; x_wconf 95' lang='lat'><strong>(</strong></span> <span class='ocrx_word' id='word_1_797' title='bbox 3781 4058 3936 4114; x_wconf 74' lang='lat' dir='ltr'><strong>I’sal.</strong></span> 
     </span>
    </p>
   </div>
   <div class='ocr_carea' id='block_1_102' title="bbox 2339 4137 3934 4222">
    <p class='ocr_par' dir='ltr' id='par_1_102' title="bbox 2339 4137 3934 4222">
     <span class='ocr_line' id='line_1_102' title="bbox 2339 4137 3934 4222; baseline -0.001 -16"><span class='ocrx_word' id='word_1_798' title='bbox 2339 4137 2459 4206; x_wconf 67' lang='grc'><strong>109.</strong></span> <span class='ocrx_word' id='word_1_799' title='bbox 2493 4152 2609 4222; x_wconf 67' lang='grc' dir='ltr'><strong>4)“ἰ</strong></span> <span class='ocrx_word' id='word_1_800' title='bbox 2639 4153 2924 4205; x_wconf 87' lang='lat' dir='ltr'><strong>Dicendum</strong></span> <span class='ocrx_word' id='word_1_801' title='bbox 2972 4152 3112 4204; x_wconf 92' lang='lat' dir='ltr'><strong>enim</strong></span> <span class='ocrx_word' id='word_1_802' title='bbox 3163 4159 3314 4216; x_wconf 87' lang='lat' dir='ltr'><strong>erat,</strong></span> <span class='ocrx_word' id='word_1_803' title='bbox 3365 4151 3654 4203; x_wconf 87' lang='lat' dir='ltr'><strong>secundum</strong></span> <span class='ocrx_word' id='word_1_804' title='bbox 3687 4150 3934 4204; x_wconf 87' lang='lat' dir='ltr'><strong>ordinem</strong></span> 
     </span>
    </p>
   </div>
   <div class='ocr_carea' id='block_1_103' title="bbox 2339 4243 3936 4312">
    <p class='ocr_par' dir='ltr' id='par_1_103' title="bbox 2339 4243 3936 4312">
     <span class='ocr_line' id='line_1_103' title="bbox 2339 4243 3936 4312; baseline 0 -15"><span class='ocrx_word' id='word_1_805' title='bbox 2339 4250 2535 4298; x_wconf 71' lang='lat' dir='ltr'><strong>Aaron.</strong></span> <span class='ocrx_word' id='word_1_806' title='bbox 2578 4244 2777 4298; x_wconf 83' lang='lat' dir='ltr'><strong>Idcirco</strong></span> <span class='ocrx_word' id='word_1_807' title='bbox 2815 4245 2932 4297; x_wconf 88' lang='lat' dir='ltr'><strong>ait:</strong></span> <span class='ocrx_word' id='word_1_808' title='bbox 2975 4245 3019 4297; x_wconf 93' lang='lat' dir='ltr'><strong>si</strong></span> <span class='ocrx_word' id='word_1_809' title='bbox 3067 4244 3454 4297; x_wconf 88' lang='lat' dir='ltr'><strong>consummatio</strong></span> <span class='ocrx_word' id='word_1_810' title='bbox 3499 4259 3592 4312; x_wconf 90' lang='lat' dir='ltr'><strong>per</strong></span> <span class='ocrx_word' id='word_1_811' title='bbox 3635 4243 3936 4297; x_wconf 82' lang='lat' dir='ltr'><strong>Leviticum</strong></span> 
     </span>
    </p>
   </div>
   <div class='ocr_carea' id='block_1_104' title="bbox 2337 4335 3934 4404">
    <p class='ocr_par' dir='ltr' id='par_1_104' title="bbox 2337 4335 3934 4404">
     <span class='ocr_line' id='line_1_104' title="bbox 2337 4335 3934 4404; baseline -0.001 -15"><span class='ocrx_word' id='word_1_812' title='bbox 2337 4337 2692 4390; x_wconf 86' lang='lat' dir='ltr'><strong>sacerdotium</strong></span> <span class='ocrx_word' id='word_1_813' title='bbox 2726 4345 2838 4389; x_wconf 76' lang='lat' dir='ltr'><strong>erat</strong></span> <span class='ocrx_word' id='word_1_814' title='bbox 2864 4377 2877 4399; x_wconf 97' lang='lat'><strong>,</strong></span> <span class='ocrx_word' id='word_1_815' title='bbox 2908 4335 3032 4404; x_wconf 87' lang='lat' dir='ltr'><strong>quid</strong></span> <span class='ocrx_word' id='word_1_816' title='bbox 3065 4336 3259 4389; x_wconf 92' lang='lat' dir='ltr'><strong>deinde</strong></span> <span class='ocrx_word' id='word_1_817' title='bbox 3316 4351 3449 4404; x_wconf 84' lang='lat' dir='ltr'><strong>Opus</strong></span> <span class='ocrx_word' id='word_1_818' title='bbox 3478 4345 3591 4388; x_wconf 88' lang='lat' dir='ltr'><strong>erat</strong></span> <span class='ocrx_word' id='word_1_819' title='bbox 3635 4335 3934 4388; x_wconf 90' lang='lat' dir='ltr'><strong>secundum</strong></span> 
     </span>
    </p>
   </div>
   <div class='ocr_carea' id='block_1_105' title="bbox 2338 4427 3931 4496">
    <p class='ocr_par' dir='ltr' id='par_1_105' title="bbox 2338 4427 3931 4496">
     <span class='ocr_line' id='line_1_105' title="bbox 2338 4427 3931 4496; baseline 0.001 -15"><span class='ocrx_word' id='word_1_820' title='bbox 2338 4430 2578 4481; x_wconf 90' lang='lat' dir='ltr'><strong>ordinem</strong></span> <span class='ocrx_word' id='word_1_821' title='bbox 2619 4428 2972 4482; x_wconf 81' lang='lat' dir='ltr'><strong>Melchisedec</strong></span> <span class='ocrx_word' id='word_1_822' title='bbox 3011 4429 3206 4482; x_wconf 79' lang='lat' dir='ltr'><strong>exoriri</strong></span> <span class='ocrx_word' id='word_1_823' title='bbox 3238 4427 3570 4482; x_wconf 89' lang='lat' dir='ltr'><strong>sacerdotem</strong></span> <span class='ocrx_word' id='word_1_824' title='bbox 3604 4429 3765 4481; x_wconf 91' lang='lat' dir='ltr'><strong>alium</strong></span> <span class='ocrx_word' id='word_1_825' title='bbox 3795 4470 3807 4493; x_wconf 95' lang='lat'><strong>,</strong></span> <span class='ocrx_word' id='word_1_826' title='bbox 3836 4430 3931 4496; x_wconf 90' lang='lat' dir='ltr'><strong>qui</strong></span> 
     </span>
    </p>
   </div>
   <div class='ocr_carea' id='block_1_106' title="bbox 2337 4519 3934 4573">
    <p class='ocr_par' dir='ltr' id='par_1_106' title="bbox 2337 4519 3934 4573">
     <span class='ocr_line' id='line_1_106' title="bbox 2337 4519 3934 4573; baseline -0.001 0"><span class='ocrx_word' id='word_1_827' title='bbox 2337 4536 2441 4573; x_wconf 92' lang='lat' dir='ltr'><strong>non</strong></span> <span class='ocrx_word' id='word_1_828' title='bbox 2491 4519 2757 4572; x_wconf 86' lang='lat' dir='ltr'><strong>diceretur</strong></span> <span class='ocrx_word' id='word_1_829' title='bbox 2803 4519 3095 4572; x_wconf 88' lang='lat' dir='ltr'><strong>secundum</strong></span> <span class='ocrx_word' id='word_1_830' title='bbox 3142 4519 3381 4573; x_wconf 82' lang='lat' dir='ltr'><strong>ordinem</strong></span> <span class='ocrx_word' id='word_1_831' title='bbox 3433 4520 3655 4572; x_wconf 82' lang='lat' dir='ltr'><strong>Aaron?</strong></span> <span class='ocrx_word' id='word_1_832' title='bbox 3703 4520 3778 4571; x_wconf 87' lang='lat' dir='ltr'><strong>Ex</strong></span> <span class='ocrx_word' id='word_1_833' title='bbox 3829 4519 3934 4572; x_wconf 90' lang='lat' dir='ltr'><strong>hoc</strong></span> 
     </span>
    </p>
   </div>
   <div class='ocr_carea' id='block_1_107' title="bbox 2344 4611 3934 4681">
    <p class='ocr_par' dir='ltr' id='par_1_107' title="bbox 2344 4611 3934 4681">
     <span class='ocr_line' id='line_1_107' title="bbox 2344 4611 3934 4681; baseline 0.002 -17"><span class='ocrx_word' id='word_1_834' title='bbox 2344 4614 2484 4664; x_wconf 91' lang='lat' dir='ltr'><strong>enim</strong></span> <span class='ocrx_word' id='word_1_835' title='bbox 2520 4612 2718 4678; x_wconf 88' lang='lat' dir='ltr'><strong>liquet,</strong></span> <span class='ocrx_word' id='word_1_836' title='bbox 2770 4612 2897 4665; x_wconf 91' lang='lat' dir='ltr'><strong>illud</strong></span> <span class='ocrx_word' id='word_1_837' title='bbox 2929 4611 3280 4664; x_wconf 86' lang='lat' dir='ltr'><strong>sacerdotium</strong></span> <span class='ocrx_word' id='word_1_838' title='bbox 3333 4612 3486 4666; x_wconf 85' lang='lat' dir='ltr'><strong>linem</strong></span> <span class='ocrx_word' id='word_1_839' title='bbox 3519 4614 3786 4681; x_wconf 90' lang='lat' dir='ltr'><strong>accepisse</strong></span> <span class='ocrx_word' id='word_1_840' title='bbox 3813 4654 3826 4675; x_wconf 96' lang='lat'><strong>,</strong></span> <span class='ocrx_word' id='word_1_841' title='bbox 3875 4622 3934 4667; x_wconf 74' lang='lat' dir='ltr'><strong>et</strong></span> 
     </span>
    </p>
   </div>
   <div class='ocr_carea' id='block_1_108' title="bbox 2336 4702 3928 4756">
    <p class='ocr_par' dir='ltr' id='par_1_108' title="bbox 2336 4702 3928 4756">
     <span class='ocr_line' id='line_1_108' title="bbox 2336 4702 3928 4756; baseline 0.002 -3"><span class='ocrx_word' id='word_1_842' title='bbox 2336 4702 2477 4754; x_wconf 83' lang='lat' dir='ltr'><strong>aliud</strong></span> <span class='ocrx_word' id='word_1_843' title='bbox 2515 4703 2564 4754; x_wconf 92' lang='lat' dir='ltr'><strong>in</strong></span> <span class='ocrx_word' id='word_1_844' title='bbox 2609 4703 2746 4754; x_wconf 92' lang='lat' dir='ltr'><strong>illius</strong></span> <span class='ocrx_word' id='word_1_845' title='bbox 2777 4703 2947 4753; x_wconf 89' lang='lat' dir='ltr'><strong>locum</strong></span> <span class='ocrx_word' id='word_1_846' title='bbox 2996 4702 3265 4754; x_wconf 81' lang='lat' dir='ltr'><strong>inductum</strong></span> <span class='ocrx_word' id='word_1_847' title='bbox 3295 4716 3413 4754; x_wconf 90' lang='lat' dir='ltr'><strong>esse</strong></span> <span class='ocrx_word' id='word_1_848' title='bbox 3447 4703 3613 4754; x_wconf 90' lang='lat' dir='ltr'><strong>multo</strong></span> <span class='ocrx_word' id='word_1_849' title='bbox 3642 4703 3833 4755; x_wconf 84' lang='lat' dir='ltr'><strong>melius</strong></span> <span class='ocrx_word' id='word_1_850' title='bbox 3860 4717 3928 4756; x_wconf 87' lang='lat' dir='ltr'><strong>ac</strong></span> 
     </span>
    </p>
   </div>
   <div class='ocr_carea' id='block_1_109' title="bbox 2337 4793 3935 4863">
    <p class='ocr_par' dir='ltr' id='par_1_109' title="bbox 2337 4793 3935 4863">
     <span class='ocr_line' id='line_1_109' title="bbox 2337 4793 3935 4863; baseline 0.003 -18"><span class='ocrx_word' id='word_1_851' title='bbox 2337 4793 2631 4863; x_wconf 65' lang='lat' dir='ltr'><strong>Sttblitpitts.</strong></span> <span class='ocrx_word' id='word_1_852' title='bbox 2661 4794 2768 4845; x_wconf 75' lang='lat' dir='ltr'><strong>“(‘C</strong></span> <span class='ocrx_word' id='word_1_853' title='bbox 2791 4802 2962 4845; x_wconf 77' lang='lat' dir='ltr'><strong>autem</strong></span> <span class='ocrx_word' id='word_1_854' title='bbox 2990 4795 3179 4855; x_wconf 42' lang='lat' dir='ltr'><strong>i-vit&#39;to,</strong></span> <span class='ocrx_word' id='word_1_855' title='bbox 3206 4793 3362 4845; x_wconf 85' lang='lat' dir='ltr'><strong>simul</strong></span> <span class='ocrx_word' id='word_1_856' title='bbox 3387 4804 3436 4846; x_wconf 83' lang='lat' dir='ltr'><strong>et</strong></span> <span class='ocrx_word' id='word_1_857' title='bbox 3459 4794 3586 4847; x_wconf 76' lang='lat' dir='ltr'><strong>illud</strong></span> <span class='ocrx_word' id='word_1_858' title='bbox 3613 4796 3661 4847; x_wconf 89' lang='lat' dir='ltr'><strong>in</strong></span> <span class='ocrx_word' id='word_1_859' title='bbox 3683 4793 3935 4849; x_wconf 49' lang='lat' dir='ltr'><strong>confessis</strong></span> 
     </span>
    </p>
   </div>
   <div class='ocr_carea' id='block_1_110' title="bbox 2336 4881 3930 4950">
    <p class='ocr_par' dir='ltr' id='par_1_110' title="bbox 2336 4881 3930 4950">
     <span class='ocr_line' id='line_1_110' title="bbox 2336 4881 3930 4950; baseline 0.002 -16"><span class='ocrx_word' id='word_1_860' title='bbox 2336 4891 2438 4945; x_wconf 88' lang='lat' dir='ltr'><strong>est,</strong></span> <span class='ocrx_word' id='word_1_861' title='bbox 2466 4883 2621 4933; x_wconf 85' lang='lat' dir='ltr'><strong>alium</strong></span> <span class='ocrx_word' id='word_1_862' title='bbox 2654 4883 2810 4935; x_wconf 37' lang='lat' dir='ltr'><strong>etiam</strong></span> <span class='ocrx_word' id='word_1_863' title='bbox 2845 4881 3173 4934; x_wconf 74' lang='lat' dir='ltr'><strong>\ita-smtum</strong></span> <span class='ocrx_word' id='word_1_864' title='bbox 3206 4881 3503 4936; x_wconf 62' lang='lat' dir='ltr'><strong>sacerdot‘o</strong></span> <span class='ocrx_word' id='word_1_865' title='bbox 3523 4894 3930 4950; x_wconf 71' lang='lat' dir='ltr'><strong>congruentem,</strong></span> 
     </span>
    </p>
   </div>
   <div class='ocr_carea' id='block_1_111' title="bbox 2336 4972 3934 5040">
    <p class='ocr_par' dir='ltr' id='par_1_111' title="bbox 2336 4972 3934 5040">
     <span class='ocr_line' id='line_1_111' title="bbox 2336 4972 3934 5040; baseline 0.003 -16"><span class='ocrx_word' id='word_1_866' title='bbox 2336 4973 2491 5024; x_wconf 80' lang='lat' dir='ltr'><strong>simul</strong></span> <span class='ocrx_word' id='word_1_867' title='bbox 2543 4972 2893 5024; x_wconf 83' lang='lat' dir='ltr'><strong>imlucendinn</strong></span> <span class='ocrx_word' id='word_1_868' title='bbox 2939 4972 3098 5024; x_wconf 79' lang='lat' dir='ltr'><strong>fuisse</strong></span> <span class='ocrx_word' id='word_1_869' title='bbox 3123 5013 3136 5032; x_wconf 92' lang='lat'><strong>,</strong></span> <span class='ocrx_word' id='word_1_870' title='bbox 3173 4976 3376 5025; x_wconf 77' lang='lat' dir='ltr'><strong>uectum</strong></span> <span class='ocrx_word' id='word_1_871' title='bbox 3411 4974 3576 5040; x_wconf 75' lang='lat' dir='ltr'><strong>legem</strong></span> <span class='ocrx_word' id='word_1_872' title='bbox 3609 4975 3886 5028; x_wconf 88' lang='lat' dir='ltr'><strong>meliorem</strong></span> <span class='ocrx_word' id='word_1_873' title='bbox 3915 5016 3934 5040; x_wconf 90' lang='lat'><strong>,</strong></span> 
     </span>
    </p>
   </div>
   <div class='ocr_carea' id='block_1_112' title="bbox 2337 5062 3935 5127">
    <p class='ocr_par' dir='ltr' id='par_1_112' title="bbox 2337 5062 3935 5127">
     <span class='ocr_line' id='line_1_112' title="bbox 2337 5062 3935 5127; baseline 0.003 -12"><span class='ocrx_word' id='word_1_874' title='bbox 2337 5062 2583 5116; x_wconf 88' lang='lat' dir='ltr'><strong>nimirum</strong></span> <span class='ocrx_word' id='word_1_875' title='bbox 2636 5073 2891 5115; x_wconf 87' lang='lat' dir='ltr'><strong>nostram.</strong></span> <span class='ocrx_word' id='word_1_876' title='bbox 2940 5062 3090 5127; x_wconf 87' lang='lat' dir='ltr'><strong>Quod</strong></span> <span class='ocrx_word' id='word_1_877' title='bbox 3139 5077 3268 5115; x_wconf 89' lang='lat' dir='ltr'><strong>sane</strong></span> <span class='ocrx_word' id='word_1_878' title='bbox 3297 5063 3672 5117; x_wconf 90' lang='lat' dir='ltr'><strong>demonstrans</strong></span> <span class='ocrx_word' id='word_1_879' title='bbox 3735 5065 3935 5123; x_wconf 85' lang='lat' dir='ltr'><strong>Paulus</strong></span> 
     </span>
    </p>
   </div>
   <div class='ocr_carea' id='block_1_113' title="bbox 2336 5152 3935 5221">
    <p class='ocr_par' dir='ltr' id='par_1_113' title="bbox 2336 5152 3935 5221">
     <span class='ocr_line' id='line_1_113' title="bbox 2336 5152 3935 5221; baseline 0.003 -17"><span class='ocrx_word' id='word_1_880' title='bbox 2336 5153 2580 5206; x_wconf 88' lang='lat' dir='ltr'><strong>diccbat:</strong></span> <span class='ocrx_word' id='word_1_881' title='bbox 2612 5152 2883 5205; x_wconf 83' lang='lat' dir='ltr'><strong>Translata</strong></span> <span class='ocrx_word' id='word_1_882' title='bbox 2927 5153 3057 5204; x_wconf 88' lang='lat' dir='ltr'><strong>enim</strong></span> <span class='ocrx_word' id='word_1_883' title='bbox 3087 5154 3370 5205; x_wconf 86' lang='lat' dir='ltr'><strong>sacerdotio</strong></span> <span class='ocrx_word' id='word_1_884' title='bbox 3400 5194 3414 5217; x_wconf 97' lang='lat'><strong>,</strong></span> <span class='ocrx_word' id='word_1_885' title='bbox 3461 5156 3739 5207; x_wconf 83' lang='lat' dir='ltr'><strong>necessario</strong></span> <span class='ocrx_word' id='word_1_886' title='bbox 3780 5157 3838 5221; x_wconf 78' lang='lat' dir='ltr'><strong>ﬁt</strong></span> <span class='ocrx_word' id='word_1_887' title='bbox 3885 5166 3935 5208; x_wconf 85' lang='lat' dir='ltr'><strong>et</strong></span> 
     </span>
    </p>
   </div>
   <div class='ocr_carea' id='block_1_114' title="bbox 2337 5245 3934 5314">
    <p class='ocr_par' dir='ltr' id='par_1_114' title="bbox 2337 5245 3934 5314">
     <span class='ocr_line' id='line_1_114' title="bbox 2337 5245 3934 5314; baseline 0.004 -19"><span class='ocrx_word' id='word_1_888' title='bbox 2337 5245 2459 5313; x_wconf 86' lang='lat' dir='ltr'><strong>legis</strong></span> <span class='ocrx_word' id='word_1_889' title='bbox 2486 5246 2750 5296; x_wconf 87' lang='lat' dir='ltr'><strong>translatio</strong></span> <span class='ocrx_word' id='word_1_890' title='bbox 2771 5285 2783 5306; x_wconf 94' lang='lat'><strong>,</strong></span> <span class='ocrx_word' id='word_1_891' title='bbox 2830 5255 2875 5296; x_wconf 87' lang='lat' dir='ltr'><strong>et</strong></span> <span class='ocrx_word' id='word_1_892' title='bbox 2905 5245 3081 5296; x_wconf 83' lang='lat' dir='ltr'><strong>horum</strong></span> <span class='ocrx_word' id='word_1_893' title='bbox 3126 5245 3355 5295; x_wconf 84' lang='lat' dir='ltr'><strong>conditor</strong></span> <span class='ocrx_word' id='word_1_894' title='bbox 3381 5255 3451 5297; x_wconf 89' lang='lat' dir='ltr'><strong>est</strong></span> <span class='ocrx_word' id='word_1_895' title='bbox 3480 5261 3609 5298; x_wconf 84' lang='lat' dir='ltr'><strong>unus</strong></span> <span class='ocrx_word' id='word_1_896' title='bbox 3651 5245 3844 5314; x_wconf 86' lang='lat' dir='ltr'><strong>(Hebr.</strong></span> <span class='ocrx_word' id='word_1_897' title='bbox 3877 5247 3934 5302; x_wconf 89' lang='grc'><strong>7.</strong></span> 
     </span>
    </p>
   </div>
   <div class='ocr_carea' id='block_1_115' title="bbox 2337 5335 3933 5405">
    <p class='ocr_par' dir='ltr' id='par_1_115' title="bbox 2337 5335 3933 5405">
     <span class='ocr_line' id='line_1_115' title="bbox 2337 5335 3933 5405; baseline 0.001 -16"><span class='ocrx_word' id='word_1_898' title='bbox 2337 5337 2404 5389; x_wconf 76' lang='grc'><strong>12</strong></span> <span class='ocrx_word' id='word_1_899' title='bbox 2427 5336 2468 5405; x_wconf 91' lang='grc'><strong>).</strong></span> <span class='ocrx_word' id='word_1_900' title='bbox 2501 5336 2633 5402; x_wconf 89' lang='lat' dir='ltr'><strong>Quia</strong></span> <span class='ocrx_word' id='word_1_901' title='bbox 2661 5336 2801 5388; x_wconf 91' lang='lat' dir='ltr'><strong>enim</strong></span> <span class='ocrx_word' id='word_1_902' title='bbox 2836 5335 3089 5404; x_wconf 85' lang='lat' dir='ltr'><strong>pleraque</strong></span> <span class='ocrx_word' id='word_1_903' title='bbox 3119 5335 3303 5403; x_wconf 86' lang='lat' dir='ltr'><strong>legalia</strong></span> <span class='ocrx_word' id='word_1_904' title='bbox 3333 5335 3474 5388; x_wconf 85' lang='lat' dir='ltr'><strong>circa</strong></span> <span class='ocrx_word' id='word_1_905' title='bbox 3513 5335 3795 5389; x_wconf 86' lang='lat' dir='ltr'><strong>sacerdotii</strong></span> <span class='ocrx_word' id='word_1_906' title='bbox 3826 5340 3933 5391; x_wconf 82' lang='lat' dir='ltr'><strong>mi-</strong></span> 
     </span>
    </p>
   </div>
   <div class='ocr_carea' id='block_1_116' title="bbox 2335 5428 3932 5498">
    <p class='ocr_par' dir='ltr' id='par_1_116' title="bbox 2335 5428 3932 5498">
     <span class='ocr_line' id='line_1_116' title="bbox 2335 5428 3932 5498; baseline 0.003 -18"><span class='ocrx_word' id='word_1_907' title='bbox 2335 5429 2548 5481; x_wconf 88' lang='lat' dir='ltr'><strong>nisteria</strong></span> <span class='ocrx_word' id='word_1_908' title='bbox 2577 5429 2960 5492; x_wconf 87' lang='lat' dir='ltr'><strong>consistebant,</strong></span> <span class='ocrx_word' id='word_1_909' title='bbox 3012 5430 3157 5496; x_wconf 92' lang='lat' dir='ltr'><strong>prius</strong></span> <span class='ocrx_word' id='word_1_910' title='bbox 3185 5438 3364 5480; x_wconf 86' lang='lat' dir='ltr'><strong>autem</strong></span> <span class='ocrx_word' id='word_1_911' title='bbox 3391 5428 3750 5482; x_wconf 85' lang='lat' dir='ltr'><strong>sacerdotium</strong></span> <span class='ocrx_word' id='word_1_912' title='bbox 3801 5446 3932 5498; x_wconf 85' lang='lat' dir='ltr'><strong>pro-</strong></span> 
     </span>
    </p>
   </div>
   <div class='ocr_carea' id='block_1_117' title="bbox 2335 5518 3932 5586">
    <p class='ocr_par' dir='ltr' id='par_1_117' title="bbox 2335 5518 3932 5586">
     <span class='ocr_line' id='line_1_117' title="bbox 2335 5518 3932 5586; baseline 0.003 -16"><span class='ocrx_word' id='word_1_913' title='bbox 2335 5518 2566 5586; x_wconf 83' lang='lat' dir='ltr'><strong>ﬂigatum</strong></span> <span class='ocrx_word' id='word_1_914' title='bbox 2599 5529 2678 5571; x_wconf 90' lang='lat' dir='ltr'><strong>est</strong></span> <span class='ocrx_word' id='word_1_915' title='bbox 2704 5559 2718 5582; x_wconf 96' lang='lat'><strong>,</strong></span> <span class='ocrx_word' id='word_1_916' title='bbox 2772 5519 3021 5571; x_wconf 92' lang='lat' dir='ltr'><strong>nimirum</strong></span> <span class='ocrx_word' id='word_1_917' title='bbox 3064 5519 3169 5572; x_wconf 91' lang='lat' dir='ltr'><strong>alio</strong></span> <span class='ocrx_word' id='word_1_918' title='bbox 3198 5519 3248 5571; x_wconf 93' lang='lat' dir='ltr'><strong>in</strong></span> <span class='ocrx_word' id='word_1_919' title='bbox 3296 5518 3434 5571; x_wconf 90' lang='lat' dir='ltr'><strong>illius</strong></span> <span class='ocrx_word' id='word_1_920' title='bbox 3463 5521 3634 5573; x_wconf 85' lang='lat' dir='ltr'><strong>vicem</strong></span> <span class='ocrx_word' id='word_1_921' title='bbox 3683 5521 3932 5586; x_wconf 85' lang='lat' dir='ltr'><strong>inducto,</strong></span> 
     </span>
    </p>
   </div>
   <div class='ocr_carea' id='block_1_118' title="bbox 2337 5604 3936 5678">
    <p class='ocr_par' dir='ltr' id='par_1_118' title="bbox 2337 5604 3936 5678">
     <span class='ocr_line' id='line_1_118' title="bbox 2337 5604 3936 5678; baseline 0.005 -16"><span class='ocrx_word' id='word_1_922' title='bbox 2337 5611 2719 5678; x_wconf 71' lang='lat' dir='ltr'><strong>legislationem</strong></span> <span class='ocrx_word' id='word_1_923' title='bbox 2751 5612 2910 5664; x_wconf 91' lang='lat' dir='ltr'><strong>etiam</strong></span> <span class='ocrx_word' id='word_1_924' title='bbox 2958 5613 3230 5665; x_wconf 90' lang='lat' dir='ltr'><strong>meliorem</strong></span> <span class='ocrx_word' id='word_1_925' title='bbox 3280 5610 3331 5664; x_wconf 93' lang='lat' dir='ltr'><strong>in</strong></span> <span class='ocrx_word' id='word_1_926' title='bbox 3365 5613 3502 5667; x_wconf 87' lang='lat' dir='ltr'><strong>illius</strong></span> <span class='ocrx_word' id='word_1_927' title='bbox 3532 5604 3704 5667; x_wconf 85' lang='lat' dir='ltr'><strong>locum</strong></span> <span class='ocrx_word' id='word_1_928' title='bbox 3749 5615 3936 5672; x_wconf 91' lang='lat' dir='ltr'><strong>induci</strong></span> 
     </span>
    </p>
   </div>
   <div class='ocr_carea' id='block_1_119' title="bbox 2333 5700 3935 5775">
    <p class='ocr_par' dir='ltr' id='par_1_119' title="bbox 2333 5700 3935 5775">
     <span class='ocr_line' id='line_1_119' title="bbox 2333 5700 3935 5775; baseline 0.006 -22"><span class='ocrx_word' id='word_1_929' title='bbox 2333 5705 2588 5769; x_wconf 81' lang='lat' dir='ltr'><strong>Oportnit.</strong></span> <span class='ocrx_word' id='word_1_930' title='bbox 2621 5703 2864 5758; x_wconf 60' lang='lat' dir='ltr'><strong>Postharc</strong></span> <span class='ocrx_word' id='word_1_931' title='bbox 2907 5700 3217 5768; x_wconf 86' lang='lat' dir='ltr'><strong>declarans,</strong></span> <span class='ocrx_word' id='word_1_932' title='bbox 3245 5705 3312 5759; x_wconf 91' lang='lat' dir='ltr'><strong>de</strong></span> <span class='ocrx_word' id='word_1_933' title='bbox 3338 5721 3443 5775; x_wconf 90' lang='lat' dir='ltr'><strong>quo</strong></span> <span class='ocrx_word' id='word_1_934' title='bbox 3475 5706 3587 5759; x_wconf 68' lang='lat' dir='ltr'><strong>haec</strong></span> <span class='ocrx_word' id='word_1_935' title='bbox 3617 5707 3782 5772; x_wconf 87' lang='lat' dir='ltr'><strong>dicat,</strong></span> <span class='ocrx_word' id='word_1_936' title='bbox 3817 5712 3893 5762; x_wconf 89' lang='lat' dir='ltr'><strong>ait</strong></span> <span class='ocrx_word' id='word_1_937' title='bbox 3920 5729 3935 5764; x_wconf 93' lang='lat'>:</span> 
     </span>
    </p>
   </div>
   <div class='ocr_carea' id='block_1_120' title="bbox 2340 5791 3938 5868">
    <p class='ocr_par' dir='ltr' id='par_1_120' title="bbox 2340 5791 3938 5868">
     <span class='ocr_line' id='line_1_120' title="bbox 2340 5791 3938 5868; baseline 0.006 -23"><span class='ocrx_word' id='word_1_938' title='bbox 2340 5791 2416 5845; x_wconf 81' lang='lat' dir='ltr'><strong>De</strong></span> <span class='ocrx_word' id='word_1_939' title='bbox 2441 5810 2540 5863; x_wconf 83' lang='lat' dir='ltr'><strong>quo</strong></span> <span class='ocrx_word' id='word_1_940' title='bbox 2561 5795 2689 5848; x_wconf 83' lang='lat' dir='ltr'><strong>enim</strong></span> <span class='ocrx_word' id='word_1_941' title='bbox 2719 5795 2953 5849; x_wconf 83' lang='lat' dir='ltr'><strong>dicuntur</strong></span> <span class='ocrx_word' id='word_1_942' title='bbox 2973 5796 3101 5863; x_wconf 83' lang='lat' dir='ltr'><strong>ha&#39;c,</strong></span> <span class='ocrx_word' id='word_1_943' title='bbox 3128 5798 3334 5850; x_wconf 79' lang='lat' dir='ltr'><strong>alterius</strong></span> <span class='ocrx_word' id='word_1_944' title='bbox 3358 5797 3512 5850; x_wconf 69' lang='lat' dir='ltr'><strong>tribus</strong></span> <span class='ocrx_word' id='word_1_945' title='bbox 3534 5801 3785 5866; x_wconf 71' lang='lat' dir='ltr'><strong>particeps</strong></span> <span class='ocrx_word' id='word_1_946' title='bbox 3814 5805 3938 5868; x_wconf 73' lang='lat' dir='ltr'><strong>fuit,</strong></span> 
     </span>
    </p>
   </div>
  </div>
