4160 6324
158 434 269 494 διδ

222 548 293 607 τ’.
325 541 485 613 Εἶτα,
515 544 718 621 ἵναμὴ
737 545 866 617 περί
893 554 1039 611 τινος
1068 544 1187 608 τῶν
1201 543 1412 598 πολλῶν
1434 536 1738 621 ἀνθρώπων

152 631 316 690 τοῦτο
346 617 747 703 ὑποπτεύῃήτις
772 629 1048 700 λέγεσθαι,
1086 627 1148 683 οῦ
1181 624 1345 701 φησιν
1377 627 1509 693 αὐτὸ
1536 625 1565 679 6
1585 617 1738 698 [669]

160 712 425 784 Ἠσαίας,
458 713 585 769 οὔτε
643 714 933 788 Ἱερεμίας,
983 713 1107 768 οὔτε
1134 713 1298 778 ἀλλος
1323 728 1407 776 τις
1451 710 1765 785 προφήτης·

153 796 381 870 ἰδιώτης
404 798 716 870 γενόμενος,
734 796 851 851 ἀλλ’
872 797 1037 861 αὐτὸς
1065 799 1094 851 6
1118 795 1390 867 βασιλεὺς,
1410 793 1521 867 [ἴνα
1540 791 1738 864 μάθῃς,
1768 793 1770 795 ’

149 882 237 936 δτι
276 882 339 952 6]
364 882 620 953 βασιλεὺς
640 882 697 936 δὲ
728 880 936 953 Κύριον
963 880 1158 935 ἑαυτοῦ
1176 879 1370 941 οὐδένα
1392 876 1621 931 καλέσαι
1652 873 1743 927 δύ-

148 980 343 1034 ναται,
372 965 488 1019 ἀλλ’
512 966 547 1037 ἢ
567 965 659 1019 τδν
684 956 817 1019 Θεδν
850 964 1030 1036 μόνον.
1054 963 1117 1017 Εί
1149 964 1248 1035 μὲν
1272 957 1383 1032 γὰρ
1408 960 1624 1030 ἰδιώτης
1648 954 1738 1028 ἧν,

149 1044 287 1113 ἴσως
305 1047 379 1104 ’ἄν
417 1065 503 1115 τις
531 1046 653 1103 εἷπε
684 1047 792 1101 τῶν
818 1046 1337 1118 άναισχυντούντων,
1375 1047 1458 1099 ὅτι
1488 1043 1616 1109 περ)⁸
1654 1044 1743 1096 ἀν-

149 1130 382 1204 θρώπου
408 1133 554 1204 λέγει
576 1131 741 1204 ζ’νυνὶ
770 1131 827 1185 δὲ
852 1131 1110 1203 βασιλεὺς
1135 1129 1211 1183 ῶν
1228 1129 1514 1201 ἄνθρωπον
1544 1125 1739 1181 ἑαυτοῦ

144 1202 365 1288 Κύριον
387 1202 489 1271 οὐκ
507 1202 879 1271 ἀνεκάλεσεν.
898 1214 1024 1279 Πῶς
1047 1215 1093 1269 δ’
1112 1215 1200 1277 ἂν,
1231 1216 1280 1268 εἱ
1311 1215 1438 1287 περί
1466 1229 1611 1276 τινος
1632 1210 1741 1265 τῶν

148 1299 371 1354 πολλῶν
401 1297 703 1369 ἀνθρώπων
732 1298 885 1367 ἔλεγε
917 1296 1102 1351 ταῦτα’
1130 1299 1159 1352 6
1187 1296 1372 1361 Δαυῒδ,
1412 1291 1565 1349 εἶπεν
1602 1291 1739 1366 [ἃν,]

143 1384 229 1438 ὅτι
262 1384 332 1437 ὲκ
366 1382 557 1449 δεξιῶν
590 1381 811 1436 ἐκάθισε
855 1381 957 1452 τῆς
989 1381 1304 1453 ἀπορρήτου
1349 1378 1445 1433 καὶ
1496 1378 1742 1449 μεγάλης

146 1466 311 1537 δόξης
343 1467 592 1537 ἐκείνηςς
632 1466 790 1520 τοῦτο
815 1465 925 1537 γὰρ
967 1466 1265 1536 ἀμήχανον.
1302 1456 1440 1535 Περὶ
1461 1462 1518 1516 δὲ
1547 1461 1739 1515 τούτου

147 1549 317 1618 φησίν
339 1565 353 1577 ·
397 1544 585 1602 Εἶπεν
627 1552 661 1602 ό
701 1548 917 1617 Κύριος
943 1547 1024 1613 τῷ
1050 1548 1247 1617 Κυρίῳ
1266 1564 1416 1616 μου,
1439 1544 1636 1600 Κάθου
1669 1544 1740 1597 ἐκ

141 1629 372 1696 ’δεξιῶν
390 1623 529 1701 μου,
560 1629 672 1696 ἕως
701 1628 779 1684 ἂν
809 1629 891 1686 θῶ
919 1630 1064 1697 τοὺς
1086 1630 1341 1701 ἐχθρούς
1367 1646 1484 1683 σου
1511 1627 1750 1683 ὑποπόδ-

126 1712 282 1767 νδιον
303 1712 428 1767 τῶν
452 1711 654 1767 ποδῶν
677 1726 813 1766 σου.
845 1708 1010 1776 Εἶτα,
1045 1713 1137 1767 ἵνα
1170 1712 1246 1784 μὴ
1276 1711 1533 1783 νομίσῃς,
1576 1710 1740 1764 αὑτὸν

143 1796 358 1866 ἀσθενῆ
399 1791 540 1849 εῖναι
578 1794 674 1849 καὶ
707 1793 1095 1860 ἀδυνατοῦΜα,
1132 1797 1400 1866 ἐπήγαγε,
1436 1793 1599 1848 Μετὰ
1623 1792 1743 1848 σοῦ

143 1879 184 1945 ἡ
214 1879 379 1948 ἁρχὴ
396 1877 679 1947 ἐνήμέρᾳ
708 1875 821 1946 τῆς
849 1876 1159 1947 δυνάμεώς
1184 1892 1321 1932 σου.
1347 1877 1456 1931 Καὶ
1479 1875 1745 1946 σαφέστε-

148 1978 242 2032 ρον
291 1962 474 2030 δηλῶν
517 1962 704 2028 ἔλεγεν
723 1999 738 2024 ,
808 1961 911 2015 Ἐκ
959 1960 1226 2030 γαστρὸς
1267 1959 1382 2029 πρὸ
1427 1959 1742 2029 ἐωσφόρού

145 2044 455 2115 ἐγέντηονά
477 2059 571 2099 σε.
601 2044 719 2116 Πρὸ
739 2042 1018 2114 ἑωσφόρον
1047 2043 1104 2097 δὲ
1118 2043 1295 2106 οὐδεὶς
1316 2041 1622 2114 ἀνθρώπων
1647 2060 1744 2112 γε-
1760 2094 1780 2103 _

145 2129 432 2199 γέννηται.
461 2126 766 2196 Σὺᾞερεὺς
790 2129 878 2193 είς
904 2126 1015 2181 τὸν
1044 2125 1231 2180 αίῶνα
1255 2127 1406 2180 κατὰ
1429 2130 1546 2193 τὴν
1566 2125 1742 2191 τάξιν

144 2198 550 2280 Μελχισεδέκ,
608 2211 721 2264 Οὐκ
769 2205 889 2263 εἶπε
914 2249 929 2273 ,
982 2208 1123 2263 κατά
1161 2208 1260 2281 τὴν
1312 2208 1466 2274 τάξιν
1508 2198 1755 2278 Ἀαρών,

159 2293 475 2365 Ἑρώτησον
506 2294 686 2366 τοίνυν
716 2290 810 2346 τὸν
857 2292 1129 2356 Ἰουδαῖον,
1164 2295 1213 2345 εἱ
1240 2291 1314 2363 μὴ
1348 2291 1570 2362 ἔμελλεν
1601 2294 1634 2361 ἡ
1664 2293 1744 2345 ἱε-

151 2375 375 2447 ρωσύνη
406 2374 775 2430 καταλύεσθαι
806 2377 841 2448 ἡ
880 2375 1083 2429 παλαιά
1103 2414 1118 2439 ,
1145 2374 1288 2439 τίνος
1337 2375 1527 2430 ἕνεκεν
1554 2374 1743 2445 ἕτερον

122 2458 455 2528 εισήγαγεν
510 2457 661 2530 ἱερέα
714 2456 858 2512 κατά
917 2457 1013 2527 τὴν
1048 2456 1201 2524 τάξιν
1246 2456 1605 2528 Μελχισεδέκ.
1648 2456 1742 2520 Εἰς

148 2541 307 2594 τοῦτο
335 2540 468 2609 γοῦν
493 2541 623 2594 αὐτὸ
655 2541 714 2595 τὸ
742 2541 941 2614 χωρίον
972 2541 1142 2595 ἐλθὼν
1174 2543 1203 2594 6
1234 2540 1463 2603 Παῦλος.
1488 2541 1591 2611 ὅρα
1625 2538 1743 2604 πῶς

152 2625 284 2678 αὐτὸ
316 2624 659 2696 σαφέστερον
675 2624 959 2696 εποίησεν.
986 2623 1173 2678 Είπὼν
1202 2623 1313 2694 γὰρ
1331 2624 1461 2694 περὶ
1484 2623 1579 2675 τοῦ
1605 2623 1745 2692 Χρι-

154 2707 305 2769 στοῦ,
334 2709 425 2761 ὅτι
454 2706 638 2771 καθὼς
674 2698 732 2759 έν
781 2707 952 2778 ἑτέρῳ
979 2707 1151 2775 λέγει,
1177 2706 1261 2761 Σὺ
1288 2706 1482 2776 ίερεὺς
1510 2706 1598 2771 είς
1626 2703 1747 2771 ⁸τὸν

151 2789 341 2843 αιῶνα
373 2789 525 2843 κατὰ
549 2790 663 2858 τὴν
688 2788 865 2854 τάξιν
898 2788 1294 2859 Μελχισεδὲκ,
1326 2790 1578 2861 ἐπήγαγε
1598 2802 1612 2818 ·
1638 2790 1749 2841 Πε-

145 2873 207 2940 ρὶ
245 2868 317 2928 οὗ
372 2873 571 2939 πολὺς
604 2873 750 2941 ἡμῖν
790 2876 823 2927 ὁ
856 2874 1040 2941 λόγος
1087 2872 1183 2927 καὶ
1238 2872 1740 2942 δυσερμήνευτος.

153 2951 309 3021 Εἶτα,
341 2957 679 3027 ἐπιτιμήσας
705 2958 819 3018 τοῖς
852 2954 1143 3026 μαθηταῖς,
1183 2956 1265 3009 δεῖ
1292 2955 1401 3027 γὰρ
1438 2957 1742 3025 ἐπιτεμεῖν,

154 3038 333 3108 λέγει,
359 3039 453 3111 τίς.
479 3040 626 3091 ἐστιν
655 3041 683 3091 ὀ
713 3039 1079 3108 Μελχισεδὲκ,
1107 3040 1202 3092 καὶ
1235 3039 1429 3106 ἐπάγει
1474 3039 1574 3109 τὴν
1606 3041 1746 3091 ἱστο-

157 3121 301 3193 ρίαν,
334 3120 482 3174 οὔτω
506 3120 710 3189 λέγων⁸
738 3116 929 3187 Οὗτος
954 3124 987 3174 ὀ
1038 3121 1437 3191 συναντήσας
1490 3119 1748 3190 Ἀϐραὰμ

154 3205 601 3274 ὑποστρέφοντι
630 3203 749 3258 ἀπὸ
777 3201 886 3269 τῆς
916 3203 1113 3277 κοπῆς
1141 3205 1260 3257 τῶν
1282 3199 1616 3268 βασιλέων,
1646 3204 1747 3257 καὶ

154 3289 501 3359 εὐλογήσας
547 3287 765 3354 αὐτὸν,
791 3282 839 3355 ᾧ
873 3287 974 3343 καὶ
1011 3288 1273 3354 δεκάτην
1311 3286 1589 3355 ἐμέρισεν
1627 3285 1759 3340 (ἔπιδ’

158 3374 401 3439 πάντων
430 3374 707 3444 Ἀϐραάμ.
724 3371 881 3435 Εἶτα,
906 3370 1263 3426 ὲκκαλύπτων
1291 3370 1351 3423 τὺ
1374 3369 1746 3441 θεώρημαίτοῦ

157 3456 350 3520 τύπου,
370 3448 653 3524 Θεωρεῖτε
666 3456 734 3509 δὲ
754 3457 1019 3525 πηλίκος
1036 3450 1235 3520 οὗτος,
1253 3454 1438 3525 φησὶν,
1463 3447 1512 3520 ᾧ
1536 3445 1646 3506 καὶ⁹
1661 3451 1751 3505 δε-

158 3539 351 3607 κάτην
367 3539 646 3608 ἐμέρισεν
656 3540 774 3593 ἀπὸ
788 3538 1032 3592 πάντων
1042 3539 1092 3592 Ἀ
1102 3536 1291 3605 ϐραὰμ
1319 3537 1348 3589 6
1380 3537 1744 3608 πατριάρχης.

161 3624 328 3686 Τοῦτο
344 3623 401 3675 δὲ
431 3622 531 3693 οὐχ
557 3622 743 3684 ἁπλῶς
758 3621 943 3689 ἔλεγεν
961 3662 975 3686 ,
1004 3620 1118 3673 ἀλλ’
1142 3619 1477 3693 ἐνδείξασθαι
1496 3619 1753 3690 βουλόμε-

157 3722 246 3771 νος
264 3750 274 3766 .
294 3709 377 3760 ὅτι
415 3707 596 3777 πολλῷ
624 3706 823 3778 μείζων
843 3707 876 3775 ἡ
895 3703 1017 3759 καθ’
1036 3706 1182 3775 ἡμᾶς
1209 3701 1474 3774 ἱερωσύνη
1494 3703 1593 3771 τῆς
1623 3704 1751 3757 Ἰου-

160 3791 372 3862 δαϊκῆς.
405 3793 520 3846 Καὶ
553 3795 611 3845 ὲν
655 3794 771 3854 τοῖς
821 3789 1014 3853 τύποις
1052 3790 1236 3851 αὐτοῖς
1268 3788 1378 3841 τῶν
1409 3788 1750 3858 πραγμάτων

162 3876 510 3947 προλαϐοῦσα
538 3878 571 3946 ἠ
605 3874 847 3945 ὑπεροχὴ
872 3873 1252 3926 διαδείκνυται.
1288 3872 1345 3924 '0
1368 3871 1476 3941 γὰρ
1501 3871 1752 3941 Ἀϐραὰμ

161 3958 253 4011 τοῦ
296 3959 488 4012 Ἰσαὰκ
532 3958 715 4028 πατὴρ
748 3953 838 4027 ἦν,
884 3956 980 4009 καὶ
1008 3955 1103 4007 τοῦ
1147 3953 1340 4008 Ἰακὼϐ
1372 3957 1614 4017 πάππος,
1658 3953 1753 4005 καὶ

161 4040 291 4094 Λευῖ
318 4041 605 4111 πρόγονος·
636 4039 733 4093 τοῦ
766 4040 874 4109 γὰρ
913 4037 1107 4091 Ἰακὼϐ
1133 4032 1199 4107 ἦν
1230 4038 1344 4099 υἱὸς
1373 4038 1400 4089 6
1428 4038 1580 4088 Λευῖ.
1617 4034 1751 4087 Ἀπὸ

162 4123 268 4195 γὰρ
292 4110 428 4177 Λευῖ
456 4125 488 4195 ὴ
517 4122 783 4194 ἱερωσύνη
818 4120 968 4192 παρὰ
1004 4120 1277 4183 Ἰουδαίοις
1307 4121 1406 4189 τὴν
1428 4110 1600 4190 ἀρχὴν
1631 4116 1754 4171 ἐλα-

156 4207 276 4261 ϐεν.
316 4207 457 4261 Ἀλλ’
487 4199 641 4270 οὗτος
660 4209 688 4260 6
722 4206 980 4276 ῙΑϐραάμ
1010 4206 1038 4257 6
1072 4205 1337 4273 πρόγονος
1362 4203 1473 4258 τῶν
1510 4201 1752 4254 Λευῖτῶν

162 4290 386 4345 καὶτῶν
430 4289 736 4344 Ἰουδαϊκῶν
780 4288 988 4359 ἱερέων,
1035 4288 1130 4340 ἰπὶ
1170 4285 1265 4341 τοῦ
1305 4285 1663 4355 Μελχισεδὲκ.
1694 4283 1753 4347 ὃς

160 4367 230 4444 ἦν
271 4373 445 4435 τύπος
492 4373 592 4442 τῆς
634 4372 757 4425 καθ’
789 4372 938 4441 ἡμᾶς
986 4369 1306 4443 ἱερωσύνης,
1360 4367 1550 4423 λαῐκοῦ
1598 4367 1753 4433 τάξιν

165 4454 366 4526 ἐπεῖχε·
397 4455 493 4509 καὶ
525 4455 682 4508 τοῦτο
699 4455 764 4508 δι’
792 4455 1119 4525 ἀμφοτέρων
1141 4453 1405 4522 ἐδήλωσε,
1440 4454 1535 4506 καὶ
1548 4451 1637 4505 διὰ
1658 4452 1753 4504 τοῦ

164 4536 344 4591 δοῦναι
366 4538 603 4608 δεκάτην
628 4536 796 4607 αὐτῷ·
828 4538 877 4590 οἱ
918 4537 1028 4608 γὰρ
1066 4536 1245 4589 λαῖκοὶ
1268 4539 1383 4600 τοῖς
1415 4534 1620 4607 ἱερεῦσι
1653 4534 1753 4597 τὰς

166 4618 397 4683 δεκάτας
423 4620 644 4673 διδόασι·
672 4622 765 4673 καὶ
788 4622 871 4674 ὅτι
900 4618 1178 4691 ηὑλογήθη
1202 4620 1331 4691 παρ’
1359 4618 1547 4672 αὐτοῦ’
1575 4620 1623 4671 οἱ
1646 4617 1752 4690 γὰρ

166 4701 341 4755 λαῖκοὶ
368 4703 524 4772 παρά
550 4702 662 4758 τῶν
689 4704 879 4773 ἱερέων
902 4702 1270 4770 εὐλογοῦνται.
1288 4698 1464 4755 Πάλιν
1487 4702 1588 4772 ὅρα
1612 4701 1753 4771 πόση

169 4786 203 4855 ἡ
233 4787 478 4861 ὑπεροχὴ
506 4786 609 4857 τῆς
645 4786 767 4839 καθ’
803 4787 947 4856 ἡμᾶς
984 4785 1303 4857 ἱερωσύνης,
1339 4787 1467 4839 ὅταν
1504 4786 1758 4857 ’Ᾱϐραάμ

169 4872 195 4923 ὁ
222 4872 585 4941 πατριάρχης,
605 4869 713 4933 τῶν
757 4868 1052 4931 Ἰουδαίων,
1092 4870 1120 4920 ὁ
1165 4870 1428 4939 πρόγονος
1460 4870 1567 4923 τῶν
1594 4871 1752 4924 Λευῖ-

172 4954 274 5006 τῶν
292 4995 307 5019 ,
332 4955 659 5025 εὑρίσκηται
680 4966 705 4994 α
737 4953 841 5006 ὑπὸ
870 4953 963 5006 τοῦ
984 4952 1317 5023 Μελχισεδὲκ
1344 4953 1565 5020 εύλογού
1574 4970 1754 5023 μενος,

174 5038 265 5089 καὶ
291 5038 523 5100 δεκάτας
548 5037 740 5101 διδούς.
771 5038 881 5090 Καὶ
909 5038 1017 5109 γὰρ
1055 5037 1339 5108 ἀμφότερα
1383 5035 1559 5091 ταῦτά
1592 5058 1758 5109 φησιν

174 5122 209 5192 ὴ
221 5121 455 5185 Παλαιὰ,
468 5124 550 5175 ὅτι
567 5124 659 5175 καὶ
677 5122 968 5193 εὐλόγησεν
986 5126 1013 5175 6
1027 5123 1359 5193 Μελχισεδὲκ
1375 5123 1465 5175 τὸν
1482 5124 1687 5196 Ἀϐραά
1696 5144 1753 5196 μ,

176 5212 268 5261 καὶ
303 5208 672 5262 δεδεκάτωκεν
714 5208 897 5262 αὐτόν.
928 5209 1115 5262 Ταῦτα
1146 5208 1277 5276 γοῦν
1310 5208 1452 5261 αύτά
1480 5212 1557 5273 είς
1591 5210 1757 5281 μέσον

177 5294 393 5364 ἀγαγὼν
412 5298 450 5349 6
471 5293 717 5360 Παῦλος,
743 5296 925 5365 ἔλεγε,
973 5296 1247 5365 Θεωρεῖτε
1271 5295 1339 5349 δὲ
1368 5297 1628 5365 πηλίκος
1655 5294 1759 5354 οὗ·

178 5393 312 5443 τος;
344 5375 540 5445 Οὗτος
567 5380 679 5446 τίς;
723 5379 788 5433 'U
819 5380 1215 5451 Μελχισεδὲκ,
1254 5382 1439 5452 φησὶν,
1476 5376 1523 5447 ᾧ
1550 5383 1645 5437 καὶ
1672 5383 1760 5436 δε-

181 5459 364 5529 κάτην
397 5462 655 5532 Ἀϐραὰμ
685 5462 756 5517 ἐκ
796 5463 917 5518 τῶν
955 5465 1312 5534 ἀκροθινίων
1338 5465 1562 5520 ἔδωκεν
1593 5470 1626 5520 ὁ
1655 5482 1761 5520 πα-

181 5536 453 5608 τριόρχης
487 5546 754 5601 ἐκείνων.
790 5547 899 5602 Καὶ
940 5548 1133 5619 οἱμὲν
1170 5549 1241 5601 ἐκ
1282 5547 1401 5601 τῶν
1433 5548 1581 5603 υἱῶν
1617 5551 1762 5604 Λευῒ

297 5802 467 5879 Μοιρι.
496 5806 764 5879 εἱ-ιιυὶᾱεῳ
799 5820 915 5879 msg.
952 5807 1235 5879 εὑρίσκεται.
1282 5806 1394 5879 μοέ
1418 5805 1617 5879 ςοίιιειη
1640 5822 1756 5860 mss.

211 5866 423 5929 Αϐραάυι,
439 5868 529 5945 καὶ¹
543 5866 617 5919 ὅτι
636 5869 849 5935 δεκάτας
866 5866 1140 5932 ἔλαϐε-παρ’
1164 5867 1327 5919 αὑτοῦ.
1351 5866 1513 5920 Ταῦτα
1536 5868 1664 5932 γοῦν.

1265 420 1631 485 ADVERSUS
1667 420 1976 479 JUDEOS.
2019 425 2133 479 VII.

3331 423 3442 483 εει

1842 539 1958 607 τὴν
1981 536 2319 610 ἱερωσύνην
2346 540 2782 611 λαμϐάνοντες,
2798 538 3064 610 ἐντολὴν
3089 538 3243 615 [670]
3265 542 3440 614 ἕχον-

1842 639 1946 677 σιν
1984 622 2405 680 ἀποδεκατοῦν
2431 624 2540 679 τὸν
2566 624 2744 688 λαὸν,
2778 622 3057 701 τουτέστι
3087 624 3233 693 τοὺς
3251 627 3437 701 ἀδελ·

1844 706 1996 776 ⁸τοὺς
2027 706 2247 775 αὐτῶν,
2261 708 2477 778 καίπερ
2497 698 2949 776 ἐξεληλυθότας
2971 709 3039 763 ἐκ
3062 709 3176 779 τῆς
3202 690 3437 783 δσεάύος

1841 791 1950 846 τοῦ
1990 790 2259 863 Ἁϐραάμ.
2297 794 2363 846 ⁸0
2394 790 2615 861 δὲλέγει
2632 791 2874 845 τοιοῦτόν
2894 793 3043 846 ἐστιν
3062 809 3079 825 ο
3110 793 3435 859 ΟἱΛευῑται.

1844 874 2030 945 φησὶν,
2055 878 2104 931 οἱ
2138 875 2291 949 παρὰ
2313 868 2590 939 Ἰουδαίοις
2624 877 2813 947 ἱερεῖς,
2826 876 3048 949 ἐντολὴν
3073 870 3263 931 ἔλαϐον
3296 875 3440 931 κατά

1841 958 1933 1011 τὸν
1962 959 2159 1029 νόμον,
2212 960 2447 1025 δεκάτας
2480 958 2779 1031 λαμϐάνειν
2818 961 2883 1013 ἐκ
2928 960 3037 1014 τῶν
3090 959 3267 1016 ἄλλων
3303 960 3438 1017 Ἰουαο

1842 1042 2026 1098 δαίων.
2060 1045 2255 1098 Καίτοι
2286 1062 2350 1113 γε
2382 1044 2584 1109 πάντες
2619 1048 2686 1099 ἐκ
2721 1044 2814 1099 τοῦ
2861 1044 3123 1117 Ἀϐραάμ
3144 1042 3308 1118 ἦσαν,
3340 1046 3441 1104 καὶ

1841 1126 1890 1177 οἱ
1919 1124 2177 1193 Λευῖται,
2213 1128 2308 1181 καὶ
2343 1129 2372 1182 6
2421 1128 2609 1192 λοιπὸς
2649 1126 2811 1192 λαὸς..
2852 1126 2967 1182 ἀλλ’
3007 1127 3160 1199 ὅμως
3203 1129 3440 1196 δεκάτας

1840 1207 2175 1280 λαμϐάνουσι
2197 1210 2348 1282 παρά
2371 1210 2481 1264 τῶν
2514 1210 2761 1280 ἀδελφῶν
2794 1211 2997 1267 αὐτῶν.
3042 1212 3109 1283 Ὀ
3133 1212 3191 1266 δὲ
3231 1214 3440 1287 Μελχι-

1843 1292 2022 1357 σεδὲκ,
2061 1294 2090 1346 6
2120 1294 2195 1366 μὴ
2222 1292 2716 1364 γενεαλογούμενος
2736 1291 2795 1360 ὲξ
2824 1295 3006 1349 αὐτῶν
3030 1294 3112 1366 (ού
3129 1296 3240 1369 γάρ
3260 1299 3326 1351 ὲκ
3342 1298 3437 1352 τοῦ

1856 1375 2109 1447 Ἀϐραάμ
2137 1372 2227 1448 ἦν,
2262 1377 2386 1431 οὐδὲ
2408 1380 2472 1431 ἐκ
2504 1378 2604 1449 τῆς
2643 1377 2816 1449 φυλῆς
2849 1376 2951 1450 τῆς
2982 1379 3297 1452 Δευῖτικῆς,
3320 1381 3437 1435 ἀλλ’

1842 1460 1900 1528 ἐξ
1931 1461 2121 1532 ἑτέρου
2159 1461 2352 1530 γένους
2365 1460 2787 1529 ),.δεδεκάτωκε
2839 1462 2933 1516 τὸν
2972 1462 3247 1535 Ἀϐραάμ.
3278 1480 3439 1519 τουτ-

1842 1544 1980 1610 έστι,
2009 1545 2240 1610 δεκάτας
2271 1537 2403 1616 παρ’
2433 1544 2598 1599 αὑτοῦ
2624 1545 2806 1600 ἔλαϐε·
2844 1546 2938 1599 καὶ
2958 1546 3019 1599 οὐ
3046 1546 3207 1601 τοῦτο
3235 1547 3399 1619 μόνον
3419 1548 3443 1615 ,’

1842 1628 1979 1682 ἀλλὰ
2008 1631 2103 1683 καὶ
2126 1630 2313 1699 ἔτερόν
2338 1647 2412 1685 τι.
2443 1628 2509 1682 Τί
2539 1628 2593 1683 δὲ
2628 1628 2820 1695 τοῦτο;
2854 1628 2976 1681 Ὅτι
3006 1630 3101 1682 καὶ
3131 1628 3222 1683 τὸν
3246 1629 3440 1702 ἔχοντα

1841 1710 1940 1775 τὰς
1980 1710 2336 1780 ἐπαγγελίας,
2368 1711 2464 1766 τὸν
2513 1710 2786 1784 Ἀϐραὰμ,
2817 1710 2979 1765 πάλιν
2998 1711 3295 1783 ηὐλόγησε.
3328 1715 3440 1769 Καὶ

1841 1793 1894 1847 τί
1922 1793 2102 1860 τοῦτο,
2130 1796 2285 1865 φησὶ,
2317 1796 2619 1860 δείκνυται;
2663 1795 2786 1848 Ὀτι
2810 1786 2967 1859 οὗτος
2996 1794 3209 1848 ἐκείνου
3233 1786 3441 1869 σφόδρα

1843 1875 2101 1932 ἐλάττων.
2138 1878 2296 1944 Πῶς;
2330 1878 2517 1946 Χωρὶς
2551 1876 2757 1944 πάσης
2780 1877 3134 1946 ἀντιλογίας
3164 1878 3230 1932 τὸ
3262 1878 3441 1933 ἐλατ-

1842 1975 1952 2013 τον
1978 1960 2100 2015 ὑπὸ
2119 1959 2228 2014 τοῦ
2255 1961 2599 2030 κρείττονος
2627 1959 2982 2029 εὐλογεῖται.
3005 1961 3171 2014 Ὥστε
3198 1963 3244 2014 εἱ
3276 1962 3351 2034 μὴ
3371 1955 3441 2035 ἦν

1836 2044 2083 2098 ’ἐλάττων
2118 2046 2148 2099 6
2187 2044 2473 2115 Ἀϐραὰμ,
2512 2046 2542 2098 6
2580 2044 2847 2116 πρόγονος
2888 2044 2998 2098 τῶν
3040 2044 3306 2107 Λευῖτῶν,
3342 2047 3438 2100 τοῦ
3514 2058 3519 2063 ’

1846 2125 2205 2196 Μελχισεδὲκ,
2228 2128 2327 2181 οὐκ
2352 2127 2418 2181 ἂν
2449 2129 2658 2191 ἐκεῖνος
2683 2125 2873 2181 τοῦτον
2899 2126 3216 2196 εὐλόγησεν,
3247 2126 3355 2181 οὐδ’
3373 2126 3441 2182 ἂν

1844 2206 1999 2275 οὗτος
2024 2211 2219 2279 ἐκείνῳ
2248 2209 2483 2273 δεκάτας
2511 2209 2733 2263 ἔδωκεν.
2750 2206 2883 2262 Εἱτα
2904 2208 3231 2280 βουλόμενος
3246 2208 3439 2275 δεῖξαι,

1843 2294 1926 2347 δτι
1949 2292 2040 2347 διά
2064 2292 2157 2346 τοῦ
2178 2292 2517 2362 Μελχισεδὲκ
2541 2290 2812 2363 προῆλθεν
2841 2293 2906 2346 ἂν
2932 2294 3108 2346 ἐκεῖνο
3129 2294 3176 2359 ιι,
3191 2294 3442 2365 ἐπήγαγε

1844 2375 2021 2444 λέγων
2046 2392 2061 2406 ο
2098 2376 2232 2439 Καὶ,
2265 2375 2345 2441 ὡς
2372 2375 2521 2440 ἔπος
2559 2374 2769 2439 εἰπεῖν,
2810 2375 3056 2428 τουτέστι
3096 2376 3305 2446 σχεδὸν,
3343 2377 3445 2432 διὰ

1858 2459 2104 2529 Ἀϐραὰμ
2133 2458 2230 2512 καί
2251 2459 2399 2514 Λευῒ
2429 2462 2463 2512 ό
2485 2457 2745 2525 δεκάτας
2769 2459 3095 2529 λαμϐάνων
3124 2460 3446 2515 δεδεκάτω-

1829 2559 1960 2604 ται.
1990 2542 2056 2594 Τί
2101 2540 2158 2594 δέ
2197 2542 2314 2594 ἐστι
2336 2582 2350 2604 ,
2403 2540 2835 2609 δεδεκάτωται;
2876 2542 3119 2606 Δεκάτας
3144 2543 3314 2598 ἔδωκε
3345 2545 3444 2598 καὶ

1846 2627 2028 2692 αὐτὸς,
2052 2625 2205 2697 φησὶ,
2233 2625 2312 2697 τῷ
2340 2625 2695 2696 Μελχισεδὲκ,
2725 2629 2754 2680 6
2781 2625 3007 2698 μηδέπω
3028 2627 3332 2699 γεννηθεὶς,
3354 2628 3443 2683 διά

1846 2710 1940 2765 τοῦ
1962 2710 2173 2782 ’πατρὸς
2209 2709 2397 2763 αὐτοῦ·
2420 2711 2542 2763 Ἔτι
2564 2714 2696 2780 γὰρ.
2722 2711 2907 2782 φησὶν,
2930 2710 3092 2780 ἐντῇ
3124 2710 3318 2782 ὀσφύϊ
3332 2713 3444 2769 τοῦ

1847 2792 2072 2861 πατρὸς
2099 2792 2287 2846 αὐτοῦ
2325 2788 2424 2862 ἦν,
2462 2793 2561 2847 ὅτε
2591 2793 2988 2861 συνήντησεν
3023 2793 3183 2860 αὐτῷ
3215 2799 3444 2866 Μελχι-

1847 2875 2050 2930 σεδέκ·
2085 2875 2174 2929 διὰ
2197 2876 2357 2929 τοῦτο
2381 2876 2493 2948 γάρ
2519 2876 2804 2948 προλαϐὼν
2833 2872 3007 2941 εἶπεν,
3056 2878 3155 2946 Ὠς
3186 2880 3334 2946 ἔπος
3362 2882 3444 2934 εἱ-

1847 2958 2004 3011 πεῖν.
2035 2958 2194 3021 Τίνος
2213 2953 2308 3012 οὖν
2330 2958 2519 3012 ἕνεκεν
2544 2961 2721 3013 ταῦτα
2760 2960 2967 3028 ἔλεγεν,
3003 2962 3199 3032 ἐπάγει
3226 2963 3405 3033 λέγων
3426 2980 3441 2996 ·

1848 3045 1918 3097 El
1940 3041 2061 3112 μὲν
2096 3038 2216 3098 οὗν
2241 3043 2281 3110 ἠ
2316 3043 2629 3109 τελείωσις
2654 3042 2755 3097 διὰ
2790 3043 2901 3113 τῆς
2934 3046 3253 3115 Λὲυττικῆς
3281 3050 3443 3117 ίερω-

1847 3127 2047 3193 σύνης
2084 3121 2164 3194 ἦν
2206 3126 2262 3195 (ὁ
2285 3124 2438 3190 λαὸς
2461 3126 2573 3195 γὰρ
2598 3126 2691 3180 ἐπ’
2722 3126 2882 3195 αὐτῇ
2908 3128 3343 3198 νενομοθέτητο
3371 3132 3441 3201 ἀ),

1847 3209 1939 3275 τίς
1968 3209 2055 3263 ἔτι
2077 3208 2249 3277 χρεία
2274 3207 2425 3262 κατὰ
2448 3207 2565 3276 τὴν
2595 3208 2769 3272 τάξιν
2796 3211 3173 3279 Μελχισεδὲκ
3202 3215 3448 3268 ἀνίστα⁴

1850 3296 1992 3346 σθαι
2019 3290 2179 3358 ἱερέα
2206 3289 2432 3359 ἕτερον,
2462 3290 2564 3344 καὶ
2587 3293 2659 3345 οὐ
2697 3292 2849 3346 κατὰ
2871 3292 2989 3361 τὴν
3009 3294 3185 3360 τάξιν
3219 3295 3448 3365 Ἀαρὼν

1849 3372 2131 3442 λέγεσθαι
2151 3388 2171 3433 ;
2196 3371 2261 3425 Τί
2286 3373 2344 3425 δέ
2379 3375 2527 3427 ἐστιν
2560 3373 2588 3426 6
2622 3374 2806 3451 λέγει;
2840 3377 2903 3429 El
2938 3376 3009 3431 τά
3050 3379 3354 3449 πράγματα
3375 3376 3447 3452 ἦν

1849 3456 2052 3519 τέλεια,
2104 3456 2259 3527 φησὶ,
2293 3454 2361 3507 τὰ
2388 3455 2531 3509 κατά
2571 3456 2859 3533 Ἰουδαίους
2880 3498 2893 3522 ,
2931 3462 3024 3514 καὶ
3055 3461 3131 3532 μὴ
3164 3462 3295 3516 σκιά
3317 3459 3385 3533 ἦν
3418 3466 3448 3517 6

1851 3541 2015 3611 νόμος
2040 3539 2149 3593 τῶν
2192 3539 2493 3610 μελλόντων
2533 3540 2786 3608 ἀγαθῶν,
2836 3543 2975 3597 ἀλλά
3013 3543 3073 3596 τὸ
3130 3547 3239 3599 πᾶν
3282 3547 3449 3613 αὐτὸς

1852 3621 2244 3694 κατωρθώκει,
2293 3622 2388 3675 καὶ⁵
2432 3622 2533 3674 οὐκ
2574 3622 2800 3693 ἔμελλεν
2844 3625 3017 3695 ἑτέρῳ
3049 3626 3445 3700 παραχωρεῖν,

1852 3705 1975 3759 οὕτε
2006 3708 2037 3777 η
2073 3706 2343 3777 ἱερωσύνη
2366 3706 2401 3775 ἠ
2431 3706 2673 3777 προτέρα
2710 3707 3125 3775 ὑπεξίστασθαι,
3154 3713 3251 3764 καὶ
3281 3714 3448 3784 ἑτέρα

1853 3788 2303 3857 ἀντεισάγεσθαι,
2337 3788 2480 3852 τίνος
2505 3789 2691 3842 ἕνεκεν
2734 3791 2762 3843 6
2801 3793 3090 3863 προφήτης
3123 3794 3327 3863 ἔλεγεν·
3359 3798 3448 3852 Σὺ

1853 3871 2046 3939 ἱερεὺς
2066 3874 2153 3937 είς
2173 3871 2280 3925 τὸν
2302 3870 2507 3937 αἰῶνα,
2531 3873 2682 3925 κατὰ
2700 3871 2818 3940 τὴν
2844 3874 3020 3938 τάξιν
3034 3879 3410 3945 Μελχισεδέκ
3424 3897 3448 3946 ;

1853 3960 1961 4013 ἔδει
1986 3959 2097 4030 γὰρ
2136 3961 2344 4024 εἰπεῖν,
2384 3958 2527 4013 κατά
2557 3959 2659 4030 τὴν
2696 3958 2851 4023 τάξιν
2890 3961 3120 4033 Ἀαρών,
3166 3966 3265 4019 Διὰ
3290 3966 3448 4021 τοῦτό

1856 4064 2044 4117 φησιν,
2066 4048 2130 4100 Εἱ
2158 4047 2256 4118 μὲν
2282 4042 2374 4100 οὖν
2392 4047 2430 4117 ή
2447 4046 2727 4110 τελείωσις
2749 4046 2840 4100 διὰ
2859 4048 2958 4118 τῆς
2983 4050 3272 4123 Λευῖτικῆς
3299 4054 3452 4126 ἱερω-

1859 4131 2024 4203 σύνης
2057 4126 2149 4201 ἦν,
2179 4130 2262 4193 τίς
2288 4129 2370 4183 ἔτι
2410 4130 2572 4201 χρεία
2598 4130 2741 4183 κατὰ
2771 4130 2870 4201 τὴν
2908 4130 3060 4196 τάξιν
3108 4135 3450 4206 Μελχισεδὲκ

1856 4212 2181 4268 ἀνίστασθαι
2213 4214 2366 4283 ἱερέα
2393 4212 2601 4285 ἕτερον,
2628 4213 2722 4267 καὶ
2745 4213 2806 4265 οὐ
2829 4214 2970 4267 κατά
3009 4216 3109 4287 τὴν
3135 4219 3289 4283 τάξιν
3327 4221 3450 4274 Ἀα-

1860 4296 1967 4367 ρὼν
1986 4297 2278 4365 λέγεσθαι;
2317 4297 2485 4367 Δῆλον
2516 4297 2638 4368 γὰρ
2681 4298 2747 4349 ὲκ
2781 4297 2993 4364 τούτου,
3026 4299 3101 4363 ὼς
3135 4302 3315 4373 ἐκείνη
3349 4302 3450 4373 μὲν

1856 4380 2007 4443 τέλος
2034 4380 2227 4433 ἐλαϐεν
2254 4381 2290 4449 ἡ
2331 4379 2600 4451 ἱερωσύνη
2622 4419 2637 4443 ,
2680 4380 2843 4450 ἑτέρα
2878 4381 2935 4434 δὲ
2974 4383 3449 4456 ἀντεισενήνεκται

1858 4463 2038 4534 πολλῷ
2075 4463 2298 4533 βελτίων
2316 4464 2420 4533 ῃκαὶ
2458 4462 2788 4533 ὑψηλοτέρα.
2828 4463 3032 4517 Τούτου
3057 4466 3113 4518 δὲ
3150 4467 3448 4537 ὁμολογουο

1862 4547 2046 4618 μένου,
2065 4548 2287 4601 κάκεῖνο
2306 4544 2775 4616 συνωμολόγηται,
2793 4546 2874 4599 ὅτι
2900 4548 2994 4600 καὶ
3018 4548 3263 4603 πολιτεία
3286 4552 3449 4623 ἑτέρα

1857 4635 1923 4703 τῇ
1955 4630 2223 4703 ἱερωσύνῃ
2256 4623 2630 4699 συμϐαίνουσα
2668 4630 3156 4701 συνεισαχθήσεται
3176 4673 3190 4693 ,
3239 4632 3377 4706 αῦτη
3410 4638 3445 4708 ἡ

1856 4715 2105 4787 ἡμετέρα
2136 4712 2399 4783 δηλονότι,
2447 4710 2543 4763 καὶ
2582 4712 2874 4781 νομοθεσία
2906 4713 3149 4782 βελτίων.
3177 4716 3355 4788 Ὅπερ
3382 4717 3448 4789 δὴ

1859 4797 2288 4861 κατασκευάζων
2318 4797 2347 4847 6
2365 4793 2578 4856 Παῦλος
2602 4794 2777 4862 ἔλεγε,
2826 4796 3305 4866 Μετατιθεμένης
3337 4799 3451 4869 γὰρ

1859 4883 1970 4952 τῆς
2000 4884 2354 4951 ἱερωσύνης.
2381 4881 2450 4946 ἐξ
2485 4880 2755 4949 ἀνάγκης
2784 4880 2883 4933 καὶ
2914 4880 3102 4948 νόμου
3125 4880 3451 4950 μετάθεσις

1860 4967 2105 5037 γίνεται,
2128 4964 2229 5018 καὶ
2251 4965 2477 5018 τούτων
2501 4962 2866 5033 δημιουργὸς
2883 4958 2971 5029 εἷς
2991 4964 3182 5017 ἐστιν.
3227 4964 3449 5039 Ἐπειδὴ

1859 5050 1969 5119 γὰρ
2003 5048 2063 5102 τὺ
2104 5047 2265 5102 πλέον
2296 5046 2406 5100 τῶν
2445 5046 2692 5117 νομίμων
2726 5045 2857 5116 περὶ
2884 5045 2983 5117 τὴν
3010 5046 3115 5116 τῆς
3144 5046 3450 5119 ἱερωσύνης

1860 5130 2181 5187 ἀκολουθίαν
2210 5129 2551 5202 ἀνηλίσκετο,
2574 5130 2607 5199 ἡ
2632 5128 2689 5181 δὲ
2720 5127 2987 5199 ἱερωσύνη
3029 5131 3062 5199 ἡ
3090 5129 3331 5199 προτέρα
3362 5129 3452 5193 ἐξ·

1860 5214 2159 5284 εϐέϐλητο,
2205 5211 2430 5282 εὔδηλον
2477 5213 2559 5266 ὅτι
2594 5212 2788 5283 ἐτέρας
2834 5211 3305 5283 ἀντεισαχθείσης,
3353 5211 3451 5266 καὶ

1862 5295 2187 5367 νομοθεσίαν
2219 5295 2442 5367 μείζονα
2471 5294 2891 5366 ἀντεισαχθῆναι
2931 5294 3059 5348 ἔδει.
3084 5290 3220 5347 Εῐτα
3245 5292 3446 5364 δηλῶν,

1862 5381 1990 5450 περὶ
2012 5377 2164 5451 [671]
2184 5379 2325 5442 τίνος
2353 5379 2526 5432 ταῦτα
2552 5378 2792 5445 λέγεται,
2827 5376 2954 5446 Ἐφ’
2986 5377 3059 5431 ὃν
3081 5376 3191 5446 γὰρ
3209 5376 3447 5447 λέγεται

1860 5463 2067 5529 ταῦτα,
2110 5462 2265 5531 φησὶ,
2294 5461 2500 5532 φυλῆς
2545 5462 2755 5530 ἐτέρας
2794 5461 3208 5532 μετέσχηκεν,
3245 5460 3347 5530 ἀφ’
3372 5455 3453 5531 ἧς

1861 5548 2062 5616 οὐδεὶς
2095 5547 2485 5618 προσέσχηκε
2532 5546 2615 5613 τῷ
2664 5545 3090 5616 θυσιαστηρίῳ.
3136 5543 3457 5614 Πρόδηλον

1920 5804 1951 5845 ιτ
1977 5804 2074 5867 Alii
2092 5802 2355 5867 προσῆλθεν
2371 5803 2555 5867 ἐκείνῳ.

1927 5870 1950 5899 ⁸
1979 5863 2077 5917 Alii
2100 5863 2473 5927 νενομοθέτηται.
