4142 6332
684 379 800 442 99.5

689 503 822 574 γὰρ,
846 501 935 556 ὅτι
975 499 1044 564 ἐξ
1081 499 1266 554 Ἰούδα
1291 498 1707 572 ἀνατέταλκεν
1751 504 1784 554 ὁ
1815 499 2030 568 Κύριος
2062 494 2266 568 ἡμῶν,

690 592 776 655 εις
807 585 888 656 ῆν
915 584 1125 655 φυλὴν
1152 585 1334 639 οὐδὲν
1365 585 1497 652 περὶ
1521 585 1852 652 ἱερωσύνης
1879 581 2101 649 Μωσῆς
2128 580 2266 635 ἐλά-

686 677 902 741 λησεν.
927 670 1093 722 Ὅταν
1118 663 1211 721 οὖν
1251 668 1506 738 φαίνηται
1544 669 1573 719 ὁ
1600 667 1833 739 Χριστὸς
1868 663 1926 731 ἐξ
1951 666 2164 733 ἐκείνης
2192 664 2267 719 ὢν

685 755 788 825 τῆς
814 752 1008 822 φυλῆς,
1035 751 1274 821 δηλονότι
1302 750 1402 820 τῆς
1440 749 1628 813 Ἰούδα,
1659 749 1755 804 καὶ
1797 751 1976 820 ἱερεὺς
2003 752 2142 802 κατὰ
2169 749 2268 817 τὴν

686 836 839 900 τάξιν
868 833 1238 904 Μελχισεδὲκ,
1255 835 1284 885 ό
1308 832 1364 884 δὲ
1390 832 1721 903 Μελχισεδὲκ
1745 832 1879 885 πολὺ
1900 832 1992 886 τοῦ
2017 830 2268 901 Ἀϐραὰμ

689 916 1014 988 σεμνότερος
1043 913 1139 970 ῶν·
1169 914 1505 984 πανταχόθεν
1554 915 2016 986 συνωμολόγηται,
2059 914 2140 966 ὅτι
2174 915 2268 966 καὶ

687 1004 849 1076 ἐτέρα
875 1002 992 1058 ἀνθ’
1023 1002 1214 1073 ἐτέρας
1246 1002 1523 1070 είσάγεται
1556 1001 1821 1074 ἱερωσύνη
1851 1002 1983 1056 πολὺ
2005 1003 2103 1073 τῆς
2127 1002 2264 1073 προ-

683 1092 850 1162 τέρας
880 1090 1206 1160 ὑψηλοτέρα.
1240 1090 1302 1143 El
1334 1089 1442 1159 γὰρ
1475 1091 1509 1142 ’ό
1555 1089 1725 1153 τύπος
1753 1086 2014 1154 τοιοῦτπ,
2046 1089 2140 1142 καὶ
2168 1089 2267 1159 τῆς

688 1177 989 1249 ἱερωσύνης
1040 1180 1140 1248 τῆς
1187 1176 1480 1246 Ἰουδαϊκῆς
1509 1176 1887 1247 λαμπρότερος
1936 1171 2038 1247 ἦν,
2086 1175 2264 1246 πολλῷ

685 1264 889 1336 μᾶλλον
928 1264 1065 1334 αύτὴ
1105 1267 1137 1334 ὴ
1185 1263 1442 1334 ἀλήθεια·
1497 1264 1635 1334 ὅπερ
1701 1260 1793 1316 οὖν
1817 1263 2264 1344 ,κατασκευάζων

684 1354 856 1422 ἐλεγε’
888 1355 1329 1421 Περισσότερον
1347 1350 1436 1405 ἑτι
1460 1351 1805 1417 κατάδηλόν
1829 1353 2095 1416 ἐστιννει
2113 1353 2265 1406 κατὰ

681 1441 801 1510 τὴν
821 1440 1141 1509 ὁμοιότητα
1169 1425 1546 1506 Μελχισεδὲκ
1582 1438 1895 1491 ἀνίσταται
1915 1438 2106 1506 ἱερεὺς
2143 1439 2266 1493 ἓτε-

677 1540 809 1593 ρος,
840 1522 909 1588 ὃς
940 1524 1011 1576 οὐ
1043 1520 1193 1574 κατὰ
1234 1523 1424 1590 νόμον
1471 1520 1727 1588 ἐντολῆς
1757 1518 2074 1589 σαρκικῆς,
2104 1522 2266 1576 ἀλλὰ

680 1607 835 1662 κατὰ
855 1607 1113 1676 δύναμιν
1138 1604 1287 1674 ζωῆς
1311 1606 1712 1660 ἀκαταλύτου.
1731 1606 1794 1658 Τί
1818 1607 1985 1673 ἐστιν,
2005 1610 2088 1660 Οὐ
2117 1609 2266 1661 κατὰ

679 1693 874 1760 νόμον
911 1688 1165 1755 ἐντολῆς
1218 1687 1542 1756 σαρκικῆς,
1595 1690 1757 1743 ἀλλὰ
1807 1689 1956 1742 κατὰ
2009 1690 2266 1759 δύναμιν

683 1772 835 1842 ζωῆς
876 1772 1292 1835 ἀκαταλύτου;
1323 1770 1444 1822 Ὅτι
1485 1769 1591 1823 τῶν
1618 1772 2053 1843 προσταγμάτων
2097 1773 2261 1827 αὐτοῦ

681 1855 835 1910 οὐδὲν
854 1851 922 1926 ἦν
946 1854 1224 1924 σαρκικόν.
1245 1853 1319 1905 Οὐ
1343 1852 1452 1924 γὰρ
1479 1853 1725 1922 πρόϐατα
1749 1854 1896 1907 θύειν
1920 1856 2013 1907 καὶ
2033 1857 2265 1926 μόσχους

682 1938 966 2004 ἐπέταξεν,
997 1936 1134 2002 ἀλλὰ
1161 1936 1248 1989 διά
1287 1937 1388 2005 τῆς
1418 1936 1559 1989 κατὰ
1596 1936 1773 2006 ψυχὴν
1797 1939 1998 2008 ἀρετῆς
2024 1940 2113 1991 τὸν
2134 1940 2264 1992 Θεὸν

682 2021 1028 2094 θεραπεύειν·
1056 2021 1149 2074 καὶ
1174 2019 1379 2072 τούτων
1408 2019 1474 2072 τὰ
1498 2018 1704 2072 ἔπαθλα
1722 2034 1746 2060 ει
1765 2020 1909 2091 ζωήν
1939 2024 2073 2092 ἡμῖν
2099 2022 2263 2093 έθηκε

678 2109 780 2178 τὴν
806 2106 1060 2159 οὐδέποτε
1092 2101 1530 2171 καταλυομένην.
1559 2103 1670 2154 Καὶ
1710 2103 1868 2156 πάλιν
1895 2105 2266 2174 νεκρωθέντας

679 2191 830 2262 ἡμᾶς
861 2188 966 2241 ὑπὸ
999 2186 1106 2241 τῶν
1149 2185 1430 2255 ἁμαρτιῶν
1467 2184 1646 2255 ἐλθὼν,
1668 2187 1952 2258 ἀνέστησε,
1980 2191 2073 2242 καὶ
2102 2190 2267 2254 ἐζωο-

682 2273 896 2343 ποίησε,
932 2271 1150 2324 διπλοῦν
1185 2269 1410 2322 θάνατον
1426 2267 1611 2331 λύσας,
1627 2271 1717 2323 τὸν
1733 2272 1831 2339 μὲν
1852 2274 1948 2342 τῆς
1971 2274 2262 2343 ἁμαρτίας,

679 2356 772 2410 τὸν
800 2357 858 2408 δὲ
887 2354 986 2426 τῆς
1021 2352 1242 2424 σαρκός.
1295 2352 1447 2403 Ἐπεὶ
1491 2346 1583 2404 οῦν
1611 2353 1836 2406 τοιαῦτα
1863 2355 2102 2424 κομίζων
2134 2359 2264 2426 ήμῖν

676 2430 841 2511 ἦλθεν
875 2436 1078 2505 ἀγαθὰ,
1108 2434 1198 2488 διὰ
1225 2433 1384 2486 τοῦτό
1406 2451 1569 2503 φησιν
1592 2451 1605 2464 ³
1649 2437 1730 2487 Οὺ
1759 2436 1908 2488 κατὰ
1945 2439 2135 2505 νόμον
2167 2441 2265 2492 ἐν·

679 2521 870 2589 τολῆς
899 2517 1230 2589 σαρκικῆς,
1263 2513 1426 2573 ἀλλὰ
1458 2519 1608 2571 κατὰ
1650 2518 1906 2589 δύναμιν
1940 2518 2089 2590 ζωῆς
2119 2521 2264 2576 ἀχα-

680 2605 962 2660 ταιύτου.

751 2737 813 2785 ε’.
846 2714 985 2799 ¹Ἤδη
1017 2727 1116 2798 μὲν
1135 2720 1226 2779 οῦν
1253 2728 1348 2799 καὶ
1369 2726 1528 2779 τοῦτο
1549 2727 1734 2779 λοιπὸν
1768 2728 2262 2791 συναποδέδεικται,

680 2816 764 2868 ὅτι
795 2815 894 2884 τῆς
923 2798 1227 2882 ἱερωσύνης
1262 2798 1650 2881 μετατεθείσης
1671 2852 1684 2874 ,
1721 2811 1813 2863 καὶ
1847 2812 2010 2880 νόμου
2043 2813 2268 2881 μετάθε-

685 2897 858 2962 ante
897 2894 1144 2964 ἀνάγκης
1189 2893 1334 2956 εἰκὸς
1365 2889 1432 2962 ἦν
1479 2894 1754 2961 γενέσθαι.
1805 2893 1943 2945 Ἀλλ’
1987 2895 2136 2963 ὅμως
2176 2896 2267 2947 καὶ

680 2979 840 3033 τοῦτο
861 2978 991 3032 αὐτὸ
1017 2977 1193 3047 ῥητῶς
1223 2975 1351 3045 ἐνῆν
1378 2975 1677 3041 ἀποδεῖξαι,
1701 2976 1795 3028 καὶ
1829 2979 1953 3038 τοὺς
1982 2978 2268 3047 προφήτας

682 3064 844 3117 πάλιν
876 3063 1218 3132 παραγαγεῖν
1260 3060 1538 3130 μάρτυρας
1567 3059 1844 3127 λέγοντας,
1889 3061 1969 3112 ὅτι
2005 3061 2098 3112 καὶ
2129 3062 2157 3112 ό
2183 3061 2270 3113 νό-

686 3165 787 3217 μος
836 3143 1264 3216 μετατεθήσεται
1283 3180 1298 3205 ,
1353 3142 1448 3225 καὶ
1477 3145 1529 3225 ήγ
1557 3141 1802 3225 πολιτεία
1815 3142 1947 3225 ίέπὶ¹
1968 3143 2029 3195 τὸ
2059 3143 2268 3225 βέλτιον

685 3225 1332 3299 μετασχηματι-σθήσεται
1368 3222 1419 3288 δ,
1451 3224 1544 3277 καὶ
1589 3225 1668 3277 ὅτι
1703 3223 1954 3293 βασιλεὺς
1982 3222 2154 3289 οὐδεὶς
2179 3228 2268 3279 ού-

676 3307 870 3367 εέποτε
900 3313 1082 3366 λοιπὸν
1103 3313 1468 3382 ἀναστήσεται
1505 3312 1771 3376 Ἰουδαῖος.

770 3461 985 3532 Ἐπειδὴ
1011 3461 1088 3513 ’δέ
1121 3459 1359 3513 τοσαῦτα
1396 3461 1501 3531 χρὴ
1535 3459 1712 3527 λέγειν
1751 3461 1851 3513 ὅσα
1887 3461 2108 3514 δυνατὸν
2139 3463 2269 3514 ὑπο-

681 3546 932 3616 δέχεσθαι
965 3543 1056 3595 τὸν
1090 3543 1386 3612 ἀκροατὴν,
1424 3543 1515 3594 κοιλ¹
1563 3542 1636 3612 μὴ
1688 3542 1863 3595 πάντα
1902 3544 1993 3613 ὑφ’
2023 3544 2100 3609 ἒν,
2133 3547 2267 3616 μηδέ

682 3628 917 3698 ἀθρόως,
941 3628 1018 3688 είς
1040 3623 1226 3694 ἕτερον
1248 3625 1430 3678 ἐκεῖνα
1452 3626 1878 3695 ταμιευσάμενοι
1903 3629 2112 3697 καιρὸν,
2131 3629 2269 3692 τέως

683 3707 916 3763 ἐνταῦθα
973 3706 1352 3777 καταλύσομεν
1401 3707 1490 3760 τὸν
1539 3706 1731 3775 λόγον,
1782 3709 2269 3778 παρακαλέσαντες

685 3791 839 3861 ὑμῶν
867 3791 964 3861 τὴν
1010 3791 1232 3861 ἀγάπην
1255 3832 1268 3854 ,
1304 3782 1615 3860 μεμνῆσθαῐ
1636 3785 1753 3843 ’τῶν
1783 3790 2121 3862 εἰρημένων,
2173 3794 2268 3847 καὶ

684 3878 795 3937 τοῖς
824 3873 1133 3943 ἔμπροσθεν
1165 3873 1403 3942 λεχθεῖσι
1432 3871 1606 3925 ταῦτα
1632 3873 1884 3942 συνάψαι·
1909 3877 2002 3943 και),
2026 3876 2054 3927 ὃ
2083 3877 2271 3947 πρότε-

688 3974 780 4028 ρον
809 3955 1093 4026 ἐδεόμεθα,
1117 3954 1276 4007 τοῦτο
1293 3955 1599 4025 δεησόμεθα
1621 3957 1714 4009 καὶ
1730 3955 1846 4019 νῦν,
1869 3960 1993 4021 τοὺς
2009 3959 2270 4028 ἀδελφοὺς

684 4037 1069 4095 ἀνασώσασθαι
1097 4038 1223 4098 τοὺς
1263 4037 1580 4112 ὑμετέρους,
1616 4038 1709 4090 καὶ
1746 4039 1948 4111 πολλὴν
1988 4041 2128 4112 ὑπὲρ
2161 4041 2268 4094 τῶν

685 4122 1048 4192 ᾓμελημένων
1095 4119 1270 4190 μελῶν
1317 4109 1970 4192 ποιήσασθατπρόνοιαν.
2017 4109 2117 4178 Διά
2163 4126 2269 4198 γὰρ

644 4203 842 4266 ,τοῦτο
891 4202 1131 4255 τοιοῦτον
1177 4204 1339 4272 ἡμεῖς
1385 4203 1760 4274 ἀναδεχόμεθα
1797 4205 1998 4271 πόνον,
2053 4207 2149 4277 οὐχ
2182 4209 2267 4260 ἵνα

686 4285 874 4348 ἁπλῶς
900 4286 1163 4354 εἴπωμεν,
1195 4284 1304 4337 οὐδ’
1342 4285 1428 4337 ἵνα
1479 4285 1688 4354 κρότων
1724 4287 1818 4340 καὶ
1866 4287 2108 4359 θορύϐων
2136 4292 2266 4343 ἀπο-

683 4367 1132 4437 λαύσωμεν,-ἁλλ’
1156 4367 1241 4420 ἵνα
1272 4367 1707 4438 ἐπαναγάγωμεν
1739 4371 1876 4441 πρὸς
1900 4371 1998 4442 τὴν
2021 4373 2120 4442 τῆς
2147 4375 2271 4445 ἀλη-

678 4453 838 4514 θείας
864 4452 980 4505 ὁδὸν
1015 4453 1142 4515 τοὺς
1188 4452 1620 4523 ἀπορραγέντας.
1667 4453 1778 4505 Καὶ
1802 4455 1892 4525 ⁸μή
1941 4473 2031 4525 μοι
2069 4457 2271 4525 λεγέτω

684 4553 788 4599 τις,
811 4536 900 4607 ὃτς
921 4534 1114 4588 Κοινὺν
1136 4535 1286 4588 οὐδὲν
1317 4534 1423 4605 ἔχω
1452 4536 1585 4606 πρὸς
1611 4539 1836 4600 ἐκεῖνον,
1855 4538 2064 4604 γένοιτό
2095 4558 2183 4609 μοι
2207 4541 2272 4594 τὰ

686 4619 926 4690 ἐμαυτοῦ
973 4613 1318 4690 κατορθῶσαι
1370 4620 1691 4689 πράγματα.
1735 4621 1923 4684 Οὐδεὶς
1970 4624 2030 4675 τὸ
2079 4623 2269 4676 ἐαυτοῦ

685 4689 1029 4771 κατορθῶσαι
1065 4689 1287 4754 δύναται
1325 4703 1495 4772 χωρὶς
1522 4703 1621 4773 τῆς
1653 4703 1746 4755 τοῦ
1787 4703 2012 4773 πλησίον
2054 4707 2272 4776 ἀγάπης

687 4786 782 4839 καὶ
817 4787 1110 4856 σωτηρίας.
1143 4785 1241 4838 Διά
1269 4785 1428 4838 τοῦτο
1457 4788 1552 4839 καὶ
1582 4789 1609 4839 ὁ
1639 4786 1846 4850 [Ιαῦλός
1877 4805 2028 4857 φησι,
2049 4791 2273 4858 Μηδεὶς

683 4869 751 4921 τὸ
780 4867 998 4921 ἑαυτοῦ
1029 4865 1284 4934 ζητείτω,
1313 4868 1472 4921 ἀλλὰ
1509 4869 1574 4921 τὸ
1603 4869 1709 4937 τοῦ
1737 4869 1941 4937 ἐτέρου
1971 4872 2230 4939 ἕκαστος
2255 4915 2268 4938 ,

684 4949 863 5024 εἰδὼς,
889 4952 970 5003 ὅτι
999 4949 1058 5001 τὸ
1086 4949 1275 5029 ἐα-υτοῦ
1302 4953 1357 5003 ἐν
1386 4951 1464 5021 τῷ
1501 4953 1593 5006 τοῦ
1625 4953 1845 5025 πλησίον
1867 4959 2042 5008 κεῖται
2067 4961 2273 5029 συμφέ-

690 5021 854 5121 ροντι.
901 5019 1307 5121 ’Υγιαίνεῖςρω
1334 5019 1504 5121 ἀλλῖό
1533 5019 1760 5105 ἁδελφός
1793 5055 1884 5090 σου
1919 5019 2152 5094 ἀσθενεῖί
2175 5019 2270 5094 ’Ἇν

665 5115 864 5181 κτοίνυν
888 5111 947 5168 εὖ
977 5112 1200 5186 φρονῇςζ
1221 5111 1356 5188 Ϊπερὶ
1375 5117 1470 5170 τοῦ
1495 5121 1792 5190 κάμνοντος
1820 5121 2080 5192 μειζόνως
2101 5125 2272 5195 ἀλγή-

687 5217 822 5262 σεις,
853 5199 946 5251 καὶ
972 5202 1184 5270 μιμήση
1217 5202 1312 5253 καὶ
1340 5202 1397 5253 ἐν
1429 5202 1602 5273 τούτῳ
1627 5203 1716 5258 τὸν
1744 5206 2010 5276 μακάριον
2040 5209 2266 5272 ἐκεῖνον,

685 5284 776 5336 τὸν
813 5283 1059 5350 λέγοντα·
1108 5283 1204 5348 Τίς
1245 5285 1523 5352 ἀσθενεῖ,
1573 5288 1669 5339 καὶ
1713 5291 1825 5342 οὐκ
1875 5289 2148 5355 ἀσθενῶ;
2180 5294 2270 5357 τίς

685 5363 1166 5429 σκανδαλίζεται,
1193 5367 1290 5420 καὶ
1314 5371 1428 5421 οὐκ
1450 5371 1565 5439 ἐγὼ
1590 5373 1888 5443 πυροῦμαι
1912 5393 1929 5438 ;
1957 5376 2017 5427 Εἰ
2043 5378 2152 5447 γὰρ
2178 5378 2270 5430 δύο

687 5452 1113 5516 καταϐάλλοντες
1135 5452 1287 5526 [672]
1323 5455 1561 5523 ὀϐολοὺς,
1590 5460 1684 5512 καὶ
1720 5460 2062 5525 δαπανῶντες
2091 5463 2269 5532 ὀλίγον

750 5658 994 5727 ἓᾼὶὶἱλκαὶ
1023 5662 1204 5727 τούτων
1230 5663 1290 5712 τὰ
1315 5664 1506 5714 ἔπαθλα.
1531 5666 1704 5716 Morel.
1746 5676 1798 5718 et
1821 5671 1967 5722 Savil.
2008 5676 2144 5727 ἆθλα.

747 5724 775 5762 b
803 5721 951 5838 ng'il.
976 5725 1190 5773 πολιτεία
1223 5729 1607 5791 μετενεχθήσεται
1633 5730 1708 5779 ἐπὶ
1731 5732 1786 5781 τὸ
1824 5721 2260 5805 βέλτιανήμετασχη.

747 5803 830 5835 ιτισ
863 5809 983 5838 εισα-

689 5803 983 5854 ματισυείισα.

1394 382 1451 437 s.
1491 381 1778 439 JOANNIS
1816 377 2306 437 cumsosmm
2346 379 2667 439 meum.
2707 357 3254 443 CORSTANIINOP.

3849 387 3965 451 926

2376 496 2637 571 ἀργύριον
2662 503 2742 565 είς
2779 503 3038 575 πένητας,
3075 505 3369 577 χαίρομενο
3420 506 3485 561 ἂν
3520 507 3698 578 ψυχὰς
3729 509 3907 563 σῶσαι
3942 521 3967 548 ⁸

2373 583 2710 664 δυνηθῶμεν,
2739 587 2912 657 πόσην
2944 588 3044 658 μὲν
3076 588 3482 660 καρπωσόμεθα
3522 593 3751 664 ήδονήνς
3786 594 3970 661 πόσης

2374 657 2430 718 δὲ
2459 668 2598 720 κατά
2634 669 2725 722 τὸν
2759 657 2954 724 αίῶναί
2977 670 3067 724 τόν
3123 657 3384 742 μέλλοντα
3437 657 3824 746 ἀπολαύσομεν
3867 657 3971 745 xii;

2373 750 2640 820 ἀμοιϐῆςς
2675 753 2786 805 Καὶ
2817 753 2927 825 γὰρ
2956 756 3050 808 καὶ
3077 754 3341 823 ἐνταῦθα,
3370 758 3560 821 ὁσάκις
3592 760 3658 813 ἂν
3688 755 3971 828 συντύχως⁹

2354 850 2495 902 -μεν,
2524 834 2723 906 πολλὴν
2761 834 3023 908 δεξόμεθα
3050 839 3149 909 τὴν
3192 839 3530 910 εὐφροσύνην
3573 843 3682 894 ἀπὸ
3710 840 3812 911 τῆς
3843 858 3969 894 (τυ-ις

2371 915 2595 986 τυχίας,
2638 919 2746 970 τῶν
2790 921 3230 991 κατορθωμάτων
3278 924 3825 995 ἀναμιμνησκόμενοι
3856 922 3966 976 τῶν

2373 1001 2493 1051 κατ’
2521 1001 2740 1072 αὐτοὺς,
2765 1004 2860 1054 καὶ
2893 1003 2989 1056 ἐπὶ
3011 1004 3103 1057 τοῦ
3131 1004 3374 1076 βήματος
3403 1007 3601 1069 αὐτοὺς
3627 1009 3748 1060 ἐκεῖ
3766 1007 3966 1061 θεασά-

2376 1098 2528 1150 μενοι
2562 1080 2656 1135 τοῦ
2681 1083 2937 1154 φοϐεροῦ,
2990 1087 3232 1157 μεγάλης
3284 1089 3582 1159 μεθέξομεν
3613 1090 3715 1160 τῆς
3743 1093 3965 1162 mpm-

2374 1165 2516 1229 σίας.
2544 1167 2653 1220 Καὶ
2688 1168 2940 1240 καθάπερ
2962 1171 3012 1222 οί
3041 1169 3352 1236 ἀδικοῦντες
3385 1173 3478 1225 καὶ
3507 1173 3967 1238 πλεονεκτοῦντες

2372 1252 2466 1302 καὶ
2495 1249 2851 1321 ἁρπάζοντες,
2889 1254 2982 1307 καὶ
3015 1253 3182 1324 μυρία
3231 1259 3340 1318 τοῖς
3369 1256 3594 1327 πλησίον
3630 1256 3965 1320 διατιθέντες

2373 1333 2553 1397 κακὰ,
2603 1334 2927 1398 ἀπελθόντες
2971 1336 3120 1403 ἐκεῖ,
3169 1338 3423 1401 καὶτοὺς
3465 1339 3640 1391 ταῦτα
3687 1339 3965 1402 παθόντας

2376 1416 2573 1479 ίδόντες
2608 1417 2849 1487 (δψονται
2871 1418 3001 1490 γὰρ,
3031 1421 3213 1488 φησὶν,
3240 1421 3437 1482 αὐτοὺς
3466 1422 3703 1484 πάντως.
3744 1423 3835 1474 καὶ
3867 1423 3965 1492 δῆ-

2371 1499 2462 1553 λον
2502 1502 2566 1553 ἐκ
2603 1501 2697 1553 τοῦ
2732 1501 2990 1554 πλουσίου
3033 1503 3127 1555 καὶ
3163 1501 3258 1555 τοῦ
3286 1503 3536 1574 Λαζάρου
3582 1505 3804 1574 τοῦτο),
3838 1506 3962 1558 οὐδὲ

2357 1582 2579 1647 ’ἀνοῖξαι
2611 1585 2784 1654 στόμα
2808 1585 3149 1656 δυνήσονται,
3182 1586 3302 1638 οὑδέ
3342 1588 3514 1639 είπεῖν
3543 1604 3593 1639 τι
3628 1588 3724 1640 καὶ
3763 1589 3964 1640 ἀπολο-

2372 1666 2665 1736 γήσασθαι,
2697 1666 2834 1719 ἀλλά
2874 1667 3136 1739 αἰσχύνης
3185 1669 3385 1740 πολλῆς
3427 1671 3839 1740 ἐμπλησθέντες
3870 1673 3966 1724 καὶ

2373 1748 2805 1816 καταγνώσεως,
2839 1749 2948 1802 ἀπὸ
2989 1751 3088 1821 τῆς
3119 1750 3294 1820 ὅψεως
3329 1753 3427 1821 τῆς
3461 1753 3684 1805 ἐκείνων
3719 1753 3814 1804 ἐπὶ
3836 1757 3964 1816 τοὺς

2373 1832 2652 1901 ποταμοῦς
2674 1833 3135 1904 ἀπενεχθήσονται
3161 1834 3254 1888 τοῦ
3278 1835 3464 1909 πυρός·
3493 1835 3663 1899 οὕτως
3685 1838 3737 1888 οἱ
3762 1836 3967 1900 ζῶντες

2374 1914 2469 1967 καὶ
2501 1915 2846 1978 διδάσκοντες
2875 1918 2971 1969 καὶ
3024 1916 3422 1987 κατηχοῦντες,
3465 1918 3662 1981 ἰδόντες
3699 1921 3830 1981 τοὺς
3873 1917 3966 1971 ὑπ’

2350 1996 2551 2050 ιαὺτῶν
2588 1997 2954 2063 διασωθέντας
2984 2000 3423 2071 συνηγοροῦντας
3455 2001 3639 2064 αὐτοῖς
3664 2003 3804 2061 ἐκεῖ,
3839 2000 3970 2053 πολ-

2372 2081 2468 2152 λῆς
2515 2081 2994 2156 ἐμπλησθήσονται
3040 2083 3141 2153 τῆς
3183 2085 3517 2156 παρρησίας.
3568 2085 3680 2137 Καὶ
3732 2085 3893 2137 τοῦτο
3935 2085 3968 2136 ὁ

2374 2164 2584 2228 Παῦλος
2604 2155 2780 2234 δηλῶν
2801 2166 2974 2234 ἔλεγε,
3011 2169 3309 2236 Καύχημα
3336 2167 3506 2234 ὑμῶν
3538 2168 3748 2235 ἐσμεν,
3783 2166 3970 2220 καθά-

2373 2260 2483 2315 περ
2509 2249 2608 2300 καὶ
2637 2248 2804 2316 ὑμεῖς
2834 2247 3022 2317 ἡμῶν.
3048 2249 3206 2315 Πότε,
3236 2250 3358 2302 εἰπέ
3383 2267 3396 2315 ;
3433 2251 3527 2302 Ἐν
3548 2249 3621 2316 τῇ
3640 2250 3834 2318 ἡμέρᾳ
3860 2249 3967 2300 τοῦ

2372 2331 2594 2396 Κυρίου
2619 2329 2790 2398 ἡμῶν
2815 2333 3009 2399 Ἰησοῦ
3038 2334 3319 2400 Χριστοῦ.
3352 2334 3461 2386 Καὶ
3489 2333 3652 2386 πάλιν
3673 2335 3701 2385 ό
3731 2331 3971 2400 Χριστὸς

2375 2415 2633 2482 παραινεῖ
2670 2412 2864 2480 λέγων,
2896 2414 3199 2483 Ποιήσατε
3227 2415 3370 2483 ὑμῖν
3396 2416 3614 2483 φίλους
3639 2416 3706 2468 ἐκ
3735 2415 3844 2467 τοῦ
3865 2431 3973 2482 μα-

2368 2493 2537 2563 μωνᾶ
2560 2494 2668 2563 τῆς
2696 2495 2955 2562 ἀδικίας,
2994 2498 3096 2549 ἵνα
3134 2497 3282 2550 ὅταν
3316 2498 3602 2566 ἐκλίπητε
3627 2537 3640 2560 ,
3678 2497 3974 2569 δέξωνται

2375 2576 2529 2646 ὑμᾶς
2563 2581 2651 2643 εὶς
2687 2580 2793 2643 τὰς
2829 2577 3109 2645 άίωνίους
3139 2579 3338 2634 αὐτῶν
3375 2579 3632 2647 σκηνάς.
3682 2582 3850 2651 Ὁρᾷς
3890 2582 3974 2634 ὅτι

2377 2659 2545 2733 πολλὴ
2573 2663 2858 2732 παρρησία
2887 2665 3019 2732 ήμῖν
3050 2664 3338 2733 γενήσεται
3376 2663 3441 2716 ἐκ
3476 2663 3584 2715 τῶν
3607 2663 3702 2714 νῦν
3737 2663 3972 2734 εὐεργε-

2373 2742 2649 2812 τουμένων
2673 2744 2800 2814 παρ’
2827 2745 3006 2813 ἡμῶν.
3042 2745 3105 2797 Εί
3129 2745 3206 2807 δὲ,
3237 2746 3369 2797 ὅπου
3397 2746 3697 2816 χρημάτων
3726 2745 3972 2817 δαπάνη,

2375 2825 2617 2878 τοσοῦτοι
2655 2828 2702 2878 οἱ
2741 2826 3015 2895 στέφανοι,
3045 2827 3301 2891 τοσοῦτος
3342 2830 3369 2880 ὁ
3412 2829 3619 2898 μισθὸς,
3650 2829 3895 2896 τοσαύτη
3937 2831 3972 2898 ή

2376 2909 2600 2980 ἀμοιϐή·
2622 2911 2753 2962 ὅπου
2769 2911 2948 2980 ψυχῆς
2963 2911 3220 2979 ὠφέλεια,
3241 2911 3359 2973 πῶς
3376 2913 3433 2964 οὑ
3455 2910 3624 2965 πόλλά
3641 2915 3736 2966 καὶ
3755 2912 3976 2981 μεγάλα

2375 2994 2506 3060 ἡμῖν
2527 2992 2678 3045 ἔσται
2709 2993 2776 3046 τὰ
2807 2995 3021 3062 ἀγαθάς
3049 2996 3112 3046 Et
3133 2994 3243 3065 γὰρ
3265 2998 3297 3064 ή
3321 2995 3531 3047 Ταϐιθὰ
3556 2996 3761 3064 ἐκείνη,
3789 2998 3978 3066 χήρας

2377 3073 2641 3126 ἐνδύσασα
2671 3075 2762 3128 καὶ
2800 3077 2990 3129 πενίαν
3019 3077 3361 3146 διορθώσασα
3385 3075 3442 3142 ἀ,
3463 3079 3573 3131 ἀπὸ
3603 3078 3836 3131 θανάτου
3869 3081 3980 3131 πά.-

2377 3158 2457 3210 λιν
2479 3160 2557 3220 εἰς
2579 3158 2727 3230 ζωὴν
2759 3159 3050 3228 ἐπανῆλθε,
3081 3160 3176 3212 καὶ
3202 3159 3272 3212 τὰ
3296 3161 3507 3231 δάκρυα
3535 3160 3644 3214 τῶν
3671 3161 3980 3230 εὐεργετη-

2377 3239 2577 3293 θέντων
2611 3239 2788 3311 ψυχὴν
2823 3241 3166 3296 ἀπελθοῦσαν
3193 3243 3544 3312 ἐπανήγαγεν
3574 3245 3653 3305 είς
3684 3243 3843 3312 σῶμα
3876 3242 3982 3299 πά.-

2375 3322 2478 3387 λιν,
2511 3320 2665 3374 οὔπω
2693 3325 2793 3394 τῆς
2823 3324 3171 3387 ἀναστάσεως
3206 3325 3488 3394 φανείσης,
3519 3326 3573 3376 τί
3603 3326 3703 3377 οὐκ
3733 3324 3981 3395 ἐργάσε-

2375 3421 2465 3458 ται
2491 3404 2600 3457 τῶν
2631 3406 2936 3475 ἀνθρώπων
2966 3406 3295 3460 ἐκείνων·τὰ
3342 3408 3577 3477 δάκρυα,
3605 3409 3720 3460 ὅσοι
3760 3407 3823 3460 ἀν
3867 3408 3980 3460 ὑπὸ

2379 3487 2472 3540 σοῦ
2511 3487 2881 3554 διασωθῶσιν;
2917 3490 3130 3560 Ὠσπερ
3173 3489 3282 3561 γὰρ
3315 3490 3520 3561 ταύτην
3561 3491 3889 3560 περιστᾶσαι
3918 3491 3978 3542 αἱ

2376 3571 2544 3640 χῆραι
2573 3570 2753 3634 ζῶσαν
2793 3572 2902 3624 ἀπὸ
2943 3575 3143 3642 νεκρᾶς
3173 3573 3580 3638 ἕδειξαν,,οῦτω
3627 3575 3724 3649 καί
3764 3573 3820 3623 σὲ
3848 3573 3978 3626 τότε

2379 3654 2733 3723 περιστάντες
2777 3657 2824 3706 οἱ
2856 3654 3215 3719 διασωθέντες
3255 3656 3387 3720 νῦν,
3427 3659 3713 3727 ποιήσουσι
3766 3657 3978 3726 πολλῆς

2377 3737 2679 3789 ἀπολαῦσαι
2708 3736 3141 3806 φιλανθρωπίας,
3173 3736 3269 3791 καὶ
3297 3738 3390 3791 τοῦ
3423 3740 3523 3808 τῆς
3551 3728 3778 3807 γεέννης
3799 3739 3977 3810 7mm;

2378 3820 2767 3892 ἐξαρπάσουσι.
2794 3820 2958 3873 Ταῦτ’
2976 3817 3069 3875 οὖν
3100 3821 3320 3886 εἰδότες,
3344 3823 3415 3893 μὴ
3443 3822 3603 3892 μέχρι
3632 3823 3733 3891 τῆς
3761 3823 3977 3893 παρού-

2380 3919 2480 3972 σης
2505 3903 2653 3974 ῶρας
2679 3902 2871 3975 θερμοὶ
2895 3904 2989 3956 καὶ
3011 3905 3422 3977 διεγηγερμένοι
3443 3904 3590 3975 ὦμεν
3617 3906 3799 3974 μόνον,
3832 3906 3975 3959 ἀλλά

2378 3988 2438 4040 τὸ
2459 3986 2591 4056 πῦρ,
2617 3988 2752 4057 ὅπερ
2777 3987 2928 4056 ἐχετε
2954 3987 3070 4052 νῦν,
3101 3978 3366 4057 ἀνάψατεο
3387 3989 3482 4041 καὶ
3511 3988 3821 4054 ἐξελθόντες
3841 3989 3972 4056 ἔξω,

2377 4069 2726 4139 διανείμασθε
2759 4069 2858 4139 τὴν
2886 4070 3161 4141 σωτηρίαν
3189 4072 3289 4141 τῆς
3321 4069 3549 4135 πόλεως,
3580 4073 3683 4125 κᾶν
3714 4071 3972 4142 ἀγνοῆτε,

2379 4152 2818 4223 περιεργάσασθε
2847 4154 2976 4216 τοῦς
3007 4153 3076 4206 τά
3097 4154 3320 4207 τοιαῦτα
3347 4155 3661 4217 νοσοῦντας.
3685 4155 3840 4208 Οὕτω
3863 4155 3974 4226 γὰρ

2381 4236 2475 4288 καὶ
2507 4237 2671 4306 ἡμεῖς
2705 4237 2838 4304 ὑμῖν
2888 4237 3298 4309 προθυμότερον
3327 4237 3706 4310 διαλεξόμεθα,
3742 4239 3831 4292 διὰ
3863 4239 3974 4292 τῶν

2380 4317 2556 4389 ἔργων
2576 4317 2766 4371 αὐτῶν
2788 4318 3052 4388 μαθόντες
3073 4321 3227 4393 “ﬁt:
3250 4322 3348 4374 οὐκ
3369 4324 3448 4385 είς
3476 4322 3682 4393 πέτραν
3709 4323 3973 4393 ἐσπείρα-

2383 4418 2504 4473 μεν,
2532 4402 2625 4452 καὶ
2650 4401 2808 4471 ὑμεῖς
2832 4401 2988 4453 αὐτοὶ¹
3012 4391 3415 4475 προθυμότεροι
3440 4405 3570 4475 περὶ
3586 4391 3695 4475 τὴν
3717 4405 3820 4475 τῆς
3845 4391 3973 4476 ἀρο-

2379 4483 2477 4553 τῆς
2511 4483 2774 4554 ἐργασίαν
2801 4485 3012 4539 ἔσεσθε.
3042 4487 3312 4558 Καθάπερ
3332 4488 3441 4559 γὰρ
3471 4489 3566 4542 ἐπὶ
3595 4488 3706 4543 τῶν
3740 4489 3973 4560 χρημά-

2378 4582 2486 4618 των
2507 4568 2536 4619 ὁ
2562 4566 2654 4618 δύο
2669 4568 2938 4647 κερδάνας
2965 4571 3277 4640 χρυσίνους,
3298 4571 3520 4625 πλείονα
3545 4572 3818 4643 λαμϐάνει
3843 4589 3971 4643 προ-

2382 4650 2603 4721 θυμίαν,
2646 4641 2782 4722 πρὸς
2818 4653 2879 4704 τὸ
2917 4641 3015 4706 καὶ
3060 4654 3194 4707 δέκα
3243 4656 3336 4708 καὶ
3380 4655 3552 4709 εἴκοσι
3593 4641 3846 4719 συλλέξαι
3880 4641 3972 4709 καὶ

2384 4737 2715 4802 συναγαγεῖν
2743 4751 2754 4764 ·
2792 4736 2937 4788 οὕτω
2980 4737 3075 4790 καὶ
3127 4737 3222 4790 ἐπὶ
3272 4740 3370 4808 τῆς
3411 4741 3614 4810 ἀρετῆς
3669 4739 3903 4808 γίνεται,
3945 4741 3973 4793 ό

2381 4819 2613 4888 ποιήσας
2640 4836 2689 4870 τι
2727 4820 2893 4873 καλὸν
2927 4820 3090 4892 ἔργον
3120 4824 3217 4875 καὶ
3255 4823 3630 4895 κατορθώσας,
3673 4826 3768 4879 ἀπ’
3803 4828 3971 4895 αὐτῆς

2379 4900 2474 4953 τοῦ
2519 4903 2952 4973 κατορθώματος
3000 4906 3103 4976 τῆς
3148 4908 3414 4978 ἐργασίας
3459 4908 3584 4961 τινὰ
3624 4908 3971 4979 παράκλησιν

2379 4983 2648 5053 λαμϐάνει
2674 4985 2768 5038 καὶ
2792 4986 3141 5057 παραίνεσιν,
3172 4989 3313 5042 ὥστε
3351 4992 3446 5043 καὶ
3475 4991 3681 5062 ἐτέρων
3707 4991 3968 5061 ἅψασθαι.

2381 5065 2477 5118 Ἰν’
2513 5061 2604 5121 οῦν
2639 5068 2733 5121 καὶ⁵
2763 5070 2892 5132 τοὺς
2913 5071 3180 5139 ἀδελφοὺς
3214 5061 3599 5143 διασώσωμεν,
3640 5075 3735 5126 καὶ
3763 5067 3972 5138 ἑαυτοῖς

2381 5150 2712 5220 συγγνώμην
2750 5153 2842 5203 ἐπὶ
2879 5155 2992 5216 τοῖς
3023 5155 3463 5226 ἡμαρτημένοις,
3500 5155 3706 5227 μᾶλλον
3733 5158 3793 5212 δὲ
3833 5160 3970 5230 παῤ-

2382 5233 2575 5303 ρησίαν
2615 5235 2818 5306 πολλὴν
2859 5237 3327 5309 προαποθώμεθα,
3365 5242 3462 5294 καὶ⁹
3497 5241 3606 5312 πρὸ
3648 5241 3759 5294 τῶν
3800 5243 3970 5298 ἄλλων

2380 5314 2635 5368 ἁπάντων
2659 5317 2720 5369 τὺ
2763 5318 2912 5390 [675]
2941 5319 3113 5391 ὃνομα
3143 5321 3240 5374 τοῦ
3275 5322 3409 5375 Θεοῦ
3447 5323 3772 5389 δοξάζεσθαι
3797 5343 3972 5396 παρα-

2379 5395 2757 5465 σκευάσωμεν,
2795 5399 2934 5467 μετὰ
2962 5397 3242 5467 γυναικῶν
3282 5402 3387 5455 καὶ·
3419 5402 3651 5456 παιδίων
3691 5408 3788 5456 καὶ
3834 5395 3972 5457 οἰκε-

2377 5475 2487 5529 τῶν
2518 5478 2608 5528 ἐπὶ
2641 5478 2738 5548 τὴν
2771 5479 2952 5551 ἄγραν
2990 5483 3198 5554 ταύτην
3229 5487 3323 5537 καὶ
3363 5487 3462 5556 τὴν
3498 5486 3676 5556 θήραν
3720 5483 3967 5550 ἐξελθόν-

2377 5576 2489 5625 τες,
2524 5562 2890 5633 ὲκσπάσωμεν
2930 5566 2993 5617 ἐκ
3031 5567 3130 5637 τῆς
3159 5567 3254 5620 τοῦ
3283 5569 3532 5623 διαϐόλου
3568 5568 3804 5637 παγίδος
3853 5569 3973 5628 τοὺς

2442 5681 2464 5707 "
2490 5680 2585 5729 Alii
2611 5685 2867 5734 διασῶσαι.

2438 5737 2467 5778 ἃ
2487 5742 2688 5814 ξςριριη
2712 5760 2821 5814 m_ss.
2847 5749 3218 5814 διορθωσαμένη.

2441 5815 2460 5833 ⁸
2485 5801 2632 5852 Iidém
2655 5801 2974 5870 μανθανοντές.
