4142 6332
205 443 314 498 9:23

182 575 250 616 ex
272 576 375 632 qua
401 557 571 615 nullus
596 559 805 614 uacabat
830 557 1004 612 altari.
1037 555 1373 632 llanifestum
1399 565 1473 609 est
1497 557 1628 610 enim
1653 556 1791 626 quod

184 665 252 703 ea:
277 630 418 704 .luda
443 660 650 704 exortus
679 657 750 703 est
776 635 1029 704 Dominus
1063 630 1236 726 uoster
1259 687 1273 712 ,
1313 647 1366 700 in
1408 663 1560 716 quam
1608 646 1793 700 tribum

189 739 322 795 nihil
336 742 399 798 de
421 726 703 796 sacerdotio
727 741 895 798 Moses
916 741 1153 813 loquutus
1172 749 1244 794 est
1265 737 1452 810 (Hebr.
1480 739 1533 792 7.
1559 739 1646 792 l5.
1676 736 1789 810 ll).

187 829 322 886 Cum
354 834 510 904 igitur
536 833 743 888 clarum
769 832 1137 888 sitChristum
1162 846 1227 886 ex
1256 829 1343 884 illa
1368 844 1488 884 esse
1517 829 1679 894 tribu,
1707 829 1791 883 ni-

187 925 387 979 mirum
443 940 510 978 ex
536 923 668 980 Juda
691 966 706 990 ,
738 910 816 978 et‘
841 922 1176 979 sacerdotem
1222 921 1519 977 secundum
1549 920 1792 976 ordinem

191 1015 549 1090 Melchisedec
570 1058 583 1080 ,
619 1031 777 1086 porro
802 1013 1162 1090 Melehisedec
1191 1028 1312 1069 esse
1340 1014 1509 1067 mu'to
1557 1012 1793 1066 honora-

186 1105 437 1161 biliorem
485 1107 832 1182 Abrahamo:
861 1089 1111 1162 nimirum
1159 1115 1213 1162 et
1257 1105 1390 1160 illud
1439 1104 1794 1174 undequaque

186 1206 398 1254 constat
424 1198 568 1269 quod
592 1199 751 1253 etiam
778 1199 926 1254 aliud
969 1213 1067 1268 pro
1094 1197 1202 1252 alio
1248 1184 1518 1251 inducitur
1543 1195 1797 1250 sacerdo-

192 1289 325 1343 tium
353 1290 524 1344 multo
553 1304 640 1354 eo,
689 1289 833 1359 quod
861 1290 1009 1359 prius
1037 1288 1232 1354 fuerat,
1260 1289 1563 1343 sublimius.
1585 1287 1719 1340 Nam
1747 1286 1792 1340 si

185 1391 348 1452 typus
383 1381 502 1436 talis
527 1381 687 1436 ctiam
711 1381 930 1437 Judaieo
957 1381 1259 1436 sacerdotio
1287 1379 1619 1450 splendidior
1642 1386 1760 1434 erat
1777 1421 1792 1446 ,

185 1474 360 1528 multo
389 1471 563 1544 magis
591 1474 705 1543 ipsa
737 1475 931 1529 veritas
955 1515 971 1541 ,
1005 1473 1148 1544 quod
1194 1481 1427 1528 tractans
1453 1472 1593 1527 idem
1620 1471 1792 1526 dixit:

189 1563 430 1628 Amplius
460 1565 628 1618 adhuc
653 1566 978 1634 manifestum
999 1574 1068 1619 est
1087 1607 1101 1630 ,
1133 1567 1177 1619 si
1203 1564 1479 1619 secundum
1504 1563 1799 1620 similitudi-

195 1670 313 1707 nem
364 1653 703 1709 Melcltisedec
746 1655 975 1709 exoritur
1015 1656 1146 1708 alius
1190 1656 1424 1708 sacerdos
1452 1655 1538 1724 qui
1582 1671 1685 1708 non
1733 1653 1799 1706 sit

181 1743 339 1816 juxta
366 1747 524 1816 legem
555 1746 793 1816 prwcepti
830 1745 1052 1812 carnalis
1072 1788 1088 1812 ,
1116 1747 1206 1798 sed
1245 1747 1404 1815 juxta
1429 1746 1660 1798 virtutem
1686 1745 1800 1798 vitae

184 1839 553 1894 indissolubilis
599 1837 770 1912 (Ibid.
805 1855 851 1892 υ.
900 1840 987 1894 15.
1031 1837 1161 1911 16).
1193 1838 1330 1904 Quid
1360 1848 1480 1906 est,
1522 1855 1624 1892 non
1645 1840 1800 1909 juxta

185 1930 349 2000 legem
381 1931 619 2000 prtecepli
659 1931 881 1984 carnalis
900 1971 914 1995 ,
944 1929 1033 1984 sed
1052 1931 1206 1999 juata
1234 1931 1463 1983 virtutem
1500 1930 1616 1984 vitae
1639 1929 1802 1982 indis-

197 2022 653 2090 solubilis?Quod
685 2022 888 2077 milium
937 2023 1078 2077 illius
1127 2032 1456 2093 prmceptum
1508 2031 1656 2077 esset
1680 2037 1799 2077 car—
1845 2041 1848 2045 ·

188 2113 332 2168 nale.
364 2113 482 2168 Non
529 2114 671 2168 enim
703 2129 831 2169 oves
876 2121 1114 2192 mactare
1159 2128 1334 2182 neque
1379 2114 1571 2168 vitulos
1595 2115 1753 2183 jusSit
1780 2130 1796 2179 ;
1827 2117 1830 2120 ’

186 2204 285 2260 scd
313 2220 410 2274 per
438 2206 685 2260 virtutem
710 2205 875 2260 animi
903 2206 1069 2259 Deum
1096 2205 1275 2261 colere
1299 2222 1310 2257 :
1342 2217 1395 2260 et
1425 2204 1619 2259 horum
1664 2222 1800 2274 prte-

187 2296 298 2350 mia
325 2297 486 2351 vitam
518 2297 672 2352 nobis
701 2297 1034 2367 designavit,
1076 2313 1196 2366 qua:
1224 2313 1512 2369 numquam
1557 2313 1799 2353 corrum-

190 2398 371 2457 petur.
401 2392 477 2444 Ac
520 2405 732 2445 rursum
779 2399 1019 2445 mortuos
1059 2405 1158 2445 nos
1187 2391 1289 2445 sub
1319 2393 1549 2460 peccatis
1580 2394 1800 2448 veniens

190 2481 494 2546 suscitavit,
523 2481 794 2536 destructa
822 2482 1020 2559 duplici
1046 2490 1238 2546 morte,
1271 2482 1436 2537 altera
1462 2484 1684 2551 peccati,
1716 2486 1798 2538 al-

191 2582 309 2628 tera
355 2575 550 2629 carnis.
579 2573 841 2642 Quoniam
872 2575 1034 2644 igitur
1060 2576 1182 2629 talia
1213 2576 1367 2630 nobis
1394 2577 1534 2630 bona
1565 2576 1798 2631 atterens

188 2665 361 2730 venit,
393 2665 512 2720 ideo
551 2665 713 2719 dicit:
758 2664 881 2719 Non
897 2667 1051 2737 juxta
1087 2665 1246 2734 legem
1285 2667 1509 2721 carnalis
1532 2669 1795 2736 praecepti,

189 2758 284 2811 sed
299 2759 455 2827 juxta
483 2758 712 2811 virtutem
751 2758 867 2810 vita:
895 2757 1283 2812 indissolubilis.

232 2870 234 2873 ·
264 2854 321 2907 6.
350 2851 468 2906 Jam
496 2851 735 2921 igituret
762 2852 894 2906 illud
921 2851 1065 2922 quod
1109 2852 1352 2907 restabat
1381 2852 1542 2906 simul
1573 2851 1798 2906 demon-

191 2952 422 2997 stratum
468 2955 576 3006 est,
635 2943 896 2998 translato
944 2942 1314 3008 sacerdotio,
1384 2943 1518 3012 legis
1585 2957 1800 3012 quoque

194 3033 605 3088 translationem
637 3034 750 3088 ﬁeri
779 3049 873 3103 par
899 3048 1042 3089 esse.
1094 3036 1345 3088 Attamen
1395 3042 1450 3088 et
1491 3036 1594 3089 hoc
1624 3036 1798 3104 ipsum

193 3143 460 3196 expresse
507 3127 701 3182 licebat
748 3126 1160 3196 demonstrare,
1192 3129 1590 3199 prophetasque
1633 3138 1799 3184 testes

194 3237 386 3278 rursus
415 3223 680 3278 adducere
703 3222 943 3278 dicentes
968 3264 985 3290 ,
1005 3222 1176 3292 legem
1197 3237 1319 3277 esse
1342 3222 1795 3288 trai‘islerendam,

188 3326 251 3372 et
279 3315 591 3387 reipublicae
641 3324 837 3370 statum
866 3316 920 3370 in
947 3315 1140 3370 melius
1188 3313 1658 3369 transmutandum
1681 3355 1696 3381 ,
1747 3323 1802 3369 et

197 3424 472 3477 nunquam
498 3424 678 3478 regem
707 3407 939 3478 aliquem
965 3406 1212 3462 Judaeum
1236 3407 1596 3462 exoriturum.

274 3492 492 3546 Moralis
520 3491 804 3545 exhortatio
849 3491 917 3551 ad
955 3492 1316 3544 correctionem
1350 3489 1799 3560 fratrum—Ve-

201 3601 320 3639 rum
350 3585 603 3653 quoniam
647 3591 850 3636 tantum
891 3590 977 3637 est
1019 3580 1332 3647 dicendum,
1363 3589 1620 3650 quantum
1650 3581 1802 3636 audi-

201 3686 290 3727 tor
309 3674 478 3743 possit
503 3688 715 3742 capere,
748 3688 849 3728 nec
877 3672 1057 3728 omnia
1087 3671 1249 3743 simul
1276 3713 1290 3737 ,
1325 3686 1424 3726 nec
1461 3672 1756 3725 acervatim
1785 3689 1797 3725 :

202 3764 310 3818 illis
342 3765 392 3817 in
427 3765 570 3817 aliud
605 3773 816 3833 tempus
851 3764 1141 3819 reservatis
1168 3805 1182 3828 ,
1225 3763 1313 3817 hic
1342 3777 1647 3818 sermonem
1678 3761 1802 3817 lini-

201 3868 390 3920 cmus,
420 3853 765 3908 exhortantes
801 3862 1038 3908 vestram
1079 3853 1379 3914 caritatem,
1409 3861 1466 3907 ut
1495 3853 1804 3909 memineri-

204 3943 275 3997 tis
303 3958 486 3997 eorum
510 3959 627 4013 qua:
655 3943 796 3998 dicta
819 3951 971 4007 sunt,
1003 3950 1058 3998 et
1085 3943 1200 3997 haec
1223 3944 1330 3997 illis
1349 3959 1470 4012 qua:
1492 3944 1641 4013 prius
1661 3945 1804 4000 dicta

202 4042 334 4089 sum
359 4035 656 4088 annectatis
681 4074 694 4099 ,
721 4033 972 4103 quodque
994 4035 1142 4103 prius
1168 4034 1474 4103 rogavimus
1500 4077 1514 4103 ,
1547 4035 1693 4090 idem
1743 4044 1800 4092 et

203 4140 351 4180 nunc
377 4140 625 4195 rogamus
649 4166 662 4188 ,
693 4135 750 4180 ut
776 4123 972 4201 fratres
1001 4135 1212 4180 vestros
1251 4125 1521 4181 reducatis
1556 4128 1626 4183 ad
1656 4128 1807 4184 salu-

207 4226 316 4271 tem
341 4259 355 4283 ,
385 4225 440 4272 et
465 4219 686 4274 multam
712 4217 1128 4273 sollicitudinem
1159 4217 1400 4274 habeatis
1426 4227 1523 4291 pro
1549 4222 1806 4277 membris

207 4309 489 4378 neglectis.
520 4309 744 4380 Propter
765 4310 867 4364 hoc
891 4309 1037 4364 enim
1065 4323 1165 4364 nos
1193 4316 1398 4366 tantum
1423 4309 1666 4366 laborum
1689 4327 1809 4375 sese

208 4404 463 4471 cipimus,
499 4417 604 4456 non
650 4409 706 4455 ut
753 4401 955 4455 frustra
998 4401 1300 4471 loquamur,
1345 4414 1516 4470 neque
1553 4410 1611 4460 ut
1652 4405 1807 4475 plau-

210 4509 336 4548 sum
365 4485 757 4564 strepitumque
783 4494 1101 4562 referamus,
1127 4493 1223 4554 sed
1251 4502 1309 4548 ut
1335 4495 1643 4555 avulsosad
1669 4497 1814 4550 viam

212 4584 459 4638 veritatis
488 4584 824 4639 reducamus.
858 4583 936 4638 Ac
959 4600 1026 4638 ne
1057 4583 1180 4654 quis
1212 4584 1345 4638 mihi
1368 4569 1815 4649 dicat,nihil'mi-

215 4675 273 4728 hi
324 4688 444 4728 cum
473 4688 539 4729 eo
565 4684 648 4730 est
695 4677 915 4746 negotii,
949 4675 1153 4729 utinam
1203 4675 1480 4743 contingat
1521 4676 1654 4730 mihi
1695 4693 1816 4733 mea

159 4789 163 4792 ·
214 4765 388 4834 ipsius
418 4766 629 4837 negotia
662 4777 810 4822 recte
835 4768 1054 4838 gerere!
1084 4766 1433 4848 Nemo‘suum
1463 4769 1628 4837 ipsius
1656 4785 1818 4841 nego-

217 4858 354 4912 tium
383 4868 530 4914 reete
561 4875 750 4930 gerere
778 4844 974 4929 potest,
1003 4860 1246 4928 neglecta
1269 4844 1277 4848 ⁷
1297 4860 1522 4926 proximi
1564 4860 1819 4916 dilectio—

217 4964 292 5005 ne
332 4956 390 5005 et
427 4951 638 5006 salute:
665 4951 784 5006 ideo
809 4961 861 5006 et
904 4951 1101 5006 Paulus
1149 4950 1264 5005 ait:
1295 4950 1460 5005 Nemo
1489 4951 1626 5016 quod
1661 4969 1816 5006 suum

217 5052 296 5097 est
318 5054 534 5110 quierat,
559 5045 648 5097 sed
676 5043 1067 5114 quisque-quod
1114 5037 1414 5106 alterius(l.
1440 5037 1564 5097 Cor.
1584 5042 1671 5099 10.
1700 5045 1817 5116 24),

220 5137 428 5199 sciens,
450 5135 592 5205 quod
619 5149 717 5190 sua
736 5133 995 5203 cujusque
1015 5134 1218 5189 utilitas
1244 5134 1296 5187 in
1325 5133 1560 5202 proximi
1587 5135 1818 5192 utilitate

220 5227 328 5282 sita
356 5225 462 5289 est.
495 5226 670 5281 Sanus
699 5207 757 5279 e's
786 5235 862 5291 tu,
883 5225 978 5280 sed
1007 5224 1174 5281 frater
1205 5234 1326 5279 tuus
1370 5224 1692 5282 infirmatur.
1720 5227 1821 5282 lta—

221 5330 329 5387 que
352 5316 398 5371 si
426 5329 553 5371 vere
583 5314 843 5370 sollicitus
871 5315 1036 5370 fueris
1062 5330 1157 5384 pro
1187 5325 1500 5384 regretante,
1525 5319 1694 5387 magis
1727 5317 1824 5373 do-

221 5406 396 5480 lebis,
423 5413 479 5461 et
508 5405 806 5461 imitaberis
833 5407 885 5460 in
915 5406 1016 5460 hoc
1059 5422 1270 5476 quoque
1299 5407 1513 5461 beatum
1545 5407 1698 5462 illum
1730 5410 1824 5478 qui

222 5499 354 5555 dicit
384 5517 395 5552 :
420 5501 533 5567 quis
556 5500 868 5567 inﬁrmatur,
891 5510 940 5553 et
978 5516 1070 5570 ego
1101 5517 1203 5553 non
1235 5502 1510 5568 inﬁrmor?
1537 5503 1649 5570 quis
1677 5520 1825 5557 scan-

225 5594 506 5661 dalizatur,
534 5601 582 5646 et
631 5609 722 5664 ego
771 5609 873 5646 non
919 5609 1042 5647 uror
1067 5592 1147 5664 (2.
1177 5592 1297 5647 Cor.
1336 5593 1424 5648 ll.
1450 5595 1581 5666 29)?
1609 5597 1822 5650 Etenim

214 5685 270 5740 si
300 5699 428 5738 eum
456 5683 596 5738 duos
624 5683 811 5739 obolos
853 5683 1180 5748 dederimus,
1225 5685 1550 5754 paulumque
1583 5689 1822 5755 pecuniae

218 5775 680 5842 insumpserimus
709 5776 760 5828 in
788 5791 1071 5845 pauperes,
1099 5777 1428 5845 gaudemus:
1456 5779 1500 5832 si
1525 5781 1823 5848 poterimus

219 5864 435 5925 animas
465 5882 704 5932 servare.
728 5879 926 5934 quanto
973 5869 1232 5938 majorem
1265 5869 1552 5940 voluptatis
1582 5871 1816 5928 frui-tun

1425 423 1791 500 sovnnsos
1826 439 2134 500 supinos.
2178 432 2288 499 vu‘.

3376 446 3482 507 920'

1901 556 2210 626 capiemus?
2234 563 2486 627 quantam
2525 563 2706 611 autem
2742 557 2798 625 in
2826 541 3026 611 futuro.
3046 554 3244 612 swculo
3271 552 3500 625 recipie—

1897 661 2020 701 mus
2049 646 2400 701 mercedem?
2445 646 2579 701 Nam
2621 645 2707 702 hic
2735 661 2949 717 quoque
2992 647 3204 717 quoties
3231 646 3487 700 conveni-

1898 753 2058 806 mus,
2093 739 2315 795 multam
2355 725 2631 809 capiemus
2679 739 3001 809 voluptatem
3049 754 3118 794 ex
3159 749 3490 807 cengressu,

1899 831 2308 886 reminiscentes
2332 829 2628 886 ofﬁciorum
2655 872 2669 896 ,
2699 846 2817 900 qua:
2847 830 2953 884 illis
2984 830 3348 899 prmstitimus.
3382 829 3492 882 De-

1896 921 2024 977 ‘nde
2053 937 2175 977 cum
2204 922 2324 978 illos
2361 923 2802 993 conspexerimus
2834 921 2900 975 ad
2944 921 3173 975 tribunal
3205 918 3336 973 illud
3374 934 3493 973 me-

1899 1013 2154 1068 tuendum
2179 1053 2195 1079 ,
2224 1014 2403 1068 multa:
2425 1004 2633 1068 ﬁducia:
2662 1013 2943 1082 participes
2964 1013 3186 1067 erimus.
3217 1011 3283 1064 Et
3306 1025 3495 1080 quem-

1899 1105 2187 1160 admodum
2219 1107 2307 1176 qui
2335 1106 2524 1175 injuria
2554 1104 2796 1160 al‘liciunt
2817 1146 2833 1172 ,
2865 1103 2956 1174 qui
2999 1111 3255 1171 usurpant
3281 1101 3454 1171 aliena
3476 1139 3490 1162 ,

1900 1200 1992 1269 qui
2021 1189 2381 1269 rapiunt,‘qui
2430 1199 2568 1252 mala
2611 1198 2892 1252 innumera
2927 1194 3186 1266 proximis
3230 1193 3494 1250 inferunt.

1901 1304 2023 1344 cum
2055 1291 2181 1345 illuc
2208 1291 2454 1345 venerint
2500 1302 2703 1359 eosque
2752 1288 3021 1352 viderint,
3066 1285 3158 1356 qui
3190 1283 3304 1337 haec
3351 1280 3492 1351 passi

1899 1390 2028 1436 sunt
2050 1381 2328 1453 (videbunt
2354 1381 2498 1436 enim
2537 1380 2680 1435 haud
2725 1380 2888 1435 dubie
2911 1420 2926 1446 ,
2959 1387 3015 1433 ut
3041 1376 3382 1448 perspicuum
3413 1384 3500 1428 est

1902 1481 1956 1528 et
1981 1487 2049 1528 ex
2075 1473 2236 1527 divite
2265 1473 2357 1526 illo
2384 1480 2439 1527 et
2461 1471 2698 1541 Lazaro)
2720 1511 2735 1537 ,
2779 1484 2954 1540 neque
2995 1484 3056 1524 os
3099 1466 3311 1536 aperire
3340 1474 3494 1534 pote-

1903 1575 2066 1630 runt,
2095 1581 2268 1636 neque
2295 1565 2602 1632 habebunt,
2632 1565 2775 1635 quod
2803 1564 3018 1630 dicant,
3068 1568 3160 1616 aut
3203 1567 3494 1624 excusent,

1908 1659 2003 1714 sed
2027 1659 2197 1714 multo
2227 1659 2431 1728 pudore
2461 1674 2759 1729 magnaque
2788 1655 3234 1711 condemnatione
3264 1650 3452 1720 repleti
3481 1690 3497 1716 ,

1904 1763 1970 1803 ex
1999 1749 2209 1803 illorum
2239 1757 2458 1818 aspectu
2483 1749 2549 1802 ad
2576 1749 2729 1818 ignea
2771 1745 2992 1801 ﬂumina
3022 1744 3374 1799 adducentur.
3404 1739 3497 1795 lti-

1904 1837 2026 1895 dem
2051 1842 2140 1910 qui
2185 1840 2414 1944 salutejn
2467 1840 2694 1894 aliorum
2746 1847 2970 1904 curant,
3017 1837 3106 1906 qui
3127 1835 3360 1937 docent,
3413 1831 3498 1900 qui

1904 1931 2203 1999 instituunt,
2230 1931 2316 1987 ubi
2345 1920 2574 1986 viderint
2599 1946 2691 1986 eos
2715 1946 2849 2001 quos
2878 1935 3248 1992 servaverunt,
3278 1920 3384 1980 illic
3410 1939 3505 1992 pa-

1904 2023 2233 2078 trocinantes
2261 2023 2422 2092 ipsis,
2475 2025 2639 2078 multa
2672 2021 2862 2076 fiducia
2894 2019 3264 2089 re'plebuntur.
3303 2017 3369 2070 Et
3400 2015 3502 2099 hoc

1904 2115 2099 2169 Paulus
2128 2115 2410 2170 declarans
2439 2116 2570 2170 dixit
2602 2134 2614 2170 :
2645 2115 2823 2170 Gloria
2866 2123 3030 2168 vestra
3071 2128 3246 2166 sumus
3267 2153 3281 2176 ,
3322 2125 3499 2181 quem-

1903 2207 2178 2263 admodum
2206 2221 2251 2263 et
2282 2227 2366 2264 vos
2388 2219 2560 2262 nostra
2608 2209 2682 2281 (‘2.
2712 2209 2831 2265 Cor.
2866 2209 2919 2263 Ι.
2949 2207 3060 2279 Η).
3091 2205 3314 2274 Quando
3359 2203 3460 2257 hoc
3479 2200 3504 2252 ?

1904 2299 1972 2353 In
2007 2301 2089 2354 die
2120 2301 2327 2355 Domini
2349 2303 2506 2356 nostri
2529 2301 2656 2356 Iesu
2693 2301 2904 2357 Christi.
2935 2303 3013 2356 Ac
3043 2315 3227 2355 rursus
3256 2297 3504 2352 Christus

1904 2385 2217 2448 exhortatur
2242 2436 2256 2460 ,
2287 2394 2472 2449 dicens
2508 2412 2520 2446 :
2550 2393 2730 2449 Facite
2768 2394 2908 2449 vobis
2942 2393 3132 2446 amicos
3159 2407 3221 2445 ea:
3267 2403 3505 2443 mamona

1903 2485 2182 2554 iniquitatis
2203 2527 2217 2552 ,
2246 2493 2299 2537 ut
2326 2500 2440 2538 cum
2467 2484 2778 2557 de’feceritis,
2817 2484 3061 2552 recipiant
3098 2497 3186 2535 uos
3211 2482 3266 2534 in
3306 2488 3494 2533 (eterna

1903 2593 1997 2633 sua
2030 2578 2353 2632 tabernacula
2388 2577 2537 2647 (Luc.
2571 2576 2659 2631 16.
2690 2576 2770 2645 9).
2799 2575 2964 2631 Vides
3004 2575 3227 2629 multam
3259 2571 3507 2626 fiduciam

1904 2668 2059 2722 nobis
2082 2669 2323 2739 praestari
2346 2667 2414 2722 ab
2444 2668 2507 2722 iis
2528 2709 2542 2734 ,
2574 2682 2709 2737 quos
2736 2666 2822 2720 hic
2849 2675 3033 2720 nostro
3059 2664 3320 2720 beneﬁcio
3346 2664 3514 2730 juve-.

1903 2761 2091 2815 rimus.
2143 2761 2297 2826 Quod
2339 2760 2420 2828 si,
2472 2760 2560 2814 ubi
2594 2759 2816 2830 pecunia
2868 2759 3147 2814 dumtaxat
3177 2756 3504 2820 insumitur,

1905 2861 1984 2906 tot
2003 2862 2126 2906 sunt
2156 2867 2370 2906 corona:
2389 2894 2404 2918 ,
2456 2860 2598 2906 tanta
2645 2866 2851 2906 merces
2871 2891 2884 2915 ,
2913 2858 3060 2903 tanta
3090 2845 3456 2903 remuneratio
3489 2862 3502 2898 :

1905 2945 1994 2998 ubi
2017 2945 2231 3013 juvatur
2252 2945 2428 2998 anima
2452 2985 2465 3009 ,
2494 2943 2582 3012 qui
2609 2943 2719 2997 fieri
2757 2951 2932 3011 potest
2956 2951 3015 2994 ut
3060 2954 3164 2994 non
3195 2938 3360 2992 multa
3386 2951 3505 2990 ma-

1903 3029 2314 3106 gnaque‘nobis
2361 3037 2675 3105 contingant
2716 3034 2896 3090 bona?
2929 3033 3140 3088 Etenim
3184 3031 3228 3084 si
3278 3028 3507 3083 Tabitha

1906 3127 2019 3194 illa,
2051 3143 2169 3196 quae
2191 3127 2376 3182 viduas
2403 3126 2666 3181 vestiebat
2691 3167 2704 3192 ,
2737 3140 2855 3194 quas
2885 3120 3184 3194 paupertati
3218 3118 3506 3174 subvenie-

1904 3218 1996 3272 bat
2019 3258 2035 3283 ,
2068 3232 2098 3270 a
2128 3227 2301 3272 morte
2352 3218 2402 3270 in
2432 3218 2591 3270 vitam
2622 3224 2867 3270 revocata
2913 3223 2994 3268 cst
3023 3213 3157 3283 (Act.
3188 3212 3243 3266 9.
3290 3207 3382 3282 36)
3409 3251 3422 3273 ,
3451 3218 3508 3263 et

1905 3308 2154 3379 lacrymze
2182 3322 2366 3362 eorum
2385 3307 2475 3376 qui
2505 3306 2777 3361 beneliciis
2805 3305 2977 3359 allecti
3002 3303 3211 3358 fuerant
3236 3343 3248 3365 ,
3273 3301 3507 3355 animam

1905 3398 1960 3453 in
1988 3411 2182 3467 corpus
2212 3397 2574 3462 reduxerunt,
2623 3411 2745 3450 eum
2787 3395 3024 3449 nondum
3055 3393 3291 3447 venisset
3325 3406 3508 3445 resur-

1907 3490 2077 3544 rectio
2112 3506 2124 3539 :
2165 3486 2292 3558 quid
2321 3487 2516 3541 facient
2544 3487 2819 3540 hominum
2853 3501 2948 3555 per
2978 3494 3028 3540 te
3056 3492 3395 3538 servatorum
3426 3482 3506 3534 la-

1907 3561 2145 3652 erymm?
2173 3580 2320 3635 Sicut
2346 3579 2490 3633 enim
2523 3579 2659 3632 hanc
2689 3578 3101 3632 circumstantes
3129 3574 3302 3628 vidua:
3333 3574 3509 3627 vivam

1907 3689 1974 3730 ex
2001 3681 2208 3728 mortua
2240 3671 2587 3727 reddiderunt
2618 3689 2631 3724 :
2661 3672 2737 3725 sic
2761 3679 2814 3725 et
2842 3680 2892 3724 te
2924 3680 3050 3724 tunc
3093 3670 3509 3724 circumstantes

1907 3767 2001 3837 qui
2029 3781 2171 3820 nunc
2202 3781 2298 3835 per
2340 3775 2390 3819 te
2420 3763 2614 3818 servati
2655 3763 2881 3827 fuerint,
2914 3762 3152 3818 efﬁcient
3184 3769 3243 3815 ut
3282 3761 3507 3814 multam

1905 3860 2203 3929 experiaris
2239 3858 2620 3913 humanitatem
2648 3899 2661 3924 ,
2686 3866 2741 3913 et
2765 3872 2832 3912 ex
2855 3855 3104 3910 incendio
3123 3855 3382 3925 gehennae
3399 3853 3479 3908 eri
3495 3881 3512 3892 -

1910 3955 2077 4022 pient.
2112 3951 2236 4006 llme
2259 3951 2414 4021 igitur
2442 3952 2706 4021 scientes,
2741 3964 2846 4004 non
2877 3949 2943 4002 ad
2971 3956 3292 4018 praesentem
3320 3946 3510 4002 horam

1912 4053 2116 4098 tantum
2141 4041 2326 4097 fervidi
2350 4043 2516 4096 simus
2542 4050 2596 4096 et
2620 4038 2899 4110 vigilantes
2923 4080 2937 4105 ,
2976 4039 3070 4094 sed
3101 4039 3278 4108 ignem
3303 4079 3318 4104 ,
3349 4052 3510 4106 quem

1910 4132 2120 4188 habetis
2163 4145 2341 4197 nunc,
2391 4132 2701 4196 accendite;
2746 4113 3055 4201 egressique
3099 4129 3271 4195 foras,
3326 4127 3512 4184 distri-

1913 4222 2057 4279 buite
2077 4223 2303 4279 salutem
2334 4223 2583 4277 civitatis.
2607 4223 2769 4289 .Quod
2810 4221 2855 4275 si
2882 4220 3138 4291 ignoretis
3161 4226 3196 4288 ,‘
3219 4218 3514 4289 perquirite

1911 4329 2042 4384 eos,
2070 4315 2160 4384 qui
2200 4313 2283 4368 his
2311 4301 2463 4367 malis
2488 4320 2770 4381 aegrotant.
2804 4311 2892 4367 Sic
2929 4311 3072 4365 enim
3120 4320 3173 4364 et
3220 4323 3318 4363 nos
3363 4308 3515 4363 vobis

1911 4405 2211 4477 promptius
2271 4403 2630 4472 libentiusque
2670 4403 2987 4473 loquemur,
3027 4402 3163 4471 ipsis
3218 4399 3373 4455 factis
3416 4415 3514 4454 co-

1914 4507 2232 4571 gnoscentes
2256 4540 2270 4565 ,
2303 4511 2402 4551 nos
2437 4511 2544 4552 non
2573 4497 2626 4551 in
2655 4503 2861 4566 petram
2874 4502 3070 4550 'semeu
3089 4495 3289 4563 jecisse
3308 4535 3323 4561 ,
3344 4502 3399 4547 et
3420 4506 3516 4546 vos

1913 4593 2017 4662 ipsi
2065 4592 2208 4651 circa
2255 4589 2465 4645 virtutis
2518 4588 2958 4644 exercitationem
3007 4587 3156 4642 eritis
3200 4585 3512 4640 alacriores.

1916 4683 2378 4753 Quemadmodum
2408 4683 2551 4737 enim
2585 4682 2636 4736 in
2665 4681 2907 4750 pecuniis
2931 4721 2945 4746 ,
2983 4680 3074 4750 qui
3101 4679 3236 4735 duos
3275 4679 3515 4732 lucratus

1916 4785 2000 4832 est
2027 4790 2249 4839 aureos,
2283 4773 2534 4845 proclivis
2560 4781 2645 4828 est
2667 4772 2734 4826 ad
2759 4771 2945 4826 decem
2970 4802 2998 4836 ,-
3016 4778 3070 4825 et
3094 4770 3160 4824 ad
3185 4769 3369 4839 viginti
3395 4769 3511 4823 eol-

1917 4868 2161 4940 ligendos
2189 4867 2696 4937 congregandosque
2721 4882 2736 4929 ;
2768 4865 2846 4919 sic
2873 4879 2972 4918 usu
3003 4864 3147 4918 venit
3175 4873 3228 4918 et
3258 4864 3311 4918 in
3341 4863 3510 4917 virtu-

1915 4971 1969 5016 te
2002 4978 2014 5014 :
2049 4966 2138 5031 qui
2163 4959 2349 5016 fecerit
2375 4959 2572 5015 bonam
2597 4958 2810 5028 aliquod
2829 4943 2985 5028 Opus,
3013 4957 3355 5027 ofﬁciumque
3380 4972 3516 5026 pra:-

1917 5052 2146 5117 stiterit,‘
2173 5051 2666 5106 exstimulationem
2714 5049 2838 5104 inde
2863 5049 3094 5119 aliquam
3127 5056 3217 5102 aut
3253 5047 3512 5103 exhorta-

1917 5144 2118 5198 tionem
2149 5143 2216 5196 ad
2243 5141 2504 5212 agendum
2537 5141 2733 5207 sumit,
2763 5149 2823 5194 ut
2858 5141 2960 5195 alia
2987 5127 3200 5210 quoque
3234 5140 3514 5194 benefacta

1915 5233 2275 5305 aggrediatur.
2306 5231 2375 5290 Ut
2402 5233 2565 5304 igitur
2603 5241 2656 5288 et
2685 5231 2876 5288 fratres
2924 5239 3322 5297 scrvcmus,.ct
3361 5233 3517 5286 nobis

1917 5326 2124 5381 veniam
2154 5341 2249 5394 pro
2293 5327 2525 5394 peccatis
2549 5324 2722 5392 ,-imo
2765 5323 2940 5394 potius
2991 5323 3214 5377 multam
3246 5323 3515 5377 ﬁduciam

1921 5430 2268 5486 reponamus,
2303 5415 2534 5485 denique
2577 5430 2825 5470 curemus
2860 5424 2914 5470 et
2963 5413 3123 5479 illud,
3156 5425 3211 5468 ut
3255 5426 3381 5468 ante
3409 5429 3518 5468 ca:-

1919 5523 2031 5564 tcra
2072 5509 2252 5564 omnia
2280 5523 2476 5562 nomen
2513 5507 2606 5562 Dei
2651 5507 3014 5578 gloriﬁcetur;
3059 5522 3183 5560 cum
3215 5506 3470 5560 uxoribus
3500 5547 3517 5573 ,

1915 5604 2120 5669 liberis,
2168 5611 2221 5657 et
2252 5601 2464 5656 famulis
2511 5600 2578 5655 ad
2628 5602 2769 5655 hunc
2809 5606 3161 5654 venatunret
3205 5597 3513 5667 indaginem

1915 5696 2115 5766 egressi
2139 5739 2155 5759 a,
2182 5694 2532 5750 extrahamus
2557 5709 2588 5749 e
2627 5692 2822 5748 diaboli
2854 5692 3058 5762 laqueis
3087 5701 3272 5761 captos
3301 5691 3368 5746 ab
3396 5691 3512 5756 illo,

1916 5789 2218 5844 secundum
2239 5787 2405 5857 ipsius
2434 5787 2760 5842 voluntatem
2797 5802 2810 5839 :
2843 5799 2942 5839 nec
2967 5784 3112 5853 prius
3156 5783 3516 5849 desistamus,

1921 5896 2079 5952 quam
2105 5878 2356 5952 quidquid
2374 5892 2470 5950 per
2488 5893 2586 5934 nos
2607 5876 2848 5950 prmstari
2872 5878 3068 5947 poterit
3090 5874 3520 5947 prxSIiterimus,
