4160 6324
636 380 738 433 "27

635 517 751 571 sive
779 521 1027 584 pareant,
1055 510 1169 567 sive
1190 526 1296 567 non
1327 520 1568 581 pareant.
1596 511 1735 581 Quin
1764 510 1943 579 potius
1968 508 2217 579 impossi-

638 606 751 661 bile
775 614 889 670 est,
912 614 971 658 ut
994 603 1270 658 christiani
1301 618 1422 657 cum
1450 603 1559 657 sint
1577 643 1591 666 ,
1617 618 1721 655 non
1746 610 1983 671 pareant.
2010 600 2117 656 Sed
2147 615 2219 655 ne

622 699 723 769 ,νει
767 693 906 769 hanc
972 693 1699 769 excusationemhabeatis,
1754 692 1885 747 illud
1926 679 2107 758 'dico,
2174 693 2231 747 si

638 766 915 854 postquam
936 774 1107 837 “multa
1138 785 1297 838 verba
1336 766 1615 848 effuderis,
1661 793 1713 837 et
1759 782 2010 852 quidquid
2046 797 2141 850 per
2171 790 2221 835 te

644 876 875 941 praestari
923 878 1155 945 poterit,
1224 876 1561 944 expleveris,
1633 874 1829 929 videris
1900 874 2045 927 illum
2117 888 2220 926 non

636 966 1043 1033 obtemperare;
1074 966 1321 1019 adducito
1348 965 1413 1018 ad
1446 965 1776 1027 sacerdotes,
1809 974 1862 1017 et
1889 964 2106 1019 omnino
2129 977 2224 1031 per

643 1054 738 1109 Dei
763 1055 986 1123 gratiam
1016 1058 1286 1123 potientur
1315 1064 1509 1111 venatu
1529 1094 1545 1121 ,
1580 1064 1854 1122 totumque
1885 1064 2031 1106 tuum
2081 1054 2183 1107 erit
2205 1096 2220 1119 ,

641 1147 732 1214 qui
764 1148 910 1199 illum
940 1162 1097 1200 manu
1125 1147 1360 1204 duxeris.
1387 1147 1510 1200 [lare
1538 1154 1594 1201 et
1620 1146 1880 1199 uxoribus
1901 1145 2002 1198 viri
2027 1144 2186 1198 dicite
2207 1183 2223 1207 ,

641 1246 701 1288 q-t
730 1252 922 1290 uxores
949 1239 1074 1291 viris
1094 1278 1109 1301 ,
1134 1248 1187 1291 et
1216 1248 1392 1304 patres
1420 1237 1576 1303 ﬁliis,
1606 1247 1661 1291 et
1691 1236 1845 1289 amici
1892 1235 2099 1289 amicis.
2134 1234 2229 1288 Di-

642 1336 794 1381 scant
816 1326 931 1380 hac
955 1327 1145 1393 Judaei,
1186 1336 1239 1381 et
1264 1329 1298 1380 ii
1326 1328 1413 1396 qui
1445 1326 1598 1384 nobis
1628 1326 1839 1392 quidem
1858 1324 2124 1392 conjuncti
2148 1325 2227 1376 ti-

632 1420 863 1495 fdcutur,
895 1418 988 1474 sed
1016 1434 1135 1473 cum
1161 1420 1264 1472 illis
1286 1419 1553 1483 sentiunt,
1580 1418 1732 1471 nobis
1754 1414 1964 1485 aliquod
1988 1414 2220 1485 studium

644 1520 783 1573 csse,
806 1508 880 1560 'ac
916 1508 1324 1563 sollicitudinem
1348 1549 1362 1573 ,
1395 1496 1822 1578 vigilantiamque
1849 1520 1945 1573 pro
1973 1502 2231 1557 fratribus

1341 377 1399 432 ὃ.
1439 374 1719 433 ιοΑΝΝιε
1756 374 2231 433 CHRYSOSTOMI
2266 376 2595 432 .ADCHIEP.
2625 376 3159 434 CONSTANTINOP.

3802 386 3912 439 9'23

2322 510 2518 568 nostris
2552 510 2618 565 ad
2658 510 2779 566 illos
2828 513 2967 567 ultro
2996 511 3351 566 currentibus.
3402 512 3470 567 Et
3514 512 3734 567 omnino
3784 523 3940 568 anttr

2328 615 2425 655 nos
2449 601 2571 656 illos
2593 600 2884 671 corrigent,
2908 602 3019 672 qui,
3040 617 3160 655 cum
3183 611 3379 656 nostra:
3405 602 3753 672 professionis
3779 604 3921 671 sint,

2323 700 2500 745 tamen
2531 691 2623 745 illo
2649 701 2972 747 commeant.
3005 692 3139 760 Quin
3184 693 3355 761 potius
3386 707 3546 746 nemo
3574 690 3801 763 posthac
3817 709 3916 747 au-

2325 797 2482 836 serus
2519 792 2600 836 est
2629 783 2695 836 ad
2725 784 2841 836 illos
2885 783 3171 852 confugere
3196 824 3211 847 ,
3242 782 3336 837 sed
3364 782 3467 836 erit
3495 798 3690 850 corpus
3720 782 3914 838 Eccle—

2325 872 2419 925 sizn
2450 888 2660 940 purum.
2690 872 2828 926 Deus
2856 881 3035 926 autem
3064 872 3151 941 qui
3179 872 3289 924 vult
3314 886 3501 925 omties
3524 870 3773 925 homines
3796 872 3939 925 ﬁeri--

2326 963 2501 1017 salvos
2521 1004 2536 1028 ,
2564 974 2618 1019 et
2643 963 2710 1018 ad
2739 964 3062 1033 agnitionem
3107 964 3346 1018 veritatis
3376 964 3589 1029 venire,
3620 974 3674 1018 et
3715 978 3814 1018 vos
3849 963 3943 1017 ad’

2329 1054 2486 1107 istum
2526 1063 2775 1108 venatum
2827 1055 3173 1118 corroboret,
3218 1064 3272 1109 et
3318 1054 3545 1126 illos'ab
3598 1054 3701 1108 hoc
3734 1066 3945 1108 errore

2330 1145 2542 1200 liberet.
2592 1145 2829 1215 Denique
2870 1157 3090 1200 cunctos
3134 1144 3203 1199 ad
3250 1145 3472 1199 salutem
3517 1152 3803 1199 revocatos
3836 1144 3925 1196 di-

2329 1251 2461 1306 gnos
2487 1237 2677 1291 reddat
2703 1239 2957 1291 etelerum
2992 1252 3157 1306 regno
3177 1278 3192 1301 ,
3240 1238 3291 1290 in
3320 1236 3543 1306 gloriam
3573 1249 3727 1291 suam
3753 1275 3769 1298 ,
3796 1234 3925 1303 quia

2331 1330 2431 1398 ipsi
2453 1329 2705 1384 convenit
2730 1329 2896 1399 gloria
2925 1337 2980 1384 et
3006 1328 3241 1399 potentia
3268 1329 3319 1383 in
3346 1328 3542 1383 stecula
3570 1315 3925 1382 siculorum.

2332 1422 2535 1474 Amen.

656 1651 3923 1681 Μ

1578 1749 2221 1865 CONTRA
2287 1749 2976 1855 JU'DAEOS.

1201 2098 1395 2138 ORATIO
1433 2098 1667 2138 οετΛνΑ.

721 2242 769 2296 1.
793 2236 1329 2306 Prmleriitjcjunium
1362 2236 1687 2299 Judazorum,
1718 2235 1826 2288 imo
1856 2235 2031 2303 potius
2059 2233 2236 2288 ebrie-

647 2339 730 2384 tas
749 2329 1072 2384 Judaaorum.
1104 2327 1197 2380 Est
1223 2326 1366 2379 erum
1398 2335 1452 2378 et
1477 2325 1675 2393 absque
1703 2324 1826 2377 vino
1854 2324 2123 2389 ebrietas,
2154 2333 2239 2377 est

642 2432 700 2477 et
737 2422 789 2476 in
819 2421 1107 2475 sobrietate
1153 2414 1442 2472 temulenta
1482 2417 1853 2483 luxuriosaque
1892 2416 2232 2469 comessatio.

647 2512 800 2579 Quod
840 2512 885 2565 si
916 2524 1073 2564 nemo
1114 2516 1295 2577 posset
1333 2507 1532 2576 absque
1573 2506 1694 2558 Viuo
1734 2506 2054 2559 temulentus
2091 2520 2237 2573 esse,

651 2618 985 2673 nequaquam
1014 2600 1269 2671 propheta
1300 2597 1503 2651 diceret
1533 2614 1544 2647 :
1589 2594 1674 2649 Vt:
1718 2596 1779 2647 iis
1817 2595 1901 2663 qui
1935 2594 2058 2648 ebrii
2094 2606 2239 2660 sunt,

646 2705 693 2749 et
711 2711 809 2748 non
824 2710 856 2747 a
870 2694 982 2748 vino
1008 2691 1169 2764 (Iani.
1186 2690 1277 2744 29.
1300 2690 1378 2758 9}.
1399 2688 1455 2743 Si
1480 2704 1581 2742 non
1605 2696 1746 2742 esset
1774 2686 1889 2739 sine
1907 2686 2030 2739 vino
2058 2685 2236 2740 ebrie-

649 2797 750 2849 tas,
773 2790 878 2840 non
904 2784 1128 2839 dixisset
1157 2783 1385 2838 Paulus:
1414 2780 1588 2835 Nolite
1616 2779 1854 2833 inebriari
1888 2780 2004 2833 uino
2030 2779 2233 2849 (Thess.

651 2876 705 2928 5.
737 2876 853 2947 18).
880 2875 1010 2929 Nam
1042 2889 1105 2928 ac
1145 2874 1196 2928 si
1236 2874 1400 2943 possit
1428 2874 1625 2941 absque
1656 2872 1778 2937 \jino
1807 2871 1927 2940 quis
1960 2871 2232 2934 inebriari,

647 2967 824 3021 dixit:
856 2966 1031 3020 Nolite
1060 2966 1299 3019 inebriari
1329 2966 1460 3018 vino.
1496 2964 1587 3019 Est
1626 2965 1768 3018 enim
1811 2964 2043 3017 ebrietas
2087 2971 2145 3017 et
2183 2961 2236 3015 in

648 3059 723 3112 ira
756 3068 811 3113 et
836 3059 889 3112 in
922 3058 1149 3112 absurda
1178 3057 1644 3126 concupiscentia,~
1666 3056 1799 3111 estin
1830 3054 2070 3115 avaritia,
2100 3062 2155 3107 et
2184 3052 2236 3106 in

650 3165 833 3204 amore
863 3150 1044 3218 gloritc
1067 3188 1081 3212 ,
1112 3148 1340 3216 denique
1374 3148 1425 3200 in
1456 3146 1573 3200 aliis
1610 3144 1903 3199 innumeris
1938 3142 2234 3197 aﬂ'ectihus.

650 3241 893 3294 Ebrietas
919 3240 1061 3293 enim
1092 3238 1220 3291 nihil
1248 3236 1388 3291 aliud
1419 3246 1519 3302 est,
1556 3235 2007 3309 quam.excidisse
2031 3249 2061 3286 a
2092 3244 2236 3287 recta

652 3331 876 3388 ratione,
909 3329 1257 3396 deliratioque
1278 3336 1332 3381 et
1357 3343 1499 3381 sana:
1527 3328 1720 3379 mentis
1749 3324 1996 3393 privatio.

722 3418 1026 3472 Ebrietatem
1055 3436 1154 3471 nou
1181 3420 1350 3471 vinum
1376 3418 1725 3481 solummodo,
1764 3418 1851 3469 sed
1886 3428 1932 3469 et
1970 3417 2059 3469 alii
2096 3418 2236 3485 pravi

648 3509 861 3575 affectus
911 3511 1138 3577 pariunt.
1179 3538 1250 3549 ——
1293 3509 1407 3562 Non
1458 3508 1630 3562 solum
1679 3508 1835 3577 igitur
1877 3508 1965 3577 qui
2014 3501 2235 3560 multum

649 3603 899 3656 exhaurit
939 3618 1180 3669 merum,
1213 3618 1395 3656 verum
1424 3603 1580 3655 etiam
1624 3603 1707 3669 qui
1738 3602 1901 3653 alium
1933 3601 2236 3670 quempiam

650 3695 893 3748 morbum
917 3688 1009 3748 alit
1031 3697 1081 3748 in
1104 3695 1303 3759 animo,
1328 3693 1672 3747 vehementer
1693 3692 1875 3746 ebrius
1899 3706 2018 3746 esse
2034 3691 2239 3759 judica—

651 3785 812 3839 hitur.
848 3785 1054 3839 Etenim
1082 3786 1167 3854 qui
1195 3786 1433 3839 mulieris
1458 3785 2116 3871 alienaatencturamore,
2148 3784 2239 3851 qui

550 3887 555 3894 '
649 3876 840 3930 scortis
861 3885 1031 3943 vacat,
1064 3876 1243 3930 ebrius
1271 3884 1371 3929 est.
1400 3876 1464 3928 Et
1489 3874 1625 3928 sicut
1654 3875 1719 3938 is,
1753 3874 1842 3943 qui
1875 3873 2098 3926 multum
2127 3872 2239 3925 ebi-

651 3966 726 4018 bit
772 3981 999 4027 merum,
1043 3950 1100 4019 et
1139 3975 1472 4020 transversus
1516 3965 1707 4032 agitur,
1754 3964 2041 4017 illiherales
2084 3976 2239 4015 voces

652 4058 896 4123 elfundit,
937 4059 1187 4128 aliudque
1231 4074 1327 4127 pro
1369 4059 1473 4112 alio
1509 4058 1651 4113 videt
1684 4076 1697 4110 :
1735 4059 1812 4111 sic
1854 4068 1903 4112 el
1950 4057 2037 4111 hic
2078 4057 2239 4111 veluti

651 4165 801 4202 mero
843 4150 1090 4218 quapiam
1130 4162 1224 4201 sua
1267 4147 1555 4216 cupiditate
1600 4148 1851 4214 repletus,
1896 4162 2068 4215 neque
2111 4160 2238 4199 sana

653 4241 853 4309 profert
890 4239 1050 4292 verba
1074 4280 1088 4304 ,
1131 4237 1229 4291 sed
1254 4238 1503 4291 obscaena
1534 4238 1731 4299 omnia,
1775 4236 1866 4291 sed
1909 4236 2238 4304 perniciosa,

650 4332 744 4387 sed
775 4331 1050 4385 illiberalia
1079 4331 1324 4397 risusque
1353 4328 1533 4396 plena,
1562 4328 1771 4396 aliaque
1803 4342 1897 4393 pro
1926 4327 2045 4380 aliis
2076 4326 2237 4390 videt,

650 4423 939 4478 excutiens
973 4422 1039 4474 ad
1075 4435 1135 4474 ea
1164 4427 1615 4489 qure.cernuntur.
1640 4417 1792 4483 Quod
1832 4418 1875 4470 si
1914 4418 1999 4471 cui
2032 4417 2239 4471 mulieri

650 4525 894 4585 stuprum
931 4513 1129 4567 inferre
1163 4510 1507 4580 concupiscit,
1539 4509 1674 4563 hanc
1700 4510 1894 4579 ubique
1922 4509 2235 4577 imaginaris,

651 4621 757 4659 non
780 4605 934 4663 aliter
958 4618 1115 4673 quam
1145 4588 1322 4656 metite
1346 4611 1532 4669 captus
1561 4616 1622 4654 ac
1648 4600 1903 4665 delirans,
1930 4602 1981 4652 in
2003 4614 2238 4656 conven-

652 4696 849 4761 ticulis,
898 4693 950 4747 in
996 4694 1273 4759 conviviis,
1318 4693 1462 4747 omni
1509 4702 1767 4761 tempore,
1818 4692 1868 4744 in
1912 4690 2057 4744 omni
2099 4691 2237 4757 loco,

651 4789 754 4844 etsi
784 4790 1060 4843 innumera
1091 4786 1363 4840 hominum
1397 4785 1562 4840 millia
1591 4786 1761 4854 ipsum
1789 4784 2147 4854 alloquamur,
2173 4800 2241 4838 ne

647 4883 836 4937 audire
871 4880 1085 4951 quidem
1117 4878 1347 4944 videtur,
1379 4878 1471 4933 sed
1500 4877 1566 4932 ad
1599 4878 1741 4932 illam
1772 4885 1974 4931 tantum
2008 4877 2241 4931 intentus

645 4984 731 5031 est
756 4975 985 5039 animus,
1010 4987 1106 5027 nec
1128 4970 1271 5025 aliud
1293 4970 1540 5034 somniat,
1565 4984 1723 5038 quam
1748 4977 2052 5038 peccatum;
2082 4967 2243 5022 habet

647 5075 901 5139 suspecta
924 5066 1120 5129 omnia,
1154 5065 1342 5119 metuit
1374 5063 1574 5127 omnia,
1607 5062 1776 5117 nihilo
1807 5061 1997 5116 melior
2021 5060 2240 5115 animali

651 5159 901 5229 perculso
954 5166 1009 5211 et
1060 5144 1304 5214 attonito.
1328 5146 1335 5153 ”
1363 5154 1697 5223 Rursusque,
1743 5168 1902 5238 quem
1952 5160 2098 5207 tenet
2140 5153 2239 5218 ira,

650 5252 832 5308 ebrius
855 5259 937 5305 est
962 5267 976 5304 :
999 5249 1241 5304 similiter
1259 5256 1314 5303 et
1340 5246 1462 5301 huic
1483 5256 1655 5315 turget
1676 5246 1863 5331 facies,
1883 5260 1985 5300 vox
2009 5241 2067 5299 fit
2088 5259 2244 5314 aspe-

620 5345 783 5411 ‘rior,
828 5344 966 5398 oculi
1012 5344 1147 5397 ﬁunt
1188 5341 1601 5409 sanguinolenti,
1650 5354 1801 5394 mens
1840 5338 2238 5405 obtenebratur,

652 5433 931 5504 prudentia
976 5431 1356 5501 submergitur,
1406 5431 1583 5500 lingua
1632 5430 1832 5495 tremit,
1884 5428 2028 5483 oculi
2069 5427 2240 5481 intor-

648 5533 902 5595 quentur,
940 5537 1098 5578 aures
1136 5522 1241 5576 alia
1283 5536 1383 5592 pro
1421 5522 1539 5575 aliis
1575 5518 1841 5575 audiunt:
1874 5517 2123 5573 nimirum
2162 5518 2239 5571 ira

650 5616 809 5686 longe
834 5615 1068 5686 gravius,
1087 5629 1248 5685 quam
1270 5614 1433 5668 ullum
1463 5626 1671 5667 merum
1698 5610 1887 5675 soleat,
1915 5607 2241 5679 percellente

650 5707 971 5774 cerebrum,
992 5715 1361 5777 tempestatem
1404 5703 1705 5760 concitante
1723 5744 1737 5768 ,
1766 5700 2245 5769 turbationemque

646 5814 895 5875 εῖιιιηιβ
937 5794 1312 5860 inscdabilem.’
1331 5799 1484 5868 Quod
1523 5799 1569 5855 si
1598 5796 2027 5869 concupiscentia
2062 5803 2119 5851 et
2157 5794 2236 5849 ira

2341 2087 2618 2148 correptus
2638 2079 2815 2134 ebrius
2845 2080 2914 2133 sit
2947 2098 2959 2132 :
2992 2079 3160 2132 multo
3189 2079 3357 2149 magis
3386 2078 3547 2132 homo
3574 2079 3770 2148 impius
3794 2088 3851 2132 et
3879 2080 3953 2135 itrr

2343 2172 2511 2225 Deum
2542 2170 2903 2239 blasphemus,
2930 2171 3175 2239 illiusque
3208 2170 3410 2238 legibus
3442 2186 3747 2240 repugnans
3767 2214 3780 2234 ,
3812 2187 3933 2240 qui-

2340 2277 2442 2330 que
2480 2260 2615 2314 hanc
2656 2262 3081 2328 intempestivam
3128 2261 3470 2329 pertinaciam
3501 2276 3790 2328 numquam
3823 2262 3941 2314 vult'

2341 2350 2595 2418 elfugcre,
2625 2349 2802 2403 ebrius
2822 2359 2903 2403 est
2927 2350 3246 2418 insanitque,
3270 2350 3505 2403 deterius
3526 2349 3750 2403 affectus
3774 2364 3951 2414 quau»

2342 2441 2374 2493 ii
2398 2442 2490 2508 qui
2521 2439 2825 2502 heluantur,
2854 2442 3050 2508 quique
3090 2450 3269 2493 mente
3296 2440 3435 2507 capti
3472 2451 3595 2493 sunt
3616 2481 3630 2503 ,
3665 2440 3788 2493 licet
3821 2440 3936 2512 ipso

2342 2529 2584 2583 morbum
2616 2544 2767 2581 suum
2797 2544 2899 2582 non
2925 2532 3125 2583 sentire
3151 2530 3411 2583 videatur.
3444 2529 3577 2584 Nam
3618 2530 3667 2583 id
3698 2531 3959 2583 maxime

2339 2619 2588 2671 convenit
2617 2618 2883 2684 ebrietati,
2914 2620 3072 2673 etiam
3104 2620 3250 2673 nullo
3278 2634 3440 2674 sensu
3470 2620 3602 2674 allici
3624 2662 3639 2686 ,
3668 2636 3790 2674 cum
3826 2630 3941 2673 tur-

2340 2713 2481 2781 piter
2508 2713 2705 2780 agitur.
2731 2711 3189 2778 Quemadmodum
3216 2712 3378 2782 igitur
3408 2712 3533 2765 illud
3564 2722 3647 2765 est
3674 2712 3957 2781 graviser

2342 2820 2490 2865 mum
2527 2804 2582 2856 in
2628 2811 2809 2855 mente
2838 2802 3030 2870 captis,
3066 2802 3208 2870 quod
3237 2816 3361 2855 eum
3389 2812 3669 2872 :rgrotent,
3702 2818 3803 2855 nec
3832 2802 3936 2857 huc

2341 2890 2511 2958 ipsum
2552 2890 2803 2955 sentiant,
2833 2905 2892 2943 se
2931 2892 3050 2944 esse
3074 2899 3305 2959 aegrotos
3340 2910 3353 2945 :
3384 2893 3461 2945 sic
3491 2903 3544 2946 et
3570 2892 3740 2946 Judmi
3772 2908 3936 2958 nunc,

2340 2994 2461 3033 cum
2502 2980 2607 3032 sint
2633 2980 2785 3043 ebrii,
2820 2980 2869 3032 id
2900 2996 3003 3033 non
3031 2981 3266 3033 sentiunt
3297 2990 3495 3035 tamen.
3534 2980 3799 3035 Prmtcriit
3840 2983 3938 3050 iga-

2344 3077 2430 3123 tur
2469 3070 2679 3124 illorum
2714 3068 2995 3138 jejunium,
3034 3072 3220 3140 quavis
3256 3071 3518 3124 ebrietate
3557 3070 3753 3125 foedius
3788 3087 3803 3125 :
3837 3088 3937 3125 nos

2342 3170 2519 3215 autem
2550 3176 2616 3214 ne
2644 3162 2978 3216 remittamus
3001 3178 3095 3231 pro
3122 3162 3372 3216 fratribus
3402 3163 3598 3216 nostris
3619 3162 3939 3215 sollicitudi-

2342 3268 2483 3315 nem,
2509 3268 2681 3321 neque
2701 3254 2923 3323 posthac
2943 3255 3315 3312 existimemus
3338 3255 3496 3321 ullam
3518 3255 3726 3309 illorum
3746 3270 3957 3309 curam

2341 3356 2463 3398 esse
2484 3346 2865 3414 importunam.
2881 3345 2987 3401 Sed
3003 3346 3474 3416 quemadmodum‘
3495 3348 3694 3402 faciunt
3710 3349 3937 3414 milites,

2342 3438 2430 3490 ubi
2455 3438 2743 3491 commisso
2768 3439 2957 3507 praelio
2986 3441 3247 3493 verterint
3282 3441 3333 3492 in
3359 3440 3536 3509 fugam
3572 3440 3937 3515 adversarios,

2341 3526 2409 3579 ab
2432 3528 2780 3582 insectatione
2811 3528 3112 3592 redeuntes,
3138 3545 3246 3583 non
3270 3518 3509 3598 protinus
3528 3539 3749 3585 currunt
3776 3532 3840 3585 ad
3869 3541 3938 3585 ta-

2344 3617 2663 3682 bernacuia;
2703 3619 2801 3673 sed
2846 3620 2989 3687 prius
3034 3621 3100 3673 ad
3143 3620 3422 3675 conﬂictus
3464 3623 3639 3676 locum
3678 3623 3901 3689 profecti
3921 3666 3951 3691 ,.

2343 3708 2539 3762 tollunt
2565 3725 2658 3763 eos
2682 3710 2771 3779 qui
2803 3726 2867 3764 ex
2900 3711 3133 3779 ipsorum
3165 3727 3389 3766 numero
3416 3714 3538 3767 caesi
3570 3723 3715 3775 sunt,
3738 3730 3801 3769 ac
3827 3697 3939 3771 νίῖῖι

2343 3803 2555 3873 quidem
2597 3803 2875 3857 defunctos
2914 3814 3053 3857 terra
3094 3807 3389 3859 occulunt:
3422 3814 3675 3860 caeterum
3718 3807 3762 3859 si
3791 3822 3930 3873 quos

2345 3894 2575 3948 viderint
2614 3894 2753 3947 inter
2795 3905 3035 3948 mortuos
3074 3897 3341 3963 spirantes
3370 3894 3565 3960 adhuc,
3601 3910 3700 3950 nec
3738 3894 3957 3951 lctltalc-

2342 3987 2538 4039 vulnus
2586 3984 2862 4051 habentes,
2914 3983 2979 4038 iis
3029 3986 3081 4039 in
3138 3985 3362 4039 tentoria
3420 3984 3662 4051 sublatis,
3716 3986 3941 4039 multam

2343 4074 2598 4129 adhibent
2624 4075 2979 4142 curationem,
3004 4085 3351 4144 extractaque
3377 4074 3505 4139 telo,
3531 4075 3804 4128 accersitis
3825 4090 3951 4130 me-

2343 4168 2511 4231 dicis,
2562 4168 2803 4241 absterso
2850 4168 3128 4235 sanguine,
3177 4162 3428 4219 remediis
3477 4164 3761 4231 adhibitis,
3810 4166 3943 4220 reli—

2345 4276 2556 4331 quaque
2595 4260 2746 4315 omni
2777 4259 3051 4313 curatione
3092 4258 3304 4311 admota
3343 4257 3408 4310 ad
3450 4257 3735 4310 sanitatem
3774 4256 3944 4309 redu-

2345 4362 2491 4408 cunt.
2524 4354 2591 4407 Et
2628 4367 2725 4406 nos
2772 4354 2930 4422 igitur
2956 4336 3237 4420 \quouiam,
3270 4349 3563 4416 cpilulante
3603 4348 3695 4401 Dei
3742 4348 3940 4415 gratia,

2344 4446 2557 4501 Judrcos
2624 4444 2927 4515 persequuti
2982 4458 3167 4497 sumus
3222 4442 3443 4495 armatis
3498 4440 3753 4494 adversus
3818 4441 3945 4494 illos

2346 4540 2700 4607 undequaque
2729 4536 3022 4605 prephetis,
3060 4534 3263 4588 reversi
3294 4546 3437 4586 nune
3466 4531 3740 4584 videamus
3759 4572 3774 4593 ,
3810 4546 3943 4584 num

2345 4634 2435 4703 qui
2466 4631 2685 4685 fratrum
2716 4639 3016 4683 nostrorum
3045 4626 3354 4690 ceciderint,
3385 4640 3511 4678 num
3534 4624 3715 4693 quiab
3730 4624 3951 4693 jejunio

2347 4722 2624 4789 intercepti
2659 4722 2785 4784 sint,
2821 4724 2944 4773 num
2981 4719 3067 4787 qui
3115 4718 3218 4771 illis
3250 4716 3299 4770 in
3338 4715 3477 4770 festo
3503 4714 3949 4769 communicave-

2346 4814 2590 4868 rinti.Ac
2614 4812 2879 4866 neminem
2911 4809 3125 4880 quidem
3167 4806 3438 4861 tradamus
3474 4806 3801 4874 sepultum;
3842 4808 3943 4861 sed

2346 4910 2520 4977 potius
2549 4904 2786 4965 sublatos
2812 4916 2999 4957 omnes
3026 4915 3299 4955 curemus.
3330 4897 3460 4952 Nam
3488 4898 3539 4951 in
3562 4897 3802 4951 externis
3821 4898 3946 4966 qui-

2343 5001 2466 5055 dem
2493 4998 2710 5069 prteliis,
2742 4998 2832 5066 qui
2862 4995 3028 5049 semel
3058 4992 3313 5048 ceciderit
3345 4990 3688 5059 animamque
3717 4988 3943 5055 efflarit,

2346 5110 2452 5151 non
2482 5101 2655 5163 potest
2676 5107 2705 5145 a
2736 5091 2904 5144 milite
2934 5087 3263 5158 recuperari,
3298 5093 3353 5139 et
3378 5083 3446 5139 ad
3475 5084 3640 5137 vitam
3666 5083 3940 5137 revocari.

2345 5185 2608 5241 Caeterum
2638 5184 2692 5237 in
2720 5183 2821 5236 hoc
2845 5180 2988 5236 bello
3012 5179 3327 5249 prtelioque,
3349 5176 3509 5230 etiam
3532 5176 3574 5229 si
3597 5176 3717 5244 quis
3741 5172 3953 5229 lcthalo

2344 5278 2537 5333 vulnus
2563 5274 2849 5344 acceperit,
2884 5271 2997 5327 ﬁeri
3024 5277 3224 5341 potest,
3250 5277 3307 5322 ut
3336 5266 3626 5321 auxiliante
3660 5265 3817 5319 nobis
3851 5264 3950 5318 De:

2344 5373 2511 5445 gratia
2542 5387 2666 5427 eum
2705 5369 2771 5423 ad
2800 5368 2964 5422 vitam
2996 5365 3334 5420 reducamus.
3368 5360 3482 5415 Non
3511 5360 3655 5414 enim
3698 5358 3816 5413 haec
3845 5372 3951 5411 na—

2346 5477 2476 5522 turae
2496 5478 2649 5538 mors
2674 5472 2775 5527 est,
2808 5457 3254 5532 quemadmodum
3285 5455 3394 5521 illa,
3431 5451 3528 5508 sed
3563 5452 3859 5507 voluntatis
3884 5464 3955 5505 ae

2346 5558 2623 5631 propositi.
2674 5554 3016 5611 Voluntatem
3060 5561 3238 5605 autem
3286 5553 3552 5602 mortuam
3591 5544 3721 5600 licet
3767 5543 3956 5601 denuo

2409 5739 2425 5767 ι
2460 5740 2820 5796 maturitates,
3471 5719 3674 5784 feritati,
3701 5714 3773 5767 ita
3792 5717 3967 5777 etuas

2339 5790 2596 5860 fmus.
2628 5794 2704 5845 Illi
2726 5790 2874 5853 enim,
2893 5790 2977 5843 ubi
2998 5790 3267 5849 eam,
3292 5793 3389 5836 etc.
