4160 6324
231 384 352 440 $97

234 498 678 571 .ijTpnpévouc
710 495 803 551 ὑπ’
834 495 999 550 αὐτοῦ
1035 497 1115 562 εἰς
1139 495 1436 550 τδέκείνου
1466 494 1678 566 θέλημα
1702 512 1716 527 ’
1751 496 1845 550 καὶ

240 581 335 652 *μὴ
357 582 620 652 πρότερον
638 579 985 650 ἀποστῶμεν,
1003 580 1109 643 ἕως
1125 579 1190 633 ἂν
1213 578 1282 634 τὰ
1299 596 1375 632 πα
1383 578 1429 651 ρζ
1451 579 1483 648 ἡ
1491 578 1606 650 μῶν
1627 580 1856 634 ἅπανται

253 665 659 735 πληρώσωμεν,
686 660 753 715 ἀν
776 679 835 715 τε
866 661 1182 723 πείθωνται,
1203 662 1269 717 ἀν
1306 678 1367 715 τε
1402 661 1476 734 μὴ
1512 662 1842 716 πείθωνταιπο

258 748 461 817 μᾶλλον
493 746 549 798 δέ
570 744 831 800 ἀδύνατον
850 746 1215 816 Χριστιανοὺς
1242 745 1401 809 ὄντας
1430 746 1504 818 μὴ
1529 746 1842 816 πεισθῆναι.

253 830 407 900 Πλὴν
445 828 560 882 ἀλλ’
593 828 681 882 ἵνα
710 828 845 902 μηδέ
883 826 1089 899 ταύτην
1128 829 1291 900 ἔχητε
1338 828 1634 899 πρόφασιν,
1670 830 1847 883 ἐκεῖνο

252 911 423 980 λέγω,
448 914 577 964 ὅταν
613 911 785 963 πολλά
811 909 1056 973 κενώσας
1088 912 1331 982 ῥήματα,
1368 911 1462 964 καὶ
1496 911 1680 965 πάντα
1714 911 1848 982 πλη·
1892 922 1901 925 ’

258 994 448 1067 ρώσας
478 995 547 1048 τά
577 984 729 1066 παρά
775 994 998 1059 σαυτοῦ,
1026 996 1147 1068 ἴδῃς
1182 995 1346 1049 αὐτὸν
1386 994 1462 1067 μὴ
1502 995 1849 1064 πειθόμενον,

256 1080 436 1147 ἄγαγε
470 1078 603 1149 πρὸς
630 1080 757 1140 τοὺς
784 1080 975 1147 ἱερεῖς,
1007 1077 1102 1131 καὶ
1131 1079 1348 1141 πάντως
1374 1080 1439 1150 τῇ
1467 1077 1561 1131 τοῦ
1586 1077 1720 1131 Θεοῦ
1749 1079 1852 1149 χά-

260 1177 374 1231 ριτι
406 1158 755 1232 περίέσονται
800 1160 901 1229 τῆς
943 1159 1136 1230 θήρας,
1174 1161 1270 1213 καὶ
1311 1160 1373 1212 τὸ
1411 1161 1518 1212 πᾶν
1552 1159 1704 1213 ἔσται
1759 1161 1852 1214 σὸν

247 1242 357 1297 -τοῦ
388 1246 924 1315 χειραγωγὴσαντος.
958 1244 1143 1298 Ταῦτα
1171 1246 1265 1298 καὶ
1293 1242 1542 1312 γυναιξὶν
1568 1245 1617 1297 οἱ
1658 1245 1852 1316 ἄνδρες

244 1327 599 1396 διαλέγεσθε,
634 1329 728 1382 καὶ
758 1330 1018 1396 γυναῖκες
1068 1327 1319 1400 ἀνδράσι,
1360 1329 1454 1381 καὶ
1493 1329 1651 1381 παισὶ
1684 1329 1851 1381 πατέ-

262 1429 379 1483 ρες,
409 1412 505 1464 καὶ
534 1412 676 1480 φίλοι
718 1411 918 1480 φίλοις.
952 1410 1295 1465 Μαθέτωσαν
1332 1412 1425 1464 καὶ¹
1471 1412 1735 1476 Ἰουδαῖοι,
1760 1414 1854 1466 καὶ

236 1495 312 1546 ιοί
354 1492 652 1565 μεθ’ἡμῶν
688 1493 789 1566 μὲν
817 1493 1077 1564 τετάχθαι
1106 1494 1412 1560 δοκοῦντες,
1442 1493 1511 1547 τὰ
1532 1494 1590 1548 δέ
1621 1496 1852 1550 ἐκείνων

1458 332 1822 433 Αονεῐιευε
1857 374 2168 433 nmmos.
2211 376 2347 432 νηί.

3424 382 3538 439 928

1956 497 2311 568 φρονοῦντες,
2337 498 2417 551 ὅτι
2442 496 2643 567 σπουδή
2669 514 2752 561 τις
2772 498 2904 569 ἡμῖν
2937 500 3055 553 ἐστι
3078 501 3172 553 καὶ
3197 499 3420 572 φροντὶς
3440 502 3537 555 καὶ

1952 581 2233 653 ἀγρυπνία
2259 581 2399 651 ὑπὲρ
2420 579 2529 633 τῶν
2553 578 2798 649 ἀδελφῶν
2818 580 2928 634 τῶν
2948 581 3233 653 ἡμετέρων
3261 581 3370 635 τῶν
3397 581 3537 654 πρὸς

1954 663 2197 725 ἐκείνους
2213 660 2677 733 αὐτομολούντων.
2698 663 2808 715 Καὶ
2836 662 3055 727 πάντως
3083 664 3190 736 πρὸ
3215 664 3373 735 ἡμῶν
3393 666 3540 719 ἐκεῖα

1956 762 2037 800 νοι
2065 747 2348 800 διώσονται
2377 747 2504 810 τοὺς
2534 747 2665 817 παρ’
2693 747 2853 817 ἡμῶν
2880 750 3000 801 ἐκεῖ
3028 748 3332 818 φοιτῶντας
3352 765 3366 776 ⁸
3402 750 3541 820 μᾶλ-

1957 828 2049 882 λον
2087 830 2144 883 δὲ
2177 829 2610 901 οὐδὲ-..τολμήσει
2655 829 2844 883 λοιπόν
2892 849 2975 894 τις
3020 835 3360 902 καταφυγεῖν
3405 831 3543 901 πρὸς

1958 914 2179 977 αὐτοὺς,
2205 912 2322 966 ἀλλ’
2354 912 2505 966 ἔσται
2527 912 2587 965 τὸ
2606 912 2765 983 σῶμα
2790 911 3032 984 καθαρὸν
3049 914 3151 981 τῆς
3186 914 3539 984 Ἐκκλησίας.

1967 996 2029 1050 ’0
2058 997 2115 1049 δέ
2162 996 2318 1059 Θεὸς,
2362 997 2392 1049 ὁ
2435 996 2605 1049 θέλων
2656 996 2862 1059 πάντας
2890 990 3155 1066 ’σωθῆναι
3194 997 3538 1069 ἀνθρώπους,

1957 1080 2050 1132 καὶ
2081 1081 2161 1141 είς
2211 1080 2508 1151 ἐπίγνωσιν
2547 1078 2805 1149 ἀληθείας
2845 1078 3043 1142 ἐλθεῖν,
3099 1081 3243 1150 ὑμᾶς
3302 1097 3362 1133 τε
3404 1076 3545 1150 πρὸς

1954 1162 2053 1232 τὴν
2077 1161 2249 1233 θήραν
2274 1163 2477 1234 ταύτην
2503 1161 2895 1233 δυναμώσειεν,
2931 1162 3173 1224 ἐκείνους
3198 1162 3254 1215 δὲ
3282 1164 3380 1232 τῆς
3408 1162 3546 1216 πλά-

1960 1261 2057 1314 νης
2083 1244 2289 1314 ταύτης
2321 1245 2622 1313 ἀπαγάγοι,
2674 1246 2767 1297 καὶ
2813 1244 3020 1307 πάντας
3052 1247 3204 1315 κοινῇ
3244 1242 3543 1307 διασώσας,

1961 1324 2319 1390 καταξιώσειε
2365 1327 2462 1397 τῆς
2511 1326 2787 1395 βασιλείας
2812 1326 2920 1379 τῶν
2970 1326 3218 1396 οὐρανῶν
3263 1329 3343 1390 είς
3387 1326 3546 1391 δόξαν

1961 1408 2151 1474 αὐτοῦ,
2181 1410 2261 1463 ὅτι
2282 1409 2430 1479 αύτῷ
2459 1411 2660 1481 πρέπει
2690 1410 2864 1482 ἡδόξα
2886 1412 2981 1464 καὶ
3007 1411 3068 1465 τὸ
3098 1411 3298 1483 κράτος
3320 1412 3399 1475 εἰς
3419 1414 3548 1474 τοὺς

1964 1492 2166 1556 αἰῶνας
2198 1494 2307 1545 τῶν
2339 1491 2570 1547 αἰώνων.
2618 1495 2815 1565 Ἀμήν.

1420 1802 1717 1888 ΚΑΤΑ
1828 1766 2392 1888 ιογΔΑΙΩΝ.
2469 1840 2487 1847 ς

846 2090 1042 2158 Λόγος
1066 2088 1299 2159 ὄγδοος.

342 2195 717 2270 α’.ῐῐαρ’ἦλθεν
744 2196 777 2265 ἡ
804 2193 1027 2265 νηστεία
1052 2194 1162 2249 τῶν
1202 2196 1492 2259 Ἰουδαίων,
1521 2197 1723 2267 μᾶλλον
1745 2200 1799 2253 δὲ
1828 2204 1860 2273 ἡ

272 2283 419 2355 μέθη
448 2282 555 2334 τῶν
607 2279 896 2333 Ἰουδαίων.
932 2278 1088 2333 Ἔστι
1130 2278 1242 2350 γὰρ
1275 2282 1369 2333 καὶ
1397 2283 1567 2353 χωρὶς
1593 2283 1736 2337 οίνου
1770 2303 1867 2355 με-

266 2366 446 2429 θύειν,
478 2364 595 2417 ἐστι
622 2363 716 2416 καὶ
730 2364 970 2433 νήφοντα
999 2366 1278 2434 παροινεῖν
1305 2364 1397 2417 καὶ
1426 2366 1483 2417 ἐν
1513 2366 1724 2438 ἀσωτία
1755 2385 1866 2421 κω-⁵

274 2447 493 2520 μάζειν.
518 2448 583 2499 El
609 2447 684 2517 μὴ
711 2439 778 2517 ἦν
804 2446 974 2516 χωρὶς
1005 2445 1149 2498 οἴνου
1183 2446 1424 2517 μεθύειν,
1448 2449 1549 2501 οὐκ
1572 2449 1635 2503 ἂν
1663 2446 1815 2504 εἶπεν
1839 2451 1869 2504 ὀ

269 2533 590 2603 προφήτης,
632 2529 778 2583 Οὐαὶ
820 2531 875 2582 οἱ
910 2530 1238 2599 μεθύοντες
1268 2533 1377 2585 οὐκ
1414 2532 1533 2585 ἀπὸ
1586 2534 1784 2587 οἴνου·
1819 2536 1869 2587 εἰ

275 2614 355 2685 μὴ
393 2610 461 2684 ἦν
505 2612 673 2684 χωρὶς
698 2610 843 2665 οίνου
880 2611 1124 2681 μεθύειν,
1162 2614 1262 2665 οὐκ
1295 2608 1539 2666 ἀνεῖπεν
1573 2616 1599 2668 ὁ
1632 2615 1867 2682 Παῦλος,

272 2696 374 2765 Μὴ
403 2698 787 2766 μεθύσκεσθε
826 2697 987 2759 οἴνῳ.
1036 2696 1122 2760 Ὠς
1157 2697 1265 2767 γὰρ
1296 2697 1414 2749 ἐνὸν
1446 2698 1537 2750 καὶ
1565 2699 1740 2762 άλλως
1777 2692 1872 2769 με·

273 2780 450 2845 θύειν,
480 2777 629 2833 εἷπε·
669 2778 764 2848 Μὴ
786 2779 1173 2855 μεθύσκεσθε
1201 2780 1363 2845 οἴνῳ.
1402 2782 1558 2834 Ἔστι
1596 2783 1723 2852 γὰρ,
1756 2783 1873 2835 ἔστι

274 2866 373 2917 καὶ
396 2862 535 2934 ’ὀργῇ
573 2862 815 2933 μεθύειν,
862 2861 958 2915 καὶ
994 2862 1263 2933 ἐπιθυμίᾳ
1296 2864 1505 2933 ἀτόπῳ,
1536 2867 1631 2917 καὶ
1676 2864 1871 2938 φιλαρ-

273 2948 469 3019 γυρίᾳ,
501 2948 595 3000 καὶ
633 2944 932 3017 κενοδοξία,
981 2947 1076 3024 καὶ
1120 2947 1338 3018 μυρίοις
1387 2948 1596 3017 ἑτέροις
1650 2949 1870 3003 πάθεσι.

275 3030 438 3101 Μέθη
478 3031 587 3101 γὰρ
623 3029 776 3083 οὐδὲν
819 3028 1005 3098 ἐτερόν
1040 3031 1207 3091 ἐστιν,
1248 3028 1363 3083 ἀλλ’
1398 3029 1428 3100 ἢ
1468 3031 1724 3096 ἔκστασις
1766 3033 1874 3087 τῶν

257 3112 460 3185 ⁹ὀρθῶν
506 3111 807 3182 λογισμῶν,
859 3113 954 3164 καὶ
998 3112 1420 3183 παραφροσύνη,
1464 3114 1691 3185 καὶτῆς
1734 3116 1876 3170 κατὰ

280 3198 465 3269 ψυχὴν
495 3195 708 3266 ὑγιείας
737 3195 1041 3265 ἀναίρεσις.

358 3280 433 3332 Ού
468 3279 648 3331 τοίνυν
708 3277 867 3348 μόνον
911 3278 940 3329 ὁ
989 3275 1227 3348 ἄκρατον
1301 3278 1632 3348 ἐκχεόμενος
1686 3282 1873 3345 πολὺν,

252 3398 267 3408 ο»
280 3361 421 3417 ἀλλά
449 3362 542 3415 καί
576 3364 603 3415 ό
630 3361 801 3424 πάθος
819 3361 905 3413 ἐτε
916 3378 1006 3431 ρον
1024 3362 1082 3411 ὲν
1116 3362 1183 3430 τῇ
1215 3358 1360 3431 ψυχῇ
1388 3362 1628 3432 τρέφων,
1662 3364 1880 3433 μεθύειν

279 3445 501 3514 λέγοιτο
530 3444 595 3498 ἂν
633 3444 873 3515 ἰσχυρῶς
896 3457 946 3497 α.
979 3444 1091 3496 Καὶ
1131 3442 1240 3513 γὰρ
1275 3445 1302 3495 ὁ
1333 3445 1590 3511 γυναικὸς
1625 3448 1765 3519 ἐρῶν
1785 3451 1881 3519 τῆς

281 3529 561 3591 ούκίδίας,
591 3528 685 3580 καὶ
715 3528 945 3597 πόρναις
976 3525 1309 3596 ἐσχολακὼς,
1341 3527 1551 3596 μεθύει.
1573 3518 1684 3584 Κάὶ
1709 3518 1882 3587 καθά-

283 3630 397 3685 περ
440 3614 667 3674 ἐκεῖνος.
698 3612 727 3663 ὁ
776 3611 943 3663 πολὺν
1001 3610 1240 3683 ἄκρατον
1293 3608 1433 3663 πιὼν
1489 3614 1583 3665 καὶ
1652 3633 1882 3687 παρενε-

281 3697 439 3768 χθεὶς
472 3694 800 3764 ἀνελεύθερα
826 3694 1124 3763 φθέγγεται
1161 3695 1403 3765 ῥήματα,
1433 3698 1525 3749 καὶ
1557 3697 1718 3769 ἕτερα
1769 3700 1886 3753 ἀνθ’

282 3779 492 3852 ἐτέρων
522 3781 654 3851 ὁρᾷ’
695 3778 839 3831 οὕτω
879 3780 973 3831 καὶ
1006 3771 1179 3840 οὗτος,
1220 3778 1471 3851 καθάπερ
1515 3782 1660 3845 τινὸς
1710 3784 1887 3855 ἀκρά-

283 3880 404 3927 του,
429 3864 528 3933 τῆς
555 3861 857 3917 ἀκολάστου
892 3860 1100 3931 ταύτης
1137 3861 1437 3932 ἐπιθυμίας
1478 3863 1884 3937 πληρούμενος,

284 3946 445 3999 οὐδὲν
489 3945 637 4013 ύγιές
684 3944 909 4015 ἐκφέρει
949 3945 1122 4014 ῥῆμα,
1164 3944 1283 3997 ἀλλ’
1326 3947 1529 4017 αἰσχρά
1577 3949 1753 4003 πάντα
1794 3946 1889 4005 καὶ

262 4028 661 4100 διεφθαρμένα
674 4028 769 4081 καὶ
790 4027 1119 4098 ἀνελεύθερα
1148 4029 1242 4081 κα)⁵
1265 4028 1501 4097 γέλωτος
1520 4032 1776 4102 γέμοντα,
1798 4035 1891 4087 καὶ

288 4112 457 4183 ’ἑτερα
476 4109 757 4183 [674]ἀνθ’
786 4111 991 4183 ἐτέρων
1014 4111 1223 4181 βλέπει,
1244 4113 1381 4184 πρὸς
1416 4114 1515 4184 μὲν
1541 4116 1609 4168 τά
1638 4116 1890 4188 ὁρώμενα

288 4196 651 4264 τυφλώττων’
679 4197 744 4267 ἥν
762 4196 820 4250 δέ
852 4194 1111 4267 ἐπιθυμεῖ
1140 4195 1493 4271 καθυϐρίσαι,
1512 4199 1718 4269 ταύτην
1753 4220 1891 4255 παν-

288 4275 464 4350 ταχοῦ
490 4279 918 4350 φανταζόμενος,
950 4281 1045 4333 καὶ
1077 4271 1665 4363 καθάπεριὲξεστηκώς
1684 4302 1769 4349 τις
1800 4286 1892 4339 καὶ

290 4362 645 4432 παραπαίων,
679 4365 773 4417 καὶ
797 4365 855 4416 ἐν
881 4362 1185 4429 συλλόγοις,
1212 4365 1306 4418 καὶ¹
1335 4368 1392 4418 ἐν
1426 4368 1772 4437 συμποσίοις,
1799 4375 1894 4423 καὶ

290 4446 359 4498 ἐν
381 4446 540 4499 παντὶ
578 4445 776 4518 καιρῷ,
814 4447 909 4500 καὶ
948 4448 1007 4499 ἐν
1039 4447 1203 4501 παντὶ
1243 4448 1416 4519 τόπῳ,
1464 4450 1674 4521 μυρίων
1722 4455 1892 4525 μυρία

292 4528 435 4598 πρὸς
462 4527 624 4581 αὑτὸν
666 4528 1100 4599 διαλεγομένων,
1138 4529 1263 4583 οὔτε
1296 4531 1519 4585 ἀκούειν
1560 4533 1725 4598 δοκεῖ,
1758 4537 1894 4592 ἀλλά

293 4610 437 4679 ’πρὸς
460 4612 675 4683 ἐκείνην
703 4612 945 4678 τέταται,
964 4612 1060 4665 καὶ
1085 4614 1185 4685 τὴν
1211 4615 1489 4687 ἁμαρτίαν
1522 4617 1859 4689 ὀνειροπολεῖ
1876 4638 1889 4651 ·

278 4694 395 4750 ’καὶ
441 4694 619 4749 πάντα
654 4697 921 4768 ὑφορᾶται
968 4698 1062 4750 καὶ
1117 4696 1342 4762 δέδοικε,
1384 4699 1709 4772 λινπλῆγός
1752 4721 1894 4768 τινος

284 4777 444 4843 ζώου
466 4778 627 4833 οὐδὲν
654 4779 878 4851 ἄμεινον
909 4779 1270 4849 διακείμενος.
1304 4782 1415 4836 Καὶ
1444 4784 1473 4836 ὁ
1499 4786 1634 4856 ὀργῇ
1674 4788 1900 4858 κατεχό-

304 4878 468 4932 μενος
504 4863 694 4934 μεθύει
729 4864 945 4923 ,πάλιν-
991 4863 1135 4917 οὕτω
1178 4865 1310 4933 γοῦν
1358 4868 1523 4923 αὑτοῦ
1571 4870 1665 4923 καλ⁸
1704 4873 1741 4943 ἡ
1776 4872 1898 4941 ὄψις

296 4948 455 5011 οἰδεῖ,
483 4949 579 5001 καὶ
605 4950 638 5019 ἡ
668 4949 820 5020 φωνὴ
850 4949 1205 5020 τραχύνεται,
1229 4951 1325 5004 καὶ
1358 4953 1408 5005 οἰ
1432 4953 1698 5026 ὀφθαλμοὶ
1719 4956 1897 5025 γίνον-

300 5049 396 5085 ται
446 5032 709 5102 ὕφαιμοι,
754 5033 851 5087 καὶ
883 5035 913 5087 ὁ
951 5034 1075 5097 νοῦς
1135 5036 1444 5101 σκοτοῦται,
1491 5039 1587 5091 καὶ
1621 5042 1653 5110 ἡ
1687 5040 1884 5095 διάνοια

291 5116 784 5181 καταποντίζεται,
815 5118 910 5170 καὶ
926 5119 960 5187 ἡ
992 5118 1213 5186 γλῶσσα
1235 5120 1491 5190 τρέμειδ,
1517 5123 1611 5174 καὶ
1631 5125 1680 5176 οἰ
1705 5125 1899 5191 ὀφθαλ·

308 5199 404 5270 μοὶ
438 5200 874 5271 παραφέρονται,
917 5201 1011 5255 καὶ
1051 5205 1107 5256 αἱ
1153 5204 1317 5258 ἀκοαὶ
1352 5204 1516 5276 ἐτερα
1548 5206 1666 5260 ἀνθ’
1695 5208 1898 5279 ἐτέρων

296 5279 619 5346 ἁκούουσιν,
649 5285 891 5356 ἀκράτου
934 5285 1137 5349 παντὸς
1181 5288 1563 5359 χαλεπώτερον
1602 5291 1703 5360 τῆς
1730 5293 1899 5362 ὀργῆς

298 5368 476 5422 αὑτοῦ
510 5368 855 5440 πληττούσης
883 5368 982 5440 τὴν
1016 5371 1278 5451 μήνιγγα,
1314 5372 1409 5425 καὶ
1453 5372 1697 5444 χειμῶνα
1729 5377 1897 5446 ἐργα-

303 5460 567 5532 ζομένης,
603 5461 703 5514 καὶ
747 5458 917 5531 ζάλην
969 5462 1233 5533 ποιούσης
1266 5463 1720 5536 ἀπαραμύθητον.
1754 5467 1816 5520 Εἰ
1845 5468 1902 5520 δὲ

303 5540 579 5614 ἐπιθυμίᾳ
625 5559 709 5606 τις
766 5545 860 5597 καὶ
894 5545 1032 5615 ὀργῇ
1080 5544 1446 5615 κατεχόμενος
1477 5547 1687 5617 μεθύει,
1723 5549 1904 5621 πολλῷ

308 5624 517 5694 μᾶλλον
547 5624 765 5680 ἀσεϐῶν
794 5625 1110 5699 ἄνθρωπος,
1146 5628 1243 5681 καὶ
1266 5631 1345 5693 εἰς
1374 5629 1901 5702 Θεὸνβλασφτῖυῶν,

308 5825 315 5829 ,
376 5774 394 5797 ⁸
417 5775 556 5825 Unus
575 5776 682 5825 cod.
709 5775 767 5824 ἂν
787 5773 1001 5830 εῖκότως.

372 5838 403 5881 δ
430 5837 570 5889 Unus
588 5838 698 5889 eod.
722 5838 925 5899 γλῶσσα
951 5835 1226 5899 σφάλλεται,

1966 2096 2061 2149 καὶ
2109 2096 2523 2165 ἐναντιούμενος
2561 2092 2728 2148 αὑτοῦ
2759 2096 2873 2159 τοῖς
2900 2094 3107 2166 νόμοις,
3132 2098 3223 2169 καὶ.
3257 2098 3355 2169 τῆς
3392 2100 3553 2156 ἀκαί..

1968 2196 2063 2251 ρου
2088 2178 2419 2248 φιλονεικίας
2473 2178 2743 2248 μηδέποτε
2785 2180 2993 2250 ταύτης
3019 2180 3342 2248 καθυφεῖναι
3370 2183 3555 2253 βουλό-

1971 2279 2150 2332 μενος,
2180 2261 2368 2333 μεθύει
2418 2261 2511 2314 καὶ⁸
2557 2262 2793 2332 μέμηνε,
2827 2262 2921 2315 καὶ
2951 2265 3319 2333 κωμαζόντων
3349 2268 3444 2321 καὶ
3470 2268 3556 2335 ἐξ-

1966 2346 2276 2417 εστηκότων
2293 2344 2619 2415 ἀθλιώτερον
2652 2345 2943 2409 διάκειται,
2969 2347 3075 2400 κᾶν
3109 2349 3271 2412 αὐτὸς
3305 2350 3562 2404 αἰσθάνε-

1971 2430 2091 2483 σθαι
2126 2431 2200 2501 μὴ
2228 2429 2378 2500 δοκῇ.
2404 2428 2572 2481 Τοῦτο
2604 2429 2716 2499 γὰρ
2742 2430 2977 2498 μάλιστα
3005 2431 3174 2502 μέθης
3204 2435 3352 2487 ἐστιν
3385 2434 3556 2502 ἀξιον,

1969 2514 2071 2566 τὸυ
2117 2513 2253 2584 μηδέ
2289 2515 2347 2566 ἐν
2376 2508 2457 2575 οἷς
2484 2530 2569 2575 τις
2599 2514 2902 2583 ἀσχημονεῖ
2945 2515 3199 2585 αἴσθησίν
3227 2534 3348 2571 τινα
3377 2517 3553 2589 ἔχειν·

1972 2595 2163 2667 ὥσπερ
2205 2592 2297 2649 οὖν
2332 2596 2425 2648 καὶ
2466 2596 2855 2667 παραπληξίας
2889 2597 3046 2651 τοῦτο
3082 2599 3320 2669 μάλιστά
3346 2602 3465 2655 ἐστι
3498 2602 3560 2657 τὸ

1971 2680 2164 2744 δεινὸν,
2202 2681 2283 2733 ὄτι
2317 2678 2597 2743 νοσοῦντες
2626 2679 2746 2733 οὐδὲ
2778 2680 2910 2733 αὐτὸ
2948 2680 3107 2733 τοῦτο
3131 2684 3330 2746 ἴσασιν,
3360 2685 3442 2737 ὃτι
3470 2702 3559 2739 νο-

1976 2763 2160 2815 σοῦσιν
2182 2779 2194 2792 ’
2222 2762 2507 2832 ώσπεροῦν
2541 2763 2634 2816 καὶ
2662 2763 2709 2815 οί
2754 2761 2996 2816 Ἰουδαῖοι
3024 2764 3117 2816 νῦν
3145 2765 3435 2834 μεθύοντες
3460 2768 3563 2822 οὐκ

1976 2846 2342 2900 αἰσθάνονται.
2388 2847 2455 2897 Ἠ
2480 2847 2578 2916 μὲν
2611 2843 2701 2899 οὖν
2737 2847 2963 2917 νηστεία
2990 2848 3169 2903 αὐτῶν
3198 2851 3499 2921 παρῆλθεν,
3524 2855 3560 2925 ἡ

1981 2929 2151 2999 μέθης
2183 2929 2400 2999 ἀπάσης
2433 2930 2797 3001 αἰσχροτέραο
2830 2931 2991 3000 ἡμεῖς
3037 2931 3094 2983 δὲ
3133 2936 3232 3003 τὴν
3280 2934 3408 3005 περὶ
3436 2937 3565 3000 τοὺς

1977 3012 2241 3081 ἀδελφοὺς
2261 3012 2388 3074 τοὺς
2410 3013 2713 3083 ἡμετέρους
2751 3012 2827 3083 μὴ
2856 3012 3255 3087 καταλύσωμεν
3284 3017 3563 3089 πρόνοιαν,

1981 3097 2115 3166 μηδέ
2146 3095 2374 3164 ἄκαιρόν
2396 3112 2517 3148 τινα
2540 3095 2854 3166 νομίσωμεν
2884 3096 3065 3149 αὐτῶν
3090 3096 3229 3153 εἶναι
3259 3099 3445 3154 λοιπὸν
3468 3101 3567 3174 τὴν

1979 3180 2298 3249 ἐπιμέλειαν
2326 3196 2338 3208 ·
2365 3178 2481 3232 ἀλλ’
2499 3180 2637 3251 ὅπερ
2669 3180 2717 3233 οἱ
2745 3180 3078 3251 στρατιῶται
3114 3182 3381 3246 ποιοῦσιν,
3416 3187 3570 3240 ἐπει·

1980 3264 2118 3317 δάνά
2152 3264 2427 3334 συμϐολῆς
2448 3263 2755 3335 γενομένης
2784 3265 3093 3338 τρέψωνται
3122 3269 3248 3331 τοὺς
3265 3270 3566 3337 ἐναντίους,

1986 3349 2095 3401 ἀπὸ
2132 3348 2229 3419 τῆς
2280 3348 2517 3415 διώξεως
2562 3350 2896 3413 ἐπανιόντες,
2931 3352 3031 3404 οὐκ
3070 3352 3272 3418 εὐθέως
3320 3353 3414 3407 ἐπὶ
3472 3357 3572 3422 τὰς

1987 3432 2191 3501 σκηνὰς
2213 3431 2521 3502 τρέχουσιν,
2551 3431 2687 3486 ἀλλά
2710 3433 2984 3505 πρότερον
3017 3435 3110 3487 ἐπὶ
3144 3435 3233 3489 τὸν
3261 3437 3426 3492 τόπον
3472 3443 3574 3511 τῆς

1988 3531 2051 3566 συ
2060 3514 2262 3585 μὸολῆς
2288 3514 2553 3578 ἐλθόντες,
2570 3515 2698 3579 τοὺς
2714 3516 2775 3580 ἐξ
2796 3517 2977 3571 αὐτῶν
2996 3535 3206 3571 καταπε
3216 3519 3406 3585 σόντας
3436 3521 3576 3587 ἐξαι-

1991 3596 2230 3669 ροῦνται,
2274 3596 2367 3669 καί
2400 3598 2527 3660 τοὺς
2557 3598 2656 3667 μὲν
2694 3600 3069 3665 ἀποθανόντας
3102 3605 3167 3674 τῇ
3201 3606 3271 3674 γῇ
3306 3604 3578 3675 κρύπτου-

1990 3703 2094 3749 σιν,
2136 3688 2184 3739 εί
2218 3686 2276 3739 δέ
2305 3704 2457 3749 τινας
2502 3686 2660 3752 ἴδοιεν
2695 3685 2897 3756 μεταξὺ
2932 3686 3041 3738 τῶν
3077 3688 3287 3757 νεκρῶν
3312 3691 3577 3756 πνέοντας

1990 3767 2091 3831 ἔτι,
2125 3769 2217 3821 καὶ
2252 3768 2325 3840 μὴ
2346 3768 2566 3838 καιρίαν
2600 3767 2823 3838 ἔχοντας
2853 3768 3089 3839 πληγὴν,
3116 3772 3197 3833 εἰς
3235 3771 3331 3834 τὰς
3371 3773 3580 3843 σκηνάς

1990 3851 2305 3922 ἀνελόμενοι
2353 3851 2493 3923 μετὰ
2548 3850 2752 3921 πολλῆς
2800 3852 3077 3920 ἀπάγουσι
3128 3855 3227 3924 τῆς
3256 3856 3576 3926 θεραπείας,

1992 3938 2087 3990 κα)¹
2120 3938 2180 3990 τὸ
2220 3936 2376 4008 βέλος
2406 3936 2817 4002 ἐξελκύσαντες,
2845 3936 2940 3992 καὶ
2975 3938 3193 4006 ἰατροὺς
3225 3936 3578 4005 καλέσαντες,

1994 4022 2167 4074 καὶτὸ
2198 4018 2338 4092 αἷμα
2369 4019 2823 4091 περιπλύναντες,
2855 4022 2948 4073 καὶ
2979 4010 3579 4092 φάρμακαέπιθέντες,

1993 4106 2090 4159 καὶ
2136 4105 2205 4157 τά
2243 4104 2379 4160 ἄλλα
2425 4100 2607 4158 πάντα
2653 4104 3146 4175 ἐπιμελησάμενοι,
3201 4107 3338 4178 πρὸς
3368 4107 3579 4177 ὑγίειαν

1995 4191 2361 4259 ἐπανάγουσιν
2382 4203 2396 4217 ”
2434 4187 2577 4242 οὕτω
2608 4189 2703 4242 καὶ
2733 4191 2895 4259 ἡμεῖς
2933 4190 3132 4254 τοίνυν,
3174 4191 3363 4263 ἐπειδὴ
3396 4194 3460 4264 τῇ
3481 4192 3577 4247 τοῦ

1994 4274 2130 4327 Θεοῦ
2155 4276 2335 4346 χάριτι
2371 4275 2499 4337 τοὺς
2537 4272 2827 4336 Ἰὐυδαίους
2853 4273 3175 4344 ἐδιώξαμεν,
3208 4277 3335 4340 τοὺς
3364 4277 3581 4346 προφή-

1995 4374 2094 4420 τας
2126 4358 2310 4419 αὑτοῖς
2345 4355 2757 4424 ἐφοπλίσαντες,
2795 4357 3467 4427 πανταχόθενέπανιόντες
3488 4358 3587 4413 νῦν

1998 4439 2219 4513 ἴδωμεν,
2252 4442 2324 4512 μή
2373 4456 2518 4503 τινες
2560 4438 2669 4492 τῶν
2704 4439 2947 4509 ἀδελφῶν
2993 4440 3101 4493 τῶν
3146 4442 3430 4513 ἡμετέρων
3457 4442 3589 4495 ἐπε-

1999 4544 2110 4590 σον,
2145 4529 2217 4599 μή
2247 4544 2391 4589 τινες
2410 4526 2631 4595 άπὸτῆς
2654 4524 2910 4595 νηστείας
2948 4526 3361 4598 παρεσύρησαν,
3397 4529 3471 4598 μή
3504 4543 3589 4580 τι·

1997 4629 2087 4675 νες
2114 4613 2298 4675 αὐτοῖς
2345 4611 2489 4665 κατά
2527 4610 2623 4682 τὴν
2661 4611 2853 4681 ἑορτὴν
2883 4610 3253 4683 ἐκοινώνησαν
3274 4629 3286 4640 ⁸
3311 4615 3406 4666 καὶ
3438 4617 3583 4686 ταφῇ
3622 4612 3625 4615 ’

2003 4694 2102 4766 μὲν
2133 4694 2335 4767 μηδένα
2367 4693 2726 4766 παραδῶμεν,
2764 4694 2971 4757 πάντας
2998 4694 3054 4747 δὲ
3084 4695 3399 4766 ἀνελόμενοι
3430 4695 3593 4768 θερα-

2000 4778 2313 4850 πεύσωμεν.
2353 4780 2476 4832 Ἐπὶ
2516 4779 2617 4849 μὲν
2655 4778 2763 4851 γάρ
2795 4777 2903 4831 τῶν
2950 4778 3152 4843 ἔξωθεν
3200 4781 3475 4852 πολέμων,
3500 4782 3592 4836 τὸν

2002 4863 2239 4915 πεσόντα
2260 4860 2412 4930 ἆπάξ
2439 4864 2535 4916 καὶ
2568 4862 2665 4934 τὴν
2686 4862 2865 4934 ψυχὴν
2892 4864 3099 4933 ἀφέντα
3135 4865 3395 4920 ἀδύνατον
3431 4884 3596 4938 στρα-

2001 4946 2173 5019 τιώτῃ
2202 4946 2362 5000 πάλιν
2404 4947 2815 5017 ἀνακτήσασθαι
2845 4949 2941 5002 καὶ
2977 4948 3115 5020 πρὸς
3142 4948 3289 5023 ζωὴν
3310 4952 3593 5021 ἐπαναγα-

2003 5034 2121 5099 γεῖν
2144 5048 2158 5061 ο
2191 5031 2282 5083 ἐπὶ
2317 5031 2373 5082 δὲ
2399 5031 2494 5083 τοῦ
2524 5031 2764 5102 πολέμου
2794 5031 2987 5093 τούτου
3014 5033 3109 5085 καὶ
3141 5034 3238 5104 τῆς
3263 5034 3461 5105 μάχης,
3493 5036 3597 5088 κᾶν

2005 5114 2225 5186 καιρίαν
2245 5130 2326 5177 τις
2422 5113 2660 5185 εἰληφὼς
2686 5113 2922 5186 πληγὴν,
2956 5117 3202 5180 δυνατὸν,
3234 5116 3298 5171 ἂν
3330 5117 3595 5189 θέλωμεν,

2003 5198 2106 5267 τῆς
2150 5197 2244 5251 τοῦ
2280 5198 2414 5251 Θεοῦ
2446 5200 2670 5271 χάριτος
2709 5203 3197 5272 συνεφαπτομένης
3252 5206 3408 5274 ἡμῖν,
3462 5204 3599 5275 πρὸς

2009 5281 2153 5353 ζωὴν
2202 5283 2367 5336 αὐτὸν
2413 5285 2827 5354 χειραγωγῆσαι
2886 5285 3069 5341 πάλιν.
3101 5287 3175 5340 Ού
3222 5287 3331 5358 γὰρ
3384 5287 3601 5357 φύσεως

2007 5361 2163 5431 οὗτος
2183 5370 2211 5421 ὁ
2237 5367 2485 5433 θάνατος,
2515 5368 2770 5439 καθάπερ
2800 5370 3025 5434 ἐκεῖνος,
3061 5370 3196 5424 ἀλλά
3228 5372 3604 5445 προαιρέσεως

2009 5452 2107 5504 καὶ
2150 5450 2406 5523 γνώμης·
2455 5452 2778 5523 προαίρεσιν
2835 5451 2897 5506 δέ
2943 5452 3327 5510 ἀποθανοῦσαν
3376 5456 3600 5510 δυνατὸν

2011 5534 2314 5606 ἀναστῆσαι
2366 5536 2553 5604 πάλιν,
2602 5536 2697 5590 καὶ
2763 5536 2944 5609 ψυχὴν
2997 5538 3366 5612 νεκρωθεῖσαν
3416 5545 3607 5598 πεῖσαι

2082 5721 2103 5783 'j
2129 5715 2267 5783 [Inus
2287 5719 2396 5767 cod.
2423 5724 2477 5767 et
2496 5718 2645 5767 Savil.
2673 5721 2812 5783 μέθης
2834 5721 2957 5770 ιδιον
2974 5722 3047 5770 τό,

2080 5776 2702 5846 ἀηουειιιοτμιηε-ῃυεειζίρῐῇ
2738 5776 3093 5846 οῐμστρατιῶται
3114 5782 3330 5845 ποιοῦσι,
3370 5785 3452 5834 καὶ
3474 5785 3612 5846 ἠμῖς

2016 5841 2309 5901 ποιήσωμεν.
2348 5840 2547 5890 Ἐκεῖνοι
2566 5840 2655 5905 γὰρ
2679 5840 2885 5891 ἐπειδάν.
