4160 6324
201 389 323 447 Θξθ

202 521 498 576 suscitare,
541 509 837 578 animmque
870 516 1092 562 mortua:
1134 503 1460 575 persuadere
1498 505 1641 567 licet,
1671 513 1726 556 ιιι
1754 503 1819 558 ad

199 624 367 663 suam
391 609 556 662 vitam
583 606 790 670 redeat,
819 619 1082 672 suumque
1104 603 1379 657 dominum
1409 609 1683 672 agnoscat.

285 699 341 752 2.
391 699 566 768 Agite,
610 712 679 752 ne
712 696 1082 766 defatigemur,
1117 695 1330 760 fratres,
1365 708 1538 763 neque
1579 692 1819 747 delasse-

201 805 360 852 mur,
404 804 577 858 neque
617 787 1126 852 animis,cadamus,
1162 801 1336 856 neque
1370 786 1650 855 quisquam
1691 783 1821 837 mihi

190 881 381 936 verba
413 880 498 933 illa
521 879 686 944 dicat,
713 879 854 948 quod
875 887 1005 933 ante
1027 877 1288 947 jejunium
1312 877 1418 930 illis
1443 890 1634 930 cavere
1655 889 1818 943 opor-

199 972 400 1035 tuerit,
430 985 752 1040 omnemque
781 984 999 1024 movere
1030 968 1262 1038 lapidem
1296 987 1310 1022 :
1344 982 1488 1021 nunc
1513 981 1642 1021 vero
1667 973 1819 1035 post—

198 1079 375 1134 quam
403 1064 698 1134 jejunatum
736 1070 839 1128 est,
882 1071 1164 1132 postquam
1203 1047 1480 1130 peccatum
1525 1058 1819 1114 admissum

197 1162 318 1221 est,
345 1164 629 1224 postquam
669 1153 920 1224 iniquitas
956 1160 1324 1207 consummata
1356 1159 1459 1216 est,
1486 1166 1606 1222 quae
1632 1163 1820 1220 super-

195 1254 294 1300 est
326 1245 558 1300 utilitas?

285 1334 530 1389 Fratrum
587 1336 741 1390 δαιτιιὶ
785 1334 1176 1390 consulendum.
1225 1365 1296 1374 —
1341 1333 1552 1389 Etenim
1605 1334 1648 1389 si
1702 1333 1822 1403 quis

200 1429 388 1493 novit,
424 1428 551 1498 quid
580 1429 652 1483 sit
682 1428 834 1487 fratri
859 1429 1173 1495 consulere,
1207 1429 1354 1483 novit
1385 1437 1437 1483 et
1476 1427 1638 1492 illttd,
1673 1427 1816 1498 qttod

199 1534 362 1573 nunc
401 1519 736 1589 potissimum
773 1529 1017 1589 oporteat
1056 1519 1348 1574 admovere
1387 1534 1596 1584 manus,
1629 1534 1819 1573 omne-

199 1627 321 1680 que
365 1612 597 1667 studium
648 1614 979 1682 impendere.
1023 1613 1208 1682 Neque
1252 1613 1396 1666 enim
1446 1620 1650 1666 tantum
1697 1620 1820 1666 ante

201 1711 494 1770 peccatum
539 1704 834 1758 admissum
880 1705 1133 1759 convenit
1179 1704 1361 1757 fratris
1402 1703 1559 1756 saluti
1605 1717 1818 1766 cavere,

203 1808 404 1848 verum
419 1780 486 1849 iet
516 1803 640 1864 post
678 1796 884 1864 lapsum
924 1810 1116 1850 manus
1159 1793 1498 1864 porrigenda:
1545 1802 1686 1847 sunt.
1720 1793 1818 1847 Et-

210 1887 366 1939 enim
393 1887 439 1940 si
463 1888 602 1941 iiens
633 1887 698 1940 ab
730 1887 881 1940 initio
902 1885 1118 1941 fecisset
1143 1885 1302 1950 istud,
1337 1893 1646 1955 tantumque
1667 1884 1821 1938 nobis

200 1978 571 2033 consuluisset
593 1987 718 2033 ante
743 1987 1044 2048 peccatum,
1070 1985 1192 2048 post
1215 1987 1492 2047 peccatum
1520 1987 1697 2032 autem
1725 1992 1821 2032 ne-

195 2069 469 2138 glexisset
527 2071 820 2134 hominem,
872 2085 1168 2140 passusque
1220 2070 1419 2134 fuisset.
1461 2079 1716 2140 perpetua
1765 2070 1818 2123 in

202 2161 366 2215 ruina
393 2162 594 2230 jacere,
630 2162 806 2216 nullus
836 2178 1010 2231 neque
1036 2171 1279 2216 nostrum
1312 2177 1566 2231 umquam
1591 2161 1818 2216 salutem

193 2250 406 2306 fuisset
451 2262 834 2321 consejttutus.
887 2252 1086 2306 Verum
1144 2251 1247 2307 hoc
1301 2268 1406 2306 non
1458 2251 1584 2307 facit
1635 2253 1816 2318 Deus,

199 2344 411 2412 quippe
454 2358 641 2397 amans
681 2343 899 2398 humani
944 2359 1159 2413 generis
1203 2359 1265 2398 ac
1296 2345 1469 2408 mitis,
1515 2352 1821 2413 nostrzeque

203 2433 400 2486 salutis
443 2434 843 2504 cupidissimus.
887 2435 1024 2501 Quin
1071 2443 1125 2488 et
1170 2442 1293 2503 post
1335 2443 1548 2504 peccata
1597 2434 1818 2488 multam

199 2533 434 2593 praastat
472 2526 909 2593 sollicitudinem,
952 2525 1384 2597 quandoquidem
1417 2534 1471 2580 et
1511 2525 1641 2579 Atla:
1680 2525 1820 2580 cavit

202 2624 336 2670 ante
358 2625 659 2685 peccatum,
691 2617 876 2671 dicens
913 2634 926 2670 :
958 2616 1046 2670 Ea:
1066 2617 1202 2669 omni
1235 2617 1372 2686 ligno
1401 2616 1536 2684 quod
1557 2626 1630 2670 est
1656 2617 1709 2670 in
1734 2633 1819 2684 pa-

204 2708 387 2760 radiso
414 2709 679 2762 comedens
701 2708 931 2761 comedes
951 2723 971 2772 ;
997 2725 1023 2761 e
1049 2709 1187 2777 ligno
1225 2723 1340 2760 vero
1374 2707 1676 2778 cognitionis
1701 2706 1820 2760 boni

204 2798 432 2869 malique
477 2816 579 2852 non
621 2801 909 2853 comedetis.
939 2799 1044 2853 Sed
1090 2815 1404 2867 quocumque
1455 2799 1538 2851 die
1581 2797 1816 2850 comede-

206 2890 346 2954 ritis,
379 2898 538 2943 morte
566 2891 850 2943 moriemini
881 2888 1032 2959 (Gen.
1055 2889 1108 2942 Ξ.
1133 2891 1217 2943 16.
1254 2889 1365 2958 17).
1398 2888 1537 2942 Ecce
1563 2897 1618 2942 et
1644 2887 1817 2942 facili-

209 2988 324 3034 tate
369 2981 524 3050 legis,
577 2990 631 3035 et
680 2981 926 3051 largitate
968 2995 1382 3046 concessorum,
1421 2989 1476 3034 et
1525 2981 1816 3035 acerbitate

207 3073 484 3141 supplicii,
533 3081 588 3128 et
641 3074 755 3143 ipsa
803 3073 1078 3128 celeritate
1127 3074 1343 3127 ultionis
1388 3073 1694 3141 prospexit,
1747 3089 1816 3128 ne

208 3174 479 3232 peccaret.
510 3164 627 3220 Non
658 3166 800 3220 enim
831 3165 984 3232 dixit,
1019 3174 1140 3235 post
1167 3181 1330 3218 unum
1361 3163 1452 3219 aut
1477 3164 1611 3220 duos
1636 3174 1814 3220 tresve

208 3255 350 3320 dies,
387 3255 480 3311 sed
518 3256 569 3310 in
607 3256 723 3326 ipso
749 3257 857 3324 die,
887 3271 995 3326 quo
1021 3257 1381 3317 comederitis,
1418 3267 1590 3311 morte
1618 3257 1816 3312 morie-

209 3346 364 3400 mini.
394 3347 632 3418 Denique
656 3349 865 3402 cunctis
889 3348 1084 3417 quibus
1123 3363 1313 3401 cavere
1343 3348 1578 3417 Oportnit
1605 3348 1778 3403 modis
1797 3388 1811 3412 ,

209 3437 356 3491 cavit
385 3437 609 3492 homini.
635 3438 882 3493 Attamen
906 3437 994 3491 ubi
1024 3447 1144 3507 post
1171 3447 1369 3491 tantam
1403 3439 1812 3506 providentiam,

212 3528 512 3582 doctrinam
535 3571 551 3595 ,
579 3529 1030 3592 exhortationem,
1059 3529 1476 3584 beneficentiam
1498 3531 1680 3600 lapsus
1711 3539 1814 3594 est,

213 3634 317 3674 nec
362 3621 748 3691 obtemperavit
794 3621 960 3691 jussis
1003 3621 1197 3676 divinis
1250 3641 1264 3677 :
1311 3637 1416 3675 non
1463 3623 1597 3676 dixit
1653 3623 1816 3687 Deus,

213 3712 341 3782 quid
377 3712 479 3767 hoc
511 3712 787 3782 proderit?
814 3728 934 3782 qua:
963 3713 1162 3767 utilitas
1185 3712 1348 3768 inde?
1377 3713 1650 3778 comedit,
1679 3714 1820 3767 ceci-

212 3807 314 3872 dit,
363 3815 728 3876 transgressus
773 3816 858 3862 est
899 3807 1094 3877 legem,
1137 3798 1365 3862 credidit
1406 3807 1620 3862 diabolo
1670 3826 1682 3861 :
1726 3808 1822 3865 de-

215 3899 392 3968 spexit
438 3904 765 3968 prznceptum
807 3913 1018 3966 meum,
1065 3899 1271 3967 accepit
1315 3901 1529 3965 vulnus,
1577 3907 1820 3954 mortuus

216 4000 322 4057 est,
348 3993 463 4046 neci
491 3992 722 4046 traditus
749 3999 868 4058 est,
900 3993 954 4047 in
981 3992 1341 4047 damnationis
1372 3993 1693 4047 sententiam
1739 3993 1821 4047 in-

218 4083 349 4139 cidit
381 4101 394 4137 :
428 4083 555 4154 quid
599 4085 825 4153 posthac
863 4091 949 4139 est
994 4082 1139 4153 quod
1187 4083 1262 4138 illi
1316 4083 1635 4154 loquamur?
1673 4083 1817 4138 Nihil

218 4177 409 4231 horum
438 4177 593 4242 dixit,
624 4176 720 4232 sed
750 4177 992 4246 protinus
1021 4175 1087 4230 ad
1119 4175 1269 4231 illum
1306 4176 1484 4243 venit,
1515 4175 1820 4246 alloquutus

219 4276 324 4335 est,
354 4270 662 4324 consolatus
703 4278 807 4332 est,
848 4283 912 4324 ac
950 4282 1137 4323 rursus
1177 4268 1321 4322 aliud
1363 4268 1604 4322 admovit
1640 4283 1819 4323 reme-

219 4362 390 4427 dium,
434 4362 687 4418 videlicet
731 4361 970 4427 laborem
997 4377 1062 4416 ac
1104 4361 1357 4416 sudorem
1396 4360 1561 4433 (Ibid.
1600 4361 1680 4432 5),
1721 4377 1820 4416 nec

219 4456 367 4524 prius
391 4455 597 4510 destitit
627 4455 805 4509 omnia
833 4452 1032 4519 facere,
1059 4454 1244 4509 conari
1282 4454 1459 4508 omnia
1476 4495 1493 4521 ,
1520 4453 1692 4508 donec
1719 4469 1820 4507 na-

224 4560 395 4602 turam
424 4548 717 4618 collapsam
749 4547 1104 4611 restituisset,
1135 4558 1295 4616 atque
1326 4562 1354 4600 a
1386 4555 1562 4601 morte
1590 4546 1817 4602 liberas-

222 4649 319 4702 set,
363 4648 419 4692 et
443 4638 510 4693 ad
538 4639 731 4693 cadum
759 4639 1133 4707 provexisset,
1169 4637 1482 4708 majoraque
1512 4652 1671 4708 quam
1700 4654 1822 4708 per-

219 4732 427 4786 diderat
474 4731 676 4784 homini
725 4730 863 4784 bona
907 4728 1176 4793 dedisset,
1233 4729 1388 4782 factis
1443 4730 1572 4797 ipsis
1618 4729 1820 4785 docens

220 4823 510 4889 diabolum,
541 4821 684 4893 quod
712 4821 796 4876 his
819 4820 1023 4876 insidiis
1046 4820 1178 4874 nihil
1205 4821 1538 4891 profecisset,
1560 4820 1653 4876 sed
1675 4821 1818 4892 quod

223 4916 464 4971 homines
492 4918 694 4984 electos
733 4929 765 4969 e
793 4913 1040 4984 paradiso
1079 4914 1238 4983 paulo
1279 4923 1398 4982 post
1425 4915 1638 4969 visurus
1666 4923 1812 4971 esset

224 5010 272 5062 in
297 5007 440 5062 crclis
469 5007 672 5077 angelis
703 5006 1018 5074 permixtos.
1044 5004 1187 5060 Idem
1213 5005 1338 5061 fecit
1367 5005 1419 5060 in
1449 5006 1614 5070 Cain;
1646 5007 1812 5078 siqui-

221 5099 338 5153 dem
365 5107 419 5152 et
448 5097 611 5162 illius,
651 5097 961 5167 priusquam
987 5105 1236 5166 peccaret
1256 5139 1271 5158 .
1304 5106 1522 5152 caverat
1551 5098 1707 5152 saluti
1738 5098 1820 5153 di-

221 5204 345 5248 cens
377 5207 388 5242 :
417 5188 668 5254 Peccasti,
692 5189 927 5260 quiesce;
949 5189 1018 5242 ad
1041 5199 1086 5242 te
1112 5189 1370 5242 contersio
1393 5189 1562 5255 illius,
1589 5199 1634 5243 et
1665 5200 1717 5242 tu
1739 5189 1820 5245 illi

213 5283 563 5339 dominabe’ris
582 5281 744 5356 (Ibid.
770 5283 824 5336 4.
850 5283 928 5354 7).
956 5281 1088 5337 Vide
1115 5281 1434 5351 sapientiam
1461 5281 1819 5350 prudentiam-

233 5395 318 5449 pte
349 5377 461 5432 Dei.
493 5375 606 5430 lloe
629 5375 843 5440 metuis,
874 5375 1064 5443 inquit,
1093 5389 1159 5428 ne
1189 5383 1240 5427 te
1264 5374 1429 5428 frater
1457 5373 1651 5441 spoliet
1680 5389 1817 5442 pra:-

221 5469 452 5538 rogativa
502 5465 1020 5546 primogenitorum,
1079 5473 1297 5534 propter
1350 5463 1656 5527 honorem,
1712 5480 1818 5534 quo

221 5566 388 5633 ipsum
418 5558 606 5627 affeci,
650 5575 719 5614 ne
748 5558 1104 5628 principatum
1138 5556 1238 5611 sibi
1278 5572 1498 5625 usurpet
1533 5555 1627 5609 tibi
1669 5555 1817 5611 dehi-

221 5665 348 5709 tum.
396 5651 531 5706 Nam
570 5649 953 5720 primogenitos
993 5649 1262 5718 posterius
1303 5648 1497 5718 genitis
1537 5648 1821 5718 oportebat

220 5744 646 5801 honorabiliores
696 5757 838 5799 esse.
888 5743 1073 5808 Bono,
1123 5742 1328 5811 inquit,
1378 5742 1558 5796 animo
1610 5741 1706 5809 sis,
1749 5758 1818 5797 ne

225 5851 422 5906 metue,
452 5851 632 5909 neque
655 5841 760 5897 hac
784 5838 852 5894 de
871 5850 1032 5893 causa
1059 5835 1396 5910 despondeas
1423 5835 1659 5891 animum
1693 5849 1707 5888 :
1735 5838 1813 5891 Ad

1425 382 1790 440 ADV’ERSUS
1827 380 2124 438 JUDAEOS.
2169 383 2300 439 V'lll.

3428 396 3533 452 930

1934 510 1980 554 te
2019 502 2276 555 conversio
2312 502 2443 571 ejus,
2485 511 2530 557 et
2570 513 2624 557 tu
2663 500 3002 560 doniinaberis
3041 508 3138 562 illi.
3167 507 3320 576 Quod
3349 523 3538 577 autem

1929 592 2080 658 dicit,
2109 592 2251 647 hunc
2273 593 2435 648 habet
2461 608 2676 650 sensum
2717 613 2730 650 :
2760 597 2920 652 tna'ne
2945 597 2997 651 in
3025 598 3228 653 honore
3254 601 3532 672 primogeJ

1929 684 2047 749 niti,
2080 694 2133 740 et
2169 694 2285 739 esto
2314 684 2466 739 fratri
2510 694 2600 742 tuo
2625 687 2911 758 refugium,
2941 691 3314 747 umbracnlum
3341 709 3407 748 ac
3431 709 3532 764 pa-

1930 779 2235 844 trocinium,
2261 780 2570 851 imperaque
2594 797 2657 837 ac
2679 782 2959 840 dominare
2982 784 3076 839 illi.
3105 783 3435 843 Tantumne
3461 787 3530 844 ad

1929 871 2271 938 parricidium
2305 873 2583 942 prosilias,
2615 890 2788 944 neque
2817 875 2882 930 ad
2911 876 3136 947 impiam
3175 878 3320 933 illam
3351 895 3534 935 erum-

1927 975 2024 1028 pas
2051 961 2277 1018 cmdem.
2302 963 2500 1018 Verum
2531 979 2599 1018 ne
2625 965 2701 1019 sic
2732 965 2947 1035 quidem
2979 969 3320 1037 auscultavit,
3351 986 3531 1041 neque

1911 1055 2233 1123 conquievit
2264 1074 2277 1109 :
2311 1056 2405 1111 sed
2445 1057 2648 1111 credem
2690 1059 2832 1111 illam
2866 1061 3212 1128 perpetravit,
3249 1061 3528 1118 dexteram

1929 1146 1980 1200 in
2009 1147 2299 1202 fraternum
2324 1149 2544 1204 immisit
2561 1150 2826 1220 jugulum.
2850 1151 2987 1218 Quid
3017 1152 3211 1222 igitur?
3231 1153 3370 1208 Num
3394 1154 3534 1210 dixit

1929 1237 2091 1304 Deus,
2121 1224 2359 1294 sinamus
2389 1239 2537 1294 illum
2579 1242 2629 1294 in
2660 1243 2975 1311 posterum?
2998 1243 3134 1309 Quid
3166 1247 3389 1314 posthac
3427 1243 3534 1300 erit

1927 1330 2104 1384 lucri?
2155 1330 2489 1400 Perpetravit
2539 1333 2921 1401 parricidium,
2974 1336 3227 1389 mactavit
3268 1334 3528 1401 fratrem,

1927 1423 2250 1491 contempsit
2274 1421 2692 1478 admonitionem
2719 1439 2918 1491 meam,
2955 1425 3251 1480 insanabile
3276 1426 3531 1481 minime-

1927 1529 2030 1583 que
2055 1515 2465 1570 condonandum
2496 1516 2846 1572 homicidium
2885 1533 3048 1573 ausus
3083 1528 3165 1574 est
3192 1528 3526 1590 perpetrare,

1931 1606 2124 1675 talique
2154 1621 2216 1659 ac
2247 1616 2386 1660 tanta
2419 1607 2668 1676 dignatus
2695 1609 3056 1664 sollicitudine
3086 1625 3202 1665 mea
3226 1651 3242 1676 ,
3285 1610 3530 1666 doctrina

1928 1705 1980 1748 et
2009 1696 2232 1767 consilio
2258 1714 2270 1749 :
2295 1706 2484 1751 cuncta
2514 1697 2600 1750 illa
2635 1698 2835 1766 pepulit
2861 1691 3154 1765 exanimo,
3181 1715 3284 1755 nec
3307 1699 3410 1754 ulla
3439 1715 3530 1754 ra-

1929 1786 2073 1841 tione
2120 1801 2414 1842 conversus
2455 1796 2556 1842 est.
2607 1789 2894 1843 Deseratur
2937 1791 3096 1859 igitur
3139 1791 3190 1844 in
3231 1800 3527 1859 posterum,

1927 1892 1991 1932 ac
2021 1878 2290 1947 projectus
2322 1889 2459 1944 esto,
2490 1894 2591 1933 nec
2623 1880 2734 1933 ullo
2763 1895 2886 1934 meo
2924 1890 3175 1950 respectu
3205 1881 3396 1950 dignus
3429 1881 3529 1934 ba-

1926 1970 2136 2024 beatur.
2166 1969 2309 2024 Nihil
2337 1970 2443 2024 tale
2475 1971 2613 2025 Deus
2643 1971 2797 2036 dixit,
2823 1971 2912 2026 vel
2954 1971 3080 2027 fecit
3108 1991 3120 2026 :
3147 1973 3243 2028 sed
3282 1973 3346 2028 ad
3379 1974 3528 2028 illum

1925 2062 2074 2116 venit
2101 2061 2312 2127 denuo,
2347 2071 2400 2117 ct
2430 2061 2650 2132 corrigit
2695 2063 2968 2118 hominem
2991 2104 3005 2130 ,
3039 2044 3224 2118 dicens
3262 2081 3276 2116 :
3314 2063 3413 2119 Ubi
3458 2073 3532 2118 est

1926 2153 2056 2206 Abel
2083 2155 2243 2222 frater
2271 2153 2431 2207 tuus?
2461 2155 2538 2207 Ac
2578 2168 2646 2208 ne
2686 2153 3014 2209 inficiantem
3042 2152 3257 2223 quidem
3291 2155 3528 2221 deserit,

1926 2244 2021 2300 sed
2075 2243 2159 2299 vel
2209 2244 2434 2299 invitum
2484 2244 2649 2315 adigit
2697 2245 2763 2299 ad
2815 2245 3067 2300 facinoris
3107 2246 3528 2303 confessionem.

1927 2335 2166 2406 Cumque
2198 2338 2438 2403 dixisset,
2484 2337 2704 2404 Nescio,
2738 2339 2813 2392 ait
2843 2358 2857 2394 :
2895 2339 3008 2392 Vox
3045 2341 3313 2411 sanguinis
3352 2342 3532 2410 fratris

1926 2428 1999 2480 tui
2018 2428 2203 2508 clamat.
2231 2429 2300 2481 ad
2327 2446 2404 2481 me
2431 2429 2494 2482 de
2521 2438 2654 2482 terra
2680 2429 2833 2502 (Gen.
2861 2432 2915 2484 4.
2940 2431 2994 2485 9.
3020 2433 3132 2501 10).
3159 2433 3312 2501 Ipsa},
3338 2417 3530 2503 inquit,

1927 2533 2013 2572 res
2061 2519 2350 2587 praedicant
2403 2528 2454 2574 te
2503 2519 2794 2574 homicidio
2837 2521 3190 2592 inquinatum.
3227 2522 3367 2590 Quid
3405 2524 3530 2579 ille?

1928 2608 2104 2680 Majas
2131 2620 2202 2664 est
2226 2623 2488 2680 peccatum
2517 2629 2705 2679 meum,
2736 2631 2889 2682 quant
2918 2624 2972 2667 ut
3002 2617 3124 2669 milii
3149 2617 3455 2682 remittatur,
3482 2627 3532 2671 et

1924 2701 1970 2754 si
2017 2702 2194 2771 ejicias
2236 2719 2316 2755 me
2359 2704 2423 2758 de
2469 2714 2625 2770 terra,
2671 2705 2822 2758 etiant
2867 2723 2899 2758 a
2942 2708 3075 2776 facie
3113 2717 3200 2761 tua
3240 2709 3532 2763 occultabor

1930 2791 2089 2862 (Ibid.
2117 2809 2165 2847 υ.
2197 2795 2281 2848 15.
2318 2788 2426 2865 id).
2463 2795 2630 2866 llnjus
2651 2797 2918 2851 sermonis
2940 2801 3201 2854 sententia
3231 2801 3306 2854 sic
3329 2801 3487 2856 habet
3516 2819 3528 2854 :

1925 2887 2170 2955 graviora
2200 2888 2412 2955 quidem
2443 2890 2709 2954 commisi,
2746 2906 2904 2958 quam
2949 2901 3006 2945 ut
3036 2894 3244 2946 veniam
3279 2909 3528 2948 merean-

1928 2988 2032 3043 tur,
2057 2989 2149 3033 aut
2177 2981 2421 3034 excusari
2455 2984 2664 3050 possint
2693 2992 2785 3037 aut
2810 2984 3164 3039 condonanda
3187 2989 3326 3049 sint;
3360 2987 3452 3042 scd
3483 2989 3530 3043 si

1923 3071 2059 3124 velis
2101 3072 2280 3125 ulcisci
2327 3072 2467 3142 quod
2512 3071 2711 3127 factum
2753 3083 2864 3138 est,
2896 3076 3147 3129 omnibus
3176 3075 3402 3145 objiciar
3441 3089 3533 3132 tuo

1924 3162 2124 3215 auxilio
2146 3161 2455 3216 destitutus.
2485 3163 2622 3229 Quid
2653 3164 2812 3239 igitur
2841 3166 3018 3220 Deus?
3042 3165 3164 3221 Non
3193 3168 3287 3231 sic,
3319 3158 3528 3239 inquit;

1922 3253 2145 3322 quisquis
2175 3253 2417 3306 occiderit
2448 3254 2595 3319 Cain,
2620 3235 2810 3324 septeni
2850 3247 3099 3311 vindictas
3151 3235 3529 3332 persolvet—(Ib.

1922 3356 1970 3393 υ.
2011 3345 2123 3414 15).
2157 3345 2237 3399 Ne
2263 3355 2491 3411 metuas,
2522 3348 2714 3417 inquit,
2742 3349 2880 3414 hoc;
2915 3351 3062 3404 vives
3087 3351 3302 3422 longam
3327 3353 3527 3421 vitam,

1926 3449 1991 3490 ac
2030 3435 2075 3490 si
2108 3437 2230 3505 quis
2261 3445 2310 3491 te
2338 3437 2624 3503 occiderit,
2667 3439 2929 3495 obnoxius
2958 3442 3060 3495 erit
3101 3444 3284 3498 multis
3325 3445 3531 3513 suppli-

1925 3529 2044 3583 ciis.
2082 3529 2218 3584 Nam
2245 3533 2583 3600 septenarius
2611 3548 2868 3588 numerus
2900 3534 2952 3588 in
2982 3534 3273 3605 Scriptnris
3307 3538 3529 3592 infinita:

1926 3620 2286 3674 multitudinis
2331 3622 2778 3692 significationem
2825 3625 3004 3680 habet.
3055 3628 3318 3693 Quoniam
3365 3629 3530 3699 igitur

1927 3709 2055 3765 Cain
2087 3713 2268 3767 multis
2299 3715 2576 3785 suppliciis
2611 3717 2874 3771 obnoxius
2908 3728 3023 3772 erat
3046 3760 3061 3785 ,
3093 3721 3350 3775 anxietati
3371 3762 3387 3785 ,
3420 3731 3531 3777 tre-

1928 3805 2100 3872 mori,
2139 3807 2408 3876 suspiriis,
2453 3810 2695 3875 muarori,
2728 3812 3067 3867 dissolutioni
3111 3819 3355 3886 corporis
3388 3835 3402 3872 ε
3437 3820 3530 3888 qui

1927 3898 2205 3967 occiderit,
2233 3901 2424 3970 inquit,
2457 3911 2529 3968 te,
2554 3913 2607 3958 et
2636 3905 2704 3958 ab
2731 3905 2834 3959 illis
2855 3907 3083 3964 vinculis
3114 3909 3376 3975 liberarit,
3410 3913 3538 3982 ipse,

1927 3992 1982 4046 in
2021 4008 2078 4048 se
2104 3993 2368 4049 vindictas
2393 4007 2653 4052 aceerset.
2685 4000 2762 4053 Ac
2798 4000 3008 4055 videtur
3047 4003 3264 4072 quidem
3298 4004 3350 4058 id
3377 4007 3524 4076 quod

1927 4087 2140 4153 dicitur,
2165 4091 2518 4147 vehementer
2542 4100 2694 4148 atrox
2731 4108 2870 4161 esse,
2915 4111 3035 4149 cum
3064 4105 3251 4151 contra
3292 4098 3530 4154 declaret

1926 4180 2140 4248 Domini
2171 4182 2620 4238 benevolentiam.
2652 4184 2862 4240 Etenim
2896 4187 3036 4241 Deus
3071 4188 3256 4243 volens
3282 4198 3530 4259 posteros

1927 4271 1994 4325 ad
2024 4274 2430 4344 temperantiam
2460 4274 2749 4344 adducere,
2774 4276 2880 4330 tale
2902 4278 3150 4349 supplicii
3173 4295 3342 4350 genus
3369 4296 3532 4336 exco-

1925 4367 2134 4436 gitavit,
2171 4366 2313 4436 quod
2343 4368 2472 4423 Cain
2505 4384 2532 4421 a
2570 4379 2792 4438 peccato
2823 4381 3008 4440 posset
3037 4372 3290 4429 liberare.
3321 4374 3454 4428 Nam
3484 4376 3528 4430 si

1927 4458 2169 4526 protinus
2191 4458 2342 4511 illttm
2368 4458 2742 4526 interfecisset,
2768 4461 2990 4516 abiisset
3009 4463 3224 4532 quidem
3250 4476 3528 4532 peccatum

1926 4547 1980 4601 in
2027 4563 2148 4602 sese
2197 4557 2400 4603 tectum
2453 4548 2656 4613 ferens,
2705 4565 2879 4620 neque
2924 4552 3158 4620 posteris
3209 4555 3322 4607 ullo
3373 4566 3530 4624 pacto

1929 4637 2119 4694 fuisset
2143 4641 2408 4710 cognitus.
2440 4641 2590 4697 Nunc
2628 4651 2808 4698 autem
2847 4647 3144 4714 permissus
3189 4649 3356 4702 multo
3386 4657 3527 4705 tem~

1927 4746 2057 4800 pore
2087 4732 2269 4787 vivere
2293 4733 2346 4787 in
2375 4733 2468 4788 illo
2499 4742 2755 4798 tremore,
2783 4734 2968 4790 docuit
2987 4737 3176 4792 obvios
3197 4741 3530 4810 omnestipso

1926 4835 2164 4895 aspectu,
2185 4827 2630 4899 vacillationeque
2651 4830 2850 4896 carnis,
2875 4830 3191 4899 exhortans,
3221 4848 3288 4888 ne
3314 4836 3531 4904 quando

1927 4921 2117 4974 similia
2147 4921 2427 4987 auderent,
2457 4937 2525 4976 ne
2553 4922 2747 4977 similia
2779 4932 3112 4992 paterentur,
3144 4925 3304 4981 simul
3332 4937 3387 4981 et
3415 4928 3530 4996 ipse

1927 5011 2271 5068 redditusoest
2301 5012 2510 5068 melior.
2539 5012 2672 5067 Nam
2702 5022 2904 5068 tremor
2930 5024 2984 5068 et
3013 5015 3171 5070 timor
3191 5032 3254 5071 ac
3279 5000 3383 5072 vita
3405 5033 3527 5072 cum

1926 5097 2194 5162 anxietate
2227 5115 2461 5175 peracta,
2491 5107 2840 5178 corporisque
2880 5108 3184 5175 dissolutio,
3218 5111 3379 5164 veluti
3409 5114 3529 5165 vin-

1926 5202 2048 5254 culo
2109 5198 2359 5270 quapiam
2415 5200 2739 5254 constrinxit
2794 5200 2943 5254 illum
2979 5239 2994 5266 ,
3057 5216 3230 5270 neque
3285 5203 3528 5271 permisit

1925 5289 2102 5344 denuo
2127 5288 2194 5343 ad
2220 5289 2394 5343 simile
2433 5288 2640 5343 facinus
2669 5305 3038 5359 prorumpere,
3069 5300 3122 5346 et
3162 5291 3360 5361 prioris
3394 5294 3523 5348 assi-

1925 5384 2029 5437 due
2059 5381 2490 5448 commonefecit,
2531 5391 2598 5437 et
2626 5383 2839 5436 interim
2879 5383 3046 5453 ipsius
3073 5384 3307 5438 animam
3334 5384 3526 5440 mode-

1925 5476 2186 5530 rationem
2214 5474 2469 5529 reddidit.

1995 5569 2048 5621 5.
2091 5563 2196 5620 Cur
2226 5566 2353 5620 Cain
2383 5573 2641 5637 peccatum
2677 5582 2825 5620 suum
2847 5583 2947 5620 non
2979 5567 3157 5620 abluit.
3185 5597 3255 5607 —
3276 5566 3382 5623 Sed
3412 5567 3525 5625 haec

1927 5656 2162 5727 loquenti
2194 5656 2324 5710 mihi
2349 5657 2497 5712 venit
2525 5657 2578 5711 in
2607 5666 2862 5724 mentem,
2912 5667 2970 5712 ut
3009 5659 3059 5712 in
3087 5659 3321 5714 medium
3357 5659 3521 5715 addu-

1925 5763 2063 5813 cam,
2095 5763 2435 5819 qumramque
2468 5750 2817 5820 quamobrem
2844 5750 3078 5819 tandem,
3105 5767 3226 5806 cum
3249 5763 3522 5821 peccatum

1929 5855 2084 5897 suum
2128 5849 2270 5896 esset
2292 5838 2608 5911 confessus,
2637 5839 2943 5915 factumque
2971 5842 3302 5910 damnasset,
3335 5845 3528 5901 dicens
