4142 6332
719 343 817 400 931

717 476 779 517 se
805 461 1006 529 majora
1037 467 1303 530 peccasse,
1331 475 1488 531 quam
1518 472 1575 516 ut
1597 463 1805 517 veniam
1837 472 2154 530 mereretur,
2182 465 2301 519 nul-

720 552 880 622 laque
915 552 1259 606 excusatione
1292 567 1350 607 se
1378 551 1597 622 dignum
1635 544 1785 619 esse,
1822 569 1925 608 non
1960 557 2188 625 potuerit
2212 557 2305 610 ab-

720 641 871 697 luere
893 649 1139 710 peceata;
1171 656 1289 696 cum
1323 642 1579 712 propheta
1605 643 1782 698 dicat:
1816 643 1912 697 Dic
1939 647 1992 699 tu
2019 645 2304 712 iniquitates

662 762 665 767 -
719 738 832 785 tuas
857 726 1017 801 prior,
1042 740 1098 784 ut
1114 732 1413 802 justiﬁceris
1450 730 1502 803 (Ι
1506 735 1601 786 sai.
1635 734 1722 787 45.
1763 734 1896 803 ‘26);
1924 734 2016 789 sed
2045 735 2302 790 condem-

717 832 875 875 natus
904 820 1101 875 fuerit?
1131 821 1388 886 Quoniam
1408 850 1413 855 ι
1432 836 1537 876 non
1562 822 1711 884 dixit,
1744 831 1809 877 ut.
1832 823 1993 893 jussit
2021 824 2300 895 propheta.

721 908 831 963 Non
860 910 1001 964 enim
1043 898 1355 980 simpliciter
1380 912 1536 978 dixit,
1565 913 1651 967 dic
1691 914 1994 983 iniquitates
2025 923 2173 969 tuas:
2206 916 2303 972 sed

718 999 883 1068 quid?
906 998 1001 1053 Dic
1022 1010 1073 1053 tu
1096 1002 1236 1072 prior
1253 1003 1538 1071 iniquitates
1557 1012 1690 1057 tuas.
1716 1004 1866 1071 Quod
1889 1007 2164 1074 quaeritur,
2198 1006 2302 1062 hoc

720 1099 839 1154 est;
873 1107 976 1144 non
1004 1092 1315 1161 simpliciter
1332 1107 1453 1149 esse
1481 1094 1753 1160 dicendas,
1785 1096 1879 1150 sed
1908 1098 2052 1165 prius
2074 1098 2196 1152 esse
2220 1099 2303 1153 di-

716 1183 914 1238 cendas
938 1201 952 1238 :
976 1200 1079 1238 non
1101 1186 1511 1254 exspectandam
1534 1187 1961 1255 redargutionem
1984 1190 2299 1243 accusantis.

717 1272 815 1327 Hic
841 1284 1015 1329 autem
1044 1291 1148 1329 non
1177 1276 1309 1329 dixit
1334 1277 1497 1346 prior,
1515 1277 1605 1335 sed
1624 1279 1967 1347 exspectavit,
1991 1279 2161 1333 donec
2181 1280 2305 1334 red-

715 1374 1029 1433 argueretur
1071 1381 1101 1420 a
1145 1366 1256 1441 Deo
1300 1384 1312 1420 :
1363 1368 1490 1435 quin
1528 1368 1740 1437 potius,
1793 1370 1884 1423 illo
1927 1369 2297 1439 redarguente,

715 1456 943 1523 negavit.
976 1449 1263 1533 Postquam
1286 1463 1462 1511 autem
1488 1459 1655 1513 semel
1698 1457 1888 1513 factum
1919 1468 2001 1513 est
2024 1470 2301 1529 peccatum

712 1545 909 1613 palam,
943 1554 1054 1600 tum
1084 1546 1216 1601 dixit
1243 1560 1539 1616 peccatum,
1563 1564 1679 1618 quae
1705 1546 1918 1619 quidem
1951 1566 2054 1604 non
2085 1563 2165 1605 est
2188 1552 2299 1622 jam

712 1636 1001 1691 confessio.
1048 1638 1277 1693 Proinde
1324 1648 1376 1693 tu
1417 1654 1646 1709 quoque,
1692 1639 1904 1707 dilecte,
1952 1650 2073 1696 etim
2110 1657 2308 1712 pecea-

713 1728 889 1794 veris,
945 1744 1010 1783 ne
1058 1730 1415 1799 exspectaris,
1468 1741 1524 1785 ut
1577 1732 1643 1787 ab
1692 1732 1800 1787 alio
1855 1734 2153 1800 accuseris;
2206 1734 2299 1790 sed

712 1820 1019 1889 priusquam
1044 1821 1313 1877 accuseris
1338 1838 1401 1877 ac
1428 1822 1710 1890 deferaris;
1742 1832 1798 1877 tu
1840 1824 2138 1885 condemna
2182 1842 2300 1896 quae

714 1907 846 1963 facta
876 1921 1020 1968 sunt.
1070 1912 1199 1966 Nam
1234 1915 1278 1969 si
1317 1914 1433 1984 quis
1462 1914 1598 1968 alius
1636 1915 1828 1969 deinde
1860 1924 1909 1969 te
1947 1917 2296 1986 redarguerit,

712 2015 819 2054 non
843 2002 951 2071 jam
985 2012 1088 2057 tum
1114 2004 1466 2059 confessionis
1497 2016 1577 2059 est
1618 2005 1849 2061 officium
1870 2047 1885 2073 ,
1919 2008 2012 2061 sed
2040 2008 2179 2063 illius
2208 2009 2299 2079 qui

712 2101 922 2145 accusat
948 2096 1230 2149 correctio.
1272 2095 1607 2165 Quapropter
1647 2105 1701 2152 et
1734 2097 1869 2153 alius
1908 2101 2168 2169 quispiam
2212 2101 2296 2155 in-

710 2184 854 2251 quit,
884 2182 1063 2237 Justus
1108 2187 1187 2239 sui
1227 2187 1387 2255 ipsius
1430 2198 1693 2241 accusator
1714 2198 1782 2240 est
1813 2191 1864 2241 in
1904 2192 2150 2261 principio
2194 2208 2300 2245 ser-

709 2274 871 2325 monis
902 2273 1079 2343 (Prov.
1120 2277 1204 2330 18.
1240 2276 1348 2348 l7).
1379 2277 1559 2346 Itaque
1595 2295 1698 2332 non
1733 2279 1832 2333 hoc
1864 2290 1946 2334 est
1984 2282 2123 2351 quod
2154 2298 2298 2352 quat-

709 2362 862 2431 ritur,
896 2372 951 2417 ut
978 2380 1195 2420 accuses
1236 2369 1459 2435 teipsum
1485 2410 1498 2431 ,
1529 2369 1622 2423 scd
1665 2379 1719 2425 ut
1745 2371 1891 2438 prior
1946 2373 2171 2442 teipsum
2208 2389 2296 2427 ac-

710 2468 887 2519 cuses,
917 2469 1017 2508 nec
1045 2465 1294 2525 expectes
1316 2458 1384 2511 ab
1414 2459 1531 2512 aliis
1556 2460 2005 2529 redargutiouem.

780 2544 965 2601 Petrus
991 2550 1240 2617 quomodo
1262 2550 1419 2605 abluit
1439 2564 1697 2620 peccatum
1714 2571 1860 2607 suum
1880 2573 1899 2620 ;
1918 2557 1962 2608 ei
1982 2557 2114 2611 orbis
2131 2565 2295 2611 terra-

708 2652 823 2689 rum
858 2640 1474 2695 commissum—Petrus
1516 2643 1691 2711 itaque
1738 2654 1856 2713 post
1895 2662 2110 2715 gravem
2150 2650 2292 2705 illam

711 2718 1068 2797 negationem,
1104 2732 1353 2799 quoniam
1378 2733 1623 2787 celeriter
1645 2750 1797 2789 suum
1826 2737 1992 2806 ipsius
2015 2748 2290 2806 peccatum

707 2819 1017 2875 recordatus
1058 2832 1171 2887 cst,
1204 2824 1453 2893 nulloque
1491 2835 1775 2882 accusante
1819 2828 1959 2883 dixit
1993 2842 2288 2900 peccatum,

708 2909 957 2983 flevitque
997 2928 1216 2967 amare:
1262 2916 1338 2968 sic
1384 2915 1550 2969 abluit
1590 2917 1733 2971 illam
1765 2918 2191 2990 abnegationem,
2232 2932 2293 2977 ut

705 3004 863 3057 etiam
887 3004 1087 3072 primus
1100 3006 1462 3074 apostolorum
1480 3007 1635 3062 fuerit
1654 3008 1843 3077 factus,
1865 3012 2018 3081 eique
2035 3021 2174 3068 totus
2194 3022 2299 3069 ter-

706 3082 884 3149 rarum
907 3095 1052 3150 orbis
1072 3092 1390 3153 Commissus
1410 3098 1588 3153 fuerit.
1608 3099 1712 3156 Sed
1730 3102 1868 3171 quod
1887 3103 2128 3159 dicebam
2147 3106 2290 3175 (nam

705 3197 919 3257 oportet
943 3188 1009 3242 ad
1033 3190 1084 3243 id
1110 3191 1249 3259 quod
1278 3182 1604 3262 propositum
1634 3202 1717 3248 est
1734 3194 1950 3265 reverti)
1976 3196 2106 3250 satis
2135 3197 2289 3252 nobis

708 3296 775 3337 ex
822 3281 903 3335 his
948 3282 1381 3349 demonstratur,
1424 3300 1531 3339 non
1578 3274 1828 3355 oportere
1874 3287 2067 3343 fratres
2111 3289 2288 3359 lapsos

709 3375 997 3444 negligere,
1032 3391 1204 3446 neque
1228 3386 1596 3444 contemnere,
1626 3394 1808 3434 verum
1836 3382 2141 3450 pmSpicere
2165 3383 2287 3453 qui-

704 3464 826 3519 dem
868 3467 969 3521 illis
994 3479 1117 3523 ante
1141 3478 1435 3538 peccatum,
1471 3478 1724 3525 caeterum
1760 3472 1919 3527 etiam
1949 3482 2069 3542 post
2099 3488 2287 3543 pecca-

706 3565 818 3611 tum
865 3560 1082 3613 multam
1121 3576 1242 3629 erga
1290 3560 1407 3614 illos
1439 3571 1691 3629 praestare
1732 3578 1934 3617 curam.
1976 3562 2159 3618 Itidem
2205 3564 2284 3618 fa-

706 3649 853 3703 ciunt
882 3660 935 3704 et
962 3651 1151 3706 medici
1184 3670 1195 3704 :
1226 3655 1575 3722 praescribunt
1599 3642 1738 3709 enim
1766 3671 1827 3709 ac
1854 3657 2164 3726 praecipiunt
2193 3659 2287 3713 ho;

705 3740 956 3807 minibus,
987 3757 1103 3811 quae
1127 3745 1573 3817 possuntillorum
1599 3747 1956 3805 valetudinem
1990 3751 2143 3813 tueri,
2170 3765 2287 3805 om-

703 3845 934 3911 nemque
963 3833 1205 3888 morbum
1232 3836 1546 3891 excludere:
1571 3829 1821 3893 cmlerum
1844 3840 1930 3893 ubi
1957 3841 2287 3911 neglexerint

701 3907 1043 3992 praescripta,
1074 3935 1126 3979 et
1170 3926 1220 3979 in
1258 3927 1615 3982 valetudinem
1661 3930 1942 3986 adversam
1981 3907 2280 4001 inciderint,

705 4027 812 4065 non
841 4014 1115 4083 negligunt
1141 4030 1233 4069 eos
1276 4016 1397 4085 ipsi,
1427 4017 1519 4072 sed
1550 4026 1659 4072 tum
1689 4020 1917 4076 maxime
1948 4024 2165 4077 multam
2188 4024 2284 4079 ad-

701 4103 886 4159 hibent
932 4107 1364 4174 sollicitudinem,
1397 4126 1507 4180 quo
1555 4111 1672 4167 illos
1726 4115 1917 4169 morbo
1957 4116 2150 4173 levent.
2192 4118 2282 4173 ld—

700 4196 874 4266 ipsutn
894 4209 945 4251 et
962 4198 1156 4271 Paulus
1168 4198 1406 4270 fecit,qui
1421 4218 1539 4256 eum
1559 4204 1646 4272 qui
1664 4214 1903 4273 stuprum
1918 4209 2279 4275 commiserat,

698 4299 822 4359 post
851 4289 975 4343 illud
1000 4300 1298 4359 peccatum,
1329 4294 1468 4362 quod
1495 4309 1563 4348 ne
1589 4294 1726 4349 inter
1742 4301 1933 4366 gentes
1958 4300 2169 4368 quidem
2196 4303 2279 4356 in-

701 4379 1030 4445 veniebatur,
1065 4396 1172 4435 non
1194 4384 1515 4453 contempsit
1543 4401 1555 4438 :
1593 4400 1770 4439 verum
1792 4388 1952 4441 etiam
1984 4387 2165 4444 frenos
2190 4405 2278 4446 re-

698 4481 997 4539 spuentcm,
1032 4488 1132 4526 nec
1161 4474 1476 4529 medicinam
1534 4477 1815 4532 admittere
1861 4480 2159 4546 volentem,
2204 4481 2281 4536 la-

695 4563 1004 4617 scivientem
1023 4578 1084 4617 ac
1109 4565 1452 4631 resilientem,
1478 4567 1765 4623 reduxitad
1787 4571 2099 4625 sanitatem:
2132 4581 2186 4628 et
2208 4573 2278 4628 ita

696 4655 936 4722 reduxit,
992 4666 1049 4710 ut
1110 4659 1457 4728 conjungeret
1500 4675 1707 4715 rursum
1763 4664 1975 4733 corpori
2025 4665 2277 4720 Ecclesiae

698 4745 892 4800 (ἴσον.
924 4747 1002 4818 5).
1029 4748 1209 4819 Neque
1229 4749 1361 4803 dixit
1385 4751 1524 4819 apud
1543 4766 1659 4806 sese
1684 4770 1695 4804 :
1725 4753 1850 4823 quid
1879 4754 1978 4808 hoc
2003 4756 2277 4824 proderit?

693 4852 813 4907 quae
851 4838 977 4894 hinc
1006 4840 1240 4895 utilitas?
1270 4850 1509 4911 stuprum
1533 4842 1820 4911 commisit,
1854 4856 2126 4914 peccatum
2154 4862 2276 4916 per-

694 4931 941 5000 petravit,
972 4948 1071 4987 nec
1112 4933 1224 4987 vult
1253 4932 1513 4988 desistere
1557 4950 1586 4988 a
1618 4935 1827 4990 lascivia
1850 4954 1864 5000 ;
1887 4947 2072 4992 verum
2111 4947 2164 4992 et
2189 4940 2274 4995 in,

692 5022 851 5078 ﬂatus
880 5034 984 5090 est,
1012 5034 1064 5079 et
1086 5025 1187 5079 sibi
1216 5026 1407 5095 placet,
1436 5034 1491 5080 et
1520 5027 1904 5083 immedicabile
1930 5030 2120 5086 vulnus
2145 5031 2272 5087 red-

691 5115 771 5170 dit
798 5133 811 5169 :
841 5116 1077 5171 sinamus
1104 5118 1259 5187 igitur
1285 5119 1435 5174 illum
1464 5134 1527 5174 ac
1554 5119 1882 5177 deseramus.
1911 5122 2050 5177 Nihil
2079 5124 2271 5179 horum

690 5205 825 5261 dixit
849 5224 862 5260 :
895 5208 989 5262 sed
1021 5217 1234 5277 propter
1261 5209 1363 5284 hoc
1391 5211 1562 5281 ipsum
1591 5213 1820 5267 maxime
1846 5214 2013 5268 multa
2041 5230 2165 5269 usus
2192 5226 2274 5275 est

686 5311 827 5367 erga
848 5298 991 5353 illum
1023 5299 1377 5373 sollicitudine
1399 5342 1414 5365 ,
1442 5302 1583 5371 quod
1611 5301 1677 5357 ad
1705 5302 1984 5359 nefandam
2014 5306 2270 5360 malitiam

689 5387 893 5444 videret
920 5390 1065 5444 illum
1092 5406 1210 5446 esse
1239 5392 1542 5462 delapsum,
1572 5410 1744 5465 neque
1780 5397 2008 5451 cessavit
2043 5408 2266 5466 terrere,

686 5478 899 5545 minari,
921 5481 1109 5550 punire
1136 5491 1245 5538 tum
1267 5499 1361 5554 per
1381 5500 1520 5549 sese,
1543 5493 1653 5541 tum
1678 5503 1772 5559 per
1793 5488 1924 5544 alios
1943 5490 2263 5559 complures,

690 5569 821 5623 nihil
851 5586 954 5626 non
984 5571 1215 5640 faciens,
1246 5577 1378 5631 nihil
1408 5593 1514 5632 non
1546 5585 1785 5646 tentans,
1814 5579 1986 5636 donec
2021 5581 2167 5637 illum
2199 5582 2266 5638 ad

686 5661 1008 5727 agnitionem
1029 5670 1227 5736 peccati
1250 5670 1604 5739 perduxisset,
1627 5671 1923 5729 adsensum
1948 5673 2262 5745 iniquitatis,

682 5764 957 5825 postremo
996 5759 1167 5817 donec
1208 5761 1381 5831 ipsum
1424 5763 1700 5834 liberasset
1747 5764 1812 5821 ab
1852 5767 1997 5823 omni
2037 5768 2261 5823 macula.

1416 340 1472 399 S.
1511 343 1790 401 JOANNIS
1827 344 2307 405 CHRYSOSTOMI
2345 348 2666 409 ARClllEP.
2706 352 3231 414 CONSTANTINOP.

3886 370 3986 425 932

2416 467 2527 522 Hoc
2553 484 2684 523 sane
2711 469 2868 525 facito
2900 482 2952 525 tu
2982 488 3193 543 quoque
3221 490 3235 528 :
3275 475 3481 533 imitare
3505 477 3903 537 Samaritanum
3931 485 3989 539 il-

2410 559 2540 626 lum,
2570 563 2656 630 qui
2687 562 2738 615 in
2771 563 3055 634 Evangelio
3088 574 3294 621 tantam
3319 582 3442 637 erga
3472 570 3815 641 vulneratum
3858 575 3991 631 hunc

2411 653 2656 720 praestitit
2676 654 3085 710 sollicitudinem
3105 657 3144 710 ⁸.
3161 656 3366 711 Etenim
3382 659 3488 714 illic
3506 662 3764 729 praeteriit
3782 664 3959 719 Levita
3972 706 3990 731 ,

2410 744 2665 812 praeteriit
2694 735 3021 813 Pbarisaeus,
3050 763 3113 803 ac
3138 758 3326 805 neuter
3359 750 3576 807 deflexit
3601 754 3668 807 ad
3700 754 3987 824 jacentem.

2410 837 2506 891 sed
2552 838 2901 893 inclementer
2943 840 3333 911 crudeliterque
3368 843 3552 898 relicto
3594 846 3688 899 illo
3723 847 3986 903 abierunt.

2409 929 2773 987 Samaritanus
2800 942 2975 987 autem
3005 935 3263 1003 quispiam
3286 975 3300 1000 ,
3327 934 3415 1005 qui
3455 935 3600 989 nulla
3642 954 3708 991 ex
3738 948 3889 1007 parte
3917 939 3986 994 illi

2408 1022 2724 1091 conjunctus
2750 1033 2886 1089 erat,
2918 1022 3023 1077 non
3052 1025 3426 1093 pmtercurrit,
3454 1026 3545 1080 sed
3578 1041 3869 1081 accurrens
3892 1030 3986 1082 mi-

2409 1121 2582 1167 sertus
2603 1122 2703 1178 est,
2735 1114 3010 1168 instillavit
3034 1115 3208 1169 oleum
3236 1129 3298 1168 ac
3324 1116 3523 1181 vinum,
3548 1117 3802 1185 imposuit
3820 1118 3981 1183 asino,

2408 1202 2557 1258 duxit
2584 1204 2647 1257 ad
2685 1204 3057 1267 diversorium,
3101 1205 3376 1274 pecuniam
3422 1206 3614 1274 partim
3655 1206 3804 1260 dedit
3852 1223 3984 1277 pra:-

2408 1307 2636 1364 sentem,
2684 1297 2873 1365 partim
2906 1297 3169 1366 pollicitus
3212 1307 3291 1351 est
3320 1313 3417 1368 pro
3458 1298 3595 1367 ejus,
3626 1300 3717 1369 qui
3762 1299 3982 1354 nihilad

2411 1389 2580 1457 ipsum
2621 1388 2938 1458 pertinebat,
2968 1390 3242 1443 curatione
3280 1388 3428 1460 (Luc.
3457 1388 3544 1443 10.
3578 1389 3666 1444 50.
3694 1391 3856 1460 sqq.),
3889 1406 3982 1443 nec

2407 1479 2537 1533 dixit
2565 1479 2700 1547 apud
2741 1493 2860 1534 sese
2889 1497 2901 1533 :
2933 1495 3049 1549 qua:
3094 1480 3223 1534 mihi
3269 1495 3394 1534 cura
3421 1488 3503 1535 est
3543 1480 3735 1534 istius?
3759 1482 3981 1536 Samari-

2407 1578 2562 1623 tanus
2604 1586 2756 1635 sunt;
2787 1570 2917 1623 nihil
2959 1571 3086 1624 mihi
3128 1586 3247 1624 cum
3296 1571 3423 1636 illo;
3457 1572 3637 1640 procul
3679 1571 3981 1625 absumus:

2404 1662 2638 1727 civitate,
2666 1674 2718 1717 et
2742 1662 2831 1717 ille
2852 1678 2919 1717 ne
2940 1662 3141 1732 ingredi
3163 1664 3375 1733 quidem
3410 1675 3601 1734 potest.
3629 1665 3764 1733 Quid
3787 1673 3979 1728 autem,

2406 1756 2451 1809 si
2484 1757 2619 1810 ferre
2664 1770 2768 1809 non
2816 1756 2984 1825 possit
3013 1756 3110 1811 vizc
3158 1756 3560 1826 longitudinem,
3610 1769 3879 1811 mortuum
3908 1757 3981 1810 af-

2404 1846 2611 1903 feram?
2636 1848 2924 1920 capiendus
2968 1865 3081 1903 sum
3110 1850 3177 1905 ob
3203 1848 3402 1905 caedem
3420 1890 3435 1915 ,
3466 1850 3731 1904 obnoxius
3770 1866 3867 1905 ero
3893 1849 3981 1902 bo-

2404 1940 2658 1993 micidio?
2681 1941 2773 1994 llis
2800 1956 2927 1994 sane
2956 1941 3022 1995 de
3052 1941 3225 1995 causis
3250 1941 3399 1994 multi
3428 1955 3570 2009 saepe
3597 1949 3979 2009 praetereuntes

2406 2046 2468 2086 ac
2499 2031 2740 2086 videntes
2769 2030 3012 2086 homines
3040 2033 3347 2087 vulneratos
3377 2033 3728 2103 palpitantes,
3761 2042 3979 2102 praeter-

2401 2130 2548 2188 eunt,
2590 2138 2694 2176 non
2726 2123 2864 2192 quod
2895 2120 3182 2192 graventur
3215 2123 3424 2189 tollere,
3466 2125 3821 2195 pecuniisque
3864 2141 3979 2195 par-

2402 2223 2547 2279 cant,
2580 2214 2673 2269 sed
2714 2223 3030 2279 metuentes,
3060 2230 3127 2269 ne
3156 2226 3208 2270 et
3237 2215 3337 2285 ipsi
3366 2215 3743 2285 pertraltantur
3772 2217 3824 2268 in
3849 2216 3983 2285 judi-

2401 2304 2563 2369 cium,
2618 2313 2866 2374 tanquam
2909 2306 3070 2359 caedis
3115 2305 3227 2370 rei;
3269 2309 3454 2361 verum
3494 2305 3761 2360 humanus
3803 2307 3899 2371 ille
3925 2320 3981 2360 ac

2400 2398 2543 2452 mitis
2569 2398 2702 2451 nihil
2731 2398 2921 2452 horum
2941 2400 3147 2464 metuit,
3175 2398 3267 2454 sed
3290 2399 3371 2453 bis
3392 2398 3640 2453 omnibus
3665 2400 3981 2467 contemptis

2399 2488 2651 2558 imposuit
2678 2503 2800 2543 eum
2830 2489 3002 2557 asino,
3034 2498 3089 2544 et
3118 2490 3170 2543 in
3196 2480 3547 2545 diversorium
3574 2489 3865 2559 perduxit:
3896 2506 3982 2543 ne-

2398 2595 2502 2650 que
2531 2580 2823 2650 quidquam
2846 2579 3032 2634 harum
3060 2595 3238 2635 rerum
3268 2580 3646 2634 reformidabat
3666 2622 3680 2645 ,
3714 2595 3825 2648 non
3852 2581 3984 2649 peri—

2399 2672 2601 2737 eulum,
2635 2688 2740 2725 non
2769 2673 3111 2741 pecuniarum
3146 2671 3502 2740 impendium,
3547 2687 3653 2725 non
3682 2672 3830 2726 aliud
3852 2687 3981 2743 pra:-

2397 2770 2541 2816 terea
2569 2762 2876 2832 quidquam.
2916 2762 3068 2830 Quod
3092 2763 3135 2817 si
3172 2763 3534 2817 Samaritanus
3557 2762 3692 2818 adeo
3721 2764 3981 2817 humanus

2396 2856 2646 2926 mitisque
2670 2855 2768 2911 fuit
2793 2871 2915 2925 erga
2949 2857 3217 2912 hominem
3249 2857 3486 2926 ignotum
3514 2875 3526 2910 :
3554 2872 3715 2927 quam
3752 2857 3979 2912 habituri

2396 2964 2583 3004 sumus
2611 2963 2708 3001 nos
2744 2950 2982 3016 veniam,
3013 2949 3057 3003 si
3086 2949 3329 3018 proprios
3359 2946 3552 3004 fratres
3590 2950 3982 3019 neglexerimus

2396 3037 2449 3090 in
2476 3039 2633 3094 malis
2675 3040 3045 3112 gravioribps?
3075 3038 3204 3093 Nam
3231 3048 3286 3093 et
3329 3039 3435 3105 isti,
3468 3039 3557 3109 qui
3594 3054 3739 3094 nunc
3776 3039 3981 3109 jejuna-

2397 3138 2618 3192 verunt,
2650 3130 2954 3185 inciderunt
2992 3130 3043 3183 in
3077 3129 3354 3201 praedones
3390 3128 3634 3197 Judaeos,
3666 3130 3777 3184 imo
3802 3130 3981 3183 verius

2386 3220 2642 3291 omnibus
2688 3220 3026 3289 praédonibus
3073 3221 3359 3286 εωνὶοιιθε,
3408 3220 3605 3289 quique
3646 3219 3982 3288 gravioribus

2391 3313 2550 3367 malis
2573 3314 2810 3367 afficiunt
2838 3328 2956 3377 eos,
2985 3314 3074 3382 qui
3103 3313 3155 3367 in
3191 3328 3285 3367 eos
3314 3312 3575 3367 incidunt.
3603 3311 3789 3382 Neque
3830 3314 3975 3367 enim

2390 3414 2570 3459 vestes
2599 3404 2807 3458 illorum
2851 3406 3184 3471 lacerarunt,
3213 3419 3386 3473 neque
3413 3405 3625 3473 corpori
3670 3402 3978 3459 indixerunt

2391 3500 2650 3566 vulnera,
2705 3510 2763 3553 ut
2806 3500 2883 3554 illi
2933 3508 3059 3553 tunc
3108 3498 3371 3562 fecerant;
3404 3496 3512 3565 sed
3570 3498 3802 3551 animam
3858 3512 3980 3551 sau-

2391 3594 2645 3658 ciarunt,
2710 3592 3030 3659 infinitisque
3080 3590 3177 3659 ipsi
3228 3590 3538 3644 vt'tlneribus
3584 3587 3843 3653 inflictis,
3904 3589 3979 3641 sic

2390 3685 2636 3740 abierunt
2700 3671 2843 3739 illos"
2888 3683 3251 3752 relinquentes
3333 3683 3385 3736 in
3468 3681 3616 3737 fovea
3688 3682 3978 3751 impietatis

2383 3776 2644 3847 jacentes.

2464 3870 2515 3923 4.
2546 3869 2623 3923 Ne
2653 3868 2809 3939 igitur
2831 3868 3225 3922 dissimulemus
3252 3853 3410 3922 talem
3436 3867 3772 3937 tragmdiam,
3803 3882 3975 3936 neque

2390 3972 2771 4031 praetereamus
2795 3961 3256 4016 inclementertam
3274 3962 3574 4015 miserabile
3589 3962 3972 4029 spectaculum.

2388 4054 2525 4122 Quin
2548 4054 2754 4108 etiamsi
2776 4054 2867 4107 alii
2889 4053 2991 4107 hoc
3016 4053 3257 4123 fecerint,
3280 4063 3333 4107 tu
3356 4069 3423 4107 ne
3450 4052 3657 4106 feceris.
3678 4052 3755 4108 Ne
3776 4052 3975 4105 dixeris

2388 4147 2528 4217 apud
2559 4148 2914 4217 temetipsum,
2951 4147 3111 4201 homo
3145 4160 3261 4200 sum
3309 4146 3640 4210 mundanus,
3671 4160 3893 4199 uxorein
3920 4156 3973 4198 et

2387 4238 2584 4294 liberos
2614 4238 2785 4293 habeo
2806 4280 2821 4305 ,
2854 4239 2953 4293 ista
2979 4237 3313 4292 sacerdotum
3344 4245 3488 4303 sunt,
3532 4238 3632 4291 ista
3678 4237 3970 4291 monacho-

2385 4345 2527 4385 rum.
2556 4328 2739 4400 Neque
2772 4331 2916 4385 enim
2953 4330 3321 4385 Samaritanus
3351 4330 3439 4384 ille
3464 4328 3579 4383 haec
3606 4328 3838 4392 dicebat,
3885 4330 3971 4385 uhi

2384 4436 2529 4476 nunc
2559 4422 2904 4476 sacerdotes?
2927 4422 3013 4476 ubi
3059 4436 3201 4475 nunc
3226 4420 3516 4497 Pharisaei?
3548 4420 3635 4474 ubi
3662 4420 3969 4474 Judmorunt

2385 4512 2676 4567 doctores?
2723 4513 2815 4568 sed
2868 4513 3088 4583 perinde
3150 4513 3303 4583 quasi
3351 4521 3600 4568 venatum
3667 4512 3968 4582 quempiam

2383 4607 2675 4660 maximum
2722 4615 2907 4661 nactus
2946 4614 3109 4669 esset,
3157 4606 3227 4659 ita
3272 4605 3476 4659 lucrum
3522 4604 3764 4673 arripuit.
3802 4604 3871 4658 Et
3919 4615 3970 4660 tu

2382 4698 2543 4769 igitur
2608 4714 2727 4753 cum
2792 4698 2990 4752 videris
3052 4698 3279 4766 aliquem
3342 4705 3585 4766 egentem
3652 4696 3966 4759 curatiOne,

2382 4793 2466 4845 vel
2513 4791 2787 4859 corporis,
2842 4790 2927 4845 vel
2983 4790 3210 4853 anitum,
3274 4804 3342 4844 ne
3395 4788 3560 4855 dicito
3616 4788 3756 4857 apud
3827 4790 3967 4857 teip-

2381 4896 2532 4945 sum,
2563 4898 2727 4951 quare
2770 4882 2858 4937 ille
2898 4890 2951 4935 et
2998 4882 3087 4937 ille
3135 4897 3256 4936 eum
3302 4897 3407 4937 non
3460 4882 3821 4935 curaverunt?
3871 4880 3969 4936 sed

2381 4989 2410 5028 a
2441 4976 2629 5031 morbo
2662 4975 2864 5030 libera:
2901 4990 3073 5044 neque
3114 4975 3349 5028 rationes
3388 4974 3572 5043 exigas
3616 4973 3685 5029 ab
3722 4973 3827 5027 illis
3869 4989 3967 5050 ne-

2380 5069 2665 5140 gligentiae.
2696 5068 2754 5124 Si
2781 5068 3048 5123 inveneris
3070 5082 3257 5121 aurum
3278 5066 3487 5136 jacens,
3513 5080 3643 5120 num
3666 5065 3799 5119 dicis
3824 5064 3967 5134 apud

2382 5164 2630 5232 teipsum,
2660 5177 2826 5231 quare
2853 5160 2943 5216 ille
2967 5168 3058 5214 aut
3088 5160 3174 5214 ille
3203 5159 3306 5214 hoc
3329 5174 3434 5214 non
3473 5158 3841 5213 sustulerunt?
3872 5158 3967 5212 sed

2380 5256 2599 5310 festinas
2624 5265 2750 5309 ante
2775 5255 2908 5309 alios
2934 5254 3156 5324 rapere?
3185 5252 3372 5307 Itidem
3399 5261 3455 5307 et
3478 5251 3546 5316 de
3574 5251 3827 5306 fratribus
3854 5252 3967 5305 enl—

2378 5347 2541 5417 lapsis
2561 5348 2753 5418 cogita,
2773 5356 3062 5417 putatoque
3084 5355 3134 5400 te
3156 5344 3460 5399 thesaurum
3482 5344 3747 5412 reperisse
3763 5385 3778 5407 ,
3804 5343 3961 5397 nimi.

2376 5455 2495 5493 rum
2528 5456 2709 5494 curam
2742 5440 2971 5494 illorum.
3018 5439 3225 5494 Etenim
3261 5436 3308 5492 si
3344 5436 3688 5491 instillaveris
3717 5437 3793 5491 illi
3822 5438 3967 5497 velut

2374 5532 2553 5589 oleum
2578 5534 2840 5588 sermonis
2856 5534 3167 5599 doctrinam,
3192 5532 3238 5586 si
3259 5531 3507 5603 ligaveris
3530 5529 3964 5597 mansuetudine,

2439 5714 2456 5745 ¹
2492 5714 2566 5763 sic
2586 5713 2733 5763 Editio
2753 5713 2890 5775 savil.
2906 5720 2959 5762 et
2981 5710 3119 5775 multi
3143 5719 3248 5762 Mss.
3275 5710 3437 5763 Mcl-el.
3457 5722 3608 5763 vero:
3632 5715 3829 5762 natam
3846 5724 3961 5775 erm

2377 5774 2576 5827 vahlen:
2596 5774 2820 5841 prwstitit
2843 5774 3229 5828 sollicitudinem.
