4142 6332
38 156 341 209 ,πα-..ηε

185 430 286 485 931

180 547 379 618 δεμιᾶς
415 539 713 609 ἀπολογίας
746 536 894 605 ἄξιος
944 534 1104 600 εἶναι,
1144 537 1244 591 οὐκ
1305 536 1527 607 ἴσχυσεν
1576 533 1769 618 ἀπονί-

177 616 392 700 ψασθαι
422 627 489 680 τὰ
520 625 929 695 ἁμαρτήματα·
958 622 1160 693 (καίτοι
1178 638 1239 689 γε
1264 621 1292 672 6
1309 622 1598 691 προφήτης
1616 616 1767 688 φησί·

182 714 335 780 Λέγε
359 711 441 764 σὺ
471 711 576 774 τὰς
597 708 851 775 ἀνομίας
872 723 989 759 σου
1016 704 1268 772 πρῶτος,
1293 705 1395 757 ἵνα
1410 700 1769 767 δικαιωθῇς),

180 795 321 850 ἀλλά
356 793 451 846 καὶ
480 789 813 861 κατεκρίθη;
845 789 968 842 Ὅτι
1002 790 1104 841 οὐκ
1126 785 1297 851 εἶπεν,
1322 787 1398 851 ὡς
1430 788 1459 839 6
1487 786 1775 857 προφήτης

180 878 488 932 ἐκέλευσεν.
522 878 596 928 Ού
627 873 735 945 γάρ
768 871 954 935 ἀπλῶς
984 869 1135 925 ε’ίπεν
1163 874 1190 925 ό
1214 872 1521 942 προφήτης,
1544 869 1685 937 Λέγε
1708 870 1771 922 σὺ

180 961 283 1023 τάς
306 960 537 1029 ἀνομίας
578 974 694 1023 σου,
725 955 861 1009 ἀλλά
914 954 967 1007 τί
985 972 997 1021 ;
1037 955 1187 1024 Λέγε
1218 954 1301 1007 σὺ
1332 952 1584 1019 πρῶτος,
1617 952 1771 1021 φησὶ,

180 1044 293 1107 τὰς
320 1044 572 1110 ἀνομίας
602 1056 739 1094 σου.
778 1038 850 1092 Τὸ
882 1037 1213 1109 ζητούμενον
1231 1036 1391 1092 τοῦτό
1425 1038 1592 1089 ἐστιν·
1628 1036 1687 1087 06
1715 1033 1775 1086 τὸ

178 1129 362 1180 εἰπεῖν
390 1125 597 1188 ἁπλῶς,
617 1124 752 1178 ἀλλά
764 1122 826 1176 1:6
852 1123 1070 1194 πρῶτον
1088 1122 1285 1187 εἰπεῖν,
1301 1122 1363 1175 τὸ
1391 1120 1465 1191 μή
1488 1120 1775 1188 ἀναμεῖναι

178 1210 278 1262 τὸν
304 1209 595 1279 ἐλέγχοντα
624 1207 719 1261 καὶ
748 1203 1183 1276 κατηγοροῦντα.
1216 1198 1384 1265 Οὗτος
1424 1201 1481 1254 66
1516 1200 1617 1253 οὐκ
1652 1194 1774 1251 εἷπε

179 1292 426 1363 πρῶτος,
461 1292 598 1347 ἀλλά
630 1291 913 1361 ἀνέμεινεν
957 1288 1283 1359 ἐλεγχθῆναι
1316 1286 1472 1357 παρά
1495 1284 1587 1337 τοῦ
1613 1282 1772 1346 Θεοῦ,

183 1377 394 1447 μᾶλλον
414 1378 470 1430 δὲ
500 1377 595 1429 καὶ
624 1376 941 1445 ἐλέγχοντος
966 1376 1221 1445 ήρνεῖτο.³
1242 1372 1382 1426 Ἀλλ’
1412 1370 1601 1440 ἐπειδή
1628 1368 1775 1435 ἀπαξ

180 1460 355 1524 ἔδειξε
395 1460 455 1511 τὸ
480 1460 774 1529 γενόμενον
810 1456 1084 1527 φανερῶς,
1128 1450 1411 1508 τότεεῐπε
1447 1452 1547 1524 τὴν
1597 1453 1776 1522 ἁμαρ·

179 1542 330 1604 τίαν,
371 1544 510 1613 ὅπερ
553 1542 654 1594 οὐκ
695 1540 843 1594 ἐστιν
896 1538 1286 1609 ἐξομολόγησις
1332 1535 1538 1590 λοιπόν.
1571 1535 1679 1587 Καὶ
1712 1534 1775 1585 σὺ

179 1626 387 1689 τοίνυν,
423 1626 697 1696 ἀγαπητέ,
737 1624 956 1677 ἐπειδὰν
994 1623 1270 1693 ἁμάρτῃς,
1311 1622 1386 1693 μὴ
1418 1620 1656 1690 ἀνάμενε
1679 1617 1777 1688 τήν

179 1710 317 1779 παρ’
330 1708 518 1779 ἐτέρου
539 1707 895 1779 κατηγορίαν,
915 1706 1052 1760 ἀλλά
1081 1706 1209 1777 πρὶν
1237 1704 1303 1759 ἂν
1330 1704 1363 1775 ἢ
1392 1699 1778 1773 κατηγορηθῇς

180 1795 282 1847 καὶ
329 1792 649 1864 διαδληθῇς,
688 1793 755 1846 σὺ
802 1791 1183 1861 καταγίνωσκε
1226 1790 1336 1843 τῶν
1366 1786 1776 1859 γεγενημένων,

178 1877 263 1939 ὼς
298 1877 392 1929 ἐάν
422 1876 612 1948 ἕτερος
645 1874 844 1948 ἐλέγξῃ
882 1874 1102 1939 λοιπὸν,
1144 1874 1245 1927 ούκ
1284 1872 1363 1925 ἔτι
1425 1872 1524 1942 τῆς
1557 1872 1654 1939 σῆς
1689 1869 1777 1934 ἐξ·

179 1960 570 2032 ομολογήσεως
584 1960 648 2014 τὸ
664 1960 1001 2031 κατόρθωμα
1019 1959 1250 2028 γίνεται,
1282 1956 1417 2010 ἀλλά
1446 1957 1546 2025 τῆς
1569 1954 1777 2008 ἐκείνου

182 2046 527 2115 κατηγορίας
559 2047 591 2116 ή
629 2044 940 2116 διόρθωσις.
983 2043 1085 2097 Διά
1116 2042 1276 2097 τοῦτο
1330 2042 1425 2096 καί
1478 2040 1637 2103 ἄλλος
1696 2039 1779 2103 τίς

183 2146 345 2199 φησι,
386 2131 624 2194 Δίκαιος
660 2129 878 2184 ἑαυτοῦ
925 2128 1256 2197 κατήγορος
1282 2128 1351 2181 ἐν
1384 2125 1777 2195 πρωτολογίᾳ.

185 2214 355 2266 Ὥστε
402 2215 461 2266 06
508 2214 667 2267 τοῦτό
702 2217 818 2267 ἐστι
861 2214 923 2266 τὸ
970 2213 1326 2283 ζητούμενον,
1359 2211 1421 2263 τὸ
1450 2211 1780 2279 κατηγορεῖν

185 2297 407 2361 ἑαυτοῦ,
448 2296 586 2351 ἀλλά
629 2298 689 2349 τὸ
724 2299 941 2369 πρῶτον
970 2296 1166 2350 ἐαυτοῦ
1197 2296 1548 2365 κατηγορεῖν,
1588 2293 1683 2343 καὶ
1722 2289 1781 2343 τὸ

189 2380 269 2449 μὴ
296 2380 592 2449 ἀναμένειν
618 2381 747 2443 τοὺς
787 2380 918 2450 παρ’
954 2379 1157 2448 ἐτέρων
1186 2377 1463 2447 ἐλέγχους.

276 2463 335 2513 Ὀ
370 2461 504 2530 γοῦν
555 2462 764 2532 Πέτρος
815 2462 953 2531 μετά
1005 2460 1104 2531 τὴν
1148 2460 1379 2530 ἄρνησιν
1439 2458 1653 2527 ἐκείνην
1685 2458 1783 2528 τὴν

185 2544 455 2614 χαλεπήν,
486 2544 675 2615 ἐπειδὴ
712 2545 925 2614 ταχέως
958 2544 1151 2597 ἐαυτὸν
1175 2544 1447 2613 ἀνέμνησε
1478 2542 1577 2610 τῆς
1608 2544 1784 2612 ἀμαρ-

184 2629 332 2692 τίας,
366 2628 461 2681 καὶ
494 2627 724 2698 μηδενὸς
758 2626 1197 2705 κατηγοροῦντος
1228 2626 1381 2693 ἔλεγε
1416 2626 1559 2695 τὴνδ
1596 2626 1781 2695 πλημ-

188 2712 438 2781 μέλειαν,
471 2712 563 2764 καὶ
591 2711 821 2765 ἐκλαυσε
858 2710 1096 2782 πικρῶς,
1126 2710 1299 2773 οὕτως
1340 2710 1643 2778 ἀπενίψατο
1682 2709 1782 2778 τὴν

186 2794 420 2863 ἄρνησιν
454 2795 694 2865 ἐκείνην,
742 2795 817 2857 ὡς
848 2794 941 2847 καί¹
974 2793 1473 2862 πρῶτοςεγενέσθαι
1507 2793 1615 2845 τῶν
1646 2794 1782 2846 ἀπο-

189 2878 421 2941 στόλων,
474 2879 569 2930 καὶ
600 2877 699 2948 τήν
735 2876 1063 2947 οἰκουμένην
1100 2876 1511 2946 ἐγχειρισθῆναι
1540 2875 1778 2930 ἃπασαν.

200 2960 345 3012 Ἀλλ’
368 2962 505 3031 ὅπερ
520 2960 706 3028 ἔλεγον
741 2960 843 3027 (δεῖ
878 2960 988 3029 γὰρ
1016 2960 1109 3011 ἐπί
1145 2960 1207 3011 τὸ
1237 2960 1599 3029 προκείμενον
1618 2960 1782 3012 ἐπαν-

187 3043 387 3112 ελθεῖν)
454 3044 653 3108 ἱκανῶς
688 3046 720 3114 ἡ
732 3046 822 3113 μίν
855 3043 1105 3097 ἐντεῦθεν
1131 3044 1413 3109 ἀπέδειξεν
1442 3044 1470 3095 6
1491 3044 1668 3111 λόγος,
1700 3044 1780 3098 ὃτι

186 3130 505 3182 πιπτόντων
528 3130 589 3182 06
620 3128 727 3199 χρὴ
752 3126 861 3181 τῶν
892 3127 1140 3197 ἀδελφῶν
1182 3127 1429 3198 ἀμελεῖν,
1467 3127 1588 3180 0666
1620 3144 1783 3181 κατα⁸

188 3216 434 3281 φρονεῖν,
492 3211 605 3264 ἀλλ’
650 3209 1052 3280 ἀσφαλίζεσθαι
1110 3211 1209 3281 μὲν
1264 3210 1463 3273 αὐτοὺς
1517 3210 1625 3281 πρὸ
1682 3213 1781 3281 τῆς

187 3298 491 3367 ἁμαρτίας,
530 3296 731 3367 πολλὴν
776 3295 832 3348 δὲ
869 3296 964 3348 καὶ
1017 3295 1295 3366 μετάκτὴν
1341 3294 1614 3375 ἁμαρτίαν
1651 3298 1781 3366 περὶ

186 3382 391 3443 αὐτοὺς
437 3380 844 3433 ἐπιδείκνυσθαι
889 3380 1227 3450 ἐπιμέλειαν.
1274 3380 1430 3432 υῦτω
1467 3380 1559 3432 καὶ
1605 3379 1779 3449 ἰατροὶ

189 3463 440 3517 ποιοῦσν
482 3462 701 3530 λέγουσι
758 3462 857 3532 μὲν
906 3464 1016 3533 γάρ
1048 3464 1142 3515 καὶ
1179 3464 1486 3529 ὑγιαίνουσι
1525 3464 1638 3524 τοῖς
1687 3465 1781 3514 ἀν-

189 3546 433 3617 θρώποις
478 3546 513 3599 ὃ.
548 3545 771 3598 δύναται
808 3546 1139 3616 διατηρῆσαι
1180 3545 1278 3615 τὴν
1322 3546 1534 3612 ὑγίειαν
1570 3545 1776 3607 αὐτοῖς,

187 3628 289 3681 καὶ
330 3631 512 3681 πᾶσαν
552 3627 1002 3699 ἀποκρούσασθαι
1057 3629 1240 3680 νόσον·
1284 3628 1667 3698 ἀμελήσαντας
1722 3629 1779 3683 66

187 3712 300 3767 τῶν
359 3714 770 3783 ἐπιταγμάτων,
810 3714 903 3766 καὶ
940 3713 1223 3784 ἀρρωστία
1282 3713 1683 3783 περιπεσόντας
1718 3714 1777 3765 06

187 3796 531 3867 παρορῶσιν,
590 3795 726 3848 ἀλλά
758 3797 853 3848 καὶ
899 3796 1103 3866 πολλὴν
1143 3795 1379 3866 μάλιστα
1420 3796 1541 3848 τότε
1574 3796 1778 3847 ἐπιδεί-

186 3894 421 3931 κνυνται
482 3880 762 3949 πρόνοιαν,
822 3880 970 3941 ὅπως
1010 3880 1208 3942 αὐτοὺς
1270 3878 1621 3951 ἀπαλλάξωσι
1673 3878 1779 3931 τῶν

186 3961 537 4031 νοσημάτων.
588 3962 745 4015 Οὕτω
778 3963 872 4014 καὶ
915 3965 942 4015 ὁ
977 3961 1190 4025 Παῦλος
1224 3962 1448 4033 ἐποίησε
1472 3978 1484 3991 ⁸
1522 3962 1613 4014 τὸν
1648 3962 1778 4029 γοῦν

185 4044 602 4114 πεπορνευκότα
636 4045 775 4114 μετὰ
803 4046 906 4115 τὴν
930 4046 1206 4116 ἁμαρτίαν
1241 4045 1478 4115 ἐκείνην,
1514 4046 1654 4114 μετά
1682 4045 1779 4114 τὴν

185 4129 542 4199 παρανομίαν
570 4129 667 4200 τὴν
721 4130 985 4200 χαλεπὴν,
1022 4130 1120 4201 τήν
1148 4130 1268 4183 0666
1316 4132 1373 4182 ἐν
1404 4132 1515 4191 τοῖς
1569 4129 1779 4183 ἔθνεσιν

184 4213 616 4284 εύρισκομένην,
642 4215 702 4266 06
727 4215 1005 4285 παρεῖδεν,
1036 4214 1170 4267 ἀλλά
1194 4214 1287 4266 καὶ
1313 4214 1649 4283 ἀφηνιῶντα,
1688 4215 1780 4265 καὶ

188 4299 269 4368 μὴ
306 4296 630 4367 βουλόμενον
648 4298 909 4362 δέξασθαι
935 4298 1330 4368 τὴντὶατρείαν,
1348 4299 1440 4351 καί
1471 4297 1779 4368 σκιρτῶντα

184 4381 287 4434 καί¹
315 4381 707 4453 ἀποπηδῶντα,
736 4384 1085 4452 ἐπανήγαγεν
1102 4383 1194 4433 ἐπὶ
1222 4381 1322 4453 τήν
1351 4380 1781 4452 θεραπείαν,κα“ι

182 4464 363 4527 οὕτως
404 4467 749 4541 ἐπανήγαγεν
775 4505 791 4530 ,
845 4464 990 4518 ὥστε
1042 4464 1241 4518 ἐνῶσαι
1280 4465 1356 4535 τῷ
1394 4464 1609 4534 σώματι
1680 4465 1778 4533 τῆς

198 4550 531 4620 Ἐκκλησίας
567 4551 748 4604 πάλιν.
780 4551 890 4603 Καὶ
929 4550 1029 4603 οὐκ
1055 4546 1174 4602 εἶπε
1213 4550 1349 4620 πρὸς
1377 4548 1597 4601 ἐαυτόν³
1631 4549 1694 4600 Τί
1723 4548 1780 4600 δὲ

184 4636 248 4687 τὸ
282 4630 443 4688 πλέον
468 4652 480 4700 ;
516 4636 567 4687 τί
597 4636 653 4688 66
678 4635 737 4688 1:6
768 4635 992 4703 ὄφελος
1022 4634 1338 4704 ἐπόρνευσε,
1376 4634 1474 4702 τὴν
1504 4632 1781 4703 ἁμαρτίαν

183 4718 507 4788 εἰργάσατο,
539 4718 659 4771 0666
686 4718 990 4787 ἀποστῆναι
1038 4716 1287 4786 βούλεται
1340 4716 1439 4785 τῆς
1471 4714 1779 4783 ἀσελγείας,

181 4799 326 4854 ἀλλὰ
359 4802 454 4854 καὶ
488 4802 850 4870 πεφυσίωται,
885 4801 980 4854 καὶ
1016 4801 1159 4870 μέγα
1190 4802 1398 4870 φρονεῖ,
1431 4799 1523 4850 καὶ
1559 4798 1781 4851 ἀνίατον

180 4885 247 4936 τὸ
269 4883 424 4946 ἕλκος
440 4886 737 4959 ἐργάζεται
757 4885 1024 4954 ’ἀφῶμεν
1059 4885 1239 4937 τοίνυν
1274 4884 1458 4947 αὐτὸν,
1493 4885 1585 4937 καὶ
1615 4886 1782 4952 ἐγκα-

182 4966 558 5037 ταλείψωμίεν.
595 4965 764 5022 Οὐδὲν
791 4968 997 5022 τούτων
1019 4965 1171 5021 εἶπεν
1192 4986 1205 4997 ·
1243 4968 1381 5021 ἀλλά
1426 4968 1493 5021 δι’
1525 4969 1654 5039 αὐτὸ
1681 4968 1780 5037 μὲν

166 5048 282 5106 ὀὖν
319 5052 475 5105 τοῦτο
508 5054 747 5122 μάλιστα
782 5050 952 5124 πολλῇ
977 5052 1099 5105 τότε
1130 5054 1405 5124 ἐχρήσατο
1424 5050 1495 5123 ’τῇ
1529 5052 1777 5124 προνοίᾳ,

184 5136 378 5208 ἐπειδὴ
413 5137 550 5208 πρὸς
590 5137 796 5205 ἄφατον
836 5136 997 5189 αὑτὸν
1024 5133 1132 5189 εἶδε
1172 5138 1371 5190 κακίαν
1406 5138 1780 5208 ἐξολισθήσαν-

183 5242 279 5285 τα,
317 5224 410 5275 καὶ
439 5223 814 5295 ούικάπέστη
851 5224 1053 5293 φοὸῶν,
1091 5225 1356 5287 ἀπειλῶν,
1385 5226 1649 5289 κολάζων,
1686 5227 1779 5278 καὶ

182 5308 254 5361 δι’
298 5306 489 5359 ἐαυτοῦ
522 5306 624 5363 καὶ
652 5306 719 5359 δι’
746 5307 951 5377 ἐτέρων
982 5307 1195 5360 πολλῶν
1224 5308 1372 5379 [678]
1410 5308 1588 5361 πάντα
1610 5308 1780 5361 ποιῶν

186 5392 289 5447 καὶ
340 5390 885 5461 πραγματευόμενος,
937 5391 1040 5455 ἕως
1066 5393 1131 5445 ἂν
1166 5393 1327 5445 αὑτὸν
1369 5394 1447 5456 είς
1481 5394 1779 5461 ἐπίγνωσιν

184 5476 389 5543 ἧνεγκε
417 5475 513 5541 τῆς
540 5474 839 5544 ἁμαρτίας,
870 5475 950 5538 είς
979 5475 1232 5546 αἴσθησιν
1265 5476 1365 5546 τῆς
1410 5477 1775 5547 παρανομίας,

196 5556 295 5611 καὶ
308 5556 486 5610 τέλεον
511 5557 671 5610 αὑτὸν
696 5557 971 5628 ἀπήλλαξε
996 5560 1094 5630 τῆς
1120 5560 1334 5631 κηλῖδος
1352 5562 1590 5633 ἀπάσης.
1608 5560 1779 5615 Τοῦτο

257 5775 274 5793 ι
309 5758 535 5823 Quinque
560 5773 669 5807 mss.
696 5760 751 5807 τὸ
776 5762 1050 5823 ἁμάρτημα.

252 5827 282 5866 b
306 5822 528 5882 Quinque
550 5835 665 5885 mss:
692 5822 1063 5885 κατηγοροῦντος
1084 5825 1261 5885 ἐπέγνω
1281 5828 1381 5884 τήν.

260 5898 280 5925 c
302 5885 384 5931 Su:
408 5886 526 5932 edn.
558 5882 705 5933 Savil.
752 5893 804 5932 et
827 5882 982 5935 mulli
1029 5901 1138 5934 mss.
1178 5882 1355 5937 Morel.
1382 5902 1500 5939 vero
1542 5888 1776 5946 τοσαύπςν

474 5979 730 6051 ΓΑΤΙζυι.
801 5981 844 6035 (ἒ
861 5998 916 6037 n.
968 5979 1161 6038 XLVI
1180 5982 1249 6039 Η.

1365 413 1741 472 ADVERSUS
1779 410 2085 468 JUDJEOS.
2122 408 2256 466 VIII.

3369 398 3478 453 93?.

1881 544 1945 616 δὴ
1976 545 2072 598 καὶ
2109 545 2175 597 σὺ
2207 542 2437 612 ποίησον
2466 557 2479 571 ·
2532 538 2773 611 μίμησαι
2807 536 2899 589 τὸν
2932 533 3285 605 Σαμαρείτην
3335 532 3481 585 ἐκεῖ·

1880 644 1992 692 νον,
2027 628 2119 680 τὸν
2144 628 2201 679 ὲν
2240 624 2319 696 τῷ
2343 623 2664 693 Εὑαγγελίῳ
2714 619 2987 689 τοσαύτην
3028 618 3157 688 περὶ
3186 616 3278 669 τὸν
3304 631 3480 687 τραυ-

1885 712 2085 783 ματίαν
2120 711 2326 763 ἐκεῖνον
2359 706 2769 774 ἐπιδειξάμενον
2824 702 3083 774 πρόνοιαν
3118 711 3164 753 ο.
3214 699 3323 753 Καὶ
3369 698 3482 783 γὰρ

1881 780 1999 848 ἐκεῖ
2046 792 2293 865 παρῆλθε
2326 790 2585 859 Λευῖτης,
2637 787 2883 858 παρῆλθε
2916 787 3011 838 καὶ
3035 786 3347 855 Φαρισαῖος,
3386 780 3482 834 καὶ

1881 878 2163 947 οὐδέτερος
2200 872 2536 943 ἐπεκάμφθη
2575 872 2714 942 πρὸς
2750 872 2843 924 τὸν
2891 868 3165 937 κείμενον,
3204 865 3319 918 ἀλλ’
3351 865 3484 933 ἀνη-

1881 960 2020 1023 λεῶς
2056 960 2152 1012 καὶ
2175 956 2343 1029 ὠμῶς
2370 957 2601 1023 ἀφέντες
2629 953 2812 1014 αὑτὸν,
2843 950 3109 1020 ἀπῆλθον.
3134 948 3485 1020 Σαμαρείτης

1882 1044 1940 1097 δέ
1968 1061 2072 1107 τις,
2099 1043 2251 1097 ούδέν
2284 1040 2431 1111 αύτῷ
2450 1040 2744 1109 προσήκων
2774 1034 3096 1106 οὐδαμόθεν,
3122 1033 3182 1085 06
3207 1032 3486 1103 παρέδρα-

1886 1144 2007 1197 μεν,
2049 1126 2167 1180 ἀλλ’
2199 1124 2431 1189 ἐπιστάς
2469 1122 2798 1191 κατηλέησε,
2846 1120 2943 1175 καὶ
2973 1118 3273 1182 ἐπέσταξεν
3304 1116 3487 1170 ἔλαιον

1884 1210 1981 1263 καὶ
2017 1205 2159 1263 οίνον
2181 1226 2195 1241 ο
2225 1208 2496 1276 ἐπέθηκεν
2522 1206 2614 1259 ἐπί
2644 1206 2735 1258 τὸν
2768 1204 2889 1257 ὄνον
2913 1201 2964 1267 ἀ,
2996 1202 3206 1272 ήγαγεν
3231 1202 3310 1262 εἰς
3344 1216 3485 1252 παν-

1883 1293 2111 1364 δοχεῖον,
2154 1293 2249 1347 καὶ
2284 1290 2549 1363 ἀργύριον
2583 1288 2645 1342 τὸ
2670 1288 2769 1359 μὲν
2813 1287 3004 1349 ἔδωκε,
3038 1285 3100 1338 τὸ
3126 1284 3183 1337 δέ
3215 1282 3488 1355 ὑπέσχετο

1885 1379 2027 1450 ὑπὲρ
2053 1381 2153 1449 τῆς
2199 1376 2295 1431 τοῦ
2345 1375 2513 1448 μηδὲν
2558 1373 2707 1445 αὐτῷ
2736 1373 3110 1444 προσήκοντος
3156 1367 3482 1441 θεραπείας.

1884 1463 1997 1515 Καὶ
2047 1463 2147 1514 οὐκ
2193 1454 2314 1513 εἷπε
2359 1460 2497 1530 πρὸς
2547 1457 2770 1523 ἐαυτδν,
2812 1456 2875 1508 Τί
2902 1455 2959 1508 δέ
3012 1472 3103 1524 μοι
3161 1454 3312 1523 μέλει
3350 1453 3483 1521 περὶ

1884 1544 2106 1612 τούτου;
2164 1543 2519 1615 Σαμαρείτης
2574 1542 2713 1611 εἰμὶ,
2769 1540 2923 1593 ούδέν
2976 1537 3157 1592 κοινὸν
3194 1536 3303 1606 ἔχω
3349 1534 3490 1606 πρὸς

1886 1628 2077 1681 αὐτόν·
2117 1627 2310 1698 πόρρω
2342 1626 2446 1696 τῆς
2482 1623 2694 1687 πόλεώς
2719 1626 2909 1693 ἐσμεν,
2936 1622 3059 1674 0666
3087 1620 3301 1691 βαδίσαι
3326 1618 3491 1670 δύναο

1887 1730 1997 1766 ται.
2032 1713 2097 1765 Τί
2124 1712 2200 1776 66,
2236 1712 2333 1763 ἐὰν
2363 1710 2437 1781 μὴ
2472 1710 2611 1780 πρὸς
2643 1707 2703 1761 τὸ
2737 1708 2915 1778 μῆκος
2957 1705 3171 1777 ἀρκέσῃ
3214 1704 3316 1774 τῆς
3353 1703 3491 1756 660:-

1888 1796 2111 1867 πορίας,
2157 1794 2339 1865 μέλλω
2367 1793 2559 1865 νεκρὸν
2590 1790 2983 1862 ἐπιφέρεσθαι,
3038 1788 3216 1858 μέλλω
3272 1788 3489 1855 σφαγῆς

1888 1879 2228 1944 ἁλίσκεσθαι,
2264 1877 2445 1948 μέλλω
2473 1874 2568 1928 τοῦ
2621 1874 2781 1944 φόνου
2817 1872 3141 1939 ,ὑπεύθυνος
3176 1868 3347 1937 είναι;
3378 1870 3511 1945 Καὶ.

1888 1964 1998 2035 γάρ
2026 1963 2211 2017 πολλοὶ
2238 1960 2505 2025 πολλάκις
2569 1957 2861 2029 παριόντες
2891 1956 2987 2010 καὶ
3014 1956 3249 2025 ὁρῶντες
3273 1956 3370 2007 ἀνθ
3381 1953 3489 2025 ρώ-

1890 2066 2026 2112 πους
2073 2046 2432 2117 πεπληγότας
2480 2044 2575 2098 καί¹
2608 2042 2963 2114 σπαίροντας,
3009 2040 3100 2094 διὰ
3121 2038 3283 2092 τοῦτο
3318 2055 3489 2109 παρα⁴

1888 2134 2196 2204 τρέχουσιν,
2226 2132 2326 2185 οὐκ
2354 2128 2645 2191 ὀκνοῦντες
2684 2125 2995 2189 ἀνελέσθαι,
3041 2125 3163 2178 0666
3188 2123 3493 2195 χρημάτων

1890 2218 2218 2287 φειδόμενοι,
2252 2215 2391 2269 ἀλλά
2410 2214 2732 2276 δεδοικότες,
2768 2211 2845 2282 μὴ
2880 2211 2975 2263 καὶ
3010 2209 3166 2263 αὐτοὶ
3214 2209 3293 2272 είς
3338 2207 3493 2260 δικα-

1892 2301 2117 2371 στήριον
2140 2298 2501 2361 ἐλκυσθῶσιν,
2526 2295 2602 2359 ὡς
2624 2296 2723 2366 τῆς
2754 2294 2973 2364 σφαγῆς
3002 2291 3317 2346 ὑπεύθυνοι.
3350 2289 3493 2342 Ἀλλ’

1890 2386 2097 2446 ἐκεῖνος
2129 2383 2281 2455 οὐδὲν
2304 2380 2511 2435 τούτων
2534 2380 2741 2433 ἐδεισεν
2768 2381 2795 2431 6
2825 2379 3033 2449 ἥμερος
3060 2377 3158 2430 καὶ
3186 2374 3494 2455 φιλάνθρω-

1894 2484 2015 2531 πος,
2046 2465 2184 2519 ἀλλά
2214 2464 2387 2517 ταῦτα
2422 2463 2603 2517 πάντα
2635 2462 2909 2531 ὑπεριδὼν
2959 2460 3233 2530 ἐπέθηκεν
3272 2458 3365 2510 ἓπί
3399 2456 3494 2510 τὸν

1890 2550 2030 2614 ὄνον,
2066 2550 2161 2602 καὶ
2191 2551 2272 2614 είς
2300 2548 2620 2618 πανδοχεῖον
2650 2548 2889 2615 ἢγαγεν·
2926 2543 3079 2597 οὐδὲν
3107 2542 3315 2596 τούτων
3342 2542 3495 2594 ύπεί-

1890 2633 2034 2697 δετο,
2061 2634 2123 2686 06
2159 2633 2429 2697 κίνδυνον,
2484 2633 2545 2685 06
2587 2632 2890 2703 χρημάτων
2932 2628 3204 2697 δαπάνην,
3232 2628 3334 2679 06x
3365 2626 3495 2681 ἀλλο

1891 2717 2065 2769 οὐδέν.
2101 2717 2163 2769 Εἰ
2215 2716 2271 2769 66
2305 2718 2333 2769 6
2370 2716 2719 2787 Σαμαρείτης
2772 2714 2914 2767 οὕτω
2969 2710 3353 2783 φιλάνθρωπος
3400 2710 3495 2761 καὶ

1890 2799 2100 2869 ἥμερος
2156 2799 2349 2867 γέγονε
2406 2798 2539 2870 περὶ
2589 2798 2879 2869 ἄνθρωπον
2930 2797 3233 2865 ἄγνωστον,
3275 2793 3397 2845 τίνα
3427 2792 3495 2846 ἂν

1890 2882 2111 2954 ἔχοιμεν
2142 2881 2476 2953 συγγνώμην
2509 2883 2692 2953 ήμείς,
2725 2882 2833 2935 τῶν
2856 2880 3103 2949 ἀδελφῶν
3137 2878 3244 2931 τῶν
3274 2874 3493 2930 οίκείων

1890 2965 2223 3035 ἀμελοῦντες
2255 2966 2349 3017 ἐπὶ
2380 2965 2593 3036 μείζοσι
2624 2966 2846 3029 κακοῖς;
2875 2965 2986 3017 Καὶ
3017 2963 3125 3031 γάρ
3160 2960 3255 3014 καὶ
3276 2954 3421 3013 οὗτοι
3447 2959 3497 3011 οἱ

1890 3048 1985 3103 νῦν
2011 3049 2410 3118 νηστεύσαντες
2452 3048 2677 3120 λῃσταῖς
2696 3047 3024 3117 περιέπεσον
3049 3048 3162 3108 τοῖς
3198 3042 3496 3105 Ἰουδαίοις,

1893 3132 2095 3202 μᾶλλον
2128 3133 2185 3185 66
2232 3131 2450 3205 λῃστῶν
2478 3132 2741 3186 ἁπάντων
2788 3130 3221 3201 χαλεπωτέροις,
3258 3127 3353 3180 καὶ
3386 3126 3498 3196 μεί-

1890 3216 2019 3281 ζονα
2071 3219 2201 3281 τοὺς
2265 3218 2347 3280 είς
2401 3217 2602 3279 αὐτοὺς
2652 3215 3031 3285 ἐμπίπτοντας
3098 3211 3497 3283 ἐργαζομένοις

1888 3301 2055 3354 κακά.
2087 3301 2162 3353 Ού
2196 3300 2305 3371 γάρ
2356 3301 2426 3354 τά
2484 3300 2680 3371 ἱμάτια
2714 3300 2895 3353 αὐτῶν
2928 3297 3329 3370 περιέρῤηξαν,
3370 3294 3497 3349 0666

1887 3382 1966 3453 τῷ
1995 3382 2207 3452 σώματι
2239 3383 2456 3453 πληγὰς
2490 3384 2795 3453 ἐπήγαγον,
2816 3382 3073 3451 καθάπερ
3100 3383 3303 3433 ἐκεῖνοι
3347 3378 3494 3439 τότε,

1888 3467 2024 3520 ἀλλὰ
2048 3467 2146 3537 τὴν
2170 3467 2347 3538 ψυχὴν
2383 3468 2757 3545 κατΜν,
2793 3466 2889 3520 καὶ
2920 3464 3091 3535 μυρία
3134 3464 3272 3534 αὐτῇ
3328 3461 3497 3531 τραύ-

1893 3567 2041 3620 ματα
2069 3550 2273 3616 δόντες,
2310 3548 2489 3611 οὕτως
2516 3546 2783 3619 ἀπῆλθον,
2836 3549 3069 3618 ἀφέντες
3100 3548 3157 3601 ἐν
3193 3546 3271 3617 τῷ
3303 3546 3496 3616 λάκκῳ

1888 3634 1988 3703 τῆς
2014 3632 2271 3696 ἀσεϐείας
2312 3650 2397 3685 κει
2406 3632 2627 3702 μένους.

1956 3800 2005 3858 6'.
2048 3800 2141 3871 Μὴ
2171 3798 2235 3870 δή
2257 3799 2572 3871 παρίδωμεν
2600 3798 2909 3870 τραγῳδίαν
2932 3798 3209 3869 τοιαύτην,
3233 3797 3369 3870 μηδὲ
3387 3813 3496 3853 πα-

1893 3885 2258 3955 ραδράμωμεν
2288 3882 2534 3953 ἀνηλεῶς
2561 3882 2704 3936 οῦτω
2736 3883 2918 3953 θέαμα
2946 3883 3200 3947 ἐλεεινὸν,
3230 3882 3367 3936 ἀλλά
3388 3883 3496 3937 κᾶν

1888 3971 2065 4039 ἓτεροι
2100 3968 2259 4020 τοῦτο
2295 3967 2509 4025 ποιῶσι.
2552 3969 2615 4020 σὺ
2645 3966 2720 4036 μὴ
2750 3968 3013 4039 ποιήσῃς’
3056 3968 3130 4037 μὴ
3161 3967 3323 4039 εἴπῃς
3353 3966 3497 4037 πρὸς

1892 4051 2137 4115 σεαυτὸν,
2170 4049 2441 4119 Ιίοσμικός
2476 4051 2592 4119 εἰμι
2624 4048 2784 4121 ἀνὴρ,
2810 4053 3046 4118 γυναῖκα
3090 4049 3198 4119 ἔχω
3230 4050 3324 4102 καὶ
3367 4052 3495 4103 παῖ-

1888 4138 1983 4199 δας
2008 4177 2021 4200 ,
2069 4135 2245 4189 ταῦτα
2278 4135 2386 4187 τῶν
2430 4133 2622 4205 ἱερέων
2660 4134 2813 4197 ἐστὶ,
2856 4132 3032 4186 ταῦτα
3074 4133 3185 4186 τῶν
3216 4132 3491 4203 μοναχῶν.

1889 4220 2023 4273 0666
2051 4218 2159 4290 γάρ
2189 4220 2217 4271 6
2249 4218 2600 4290 Σαμαρείτης
2627 4219 2837 4280 ἐκεῖνος
2874 4214 3049 4269 ταῦτα
3078 4211 3220 4269 εἷπε.
3256 4216 3365 4269 Ποῦ
3398 4216 3493 4270 νῦν

1890 4305 1940 4355 οἱ
1970 4303 2171 4374 ίερεῖς;
2217 4300 2321 4354 ποῦ
2362 4301 2457 4355 νῦν
2488 4302 2538 4352 οί
2573 4301 2896 4371 Φαρισαῖοι;
2930 4298 3035 4351 ποῦ
3061 4298 3170 4351 τῶν
3215 4300 3493 4355 Ἰουδαίων

1890 4389 1941 4440 οἱ
1981 4384 2327 4449 διδάσκαλοι;
2357 4385 2471 4437 ἀλλ’
2503 4384 2693 4455 ῶσπερ
2728 4401 2780 4436 τι
2820 4382 3049 4454 θήραμα
3092 4383 3352 4454 μέγιστον
3405 4386 3492 4437 εύ-

1894 4469 2025 4541 ρὼν,
2052 4468 2227 4532 οὕτως
2256 4470 2473 4539 ἥρπασε
2500 4468 2561 4521 τὸ
2598 4467 2814 4537 κέρδος.
2850 4467 2964 4520 Καὶ
2999 4468 3063 4519 σὺ
3098 4466 3303 4531 τοίνυν,
3358 4468 3492 4524 ὅταν

1896 4554 2011 4625 ἴδῃς
2027 4551 2149 4605 τινὰ
2166 4552 2418 4621 δεόμενον
2451 4551 2753 4622 θεραπείας
2781 4549 2812 4620 ἢ
2834 4550 3156 4621 σωματικῆς
3178 4549 3210 4621 ἢ
3230 4551 3490 4621 ψυχικῆς,

1896 4640 1969 4708 μὴ
2000 4638 2125 4705 λέγε
2149 4638 2284 4708 πρὸς
2317 4637 2531 4689 ἑαυτόν·
2559 4636 2715 4695 Τίνος
2740 4635 2928 4687 ἕνεκεν
2953 4636 2981 4685 6
3011 4635 3159 4687 δεῖνα
3187 4635 3281 4688 καὶ
3302 4636 3492 4693 ὁδεῑνα

1893 4721 2055 4773 αὑτὸν
2085 4721 2185 4772 οὐκ
2213 4719 2591 4791 ἐθεράπευσεν
2618 4736 2631 4783 ;
2668 4718 2783 4770 ἀλλ’
2833 4717 3145 4782 ἀπάλλαξον
3174 4718 3275 4788 τῆς
3307 4719 3493 4791 ἀρρωο

1895 4805 2070 4868 στίας,
2102 4805 2195 4857 καὶ
2218 4804 2291 4874 μὴ
2319 4802 2801 4865 ἀπαίτειέκείνους
2824 4800 3055 4864 εὐθύνας
3080 4800 3182 4871 τῆς
3204 4802 3489 4872 ἀμελείας.

1893 4888 2020 4940 Ἐάν
2038 4886 2205 4960 εὕρῃς
2229 4886 2471 4957 χρυσίον,
2487 4886 2609 4940 εἰπέ
2630 4903 2740 4956 μοι,
2757 4884 3032 4955 κείμενον,
3052 4885 3125 4956 μὴ
3145 4885 3326 4953 λέγεις
3344 4885 3485 4958 πρὸς

1894 4971 2304 5033 σεαυτὸν,’[ίνος
2333 4969 2520 5023 ἐνεκεν
2536 4970 2563 5021 6
2589 4970 2737 5023 δεῖνα
2764 4970 2899 5021 καὶὸ
2919 4968 3064 5021 δεῖνα
3079 4969 3211 5022 αὐτὸ
3233 4970 3335 5021 ούκ
3353 4968 3495 5021 ἀνεί-

1889 5056 2063 5121 λοντο,
2083 5054 2270 5108 ἀλλὀὐ
2303 5065 2326 5091 θ
2362 5052 2686 5116 σπουδάζεις
2728 5052 2833 5123 πρὸ
2860 5052 2974 5104 τῶν
3004 5052 3178 5105 ἀλλων
3210 5052 3491 5122 ἀρπάσαι;

1893 5138 2051 5191 Οῦτω
2074 5138 2167 5190 καὶ
2198 5137 2289 5189 ἐπὶ
2310 5135 2417 5189 τῶν
2441 5137 2813 5191 πεπτωκότων
2845 5137 3092 5203 ἀδελφῶν
3115 5136 3356 5203 λογίζου,
3392 5136 3490 5189 καὶ

1892 5221 2042 5293 [679]
2073 5221 2259 5291 νόμιζε
2295 5220 2569 5292 θησαυρὸν
2597 5221 2891 5291 εὑρηκέναι
2916 5220 3013 5290 τήν
3038 5220 3357 5290 ἐπιμέλειαν
3389 5221 3489 5291 τὴν

1891 5306 2247 5358 ἐκείνων.“Αν
2269 5304 2377 5375 γάρ
2398 5304 2697 5377 ἐπιστάξῃς
2724 5303 2873 5373 αὐτῷ
2906 5303 3158 5374 καθάπερ
3184 5304 3361 5358 ἔλαιον
3389 5302 3487 5356 τοῦ

1889 5389 2047 5458 λόγου
2068 5391 2165 5459 τὴν
2183 5388 2559 5452 διδασκαλίαν,
2579 5389 2643 5442 ἂν
2665 5389 2869 5458 καταδή
2880 5404 2977 5461 σῃς
2995 5391 3067 5458 τῇ
3079 5389 3399 5460 προσηνείᾳ,
3421 5388 3488 5442 ἂν

1893 5477 2241 5549 θεραπεύσῃς
2277 5480 2344 5549 τῇ
2396 5476 2688 5547 καρτερίᾳ,
2747 5475 3025 5547 θησαυροῦ
3076 5476 3277 5539 παντὸς
3322 5476 3486 5528 εὐπο-

1889 5708 2231 5779 ἐπιδειξάμενον
2252 5708 2327 5754 ἐπὶ
2351 5709 2445 5779 τῶν
2477 5706 2758 5779 τραυμάτων
2774 5705 3019 5779 ’πρόνοιανέ

1951 5770 1976 5809 d
2003 5772 2203 5830 Aliquot
2230 5782 2337 5816 mss:
2372 5770 2446 5816 ἐπὶ
2468 5767 2562 5815 τῶν
2583 5770 2746 5829 ὤμων,
2773 5768 2851 5815 hic
2870 5776 2921 5815 cl
2949 5767 3087 5816 infra.

1950 5836 1967 5855 ε
1994 5826 2113 5879 9³νῖ
2134 5834 2213 5878 καὶ
2247 5832 2321 5889 οὐ,
2348 5830 2521 5879 Monu‘.
2574 5826 2714 5883 ἀλλά.
2743 5830 2873 5880 unde
2898 5830 3106 5880 fecimus
3128 5828 3232 5877 ἀλλ’
3253 5827 3328 5880 οὐ.
3368 5826 3484 5879 Mox

1883 5894 2080 5955 quidam
2111 5895 2382 5959 διαρπάσαι.
2409 5894 2546 5943 [Ωιτ.

3047 5965 3126 6024 26
