4160 6324
667 382 770 447 9:;

657 486 810 570 ’ρώτε
819 498 912 570 ρόν
928 515 985 552 σε
1007 492 1161 562 οὗτος
1177 496 1489 570 ἐργάσεται.
1510 501 1571 553 '0
1587 501 1697 570 γὰρ
1716 500 2026 571 ἐξαγαγὼν
2038 501 2251 571 τίμιον,

671 582 858 652 φησὶν,
888 581 957 645 ἐξ
987 580 1264 646 ἀναξίου,
1294 581 1376 648 ὡς
1402 585 1606 652 στόμα
1616 583 1949 652 μου,ἕσται.
1972 583 2036 636 Τί
2063 584 2256 637 τούτου

671 666 870 732 γένοιτ’
901 664 968 717 ἂν
998 665 1146 730 ῖσον;
1183 665 1364 738 Ὅπερ
1389 665 1510 718 οὐδὲ
1535 667 1777 737 νηστεία,
1805 667 1925 726 οὐδὲ
1964 667 2257 737 χαμευνία,

671 749 805 804 οὐδὲ,
833 748 1174 818 παννυχίδες,
1208 749 1308 802 οὐκ
1354 749 1482 803 ἀλλο
1531 768 1583 803 τι
1629 750 1850 804 δύναται
1894 751 2255 822 ἐργάσασθαι,

670 831 830 884 τοῦτο
853 834 887 902 ή
918 831 1011 884 τοῦ
1040 831 1268 902 ἀδελφοῦ
1296 833 1541 906 σωτηρία
1573 839 1734 889 ποιεῖ.
1754 836 2038 905 Ἐννόησόν
2067 852 2160 888 σου
2199 836 2262 889 τὸ

675 915 850 984 στόμα
888 915 1030 968 πόσα
1075 915 1335 981 πολλάκις
1365 917 1604 989 ἥμαρτε,
1636 919 1779 972 πόσα
1826 918 2130 988 ἐφθέγξατο
2176 922 2256 973 ai-

674 999 814 1068 σχρά
861 999 1106 1070 ῥήματα,
1154 999 1326 1062 πόσας
1364 999 1736 1073 βλασφημίας,
1778 1003 1950 1066 πόσας
1990 1002 2262 1072 λοιδορίας

672 1080 919 1168 ἐξέϐαλε,
947 1083 1040 1168 καὶ
1059 1167 1066 1168 7
1087 1083 1311 1168 πάντως
1332 1084 1602 1157 άντιλήψῃ
1647 1086 1750 1156 τῆς
1787 1086 1882 1139 τοῦ
1911 1087 2263 1168 πεπτωκότος

669 1166 932 1237 προνοίας
949 1183 961 1196 ·
992 1167 1082 1220 διὰ
1104 1168 1213 1238 γὰρ
1244 1167 1362 1232 ἐνὸς
1380 1168 1570 1222 τούτου
1594 1169 1688 1224 τοῦ
1712 1166 2138 1241 κατορθώματος
2164 1171 2263 1222 πᾶ-

673 1267 774 1302 σαν
822 1250 1126 1323 ἐκκαθᾶραι
1159 1251 1364 1324 δυνήσῃ
1409 1253 1508 1321 τὴν
1558 1253 1750 1324 κηλῖδα
1796 1254 2031 1326 ἐκείνην.
2069 1255 2181 1308 Καὶ
2208 1252 2262 1306 τί

673 1333 816 1404 λέγω
840 1334 1178 1406 ἐκκαθᾶραι;
1206 1335 1282 1398 ὡς
1311 1336 1484 1406 στόμα
1510 1336 1605 1390 τοῦ
1630 1334 1764 1391 Θεοῦ
1793 1339 2041 1410 ποιήσεις
2074 1355 2168 1390 σου
2201 1337 2263 1390 τὸ

675 1418 871 1488 στόμα.
899 1418 962 1470 Τί
983 1418 1188 1488 ταύτης
1217 1417 1414 1485 γένοιτ’
1448 1417 1514 1472 ἂν
1546 1419 1658 1472 ἴσον
1682 1421 1784 1491 τῆς
1806 1423 2001 1492 τιμῆς;
2031 1422 2122 1491 Μὴ
2153 1419 2261 1490 γὰρ

675 1500 788 1569 ἐγὼ
820 1499 992 1554 ταῦτα
1015 1500 1423 1572 ἐπαγγέλλομαι
1445 1517 1459 1567 ;
1490 1502 1653 1566 αὐτὸς
1680 1505 1708 1556 ό
1735 1502 1870 1569 Θεὸς
1898 1502 2058 1556 τοῦτο
2083 1498 2259 1570 εἶπεν,

674 1584 758 1637 δτι
785 1582 904 1637 Κᾶν
946 1583 1041 1636 ἕνα
1084 1585 1206 1638 τινὰ
1250 1583 1545 1657 ἐξαγάγῃς,
1579 1585 1762 1656 φησὶν,
1791 1586 1868 1649 ὡς
1913 1587 2086 1657 στόμα
2138 1604 2260 1657 μου,

675 1669 827 1721 ἔσται
855 1665 916 1718 τὸ
950 1667 1125 1738 στόμα
1163 1686 1256 1722 σου
1289 1668 1550 1738 καθαρὸν,
1583 1669 1758 1738 ἀγιον.
1789 1671 1883 1742 Μὴ
1924 1672 2104 1728 τοίνυν
2133 1677 2264 1744 ἀμε-

671 1751 857 1822 λῶμεν
886 1751 994 1805 τῶν
1017 1751 1281 1820 ἀδελφῶν,
1310 1751 1446 1822 μηδὲ
1476 1753 1780 1825 περιιόντες
1807 1753 2078 1827 λέγωμεν,
2098 1759 2261 1812 Πόσοι

672 1834 1024 1904 ἐνήστευσαν,
1051 1833 1206 1888 πόσοι
1251 1835 1679 1912 παρεσύρησαν;
1707 1827 1841 1890 ⁴ἀλλ’
1870 1839 2262 1912 ἐπιμελώμεθα

672 1917 874 1972 αὐτῶν.
906 1916 1026 1972 Κᾶν
1048 1917 1235 1972 πολλοὶ
1262 1911 1399 1973 ὦσιν
1431 1919 1482 1971 οἱ
1509 1919 1928 1990 νηστεύσαντες,
1971 1924 2036 1976 σὺ
2071 1923 2146 1994 μὴ
2179 1925 2265 1978 ἐκ·

673 1999 1035 2073 πομπεύσῃς,
1085 2001 1357 2072 ἀγαπητέ,
1414 2003 1551 2074 μηδὲ
1603 2003 2113 2078 παραδειγματίσῃς
2162 2010 2262 2078 τῆς

686 2081 1012 2154 Ἐκκλησίας
1065 2084 1164 2153 τὴν
1210 2084 1516 2154 συμφορὰν,
1566 2084 1705 2138 ἀλ.λά
1754 2086 2114 2157 θεράπευσον.
2143 2089 2262 2143 Κᾶν

671 2165 803 2237 εἴπῃ
832 2183 938 2231 τις,
972 2166 1055 2219 ὅτι
1088 2166 1284 2222 Πολλοὶ
1324 2168 1679 2240 ἐνήστευσαν,
1709 2169 2084 2240 ἐπιστόμισον,
2120 2170 2263 2225 ὥστε

674 2248 751 2318 μὴ
778 2248 1030 2317 γενέσθαι
1055 2250 1221 2320 δήλην
1249 2251 1349 2321 τὴν
1376 2253 1585 2322 φήμην,
1621 2251 1716 2304 καὶ
1744 2252 1864 2305 εἰπὲ
1899 2254 2037 2324 πρὸς
2069 2255 2258 2308 αὐτόν’

685 2331 824 2398 Ἐγὼ
846 2332 944 2400 μὲν
973 2332 1162 2385 οὐδένα
1194 2329 1341 2386 οἶδα·
1376 2333 1973 2406 ἠπάτησαι,ἄνθρωπε,
1999 2337 2095 2389 καὶ
2123 2337 2261 2406 ψεύ-

671 2412 734 2483 δῃ
751 2430 762 2442 ·
798 2413 862 2466 ἂν
883 2413 977 2466 δύο
1008 2416 1101 2467 καὶ
1127 2418 1278 2485 τρεῖς
1301 2415 1418 2488 ῐδῃς
1443 2417 1885 2487 παρασυρέντας,
1910 2418 2142 2484 πολλοὺς
2167 2412 2264 2474 αὐ-

671 2498 797 2559 τοὺς
833 2491 972 2550 εἷναι
1007 2497 1208 2565 λέγεις.
1246 2499 1356 2552 Καὶ
1399 2499 1491 2551 τὸν
1539 2500 1638 2568 μὲν
1682 2501 2097 2573 κατηγοροῦντα
2139 2504 2262 2557 ἐπι-

677 2580 952 2647 στόμισον,
987 2580 1093 2634 τῶν
1137 2581 1194 2634 δὲ
1235 2581 1664 2653 παρασυρέντων
1714 2584 1789 2656 μὴ
1835 2585 2134 2658 ἀμελήσῃς,
2178 2589 2265 2641 ἵνα

675 2661 1016 2732 ἑκατέρωθεν
1051 2663 1220 2735 πολλὴ
1266 2668 1331 2736 τῇ
1368 2662 1665 2736 Ἐκκλησία
1697 2667 1969 2736 ἀσφάλεια
2015 2670 2262 2740 γένηται,

676 2745 783 2796 ἀπό
807 2759 866 2798 τε
897 2746 988 2799 τοῦ
1013 2746 1108 2818 τὴν
1129 2749 1316 2819 φήμην
1349 2747 1423 2819 μὴ
1454 2749 1926 2818 ἐκπομπεύεσθαι,
1953 2753 2061 2805 ἀπό
2089 2771 2148 2806 τε
2170 2755 2262 2807 τοῦ

674 2827 800 2890 τοὺς
844 2830 1261 2902 παρασυρέντας
1318 2832 1516 2897 αὐτοὺς
1552 2832 1685 2904 πρὸς
1722 2833 1822 2902 τὴν
1864 2835 2018 2905 ίεράν
2064 2836 2303 2907 ἀγέληνχ

674 2910 906 2978 ἄγεσθαι
935 2913 1122 2967 πάλιν.

743 2995 834 3063 Μὴ
853 2996 1032 3049 τοίνυν
1055 2996 1356 3067 περιιόντες
1381 2998 1815 3070 λέγωμεν,Τίνες
1831 3003 2108 3074 ἥμαρτονπς
2131 3003 2266 3058 ἀλλά

677 3078 1090 3149 σπουδάσωμεν,
1119 3081 1268 3143 ὅπως
1311 3081 1698 3153 διορθώσωμεν
1724 3086 1850 3148 τοὺς
1875 3087 2265 3157 ἡμαρτηκότας

677 3159 857 3229 μόνον.
878 3163 988 3214 Καὶ
1009 3165 1118 3234 γὰρ
1141 3163 1313 3217 δεινὸν
1338 3163 1482 3228 ἔθος,
1513 3166 1686 3219 δεινὸν
1712 3168 1775 3219 τὸ
1803 3173 2134 3239 κατηγορεῖν
2156 3169 2265 3222 τῶν

675 3242 920 3311 ἀδελφῶν
972 3245 1154 3312 μόνον,
1183 3246 1319 3300 ἀλλὰ
1373 3246 1448 3318 μὴ
1492 3249 1908 3318 ἐπιμελεῖσθαι·
1945 3250 2005 3304 τὸ
2051 3253 2262 3321 ἐκπομ-

674 3325 863 3378 πεύειν
910 3327 979 3379 τὰ
1024 3327 1172 3381 κακά
1209 3329 1318 3383 τῶν
1360 3331 1755 3396 ἀσθενούντων,
1783 3333 1919 3387 ἀλλά
1971 3336 2047 3405 μὴ
2103 3335 2265 3404 θερα-

675 3407 880 3461 πεύειν,
903 3409 1204 3480 ’Λνέλωμεν
1233 3411 1408 3466 τοίνυν
1435 3412 1594 3467 τοῦτο
1615 3416 1676 3467 τὸ
1706 3417 1943 3487 πονηρὸν
1967 3417 2110 3480 έθος,
2137 3418 2268 3485 ἀγα-

676 3491 868 3559 πητοί·
897 3493 1015 3545 οὐδὲ
1040 3493 1148 3563 γὰρ
1176 3495 1380 3564 μικρὰν
1407 3495 1586 3567 λύμην
1614 3499 1774 3551 τοῦτο
1813 3499 2104 3569 ἐργάζεται
2125 3518 2137 3530 ·
2175 3504 2267 3553 καὶ

676 3573 812 3637 πῶς,
855 3574 967 3642 ἐγὼ
993 3575 1407 3642 λέγω.Ἧκουσέ
1436 3597 1520 3643 τις
1551 3581 1702 3650 παρά
1747 3582 1841 3634 σοῦ
1888 3583 2156 3649 λέγοντος,
2185 3585 2267 3637 ὅτι

677 3657 862 3710 πολλοὶ
895 3660 1226 3728 ἐνήστευσαν
1264 3661 1400 3729 μετά
1444 3663 1716 3716 Ἰουδαίων
1751 3666 1845 3716 καί
1893 3665 2058 3734 μηδὲν
2090 3655 2269 3731 ἐξετά-

679 3759 780 3805 σας
810 3743 888 3804 είς
918 3741 1111 3813 ἕτερον
1137 3743 1198 3796 τὸ
1228 3744 1378 3815 ῥῆμα
1408 3743 1669 3815 ἐξήνεγκε
1691 3765 1704 3778 ·
1728 3747 1891 3800 πάλιν
1919 3751 2125 3813 ἐκεῖνος
2163 3767 2268 3820 μη-

667 3824 765 3898 -δὲιν
795 3823 1370 3909 πολυπραγμονήσας,
1421 3828 1802 3909 ἐτέρῳμτοῦτο
1850 3831 2098 3897 ὲξεῖπεν’
2151 3829 2266 3887 εἶτα

671 3908 816 3961 ,κατά
854 3909 1049 3978 μικρὸν
1085 3909 1184 3977 τῆς
1218 3912 1459 3982 πονηρᾶς
1504 3908 1709 3982 ταύτης
1753 3914 2129 3986 αὐξανομένης
2164 3919 2268 3986 φή-

677 4008 785 4060 μης
825 3991 959 4044 πολὺ
989 3993 1088 4061 μὲν
1120 3994 1190 4064 τῇ
1239 3993 1535 4066 Ἐκκλησία
1555 4008 1578 4034 ι·
1611 3995 1814 4058 ὄνειδος
1843 3999 2268 4051 κατασκεδάννυ-

673 4091 783 4136 ται,
818 4077 932 4136 τοῖς
982 4075 1040 4128 δὲ
1089 4075 1423 4129 ἀπολωλόσιν
1453 4078 1604 4131 οὐδὲν
1651 4078 1844 4146 ὄφελος
1873 4080 2103 4148 γίνεται,
2133 4083 2268 4136 ἀλλά

678 4158 772 4211 καὶ
805 4157 1002 4227 βλάϐος
1037 4161 1131 4213 καὶ
1162 4159 1372 4222 τούτοις
1403 4161 1499 4212 καὶ
1529 4160 1738 4231 ἑτέροις
1774 4162 2011 4228 πολλοῖς.
2048 4165 2168 4218 Κάν
2207 4183 2267 4219 τε

675 4240 784 4312 γὰρ
811 4241 980 4308 ὀλίγοι
1010 4235 1164 4305 ὦσιν,
1192 4243 1352 4312 ἡμεῖς
1385 4243 1582 4306 αὐτοὺς
1604 4246 1725 4307 ταῖς
1757 4247 1969 4316 φήμαις
1996 4250 2116 4312 ταῖς
2142 4250 2268 4302 πολ-

675 4322 796 4387 λαῖς
831 4324 1060 4387 πολλοὺς
1094 4323 1377 4393 ποιοῦμεν,
1411 4327 1653 4390 καὶτοὺς
1676 4328 1916 4393 ἑστῶτας
1947 4330 2264 4385 ἀσθενεστέ-

679 4424 804 4478 ρους
826 4408 1198 4479 ἐργαζόμεθα,
1234 4411 1330 4463 καὶ
1361 4410 1488 4474 τοὺς
1519 4411 1812 4481 μέλλοντας
1848 4415 2068 4468 πίπτειν
2097 4415 2269 4469 ὠθοῦ-

677 4507 796 4560 μεν.
816 4491 875 4543 ὐ
901 4491 1010 4562 γὰρ
1035 4491 1266 4561 ἀδελφὸς
1290 4492 1554 4561 ἀκούσας,
1586 4494 1667 4548 ὅτι
1704 4495 1889 4549 πολλοί
1916 4499 2264 4568 ἐνήστευσαν,

673 4577 767 4628 καὶ
811 4575 974 4640 αὐτὸς
1023 4575 1395 4648 ρᾳθυμότερος
1448 4578 1624 4641 ἔσται,
1666 4581 1760 4632 καὶ
1811 4580 1979 4634 ταῦτα
2026 4581 2187 4634 πάλιν
2240 4585 2268 4634 ὁ

674 4657 908 4729 ἀσθενὴς
943 4658 1201 4722 ἀκούσας,
1237 4660 1529 4732 δραμεῖται
1566 4663 1664 4714 ἐπὶ
1705 4663 1766 4716 τὸ
1798 4663 2000 4734 πλῆθος
2029 4665 2137 4718 τῶν
2173 4683 2286 4718 ’πε-κ

675 4744 991 4797 πτωκότων.
1016 4744 1107 4815 Μὴ
1133 4745 1310 4797 τοίνυν
1345 4746 1479 4816 μηδὲ
1502 4746 1596 4799 ἐπὶ
1626 4746 1820 4818 τούτῳ,
1849 4748 1986 4818 μηδέ
2016 4750 2101 4802 ἐπ’
2123 4749 2269 4821 ἄλλῳ

674 4825 1054 4896 πονηρεύματι
1088 4829 1497 4900 συγχαίρωμεν,
1527 4829 1630 4884 κᾶν
1655 4829 1842 4884 πολλοὶ
1867 4825 2001 4885 ὦσιν
2021 4833 2070 4885 οί
2095 4833 2271 4905 ἁμαρ-

673 4909 947 4972 τάνοντες,
975 4909 1118 4963 ὥστε
1149 4911 1521 4983 ἐκπομπεύειν
1545 4913 1744 4978 αὐτοὺς
1774 4915 1869 4967 καὶ
1897 4915 2077 4984 λέγειν
2095 4916 2145 4981 δ,
2186 4919 2268 4969 ὅτι

677 4992 884 5057 πολλοὶ,
930 4993 1045 5047 ἀλλ’
1082 4995 1522 5067 ἐπιστομίζωμεν
1567 4996 1722 5070 [680]
1775 5000 1870 5052 καὶ
1923 5000 2263 5071 κατέχωμεν.

674 5077 766 5149 Μή
811 5095 902 5147 μοι
934 5078 1080 5146 λέγε,
1112 5080 1192 5134 ὅτι
1229 5079 1414 5133 πολλοί
1461 5081 1820 5152 ἐνήστευσαν,
1859 5081 1995 5137 ἀλλά
2040 5084 2268 5154 διόρθω-

677 5179 766 5214 σαι
801 5162 925 5225 τοὺς
952 5162 1200 5230 πολλούς.
1222 5165 1297 5218 Οὐ
1345 5164 1435 5218 διὰ
1479 5165 1640 5218 τοῦτο
1673 5165 1963 5229 τοσούτους
2014 5167 2269 5239 ἀνήλωσα

675 5243 886 5311 λόγους,
923 5245 1009 5298 ἵνα
1035 5248 1420 5320 κατηγορήσῃς
1452 5247 1560 5301 τῶν
1597 5247 1830 5315 πολλῶν,
1872 5248 2098 5302 ἀλλ’ἵνα
2144 5252 2266 5314 τοὺς

676 5329 907 5390 πολλοὺς
956 5331 1193 5403 ποιήσῃς
1227 5331 1463 5399 ὀλίγους,
1505 5332 1703 5402 μᾶλλον
1748 5331 1805 5384 δὲ
1857 5332 1991 5402 μηδὲ
2030 5333 2264 5400 ὀλίγους,

676 5409 815 5463 ἀλλὰ
856 5412 950 5465 καί
987 5414 1185 5477 αὐτοὺς
1226 5414 1570 5488 διασώσῃςο.
1606 5417 1700 5486 Μὴ
1732 5417 1912 5469 τοίνυν
1951 5416 2266 5486 ἐκπόμπευε

739 5539 970 5606 {Novem
996 5556 1115 5592 mss.
1135 5549 1218 5600 τῆς
1243 5545 1517 5603 ἐκκλησίας,
1544 5559 1655 5606 ηοω
1694 5546 1843 5594 lectio
1865 5558 1962 5594 non
1988 5548 2114 5596 mala
2155 5562 2265 5599 cum

675 5602 1303 5672 γρτὺοὴκατασκεεάννυται,
1326 5605 1450 5672 Infra
1473 5602 1686 5668 qua-tuor
1703 5609 1936 5663 mssxraic
1959 5610 2131 5672 φήμαις
2155 5614 2269 5660 ταύ-

672 5681 774 5719 ταις
796 5665 964 5724 (Smil.
990 5668 1178 5726 κακαῖς)
1201 5669 1419 5724 πολλούς.

736 5726 764 5770 b
787 5729 1006 5798 nglupl“
1028 5731 1298 5798 nlss._d}lq)
1327 5733 1519 5798 πονηρῷ
1545 5732 1718 5798 ῥήματι
1752 5730 1904 5798 ταῦτα
1927 5737 2265 5798 συγχωρῶμεν,

787 5790 953 5835 πολλοὶ
981 5790 1097 5836 ὡσιν
1118 5794 1161 5838 οἱ
1185 5787 1554 5854 ἁμαρτάνοντες,
1661 5795 1976 5855 ἐκπομπεύειν
1997 5787 2265 5852 αὐτούςκαί

694 5865 838 5897 .εγιιιν.

694 5865 838 5907 ιεγιιιν.

738 5916 759 5942 ⁸
791 5912 995 5962 Plurimi
1020 5927 1133 5961 mss.
1167 5914 1334 5966 αὐτοὺς
1356 5916 1549 5972 τούτους
1569 5916 1828 5979 διασώσῃς.

1391 385 1448 439 S.
1489 383 1776 440 JOANNIS
1815 380 2304 442 CHRYSOSTOMI
2350 380 2672 438 ARCIHEP.
2712 382 3267 440 CONSTANTINOP.

2363 500 2433 554 τὰ
2479 501 2880 573 ἁμαρτήματα,
2912 497 3049 552 ἀλλά
3100 493 3615 568 θεράπευε.⁶Ὠσπερ
3643 493 3755 566 γάρ
3789 497 3838 550 οί
3869 496 3973 575 Ex:

2362 583 2760 654 πομπεύοντες,
2795 585 2892 638 καὶ
2931 585 3012 646 εἰς
3044 582 3204 634 τοῦτο
3241 580 3400 651 μόνον
3447 577 3830 648 ἐσχολακότες,
3860 579 3963 633 κᾶν

2361 665 2529 736 ὀλίγοι
2576 661 2710 720 ὧσιν
2757 669 2806 720 οἱ
2864 663 3271 737 ἡμαρτηκότες,
3306 661 3536 725 πολλοὺς
3568 661 3772 725 αὐτοὺς
3803 661 3959 731 νομί-

2362 749 2552 814 ζεσθαι
2589 748 2869 803 ποιοῦσινο
2917 747 3092 812 οὕτως
3139 747 3191 798 οί
3240 745 3643 810 συστέλλοντες,
3693 747 3791 800 καὶ
3835 748 3964 811 τοὺς

2362 829 2818 903 ἐκπομπεύοντας
2865 829 3332 900 ἐπιστομίζοντες,
3375 831 3471 881 καὶ
3511 827 3622 881 τῶν
3669 829 3964 883 πεπτωκό-

2361 931 2472 969 των
2503 914 2948 986 ἐπιμελούμενοι,
2986 911 3090 967 κάν
3114 911 3300 965 πολλοί
3329 904 3487 975 ὦσιν,
3513 909 3715 974 αὐτούς
3731 927 3795 962 τε
3818 912 3964 964 ἐκεί-

2363 1015 2489 1064 νους
2533 997 2872 1067 διορθοῦνται
2923 996 3144 1069 ῥᾳδίως,
3175 995 3272 1048 καὶ
3313 994 3506 1048 οὐδένα
3539 994 3728 1065 ἓτερον
3763 995 3830 1047 ἐκ
3866 996 3964 1065 τῆς

2364 1080 2568 1134 τούτων
2594 1081 2789 1149 ἀφιᾶσι
2831 1078 3254 1151 παραϐλαϐἦναι
3302 1078 3514 1148 φήμης.
3560 1077 3677 1130 Οὐκ
3722 1078 3966 1147 ἡκούσας

2315 1155 2323 1172 ³
2363 1164 2447 1216 ὅτι
2473 1163 2689 1235 θρηνῶν
2721 1163 2813 1217 τὸν
2851 1161 3089 1216 Σαοὺλιὸ
3131 1160 3292 1215 Δαυῖδ
3332 1160 3488 1228 ἔλεγε
3507 1176 3523 1191 ·
3559 1158 3694 1224 Πῶς
3734 1161 3969 1217 ἔπεσον

2363 1247 2614 1300 δυνατοί
2637 1263 2656 1312 ;
2688 1245 2788 1314 Μὴ
2811 1246 3207 1315 ἁναγτείλητε
3239 1247 3327 1311 εὶς
3354 1242 3496 1309 Γὲθ,
3518 1243 3678 1313 μηδὲ
3713 1246 3964 1314 sim-ns-

2364 1331 2628 1398 λίσησθε
2659 1330 2732 1383 ἐν
2765 1328 2900 1395 ταῖς
2932 1328 3097 1395 ὁδοῖς
3141 1327 3538 1393 Ἀσκάλωνος,
3568 1326 3731 1394 ὅπως
3752 1329 3846 1397 μὴ
3870 1331 3970 1382 εὑ-

2364 1412 2674 1483 φρανθῶσι
2724 1411 3046 1482 θυγατέρες
3089 1411 3481 1480 ἀλλοφύλων,
3521 1409 3680 1480 μηδὲ
3719 1410 3970 1481 γαυριάμ-

2366 1509 2522 1550 σωσι
2551 1495 2874 1566 θυγατέρες
2909 1494 3344 1564 ἀπεριτμήτων.
3368 1494 3432 1570 Εἰ
3453 1492 3510 1546 δὲ
3541 1495 3781 1565 πρᾶγμα
3809 1511 3969 1563 φανε-

2368 1579 2461 1650 ρὸν
2493 1579 2595 1633 οὐκ
2627 1579 2881 1632 ἐϐούλετο
2913 1575 3562 1648 ἐκπομπεύεσθαι,’ῶστε
3605 1578 3682 1647 μὴ
3708 1577 3969 1645 γενέσθαι

2363 1667 2478 1727 τοῖς
2503 1663 2772 1727 ἐναντίοις
2798 1663 3017 1734 ἡδονὴν,
3051 1662 3205 1732 πόσῳ
3234 1660 3436 1733 μᾶλλον
3462 1659 3636 1715 ταῦτα
3673 1662 3736 1713 οὐ
3761 1661 3848 1714 δεῖ
3865 1663 3968 1716 ἐλ-

2365 1749 2554 1818 φέρειν
2585 1747 2666 1809 εἰς
2693 1747 2792 1826 τὰς
2836 1745 3036 1813 ἔξωθεν
3071 1744 3263 1811 ἀκοάς,
3293 1743 3496 1815 μᾶλλον
3523 1743 3582 1796 δέ
3610 1743 3732 1796 οὐδὲ
3750 1745 3850 1807 είς
3870 1745 3970 1808 τὰς

2367 1832 2500 1902 παρ’
2533 1831 2667 1901 ἡμῖν
2682 1829 2734 1896 ἀ,
2782 1829 2870 1884 ἵνα
2903 1829 3040 1900 μήτε
3064 1829 3114 1881 οί
3146 1828 3335 1900 ἐχθροὶ
3365 1827 3658 1891 ἀκούοντες
3703 1827 3969 1898 χαίρωσι,

2370 1913 2508 1984 μήτε
2540 1913 2589 1966 οί
2611 1913 2804 1966 οἰκεῖοι
2829 1911 3194 1982 μανθάνοντες
3236 1911 3683 1976 καταπίπτωσιν,
3711 1910 3853 1964 ἀλλά
3880 1926 3969 1963 συ-

2369 1995 2606 2049 στέλλειν
2635 1996 2732 2049 καὶ
2761 1995 3160 2067 περιφράσσειν
3184 1992 3543 2063 πανταχόθεν.
3567 1994 3661 2064 Μή
3697 2011 3792 2064 μοι
3813 1992 3970 2064 λέγε,

2365 2078 2448 2131 ὅτι
2490 2077 2580 2148 Τῷ
2626 2078 2759 2132 δεῖνι
2803 2074 2991 2132 εἷπον·
3034 2077 3188 2149 παρά
3232 2075 3417 2148 σαυτῷ
3451 2075 3650 2146 κάτεχε
3681 2076 3747 2129 τδ
3790 2077 3965 2147 ῥῆμα,

2368 2158 2581 2232 Ὥσπερ
2605 2161 2713 2232 γὰρ
2742 2160 2806 2213 σὺ
2833 2161 2935 2214 οὐκ
2965 2160 3346 2233 ἐκαρτέρησας
3378 2159 3626 2230 σιγῆσαι,
3650 2159 3829 2223 οὕτως
3849 2157 3967 2214 οὐδὲ

2367 2243 2575 2307 ἐκεῖνος
2607 2240 2880 2310 ἀνέξεται.

2437 2325 2690 2380 ε’.Ταῦτα
2706 2327 2767 2379 οὐ
2783 2327 3027 2399 περὶτῆς
3043 2327 3327 2400 παρούσης
3341 2327 3599 2398 νηστείας
3616 2326 3763 2395 λέγω
3779 2326 3967 2398 μόνον,

2367 2409 2504 2462 ἀλλά
2524 2411 2619 2464 καὶ
2645 2411 2774 2482 περὶ
2795 2411 2970 2464 ἄλλων
2997 2412 3206 2481 μυρίων
3229 2410 3666 2482 ἁμαρτημάτων.
3691 2410 3784 2481 Μὴ
3807 2409 3970 2484 τοῦτο

2369 2494 2662 2566 σκοπῶμεν
2713 2495 2896 2565 μόνον,
2929 2498 2978 2548 εἰ
3020 2495 3207 2548 πολλοὶ
3243 2497 3293 2548 οἱ
3326 2494 3798 2567 παρασυρόμενοι,
3833 2492 3970 2548 ἀλλὰ

2367 2579 2544 2631 ἐκεῖνο
2593 2579 2980 2649 σκοπήσωμεν,
3011 2578 3164 2641 ὃπως
3196 2578 3395 2640 αὐτοὺς
3438 2573 3842 2647 ἀπαγάγωμεν.
3875 2577 3970 2646 Μὴ

2369 2661 2686 2731 ἐπαίρωμεν
2717 2662 2786 2715 τὰ
2812 2661 2922 2714 τῶν
2947 2660 3244 2732 πολεμίοιν,
3272 2661 3368 2715 καὶ
3396 2659 3467 2714 τὰ
3488 2660 3740 2740 ἡμέτερα
3767 2659 3970 2714 καθαι-

2373 2743 2590 2814 ρῶμεν⁸
2643 2744 2720 2815 μὴ
2759 2744 3014 2816 ἰσχυροὺς
3065 2743 3310 2806 ἐκείνους
3357 2743 3776 2815 ἀποφαίνωμεν,
3810 2743 3883 2797 τά
3913 2742 3973 2796 δὲ

2369 2826 2613 2898 ἡμέτερα
2651 2826 2855 2898 ἀσθενῆ
2876 2842 2890 2856 ’
2923 2826 3062 2881 ἀλλά
3095 2827 3409 2881 τούναντίον
3453 2829 3602 2882 ἆπαν
3641 2826 3974 2898 ἐργασώμε-

2370 2911 2456 2964 θα.
2489 2906 2610 2964 Οίδε
2637 2910 2734 2962 καὶ
2759 2911 2834 2981 φή
2845 2928 2918 2982 μη
2949 2910 3212 2974 πολλάκις
3241 2911 3512 2969 καθελεῖν,
3537 2910 3632 2963 καλ⁵
3661 2909 3975 2980 ἀναστῆσαι

2366 2992 2567 3064 ψυχὴν,
2599 2994 2693 3046 καὶ
2735 2992 2834 3064 τὴν
2878 2994 2978 3046 οὐκ
3017 2989 3185 3048 οὖσαν
3219 2993 3532 3064 προθυμίαν
3561 2993 3847 3062 ἐμϐαλεῖν,
3879 2994 3976 3046 καὶ

2368 3077 2468 3147 τὴν
2497 3073 2664 3130 οὖσαν
2696 3075 3000 3131 καταλῦσαι
3034 3077 3217 3130 πάλιν.
3249 3075 3351 3128 Διὰ
3386 3075 3545 3130 τοῦτο
3572 3075 3830 3146 παραινῶ
3872 3077 3974 3139 τὰς

2371 3162 2558 3232 φήμας
2604 3158 2789 3226 αὐξειν
2839 3159 3080 3224 ὲκείνας,
3110 3158 3168 3212 αἳ
3201 3157 3272 3211 τά
3296 3157 3543 3229 ἡμέτερα
3572 3160 3795 3229 αἰρουσι
3827 3158 3976 3229 πρά-

2369 3260 2576 3314 γματα,
2605 3243 2700 3296 καὶ
2733 3242 2946 3313 μεγάλα
2974 3240 3191 3295 ποιοῦσι
3221 3241 3508 3310 φαίνεσθαι
3533 3258 3546 3271 ·
3573 3241 3712 3294 ἀλλά
3733 3241 3808 3312 μὴ
3831 3241 3980 3294 ἐκείρ

2369 3344 2485 3390 νας,
2515 3327 2571 3378 αἳ
2600 3326 2695 3379 τοῦ
2727 3327 2910 3379 κοινοῦ
2937 3325 3046 3379 τῶν
3078 3324 3326 3394 ἀδελφῶν
3357 3325 3718 3394 καταχέουσιν
3742 3325 3974 3388 ὄνειδος.

2369 3411 2489 3463 Κᾶν
2529 3409 2626 3478 μὲν
2658 3408 2982 3478 ἀκούσωμέν
3004 3426 3055 3460 τι
3085 3407 3345 3479 χρηστὸν,
3379 3409 3459 3470 εἰς
3481 3408 3692 3470 πάντας
3715 3409 3976 3479 ἐκφέρω-

2372 3510 2472 3562 μεν
2492 3509 2503 3521 °
2548 3491 2611 3544 ἂν
2650 3491 2708 3544 δέ
2731 3508 2785 3543 τι
2812 3490 3017 3560 φαῦλον
3049 3491 3141 3543 καὶ
3169 3490 3427 3561 πονηρὸν,
3465 3494 3595 3561 παρ’
3623 3493 3842 3555 ἑαυτοῖς
3872 3507 3977 3545 και

2367 3573 2760 3646 τακρύψωμεν,
2792 3574 2886 3628 καὶ
2917 3575 3065 3637 ὅπως
3113 3574 3392 3642 ἀνέλωμεν
3421 3575 3553 3628 αὐτὸ
3585 3576 3766 3629 πάντα
3807 3578 3975 3646 ποιή-

2373 3674 2574 3727 σωμεν.
2607 3658 2718 3709 Καὶ
2744 3655 2837 3710 νῦν
2859 3655 3039 3710 τοίνυν
3070 3656 3470 3728 περιέλθωμεν,
3502 3657 3976 3728 πολυπραγμονή-

2370 3756 2574 3810 σωμεν,
2619 3739 2818 3810 ἴδωμεν
2865 3740 2992 3802 τοὺς
3045 3739 3333 3803 πεσόντας,
3375 3740 3479 3793 κᾶν
3525 3741 3605 3802 εἰς
3649 3740 3829 3793 οἰκίαν
3876 3740 3976 3813 δέῃ

2371 3822 2657 3886 εἰσελθεῖν,
2692 3822 2769 3893 μὴ
2824 3823 3275 3892 κατοκνήσωμεν.
3310 3823 3375 3875 Εἰ
3421 3823 3478 3874 δὲ
3534 3823 3812 3892 ἄγνωστος
3861 3825 3976 3893 εἴη,

2371 3908 2464 3960 καὶ
2497 3903 2812 3977 μηδαμόθεν
2834 3921 2915 3956 σοι
2946 3905 3243 3975 προσήκων
3265 3907 3294 3957 ὁ
3312 3903 3648 3968 πεπτωκὼς,
3677 3907 3980 3976 περιέργα-

2372 4007 2461 4042 σαι
2487 3991 2581 4042 καὶ
2611 3987 3165 4058 πολυπραγμόνησον,
3187 3988 3309 4040 τίνα
3336 3987 3450 4056 ἔχει
3481 3987 3636 4055 φίλον
3665 3989 3761 4041 καὶ
3780 3989 3979 4059 ἐπιτή-

2370 4073 2532 4136 δειον,
2575 4072 2669 4123 καί¹
2715 4069 2820 4122 τίνι
2871 4069 3110 4138 μάλιστα
3158 4069 3428 4131 πείθεται,
3463 4072 3718 4123 κάκεῖνον
3762 4070 3974 4134 λαϐὼν,

2371 4155 2579 4208 εἴσελθε
2608 4157 2686 4217 εἰς
2719 4153 2818 4224 τὴν
2847 4154 3026 4207 οἰκίαν
3051 4171 3064 4182 ’
3098 4153 3174 4224 μὴ
3200 4153 3520 4224 αἰσχυνθῇς,
3554 4154 3690 4224 μηδὲ
3718 4153 3978 4224 ἐρυθριά-

2373 4254 2494 4312 σῃς.
2526 4238 2588 4290 Εἰ
2623 4237 2721 4307 μὲν
2746 4237 2858 4308 γάρ
2884 4238 3148 4308 χρήματα
3178 4232 3382 4308 εἰσῄεις
3429 4239 3696 4306 αἰτήσων,
3738 4236 3773 4308 ἢ
3808 4237 3976 4309 χάριν

2371 4322 2493 4374 τινὰ
2523 4320 2830 4392 ληψόμενος
2857 4322 2987 4390 παρ’
3015 4319 3204 4385 αὐτοῦ,
3234 4319 3382 4384 εἰκὸς
3408 4316 3476 4391 ἦν
3506 4319 3892 4390 αἰσχύνεσθαι⁶
3925 4322 3977 4381 εί

2371 4406 2428 4458 δὲ
2460 4405 2600 4474 ὑπὲρ
2624 4403 2726 4474 τῆς
2753 4404 2963 4457 ἐκείνου
3001 4403 3281 4474 σωτηρίας
3308 4405 3546 4476 τρέχεις,
3577 4406 3609 4475 ἡ
3633 4404 3733 4473 τῆς
3760 4404 3974 4458 εἰσόδου

2374 4488 2647 4558 πρόφασις
2694 4487 2948 4540 ἁπάντων
2977 4486 3280 4540 ἀπαλάττει
3321 4504 3381 4540 σε
3422 4488 3531 4540 τῶν
3578 4487 3974 4558 ἐγκλημάτων.

2373 4570 2760 4642 Παρακάθισον
2809 4571 2906 4641 δὴ,
2958 4571 3056 4624 καὶ
3110 4571 3232 4623 εἰπέ
3275 4570 3412 4642 πρὸς
3465 4571 3651 4634 αὐτὸν,
3701 4571 3975 4640 ἑτέρωθεν

2374 4655 2743 4724 ποιησάμενος
2787 4654 2888 4724 τὴν
2935 4654 3134 4725 ἀρχὴν,
3162 4653 3303 4706 ὥστε
3359 4653 3670 4708 ἀνύποπτον
3714 4654 3976 4722 γενέσθαι

2371 4738 2471 4807 τὴν
2505 4737 2812 4807 διόρθωσιν.
2832 4737 3127 4807 Ἐπαινεῖς,
3172 4737 3294 4790 εἰπέ
3343 4755 3452 4808 μοι,
3487 4739 3613 4801 τοὺς
3653 4737 3972 4803 Ἰουδαίους,

2372 4820 2452 4872 ὃτι
2501 4821 2592 4872 τὸν
2642 4819 2877 4889 Χριστὸν
2905 4820 3282 4891 ἐσταύρωσαν,
3315 4821 3409 4873 καὶ
3439 4819 3856 4890 βλασφημοῦσιν
3891 4823 3977 4884 εἰς

2372 4903 2534 4956 αὐτὸν
2572 4902 2686 4968 νῦν,
2721 4903 2816 4955 καὶ
2849 4903 3168 4973 παράνομον
3219 4904 3384 4956 αὐτὸν
3434 4902 3692 4967 καλοῦσι;
3744 4903 3977 4966 Πάντως

2371 4987 2471 5039 οὐκ
2499 4985 2771 5051 ἀνέξεται,
2817 4985 2967 5057 [681]
3005 4987 3099 5039 ἐὰν
3194 4987 3541 5060 Χριστιανὸς,
3572 4986 3676 5040 κᾶν
3707 4988 3976 5056 μυριάκις

2374 5069 2634 5140 ίουδαῖζη,
2665 5071 2765 5122 οὐκ
2809 5069 3059 5137 ἀνέξεται
3104 5073 3280 5125 εἰπεῖν
3307 5074 3388 5125 ὅτι
3429 5070 3667 5124 Ἐπαινῶ
3687 5088 3702 5103 ο
3731 5071 3850 5124 ἀλλ’
3874 5074 3974 5140 ἐμ-

2372 5154 2567 5225 φράξει
2609 5155 2706 5224 τὴν
2753 5154 2925 5226 ἀκοὴν
2957 5157 3049 5208 καὶ
3079 5155 3196 5224 ἐρεῖ
3222 5155 3360 5226 πρὸς
3389 5154 3468 5219 σὲ,
3501 5154 3594 5225 Μὴ
3620 5155 3853 5223 γένοιτο,
3881 5155 3975 5208 εὐ-

2371 5239 2562 5308 φήμει,
2599 5236 2874 5308 ἄνθρωπε.
2913 5233 3047 5290 Εἶτα
3070 5239 3199 5292 ὅταν
3229 5237 3394 5292 αὐτοῦ
3424 5237 3598 5310 λάϐῃς
3625 5237 3725 5308 τὴν
3755 5256 3975 5306 συγκα-

2370 5320 2610 5382 τάθεσιν,
2638 5320 2801 5372 πάλιν
2827 5321 3162 5389 ὲπανάλαϐε,
3192 5322 3286 5376 καὶ
3317 5323 3438 5376 είπέ
3457 5340 3468 5352 ·
3515 5321 3639 5386 Πῶς
3667 5317 3763 5374 οὖν
3784 5323 3978 5387 αὐτοῖς

2372 5407 2668 5467 κοινωνεῖς,
2716 5404 2835 5458 εἰπέ
2865 5421 2984 5475 μοι;
3021 5405 3138 5469 πῶς
3179 5407 3428 5477 μετέχεις
3456 5408 3557 5478 τῆς
3595 5406 3812 5478 ἐορτῆς,
3853 5407 3979 5471 πῶς

2373 5489 2492 5558 μετ’
2523 5487 2747 5541 ἐκείνων
2797 5488 3115 5560 νηστεύεις;
3170 5486 3303 5545 Εἶτα
3355 5491 3737 5564 κατηγόρησον
3789 5489 3979 5542 αὐτῶν

2371 5573 2469 5641 τῆς
2501 5571 2894 5643 ἀγνωμοσύνης
2915 5589 2928 5602 ·
2962 5573 3081 5626 εἰπὲ
3120 5573 3220 5644 τὴν
3257 5573 3606 5644 παρανομίαν
3639 5572 3864 5626 ἃπασαν
3905 5575 3979 5646 ἦν

2373 5657 2430 5709 ἐν
2463 5659 2582 5719 ταῖς
2613 5656 2922 5726 ἔμπροσθεν
2952 5659 3188 5728 ἡμέραις
3217 5658 3432 5728 διῆλθον
3460 5659 3597 5728 πρὸς
3626 5658 3728 5729 τὴν
3766 5658 3977 5728 ὑμετέ-

2375 5757 2473 5810 ραν
2513 5741 2754 5812 ἀγάπην,
2783 5742 2881 5813 τὴν
2929 5742 3036 5795 ἀπὸ
3065 5742 3160 5795 τοῦ
3193 5743 3382 5808 τόπου,
3409 5741 3508 5812 τὴν
3557 5740 3665 5794 ἀπὸ
3710 5741 3812 5794 τοῦ
3857 5758 3982 5796 και-

2437 5853 2463 5892 d
2489 5856 2709 5930 ερριρῐιι
2722 5872 2837 5906 mss.
2865 5860 2929 5930 εἰς
2965 5860 3222 5930 τούςιπαςκ
3260 5861 3388 5921 ἡμῖν.
3419 5855 3572 5908 Paulo
3593 5865 3724 5922 post,
3755 5874 3980 5930 quntum-

2375 5931 2484 5966 τηθίς.
2520 5922 2790 5968 συστέλλειν
2812 5924 2887 5968 καὶ
2913 5923 3101 5980 mpm-1)
3113 5921 3287 5969 ύπτειν.
