4160 6324
270 439 377 492 933

263 558 602 615 sisanaveris
631 557 905 612 tolerantur.
938 572 950 607 :
994 556 1079 610 ille
1124 563 1174 609 te
1200 554 1355 609 faciet
1375 553 1616 608 ditiorem
1635 552 1847 622 lquovls

258 649 535 704 thesauro.
573 649 676 715 Qui
700 649 832 703 enim
860 646 1088 701 eduxerit
1119 648 1395 715 pretiosum
1424 663 1455 698 a
1485 646 1591 710 vili,
1613 610 1851 714 t‘nquam

263 757 322 795 σε
349 756 519 792 meum
547 740 647 794 erit
684 736 1057 809 (Ιετ.15.19),
1095 738 1265 807 inquit
1291 737 1400 791 ille.
1431 736 1567 805 Quid
1610 735 1732 790 huic
1760 752 1854 805 po-

252 830 388 883 terit
412 828 767 899 aequiparari?
795 827 946 894 Quod
976 841 1146 897 neque
1169 826 1433 896 jejunium
1453 869 1469 895 ,
1499 842 1685 897 neque
1706 826 1852 880 humi

255 929 495 989 peractae
526 919 874 986 cubationes,
919 934 1093 990 neque
1137 920 1449 989 pervigilia,
1497 934 1670 989 neque
1710 919 1853 974 aliud

258 1012 532 1083 quidpiam
563 1021 742 1082 potest
781 1011 1031 1079 efficere,
1074 1012 1127 1066 id
1154 1011 1323 1067 efficit
1362 1010 1542 1065 fratris
1570 1023 1852 1081 procurata

258 1106 429 1160 salus.
474 1105 662 1176 Cogita
692 1120 851 1175 quam
890 1104 1054 1159 multa
1097 1114 1244 1159 tuum
1284 1120 1345 1159 os
1390 1103 1698 1173 frequenter
1731 1118 1855 1173 pec-

259 1196 485 1262 caverit,
513 1212 674 1265 quam
701 1196 867 1251 multa
893 1196 1058 1252 verba
1082 1196 1335 1252 obscmna
1364 1196 1664 1266 protulerit,
1695 1211 1854 1265 quam

260 1285 432 1343 multa
454 1286 695 1341 convicia
717 1326 733 1351 ,
757 1301 916 1355 quam
936 1286 1105 1341 multa
1131 1286 1413 1342 maledicta
1437 1287 1742 1341 evomuerit
1759 1328 1774 1353 ,
1801 1295 1857 1340 et

258 1379 487 1433 omnino
512 1378 777 1448 suscipies
812 1378 1033 1448 collapsi
1075 1380 1280 1433 curam.
1314 1378 1448 1432 Nam
1477 1378 1578 1432 hoc
1620 1392 1727 1431 uno
1761 1377 1857 1431 be-

259 1466 477 1523 nefacto
500 1483 715 1524 omnem
748 1470 891 1523 illam
910 1469 1090 1524 delere
1115 1468 1375 1523 maculam
1398 1468 1618 1541 poteris.
1642 1466 1711 1521 Et
1729 1467 1855 1537 quid

262 1546 391 1611 dico
415 1557 631 1612 delere?
654 1558 843 1613 Facies
867 1566 928 1613 ut
946 1559 1016 1613 sit
1044 1574 1105 1615 os
1133 1567 1282 1612 tuum
1314 1559 1452 1612 sicut
1481 1574 1542 1613 os
1570 1558 1686 1612 Dei.
1717 1558 1856 1626 Quid

262 1645 396 1700 huic
444 1646 632 1702 honori
683 1651 853 1717 possit
889 1648 1245 1718 aequiparari?
1272 1647 1388 1702 Non
1415 1648 1558 1703 enim
1609 1663 1709 1718 ego
1756 1648 1856 1702 ista

259 1736 557 1803 polliceor;
582 1737 697 1807 ipse
738 1738 879 1792 Deus
906 1738 1010 1794 hoc
1050 1738 1201 1793 dixit.
1248 1738 1306 1792 Si
1346 1754 1508 1793 unum
1552 1739 1857 1810 quempiam

261 1829 536 1896 eduxeris,
569 1831 762 1900 inquit,
792 1838 851 1886 ut
891 1846 952 1886 os
996 1846 1206 1897 meum,
1240 1833 1343 1886 erit
1370 1847 1433 1888 os
1476 1842 1622 1887 tuum
1666 1847 1857 1901 purum

261 1930 639 1991 sanctumque.
683 1921 762 1977 Ne
818 1923 978 1991 igitur
1019 1922 1352 1993 negligamus
1402 1924 1630 1989 fratres,
1685 1940 1859 1994 neque

260 2009 666 2066 circumeuntes
693 2011 954 2077 dicamus,
984 2026 1142 2081 quam
1169 2012 1321 2066 multi
1347 2012 1676 2082 jejunarunt,
1698 2030 1857 2083 quam

262 2097 422 2151 multi
461 2098 740 2168 intercepti
768 2109 924 2167 sunt,
954 2101 1048 2155 sed
1078 2115 1260 2155 curam
1298 2102 1592 2157 habeamus
1622 2103 1854 2159 illorum.

264 2188 490 2245 Etiamsi
538 2190 691 2243 multi
720 2190 827 2243 sint
862 2192 951 2259 qui
980 2191 1292 2260 jejunarunt
1319 2210 1339 2246 :t
1382 2201 1469 2258 tu,
1516 2193 1744 2261 dilecte,
1792 2210 1860 2250 ne

261 2280 485 2349 evulges
503 2280 912 2360 ignominiaeque
933 2297 1171 2365 exponas
1190 2282 1445 2338 Ecclesiae
1466 2285 1855 2351 calamitatem;

261 2371 363 2426 sed
392 2372 610 2427 medere
650 2373 845 2441 potius.
876 2373 943 2427 Et
982 2370 1026 2428 Si
1057 2375 1176 2444 quis
1214 2374 1431 2439 dixerit,
1469 2377 1618 2430 multi
1651 2376 1861 2446 jejuna-

262 2471 413 2525 runt,
436 2463 626 2516 obtura
654 2464 726 2517 illi
754 2479 836 2529 os,
862 2480 930 2518 ne
956 2464 1100 2519 fama
1128 2465 1447 2536 divulgetur,
1472 2469 1628 2537 eique
1649 2468 1811 2523 dicito
1842 2488 1855 2522 :

261 2566 368 2621 ego
395 2552 666 2607 neminem
693 2555 851 2619 novi;
881 2554 1136 2624 deceptus
1165 2571 1224 2611 es
1244 2599 1258 2623 ,
1291 2558 1473 2635 homo,
1506 2557 1811 2629 fallerisque
1842 2578 1856 2614 :

262 2659 496 2715 cumque
546 2661 710 2700 unum
758 2655 922 2716 atque
970 2649 1195 2703 alterum
1236 2650 1585 2718 interceptum
1626 2652 1856 2718 videris,

263 2734 406 2789 dicis
441 2736 560 2790 illos
590 2751 713 2792 esse
754 2738 972 2793 multos.
1016 2741 1093 2794 Ac
1132 2740 1358 2795 delatori
1400 2743 1613 2812 quidem
1644 2744 1860 2813 impone

260 2826 535 2881 silentium
567 2845 581 2881 :
611 2836 867 2884 caeterum
909 2846 1003 2889 eos
1039 2832 1133 2902 qui
1175 2833 1454 2903 intercepti
1498 2843 1622 2889 sunt
1665 2851 1734 2890 ne
1764 2851 1860 2892 ne-

260 2915 515 2985 glexeris,
566 2926 626 2971 ut
654 2919 903 2990 utrinque
945 2923 1109 2977 multa
1145 2925 1402 2979 securitas
1445 2927 1718 2997 contingat
1758 2920 1861 2981 Ec-

258 3006 465 3070 clesiae,
500 3018 610 3063 tum
656 3025 724 3064 ex
762 3025 828 3065 eo
863 3013 1006 3081 quod
1044 3014 1185 3068 fama
1222 3029 1327 3069 non
1374 3016 1444 3070 sit
1480 3017 1711 3089 vulgata,
1748 3028 1858 3073 tum

259 3098 409 3166 quod
450 3115 547 3155 eos
591 3102 738 3171 ipsos
778 3102 1104 3174 interceptos
1140 3106 1206 3161 ad
1253 3121 1465 3163 sacrum
1512 3126 1727 3181 gregem
1776 3128 1858 3167 re-

264 3187 506 3243 duxeris.

334 3278 555 3335 Peccata
573 3280 795 3350 fratrum
817 3284 1140 3355 corrigenda,
1162 3303 1263 3341 non
1285 3289 1560 3359 vulganda.
1580 3292 1739 3349 —Ne
1760 3294 1859 3365 igi-

257 3376 348 3422 tur
384 3369 789 3427 obambulantes
814 3375 1107 3429 referamus
1133 3378 1221 3446 qui
1244 3384 1611 3448 peccaverint;
1644 3384 1738 3439 sed
1780 3386 1858 3442 fe-

256 3458 523 3514 Stinemus‘
538 3470 595 3513 ut
616 3463 710 3515 068
725 3461 919 3529 solum,
944 3465 1033 3534 qui
1057 3476 1363 3534 peccarunt,
1386 3472 1731 3541 corrigamus.
1764 3475 1859 3529 Est

255 3548 405 3601 enim
433 3564 593 3617 prava
615 3555 972 3621 consuetudo,
1002 3563 1207 3611 tantum
1234 3574 1488 3615 accusare
1515 3562 1726 3631 fratres,
1759 3582 1858 3622 nec

256 3638 472 3694 illorum
501 3655 684 3696 curam
717 3643 949 3711 habere;
979 3646 1196 3718 vulgare
1216 3650 1355 3705 mala
1378 3652 1733 3723 infirmorum,
1755 3673 1856 3712 nec

256 3730 485 3785 mederi.
515 3732 831 3790 Auferamus
875 3736 1041 3805 igitur
1072 3739 1209 3793 hanc
1247 3756 1465 3809 pravam
1508 3747 1855 3801 consuetudi-

256 3835 406 3886 nem,
460 3825 721 3881 carissimi
751 3841 765 3879 :
799 3842 971 3897 neque
999 3830 1142 3883 enim
1173 3846 1235 3885 ea
1276 3833 1600 3890 mediocrem
1650 3848 1852 3906 pestem

258 3910 483 3966 invehit.
528 3913 597 3968 Et
627 3930 734 3984 quo
758 3926 935 3984 pacto,
965 3934 1066 3989 ego
1104 3921 1297 3976 dicam.
1328 3926 1544 3980 Audivit
1568 3928 1761 3998 aliquis
1790 3948 1855 3987 ex

258 4010 317 4055 te
355 4003 498 4071 quod
524 4008 681 4060 multi
726 4022 848 4061 cum
895 4008 1096 4065 Iudaeis
1141 4012 1546 4085 jejunaverint;
1601 4022 1857 4093 nulloque

254 4096 539 4162 prtemisso
577 4101 826 4155 examine
863 4102 953 4156 alii
993 4104 1045 4157 in
1092 4107 1313 4161 verbum
1357 4112 1565 4179 aperuit
1609 4128 1623 4166 :
1668 4130 1855 4173 rursus

253 4184 350 4240 ille
376 4201 563 4254 parum
590 4197 847 4256 attentus,
891 4193 1049 4248 alteri
1079 4194 1179 4251 hoc
1200 4197 1374 4267 ipsum
1400 4204 1681 4273 eloquutus
1724 4216 1807 4263 est
1837 4226 1851 4274 ;

254 4277 452 4333 deinde
480 4282 738 4350 paulatim
762 4282 862 4338 hac
891 4286 1029 4339 mala
1056 4286 1194 4342 fama
1221 4291 1572 4364 increscente,
1605 4314 1855 4369 magnum

256 4370 476 4438 quidem
502 4374 758 4441 probrum
782 4374 1078 4433 offunditur
1122 4381 1415 4439 Ecclesiae:
1465 4386 1550 4443 his
1591 4405 1718 4447 vero
1762 4396 1853 4465 qui

254 4462 550 4531 perierunt,
582 4466 725 4520 nulla
755 4467 975 4523 affertur
1003 4473 1222 4542 utilitas,
1256 4477 1385 4545 quin
1413 4480 1589 4548 potius
1635 4462 1844 4554 gravi—s-

254 4554 395 4607 sima
424 4571 585 4624 noxa,
621 4568 730 4612 tum
758 4560 863 4629 his,
915 4571 1026 4617 tum
1057 4566 1195 4619 aliis.
1243 4564 1465 4625 Etiamsi
1511 4577 1653 4628 enim
1697 4580 1852 4645 pauci

253 4644 474 4713 fuerint,
505 4663 605 4703 nos
634 4658 810 4706 tamen
842 4668 935 4707 eos
967 4660 1272 4713 rumoribus
1317 4662 1499 4716 multis
1536 4644 1731 4721 multos
1775 4668 1852 4724 fac

256 4737 451 4802 cimus,
479 4749 534 4794 et
566 4757 660 4795 eos
686 4745 775 4812 qui
818 4754 980 4811 stant,
1022 4748 1397 4809 imbecilliores
1434 4757 1704 4813 reddimus
1734 4774 1748 4815 :
1798 4772 1853 4817 et

251 4824 349 4881 eus
374 4829 463 4897 qui
484 4830 549 4884 ad
576 4847 757 4887 casum
787 4837 1055 4904 proclives
1085 4851 1229 4909 sunt,
1277 4843 1622 4914 impellimus.
1656 4850 1851 4908 Frater

250 4921 396 4973 enim
418 4922 646 4982 audiens
666 4941 788 4981 esse
815 4931 1012 4985 multos
1039 4935 1126 5001 qui
1153 4934 1483 5007 jejunarunt,
1531 4943 1648 5012 ipse
1675 4949 1844 5015 negli-

248 5014 463 5082 gentior
485 5017 607 5069 erit.
639 5019 844 5075 Deinde
863 5038 1048 5078 rursus
1072 5029 1159 5095 qui
1189 5030 1448 5087 infirmior
1478 5045 1579 5102 cst,
1612 5036 1715 5093 hoc
1746 5014 1847 5094 au-

252 5104 368 5158 dito
397 5120 642 5163 occurret
663 5111 732 5166 ad
756 5115 1151 5173 multitudinem
1173 5136 1382 5191 eorum,
1408 5128 1494 5196 qui
1514 5131 1843 5191 ceciderunt.

250 5193 331 5249 Ne
376 5197 543 5287 igitur
574 5201 656 5254 vel
696 5216 859 5273 super
906 5206 1025 5272 hoc,
1075 5212 1161 5264 vel
1188 5226 1353 5283 super
1388 5193 1492 5272 alio
1524 5224 1711 5288 quovis
1746 5225 1846 5280 im-

248 5288 423 5355 probo
446 5289 587 5347 facto
623 5294 969 5365 gaudeamus,
1000 5302 1207 5357 etiamsi
1243 5308 1395 5361 multi
1430 5309 1625 5366 fuerint
1652 5330 1841 5383 pecca-

244 5386 415 5443 tores,
446 5381 515 5433 ita
542 5389 599 5435 ut
628 5385 968 5443 traducamus
993 5407 1109 5460 eos,
1134 5410 1195 5449 ac
1220 5397 1460 5455 dicamus
1487 5381 1682 5459 multos
1696 5422 1831 5475 esse,

240 5469 339 5522 sed
385 5472 561 5540 potius
603 5475 913 5535 obturemus
951 5498 1043 5550 os,
1091 5496 1145 5540 et
1178 5503 1541 5549 coerceamus.
1586 5496 1664 5551 Ne
1710 5469 1838 5556 mihi

237 5562 469 5629 dixeris,
500 5566 653 5621 multi
684 5580 811 5624 sunt
834 5573 923 5641 qui
946 5575 1289 5648 jejunarunt,
1338 5585 1432 5638 sed
1475 5588 1671 5643 multos
1721 5594 1840 5652 illos

240 5656 468 5723 corrige.
493 5657 608 5711 Non
631 5660 750 5715 ideo
772 5664 905 5726 mihi
924 5674 1296 5741 consumptum
1318 5688 1397 5728 est
1419 5684 1619 5733 tantum
1644 5685 1835 5737 verbo-

236 5762 386 5813 rum,
413 5756 471 5803 ut
497 5767 719 5809 accuses
748 5758 944 5812 multos
968 5777 984 5825 ;
1014 5763 1109 5816 sed
1132 5773 1188 5818 ut
1216 5781 1281 5820 ex
1317 5770 1494 5824 multis
1518 5771 1680 5829 facias
1702 5790 1833 5838 pauc

232 5858 330 5897 eos
362 5858 375 5893 :
408 5842 517 5896 imo
548 5846 726 5914 potius
757 5864 822 5904 ne
853 5866 1052 5921 paucos
1073 5856 1285 5925 quidem
1306 5898 1324 5926 ,
1353 5860 1448 5915 sed
1474 5872 1527 5917 et
1557 5864 1655 5921 hos
1685 5866 1830 5938 ipsos

1469 440 1830 497 ADVERSUS
1867 437 2172 496 JUDEOS.
2199 438 2336 493 \‘lll.

3440 432 3548 487 954

1961 552 2123 605 etiam
2147 565 2321 605 sanes.
2346 548 2423 605 Ne
2447 550 2624 619 itaque
2648 548 2864 619 evulges
2893 555 3126 618 peccata,
3146 547 3239 603 sed
3261 560 3409 603 sana.
3439 546 3558 604 εἰει

1962 652 2021 699 υι
2050 644 2191 699 enim
2222 644 2315 714 qui
2372 642 2642 713 evulgant,
2691 651 2746 698 et
2791 641 2918 697 huic
2954 650 3158 696 tantum
3199 640 3279 695 rei
3323 649 3551 695 vacant:

1960 734 2169 790 etiamsi
2187 733 2340 805 pauci
2354 733 2571 799 fuerint,
2587 733 2675 804 qui
2696 741 3072 803 peccaverunt,
3095 729 3296 787 faciunt
3310 741 3370 787 ut
3399 732 3555 788 mutti

1961 839 2081 880 esse
2106 834 2359 895 putentur
2387 839 2401 875 :
2440 824 2520 879 sic
2548 823 2638 893 qui
2662 824 2943 891 cohibent,
2982 838 3047 878 ac
3078 822 3347 879 silentium
3377 824 3524 892 impo

1962 926 2096 971 nunt
2113 916 2527 983 traductoribus,
2547 916 2922 987 lapsorumque
2932 930 3114 971 curam
3134 915 3352 982 habent,
3368 915 3559 971 ctiam-

1962 1010 2007 1063 si
2048 1010 2200 1064 multi
2232 1009 2467 1075 fuerint;
2513 1017 2569 1064 et
2594 1024 2689 1064 eos
2748 1010 2892 1079 ipsos
2926 1008 3082 1064 facile
3107 1008 3415 1078 corrigunt.
3455 1023 3556 1063 nec

1968 1101 2270 1170 quempiam
2302 1102 2485 1156 sinunt
2508 1117 2575 1156 ex
2597 1100 2787 1155 horum
2818 1099 2958 1155 fama
2997 1099 3141 1153 laedi.
3173 1098 3290 1153 Non
3325 1097 3555 1164 audisti,

1962 1191 2114 1259 Quod
2142 1192 2307 1246 David
2334 1191 2618 1262 deplorans
2648 1190 2887 1256 Saﬁlem,
2910 1190 3045 1246 dixit
3070 1208 3085 1245 :
3120 1189 3388 1257 Quomodo
3416 1189 3552 1243 ceci-

1964 1284 2147 1337 derunt
2180 1283 2448 1355 potentes?
2491 1282 2575 1337 Ne
2618 1283 3047 1338 annunciaveritis
3090 1283 3145 1336 in
3190 1280 3355 1348 Geth‘,
3401 1298 3561 1349 neque

1965 1374 2359 1442 predicaveritis
2386 1374 2438 1428 in
2466 1373 2558 1427 viis
2580 1374 2883 1437 Ascalonis;
2914 1390 2979 1427 ne
3005 1373 3239 1427 tutentur
3283 1372 3407 1439 ﬁliae
3432 1370 3560 1426 alie-

1964 1465 2296 1535 nigenarum,
2342 1480 2502 1532 neque
2551 1463 2799 1519 exsultent
2820 1464 2947 1531 ﬁlia:
2969 1463 3437 1517 incircumcisorum
3465 1462 3556 1533 (2.

1965 1554 2095 1627 Reg.
2130 1557 2182 1609 1.
2218 1556 2306 1611 l9.
2329 1555 2448 1629 20).
2498 1556 2653 1624 Quod
2687 1557 2732 1610 si
2764 1556 2855 1611 ille
2880 1570 2994 1611 rem
3023 1555 3358 1609 manifestam
3388 1554 3558 1609 noluit

1928 1708 1931 1711 ,
1966 1647 2225 1718 evulgari,
2255 1663 2323 1703 ne
2344 1648 2667 1703 adversariis
2694 1648 2930 1718 gigneret
2959 1648 3287 1717 voluptatem
3317 1663 3332 1700 :
3361 1658 3559 1717 quanto

1968 1736 2139 1807 magis
2164 1752 2273 1793 non
2299 1746 2512 1808 oportet
2537 1737 2654 1793 hxec
2678 1738 2871 1794 efferre
2895 1737 2963 1793 ad
2990 1754 3150 1794 aures
3172 1739 3372 1794 alienas
3394 1754 3409 1791 :
3429 1739 3557 1809 quin

1965 1842 2066 1882 nec
2093 1827 2158 1881 ad
2191 1838 2496 1883 nostrorum
2521 1844 2681 1884 aures
2713 1845 2729 1884 :
2762 1837 2820 1884 ut
2845 1844 3017 1898 neque
3045 1829 3229 1884 hostes
3279 1829 3557 1885 audientes

1962 1918 2264 1988 gaudeant,
2309 1934 2481 1988 neque
2530 1919 2698 1974 nostri
2739 1934 2797 1975 re
2821 1916 3043 1989 cognita‘
3075 1919 3360 1974 concidant
3400 1934 3415 1971 :
3459 1920 3557 1974 sed

1963 2019 2171 2080 oportet
2190 2011 2446 2067 cohibere
2460 2027 2730 2066 rumorem
2748 2020 2803 2067 et
2817 2011 3168 2081 undequaque
3188 2025 3555 2082 compescere.

1962 2101 2042 2157 Ne
2063 2102 2193 2156 mihi
2219 2102 2444 2170 dixeris,
2476 2102 2581 2157 hoc
2616 2103 2692 2157 illi
2720 2102 2832 2157 dixi
2857 2117 2871 2156 :
2917 2102 3058 2171 apud
3087 2102 3312 2172 teipsum
3341 2103 3558 2157 contine

1964 2187 2207 2247 verbum.
2240 2193 2393 2249 Sicut
2412 2194 2555 2247 enim
2590 2202 2645 2248 tu
2671 2206 2776 2249 non
2805 2193 3022 2263 potuisti
3070 2200 3249 2248 tacere
3274 2234 3290 2259 ,
3341 2193 3414 2248 ita
3459 2207 3560 2247 nec

1965 2284 2056 2340 ille
2078 2285 2276 2355 poterit
2298 2284 2416 2340 haec
2440 2285 2580 2355 apud
2612 2299 2733 2341 sese
2753 2286 3052 2339 continere.

2034 2375 2090 2429 5.
2122 2374 2246 2433 Hazc
2272 2390 2378 2430 non
2399 2376 2468 2430 de
2489 2376 2590 2429 hoc
2617 2384 2884 2445 praesente
2926 2384 3128 2430 tantum
3153 2376 3361 2447 jejunio
3390 2376 3509 2431 dico
3543 2418 3557 2440 ,

1962 2467 2057 2521 sed
2079 2453 2376 2523 deicazteris
2406 2468 2569 2523 etiam
2594 2468 3071 2523 innumerabilibus
3092 2472 3343 2538 peccatis.
3360 2467 3438 2523 Ne
3456 2468 3560 2522 hoc

1962 2558 2362 2614 consideremus
2383 2568 2610 2627 tantum,
2640 2573 2709 2613 an
2730 2559 2882 2614 multi
2904 2559 3011 2613 sint
3031 2560 3240 2630 abrepti
3265 2576 3278 2613 :
3310 2559 3406 2614 sed
3427 2558 3562 2615 illud

1963 2648 2385 2717 consideremus,
2405 2648 2674 2720 quomodo
2687 2649 2806 2704 illos
2821 2649 3161 2705 reducamus.
3178 2650 3257 2706 Ne
3268 2665 3562 2721 exaggere-

1964 2754 2083 2793 mus
2108 2754 2195 2795 res
2216 2738 2473 2807 hostium,
2496 2755 2561 2796 ac
2586 2748 2799 2797 nostras
2825 2741 3142 2812 dejiciamus
3172 2759 3185 2795 :
3218 2758 3287 2798 ne
3316 2742 3436 2798 illos
3457 2757 3557 2813 po-

1962 2836 2137 2886 tentes
2160 2830 2528 2898 ostendamus,
2557 2841 2770 2887 nostras
2798 2847 2927 2889 vero
2951 2848 3038 2888 res
3074 2833 3369 2890 imbecilles
3393 2848 3409 2899 ;
3462 2834 3559 2889 sed

1962 2922 2142 2977 omnia
2186 2922 2362 2992 potius
2388 2922 2442 2976 in
2497 2923 2827 2978 contrarium
2867 2922 3150 2979 faciamus.
3188 2924 3351 2980 Novit
3396 2926 3559 2981 etiam

1962 3009 2103 3067 fama
2129 3027 2271 3083 saepe
2297 3013 2382 3069 vel
2401 3013 2655 3083 dejicere,
2682 3016 2767 3069 vel
2797 3015 3004 3085 erigere
3029 3015 3267 3071 animum
3288 3057 3302 3082 ,
3355 3024 3409 3071 et
3444 3016 3561 3072 ala-

1962 3103 2228 3170 critatem,
2261 3119 2379 3173 quae
2406 3120 2515 3159 non
2554 3104 2684 3173 fuit,
2718 3106 2973 3177 injicere;
3001 3113 3056 3162 et
3098 3122 3217 3161 eam
3260 3122 3382 3177 quae
3424 3106 3558 3172 fult.

1962 3208 2174 3249 rursum
2204 3194 2517 3251 dissolvere.
2544 3196 2775 3266 Ideoque
2800 3212 3015 3263 moneo,
3048 3207 3105 3252 ut
3146 3198 3269 3253 illos
3313 3214 3561 3254 rumores

1947 3300 2274 3366 ~augeamus,
2304 3289 2395 3356 qui
2425 3303 2510 3343 res
2542 3296 2753 3343 nostras
2779 3290 3064 3355 attollunt,
3106 3306 3437 3362 magnasque
3477 3293 3559 3346 vi-

1964 3378 2079 3433 deri
2110 3378 2311 3433 faciunt
2343 3397 2357 3433 :
2394 3395 2501 3434 non
2531 3391 2711 3435 autem
2740 3382 2862 3436 illos
2887 3382 2978 3453 qui
3011 3383 3107 3437 toti
3142 3381 3366 3438 fratrum
3394 3384 3557 3439 soda-

1964 3469 2095 3524 litati
2118 3470 2353 3525 dedecus
2368 3471 2667 3527 oll‘undunt.
2684 3473 2838 3539 Quod
2853 3474 2896 3527 si
2915 3473 3043 3543 quid
3057 3474 3389 3530 audierimus
3409 3476 3559 3542 boni,

1964 3564 2105 3634 apud
2134 3578 2323 3619 omnes
2352 3564 2683 3628 proferamus
2709 3581 2723 3618 :
2756 3567 2802 3620 si
2831 3567 2958 3636 quid
2979 3582 3107 3622 vero
3126 3568 3252 3622 mali
3280 3568 3556 3639 pravique,

1964 3656 2105 3726 apud
2136 3670 2233 3711 nos
2263 3658 2409 3727 ipsos
2436 3659 2788 3725 occultemus,
2830 3659 2989 3730 idque
3016 3670 3075 3715 ut
3098 3662 3377 3730 tollamus,
3424 3662 3561 3719 nihil

1964 3764 2072 3802 non
2091 3748 2366 3803 faciamus.
2386 3749 3151 3822 Nuncigiturobambulemus,
3175 3755 3386 3811 curiose
3406 3772 3559 3811 scru-

1965 3847 2161 3907 temur,
2187 3841 2617 3910 contemplemur
2637 3858 2750 3908 eos,
2791 3845 2881 3913 qui
2907 3844 3042 3915 lapsi
3068 3854 3197 3902 sunt
3226 3866 3239 3901 :
3273 3849 3483 3904 etiamsi
3503 3851 3556 3905 in

1965 3930 2108 3985 aedes
2142 3940 2384 4001 oporteat
2412 3933 2637 4002 ingredi,
2681 3950 2749 3988 ne
2764 3950 3076 4002 gravemur.
3101 3937 3263 4005 Quod
3281 3940 3327 3994 si
3346 3941 3559 4010 ignotus

1962 4020 2143 4089 fuerit,
2173 4039 2273 4079 nec
2289 4025 2394 4079 ulla
2433 4040 2496 4079 ex
2522 4036 2673 4096 parte
2686 4028 2751 4082 ad
2776 4041 2823 4082 te
2841 4031 3135 4099 pertinens,
3160 4032 3203 4086 is
3225 4034 3312 4102 qui
3345 4034 3557 4101 cecidit,

1961 4122 2219 4179 scrutare,
2234 4124 2350 4173 esto
2366 4117 2628 4185 curiosus,
2647 4135 2803 4189 quem
2821 4120 3012 4176 habeat
3026 4123 3257 4178 amicum
3274 4136 3364 4180 aut
3376 4141 3553 4183 neces-

1959 4207 2179 4273 sarium,
2202 4215 2270 4263 'et
2293 4209 2379 4263 cui
2397 4210 2626 4265 maxime
2639 4198 2991 4281 obtemperet,
3012 4214 3114 4269 hoc
3129 4227 3426 4288 assumpto,
3469 4221 3553 4273 in-

1959 4300 2183 4370 gredere
2200 4301 2252 4355 in
2267 4303 2431 4369 aedes,
2450 4313 2582 4358 nete
2602 4304 2817 4374 pudeat,
2838 4322 3011 4377 neque
3040 4310 3349 4366 erubescas.
3378 4312 3435 4368 Si
3475 4314 3558 4368 in-

1958 4394 2258 4462 gredereris
2274 4398 2549 4466 pecuniam
2591 4399 3083 4467 postulaturus,ant
3116 4401 3433 4459 beneficium
3468 4421 3558 4460 ac-

1945 4498 2210 4557 cepturus
2238 4488 2306 4543 ab
2326 4491 2440 4557 illo,
2459 4506 2668 4560 aequum
2687 4500 2803 4547 erat
2822 4494 3142 4549 erubescere
3162 4511 3175 4548 :
3196 4495 3243 4549 si
3288 4511 3419 4551 vero
3457 4511 3557 4569 pro

1958 4581 2099 4636 illius
2112 4584 2282 4636 salute
2294 4598 2500 4648 curras,
2521 4585 2996 4641 occasiointroitus
3008 4586 3155 4641 omni
3172 4596 3223 4643 te
3239 4587 3430 4643 liberat
3447 4591 3553 4645 cri-

1956 4673 2119 4727 mine.
2143 4674 2333 4729 Asside
2349 4689 2497 4742 sane,
2518 4677 2734 4745 loquere
2751 4693 2872 4732 cum
2895 4678 3004 4745 illo,
3024 4678 3144 4734 aliis
3155 4680 3223 4734 de
3240 4680 3398 4735 rebus
3416 4682 3557 4737 faeto

1956 4767 2217 4822 sermonis
2237 4769 2478 4834 exordio,
2502 4784 2607 4838 quo
2627 4771 2890 4825 correctio
2911 4783 3089 4826 careat
3106 4774 3431 4843 suspicione.
3461 4774 3553 4830 Dic

1956 4862 2110 4929 mihi,
2143 4863 2399 4918 laudasne
2424 4864 2637 4919 Judmos
2666 4880 2733 4919 eo
2773 4865 2915 4935 quod
2945 4865 3217 4921 Christum
3265 4869 3551 4926 crucifise-

1954 4956 2079 5018 rint,
2108 4957 2358 5025 quodque
2387 4973 2509 5011 eum
2537 4957 2696 5012 hodie
2722 4958 2979 5013 conviciis
3009 4959 3245 5015 afficiant
3269 5004 3283 5029 ,
3316 4970 3372 5016 et
3412 4963 3548 5033 legis

1953 5056 2401 5117 transgressorcm
2441 5049 2755 5118 appellent?
2792 5050 3040 5104 Profecto
3078 5068 3185 5106 non
3225 5054 3545 5122 sustinebit,
3614 5094 3617 5103 μ

1951 5139 1995 5191 si
2027 5140 2185 5193 fuerit
2230 5140 2601 5204 Christianus,
2655 5142 2865 5196 etiamsi
2903 5142 3096 5212 millies
3132 5140 3401 5213 judaizet,
3442 5160 3550 5201 non

1950 5231 2458 5298 sustinebitdicere,
2492 5233 2650 5288 laudo
2678 5251 2691 5287 :
2723 5234 2819 5289 sed
2848 5234 3126 5292 obturabit
3153 5250 3336 5305 aures,
3368 5239 3545 5296 dlect-

1949 5326 2052 5393 que
2082 5324 2198 5390 tibi,
2230 5325 2398 5391 absit;
2433 5325 2573 5380 bona
2603 5326 2785 5392 verba,
2828 5344 3034 5398 qureso.
3085 5331 3216 5385 Dein
3262 5347 3385 5387 cum
3417 5349 3543 5389 eum

1946 5413 2047 5467 hac
2092 5415 2142 5467 in
2187 5431 2243 5468 re
2271 5424 2448 5470 tecum
2484 5419 2908 5473 consentientem
2952 5423 3314 5490 compereris,
3358 5440 3548 5484 rursus

1876 5560 1879 5563 ,
1946 5506 2224 5573 assumito,
2257 5508 2440 5562 dicens
2469 5526 2482 5561 :
2514 5510 2783 5577 quomodo
2811 5510 2969 5580 igitur
2998 5527 3119 5566 cum
3142 5512 3369 5579 illis,dic
3386 5517 3543 5584 mihi,

1944 5598 2341 5653 communicas?
2372 5601 2644 5669 quomodo
2672 5603 2939 5671 particeps
2966 5618 3026 5659 es
3082 5604 3243 5660 festi?
3273 5608 3549 5677 quomodo

1941 5704 2063 5743 cum
2112 5690 2215 5744 illis
2263 5691 2507 5760 jejunus?
2544 5693 2789 5747 Posthcec
2816 5710 3007 5751 accusa
3037 5697 3247 5752 illorum
3280 5698 3546 5769 improbis

1942 5788 2129 5843 tatem,
2185 5798 2392 5852 expone
2415 5800 2627 5838 omnem
2662 5787 3021 5857 iniquitatem,
3055 5807 3213 5861 quam
3245 5794 3542 5863 superiori-

1942 5874 2040 5930 bus
2066 5872 2251 5929 dicbus
2279 5872 2559 5932 narrabam
2585 5878 2723 5947 apud
2750 5890 2979 5937 vestram
3008 5898 3085 5937 ca:
3103 5885 3309 5953 itatcm,
3340 5904 3367 5941 a
3398 5888 3545 5953 loco,
