4142 6332
695 348 797 404 935

695 502 724 543 ρ
746 496 1012 560 tempore,
1031 506 1061 544 a
1083 495 1305 565 templo,
1328 511 1358 551 a
1385 498 1729 567 praedictione
1756 500 2134 571 prephetarum
2156 503 2278 558 red-

696 584 866 651 argui.
892 582 1142 642 .Ostende
1175 589 1444 657 quomodo
1470 590 1671 647 frustra
1699 601 1754 647 et
1804 593 2073 650 incassum
2104 595 2279 649 omnia

698 670 942 740 faciunt,
998 691 1097 731 nec
1148 681 1808 754 umquamadpristinum
1834 684 2031 740 statum
2060 686 2279 741 redituri

695 774 859 829 sunt,
914 767 1161 839 quodque
1214 769 1295 826 fas
1343 773 1447 829 illis
1477 789 1584 829 non
1611 785 1692 831 est
1716 786 1864 831 extra
1890 777 2277 850 Jerosolymam

689 855 976 927 quidquam
1018 860 1122 915 tale
1150 861 1351 920 facere.
1404 864 1483 920 Ad
1530 866 1645 921 inec
1691 868 2136 922 eommonefacias
2189 884 2282 937 ge-

692 950 907 1017 hennae,
959 950 1283 1011 formidandi
1314 958 1592 1013 tribunalis
1630 958 1875 1027 Domini,
1926 959 2277 1030 quazstienum

698 1034 819 1112 qua:
849 1045 958 1100 illic
984 1046 1269 1118 habentur,
1316 1052 1566 1123 quodque
1592 1054 1802 1109 illorum
1833 1055 2071 1109 omnium
2100 1054 2271 1109 reddi-

694 1137 1007 1195 turisumus
1037 1143 1323 1211 rationem,
1353 1153 1408 1198 et
1435 1146 1566 1199 ultio
1596 1145 1836 1215 qumdam
1864 1161 1969 1201 non
2003 1160 2277 1217 parva-re-

695 1228 865 1295 posita
893 1234 1115 1297 esteis,
1155 1236 1243 1304 qui
1290 1236 1415 1290 talia
1457 1236 1672 1292 audent.
1720 1236 2175 1293 Commonefacito
2224 1244 2279 1292 et

692 1318 841 1375 Pauli
869 1323 1098 1379 dicentis
1124 1327 1460 1400 :Quicumque
1477 1330 1529 1383 in
1550 1330 1660 1399 lege
1679 1330 2063 1401 justiﬁcamini,
2112 1329 2277 1399 gratia

690 1416 950 1469 excidistis
979 1414 1119 1490 (Gal.
1150 1421 1202 1474 5.
1242 1422 1349 1490 '4):
1406 1430 1460 1475 et
1508 1438 1692 1476 rursus
1740 1421 2157 1475 comminantis:
2213 1420 2277 1475 Si

688 1505 1142 1575 circumcidantini,
1174 1509 1408 1565 Christus
1430 1513 1560 1567 nihil
1580 1514 1715 1566 vobis
1739 1513 1964 1582 proderit
1988 1511 2036 1584 (1
2046 1513 2094 1567 b.
2124 1529 2169 1565 υ.
2191 1513 2271 1591 ἢ.

687 1594 987 1666 Dieitoque,
1021 1602 1163 1671 quod
1189 1604 1633 1674 quemadmodum
1685 1606 2055 1674 circumcisio,
2102 1607 2173 1660 ita
2220 1616 2275 1661 et

686 1688 1235 1757 jejuniumJudaicum
1266 1710 1295 1750 e
1327 1696 1469 1749 caelis
1485 1696 2061 1767 expellitjejunantem,
2087 1698 2274 1751 ctiam-

685 1778 729 1831 si
747 1778 989 1834 habuerit
1004 1783 1103 1836 alia
1119 1785 1522 1839 innumerabilia
1538 1785 1833 1841 benefacta.
1852 1787 1945 1841 Dic
1962 1786 2102 1857 quod
2122 1787 2274 1841 Chri-

683 1869 840 1923 stiani
868 1884 1081 1942 propter
1105 1875 1204 1931 hoc
1220 1892 1474 1931 vocamur
1491 1888 1543 1932 et
1564 1876 1767 1945 sumus,
1790 1888 1845 1933 ut
1861 1879 2271 1949 Christo‘parea-

682 1974 822 2025 mus,
847 1980 949 2017 non
973 1974 1027 2019 ut
1048 1966 1112 2020 ad
1139 1967 1633 2024 hostescurramus.
1657 1971 1806 2037 Quod
1829 1971 1873 2024 si
1898 1982 2151 2041 praetexat
2175 1987 2269 2026 cu-

681 2052 917 2107 rationes
943 2056 1167 2126 aliquas,
1192 2058 1437 2130 dicatque
1468 2061 1580 2127 tibi,
1612 2062 1929 2131 pollicentur
1952 2063 2265 2131 remedium,

681 2151 735 2193 et
765 2142 884 2197 ideo
914 2146 978 2198 ad
1006 2146 1122 2201 illos
1148 2165 1307 2205 curro
1335 2170 1346 2204 :
1374 2151 1658 2221 patefacito
1684 2154 1896 2207 illorum
1924 2154 2266 2223 imposturas,

677 2230 1087 2303 incantationes,
1103 2242 1828 2315 amuleta,veneficia.Neque
1840 2246 1980 2300 enim
1994 2246 2099 2299 alio
2112 2246 2271 2302 modo

681 2325 928 2380 videntur
959 2331 1180 2395 mederi,
1212 2348 1384 2402 neque
1414 2350 1537 2389 vere
1584 2336 1897 2403 medentur,
1945 2337 2098 2391 absit.
2133 2338 2267 2404 Quin

678 2432 778 2486 ego
809 2421 1023 2487 quidem
1055 2424 1179 2477 illud
1201 2426 1355 2497 longe
1378 2428 1671 2483 mirabilius
1693 2429 1885 2495 dicam,
1912 2431 2119 2485 etiamsi
2143 2447 2268 2486 vere

676 2523 949 2577 sanarent,
985 2517 1150 2571 satius
1182 2526 1358 2573 tamen
1390 2535 1508 2575 esse
1532 2524 1721 2588 emori,
1754 2538 1912 2593 quam
1937 2524 2001 2577 ad
2022 2523 2115 2577 Dei
2147 2524 2268 2578 hos-

676 2608 757 2653 tes
774 2616 1076 2669 accurrere,
1098 2606 1279 2677 itaque
1301 2610 1654 2678 sanari.‘Quid
1680 2613 1820 2666 enim
1849 2614 2064 2682 prodest
2080 2630 2267 2670 curare

673 2706 891 2759 corpus,
908 2695 1081 2749 anima
1102 2701 1391 2766 pereunte?
1407 2701 1543 2769 Quid
1559 2712 1733 2756 autem
1760 2704 1974 2769 lucri,si
1994 2705 2117 2774 quid
2135 2706 2268 2759 sola-

673 2783 729 2835 tii
750 2785 829 2838 hic
845 2788 1233 2856 nanciscamur,
1249 2808 1369 2846 mox
1386 2795 1704 2865 conjiciendi
1722 2796 1772 2850 in
1790 2797 1965 2867 ignem
1980 2799 2264 2853 :etcrnum?

674 2871 829 2941 Nam,
854 2892 921 2931 ne
949 2877 1187 2935 dicerent
1214 2883 1333 2950 ista,
1358 2886 1483 2939 audi
1512 2887 1637 2956 qttid
1664 2887 1791 2941 dicit
1822 2890 1961 2943 Dens
1982 2907 1993 2942 :
2016 2886 2076 2944 Si
2108 2892 2264 2944 exsti-

674 2963 789 3015 terit
816 2968 1059 3037 praplteta
1082 2970 1131 3023 in
1159 2981 1223 3035 te,
1252 2983 1351 3026 aut
1367 2976 1623 3029 somnium
1647 2979 1926 3045 somnians,
1953 2980 2265 3049 edideritquc

671 3054 871 3124 signum
899 3075 960 3111 ac
974 3062 1284 3133 prodigium,
1318 3069 1631 3138 eveneritque
1658 3068 1859 3137 signum
1885 3088 1946 3122 ac
1974 3072 2262 3141 prodigium

668 3147 805 3215 quod
833 3148 1066 3219 loquutus
1092 3162 1164 3207 est
1188 3196 1203 3218 ,
1234 3155 1513 3226 dixeritque
1544 3174 1563 3212 :
1590 3175 1762 3212 eamus
1790 3172 1835 3213 et
1863 3164 2135 3218 serviamus
2166 3166 2262 3218 diis

668 3234 786 3288 aliis
815 3252 960 3293 :‘non
1002 3244 1347 3300 auscultabitis
1385 3249 1643 3317 propheta:
1679 3251 1757 3315 illi
1787 3266 1806 3304 :
1842 3254 2078 3321 quoniam
2109 3264 2261 3307 tenta:

668 3339 756 3380 vos
795 3326 1046 3385 Dominus
1086 3333 1257 3401 Deus,
1280 3353 1362 3390 an
1403 3339 1627 3409 diligatis
1662 3340 1936 3395 Dominum
1972 3342 2134 3397 Deum
2174 3362 2259 3399 ve—

667 3425 827 3471 strum
852 3436 916 3474 ea:
937 3431 1037 3474 toto
1062 3426 1213 3478 corde
1234 3437 1395 3481 vestro
1421 3439 1468 3481 et
1493 3447 1554 3484 ea:
1579 3440 1681 3484 tota
1708 3434 1876 3485 animo
1896 3444 2056 3487 uestra
2080 3435 2256 3506 (Deut.

666 3505 757 3561 i5.
789 3508 922 3579 LE).
948 3510 1098 3577 Quod
1124 3514 1271 3581 dicit,
1304 3516 1407 3571 tale
1434 3529 1517 3573 est
1544 3538 1556 3572 :
1580 3520 1621 3573 si
1651 3522 1791 3589 quis,
1818 3522 2003 3593 inquit,
2030 3525 2259 3594 preplte-

668 3605 717 3649 ta
748 3597 961 3667 dixerit,
988 3618 1202 3672 possum
1230 3609 1462 3663 excitare
1492 3623 1781 3677 mortuum,
1810 3622 1901 3667 aut
1926 3615 2128 3671 mederi
2156 3632 2259 3671 cas-

664 3705 731 3745 co
765 3707 778 3743 :
811 3692 904 3747 sed
946 3695 1311 3766 obtemperate
1347 3700 1476 3753 mihi
1502 3743 1514 3765 ,
1549 3711 1603 3755 et
1633 3703 1914 3758 adoremus
1944 3705 2214 3762 daemones
2239 3749 2253 3772 ,

670 3791 762 3835 aut
793 3783 1129 3841 immolemus
1161 3789 1335 3843 idolis.
1371 3791 1573 3847 Deinde
1603 3793 1646 3876 si
1672 3835 1688 3859 ,
1722 3797 1807 3865 qui
1841 3797 1953 3851 haec
1984 3799 2215 3868 loquitur
2238 3842 2253 3867 ,

663 3872 831 3941 possit
862 3876 1065 3930 mederi
1090 3893 1237 3934 eteco
1258 3923 1273 3948 ,
1304 3891 1394 3935 aut
1423 3872 1662 3939 excitare
1691 3897 1955 3941 mortuum
1982 3930 1995 3953 ,
2028 3907 2125 3945 nec
2153 3892 2255 3946 ista

665 3966 935 4032 praestanti
966 3967 1256 4024 credideris
1274 4012 1287 4035 ,
1310 3971 1507 4042 inquit,
1541 3976 1671 4029 cur?
1696 3976 1773 4030 Eo
1798 3978 1945 4046 quod
1970 3980 2108 4035 Deus
2136 3992 2253 4037 ten-

667 4061 786 4107 tans
814 4061 885 4120 te,
919 4056 1159 4123 permisit
1186 4066 1243 4112 ut
1267 4060 1354 4114 ille
1380 4062 1480 4117 hoc
1506 4065 1669 4132 possit
1697 4083 1709 4119 :
1739 4082 1843 4121 non
1870 4069 2009 4137 quod
2034 4070 2120 4125 ille
2146 4088 2255 4127 non

665 4154 850 4200 nosset
876 4156 1022 4202 tuum
1051 4151 1307 4218 animum,
1338 4154 1433 4209 sed
1460 4165 1517 4209 ut
1542 4157 1636 4211 tibi
1665 4160 1991 4228 probationis
2017 4166 2256 4222 occasio-

664 4253 788 4293 nem
831 4240 1135 4306 exltiberet,
1169 4258 1235 4297 an
1273 4260 1399 4300 vere
1435 4247 1682 4318 diligeres
1711 4250 1908 4305 “Deum.
1943 4253 2037 4307 Est
2074 4266 2250 4311 autem

664 4332 892 4385 amantis
919 4373 933 4397 ,
962 4332 1119 4387 etiam
1158 4334 1201 4389 si
1242 4338 1516 4393 exanimes
1545 4339 1611 4394 ad
1640 4342 1799 4396 vitam
1842 4355 2129 4412 revocent,
2161 4350 2251 4419 qui

661 4436 762 4477 nos
784 4434 1048 4479 conantur
1072 4426 1140 4482 ab
1166 4436 1341 4482 amato
1369 4429 1687 4499 distrahere,
1715 4449 2045 4506 nequaquam
2073 4448 2249 4495 tamen

663 4514 731 4569 ab
758 4525 936 4571 amato
968 4517 1217 4574 deficere.
1248 4521 1421 4588 Quod
1449 4524 1493 4577 si
1524 4524 1637 4579 hare
1664 4526 1796 4583 dixit
1822 4527 2051 4597 Judaeis,
2084 4534 2251 4587 multo

662 4609 829 4677 magis
857 4609 1031 4676 nobis,
1057 4626 1189 4681 quos
1211 4613 1276 4667 ad
1305 4616 1558 4685 majorem
1588 4617 1976 4691 phil050phiam
2002 4623 2241 4692 deduxit,

662 4698 854 4767 quibus
874 4704 1278 4760 resurrectionis
1300 4709 1493 4761 ostium
1516 4711 1741 4778 aperuit,
1765 4712 1955 4782 quibus
1982 4716 2246 4787 praecipit,

659 4785 728 4846 ne
756 4793 807 4846 in
839 4795 997 4850 rebus
1029 4800 1381 4865 praesentibus
1409 4802 1659 4858 sistamus
1693 4818 1931 4862 amorem
1953 4848 1967 4874 ,
1995 4809 2091 4865 sed
2125 4785 2249 4881 spes

661 4901 850 4942 onmes
879 4887 945 4942 ad
973 4888 1133 4944 vitam
1151 4890 1391 4948 futuram
1420 4894 1820 4953 transferamus.

729 5062 783 5115 6.
811 5061 931 5117 Jobi
956 5066 1194 5133 patientia
1237 5070 1287 5122 in
1333 5074 1617 5142 exemplum
1649 5075 1882 5143 affertur.
1902 5077 2091 5134 —Scd
2121 5082 2246 5151 quid

658 5152 825 5207 dicis?
864 5154 1063 5225 Aliligit
1095 5168 1147 5213 te
1190 5163 1487 5233 premitque
1525 5169 2048 5237 corporis-morbus?
2088 5174 2244 5243 Atqui

659 5244 896 5298 nondum
917 5257 1071 5301 tanta
1105 5264 1291 5319 passus
1316 5268 1394 5320 es,
1426 5266 1621 5325 quanta
1652 5259 1836 5314 beatus
1869 5261 1957 5316 ille
1985 5262 2106 5327 Job,
2140 5265 2246 5319 imo

661 5350 726 5388 ne
750 5336 1017 5390 minimam
1042 5340 1253 5409 quidem
1277 5353 1477 5411 partem
1502 5349 1758 5404 malorum
1786 5351 1944 5405 illius.
1971 5350 2240 5423 Siquidem

662 5437 938 5514 postquam
971 5431 1126 5486 simul
1158 5434 1482 5492 interiissent
1509 5454 1694 5511 greges
1722 5450 1777 5497 et
1816 5454 2057 5499 armenta
2077 5487 2091 5511 ,
2123 5461 2242 5501 cum

661 5522 871 5575 exteris
897 5525 1142 5579 omnibus
1162 5526 1412 5597 abreptus
1433 5540 1514 5585 est
1531 5532 1827 5589 liberorum
1855 5545 1996 5591 totus
2023 5538 2239 5606 chorus,

662 5627 831 5681 eaque
847 5617 1022 5669 omnia
1046 5633 1149 5675 uno
1167 5619 1252 5675 die
1273 5632 1487 5689 peracta
1508 5634 1651 5691 sunt,
1675 5637 1856 5682 utnon
1880 5629 2038 5684 modo
2060 5641 2243 5686 natura

656 5702 1033 5768 calamitatum,
1067 5724 1250 5766 verum
1277 5712 1437 5767 etiam
1466 5716 1790 5773 continuitas
1811 5717 2043 5787 dejicere
2067 5730 2246 5789 posset

660 5795 931 5853 athletam.
970 5798 1095 5857 Post
1137 5802 1250 5861 lucc
1279 5806 1453 5863 omnia
1485 5807 1673 5868 vulnus
1702 5810 1757 5867 in
1785 5824 2011 5884 corpore
2037 5814 2242 5884 accepit

1441 358 1498 414 S.
1539 357 1816 418 JOANNIS
1843 359 2326 422 CHRYSOS’I'UMI
2360 365 2674 422 ARCHIEP.
2714 372 3247 432 CONSTANTINOP.

3868 382 3963 438 956

2390 482 2604 549 lethale,
2638 487 2769 541 vidit
2795 504 3002 546 vermes
3033 501 3143 547 toto
3171 494 3403 567 undique
3426 511 3651 568 corpore
3678 512 3960 575 scatentes,

2390 575 2668 645 nudusque
2694 579 2831 635 sedit
2860 582 2911 635 in
2938 585 3291 655 sterquilinio,
3324 589 3588 657 publicum
3621 594 3686 648 iis
3713 598 3799 665 qui
3836 599 3957 654 ade-

2387 674 2507 719 rant
2533 668 2846 723 calamitatis
2874 674 3271 742 spectaculum,
3314 678 3403 733 ille
3424 681 3619 751 justus,
3653 685 3743 741 ille
3768 705 3921 744 verax
3940 735 3957 755 ,

2385 756 2474 811 ille
2516 759 2632 825 pius
2653 800 2669 825 ,
2714 759 2805 815 ille
2838 762 2906 815 ab
2932 765 3075 818 omni
3104 765 3243 820 malo
3258 783 3430 839 opere
3452 773 3747 830 abstinens.
3781 778 3856 833 Ne
3882 780 3957 835 hic

2384 847 2601 916 quidem
2637 860 2751 903 erat
2790 852 3051 907 malorum
3080 855 3233 923 finis,
3275 860 3368 915 sed
3399 860 3609 920 dolor-es
3633 868 3951 926 addebantur
3978 920 3981 921 ν

2384 938 2557 992 diurni
2611 943 2813 1010 pariter
2866 958 2929 998 ac
2984 949 3259 1016 nocturni;
3319 958 3560 1023 n‘ovaque
3615 960 3858 1027 quaedam
3908 974 3957 1018 et

2383 1029 2741 1101 inesspectata
2785 1034 2934 1090 illum
2972 1036 3141 1094 fames
3176 1044 3531 1113 Oppugnabat.
3564 1046 3845 1117 Finieram,
3878 1054 3953 1107 in-

2374 1122 2675 1192 quit,uideo
2703 1120 2875 1180 cibum
2914 1144 3086 1184 meum
3123 1129 3245 1202 (Job
3281 1131 3333 1187 6.
3361 1134 3667 1205 7),-probra
3691 1142 3950 1209 quotidia-

2300 1226 2311 1231 “
2371 1227 2466 1279 na,
2502 1215 2991 1289 subsannationes,
3025 1234 3350 1291 scommata,
3373 1225 3540 1283 risus.
3567 1227 3705 1285 Nam
3740 1230 3943 1301 famuli,

2379 1304 2583 1376 inquit,
2610 1298 2749 1375 'mei,
2780 1320 2836 1366 et
2866 1314 3302 1371 concubinarum
3325 1334 3568 1375 mearum
3590 1322 3686 1378 filii
3714 1325 3946 1381 insurre-

2372 1405 2574 1451 xerunt
2592 1399 2882 1456 adversum
2901 1418 3007 1467 me,
3030 1405 3152 1459 etin
3175 1408 3944 1485 somnisterrores,eogitatio

2372 1488 2794 1560 bumperpetua
2821 1496 3070 1563 quaedam
3094 1496 3396 1554 fluctuatio.
3427 1502 3589 1573 Atqui
3614 1521 3757 1559 uxor
3772 1510 3942 1561 consi-

2372 1580 2505 1634 lium
2529 1583 2698 1645 dedit,
2726 1593 2784 1638 ut
2813 1588 2879 1640 ab
2905 1587 2991 1643 his
3018 1590 3276 1644 omnibus
3304 1593 3463 1646 malis
3498 1594 3844 1660 liberaretur,
3873 1599 3940 1651 ita

2372 1671 2605 1741 loquens
2633 1694 2645 1728 :
2674 1674 2770 1728 Dic
2795 1678 3014 1747 aliquod
3035 1679 3244 1733 uerbum
3274 1683 3526 1739 adversus
3550 1685 3858 1753 Dominum,
3887 1706 3942 1742 ac

2373 1779 2576 1818 morere
2597 1764 2707 1835 (Id.
2725 1766 2781 1821 2.
2805 1769 2881 1836 9).
2905 1769 3023 1834 Dic,
3049 1772 3246 1841 inquit,
3270 1774 3688 1845 blasphemiam,
3708 1782 3841 1833 etab
3859 1797 3945 1833 ur-

2372 1855 2630 1924 gentibus
2646 1857 2803 1911 malis
2821 1859 2855 1911 li
2868 1860 3149 1917 berabere.
3168 1862 3307 1929 Quid
3326 1865 3514 1935 igitur?
3530 1866 3670 1922 Num
3692 1870 3943 1925 subvertit

2375 1954 2628 1999 sanctum
2650 1948 2800 2001 illum
2826 1950 3003 2004 virum
3022 1954 3265 2009 mulieris
3283 1957 3731 2012 consilium?lmo
3748 1970 3956 2012 contra-

2373 2035 2515 2090 rium
2533 2036 2676 2100 fecit,
2696 2040 2980 2111 magisque
3003 2042 3151 2097 illum
3174 2046 3577 2115 corroboravit,
3601 2051 3683 2103 sic
3711 2052 3870 2105 etiam
3892 2059 3945 2103 ut

2375 2127 2686 2197 increparet
2705 2146 2955 2201 uxorem.
2978 2132 3168 2190 Potius
3190 2137 3334 2190 enim
3360 2139 3518 2193 duxit
3541 2141 3848 2210 majoribus
3869 2142 3946 2197 af-

2379 2222 2467 2276 fici
2482 2223 3548 2293 cruciariquedoloribus,innumerauue
3564 2234 3773 2303 perpeti
3794 2232 3948 2297 mala,

2377 2330 2535 2385 quam
2568 2316 2892 2386 blasphemia
2926 2319 3029 2372 ulla
3063 2327 3327 2373 tantorum
3367 2320 3629 2379 malorum
3673 2322 3948 2377 relaxatio-

2376 2423 2497 2461 nem
2524 2410 2797 2479 consequi.
2832 2409 3015 2464 Itidem
3042 2420 3095 2465 et
3124 2410 3208 2465 ille
3229 2451 3244 2477 ,
3288 2412 3379 2482 qui
3411 2414 3627 2482 triginta
3656 2424 3777 2469 octo
3804 2414 3950 2467 annis

2373 2500 2623 2555 detentus
2650 2500 2821 2557 fuerat
2850 2506 2901 2556 in
2932 2505 3239 2558 infirmitate
3265 2520 3380 2569 sua,
3412 2504 3633 2574 singulis
3658 2506 3810 2559 annis
3835 2521 3948 2559 cur-

2374 2592 2526 2645 rebat
2552 2592 2616 2645 ad
2648 2592 2923 2661 piscinam,
2946 2602 3002 2648 et
3026 2594 3245 2664 singulis
3271 2596 3424 2649 annis
3450 2597 3825 2667 repellebatur,
3858 2612 3951 2650 nec

2372 2684 2755 2752 assequebatur
2774 2686 3052 2739 sanitatem
3078 2685 3260 2755 (Joan.
3289 2687 3375 2757 5);
3406 2687 3498 2741 sed
3527 2688 3809 2758 quotannis
3830 2703 3951 2742 con-

2370 2774 2628 2844 spiciebat
2652 2777 2783 2831 alios
2803 2779 3165 2849 sanari,.quod
3192 2781 3386 2834 multos
3407 2780 3685 2848 haberent,
3714 2798 3741 2836 a
3767 2783 3952 2853 quibus

2370 2878 2723 2935 curarentur,
2764 2884 2823 2924 se
2860 2885 2989 2926 vero
3016 2872 3324 2926 destitutum
3368 2873 3595 2928 aliorum
3637 2876 3851 2937 auxilio,
3896 2876 3951 2929 in

2371 2972 2627 3029 perpetua
2669 2977 2885 3018 manere
2928 2963 3175 3033 paralysi.
3220 2965 3327 3019 Nec
3369 2966 3447 3020 sic
3482 2966 3697 3036 quidem
3726 2966 3953 3036 confugit

2368 3053 2433 3106 ad
2461 3064 2625 3117 vates,
2652 3070 2756 3108 non
2780 3054 2909 3110 adiit
2930 3057 3431 3122 incantatores,non
3452 3058 3685 3127 alligavit
3705 3060 3949 3123 amuleta,

2369 3146 2461 3199 scd
2511 3148 2835 3215 exspectavit
2878 3146 3108 3201 divinam
3139 3161 3293 3217 opem
3322 3165 3335 3201 :
3361 3147 3480 3201 ideo
3523 3149 3735 3203 tandem
3783 3149 3953 3203 admi-

2366 3236 2585 3289 randam
2608 3237 2891 3306 quamdam
2913 3248 2966 3291 et
2988 3237 3275 3291 inauditam
3301 3238 3579 3291 sanitatem
3604 3238 3827 3308 adeptus
3848 3246 3949 3292 est.

2366 3327 2597 3381 Lazarus
2622 3335 2796 3381 autem
2822 3342 2942 3381 cum
2973 3326 3129 3391 fame,
3152 3343 3272 3381 cum
3298 3328 3505 3393 morbo,
3524 3342 3646 3380 cum
3670 3328 3953 3383 solitudine

2366 3433 2463 3487 per
2488 3432 2701 3472 omnem
2733 3420 2894 3471 vitam
2926 3418 3240 3472 colluctatus
3265 3427 3367 3484 est,
3393 3433 3497 3473 non
3516 3419 3733 3487 triginta
3760 3429 3812 3473 et
3832 3430 3953 3472 octo

2365 3526 2537 3565 annos
2578 3519 2780 3564 tantum
2822 3520 3063 3566 versatus
3104 3510 3155 3563 in
3200 3510 3281 3565 his
3308 3551 3323 3575 ,
3376 3511 3468 3565 sed
3515 3526 3610 3580 per
3644 3526 3802 3565 omne
3833 3511 3950 3565 vita:

2365 3612 2592 3672 tempus.
2623 3596 2891 3671 Sicigitur
2916 3609 2970 3656 et
2997 3601 3285 3672 exspiravit
3314 3602 3366 3656 in
3393 3602 3569 3656 divitis
3590 3604 3729 3656 ostio
3742 3604 3946 3670 jacens,

2364 3705 2721 3763 contemptus,
2743 3694 2949 3759 irrisus,
2980 3692 3242 3758 esuriens,
3271 3692 3490 3746 canibus
3519 3692 3759 3760 obiectus
3784 3692 3947 3761 pabu-

2362 3788 2472 3841 lum
2502 3786 2649 3856 (Luc.
2682 3786 2791 3857 16).
2814 3785 2902 3840 Sic
2914 3785 3061 3840 enim
3082 3784 3221 3838 illius
3242 3798 3438 3860 corpus
3460 3783 3793 3838 debilitatum
3814 3792 3945 3848 erat,

2362 3888 2420 3932 ut
2470 3892 2571 3933 nec
2627 3891 2787 3932 canes
2826 3876 3103 3932 irruentes
3157 3874 3445 3944 ulceraque
3498 3874 3639 3928 illius
3680 3874 3947 3944 alingentes

2362 3978 2544 4039 posset
2570 3969 2803 4039 abigere.
2835 3966 2985 4022 Haud
3016 3974 3194 4021 tamen
3223 3964 3497 4036 quterebat
3529 3965 3942 4031 incantatorem,

2361 4076 2468 4115 non
2498 4060 2668 4130 petala
2695 4059 3097 4129 circumligavit,
3117 4072 3221 4111 non
3243 4065 3495 4127 expertus
3518 4064 3601 4112 est
3628 4057 3942 4127 prtestigias,

2360 4170 2467 4208 non
2486 4152 2762 4208 veneficos
2787 4153 2853 4207 ad
2882 4166 2942 4207 se
2972 4152 3207 4217 vocavit,
3240 4165 3338 4205 nec
3363 4149 3503 4205 aliud
3530 4150 3817 4221 quidquam
3851 4165 3942 4204 ve-

2361 4246 2572 4300 titarum
2612 4245 2805 4299 artium
2833 4243 3085 4311 tentavit,
3118 4243 3211 4298 sed
3234 4244 3381 4313 prius
3400 4241 3583 4296 habuit
3607 4242 3711 4297 illis
3739 4240 3942 4296 immori

2358 4336 2722 4405 malis,vquam
2750 4335 2857 4389 ulla
2899 4350 2964 4390 ex
3006 4342 3156 4404 parte
3197 4333 3447 4388 deserere
3475 4332 3751 4402 pietatem.
3777 4332 3941 4398 Quam

2359 4429 2516 4498 igitur
2536 4429 2744 4484 veniam
2767 4442 2863 4482 nos
2884 4426 3306 4499 impetrabimus,
3329 4426 3439 4497 qui,
3460 4440 3580 4480 cum
3606 4426 3680 4479 illi
3704 4426 3754 4479 in
3783 4425 3939 4479 tantis

2358 4522 2514 4577 malis
2554 4521 2925 4591 perdurarint,
2974 4520 3043 4574 ob
3084 4519 3415 4585 febriculam,
3466 4527 3559 4574 aut
3610 4518 3727 4573 leve
3755 4518 3941 4571 vulnus

2357 4615 2719 4685 procurrimus
2744 4613 2811 4669 ad
2841 4628 3135 4685 synagogas
3160 4654 3173 4675 ,
3203 4612 3499 4678 veneficos,
3533 4626 3596 4666 ac
3627 4612 3940 4682 impostorcs

2356 4709 2408 4763 in
2438 4708 2580 4763 redes
2608 4717 2816 4763 nostras
2854 4705 3214 4761 acccrsimus?
3253 4705 3365 4759 Non
3411 4704 3604 4759 audisti
3653 4704 3779 4776 quid
3804 4706 3940 4759 dicat

2356 4800 2666 4871 Scriptura?
2693 4797 2821 4867 Fili,
2852 4800 2895 4853 si
2920 4799 3113 4851 accedis
3135 4799 3403 4851 serviturus
3432 4796 3675 4863 Domino,
3710 4813 3936 4868 purpura

2353 4892 2576 4943 animant
2606 4902 2741 4943 tuam
2770 4890 2838 4943 ad
2872 4892 3190 4943 (Putationem
3214 4905 3232 4942 :
3255 4888 3415 4959 dirige
3441 4904 3527 4941 cor
3556 4899 3719 4953 tuum,
3749 4900 3794 4941 et
3819 4904 3935 4957 pero

2353 4986 2483 5036 dura
2508 4998 2526 5035 :
2548 4983 2597 5035 in
2630 4982 2800 5034 morbo
2826 4996 2887 5033 ac
2914 4990 3209 5050 paupertate
3233 4980 3287 5033 in
3330 4979 3419 5031 illo
3445 4979 3606 5047 [idem
3630 4989 3761 5031 resto.
3794 4977 3936 5030 Sicut

2352 5076 2482 5128 enim
2516 5076 2567 5127 in
2593 5074 2697 5145 igni
2715 5073 2977 5141 -probatttr
2999 5089 3182 5125 aurum
3200 5112 3215 5137 ,
3253 5072 3325 5125 sic
3354 5070 3505 5124 homo
3532 5071 3590 5138 ﬁt
3621 5080 3850 5142 acceptus
3878 5070 3931 5123 in

2354 5169 2552 5221 camino
2596 5166 2960 5220 humiliationis
3004 5164 3189 5238 (Eccli.
3218 5164 3274 5218 2.
3320 5164 3468 5232 1-5).
3510 5162 3567 5218 Si
3598 5172 3653 5217 tu
3686 5163 3933 5217 famulum

2355 5269 2501 5312 tuum
2532 5258 2710 5328 ﬂagris
2752 5258 3009 5312 cecideris
3033 5298 3047 5320 ,
3079 5268 3130 5311 et
3159 5256 3275 5319 ille,
3310 5255 3525 5324 triginta
3554 5264 3643 5309 aut
3674 5255 3933 5325 quinqua-

2351 5350 2494 5419 ginta
2524 5349 2688 5418 plagis
2717 5348 2947 5417 acceptis
2977 5390 2991 5413 ,
3044 5348 3181 5400 illico
3201 5354 3461 5416 provocet
3493 5344 3559 5399 ad
3600 5345 3895 5399 libertatem
3924 5387 3938 5407 ,

2350 5451 2443 5495 aut
2468 5441 2682 5494 deserat
2726 5449 2891 5494 tuum.
2914 5439 3243 5503 dominium,
3284 5448 3337 5492 et
3374 5437 3441 5491 ad
3480 5438 3615 5491 alios
3651 5437 3933 5507 quospiam

2352 5547 2469 5586 sese
2495 5531 2767 5597 conferat,
2802 5531 2889 5601 qui
2933 5541 2984 5584 te
3010 5529 3253 5596 oderint,
3282 5543 3480 5597 eosque
3507 5528 3557 5581 in
3588 5538 3640 5582 te
3665 5528 3932 5582 concitet:

2351 5629 2438 5684 dic
2465 5629 2609 5694 mihi,
2644 5643 2769 5682 num
2800 5628 2843 5682 is
2872 5628 2966 5682 abs
2996 5636 3045 5681 te
3069 5625 3272 5679 veniam
3301 5624 3686 5693 impetraturos
3709 5623 3823 5678 sit?
3853 5622 3935 5676 An

2350 5719 2630 5789 quisquam
2654 5733 2749 5787 pro
2773 5717 2864 5771 illo
2886 5716 3079 5787 poterit
3099 5729 3218 5770 esse
3242 5713 3536 5783 patronus?
3563 5711 3930 5783 Nequaquam.

2353 5810 2460 5869 Cur
2487 5812 2557 5867 ita
2585 5810 2835 5867 tandem?
2876 5809 3140 5879 Quoniam
3184 5806 3416 5864 ofﬁcium
3456 5813 3539 5861 est
3575 5805 3711 5874 heri,
3745 5805 3931 5877 punire
