4142 6332
156 472 263 529 935
1330 465 1708 525 ADVERSUS
1748 463 2059 524 JU'Dx‘EOS.
2108 466 2245 524 VIII.
3260 468 3265 475 '
3339 464 3448 520 936

154 584 278 659 906,
305 585 403 657 τὴν
453 584 562 640 άπὸ
606 585 701 640 τοῦ
753 583 922 658 ίεροῦ,
950 586 1049 658 τὴν
1087 585 1197 642 ἀπὸ
1240 586 1339 658 τῆς
1388 588 1749 660 προρρήσεως

150 671 267 725 τῶν
315 670 612 742 προφητῶν
658 670 1053 743 ἐλεγχομένηψ
1103 671 1276 738 δεῖξον
1326 672 1445 735 πῶς
1491 673 1611 741 εἰκῆ
1662 672 1755 725 7:61

158 755 338 824 μάτην
366 756 583 807 ᾶπαντα
613 754 937 825 πράττουσι,
973 753 1069 806 7:61
1097 754 1350 806 οὐδέποτε
1382 755 1476 807 ἐπὶ
1502 754 1601 824 τὴν
1630 772 1756 824 προ-

153 839 322 907 τέραν
346 838 676 908 ἐπανήξουσι
706 837 1007 901 πολιτείαν,
1042 837 1137 891 καὶ
1166 836 1249 889 ὅτι
1282 836 1342 889 06
1377 835 1534 906 Θέμις
1572 838 1756 898 αὐτοῖς

156 920 264 986 ἕξω
290 921 397 973 τῶν
430 921 817 992 Ἰεροσολύμων
840 920 989 975 οὐδὲν
1008 932 1035 961 α
1063 918 1306 973 τοιοῦτον
1335 918 1627 973 ἐπιτελεῖν.
1647 920 1757 972 Καὶ

156 1004 299 1075 πρὸς
344 1003 555 1068 τούτοις
604 1005 918 1076 ἀνάμνησον
973 1004 1075 1075 τῆς
1127 1002 1373 1074 γεέννης,
1400 998 1494 1056 τοῦ
1522 999 1757 1072 φοϐεροῦ

160 1088 404 1158 βήματος
441 1086 534 1140 τοῦ
580 1086 809 1158 Κυρίου,
839 1087 948 1140 τῶν
994 1086 1236 1140 εὐθυνῶν
1264 1085 1375 1140 τῶν
1418 1085 1538 1139 ἐκεῖ
1559 1084 1608 1151 ι’,
1662 1086 1759 1139 7:61

156 1171 244 1225 ὅτι
271 1169 475 1224 τούτων
505 1169 761 1224 ἀπάντων
799 1169 1254 1240 δώσομενλόγον,
1280 1167 1376 1222 καὶ
1412 1168 1652 1240 τιμωρία
1677 1185 1758 1231 τις

157 1254 225 1306 06
257 1252 431 1324 μικρὰ
457 1256 633 1306 κεῖται
661 1255 776 1316 τοῖς
810 1253 882 1306 :6
914 1253 1141 1308 :0:66:6
1172 1252 1478 1324 τολμῶσιν·
1508 1253 1757 1323 ἀνάμνη-

162 1352 258 1388 σον
305 1336 401 1388 7:61
449 1335 664 1390 Παύλου
709 1334 965 1405 λέγοντος
989 1349 1002 1363 ⁸
1052 1337 1284 1402 Οἵτινες
1330 1336 1402 1390 ἐν
1453 1335 1617 1404 νόμῳ
1674 1336 1760 1389 δι-

161 1417 489 1488 καιοῦσθε,
507 1416 616 1485 τῆς
640 1417 882 1487 χάριτος
909 1418 1262 1483 ἐξεπέσετε’
1297 1419 1393 1473 καὶ
1421 1419 1584 1472 πάλιν
1605 1418 1763 1472 ἀπει-

161 1499 416 1563 λοῦντος·
469 1500 591 1555 Ὅτι
631 1500 742 1555 ἐὰν
784 1499 1221 1570 περιτέμνησθε
1243 1542 1258 1566 ,
1309 1501 1563 1569 Χριστὸς
1605 1499 1762 1570 ὑμᾶς

164 1581 353 1637 οὐδὲν
388 1582 715 1651 ὠφελήσει.
744 1584 854 1638 Καὶ
898 1584 1027 1637 είπέ
1063 1585 1147 1638 ὅτι
1187 1584 1440 1654 καθάπερ
1466 1584 1761 1653 περιτομὴ,

165 1664 315 1719 οὕτω
352 1665 446 1718 7:61
489 1667 713 1737 νηστεία
751 1667 1018 1738 Ἰουδαῖκὴ
1062 1667 1171 1721 τῶν
1213 1665 1460 1737 οὐρανῶν
1513 1665 1763 1720 ἐκϐάλλει

165 1749 264 1803 τὸν
290 1748 641 1820 νηστεύοντα,
670 1748 774 1803 κᾶν
804 1749 976 1820 μυρία
1007 1750 1171 1821 ἔτερα
1197 1748 1602 1822 κατορθώματα
1625 1748 1761 1821 ἐχῃνσ

167 1833 297 1887 είπέ
339 1834 423 1887 ὃτι
480 1833 800 1905 Χριστιανοὶ
842 1833 932 1888 διά
971 1834 1130 1887 τοῦτο
1163 1828 1267 1888 “καὶ
1312 1833 1629 1905 καλούμεθα
1673 1833 1768 1886 καὶ

169 1916 365 1986 ἐσμὲν,
395 1917 482 1971 ἵνα
503 1916 581 1988 τῷ
610 1916 829 1989 Χριστῷ
863 1916 1206 1989 πειθώμεθα,
1232 1918 1331 1989 ούχ
1361 1919 1450 1973 ἵνα
1477 1918 1613 1990 πρὸς
1640 1918 1769 1980 τοὺς

170 2000 405 2072 ἐχθροὺς
434 2002 676 2065 ἐκείνους
720 2000 1136 2073 τρέχωμεν.Ἃν
1184 2002 1242 2057 δέ
1292 2019 1446 2066 τινας
1470 2001 1768 2072 θεραπείας

170 2084 549 2157 προτείνηται,
581 2083 677 2138 7:61
706 2084 842 2157 λέγῃ
866 2085 1003 2158 πρὸς
1031 2085 1110 2153 σέ,
1138 2085 1651 2157 ὅτιὙπισχνοῦνται
1679 2084 1769 2138 θε-

176 2169 461 2241 ραπεύειν,
495 2168 591 2222 καὶ
620 2166 711 2222 διά
743 2167 904 2222 τοῦτο
931 2170 1074 2241 πρὸς
1099 2170 1297 2235 66:06;
1320 2171 1522 2243 τρέχω,
1560 2170 1769 2224 ἀνακά-

173 2252 344 2322 λοψον
372 2251 554 2307 αὐτῶν
588 2252 688 2315 :6;
719 2254 1080 2324 μαγγανείας,
1115 2254 1215 2319 :6;
1247 2255 1483 2326 ἐπῳδὰς,
1518 2254 1586 2308 :6
1614 2272 1772 2325 περι-

175 2338 434 2408 άμματα,
474 2336 573 2411 τὰς
601 2338 976 2409 φαρμακείας.
1005 2338 1139 2392 Οὐδὲ
1158 2338 1269 2411 γάρ
1292 2338 1437 2410 ἄλλῳ
1459 2338 1565 2392 τινὶ
1584 2338 1773 2408 τρόπῳ

173 2418 402 2475 δοκοῦσι
435 2409 783 2493 θεραπεύειν,
810 2421 929 2475 οὐδὲ
952 2421 1061 2492 γάρ
1090 2409 1456 2493 θεραπεύουσι
1486 2419 1627 2476 κατά
1649 2420 1774 2492 ἀλή-

178 2505 356 2568 θειαν,
386 2502 460 2574 μὴ
490 2503 731 2571 γένοιτοί
774 2503 916 2572 Ἐγὼ
936 2504 992 2557 δὲ
1018 2503 1323 2576 ὑπερϐολὴν
1336 2502 1607 2576 ποιοῦμαι
1634 2502 1777 2565 3:01:-

177 2586 303 2655 λὴν,
336 2588 428 2639 καὶ
452 2587 632 2639 ἐκεῖνο
662 2586 829 2655 λέγω,
875 2587 957 2640 ὅτι
986 2588 1035 2640 εἰ
1070 2589 1166 2641 καὶ
1209 2586 1604 2659 θεραπεύουσιν
1639 2586 1776 2657 ἀλη-

178 2669 324 2733 θῶς,
378 2668 586 2739 βέλτιον
629 2670 949 2737 ἀποθανεῖν,
998 2669 1032 2741 ἢ
1075 2672 1190 2734 τοῖς
1237 2670 1453 2742 ἐχθροῖς
1495 2669 1612 2723 τοῦ⁴
1638 2668 1775 2722 Θεοῦ

181 2752 579 2823 προσδραμεῖν,
615 2752 710 2806 7:61
754 2751 944 2806 τοῦτον
992 2752 1399 2823 θεραπευθῆναι
1433 2752 1522 2805 τὸν
1550 2752 1773 2824 τρόπονι

180 2834 249 2887 Τί
279 2834 389 2904 γάρ
417 2833 629 2903 ὄφελος,
654 2835 817 2904 σῶμα
847 2834 1251 2905 θεραπεύεσθαι
1284 2834 1595 2905 τῆςψυχῆς
1617 2832 1779 2887 ἀπολ-

182 2918 457 2989 λυμένης;
492 2918 545 2971 τί
576 2918 634 2971 δὲ
661 2917 872 2988 κέρδος,
906 2918 1144 2972 ἐνταῦθά
1174 2936 1320 2982 τινος
1349 2920 1639 2988 τυγχάνειν
1671 2934 1777 2970 πα-

185 3002 482 3073 ραμυθίας,
519 3001 813 3071 μέλλοντας
865 3003 948 3064 είς
995 3001 1058 3055 τὸ
1112 3001 1378 3056 ἀθάνατον
1413 3002 1779 3075 παραπέμπε-

185 3087 316 3139 σθαι
367 3085 510 3156 πῦρ;
544 3086 681 3138 Ἴναν
710 3084 831 3156 γὰρ
868 3085 941 3156 μὴ
990 3084 1190 3153 λέγωσι
1230 3084 1426 3152 ταῦτα,
1463 3084 1695 3139 ἄκουσον
1728 3084 1779 3137 τί

185 3187 356 3239 φησιν
390 3171 427 3222 6
453 3168 619 3232 Θεός·
664 3169 800 3223 Ἐὰν
845 3168 1086 3237 ἀναστῇ
1132 3168 1444 3238 προφήτης
1485 3169 1555 3223 ἐν
1585 3167 1709 3235 σοὶ,
1740 3167 1778 3237 ἣ

183 3248 691 3321 ἑνυπνιαζόμενος
737 3250 1055 3316 ἐνύπνιον,
1092 3252 1191 3305 καὶ
1235 3250 1319 3317 δῷ
1373 3251 1628 3319 σημεῖον
1680 3251 1779 3305 καί

186 3334 401 3403 τέρας,
466 3334 565 3388 καί
629 3334 780 3402 ἔλθῃ
844 3334 911 3387 τὸ
972 3334 1226 3403 σημεῖον
1281 3334 1380 3387 καὶ
1438 3334 1507 3388 τὸ
1571 3335 1781 3403 τέρας,

187 3419 225 3473 ὃ
295 3417 600 3485 ἑλάλησε,
670 3419 769 3471 καὶ
833 3418 1007 3487 εἵπῃ’
1078 3417 1468 3487 Πορευθῶμεν
1518 3417 1615 3471 καὶ
1674 3420 1784 3471 λα-

189 3503 538 3571 τρεύσωμεν
585 3501 743 3567 θεοῖς
792 3502 1018 3569 ἑτέροις
1038 3542 1053 3563 ,
1106 3504 1220 3556 οὐκ
1277 3503 1619 3556 ἀκούσεσθε
1680 3500 1784 3555 τοῦ

192 3583 508 3654 προφήτου
552 3583 787 3638 ἐκείνου
814 3626 829 3648 ,
861 3584 949 3639 ὅτι
993 3584 1245 3653 πειράζει
1290 3585 1507 3651 Κύριος
1558 3584 1593 3636 ὁ
1641 3583 1788 3647 Θεὸς

191 3667 372 3737 ὑμᾶς,
400 3669 453 3720 εὶ
479 3665 747 3735 ἀγαπᾶτε
772 3668 992 3734 Κύριον
1019 3668 1127 3721 τὸν
1162 3667 1312 3722 Θεὸν
1342 3666 1507 3737 ὑμῶν
1535 3667 1604 3731 ἐξ
1636 3666 1794 3733 ὅλης,

192 3750 311 3819 τῆς
338 3749 587 3818 καρδίας
615 3749 801 3818 ὑμῶν,
828 3750 926 3802 καί
957 3749 1025 3814 ἐξ
1052 3749 1202 3818 ὅλης
1233 3748 1343 3818 τῆς
1366 3748 1576 3819 ψυχῆς
1597 3747 1787 3818 ὑμῶν.

202 3836 271 3885 "U
294 3833 352 3886 δὲ
375 3832 546 3901 λέγει,
573 3831 812 3886 τοιοῦτόν
838 3833 985 3885 ἐστιν
1006 3850 1018 3863 ·
1062 3834 1187 3887 Ἐὰν
1217 3832 1347 3906 εἴπῃ
1373 3851 1456 3896 τις
1479 3834 1787 3904 προφήτης,

198 3917 389 3986 φησιν,
424 3916 508 3969 ὃτι
548 3915 793 3987 Δύναμαι
839 3916 1033 3987 νεκρὸν
1067 3918 1300 3988 ἐγεῖραι,
1333 3918 1366 3987 ἢ
1395 3916 1595 3985 τυφλὸν
1626 3915 1795 3988 θερα-

200 3998 426 4065 πεῦσαι,
456 3999 592 4052 ἀλλὰ
623 3998 888 4069 πεισθῆτέ
922 4018 1031 4071 μοι,
1069 4001 1164 4054 7:61
1188 3999 1659 4070 προσκυνήσωμεν
1681 3999 1795 4062 τοῖς

198 4084 473 4152 δαίμοσιν,
506 4083 538 4153 ἢ
574 4082 1126 4155 είδωλολατρήσωμεν
1147 4099 1159 4111 ·
1198 4079 1316 4137 εἶτα
1339 4084 1368 4135 6
1392 4082 1577 4153 ταῦτα
1597 4082 1793 4152 λέγων,

199 4166 407 4238 δυνηθῇ
444 4166 782 4235 θεραπεῦσαι
834 4167 927 4220 τὸν
975 4168 1194 4237 τυφλὸν,
1224 4166 1258 4238 ἢ
1292 4167 1382 4220 τὸν
1413 4167 1607 4239 νεκρὸν
1654 4169 1799 4236 ἐγεῖι

207 4268 322 4323 ραι,
352 4251 485 4320 μηδὲ
508 4249 651 4305 οὓτω
676 4249 927 4322 πεισθῇς,
954 4250 1121 4322 φησί·
1150 4250 1237 4304 διά
1256 4251 1308 4303 τί
1331 4267 1344 4314 ;
1376 4252 1501 4303 Ὅτι
1520 4249 1810 4321 πειράζωνε

204 4352 271 4387 σε
300 4335 328 4385 6
358 4326 509 4397 Θεὸς,
546 4332 923 4405 συνεχώρησεν
950 4335 1143 4403 ἐκείνῳ
1170 4333 1465 4403 δυνηθῆναι
1491 4333 1670 4397 τοῦτο,
1699 4335 1800 4386 067:

204 4416 397 4488 ἐπειδὴ
431 4416 592 4480 αὐτὸς
617 4417 802 4487 ἠγνόει
828 4423 922 4469 σου
948 4415 1045 4487 τὴν
1070 4415 1318 4487 γνώμην,
1352 4415 1468 4469 ἀλλ’
1493 4416 1579 4470 ἵνα
1611 4434 1693 4469 σοι
1718 4416 1802 4469 δο-

206 4500 381 4571 κιμὴν
415 4500 673 4571 παράσχῃ
715 4502 765 4553 εί
809 4500 984 4570 φιλεῖς
1016 4500 1111 4555 τὸν
1136 4498 1267 4553 Θεὸν
1293 4499 1482 4562 ὅντως.
1517 4499 1805 4565 Φιλοῦντος

204 4585 270 4638 δέ
299 4587 438 4645 ἐστι,
473 4584 534 4637 τὸ
581 4585 686 4638 κᾶν
726 4585 956 4655 νεκροὺς
986 4585 1303 4656 παρέχωσιν
1330 4584 1723 4654 ἀνισταμένους
1753 4585 1804 4637 οἱ

209 4668 606 4732 σπουδάζοντες
636 4670 786 4738 ἡμᾶς
815 4668 1120 4737 ἀφελκύσαι
1163 4666 1259 4721 τοῦ
1301 4667 1645 4738 φιλουμένου,
1682 4667 1805 4739 μηδ’

206 4749 387 4813 οὕτως
441 4749 798 4818 ἀφίστασθαι.
857 4752 920 4805 Εἰ
972 4751 1030 4805 δὲ
1070 4751 1345 4814 Ἰουδαίοις
1399 4747 1586 4803 ταῦτα’
1628 4748 1815 4819 ἔλεγε,

208 4832 398 4903 πολλῷ
430 4832 630 4903 μᾶλλον
659 4835 811 4904 ἡμῖν,
844 4833 939 4899 06;
964 4834 1057 4887 ἐπὶ
1082 4834 1303 4905 μείζονα
1333 4832 1651 4902 φιλοσοφίαν
1679 4834 1809 4904 ἢγα-

209 4930 336 4984 γεν,
365 4911 446 4985 οἷς
468 4915 569 4987 τὴν
606 4916 735 4987 7:591
769 4916 867 4990 τῆς
911 4916 1260 4981 ἀναστάσεως
1287 4916 1468 4987 ἤνοιξε
1495 4915 1688 4988 θύραν,
1727 4910 1809 4979 οἷς

212 4998 452 5062 κελεύει,
490 4999 566 5070 μὴ
593 5002 702 5063 τοῖς
738 4998 1004 5071 παροῦσιν
1033 4997 1641 5071 ἐμφιλοχωρεῖν,.1682]
1674 4998 1812 5055 ἀλλά

210 5084 319 5145 τὰς
356 5082 577 5145 ἐλπίδας
617 5082 833 5146 ἁπάσας
873 5081 1011 5153 πρὸς
1031 5082 1127 5153 τὴν
1154 5082 1452 5153 μέλλουσαν
1477 5081 1623 5153 ζωὴν
1644 5082 1806 5153 ἔχειν.

296 5172 370 5230 ς’.
409 5164 568 5219 Ἀλλά
594 5165 647 5218 τί
672 5165 850 5233 λέγεις
871 5183 886 5233 ;
904 5168 986 5219 ὅτι
1003 5166 1175 5219 θλίϐει
1196 5183 1253 5219 σε
1272 5166 1367 5219 καὶ
1391 5165 1565 5230 πιέζει
1586 5166 1680 5220 τοῦ
1703 5165 1812 5219 σώ-

219 5266 395 5321 ματος
422 5250 457 5320 ἡ
483 5248 673 5313 νόσοςς
717 5248 857 5301 Ἀλλ’
883 5248 1038 5303 οὔπω
1062 5249 1299 5304 τοσαῦτα
1336 5250 1631 5315 πέπονθας,
1660 5251 1761 5304 ὅσα
1785 5251 1814 5304 6

218 5330 680 5405 μακάριοςἺὼϐ,
710 5331 911 5403 μᾶλλον
954 5334 1010 5387 δὲ
1052 5334 1176 5387 οὐδὲ
1218 5334 1278 5387 τὸ
1320 5334 1607 5389 πολλοστὸν
1650 5336 1815 5407 μέρος

218 5416 501 5471 ἐκείνουο.
538 5414 693 5469 Μετά
741 5415 851 5487 γὰρ
893 5417 994 5487 τὴν
1039 5417 1242 5487 ἀθρόαν
1273 5418 1388 5471 τῶν
1412 5418 1679 5488 ποιμνίων
1721 5419 1817 5472 7:61

219 5500 336 5555 τῶν
372 5499 663 5569 βουκολέων
710 5501 807 5553 7:61
840 5500 949 5553 τῶν
980 5500 1157 5554 ἄλλων
1210 5501 1467 5555 ἁπάντων
1513 5500 1814 5566 ἀπώλειαν,

222 5583 487 5655 ἡρπάσθη
541 5583 633 5636 7:61
687 5584 795 5637 τῶν
844 5584 1047 5637 παίδων
1096 5584 1388 5656 ὁλόκληρος
1433 5586 1461 5637 6
1497 5585 1691 5655 χορός·
1720 5588 1815 5639 καὶ

224 5669 409 5721 πάντα
434 5668 490 5720 ἐν
517 5666 701 5738 ἡμέρᾳ
725 5669 823 5737 μιᾷ
846 5668 1082 5735 ἐγένετο,
1104 5668 1191 5719 ἵνα
1217 5668 1290 5738 μὴ
1313 5670 1344 5738 ἡ
1377 5669 1539 5738 φύσις
1567 5668 1679 5721 τῶν
1700 5685 1819 5722 πει-

228 5752 462 5824 ρασμῶν
507 5751 685 5821 μόνον,
722 5749 860 5803 ἀλλά
898 5750 992 5803 καὶ
1032 5750 1065 5820 ἡ
1107 5750 1360 5820 συνέχεια
1405 5750 1687 5821 καταϐάλῃ
1728 5752 1818 5805 τὸν

226 5834 491 5903 ἀθλητήν.
522 5832 655 5885 Μετ’
685 5834 868 5884 ἐκεῖνα
890 5833 1063 5886 πάντα
1086 5836 1305 5903 καιρίαν
1329 5834 1385 5885 ὲν
1407 5832 1482 5902 τῷ
1504 5833 1715 5903 σώματι
1736 5835 1821 5888 δε-

306 5917 473 5980 51:16
490 5911 785 5980 n|S§._66:_07.;
808 5915 901 5980 τῷν
943 5911 1451 5980 Ἱεροσολύειωνιχωρὶς
1476 5913 1624 5962 οὐδέν.

295 5982 326 6017 ι·
348 5975 494 6022 εκείνη.
523 5975 653 6020 mMil
670 5976 763 6019 τῶν
788 5974 1045 6022 κολάσεων.

296 6041 313 6059 ¹“
338 6036 553 6082 ’ίῖενςέηνιγί
582 6040 725 6088 Fm‘ll.

1862 586 2095 659 ξάμενος
2113 588 2211 659 τὴν
2228 587 2465 659 πληγὴν,
2486 588 2773 659 σκώληκας
2797 585 2943 656 ἐώρα
2963 582 3228 638 πάντοθεν
3255 581 3450 654 βρύον-

1857 690 1957 736 τας
1990 671 2098 726 ἀπὸ
2134 670 2228 724 τοῦ
2265 671 2536 742 σώματος,
2573 673 2667 725 καὶ
2692 670 2899 740 γυμνὸς
2929 669 3021 721 ἐπὶ
3050 668 3150 737 τῆς
3173 666 3451 738 κοπρίαςά

1858 756 2115 826 ἐκάθητο,
2131 755 2307 808 κοινὸν
2329 757 2439 819 τοῖς
2470 754 2708 826 παροῦσι
2733 754 3021 822 συμφορᾶς
3050 749 3301 821 θέατρον,
3321 752 3349 802 6
3372 749 3451 800 δί-

1860 855 2035 903 καιος,
2085 841 2115 892 ὁ
2147 838 2423 909 ἀληθινὸς,
2472 841 2500 892 6
2535 838 2815 908 θεοσεϐὴς,
2874 838 2903 889 6
2948 834 3292 905 ἀπεχόμενος
3343 833 3456 885 ἀπὸ

1860 922 2061 985 παντὸς
2096 923 2336 993 πονηροῦ
2368 923 2713 993 πράγματος.
2752 920 2864 973 K61
2892 918 3013 972 οὐδὲ
3049 918 3214 989 μέχρι
3247 916 3455 970 τούτων

1860 1006 1993 1075 ἔστη
2025 1004 2094 1059 :6
2128 1005 2314 1058 δεινά’
2362 1005 2478 1058 ἀλλ’
2513 1005 2697 1057 ὀδύναι
2735 1002 3102 1074 μεθημεριναὶ
3135 1002 3229 1055 καὶ
3259 1017 3453 1054 νυκτε-

1864 1091 2029 1162 ριναὶ,
2073 1091 2170 1144 καὶ
2223 1090 2379 1161 λιμός
2431 1108 2517 1149 τις
2569 1090 2731 1143 αὑτὸν
2787 1089 3098 1158 ἐπολιόρκει
3158 1086 3457 1153 ξένος·καὶ

1861 1174 2187 1248 παράδοξος.
2226 1173 2477 1243 Βρῶμον
2500 1173 2632 1245 γάρ,
2671 1172 2857 1243 φησὶν,
2893 1171 3009 1240 ὁρῶ
3044 1171 3118 1225 τὰ
3146 1169 3287 1224 σῖτά
3310 1187 3456 1238 μου,

1860 1259 2038 1329 ὀνείδη
2078 1250 2445 1327 καθημερινὰ,
2501 1257 2809 1327 χλευασίὰι,
2865 1254 3201 1325 σκώμματα,
3258 1252 3453 1321 γέλως.

1862 1344 1925 1397 Οί
1967 1340 2177 1396 οἰκέται
2207 1340 2325 1411 γάρ’
2353 1356 2479 1409 μου,
2515 1340 2671 1411 φησὶ,
2703 1339 2799 1391 καὶ
2828 1339 2877 1391 οἱ
2912 1338 3019 1391 uir}:
3053 1336 3161 1390 τῶν
3192 1335 3459 1389 παλλακί-
3524 1381 3529 1385 .

1861 1427 2097 1496 δωνλμου
2134 1422 2512 1493 ἐπανέστησάν
2545 1438 2656 1492 μοι,
2701 1425 2759 1475 ἐν
2796 1420 3069 1482 ἐνυπνίοις
3104 1419 3280 1489 φόϐοι,
3320 1417 3456 1487 ζάλη

1861 1527 1949 1573 τις
1984 1507 2261 1578 λογισμῶν
2289 1500 2565 1576 διηνεκής.
2615 1503 2755 1558 Ἀλλ’
2782 1506 2932 1574 ὅμως
2965 1502 3171 1557 τούτων
3202 1501 3459 1556 ἁπάντων

1864 1592 2188 1663 ἀπαλλαγὴν
2219 1588 2588 1660 ἐπηγγέλλετο
2624 1590 2657 1658 ἡ
2700 1588 3108 1659 γυνὴ’λέγουσα
3130 1586 3325 1649 οὕτως,
3361 1581 3461 1639 Εἷ-

1866 1658 1985 1731 πόν
2016 1693 2072 1730 τι
2093 1658 2262 1744 ῥῆμα
2292 1658 2444 1742 πρὸς
2474 1672 2583 1727 τὸν
2610 1658 2850 1739 Κύριον,
2885 1668 3269 1724 καὶτελεύτα.
3287 1667 3460 1719 B166.-

1865 1764 2142 1836 φήμησον,
2214 1757 2371 1836 φησι,
2416 1755 2511 1808 7:61
2547 1754 2911 1827 ἀπαλλαγησῃ
2949 1752 3075 1834 τῶν,
3096 1751 3463 1818 ἐπικειμένων

1868 1834 2068 1895 πόνων.
2094 1842 2160 1894 Τί
2175 1834 2275 1894 ὀὖν
2299 1856 2313 1905 ;
2342 1836 2654 1910 παρέτρεψε
2679 1837 2770 1890 τὸν
2793 1837 2948 1904 ἅγιον
2974 1838 3182 1889 ἐκεῖνον
3211 1847 3235 1874 ο
3264 1838 3297 1905 ἠ
3329 1851 3465 1904 συμ-

1870 1925 2036 1995 ϐουλή
2057 1942 2073 1991 ;
2098 1922 2422 1976 Τούναντίον
2455 1922 2554 1993 μὲν
2579 1916 2674 1974 οὖν
2706 1920 2802 1973 καὶ
2834 1920 3079 1989 ἐποίησε,
3103 1919 3197 1971 καὶ
3218 1917 3467 1987 ἐπέρρω-

1873 2026 1935 2062 σε
1987 2005 2249 2079 μειζόνως
2289 2004 2471 2071 αὐτὸν,
2515 2003 2592 2067 ὼς
2628 2003 2724 2057 καὶ
2756 2001 3082 2071 ἐπιτιμῆσαι
3118 2003 3185 2071 τῇ
3224 1997 3464 2068 γυναικί.

1882 2093 2099 2163 ᾚρεῖτο
2140 2089 2250 2160 γάρ
2285 2088 2486 2159 μᾶλλον
2525 2086 2816 2148 ὀδυνᾶσθαι
2861 2084 2957 2138 καὶ
2998 2081 3468 2153 ταλαιπωρεῖσθαι

1873 2176 1968 2229 καὶ
2009 2173 2180 2244 μυρία
2228 2171 2459 2240 πάσχειν
2495 2169 2665 2235 δεινά,
2716 2169 2749 2239 ἢ
2798 2168 2937 2239 μετὰ
2972 2168 3323 2238 βλασφημίας
3364 2168 3469 2220 ἀπ-
3526 2226 3531 2227 ν

1873 2257 2115 2327 ἀλλαγήν
2146 2272 2268 2309 τινα
2304 2254 2415 2307 τῶν
2446 2252 2718 2307 τοσούτων
2762 2252 3022 2324 εὑρέσθαι
3064 2251 3269 2304 κακῶν.
3312 2250 3470 2305 Οὕτω

1874 2342 1971 2397 7:61
2003 2341 2032 2394 6
2059 2336 2499 2413 τριακονταοκτὼ
2528 2336 2622 2406 ἐτη
2653 2335 2793 2404 ἔχων
2820 2336 2879 2387 ἐν
2912 2338 2977 2407 τῇ
3011 2335 3265 2405 ἀσθενείᾳ
3305 2332 3470 2388 66:06

1875 2425 1997 2480 καθ’
2026 2422 2257 2476 ἕκαστον
2290 2419 2535 2473 ἐνιαυτὸν
2560 2419 2781 2489 ἔτρεχεν
2813 2418 2905 2470 ἐπὶ
2930 2419 3027 2489 τὴν
3048 2417 3487 2489 ,κολυμϐἧθρανμ

1876 2507 1983 2561 καί
2020 2505 2141 2559 καθ’
2190 2504 2422 2559 ἕκαστον
2466 2500 2807 2572 ἐξεκρούετο,
2866 2500 2962 2553 7:61
3019 2500 3317 2572 θεραπείας
3372 2500 3476 2555 οὐκ

1854 2590 2174 2661 ἐτύγχανεν
2200 2585 2427 2639 ίνολάλλ’
2472 2584 2695 2656 ἐτέρους
2740 2583 2839 2653 μὲν
2892 2583 3040 2654 ἐώρα
3088 2582 3212 2636 καθ’
3241 2582 3474 2636 ἕκαστον

1876 2671 2124 2727 ἐνιαυτόν
2161 2668 2680 2739 ἀπαλλαττομένους
2700 2665 2790 2720 διὰ
2817 2667 2880 2720 :6
2909 2667 3138 2730 πολλοὺς
3172 2665 3317 2736 ἔχειν
3348 2669 3476 2729 τοὺς

1878 2755 2300 2827 θεραπεύοντας,
2333 2753 2501 2806 αὐτόν
2536 2768 2596 2804 τε
2639 2749 2730 2805 διὰ
2765 2750 2865 2821 τὴν
2911 2748 3149 2820 ἐρημίαν
3186 2749 3296 2801 τῶν
3339 2765 3501 2818 προ--

1880 2838 2230 2911 στησομένων
2272 2837 2331 2889 ἐν
2367 2837 2607 2906 διηνεκεῖ
2649 2836 2883 2905 μένοντα
2921 2834 3173 2905 παρέσει.
3209 2832 3321 2886 Καὶ
3354 2832 3479 2885 οὐδὲ

1876 2921 2050 2985 οὕτως
2105 2920 2341 2991 ἔδραμεν
2390 2919 2484 2972 ἐπὶ
2527 2918 2771 2993 μάντεις,
2806 2918 2908 2970 067:
2938 2912 3070 2987 ἦλθε
3120 2915 3257 2987 πρὸς
3290 2917 3480 2968 ἐπαοι-

1877 3004 2022 3068 δοὺς,
2054 3004 2154 3056 οὐκ
2189 3002 2421 3072 ἐπέδησε
2454 3001 2753 3071 περίαπτα,
2790 3001 2905 3055 ἀλλ’
2939 3000 3169 3070 ἀνέμενε
3202 2999 3301 3069 τὴν
3327 3000 3483 3068 7:696

1878 3087 1975 3140 :06
2024 3085 2160 3139 Θεοῦ
2207 3086 2478 3156 βοήθειανο
2527 3084 2614 3137 διὰ
2662 3083 2820 3137 τοῦτο
2870 3084 3009 3155 πρὸς
3050 3082 3129 3153 τῷ
3166 3082 3309 3135 τέλει
3351 3082 3483 3137 θαυ-

1885 3169 2100 3242 μαστῆς
2121 3186 2266 3231 τινος
2299 3168 2397 3222 καὶ
2427 3166 2732 3239 παραδόξου
2764 3166 3062 3237 θεραπείας
3088 3166 3297 3236 ἔτυχεν.
3336 3164 3397 3218 '0
3420 3164 3489 3219 δὲ,

1882 3254 2133 3325 Λάζαρος
2153 3252 2298 3325 λιμῷ
2320 3253 2414 3306 7:61
2447 3252 2589 3322 νόσῳ
2620 3252 2713 3304 7:61
2739 3250 2946 3321 ἐρημίᾳ
2967 3249 3144 3303 πάντα
3174 3249 3264 3302 τὸν
3288 3248 3484 3320 χρόνον

1883 3337 2195 3402 ἐπάλαισεν,
2230 3336 2291 3389 06
2323 3332 2764 3405 τριακονταοκτὼ
2793 3333 2889 3403 ἐτη
2927 3332 3067 3402 ἔχων
3118 3332 3299 3402 μόνον,
3343 3331 3491 3390 ἀλλὰ

1884 3424 2068 3476 πᾶσαν
2101 3420 2199 3491 τὴν
2243 3419 2410 3490 ζωήν’
2454 3417 2597 3471 οὕτω
2639 3415 2768 3485 γοῦν
2823 3416 2919 3470 7:61
2952 3413 3275 3479 ἐξέπνευσεν
3312 3417 3370 3468 ἐν
3407 3407 3491 3480 τῷ

1886 3502 2095 3558 πυλῶνι
2159 3502 2415 3573 κείμενος
2461 3500 2557 3554 τοῦ
2610 3499 2894 3562 πλουσίου,
2951 3500 3482 3571 καταφρονούμενος,

1888 3587 2303 3659 χλευαζόμενος,
2345 3584 2653 3653 λιμώττων,
2692 3585 2803 3646 τοῖς
2841 3582 2984 3635 κυσί
3009 3582 3145 3653 βορά
3190 3582 3489 3653 προκείμε-

1889 3689 1999 3734 νος.
2041 3669 2198 3724 Οΰτω
2237 3666 2346 3738 γὰρ
2378 3665 2543 3720 66:06
2586 3669 2610 3706 ε
2644 3664 2902 3735 τδσῶμα
2948 3669 3197 3737 παρεῖτο,
3232 3666 3308 3727 ώς
3350 3666 3497 3735 μηδὲ

1891 3753 2180 3809 ἀποσοϐεῖν
2201 3750 2459 3805 δύνασθαι
2487 3750 2614 3812 τοὺς
2647 3747 2813 3811 κύνας
2840 3748 3091 3811 ἐπιόντας
3123 3750 3220 3801 7:61
3238 3748 3306 3800 :6
3328 3750 3490 3818 τραύ-

1896 3854 2045 3909 ματα
2081 3833 2248 3889 αὐτοῦ
2291 3832 2693 3904 λιχμωμένους.
2739 3832 2879 3884 Ἀλλ’
2909 3833 3060 3902 ὅμως
3096 3832 3197 3885 067:
3238 3833 3490 3885 ἐπαοιδὺν

1893 3920 2181 3991 ἐζήτησεν,
2210 3917 2272 3971 06
2298 3916 2510 3970 πέταλα
2535 3914 2824 3986 περιῆψεν,
2847 3915 3277 3985 οὐμαγγανείας
3306 3916 3492 3985 ἐκίνη-

1897 4022 2013 4070 σεν,
2056 4002 2117 4056 οὐ
2167 4001 2371 4071 γόητας
2412 3998 2548 4067 πρὸς
2590 3996 2781 4050 ἐαυτὸν
2820 3997 3101 4063 ἐκάλεσεν,
3143 3999 3243 4052 067:
3276 3999 3405 4053 ἀλλο
3438 4018 3492 4053 τι

1896 4087 2004 4143 τῶν
2039 4084 2449 4154 κεκωλυμένων
2476 4080 2753 4151 ἐποίησεν,
2786 4080 2902 4133 ἀλλ’
2935 4082 3108 4135 εἵλετο
3144 4082 3344 4153 μᾶλλον
3380 4085 3493 4146 τοῖς

1897 4171 2089 4233 κακοῖς
2113 4165 2473 4220 ἐναποθανεῖν
2494 4163 2745 4229 ἐκείνοις,
2777 4163 2810 4233 ἢ
2848 4164 2947 4233 τῆς
2973 4165 3257 4229 εὐσεϐείας
3294 4166 3511 4237 μικρόν

1897 4272 1950 4307 τι
2006 4251 2293 4323 προδοῦναι
2344 4250 2529 4321 μέρος.
2574 4248 2707 4300 Τίνα
2768 4242 2861 4300 οὖν
2914 4246 3109 4319 ἕξομεν
3159 4249 3503 4322 συγγνώμην,

1901 4339 2082 4409 ἡμεῖς,
2134 4336 2183 4388 εί
2226 4334 2463 4388 τοσαῦτα
2513 4333 2830 4401 πασχόντων
2881 4332 3105 4385 ἐκείνων
3155 4333 3249 4386 7:61
3293 4352 3492 4405 καρτε-

1906 4421 2143 4493 ρούντων
2274 4418 2363 4472 διά
2406 4416 2640 4487 πυρετὸν
2684 4415 2849 4485 ἢδιά
2875 4415 3189 4486 τραύματα,
3224 4417 3519 4488 τρέχομεν.

1905 4505 1998 4557 ἐπὶ
2032 4502 2379 4572 συναγωγὰς,
2415 4502 2510 4555 7:61
2540 4501 2666 4562 τοὺς
2710 4500 3035 4569 φαρμακοὺς
3063 4501 3158 4552 7:61
3188 4501 3389 4570 γόητας
3417 4505 3500 4567 εἰς

1905 4586 2003 4650 τὰς
2033 4586 2208 4649 οἰκίας
2240 4583 2514 4654 καλοῦμεν
2540 4584 2636 4645 τὰς
2665 4581 2904 4647 ἐαυτῶν;
2931 4583 3045 4635 Οὐκ
3074 4581 3225 4654 [685]
3258 4584 3498 4654 ἧκουσας

1904 4670 1958 4723 τί
1987 4686 2150 4739 φησιν
2180 4670 2214 4739 ή
2255 4668 2478 4739 Γραφής
2533 4665 2772 4728 Τέκνον,
2804 4664 2913 4720 ἐὰν
2941 4665 2964 4703 ιι
3004 4665 3313 4735 προσέρχῃ
3356 4667 3500 4721 δου-

1907 4754 2113 4807 λεύειν
2158 4752 2377 4820 Κυρίῳ,
2431 4750 2757 4818 ἐτοίμασον
2805 4746 2923 4814 τὴν
2983 4747 3198 4817 ψυχήν
3246 4764 3364 4803 σου
3411 4753 3501 4817 είς

1909 4834 2265 4905 πειρασμὸν,
2291 4834 2552 4888 εὔθυνον
2578 4831 2695 4901 τὴν
2723 4831 2977 4899 καρδίαν
3004 4847 3144 4897 σου,
3169 4832 3268 4885 καὶ
3295 4835 3502 4902 καρτέ-

1903 4936 2121 4989 ρησοινο
2151 4919 2222 4971 ἐν
2253 4919 2417 4984 νόσῳ
2444 4916 2545 4971 καὶ
2572 4916 2752 4981 πενίᾳ
2781 4915 2874 4968 ἐπ’
2907 4914 3067 4979 αὐτῷ
3097 4918 3396 4983 πεποιθὼς
3416 4919 3502 4985 τί·

1909 5021 2041 5058 νου.
2082 5003 2312 5067 Ὥσπερ
2357 5001 2471 5070 γὰρ
2508 5001 2578 5052 ἐν
2616 4999 2758 5066 πυρί
2804 4997 3172 5066 δοκιμάζεται
3218 5001 3501 5068 χρυσίον,

1912 5086 2102 5152 οὕτως
2127 5086 2439 5153 ἅνθρωπος
2466 5082 2677 5148 δεκτὸς
2709 5082 2780 5134 ἐν
2812 5083 3042 5150 καμίνῳ
3066 5082 3501 5151 ταπεινώσεως.

1913 5161 2016 5222 Ἀν
2045 5169 2108 5222 σὺ
2149 5168 2242 5222 τὸν
2268 5165 2486 5238 οἰκέτην
2528 5164 2794 5235 μαστίξῃς
2844 5165 2936 5217 τὸν
2986 5165 3098 5230 σὺν,
3141 5161 3261 5219 εἶτα
3294 5168 3505 5230 ἐκεῖνος

1914 5253 2210 5323 τριάκοντα
2268 5251 2301 5321 ἢ
2350 5250 2694 5321 πεντήκοντα
2745 5246 2927 5301 λαϐὼν
2996 5248 3233 5318 πληγὰς,
3301 5250 3510 5312 εὐθέως

1915 5334 2227 5406 ἐλευθερίαν
2249 5333 2548 5403 ἀναϐοήσῃ,
2573 5331 2605 5401 ἢ
2632 5330 2906 5401 καταλίπῃ
2931 5348 3024 5383 σου
3047 5331 3146 5403 τὴν
3166 5331 3508 5397 δεσποτείαν,

1917 5419 2011 5473 7:61
2051 5419 2187 5490 πρὸς
2226 5418 2446 5489 ἐτέρους
2485 5414 2644 5478 τινάς-
2678 5414 2888 5485 ἀπέλθῃ
2930 5414 3039 5467 τῶν
3077 5416 3380 5485 μισούντων
3424 5431 3509 5482 σε,

1918 5503 2013 5557 7:61
2039 5500 2337 5573 παροξύνῃ·
2370 5496 2478 5571 ἆρα
2506 5498 2794 5569 δυνήσεται
2823 5496 3157 5569 συγγνώμης
3195 5500 3401 5569 τυχεῖν,
3428 5499 3510 5551 εί-

1919 5586 1989 5639 πέ
2033 5602 2160 5655 μοις
2192 5580 2301 5655 ἆρα
2329 5582 2617 5653 δυνήσεται
2656 5580 3100 5652 ἀπολογήσασθαί
3129 5598 3212 5642 τις
3241 5580 3383 5651 ὑπὲρ
3409 5581 3512 5634 66-

1919 5668 2047 5735 τοῦς
2088 5667 2372 5738 οὐδαμῶς.
2416 5667 2481 5719 Τί
2519 5666 2754 5737 δήποτε;
2802 5666 2925 5719 "0::
2961 5665 3237 5737 προσῆκον
3277 5664 3519 5738 δεσπότῃ

1982 5773 2009 5813 d
2034 5776 2115 5822 Sic
2138 5772 2287 5821 Savil.
2315 5773 2499 5821 rectius
2520 5785 2665 5833 quam
2712 5770 2880 5821 Moulf.
2926 5772 3001 5820 ἐπὶ
3020 5773 3105 5830 τὴν
3125 5768 3345 5834 κοπρίαν.
3369 5765 3509 5817 Enn.

1987 5834 2170 5885 “Addi:
2195 5836 2344 5884 Savil.
2372 5841 2454 5892 τῆς
2476 5834 2708 5894 γυναικὸς.

1989 5904 2006 5941 ῐ
2044 5899 2073 5943 Α
2086 5897 2137 5944 Hi
2161 5896 2485 5958 ἐπετύγχανεν.

1987 5959 2011 6023 β
2040 5959 2352 6023 [ιιιιειόιιίιλ
2379 5958 2524 6023 αὑιιξν.

1991 6020 2013 6061 δ
2038 6020 2134 6071 Alii
2160 6022 2214 6069 εἰ.
