4142 6332
700 329 804 385 937

698 448 944 513 κολάζειν
976 449 1212 522 οἰκέτην.
1247 456 1321 506 Οὐ
1347 455 1432 509 διὰ
1463 457 1620 510 τοῦτο
1643 458 1700 511 δέ
1731 461 1910 529 μόνον,
1945 463 2059 515 ἀλλ’
2086 464 2188 527 ὃτι,
2220 466 2267 516 εἰ

696 537 1031 618 καταφυγεῖν
1055 536 1242 606 ἐχρῆν,
1265 537 1389 607 οὐχὶ
1417 540 1550 609 πρὸς
1568 540 1694 604 τοὺς
1721 542 1966 614 ἐχθροὺς,
1993 546 2112 598 οὐδὲ
2138 546 2274 618 πρὸς

693 618 820 680 τοὺς
845 616 1154 687 μισοῦντας,
1184 618 1318 686 ἀλλά
1344 621 1478 692 πρὸς
1497 623 1624 686 τοὺς
1651 625 1836 691 φίλους
1867 628 1994 692 τοὺς
2017 616 2272 700 γνησίους

691 698 820 754 ἔδει.

761 781 824 846 ζ’.
846 781 959 836 Καὶ
985 782 1048 835 σὺ
1079 784 1277 848 τοίνυν,
1304 787 1432 840 ὅταν
1459 789 1572 859 ἴδῃς
1599 788 1837 843 τὸνθεόν
1865 811 1924 845 σε
1952 794 2266 860 κολάζοντα,

693 863 775 946 μὴ,
811 864 947 935 πρὸς
984 868 1109 930 τοὺς
1150 867 1378 939 ἐχθροὺς
1419 871 1583 924 αὑτοῦ
1622 874 1944 946 καταφύγῃς
1976 877 2102 941 τοὺς
2141 878 2270 931 Ἰου-

685 945 1012 1031 δαίουςηῖνα
1055 949 1129 1020 μὴ
1172 951 1372 1017 μᾶλλον
1412 953 1574 1005 αὑτὸν
1606 945 1934 1031 παροξύνῃς,
1967 957 2104 1011 ἀλλά
2131 960 2269 1030 πρὸς

684 1029 810 1092 τοὺς
843 1028 1027 1097 φίλους
1064 1031 1254 1097 αὐτοῦ,
1276 1035 1412 1096 ’τοὺς
1439 1034 1744 1107 μάρτυρας,
1772 1028 1898 1103 τοῦς
1939 1041 2146 1109 ἁγίους,
2177 1028 2269 1095 καὶ

685 1111 1125 1196 εύηρεστηκότας
1153 1114 1307 1189 αὐτῷ
1356 1119 1452 1196 κα).
1490 1118 1691 1190 πολλὴν
1723 1121 1946 1191 ἔχοντας
1986 1125 2124 1196 πρὸς
2157 1127 2269 1178 αύ-

682 1194 774 1245 τὸν
803 1197 1137 1266 παρρησίαν.
1171 1200 1280 1252 Καὶ
1311 1201 1364 1252 τί
1385 1189 1526 1268 λέγω
1552 1189 1678 1274 περὶ
1704 1189 1931 1259 οἰκετῶν
1960 1189 2052 1261 καλ
2078 1209 2268 1262 δεσπο-

679 1277 823 1343 τῶν;
870 1281 982 1344 υίὸς
1017 1282 1077 1334 οὐ
1104 1283 1393 1353 δυνήσεται
1425 1284 1582 1337 τοῦτο
1620 1288 1843 1358 ποιῆσαι
1874 1290 1962 1342 διὰ
1991 1290 2090 1353 τὰς
2115 1291 2266 1362 παρά

679 1359 776 1443 τοῦ
829 1362 1034 1433 πατρὸς
1085 1365 1373 1433 μάστιγας.
1423 1368 1543 1420 οὐδὲ
1592 1369 1931 1440 ἀρνήσασθαι
1985 1371 2083 1442 τὴν
2126 1359 2265 1443 πρὸς

680 1442 886 1496 ἐκεῖνον
930 1448 1269 1514 συγγένειαν.
1313 1450 1423 1502 Καὶ
1460 1451 1569 1520 γὰρ
1610 1454 1658 1503 οί
1701 1453 1800 1522 τῆς
1838 1454 2053 1523 φύσεως
2089 1442 2184 1508 καῖ
2215 1459 2264 1510 οξ

677 1524 831 1594 παρά
869 1525 979 1580 τῶν
1019 1527 1322 1599 ἀνθρώπων
1365 1533 1612 1597 τεθέντες
1653 1535 1829 1605 νόμοι,
1864 1536 1967 1591 κᾶν
2000 1540 2259 1611 μαστίςῃ,

676 1607 782 1659 κᾶν
815 1609 1096 1681 τραπέζης
1141 1614 1321 1686 είργῃ,
1380 1615 1480 1669 κᾶν
1520 1617 1756 1690 ἐκϐάλλῃ
1793 1620 1891 1690 τῆς
1929 1621 2123 1686 οἰκίας,
2160 1607 2261 1675 κάν

676 1692 840 1775 παντὶ
872 1691 1072 1775 κολάζῃ
1099 1698 1306 1766 τρόπῳ,
1349 1697 1662 1753 κελεύουσιν
1692 1702 1904 1756 ἅπαντα
1931 1705 2118 1775 φέρειν
2147 1723 2262 1774 γεν-

672 1774 858 1859 ναίως,
911 1770 1014 1852 κᾶν
1067 1779 1140 1848 μὴ
1193 1779 1449 1851 πείθηται
1495 1783 1628 1853 μηδὲ
1677 1770 1959 1857 ἀνέχηται,
2002 1770 2261 1859 οὐδεμίαν

671 1850 1026 1942 ούδεὶςάύτῷ
1057 1861 1239 1914 δίδωσι
1268 1850 1616 1934 συγγνώμην·
1645 1850 1919 1923 ἀλλά-’κᾶν
1945 1850 2263 1942 μυρίαάπ-

669 1938 930 2011 οδύρηται
989 1944 1306 2013 μαστιχθεὶς
1371 1947 1400 1997 6
1457 1948 1608 2010 παῖς,
1672 1949 1846 2003 ταῦτα
1897 1938 2038 2023 πρὸς
2098 1955 2258 2008 αὑτὸν

669 2022 910 2087 ἅπαντες
965 2024 1184 2094 λέγουσι
1231 2027 1303 2080 τά
1360 2029 1606 2099 ῥήματα.
1662 2031 1745 2084 ὅτι
1795 2022 1979 2105 πατήρ
2030 2038 2176 2089 ἐστιν
2228 2041 2256 2090 6

669 2106 935 2176 μαστίξας
963 2109 1057 2162 καὶ
1102 2109 1310 2180 κύριος,
1349 2113 1444 2164 καὶ
1474 2112 1723 2179 ἐξουσίαν
1767 2115 1905 2185 ἔχων
1942 2120 2050 2170 πᾶν
2078 2120 2255 2175 ὁτιοῦν

666 2191 1003 2260 ἐργάσασθαι
1046 2194 1138 2245 καὶ
1189 2194 1436 2262 ποιῆσαι,
1467 2196 1558 2248 καὶ
1597 2197 1678 2249 δεῖ
1717 2198 1894 2252 πάντα
1937 2201 2128 2270 πράως
2161 2204 2255 2271 φέ-

667 2291 802 2343 ρειν.
839 2270 972 2326 Εἶτα
1001 2275 1209 2328 οἰκέται
1245 2277 1344 2346 μὲν
1371 2277 1656 2347 ἀνέχονται
1697 2280 1991 2346 δεσποτῶν,
2024 2285 2117 2336 καὶ
2148 2270 2253 2339 υἱοὶ

664 2355 938 2426 πατέρων,
971 2356 1230 2421 πολλάκις
1265 2359 1384 2411 οὐδὲ
1417 2360 1644 2424 δεόντως
1675 2361 2009 2426 κολαζόντων
2054 2367 2252 2430 αὐτοὺς

663 2437 906 2491 ἐκείνων·
941 2440 1004 2490 σὺ
1047 2440 1102 2492 δὲ
1131 2443 1228 2492 οὐκ
1267 2440 1433 2513 ἀνέξῃ
1477 2442 1568 2495 τοῦ
1603 2443 1739 2495 Θεοῦ
1777 2446 2120 2512 παιδεύοντός
2169 2467 2246 2514 σε,

659 2521 757 2573 τοῦ
796 2524 889 2575 καί
934 2522 1211 2576 δεσποτῶν
1252 2525 1402 2589 όντος
1443 2528 1806 2599 κυριωτέρου,
1856 2532 1950 2583 καὶ
1997 2532 2249 2603 πατέρων

663 2605 865 2674 μᾶλλόν
908 2623 966 2658 σε
1014 2606 1314 2675 φιλοῦντος,
1365 2610 1459 2661 καὶ
1511 2611 1649 2681 πρὸς
1695 2612 1865 2683 ὀργὴν
1915 2615 2014 2684 μὲν
2074 2617 2244 2680 οὐδὲν,

662 2688 839 2740 πάντα
879 2688 935 2741 δέ
973 2690 1110 2759 πρὸς
1158 2689 1219 2742 τὸ
1263 2691 1541 2763 συμφέρον
1586 2699 2110 2768 πραγματευομένου
2155 2703 2248 2754 καὶ

659 2772 968 2837 ποιοῦντος;
1003 2771 1116 2825 ἀλλ’
1149 2773 1214 2824 ἂν
1247 2775 1418 2845 μικρά
1459 2792 1545 2838 τις
1577 2776 1804 2846 γένηται
1843 2781 2018 2848 νόσος,
2043 2783 2247 2848 εὐθέως

657 2856 946 2926 ἀποπηδᾷς
972 2856 1138 2910 αὑτοῦ
1163 2858 1262 2926 τῆς
1289 2848 1629 2923 δεσποτείας,
1660 2863 1753 2914 καὶ
1774 2864 1866 2916 ἐπὶ
1896 2867 2022 2929 τοὺς
2053 2867 2246 2938 δαίμο-

657 2957 753 3000 νας
788 2940 1022 3012 τρέχεις,
1061 2940 1153 2992 καὶ
1197 2940 1334 3012 πρὸς
1369 2939 1469 3003 τὰς
1520 2944 1840 3013 συναγωγὰς
1891 2949 2242 3019 αὑτομολεῖς;

657 3024 768 3076 Καὶ
798 3024 954 3085 ποίας
986 3022 1150 3094 τεύξῃ
1187 3022 1519 3106 συγγνώμης
1551 3026 1769 3092 λοιπόν;
1807 3030 1924 3093 πῶς
1949 3030 2005 3084 δέ
2040 3031 2242 3106 δυνήσῃ

655 3105 819 3159 αὑτὸν
851 3105 1232 3176 παρακαλέσαι
1261 3105 1423 3160 πάλιν
1450 3123 1463 3170 ;
1514 3109 1730 3164 Μᾶλλον
1766 3111 1824 3164 δὲ
1856 3111 1941 3176 τίς
1971 3114 2156 3186 ἕτερος
2192 3130 2240 3181 ο,

656 3187 757 3242 κᾶν
805 3189 906 3260 τὴν
961 3191 1203 3252 Μωσέως
1249 3193 1347 3260 σχῇ
1396 3193 1738 3263 παρρησίαν,
1777 3195 2066 3266 δυνήσεται
2113 3203 2242 3272 περὶ

653 3271 752 3325 σοῦ
785 3271 1077 3344 δεηθῆναι;
1113 3274 1227 3326 Οὐκ
1257 3273 1404 3326 ἐστιν
1441 3275 1637 3338 οὐδείς.
1681 3268 1750 3328 ’Ἦ
1785 3279 1886 3332 οὐκ
1913 3281 2153 3346 ἀκούεις,
2188 3286 2241 3337 τί

652 3356 782 3427 περὶ
817 3356 1098 3409 Ἰουδαίων
1128 3358 1156 3408 ὁ
1177 3355 1310 3418 Θεός
1333 3374 1466 3426 φησι
1504 3359 1638 3428 πρὸς
1671 3361 1762 3412 τὸν
1803 3362 2109 3434 Ἱερεμίαν;
2141 3368 2238 3436 Μὴ

650 3440 994 3510 προσεύχου
1050 3441 1185 3507 περὶ
1249 3439 1356 3492 τοῦ
1402 3442 1556 3495 λαοῦ
1602 3445 1837 3507 τούτου,
1877 3445 1966 3499 ὅτι
2014 3447 2091 3501 ἂν
2119 3453 2240 3520 στῇ

650 3523 914 3591 Μωῦσῆς
953 3523 1052 3576 καὶ
1078 3522 1383 3591 Σαμουὴλ,
1413 3526 1524 3578 οὐκ
1553 3529 1988 3600 εὶσακούσομαι
2016 3536 2234 3592 αὐτῶν.

650 3607 838 3670 Οὕτως
870 3609 1018 3660 ἐστὶν
1054 3607 1429 3678 ἁμαρτήματά
1465 3625 1587 3662 τινα
1627 3616 1806 3667 πᾶσαν
1839 3617 2236 3690 ὑπερϐαίνοντα

650 3689 1003 3762 συγγνώμην.
1049 3693 1143 3744 καὶ
1179 3696 1238 3747 οὐ
1271 3695 1548 3766 δυνάμενα
1576 3699 1874 3767 ἀπολογίας
1909 3705 2110 3772 τυχεῖν.
2145 3707 2235 3778 Μὴ

646 3774 828 3828 τοίνυν
858 3775 1130 3846 τοσαύτην
1165 3778 1617 3849 ἐπισπασώμεθα,
1643 3783 1762 3835 καθ’
1800 3785 2010 3838 ἑαυτῶν
2042 3774 2232 3858 όργήνξ

644 3857 765 3912 Κᾶν
803 3856 915 3928 γὰρ
957 3857 1154 3923 δόξωσι
1207 3862 1648 3932 παραμυθεῖσθαι
1693 3866 1784 3917 τὸν
1839 3856 2084 3939 πυρετὸν
2114 3856 2235 3936 ταῖς

644 3940 903 4009 ἐπῳδαῖς,
930 3941 991 3994 οὑ
1027 3941 1136 4014 γὰρ
1157 3944 1222 4014 δὴ
1255 3945 1724 4016 παραμυθοῦνται.
1753 3949 1892 4002 ἀλλά
1922 3953 2241 4022 χαλεπώτεο

644 4040 737 4093 ρον
779 4023 968 4094 ἕτερον
1003 4027 1082 4088 είς
1119 4027 1182 4079 τὸ
1217 4028 1454 4091 συνειδὸς
1495 4028 1688 4096 ἄγουσι
1723 4034 1977 4102 πυρετὸν,
2008 4036 2104 4089 τοῦ
2145 4038 2232 4091 λο·

640 4106 844 4177 γισμοῦ
878 4125 937 4160 σε
967 4109 1087 4162 καθ’
1122 4109 1370 4190 ἑκάστην.
1391 4111 1710 4190 κεντοῦντος
1743 4115 1840 4185 τὴν
1877 4118 2111 4190 ἡμέραν,
2138 4121 2229 4174 τοῦ

643 4190 942 4253 συνειδότος
974 4193 1325 4261 μαστίζοντος
1353 4197 1447 4247 καὶ
1465 4195 1736 4262 λέγοντος·
1756 4199 2081 4273 Ἡσέϐησας,
2108 4206 2233 4274 ὴνό-

642 4290 846 4357 μησας,
882 4275 1128 4346 παρέϐης
1148 4275 1247 4339 τάς
1277 4277 1554 4348 συνθήκας
1576 4280 1676 4342 τας
1699 4284 1835 4352 πρὸς
1856 4285 1946 4338 τὸν
1973 4287 2228 4357 Χριστὸν,

636 4355 726 4409 διὰ
755 4357 958 4428 μικρὰν
989 4359 1298 4430 ἀρρωστίαν
1329 4361 1428 4431 τὴν
1454 4362 1740 4416 εὐσέϐειαν
1763 4355 2099 4434 προέδωκας.
2139 4372 2229 4443 Μὴ

637 4441 746 4514 γὰρ
769 4442 834 4494 σὺ
867 4441 1028 4510 μόνος
1056 4441 1208 4515 [684]
1237 4444 1412 4497 ταῦτα
1443 4445 1750 4509 πέπονθας;
1783 4449 1904 4519 οὐχ).
1933 4452 2110 4522 πολλῷ
2135 4441 2227 4507 σου

639 4519 997 4595 χαλεπώτερα
1039 4526 1374 4579 πεπόνθασιν
1417 4528 1630 4600 ἐτεροι;
1678 4530 1818 4583 Ἀλλ’
1865 4535 2014 4603 ὅμως
2054 4519 2230 4602 οῦδεὶς

636 4605 860 4659 ἐκείνων
896 4606 1138 4661 τοιοῦτον
1171 4609 1321 4662 οὐδὲν
1353 4611 1644 4682 ἐτόλμησε’
1677 4615 1741 4666 σὺ
1768 4614 1824 4667 δὲ
1857 4617 1884 4669 ὁ
1906 4617 2104 4686 χαῦνος
2135 4622 2229 4672 καὶ

633 4688 1020 4759 διαλελυμένος
1046 4690 1144 4762 τὴν
1176 4691 1357 4764 ψυχήν
1395 4711 1487 4746 σου
1528 4695 1850 4760 κατέθυσας.
1880 4699 2006 4763 Πῶς
2028 4702 2225 4754 ἀπολο-

635 4772 783 4844 γήσῃ
814 4771 892 4843 τῷ
929 4774 1186 4846 Χριστῷ;
1223 4775 1341 4841 πῶς
1384 4777 1548 4831 αὑτὸν
1593 4780 1847 4843 καλέσεις
1890 4784 1947 4836 ἐν
1982 4787 2104 4848 ταῖς
2138 4787 2226 4839 εύ-

636 4856 758 4924 χαῖς
780 4871 794 4919 ;
819 4856 958 4940 ποίῳ
984 4857 1260 4940 συνειδότι
1282 4860 1465 4914 λοιπὸν
1500 4862 1735 4934 ἐπιϐήσῃ
1775 4865 1875 4934 τῆς
1897 4866 2221 4940 ἐκκλησίας;

635 4937 812 5001 ποίοις
843 4936 1138 5024 ὀφθαλμοῖς
1163 4940 1348 4996 λοιπὸν
1393 4943 1511 5014 ὄψει
1551 4944 1642 4998 τὸν
1691 4946 1877 5016 ἱερέα;
1923 4936 2064 5023 ποίαν
2080 4957 2225 5024 χειρὶ

631 5020 732 5090 τῆς
761 5022 913 5092 ἱερᾶς
946 5022 1060 5096 ἅψῃ
1093 5025 1410 5097 τραπέζηςς
1442 5027 1624 5091 ποίαις
1654 5030 1849 5094 ἀκοαῖς
1875 5020 2223 5107 ἀκούσῃ-τῶν

633 5104 1159 5176 ἀναγινωσκομένων
1198 5109 1316 5162 ἐκεῖ
1344 5111 1384 5161 Γ
1391 5110 1576 5180 ραφῶν
1600 5129 1615 5177 ;

702 5187 919 5276 Ταῦτα,
954 5189 1079 5276 καθξ
1105 5191 1341 5264 ἑκάστην
1374 5195 1605 5265 ἡμέραν,
1645 5201 1850 5253 κεντῶν
1876 5203 1903 5253 ό
1940 5200 2217 5276 λογισμὸς,

637 5277 728 5329 καὶ
773 5271 834 5324 τὸ
888 5274 1127 5339 συνειδὸς
1177 5277 1455 5345 μαστίζων
1504 5280 1638 5348 ἐρεῖ.
1698 5283 1833 5337 Ποία
1875 5279 1968 5338 οῦν
2016 5271 2044 5326 Β
2078 5271 2216 5361 αὕτη

629 5355 830 5439 ὑγίεια,
863 5355 990 5409 ὅταν
1008 5355 1155 5411 ἐνδον
1182 5359 1455 5425 τοιούτους
1484 5363 1698 5434 ἔχωμεν
1725 5369 2095 5439 κατηγόρους;
2123 5355 2219 5426 Ἂν

629 5435 815 5509 μέντοι
845 5445 1192 5514 καρτερήσῃς
1238 5443 1455 5516 μικρὸν,
1487 5449 1582 5500 καὶ
1619 5450 1746 5512 τοὺς
1782 5435 2136 5534 βουλομένους
2182 5459 2213 5528 ή

689 5548 717 5624 ἦ
729 5547 823 5624 ῥὶς
846 5557 1057 5624 (malum
1075 5566 1192 5604 mss.
1217 5553 1386 5605 Montl‘.
1403 5575 1448 5619 μ.
1476 5558 1518 5606 δ.
1541 5558 1691 5615 οὐδεὶς
1712 5560 2029 5624 ἔτερος,‹ιιιοό
2054 5567 2215 5618 minus

624 5609 846 5671 quadrat.
862 5609 1020 5662 Enlr.’

629 5670 958 5782 τὸίρυῗῑυοξ
1000 5689 1116 5728 mss.
1145 5680 1397 5742 μαστίζων.
1424 5681 1570 5732 Ποῖον
1594 5683 1681 5747 οὐχ
1720 5686 2050 5750 ὑπερϐαλεῖται
2071 5705 2214 5757 πυρε-

719 5767 728 5782 .
755 5749 820 5782 πο
839 5751 870 5782 α
894 5752 992 5782 ουν.

717 5749 728 5790 ᾗ
755 5749 870 5784 ποια
894 5749 992 5789 οῡν.

1409 339 1467 396 S.
1507 341 1791 398 JOANNIS
1829 344 2340 402 CHRYSOSTOMI-
2365 350 2682 412 ARCHIEP.
2723 358 3273 418 CONSTANTINOP.

3863 357 3970 409 ατς

3866 391 3909 409 ν.
3921 389 3952 407 ιι

3866 389 3909 409 υ·
3921 389 3952 407 ιι

2381 467 2582 538 ἐπᾷσαί
2608 489 2728 526 τινα
2761 475 2992 548 ἐπῳδὴν,
3023 476 3056 547 ἢ
3083 475 3345 546 περιάψαι
3367 491 3416 526 τι
3447 474 3527 544 τῷ
3559 472 3779 542 σώματι
3807 475 3972 541 περε-

2375 566 2546 606 απτον
2597 555 2893 629 ἀτιμάσῃς,
2938 562 3033 613 καὶ
3095 559 3232 629 μετὰ
3289 557 3488 623 πολλῆς
3535 555 3823 628 ἐξαγάγῃς
3864 555 3964 624 τῆς

2377 631 2588 704 ὓδρεως
2612 639 2676 691 ἐκ
2701 641 2800 710 τῆς
2825 641 3021 706 οἰκίας,
3054 641 3256 705 εὐθέως
3286 640 3476 703 ἔλαϐες
3502 639 3694 709 δρόσον
3731 637 3843 690 ἀπὸ
3869 637 3966 689 τοῦ

2375 717 2692 785 συνειδότος.
2729 723 2851 776 Κᾶν
2893 724 3152 796 μυριάκις
3194 727 3223 778 6
3264 723 3493 794 πυρετὸς
3534 720 3880 790 καταφλέγῃς
3925 721 3962 790 ἦ

2371 797 2516 870 ψυχή
2555 818 2647 855 σου
2691 805 2872 878 πάσης
2912 808 3103 879 δρόσου
3133 808 3229 861 καὶ
3255 808 3436 878 πάσης
3462 805 3668 868 νοτίδος
3700 821 3962 874 παραμυ-

2373 880 2494 935 θίαν
2528 887 2738 956 είσάγει
2763 907 2845 942 σοι
2881 889 3072 960 βελτίω
3111 892 3205 944 καὶ
3236 888 3708 959 λυσιτελεστέραν.
3744 887 3962 956 Ὥσπερ

2371 964 2480 1036 γὰρ
2507 969 2644 1038 μετά
2669 972 2730 1024 τὸ
2758 973 3012 1037 δέξασθαι
3037 975 3136 1045 τὴν
3163 973 3396 1043 ἐπῳδὴν,
3420 972 3522 1026 κᾶν
3544 971 3820 1040 ὑγιαίνῃς.
3849 969 3961 1022 τῶν

2371 1053 2742 1118 πυρεττόντων
2788 1057 3118 1127 ἀθλιώτερον
3175 1057 3465 1119 διάκεισαι,
3515 1056 3617 1124 τὴν
3678 1052 3962 1122 ἁμαρτίαν

2369 1129 2734 1204 λογιζόμενος
2769 1137 2910 1193 οὕτω
2939 1141 3033 1194 καὶ
3056 1140 3169 1206 νῦν,
3202 1140 3302 1194 κᾶν
3325 1138 3621 1210 πυρέττῃς,
3651 1134 3756 1189 κᾶν
3785 1132 3960 1204 μυρία.

2369 1214 2588 1288 πάσχῃς
2609 1219 2776 1286 δεινὰ,
2801 1223 3263 1293 διακρουσάμενος
3282 1224 3409 1284 τοὺς
3434 1220 3664 1291 μιαροὺς
3685 1218 3956 1280 ἐκείνους,

2369 1300 2703 1368 ὑγιαίνοντος
2741 1306 2940 1370 παντὸς
2969 1307 3190 1378 ἄμεινον
3232 1307 3504 1378 διακείσῃ,
3542 1303 3640 1357 τοῦ
3683 1303 3955 1372 λογισμοῦ

2366 1387 2767 1455 γαυρουμένου,
2798 1389 2898 1459 τῆς
2917 1389 3098 1460 ψυχῆς
3133 1389 3432 1460 χαιρούσης
3458 1387 3552 1440 καὶ
3578 1385 3956 1456 εὐφραινομέ-

2366 1484 2484 1536 νης,
2519 1467 2614 1520 τοῦ
2649 1472 2950 1537 συνειδότος
2983 1473 3330 1535 ἐπαινοῦντός
3372 1488 3453 1536 σε,
3490 1469 3586 1522 καὶ
3612 1465 3955 1537 ἀποδεχομέ-

2362 1568 2476 1625 νου,
2509 1552 2602 1604 καὶ
2625 1551 2893 1620 λέγοντοςι
2927 1552 3088 1625 Εὖγε,
3111 1553 3261 1624 εὖγε,
3281 1550 3326 1609 ὦ
3351 1554 3626 1623 ἄνθρωπε,
3657 1552 3688 1604 6
3711 1548 3951 1620 Χριστοῦ

2361 1633 2562 1696 δοῦλος,
2598 1635 2627 1685 6
2663 1638 2853 1700 πιστὸς
2895 1640 3054 1710 ἀνὴρ,
3097 1644 3125 1694 ὁ
3165 1639 3404 1709 ἀθλητὴς
3435 1637 3536 1706 τῆς
3581 1633 3885 1694 εὐσεϐείας,
3922 1633 3953 1684 6

2359 1717 2471 1779 τοῖς
2497 1717 2691 1783 δεινοῖς
2724 1721 3047 1792 αἱρούμενος
3084 1723 3437 1775 ἐναποθανεῖν
3472 1718 3698 1792 μᾶλλον,
3743 1715 3779 1786 ἢ
3811 1730 3949 1785 προ-

2359 1797 2542 1851 δοῦναι
2574 1801 2672 1872 τὴν
2706 1804 3133 1873 ἐγχειρισθεῖσαν
3160 1804 3460 1866 εὐσέϐειαν,
3496 1801 3635 1871 μετά
3661 1798 3774 1850 τῶν
3805 1813 3948 1866 μαρ-

2359 1879 2536 1950 τύρων
2562 1884 2736 1956 στήσῃ
2757 1887 2878 1938 κατ’
2908 1888 3122 1957 ἐκείνην
3153 1885 3248 1957 τὴν
3283 1886 3516 1957 ἡμέραν.
3542 1881 3816 1951 Καθάπερ
3834 1878 3948 1950 γὰρ

2359 1964 2555 2017 ἐκεῖνοι
2616 1967 2968 2035 μαστίζεσθαι
3023 1971 3117 2024 καὶ
3167 1967 3550 2039 βασανίζεσθαι
3589 1964 3818 2022 εἴλοντο,
3854 1963 3950 2017 ἵνα

2356 2047 2682 2118 τιμηθῶσιν·
2717 2050 2860 2104 οὕτω
2898 2055 2991 2107 καὶ
3028 2054 3091 2105 σὺ
3135 2059 3374 2122 σήμερον
3409 2051 3552 2102 εῖλου
3586 2045 3946 2116 μαστίζεσθαι

2357 2131 2453 2182 καὶ
2486 2130 2874 2198 βασανίζεσθαι
2915 2137 3068 2206 παρά
3095 2136 3189 2188 τοῦ
3224 2132 3458 2205 πυρετοῦ
3505 2132 3602 2186 καὶ
3637 2127 3750 2181 τῶν
3777 2146 3947 2198 τραυ-

2360 2214 2565 2280 μάτων,
2596 2215 2736 2268 ὥστε
2773 2218 2846 2287 μὴ
2893 2219 3212 2288 προσίεσθαι
3267 2217 3484 2279 ἀσεϐεῖς
3541 2216 3758 2287 ἐπῳδὰς
3809 2212 3944 2282 μηδὲ

2356 2298 2655 2368 περίαπτα,
2690 2301 2782 2352 καὶ
2811 2303 2930 2361 ταῖς
2963 2302 3145 2354 ἐλπίσι
3180 2300 3406 2364 ταύταις
3434 2301 3792 2372 τρεφόμενος,
3822 2294 3947 2372 οὗᾷὶ

2353 2379 2588 2453 αἰσθήσῃ
2621 2383 2730 2434 τῶν
2761 2383 3155 2454 ἀντικειμένων
3185 2384 3371 2436 δεινῶν
3394 2395 3441 2436 ο.
3469 2370 3588 2436 Κᾶν
3618 2383 3728 2452 γὰρ
3754 2382 3830 2450 μὴ
3849 2370 3946 2431 οὗ-

2349 2462 2440 2523 τός
2475 2479 2531 2514 σε
2568 2465 2849 2536 ἀπενέγκῃ
2883 2468 2910 2518 6
2942 2467 3197 2537 πυρετὸς,
3226 2467 3412 2536 ἐτερος
3449 2467 3665 2520 ἀποίσει
3699 2465 3945 2526 πάντως,

2352 2543 2452 2600 κᾶν
2491 2545 2564 2616 μὴ
2594 2546 2687 2599 νῦν
2713 2549 3094 2618 ἀποθάνωμεν,
3121 2549 3260 2618 μετὰ
3289 2548 3462 2601 ταῦτα
3492 2545 3940 2615 ἀποθανούμεθα.

2348 2627 2592 2697 Φθαρτὸν
2640 2631 2908 2701 ἐλάχομεν
2955 2632 3015 2684 τὸ
3070 2632 3248 2702 σῶμα,
3287 2635 3386 2703 οὐχ
3436 2633 3526 2685 ἵνα
3564 2630 3653 2683 διὰ
3690 2629 3760 2708 τὰ
3791 2627 3945 2699 πάθη

2346 2711 2508 2764 αὐτοῦ
2564 2714 2664 2782 τὴν
2724 2715 2977 2767 ἀσέϐειαν
3024 2716 3478 2786 ἐπισπασώμεθα,
3515 2713 3654 2768 ἀλλᾶ
3697 2713 3786 2765 ἵνα
3828 2715 3944 2776 τοῖς

2347 2795 2574 2849 πάθεσιν
2610 2797 2774 2849 αὑτοῦ
2814 2799 2950 2868 πρὸς
2977 2798 3258 2850 εὐσέϐειαν
3285 2797 3752 2870 ἀποχρησώμεθα.
3790 2795 3942 2866 Αὕτη

2345 2879 2455 2948 γάρ
2480 2881 2512 2950 ἡ
2553 2878 2747 2950 φθορὰ,
2779 2882 2872 2933 καὶ
2906 2883 3038 2933 αὐτὸ
3061 2882 3122 2933 τὸ
3147 2881 3338 2951 θνητὸν
3372 2879 3511 2935 εἶναι
3539 2882 3600 2933 τὸ
3635 2882 3818 2950 σῶμα.
3846 2878 3943 2931 ἐὰν

2345 2963 2623 3032 νήφωμεν,
2674 2963 2931 3026 ὑπόθεσις
2980 2964 3386 3035 εύδοκιμήσεως
3431 2966 3563 3034 ἡμῖν
3619 2965 3939 3030 γενήσεται,

2345 3045 2440 3095 καὶ
2475 3045 2675 3116 πολλὴν
2713 3046 2846 3115 ἡμῖν
2877 3049 2994 3098 κατ’
3025 3047 3240 3116 ἐκείνην
3266 3047 3364 3116 τὴν
3393 3048 3610 3116 ἡμέραν
3639 3045 3805 3097 δώσει
3840 3043 3940 3113 τὴν

2345 3129 2679 3200 παρρησίαν,
2708 3129 2769 3180 οὺ
2802 3132 2922 3181 κατ’
2957 3130 3171 3199 ἐκείνην
3196 3130 3254 3182 δέ
3291 3131 3470 3198 μόνον,
3501 3129 3642 3181 ἀλλὰ
3669 3129 3766 3181 καὶ
3792 3126 3942 3179 κατὰ

2342 3211 2440 3280 τὴν
2480 3211 2762 3281 παροῦσαν
2795 3211 2962 3281 ζωήν.
3009 3215 3178 3266 Ὅταν
3231 3214 3340 3285 γάρ
3384 3212 3627 3281 ἐκϐάλῃς
3668 3213 3796 3272 τοὺς
3836 3212 3938 3262 ἐπ-

2341 3294 2510 3364 ῳδοὺς
2547 3294 2686 3364 μετὰ
2724 3295 2925 3366 πολλῆς
2955 3299 3056 3368 τῆς
3087 3296 3299 3366 ὕϐρεως
3330 3297 3394 3348 ἐκ
3428 3297 3527 3365 τῆς
3563 3294 3764 3356 οἰκίας,
3793 3294 3937 3347 πάν-

2341 3393 2430 3440 τες
2465 3378 2800 3441 ἀκούσαντες
2851 3379 3228 3432 ἐπαινέσονται
3274 3379 3366 3432 καὶ
3399 3378 3797 3448 θαυμάσονται,
3840 3377 3939 3429 καὶ

2343 3459 2477 3527 πρὸς
2521 3459 2782 3529 ἀλλήλους
2818 3460 3053 3531 ἐροῦσιν’
3095 3461 3152 3514 'U
3173 3461 3318 3514 δεῖνα
3359 3450 3660 3532 ἀρρωστῶν
3696 3461 3791 3512 καὶ
3830 3459 3937 3512 κά-

2343 3559 2510 3611 μνων,
2546 3543 2717 3613 μυρία
2762 3543 3222 3613 παρακαλούντων
3266 3544 3426 3598 τινῶν
3461 3545 3554 3596 καὶ
3597 3541 3936 3613 παραινούν-

2337 3642 2444 3677 των
2477 3627 2572 3678 καί⁸
2612 3627 3088 3695 συμϐουλευόντων
3124 3628 3360 3695 ἐπῳδαῖς
3403 3626 3716 3697 χρήσασθαι
3765 3643 3936 3696 μαγι-

2339 3710 2462 3770 καῖς
2485 3726 2649 3770 τισιν,
2671 3711 2732 3762 οὐ
2766 3712 3105 3780 προσήκατο,
3146 3710 3260 3762 ἀλλ’
3295 3705 3437 3762 εἷπε·
3472 3709 3692 3761 Βέλτιον
3721 3709 3935 3761 ἀποϐαι-

2335 3796 2448 3844 νεῖν
2468 3793 2662 3855 οὕτως,
2695 3793 2727 3863 ἤ
2755 3793 3045 3864 προδοῦναι
3081 3795 3178 3865 τὴν
3209 3793 3511 3847 εὐσέϐειαν.
3553 3794 3680 3845 Ἐπὶ
3713 3792 3931 3855 τούτοις

2335 3874 2555 3944 ἕψονται
2589 3875 2774 3946 κρότοι
2804 3875 2989 3930 πολλοὶ
3013 3879 3164 3946 παρά
3199 3877 3306 3930 τῶν
3334 3877 3665 3939 ἀκουόντων,
3706 3876 3930 3928 πάντων

2334 3959 2806 4029 ἐκπληττομένων,
2821 3959 2912 4014 τὸν
2929 3960 3061 4013 Θεὸν
3082 3959 3436 4025 δοξαζόντων.
3457 3960 3647 4012 Πόσων
3661 3953 3756 4010 οὖν
3772 3959 3928 4010 ἔσται

2337 4058 2417 4093 σοι
2447 4041 2604 4094 τοῦτο
2631 4042 2963 4113 ἀνδριάντων
3005 4043 3330 4114 τιμιώτερον
3361 4043 3412 4106 ἀ,
3457 4042 3642 4095 πόσων
3695 4042 3928 4094 εἰκόνων

2276 4123 2278 4128 ³
2333 4125 2736 4196 λαμπρότερον,
2765 4128 2940 4197 πόσης
2967 4128 3132 4198 τιμῆς
3166 4128 3604 4197 ἐπισημότερον;
3643 4125 3928 4186 Ἅπαντες

2335 4208 2712 4261 ἐπαινέσονται
2743 4209 2893 4282 [685]
2929 4213 3024 4264 καὶ
3061 4210 3392 4282 μακαριοῦσι
3418 4211 3512 4262 καὶ
3535 4206 3926 4277 στεφανώσον-

2335 4309 2407 4353 σι,
2439 4295 2532 4345 καὶ
2566 4293 2718 4346 αὐτοὶ
2747 4293 2989 4363 βελτίους
3013 4295 3244 4357 ἔσονται,
3282 4295 3377 4348 καὶ
3411 4293 3718 4362 ζηλώσουσι
3759 4292 3926 4346 πάλιν

2333 4379 2426 4429 καὶ
2459 4377 2788 4447 μιμήσονταί
2827 4393 2922 4430 σου
2961 4379 3062 4448 τὴν
3091 4379 3365 4450 ἀνδρείαν,
3396 4377 3502 4431 κᾶν
3528 4379 3718 4448 ἕτερος
3755 4377 3927 4446 ἐργάο

2332 4463 2494 4531 σηταί
2526 4479 2577 4513 τι
2615 4461 2877 4526 τοιοῦτον,
2921 4465 2984 4516 σὺ
3015 4464 3104 4515 τὸν
3142 4462 3331 4529 μισθὸν
3358 4462 3522 4527 ἕξεις,
3558 4463 3586 4513 6
3610 4461 3711 4531 τὴν
3741 4462 3924 4532 ἀρχὴν

2332 4545 2631 4616 παρασχὼν
2672 4545 2750 4616 τῷ
2785 4545 2953 4618 ζήλῳ.
2998 4547 3114 4600 Οὐκ
3157 4546 3370 4598 ἔπαινοι
3405 4544 3460 4597 δέ
3496 4544 3658 4614 μόνον
3699 4543 3921 4598 ἔσονταί

2332 4645 2424 4681 σου
2471 4629 2581 4680 τῶν
2631 4630 3075 4700 κατορθωμάτων
3102 4640 3148 4695 ο,
3193 4629 3329 4682 ἀλλά
3359 4630 3452 4682 καὶ
3492 4627 3646 4690 λύσις
3680 4627 3919 4699 ταχίστη

2329 4714 2426 4784 τῆς
2459 4714 2636 4778 νόσου,
2667 4715 2837 4784 αὐτῆς
2861 4725 2922 4766 τε
2960 4716 3060 4785 τῆς
3097 4714 3352 4782 γενναίας
3399 4729 3495 4764 σου
3540 4713 3920 4782 προαιρέσεως

2328 4796 2722 4867 ἐπισπωμένης
2748 4796 2840 4851 τὸν
2873 4797 3006 4850 Θεὸν
3039 4799 3121 4860 είς
3157 4795 3380 4849 πλείονα
3413 4793 3655 4858 εὔνοιαν,
3685 4793 3922 4848 καὶτῶν

2327 4878 2497 4946 ἁγίων
2525 4879 2747 4932 πάντων
2775 4879 3151 4950 συνηδομένων
3181 4896 3275 4932 σου
3302 4880 3369 4950 τῇ
3397 4878 3701 4950 προθυμίᾳ,
3725 4879 3820 4932 καὶ
3850 4879 3920 4934 ἐκ

2325 4963 2420 5016 τοῦ
2457 4963 2654 5032 βάθους
2705 4964 2805 5035 τῆς
2839 4965 3066 5034 καρδίας
3101 4964 3201 5028 τὰς
3241 4964 3382 5035 ὑπὲρ
3421 4964 3516 5016 σοῦ
3566 4964 3918 5034 ποιουμένων

2325 5047 2510 5118 εὐχάς.
2536 5049 2598 5102 Εἰ
2626 5048 2683 5101 δὲ
2710 5048 2947 5104 ἐνταῦθα
2975 5050 3198 5104 τοιαῦτα
3222 5050 3291 5103 τά
3311 5050 3523 5130 ἔπαθλα
3543 5051 3645 5120 τῆς
3659 5051 3917 5122 ἀνδρείας

2322 5134 2546 5205 ταύτης,
2588 5135 2841 5207 ἐννόησον
2899 5136 3165 5208 πηλίκους
3225 5137 3345 5189 ἐκεῖ
3389 5137 3535 5210 λήψῃ
3584 5138 3913 5205 στεφάνους,

2321 5219 2450 5270 ὅταν
2469 5218 2578 5271 τῶν
2602 5218 2849 5288 ἀγγέλων
2881 5220 3187 5290 παρόντων,
3214 5219 3324 5272 τῶν
3349 5219 3710 5290 ἀρχαγγέλων
3744 5222 3914 5274 ἁπάν-

2322 5317 2451 5364 των,
2490 5300 2610 5354 τότε
2649 5301 2936 5372 παρελθὼν
2965 5305 2994 5356 6
3022 5303 3278 5374 Χριστὸς,
3320 5304 3415 5356 καὶ
3453 5303 3554 5371 τῆς
3589 5305 3776 5374 χειρός
3817 5323 3911 5358 σου

2321 5382 2620 5453 λαϐόμενος
2660 5387 2740 5448 εἰς
2777 5385 2941 5456 μέσον
2983 5385 3300 5460 περιαγάγῃ
3336 5386 3397 5438 τὸ
3436 5385 3666 5456 θέατρον
3707 5390 3910 5450 ἐκεῖνο,

2321 5469 2414 5521 καὶ
2437 5467 2653 5522 πάντων
2682 5470 2988 5524 ἀκουόντων
3007 5470 3160 5542 λέγῃο
3183 5466 3352 5535 Οὗτος
3379 5474 3407 5525 6
3433 5470 3722 5542 ἄνθρωπος
3743 5490 3820 5526 πυ
3829 5491 3916 5546 ρει

2382 5631 2406 5694 ξ
2431 5627 2555 5694 Tres
2574 5642 2692 5678 mss.
2715 5635 2768 5679 et
2790 5630 2941 5681 Savil.
2967 5633 3062 5679 τῶν
3080 5631 3386 5694 ἐπαγομένων
3408 5634 3652 5694 ἀλγεινῶν.

2382 5689 2409 5728 τι
2434 5689 2558 5758 Οριο
2577 5704 2692 5740 mss.
2721 5693 2911 5758 elSavL
2926 5689 3526 5758 ἀνδριάντων-σεμνότερον.

2388 5759 2411 5788 ε’
2427 5755 2644 5814 Quatuor
2665 5767 2778 5805 mss.
2805 5760 2856 5808 el
2883 5755 2996 5807 Sav.
3016 5754 3224 5819 ’ἕψονταί
3244 5771 3333 5806 σου
3363 5754 3804 5823 τῷκατορῡὼματι.
