4142 6332
123 418 241 471 937

126 529 418 585 famulum.
461 526 580 584 Non
617 526 687 584 ob
719 528 774 583 id
807 534 1009 583 tantum
1036 569 1054 587 .
1085 545 1270 586 verum
1298 533 1457 587 etiam
1485 532 1553 586 ob
1583 531 1713 597 hoc,

126 621 305 691 quod,
349 619 741 692 sifugiendum
786 632 923 689 erat,
971 636 1076 675 non
1120 622 1187 676 ad
1212 622 1410 695 hostes
1447 631 1503 676 et
1537 637 1722 676 osores

127 711 341 766 domini
368 712 558 781 prioris
582 713 861 782 oportebat
885 711 1088 783 fugere,
1120 713 1213 768 sed
1239 713 1305 767 ad
1325 714 1525 767 amicos
1552 724 1607 768 et
1632 728 1722 767 co—

124 810 349 871 gnatos.
928 848 931 851 ι
1268 854 1283 864 .

210 892 523 947 Sanctorum
576 892 866 963 Martyrum
912 892 1161 946 invecatio
1213 901 1263 946 et
1308 891 1620 946 intercessio.
1651 920 1725 931 --

132 982 374 1037 Proinde
418 992 473 1037 tu
515 998 727 1052 quoque
749 1024 765 1049 ,
809 983 855 1037 si
893 983 1091 1037 videris
1121 990 1171 1037 te
1200 982 1372 1052 puniri
1403 996 1433 1035 a
1464 982 1575 1036 Deo
1596 1022 1611 1045 ,
1657 996 1724 1035 ne

132 1072 411 1142 profugias
436 1072 504 1127 ad
545 1072 660 1143 ejus
686 1071 931 1128 inimicos
969 1072 1217 1137 Judazos,
1264 1086 1332 1126 ne
1368 1072 1535 1141 magis
1562 1071 1723 1124 etiam

132 1163 291 1217 illum
320 1162 374 1217 in
402 1171 454 1217 te
477 1176 732 1232 provoces
756 1181 769 1215 :
792 1162 887 1216 sed
934 1162 1000 1216 ad
1044 1163 1248 1216 amicos
1275 1161 1434 1227 illius,
1464 1170 1725 1231 martyres

131 1270 203 1308 ac
232 1264 483 1320 sanctos,
514 1255 604 1323 qui
634 1254 707 1308 illi
747 1254 1314 1324 placuerunt,.quique
1342 1254 1560 1307 multam
1586 1251 1726 1321 apud

136 1346 290 1399 illum
319 1346 515 1400 habent
539 1346 926 1401 auctoritatem.
946 1346 1051 1401 Sed
1074 1347 1202 1416 quid
1225 1348 1412 1415 loquor
1425 1345 1491 1400 de
1514 1344 1727 1398 famulis

134 1443 195 1489 Ct
231 1434 413 1489 heris?
443 1436 611 1491 Filius
649 1452 756 1491 non
780 1438 977 1507 poterit
1005 1436 1106 1491 hoc
1134 1436 1340 1499 facere,
1380 1436 1668 1503 castigatus
1695 1449 1727 1487 a

139 1533 317 1593 patre,
351 1540 453 1580 nec
488 1527 751 1595 abnegare
781 1530 1151 1596 cognationem
1177 1566 1191 1588 ,
1222 1541 1381 1595 quam
1415 1508 1574 1578 habet
1606 1538 1729 1578 cum

142 1624 318 1680 patre.
362 1615 492 1669 Nam
520 1623 573 1669 et
596 1624 799 1670 natura:
829 1616 1005 1686 leges,
1053 1625 1108 1669 et
1147 1617 1290 1685 leges
1318 1614 1386 1668 ab
1424 1612 1731 1668 hominibus

140 1703 417 1766 institutae,
446 1705 652 1759 etiamsi
682 1705 863 1775 flagris
892 1706 1060 1760 cmdat
1089 1715 1258 1774 pater,
1287 1704 1333 1759 si
1358 1720 1386 1757 a
1420 1719 1603 1759 mensa
1630 1703 1728 1757 de-

143 1793 333 1862 pellat,
361 1794 407 1847 si
428 1795 632 1849 aedibus
660 1796 855 1865 exigat,
896 1797 940 1850 si
970 1811 1303 1866 quocumque
1328 1796 1488 1849 modo
1517 1798 1729 1864 puniat,

134 1883 332 1951 jubent
360 1886 537 1939 omnia
577 1885 786 1941 fortiter
815 1889 1056 1956 perpeti,
1103 1902 1203 1941 nec
1227 1889 1386 1942 ullam
1413 1887 1489 1941 illi
1521 1887 1729 1941 veniam

141 1974 479 2042 concedunt,
518 1975 573 2029 ni
601 1978 833 2044 paruerit
864 1977 1267 2047 pertuleritque.
1313 1978 1452 2043 Quin
1494 1980 1656 2032 etiam
1686 1977 1731 2031 si

144 2065 290 2121 filius
314 2081 484 2122 cazsus
510 2069 816 2124 innumeras
845 2070 1207 2139 querimonias
1234 2071 1523 2141 deplorans
1554 2070 1733 2141 profe-

141 2164 250 2222 rat,
280 2155 396 2210 haec
425 2158 585 2211 verba
610 2158 761 2212 audit
785 2158 853 2214 ab
873 2160 1162 2218 omnibus:
1188 2161 1439 2232 pater'est
1460 2164 1553 2233 qui
1588 2162 1733 2217 ceci-

142 2246 225 2301 dit
247 2261 311 2301 ac
336 2247 601 2315 dominus,
648 2249 914 2320 habetque
950 2264 1269 2321 petestatem
1299 2254 1349 2307 in
1382 2263 1434 2308 te
1459 2253 1599 2324 quod
1626 2253 1737 2307 vult

142 2335 397 2404 faciendi,
427 2347 481 2392 et
507 2348 721 2409 oportet
747 2341 926 2395 omnia
955 2345 1163 2413 placide
1191 2346 1351 2415 ferre.
1382 2344 1524 2416 Ergo
1551 2343 1735 2398 famuli

142 2429 359 2499 quidem
399 2430 574 2485 ferunt
614 2432 897 2498 dominos,
949 2435 1047 2490 filii
1102 2446 1383 2507 parentes,
1433 2437 1738 2506 frequenter

142 2530 200 2576 et
244 2532 441 2591 praeter
475 2539 684 2593 aequum
730 2525 1050 2595 punientes;
1103 2538 1156 2583 tu
1188 2543 1315 2583 vero
1351 2543 1457 2582 non
1506 2527 1737 2581 sustines

143 2612 315 2667 Deum
361 2622 413 2668 te
440 2615 856 2684 corripientem,
906 2621 998 2690 qui
1043 2621 1163 2690 plus
1208 2620 1370 2675 habet
1410 2622 1460 2673 in
1489 2627 1544 2675 te
1564 2619 1734 2689 juris,

143 2711 331 2772 utpote
356 2718 479 2765 vere
506 2704 784 2771 dominus;
831 2713 921 2776 qui
956 2711 1075 2780 plus
1103 2722 1153 2766 te
1183 2712 1356 2780 diligit
1378 2726 1537 2781 quam
1565 2717 1735 2779 pater,

143 2793 345 2863 quique
374 2794 503 2849 nihil
533 2811 627 2863 per
650 2796 1004 2869 iracundiam,
1034 2803 1127 2857 sed
1154 2804 1331 2858 omnia
1361 2802 1485 2859 facit
1510 2803 1564 2856 in
1592 2812 1737 2856 tuam

145 2884 467 2940 utilitatem?
490 2886 597 2940 Sed
622 2887 665 2941 si
688 2888 820 2942 levis
845 2893 1038 2963 aliquis
1058 2894 1278 2948 morbus
1298 2894 1574 2959 acciderit,
1595 2894 1740 2948 illico

144 2974 394 3030 resiliens
419 2977 486 3031 ab
513 2977 651 3030 illius
680 2978 922 3038 dominio
944 3024 961 3051 ,
1001 2983 1069 3038 ad
1091 2983 1362 3040 dzemones
1391 2986 1626 3040 accurris
1644 3026 1658 3050 ,
1686 2994 1741 3038 et

145 3065 216 3119 ad
262 3080 559 3139 synagogas
606 3067 907 3138 confugis?
948 3074 1016 3128 Et
1049 3090 1208 3145 quam
1262 3074 1479 3131 tandem
1529 3076 1738 3130 veniam

146 3162 525 3231 consequeris?
551 3162 669 3231 Quo
695 3175 853 3233 pacto
888 3169 1092 3225 valebis
1116 3171 1266 3225 illum
1288 3169 1467 3225 denuo
1492 3169 1587 3223 tibi
1621 3184 1742 3239 pro-

146 3252 334 3321 pitium
366 3253 633 3309 reddere?
661 3255 800 3321 Quin
830 3261 1014 3326 potius
1041 3276 1141 3316 nec
1167 3261 1306 3316 alius
1335 3262 1613 3333 quisquam
1644 3276 1741 3329 pro

148 3350 201 3397 te
227 3342 504 3412 deprecari
535 3348 749 3415 poterit,
799 3352 1016 3408 etiamsi
1053 3360 1261 3408 tantum
1290 3351 1469 3408 valeat
1508 3351 1742 3406 auctori-

148 3451 256 3497 tate
280 3482 295 3506 ,
322 3453 576 3510 quantum
600 3440 795 3494 Moses.
826 3439 942 3493 Non
968 3448 1051 3495 est
1069 3482 1084 3506 ,
1108 3439 1198 3509 qui
1223 3440 1323 3493 hoc
1351 3441 1527 3496 facere
1552 3443 1742 3511 possit.

147 3534 263 3587 Non
285 3533 435 3585 audis
456 3531 583 3602 quid
607 3531 745 3585 Deus
763 3531 1008 3601 loquatur
1030 3530 1097 3584 ad
1118 3529 1402 3585 Jeremiam
1424 3531 1492 3586 dc
1507 3532 1743 3587 Judaeis?

151 3623 234 3677 Ne
274 3624 556 3693 depreceris
599 3638 691 3693 pro
740 3622 931 3691 populo
970 3622 1101 3685 isto,
1151 3622 1391 3690 quoniam
1437 3624 1483 3676 si
1516 3626 1743 3679 steterint

148 3718 319 3770 Moses
346 3727 390 3769 ct
419 3716 654 3777 Samuel,
690 3731 791 3767 non
819 3714 1087 3767 exaudiam
1127 3714 1244 3767 illos
1275 3713 1421 3786 (Jer.
1455 3717 1507 3768 7.
1554 3716 1644 3771 16.
1695 3728 1744 3771 et

150 3809 277 3863 15.1
302 3809 341 3869 ).
375 3807 522 3861 Adeo
551 3815 675 3859 sunt
702 3816 915 3872 peccata
938 3820 1151 3858 omnem
1179 3806 1549 3863 remissionem
1579 3823 1742 3877 supe-

145 3900 339 3963 rantia,
367 3913 590 3967 qumque
612 3897 807 3950 nullam
829 3895 1086 3964 recipiant
1110 3897 1529 3951 excusationem.
1564 3898 1744 3967 Itaque

144 4009 218 4048 ne
245 4001 443 4045 tantam
472 4004 571 4044 nos
597 4002 949 4058 provocemus
1000 3986 1153 4040 iram.
1205 3987 1429 4042 Etiamsi
1468 3989 1609 4042 enim
1657 3989 1742 4043 vi-

143 4084 374 4138 deantur
424 4080 585 4149 aliqui
642 4078 846 4133 febrem
901 4077 1310 4132 incantamentis
1366 4078 1587 4146 sedare,
1635 4094 1739 4133 non

144 4176 290 4231 enim
332 4188 461 4229 vere
502 4172 691 4227 seda'ht
723 4188 737 4224 :
771 4179 947 4224 tamen
970 4167 1135 4240 aliam
1180 4168 1635 4224 vehementiorem
1686 4171 1741 4225 in

150 4267 533 4333 conscientiam
578 4267 835 4324 inducunt
873 4266 1095 4331 febrem,
1152 4265 1362 4319 ratione
1402 4263 1643 4335 quotidie
1689 4272 1742 4320 te

150 4361 499 4426 stimulante,
545 4360 982 4430 conscientiaque
1027 4358 1331 4430 ﬂagellante
1375 4373 1441 4413 ac
1486 4359 1736 4414 dicente:

151 4452 318 4522 impie
368 4452 575 4517 fecisti,
633 4452 810 4521 inique
870 4452 1065 4522 egisti,
1129 4451 1338 4505 violasti
1388 4449 1563 4506 foedus
1616 4464 1740 4506 cum

148 4543 402 4610 Christo;
442 4544 511 4598 ob
551 4544 824 4612 paululum
871 4543 1111 4599 adversa:
1138 4542 1460 4598 valetudinis
1486 4546 1738 4614 pietatem

150 4634 457 4690 deseruisti.
483 4634 619 4689 Num
648 4643 705 4689 tu
728 4635 874 4690 solus
919 4633 1035 4688 bmc
1060 4647 1249 4703 passus
1278 4634 1372 4688 es?
1425 4635 1616 4688 Annon
1634 4634 1741 4688 alii

150 4727 324 4781 multo
351 4741 512 4796 quam
539 4735 594 4781 tu
620 4727 893 4783 acerbiora
922 4727 1064 4796 passi
1093 4727 1250 4780 sunt?
1282 4727 1531 4781 Attamen
1560 4726 1737 4782 nullus

151 4816 365 4872 illorum
397 4817 501 4871 tale
524 4816 649 4888 quid
680 4831 842 4873 ausus
864 4859 879 4884 ,
910 4826 969 4872 tu
994 4831 1122 4872 vero
1148 4816 1336 4891 mollis
1359 4832 1423 4871 ac
1449 4817 1741 4873 dissolutus

148 4908 387 4965 animam
410 4918 549 4964 tuam
571 4911 835 4965 mactasti.
854 4910 1134 4979 Quomodo
1149 4910 1489 4965 excusabcris
1505 4911 1741 4966 Christo?

151 4999 431 5069 Quomodo
451 5000 601 5056 illum
629 5001 939 5071 implorabis
969 5002 1255 5073 precibus?
1274 5004 1388 5070 Qua
1412 5002 1738 5059 conscientia

152 5088 378 5161 posthac
403 5089 718 5159 ingredieris
744 5092 1077 5148 Ecclesiam?
1101 5092 1305 5161 Quibus
1338 5094 1509 5148 oculis
1535 5094 1741 5149 videbis

150 5180 528 5237 sacerdotem?
571 5181 687 5250 Qua
732 5198 890 5238 manu
934 5199 1142 5239 sacram
1189 5186 1420 5255 attingas
1456 5188 1743 5241 mensam?

150 5269 358 5338 Quibus
386 5271 601 5328 auribus
632 5272 817 5329 audies
841 5274 1146 5344 Scripturas
1174 5292 1293 5347 quae
1319 5278 1430 5332 illic
1460 5278 1741 5348 leguntur?

227 5365 281 5419 7.
302 5365 679 5421 [accusationes
711 5378 758 5421 et
789 5367 1031 5438 ligamina
1064 5370 1119 5423 in
1139 5371 1324 5426 morbis
1357 5387 1458 5425 non
1492 5372 1740 5426 adhiben-

152 5461 246 5513 da.
275 5458 491 5513 —Hmc
526 5459 762 5530 quotidie
799 5475 1041 5531 pungens
1084 5470 1139 5517 te
1176 5464 1335 5529 ratio,
1362 5462 1743 5535 ﬂagellﬁtsque

149 5554 533 5609 conscientiam
574 5554 615 5622 ¹,
654 5552 814 5625 dicet.
865 5553 996 5621 Qua:
1043 5555 1205 5626 igitur
1242 5557 1358 5613 haec
1392 5565 1478 5613 est
1517 5552 1738 5627 sanitas,

218 5726 322 5802 tutu.
346 5732 553 5802 quatuor
598 5735 703 5802 Mss.
752 5728 966 5802 legitur:
992 5732 1126 5802 Ratio
1168 5733 1241 5786 sic
1293 5743 1340 5789 te
1372 5750 1587 5802 purigans
1628 5752 1742 5792 con-

506 5789 771 5855 ﬂageuans,
794 5786 984 5855 riualem
1009 5794 1193 5857 febrem
1214 5786 1611 5865 nori'stiper‘abit?
1630 5786 1746 5868 E1}ch

1304 418 1663 475 ADVERSUS
1698 415 1995 474 JUDJEOS.
2037 415 2169 473 Vill.

3315 412 3417 465 est:
3454 434 3459 443 ι

1836 544 1959 585 cum
1988 532 2131 585 intus
2155 538 2261 583 tam
2292 528 2488 583 multas
2514 526 2804 583 habeamus
2832 526 3179 597 cogitationes
3204 540 3419 581 accusa-

1833 621 2030 675 trices?
2054 617 2207 688 Quod
2228 618 2271 672 si
2300 618 2671 688 perduraveris
2693 618 2981 687 paulisper,
3008 631 3208 686 eosque
3227 617 3316 686 qui
3338 617 3420 671 vel

1835 711 2252 765 incantationem
2276 710 2508 780 aliquam
2534 724 2730 765 canere
2753 709 3041 773 voluerint,
3063 708 3148 763 vel
3172 708 3420 777 ligamina

1832 803 2099 872 applicare
2142 802 2377 871 corpori,
2408 798 2561 855 nihili
2606 799 2831 867 feceris,
2880 798 3045 853 multa
3093 801 3251 853 etlam
3301 812 3421 852 cum

1834 892 2156 946 contumelia
2185 891 2290 946 tuis
2315 906 2380 946 ex
2408 891 2611 946 aedibus
2636 890 2860 961 ejeceris
2889 908 2902 944 :
2937 889 3179 960 protinus
3210 889 3277 943 ab
3307 889 3422 956 ipsa

1835 982 2159 1036 conscientia
2186 980 2649 1052 refrigerationem
2692 981 2943 1051 accipies.
2976 979 3202 1035 Etiamsi
3230 980 3425 1035 millies

1835 1080 2024 1127 exurat
2054 1069 2219 1127 febris
2238 1112 2254 1137 ,
2283 1071 2461 1126 anima
2488 1080 2575 1125 tua
2604 1071 2793 1141 quovis
2822 1071 3028 1141 liquore
3047 1110 3062 1137 ,
3086 1069 3274 1139 quovis
3302 1059 3429 1122 τοι*τῖ

1837 1152 2111 1219 meliorem
2162 1163 2535 1232 utilioremque
2573 1162 2958 1231 mitigationem
2989 1159 3235 1215 adducet.
3278 1156 3426 1213 Sicut

1836 1254 2008 1319 enim,
2037 1262 2316 1321 postquam
2344 1252 2616 1320 receperis
2642 1250 3058 1304 incantationem
3084 1263 3244 1303 sanus
3265 1248 3387 1301 licet
3409 1289 3424 1313 ,

1837 1347 2084 1401 miserius
2108 1344 2328 1399 affectus
2353 1359 2412 1399 es
2437 1345 2501 1398 iis
2522 1344 2611 1412 qui
2636 1342 2785 1397 febre
2811 1342 3074 1423 laborapt,
3103 1340 3229 1395 dum
3253 1349 3426 1395 tecum
3512 1332 3520 1337 ’

1838 1446 2054 1506 reputas
2106 1436 2308 1505 peccati
2356 1434 2813 1504 magnitudinem;
2862 1432 2940 1487 sic
2990 1446 3132 1486 nunc
3171 1445 3424 1502 quoque,

1839 1528 2048 1583 etiamsi
2090 1528 2392 1593 febricites,
2434 1527 2819 1596 innumeraque
2858 1525 3076 1595 patiaris
3119 1525 3292 1587 mala,
3339 1538 3427 1577 re-

1840 1620 2005 1688 pulsis
2031 1618 2207 1689 impiis
2235 1618 2358 1684 illis,
2389 1619 2577 1687 quovis
2608 1631 2741 1672 sano
2770 1616 2989 1670 homine
3014 1615 3225 1678 melius,
3251 1624 3430 1668 tuente

1839 1712 2139 1769 exsultante
2158 1753 2173 1779 ,
2206 1712 2314 1766 eris
2342 1711 2561 1767 affectus
2586 1752 2599 1775 ,
2627 1710 2803 1764 anima
2832 1708 3107 1779 gaudente
3133 1717 3185 1762 et
3224 1707 3429 1761 exltilav

1840 1815 1976 1871 rata,
2000 1803 2323 1859 conscientia
2353 1801 2603 1857 laudante
2633 1813 2716 1867 te,
2749 1800 3008 1869 probante
3029 1842 3042 1867 ,
3079 1814 3143 1855 ac
3180 1799 3390 1853 dicente
3416 1816 3427 1851 :

1842 1899 2009 1969 Euge,
2050 1912 2219 1967 euge,
2265 1896 2400 1951 heus
2443 1896 2637 1961 homo,
2669 1892 2865 1949 Christi
2907 1906 3094 1956 serve,
3125 1890 3430 1953 ﬁdelis-vir,

1841 1989 2039 2051 athleta
2071 1988 2303 2058 pietatis,
2328 1987 2417 2058 qui
2446 1984 2702 2041 malueris
2730 1984 2991 2038 molestiis
3012 1981 3247 2047 immori,
3273 1995 3431 2051 quam

1842 2079 2092 2134 deserere
2123 2079 2393 2147 pietatem,
2424 2092 2545 2132 cum
2577 2075 2899 2147 martyribus
2927 2072 3094 2128 stabis
3124 2072 3175 2126 in
3209 2070 3301 2124 illo
3323 2068 3429 2123 die.

1843 2171 2302 2239 Quemadmodum
2350 2171 2493 2225 enim
2542 2169 2616 2224 illi
2665 2173 3029 2238 praeoptarunt
3078 2163 3209 2219 czedi
3254 2162 3434 2231 flagris

1844 2265 2205 2335 torquerique,
2240 2273 2297 2317 ut
2323 2264 2389 2318 ad
2418 2263 2675 2317 honorem
2704 2259 3041 2330 pervenirent
3068 2274 3080 2311 :
3105 2256 3176 2311 ita
3207 2265 3261 2309 tu
3300 2270 3435 2323 quo-

1844 2372 1947 2427 que
1992 2355 2150 2412 hodie
2193 2354 2500 2425 praceptaSti
2544 2350 2800 2422 flagellari
2844 2348 3188 2419 torquerique
3232 2362 3261 2398 a
3302 2341 3435 2399 febri

1847 2448 2296 2518 vulneribusque,
2342 2460 2410 2501 ne
2450 2444 2759 2498 admitteres
2801 2440 2961 2510 impia
3004 2442 3429 2495 incantamenta.

1847 2558 1982 2598 neve
2006 2542 2257 2608 amttleta,
2288 2547 2343 2595 et
2367 2537 2458 2594 tali
2484 2552 2580 2608 spe
2609 2536 2839 2591 nutritus
2860 2577 2875 2602 ,
2902 2549 2970 2589 ne
2994 2534 3193 2589 senties
3216 2530 3432 2600 quidem

1847 2635 2196 2689 adversantes
2224 2629 2617 2686 dolores.‘Nam
2644 2629 2743 2683 etsi
2774 2635 2826 2682 te
2851 2641 2956 2681 non
2986 2616 3192 2679 auferat
3218 2624 3331 2676 lucc
3357 2622 3438 2676 fe‘

1847 2728 1977 2791 bris,
2006 2726 2106 2781 alia
2137 2739 2358 2794 prorsus
2384 2720 2590 2777 auferet
2618 2739 2632 2775 :
2661 2728 2731 2785 et,
2764 2719 2806 2773 si
2835 2733 2976 2773 nunc
2997 2732 3102 2771 non
3126 2715 3437 2775 moriamur.

1849 2831 2026 2874 tamen
2058 2817 2278 2888 posthac
2308 2816 2617 2870 moriemur.
2642 2811 2865 2867 Mortale
2905 2825 3099 2879 corpus
3141 2808 3316 2894 sortiti
3346 2822 3440 2862 δυο

1851 2927 1968 2966 mus
1989 2953 2003 2975 ,
2036 2925 2140 2964 non
2187 2917 2246 2962 ut
2285 2908 2429 2963 illius
2472 2903 2852 2975 cupiditatibus
2880 2902 3312 2971 obtemperantes
3342 2899 3442 2953 im-

1852 3004 2100 3073 pietatem
2129 3000 2532 3069 amplectamur,
2564 2996 2661 3053 sed
2698 3006 2757 3050 ut
2793 2995 2935 3049 illius
2977 2990 3347 3047 affectionibus
3372 2990 3437 3043 ad

1852 3096 2103 3165 pietatem
2136 3102 2366 3146 utamur.
2410 3090 2537 3144 “3:0
2576 3089 2720 3143 enim
2765 3083 3219 3155 corruptibilitas,
3250 3090 3305 3138 et
3340 3080 3441 3136 hoc

1850 3187 2023 3255 ipsum
2068 3184 2295 3239 mortale
2320 3198 2513 3251 corpus
2537 3224 2552 3249 ,
2590 3180 2635 3234 si
2664 3178 2829 3235 sobrii
2858 3177 3114 3232 fuerimus
3134 3217 3149 3242 ,
3178 3173 3334 3229 nobis
3361 3183 3445 3227 est

1850 3278 2071 3334 materia
2097 3275 2602 3340 commendationis,
2631 3274 2959 3342 multamque
2990 3270 3143 3325 nobis
3166 3269 3223 3323 in
3247 3268 3336 3322 illo
3357 3266 3445 3321 die

1850 3370 2124 3441 pra-stabit
2153 3368 2422 3435 fiduciam,
2448 3381 2554 3421 non
2592 3372 2771 3420 autem
2806 3363 2858 3418 in
2900 3362 2992 3417 illo
3017 3361 3188 3415 solum
3212 3400 3227 3425 ,
3256 3373 3442 3413 verum

1849 3462 2009 3517 etiam
2037 3462 2089 3515 in
2118 3459 2369 3530 praesenti
2402 3458 2527 3512 vita.
2558 3446 2832 3525 Siquidem
2858 3469 2979 3508 cum
3007 3450 3233 3522 ejeceris
3259 3449 3444 3504 incan-

1850 3562 2047 3609 tatorcs
2075 3552 2240 3607 multa
2266 3566 2388 3605 cum
2416 3549 2739 3604 contumelia
2767 3561 2834 3602 ex
2866 3545 3070 3600 aedibus
3093 3542 3197 3598 tuis
3216 3584 3230 3607 ,
3256 3556 3450 3596 omnes

1849 3645 1951 3699 hoc
1974 3643 2155 3697 audito
2183 3640 2493 3706 laudabunt,
2518 3639 2875 3702 mirabuntur,
2902 3643 2957 3693 et
2980 3636 3120 3689 inter
3145 3648 3204 3688 se
3228 3632 3407 3688 dicent
3430 3648 3442 3683 :
3498 3644 3505 3653 '

1849 3738 1935 3792 ille
1957 3735 2205 3791 laborans
2231 3742 2623 3804 mgrotansquc,
2650 3728 2915 3801 aliquibus
2940 3726 3194 3782 inﬁnities
3220 3724 3444 3779 hortan—

1848 3828 2011 3894 tibus,
2042 3825 2389 3881 suadentibus
2412 3832 2467 3879 et
2487 3822 2889 3879 consulentibus
2906 3829 2965 3875 ut
2987 3817 3207 3889 magicis
3227 3814 3448 3885 quibus-

1848 3922 1969 3977 dam
2000 3919 2414 3975 incantamentis
2434 3925 2697 3982 uteretur,
2718 3930 2828 3971 non
2845 3912 3081 3976 admisit,
3107 3910 3202 3966 sed
3223 3923 3444 3978 respon-

1847 4015 1963 4071 dit:
1991 4014 2159 4070 satius
2186 4024 2270 4068 est
2296 4011 2402 4068 hoc
2430 4021 2591 4083 pacto
2617 4009 2779 4079 mori,
2808 4024 2970 4080 quam
2992 4007 3248 4066 deserere
3274 4004 3445 4073 pieta-

1850 4116 1978 4165 tem.
2002 4105 2086 4163 Ad
2114 4106 2230 4162 haec
2253 4116 2655 4175 consequentur
2681 4102 2834 4159 multi
2875 4102 3093 4172 plausus
3136 4099 3203 4154 ab
3243 4098 3327 4152 his
3356 4098 3445 4167 qtti

1846 4198 2136 4264 audierint,
2159 4180 2368 4252 cunctis
2392 4194 2735 4266 stupentibus
2754 4235 2768 4260 ,
2802 4193 2969 4248 Deum
2998 4189 3445 4261 glorificantibus.

1848 4291 1961 4347 Hoc
1984 4298 2115 4361 quot
2143 4289 2335 4345 statuis
2360 4303 2465 4342 non
2494 4288 2597 4342 erit
2620 4285 2713 4341 tibi
2737 4282 3137 4340 bonorabilius?
3160 4290 3291 4351 quot
3314 4279 3448 4351 ima-

1847 4382 2059 4455 ginibus
2113 4380 2574 4451 magniﬁcentius?
2617 4384 2818 4448 quanto
2885 4375 3091 4431 honore
3149 4372 3448 4443 insignius?

1847 4473 2047 4529 Omnes
2077 4470 2405 4536 laudabunt,
2436 4484 2627 4525 omnes
2655 4480 2800 4524 tuam
2839 4466 3148 4523 felicitatem
3189 4463 3450 4534 praedicao

1846 4566 2012 4628 bttttt,
2044 4577 2233 4619 omnes
2281 4572 2333 4618 te
2379 4561 2732 4617 coronabunt.
2778 4558 3043 4615 Praeterea
3093 4557 3192 4627 ipsi
3236 4570 3448 4626 quoque

1850 4657 2101 4712 meliores
2140 4654 2269 4710 fient
2290 4695 2307 4722 ,
2337 4669 2403 4709 ac
2426 4652 2661 4708 vicissim
2701 4659 2849 4707 tuum
2880 4650 3185 4720 exemplum
3218 4647 3445 4703 aemula-

1848 4749 2066 4814 buntur,
2092 4747 2553 4818 imitabunturque
2579 4754 2725 4801 tuam
2756 4744 3118 4800 fortitudinem
3150 4762 3162 4798 :
3186 4750 3241 4799 et
3260 4742 3305 4797 si
3325 4742 3447 4812 quis

1846 4841 1983 4898 alius
2023 4841 2128 4895 tale
2169 4838 2441 4911 quidpiam
2479 4838 2687 4905 fecerit,
2731 4847 2785 4891 tu
2815 4835 3117 4893 mercedem
3162 4834 3324 4901 feres,
3354 4834 3447 4904 qui

1848 4930 1949 4987 zeli
1975 4930 2138 4986 fueris
2158 4937 2365 4985 auctor.
2388 4927 2573 4999 Neque
2601 4936 2804 4983 tantum
2832 4934 3230 4998 consequentur
3256 4924 3445 4979 laudes

1848 5033 1995 5081 recte
2014 5024 2297 5090 factorum,
2321 5036 2507 5079 verum
2535 5022 2695 5078 etiam
2715 5021 2996 5091 celerrima
3016 5019 3189 5074 morbi
3214 5017 3443 5074 levatio:

1849 5133 1971 5173 cum
2002 5117 2115 5190 ipsa
2137 5124 2227 5171 tua
2250 5114 2506 5186 praeclara
2521 5114 2799 5170 voluntate
2817 5112 3137 5167 conciliante
3160 5110 3252 5165 tibi
3276 5110 3443 5164 Deum

1848 5208 1915 5264 ad
1937 5208 2196 5279 majorem
2224 5205 2673 5273 benevolentiam,
2698 5216 2809 5261 tum
2832 5205 3034 5261 sanctis
3053 5203 3304 5259 omnibus
3324 5217 3448 5273 gra-

1850 5302 2143 5357 tulantibns
2165 5299 2269 5357 tua
2289 5299 2731 5372 promptitudini,
2760 5307 2920 5369 atque
2946 5314 3010 5354 ex
3049 5297 3240 5352 intimo
3280 5296 3447 5352 corde

1848 5412 1948 5467 pro
1972 5404 2025 5451 te
2052 5409 2238 5466 preces
2264 5394 2628 5450 fundentibus.
2649 5394 2804 5461 Quod
2829 5393 2874 5448 si
2900 5392 2989 5447 hic
3014 5391 3138 5447 talia
3163 5398 3291 5446 sunt
3310 5405 3448 5460 pra:-

1850 5489 1955 5543 mia
1999 5487 2323 5543 fortitudinis
2369 5487 2526 5558 hujus
2549 5528 2565 5550 ,
2597 5487 2771 5557 cogita
2798 5495 3025 5556 quantas
3064 5484 3175 5539 illic
3217 5483 3447 5554 recipies

1849 5594 2096 5645 coronas,
2125 5594 2268 5644 cum,
2301 5579 2506 5649 angelis
2532 5578 2911 5648 praesentibus,
2935 5576 3183 5632 omnibus
3208 5575 3443 5630 archan-

1847 5672 2002 5742 gelis,
2032 5669 2279 5726 Christus
2304 5669 2603 5726 adveniens
2627 5668 2892 5739 prehensa
2936 5682 3096 5721 manu
3127 5675 3214 5721 tua
3242 5667 3294 5721 in
3327 5683 3444 5721 me-

1849 5766 1996 5820 dium
2040 5774 2093 5819 te
2141 5764 2272 5819 illud
2317 5765 2584 5819 theatrum
2631 5762 2971 5833 produxerit,
3005 5760 3318 5830 cunctisque
3347 5776 3443 5812 att-

1852 5859 2120 5917 dientibus
2151 5859 2351 5916 dixerit
2384 5876 2394 5910 :
2430 5856 2516 5913 hic
2563 5856 2722 5912 homo
2745 5900 2758 5924 ,
2795 5872 2915 5911 cum
2961 5853 3247 5923 aliquando
3295 5853 3444 5908 febre

4140 322 4142 343 |

4139 486 4142 501 l

4140 558 4142 567 ι

4140 570 4142 589 |

4139 1703 4142 1769 l

4139 2474 4142 2527 Ι

4140 398 4142 477 l

4042 2499 4048 2507 '
4136 2474 4142 2727 φ

4136 3138 4142 3317 .

4110 3514 4142 3609 Α

4108 3698 4125 4235 ι

4108 4248 4142 4485 1:

4136 4580 4142 4831 ἓ

4134 4860 4142 4991 ἐ

4134 5342 4142 5443 t

4104 5708 4142 6087 ἓ
