4142 6332
686 373 789 427 939

685 496 961 558 correptus
989 496 1151 554 esset,
1181 489 1477 545 innumeris
1519 492 1691 561 ipsum
1724 493 2128 548 exhortantibus
2158 500 2217 545 ut
2244 506 2273 544 a

689 578 878 632 morbo
907 577 1236 643 liberaretur,
1265 589 1479 648 propter
1499 596 1692 636 nomen
1716 597 1914 648 meum,
1939 597 2000 636 ac
2027 582 2271 635 timorem

689 670 740 721 in
775 684 878 734 me,
909 684 974 723 ne
1003 669 1054 722 in
1076 670 1252 739 aliquo
1277 670 1592 739 offenderet,
1621 687 1808 727 omnes
1833 674 1921 743 qui
1951 672 2277 741 polliceban-

701 773 784 814 tur
813 757 909 830 ipsi
941 769 1042 815 tsto
1071 766 1231 817 tnodo
1258 763 1537 818 sanitatem
1560 805 1574 830 ,
1607 765 1834 832 repulit,
1867 779 2095 834 cumque
2122 765 2277 833 igno-

693 852 852 904 minia
885 853 1069 920 rejeeit
1099 870 1113 906 :
1145 868 1207 907 ac
1236 857 1547 923 praeoptavit
1593 855 1802 909 immori
1835 855 2009 922 potius
2053 855 2278 920 morbo,

691 958 849 1012 quam
894 944 1144 1000 deserere
1184 945 1288 1000 mei
1329 945 1583 1000 studium.
1608 946 1814 1001 Etenim
1855 946 1900 1001 si
1942 960 2035 1001 eos
2064 946 2151 1017 qui
2180 945 2280 1017 ipsi

692 1044 873 1100 potum
901 1033 1183 1104 dederunt,
1216 1036 1306 1106 qui
1333 1038 1643 1104 vestierunt,
1677 1038 1764 1106 qui
1787 1038 1961 1092 cibum
1991 1038 2279 1108 dederunt,

693 1125 746 1176 in
799 1125 1030 1179 medium
1074 1127 1521 1182 adducit:multo
1566 1129 1732 1198 magis
1777 1128 2006 1184 adducet
2032 1144 2160 1194 eos,
2190 1131 2279 1198 qui

695 1225 913 1282 propter
954 1216 1131 1284 ipsum
1177 1226 1425 1288 optarunt
1468 1219 1684 1274 obnoxii
1727 1234 1847 1274 esse
1898 1219 2053 1275 febri.
2100 1220 2282 1290 Neque

693 1303 837 1369 enim
877 1305 1049 1360 simile
1076 1315 1159 1360 est
1187 1308 1314 1362 dare
1346 1324 1535 1377 panem
1567 1323 1630 1363 ac
1658 1320 1862 1365 vestem
1885 1351 1900 1375 ,
1942 1320 1997 1364 et
2037 1310 2280 1365 morbum

693 1395 954 1452 diutinum
1001 1397 1278 1467 perferre:
1307 1400 1415 1454 imo
1463 1401 1565 1456 hoc
1608 1402 1697 1455 illo
1744 1403 1912 1456 multo
1956 1402 2128 1473 majus
2176 1411 2278 1457 est.

693 1485 902 1551 Quanto
923 1496 1098 1542 autem
1122 1489 1318 1544 laboris
1342 1505 1406 1545 ac
1431 1489 1630 1545 doloris
1653 1493 1769 1560 plus
1792 1492 2074 1546 toleratum
2102 1492 2278 1558 fuerit,

697 1588 842 1632 tanto
870 1579 1031 1634 etiam
1053 1594 1250 1635 corona
1279 1582 1381 1636 erit
1406 1582 1853 1652 magnificentior.

768 1668 985 1724 Muralis
1023 1671 1558 1727 exhortatio.—llaec
1603 1682 1657 1728 et
1705 1674 1818 1727 sani
1867 1673 2184 1728 meditemur
2229 1681 2285 1728 et

695 1767 1018 1829 trgrotantes
1039 1801 1054 1826 ,
1083 1761 1256 1831 deque
1287 1763 1370 1817 his
1400 1763 1542 1818 inter
1583 1778 1682 1818 nos
1720 1765 2108 1834 colloquamur.
2146 1765 2211 1820 Et
2238 1767 2283 1819 si

697 1853 988 1908 viderimus
1018 1868 1116 1909 nos
1145 1855 1289 1924 ipsos
1319 1856 1605 1925 aliquando
1635 1856 1766 1911 febri
1809 1856 2128 1912 intolerabili
2166 1871 2285 1912 cor-

697 1953 876 2013 reptos
899 1985 913 2010 ,
947 1944 1073 1998 illud
1100 1946 1238 2014 apud
1269 1962 1364 2001 nos
1391 1946 1536 2017 ipsos
1565 1946 1804 2002 dicamus
1834 1963 1847 2000 :
1878 1948 2003 2018 quid
2031 1957 2210 2002 autem
2238 1948 2284 2003 si

695 2037 850 2096 nobis
894 2037 1139 2094 alicunde
1186 2040 1448 2094 intentata
1494 2040 1587 2094 lite
1630 2040 1695 2095 ad
1735 2041 1962 2095 tribunal
1993 2040 2280 2111 rapiamur,

695 2141 929 2198 moxque
957 2127 1182 2183 sublatis
1208 2128 1482 2184 eaadantur
1505 2131 1696 2198 latera,
1719 2145 1894 2185 annon
1925 2145 2147 2187 necesse
2168 2130 2285 2185 fue-

698 2217 772 2272 rit
798 2220 1017 2273 omnino
1043 2221 1274 2290 perpeti,
1307 2221 1467 2291 idque
1505 2223 1653 2276 nullo
1682 2223 1829 2277 lucro
1859 2223 2111 2291 nullaque
2141 2239 2285 2277 mer-

694 2308 863 2363 cede?
906 2309 1018 2365 l‘loc
1059 2319 1113 2364 et
1159 2327 1300 2366 nunc
1343 2313 1672 2382 cogitemus,
1720 2314 1992 2382 proposita
2029 2312 2098 2366 sit
2127 2313 2286 2366 etiam

698 2399 995 2454 tolerantia:
1024 2415 1232 2456 merces
1251 2443 1265 2469 ,
1294 2402 1422 2457 satis
1449 2417 1668 2473 magna,
1699 2412 1758 2456 ut
1785 2403 1956 2472 erigat
1992 2403 2286 2472 collapsum

697 2492 955 2547 animum.
987 2491 1090 2549 Sed
1124 2496 1345 2549 molesta
1383 2503 1469 2550 est
1514 2487 1675 2550 febris
1704 2511 1716 2548 :
1747 2510 1931 2550 verum
1975 2499 2186 2566 oppone
2211 2495 2288 2549 illi

701 2582 1009 2638 incendium
1038 2583 1316 2653 gehennrc,
1340 2585 1478 2654 quod
1505 2584 1728 2655 effugies
1755 2586 2002 2649 omnino,
2031 2586 2076 2640 si
2103 2586 2288 2640 volue-

699 2673 775 2728 ris
820 2674 974 2729 istam
1005 2674 1195 2730 febrim
1224 2690 1345 2729 eum
1374 2676 1521 2730 omni
1569 2677 1852 2731 tolerantia
1884 2677 2143 2747 perferre.
2180 2677 2289 2732 Re-

699 2774 826 2835 puta
854 2773 1049 2833 tecum,
1073 2782 1232 2835 quam
1258 2767 1423 2820 multa
1449 2766 1588 2836 passi
1610 2767 1716 2821 sint
1735 2767 1981 2837 apostoli,
2007 2767 2287 2823 considera

692 2855 871 2926 justos
916 2867 1174 2927 perpetuo
1223 2858 1273 2911 in
1318 2856 1697 2912 afflictionibus
1742 2857 1946 2922 fuisse,
2001 2858 2290 2921 recordare

700 2948 840 3001 beati
863 2947 1149 3012 Timothei,
1175 2949 1264 3018 qui
1293 2964 1580 3018 numquam
1620 2948 1686 3002 ab
1719 2947 2028 3003 infirmitate
2055 2947 2289 3018 respira-

698 3038 796 3104 vit,
827 3039 918 3094 sed
963 3039 1030 3093 ab
1071 3040 1432 3095 adolescentia
1472 3040 1583 3110 jugi
1631 3040 1820 3095 morbo
1844 3049 1960 3094 erat
1994 3040 2288 3108 obnoxius,

700 3129 861 3199 idque
911 3130 1102 3184 Paulus
1153 3130 1429 3185 declarans
1474 3131 1610 3186 dixit
1648 3149 1663 3186 :
1709 3129 1915 3185 Modico
1959 3135 2074 3186 vino
2112 3141 2283 3198 utere,

702 3232 909 3292 propter
955 3223 1268 3277 stomachum
1312 3234 1484 3290 tuum,
1536 3239 1596 3277 ac
1642 3212 1925 3295 fréqueutes
1973 3225 2291 3291 inﬁrmitates

702 3321 813 3367 tuas
840 3314 917 3384 (1.
954 3313 1084 3368 Tim.
1117 3315 1169 3370 5.
1201 3315 1312 3384 25).
1338 3315 1490 3382 Quod
1517 3316 1560 3369 si
1589 3315 1762 3385 justus
1793 3315 1910 3377 ille,
1931 3323 2148 3372 Sanctus
2176 3314 2287 3381 ille,

701 3404 790 3473 qui
818 3405 962 3458 orbis
991 3405 1358 3473 pricfecturam
1387 3407 1659 3475 suscepit,
1687 3407 1776 3476 qui
1818 3417 2060 3461 mortuos
2091 3407 2293 3461 excita-

704 3496 798 3560 vit,
831 3496 918 3564 qui
947 3495 1218 3550 daemones
1258 3495 1476 3565 abegit,
1507 3495 1596 3567 qui
1633 3497 1847 3550 morbos
1874 3495 2292 3552 innumerabiles

704 3587 755 3637 in
786 3585 905 3638 aliis
932 3587 1189 3650 correxit,
1222 3593 1330 3638 tam
1353 3585 1548 3639 acerba
1579 3601 1769 3655 passus
1790 3595 1907 3651 est,
1938 3603 2099 3656 quam
2131 3603 2293 3643 excu-

706 3675 970 3730 sationem
1017 3675 1236 3729 habebis
1280 3685 1367 3740 tu,
1399 3676 1487 3745 qui
1527 3677 1867 3731 lumultuaris
1913 3693 1975 3733 ac
2016 3679 2201 3734 deﬁcis
2239 3679 2292 3733 in

706 3766 908 3822 morbis
951 3767 1325 3835 temporariis?
1354 3767 1468 3822 Non
1505 3767 1700 3822 audiSti
1743 3767 2072 3838 Seripturam
2112 3770 2295 3825 dicen-

706 3871 833 3922 tem,
869 3857 1029 3925 Quem
1071 3858 1240 3929 diligit
1273 3858 1551 3924 Dominus,
1580 3860 1794 3930 castigat
1822 3876 1842 3914 :
1869 3862 2096 3932 ﬂagellat
2125 3871 2294 3917 autem

706 3961 904 4000 omnem
928 3948 1112 4015 ﬁlium,
1137 3964 1284 4018 quem
1309 3949 1486 4018 recipit
1508 3947 1692 4021 (Hebr.
1718 3949 1804 4003 12.
1829 3949 1886 4020 6)
1908 3950 1930 4003 ?
1952 3950 2118 4017 Quam
2141 3953 2294 4007 multi

705 4037 1013 4109 frequenter
1034 4047 1292 4110 optarunt
1314 4041 1556 4112 martyrii
1584 4056 1837 4096 coronam
1866 4043 2148 4112 accipere?
2168 4044 2294 4100 Haec

704 4138 790 4186 est
822 4139 1006 4201 parata
1034 4131 1279 4203 martyrii
1308 4146 1526 4188 corona.
1556 4131 1670 4187 Non
1701 4135 1845 4189 enim
1876 4133 1928 4188 id
1966 4135 2128 4190 modo
2171 4135 2294 4192 facit

706 4230 1016 4290 martyrem,
1045 4222 1088 4276 si
1121 4223 1212 4293 qui
1250 4222 1434 4292 jussus
1470 4232 1552 4278 est
1575 4224 1898 4291 sacrificare,
1932 4225 2106 4294 potius
2137 4226 2296 4282 ducat

705 4311 899 4377 emori,
934 4327 1119 4367 verum
1146 4312 1308 4368 etiam
1351 4312 1397 4368 si
1441 4314 1560 4384 quis
1607 4323 1786 4370 servet
1814 4314 2112 4385 quidlibet,
2152 4316 2295 4386 quod

705 4414 937 4461 mortem
1006 4413 1185 4476 potest
1251 4420 1570 4473 accersere,
1619 4405 1958 4462 manifestum
2015 4416 2099 4464 est
2153 4423 2294 4463 mar-

707 4497 926 4569 tyrium.

778 4589 831 4644 8.
860 4590 939 4644 Ac
965 4597 1022 4644 ut
1041 4589 1307 4660 intelligas
1327 4589 1431 4645 hoc
1451 4603 1572 4645 esse
1595 4605 1800 4655 verum,
1829 4588 2135 4656 recordare,
2162 4605 2296 4661 quo-

707 4679 871 4736 modo
898 4680 1136 4736 Joannes
1162 4681 1397 4751 Baptista
1425 4690 1669 4735 mortuus
1696 4681 1785 4746 sit,
1811 4689 1864 4734 et
1884 4697 1986 4750 qua
2017 4681 2083 4736 de
2111 4695 2293 4748 causa,

709 4771 981 4842 quomodo
1018 4772 1172 4828 Abel.
1202 4771 1402 4827 Neuter
1439 4772 1581 4827 enim
1622 4771 1812 4826 horum
1839 4772 1927 4826 vel
1969 4772 2136 4826 altare
2165 4772 2299 4826 vidit

709 4863 1010 4929 incensum,
1040 4863 1126 4918 vel
1152 4870 1380 4917 statuam
1406 4863 1652 4933 positam,
1676 4862 1761 4917 vel
1781 4861 1961 4932 jussus
1983 4861 2079 4916 fuit
2109 4862 2300 4916 immo-

710 4955 825 5010 lare
850 4955 1184 5011 dazmonibus
1209 4973 1223 5010 :
1256 4954 1348 5011 sed
1377 4955 1468 5009 ille
1495 4955 1708 5024 quidem
1729 4997 1741 5018 ,
1768 4954 1890 5024 quia
1930 4953 2298 5009 tantummOdo

712 5046 1057 5111 reprehendit
1086 5047 1373 5113 Herodem,
1400 5047 1694 5101 decollatus
1724 5054 1806 5100 est
1831 5062 1842 5097 :
1879 5045 1962 5099 hic
1991 5059 2139 5108 vero,
2166 5059 2300 5114 quo-

713 5137 854 5191 niam
888 5139 1055 5193 Deum
1086 5138 1294 5192 meliori
1327 5137 1587 5192 sacrificio
1617 5136 1898 5190 honoravit
1926 5150 2085 5205 quam
2113 5135 2295 5201 frater,

713 5232 922 5286 occisus
951 5241 1051 5286 est.
1080 5231 1215 5286 Num
1248 5232 1405 5302 igitur
1434 5231 1616 5299 privati
1645 5239 1768 5284 sunt
1793 5229 2030 5300 martyrii
2063 5227 2297 5282 corona?

712 5326 784 5379 At
824 5325 943 5393 quis
989 5324 1091 5379 hoc
1129 5325 1324 5378 audeat
1370 5323 1590 5379 dicere?
1630 5323 2071 5392 Quandoquidem
2124 5323 2298 5391 ipsum

712 5418 871 5472 etiam
914 5418 1100 5471 mortis
1141 5432 1308 5487 genus
1348 5416 1545 5470 sufﬁcit
1583 5415 1646 5468 ad
1677 5415 1923 5469 omnibus
1968 5412 2297 5483 persuaden-

713 5511 839 5564 dum
866 5551 880 5574 ,
925 5525 1018 5564 eos
1048 5510 1184 5564 inter
1223 5509 1422 5576 primos
1453 5516 1715 5577 martyres
1755 5507 2044 5560 numerari.
2075 5505 2225 5573 Quod
2255 5506 2299 5558 si

717 5603 872 5655 etiam
900 5602 1130 5655 divinam
1155 5601 1468 5654 sententiam
1496 5615 1654 5669 super
1682 5598 1762 5652 his
1790 5601 2050 5667 prolatam
2073 5597 2290 5667 quarris,

714 5693 836 5747 audi
867 5694 990 5763 quid
1021 5693 1149 5746 dicit
1187 5693 1398 5746 Paulus.
1437 5692 1568 5745 Nam
1612 5708 1729 5759 quae
1775 5691 1863 5745 ille
1903 5690 2155 5758 loquitur,
2188 5690 2303 5743 sine

718 5785 878 5840 dubio
906 5785 1131 5856 Spiritus
1174 5795 1312 5840 sunt.
1352 5785 1480 5838 Puto
1511 5786 1674 5851 cnim,
1719 5783 1921 5854 inquit,
1964 5780 2100 5852 quod
2128 5791 2174 5836 et
2206 5797 2295 5850 ego

1388 378 1446 432 S.
1490 377 1766 434 JOANNIS
1806 378 2279 436 CHRYSOSTOMI
2321 375 2637 432 ARCUIEP.
2680 374 3214 432 CONSTANTINOP.

3859 376 3960 432 950

2380 488 2630 556 Spiritum
2661 485 2755 540 Dei
2783 486 2990 540 habeam
3016 487 3102 556 (1.
3135 485 3254 541 Cor.
3275 486 3327 541 ’1.
3349 486 3471 561 40).
3495 487 3634 555 Quid
3677 489 3840 558 igitur
3886 487 3964 542 hic

2378 581 2538 634 dicit?
2561 579 2795 634 Exorsus
2819 579 2888 632 ab
2908 579 3061 643 Abel,
3080 593 3199 633 eum
3218 577 3438 634 dixisset
3457 578 3720 649 majorem
3739 578 3963 632 hostiam

2379 671 2510 726 Abel
2543 685 2650 740 prae
2677 670 2811 725 Cain
2850 671 3107 726 obtulisse
3139 671 3249 727 Deo
3269 712 3283 741 ,
3313 680 3370 728 et
3408 683 3626 742 prepter
3651 672 3792 727 hanc
3817 687 3963 726 mor-

2381 771 2530 816 tuum
2560 762 2732 816 adhuc
2761 761 2908 832 loqui
2942 779 2956 816 :
2986 761 3181 817 deinde
3225 761 3497 831 digressus
3537 762 3605 816 ad
3645 761 3959 831 praphetas,

2381 867 2446 909 ac
2470 853 2688 910 decursa
2715 854 2855 909 serie
2883 867 3050 922 usque
3089 853 3156 908 ad
3185 853 3440 908 Joannem
3461 895 3477 919 ,
3523 853 3748 908 dixisset
3777 871 3790 906 :
3823 852 3966 906 Occi-

2380 945 2522 1000 sione
2565 945 2724 1016 gladii
2749 946 2930 999 mortui
2955 955 3071 998 sunt
3096 986 3109 1010 ,
3141 944 3231 999 alii
3261 961 3371 1000 vero
3399 944 3607 999 distenti
3633 954 3751 999 sunt
3776 943 3962 1015 (llebr.

2384 1036 2471 1089 11.
2503 1033 2630 1108 '57);
2669 1036 2848 1089 multis
2872 1045 2926 1089 et
2953 1035 3179 1090 diversis
3208 1036 3394 1090 mortis
3424 1035 3710 1106 generibus
3734 1048 3966 1089 comme-

2383 1126 2621 1191 moratis,
2653 1125 2875 1194 subjecit
2905 1125 3005 1180 hoc
3029 1125 3220 1180 modo:
3246 1124 3276 1179 Ι
3281 1134 3427 1197 taque
3446 1142 3538 1179 nos
3559 1141 3755 1194 quoque
3776 1133 3964 1176 tantam

2383 1217 2617 1272 habentes
2659 1217 3052 1292 circumdantem
3081 1232 3170 1270 nos
3207 1217 3390 1271 nubem
3430 1227 3712 1287 martyrum
3731 1256 3747 1282 ,
3775 1214 3965 1283 objecta

2385 1310 2520 1363 omni
2546 1309 2782 1380 pondere,
2809 1326 2897 1380 per
2925 1308 3242 1382 tolerantiam
3270 1294 3529 1363 currainus
3573 1306 3594 1378 (
3635 1306 3716 1360 1b.
3751 1305 3837 1361 12.
3863 1306 3887 1359 1
3923 1305 3963 1375 ).

2383 1398 2545 1454 Vides
2573 1399 2712 1470 quod
2737 1400 2895 1456 etiam
2923 1399 3054 1454 Abel
3075 1399 3357 1469 appellavit
3380 1410 3669 1469 martyrem
3693 1407 3745 1452 ct
3764 1396 3892 1460 Noe,
3915 1407 3966 1449 et

2384 1491 2674 1557 Abraham,
2707 1501 2760 1547 et
2787 1492 2953 1558 lsaac,
2981 1501 3034 1547 et
3055 1491 3240 1546 Jacob.
3263 1490 3394 1545 Nam
3424 1499 3477 1545 et
3506 1490 3729 1544 istorum
3753 1489 3964 1558 quidam

2384 1583 2465 1640 sic
2492 1594 2709 1654 propter
2737 1585 2898 1639 Deum
2932 1574 3127 1639 mortui
3157 1591 3303 1649 sunt,
3330 1581 3778 1653 quemadmodum
3800 1581 3966 1649 inquit

2385 1673 2600 1740 Paulus,
2630 1673 2864 1740 Quotidie
2888 1676 3076 1728 morior
3105 1674 3180 1747 (1.
3210 1674 3326 1729 Cor.
3355 1675 3441 1728 15.
3474 1673 3568 1743 51)
3593 1691 3606 1725 :
3634 1687 3737 1726 non
3755 1672 3964 1741 quidem

2387 1763 2639 1827 moriens,
2667 1764 2760 1818 sed
2787 1764 3056 1832 proposito
3079 1771 3282 1817 tantum
3304 1776 3592 1832 perpessus
3611 1771 3856 1816 mortem.
3881 1759 3966 1814 Sic

2387 1861 2440 1907 et
2467 1861 2542 1918 tu,
2567 1854 2612 1908 si
2639 1852 2899 1921 repuleris
2928 1853 3337 1918 incantamenta,
3369 1851 3644 1918 veneﬁcia,
3671 1865 3734 1905 ac
3762 1850 3968 1919 praesti-

2386 1946 2529 2015 gias,
2562 1947 2770 2001 etiamsi
2803 1947 2991 2002 morbo
3020 1947 3295 2013 moriaris,
3325 1955 3527 2016 martyr
3564 1944 3832 2014 perfectus
3859 1943 3968 1999 fue‘

2386 2039 2461 2092 ris
2489 2080 2504 2106 ,
2544 2054 2611 2095 eo
2659 2039 2800 2108 quod
2823 2079 2839 2105 ,
2871 2039 2992 2095 aliis
3028 2039 3401 2109 pollicentibus
3437 2038 3612 2093 morbi
3656 2037 3968 2093 levationem

2386 2143 2507 2182 cum
2552 2129 2856 2199 impietate,
2899 2130 3215 2201 praeoptaris
3242 2136 3468 2184 mortem
3511 2130 3876 2197 cum‘pietatc.
3906 2127 3970 2182 Et

2389 2219 2504 2274 haec
2535 2221 2685 2274 nobis
2715 2220 2852 2276 dicta
2883 2230 3041 2276 sunto
3069 2222 3323 2278 adversus
3348 2236 3440 2276 eos
3462 2262 3476 2286 ,
3505 2221 3597 2290 qui
3625 2221 3860 2289 jactant,
3888 2220 3972 2274 di—

2387 2321 2618 2381 euntque
2643 2311 2914 2367 daemones
2941 2313 3163 2368 mederi.
3193 2312 3479 2378 Caeterum,
3513 2322 3571 2365 ut
3601 2312 3881 2380 intelligas,
3908 2327 3973 2366 ne

2389 2401 2491 2457 hoc
2515 2403 2727 2473 quidem
2753 2419 2873 2459 esse
2897 2419 3078 2460 verum
3101 2447 3116 2470 ,
3158 2404 3280 2458 audi
3311 2403 3439 2474 quid
3473 2403 3720 2458 Christus
3745 2403 3883 2458 dicat
3910 2404 3974 2458 de

2389 2493 2639 2560 diabolo,
2675 2492 2779 2548 Ille
2821 2494 3076 2548 homicida
3111 2504 3219 2549 erat
3256 2493 3320 2546 ab
3358 2494 3502 2547 initio
3531 2491 3728 2562 (Joan.
3755 2492 3810 2548 8.
3841 2493 3908 2547 44
3932 2493 3974 2561 ).

2393 2585 2534 2639 Deus
2563 2584 2711 2646 dicit.
2738 2585 3004 2640 homicida
3032 2594 3113 2640 est
3140 2602 3156 2641 :
3185 2593 3239 2641 et
3264 2593 3316 2640 tu
3341 2585 3406 2640 ad
3435 2585 3589 2640 illum
3617 2594 3884 2654 tamquam
3910 2584 3975 2638 ad

2392 2673 2659 2730 medicum
2690 2677 2899 2730 curris?
2929 2677 3024 2732 Dic
3052 2675 3182 2730 mihi
3207 2717 3222 2743 ,
3265 2691 3384 2731 cum
3415 2676 3753 2731 aceusaberis
3775 2716 3792 2740 ,
3823 2690 3978 2745 quam

2391 2765 2651 2821 rationem
2682 2766 2874 2821 afferre
2905 2767 3104 2836 poteris
3123 2808 3137 2832 ,
3162 2766 3253 2837 qui
3281 2766 3472 2822 credas
3503 2766 3694 2821 horum
3725 2768 3978 2837 impostu-

2390 2855 2466 2908 ris
2507 2869 2626 2910 esse
2672 2855 2940 2910 ﬁdendum
2984 2857 3194 2926 potius,
3225 2872 3385 2927 quam
3421 2857 3621 2912 Christi
3664 2857 3978 2913 sententiae?

2389 2947 2524 3003 Cum
2573 2948 2714 3003 enim
2757 2949 2898 3005 Deus
2941 2950 3118 3013 dicat,
3150 2949 3420 3006 homicida
3460 2958 3545 3006 est
3575 2968 3588 3004 :
3624 2951 3712 3005 isti
3745 2965 3872 3005 vero
3898 2949 3979 3005 di-

2392 3052 2553 3106 cant,
2591 3050 2766 3111 potest
2805 3057 2992 3098 curare
3033 3042 3286 3109 morbos,
3324 3041 3578 3098 nimirum
3625 3051 3981 3112 repugnantes

2392 3133 2669 3187 sententiae
2682 3131 2876 3187 divinae
2895 3150 2907 3185 :
2930 3141 2984 3188 tu
2997 3148 3126 3188 vero
3147 3133 3375 3203 recipias
3393 3132 3583 3187 horum
3605 3132 3871 3187 maleficia
3891 3132 3979 3186 illa

2392 3231 2445 3278 et
2481 3223 2874 3280 incantamenta
2904 3266 2918 3291 ,
2948 3224 3080 3280 nihil
3107 3225 3250 3280 aliud
3280 3224 3408 3294 ipsis
3435 3222 3592 3279 factis
3621 3225 3726 3278 tuis
3749 3223 3979 3293 judicas.

2393 3330 2551 3386 quam
2601 3316 2823 3371 istorum
2854 3317 3031 3372 verbis
3074 3317 3250 3387 potius
3279 3315 3576 3370 habendam
3604 3314 3798 3380 fidem,
3828 3330 3983 3385 quam

2393 3409 2588 3465 Christi
2616 3426 2630 3464 :
2659 3408 2786 3464 licet
2809 3409 2990 3464 verbis
3025 3407 3080 3463 id
3123 3424 3230 3463 non
3260 3408 3426 3463 dicas.
3454 3405 3607 3474 Quod
3650 3407 3696 3460 si
3741 3406 3984 3463 diabolus

2395 3499 2661 3555 homicida
2691 3507 2794 3565 est,
2829 3498 3167 3554 manifestum
3189 3507 3270 3554 est
3292 3496 3432 3568 quod
3457 3497 3533 3551 illi
3557 3497 3857 3551 servientes
3881 3495 3984 3550 daa-

2394 3606 2581 3646 mones
2604 3600 2747 3646 sunt.
2776 3591 2843 3646 Et
2865 3594 2966 3646 hoc
2985 3605 3198 3661 quoque
3221 3600 3273 3644 te
3294 3589 3423 3656 ipsis
3448 3588 3601 3642 factis
3629 3587 3813 3642 docuit
3838 3586 3985 3641 Chri-

2395 3692 2544 3748 stus,
2571 3684 2659 3753 qui
2692 3683 2930 3752 permisit
2960 3683 3079 3737 illos
3110 3683 3316 3737 irruere
3339 3682 3395 3735 in
3420 3681 3569 3735 illum
3610 3696 3826 3751 gregem
3859 3695 3982 3749 por-

2395 3789 2601 3840 corum,
2634 3790 2792 3844 quem
2822 3774 3127 3828 universnm
3153 3774 3208 3827 in
3231 3787 3376 3826 mare
3401 3772 3801 3842 prmcipitarunt
3833 3769 3980 3842 (Luc.

2396 3865 2449 3931 8,
2484 3864 2573 3918 52.
2600 3862 2783 3934 seqq.),
2809 3872 2868 3919 ut
2893 3863 3224 3933 intelligeres
3258 3861 3397 3933 quod
3423 3860 3610 3916 eadem
3653 3860 3844 3915 facturi
3873 3860 3980 3915 fnee

2395 3961 2502 4015 rint
2527 3959 2850 4024 hominibus,
2878 3959 3165 4026 statimque
3195 3955 3599 4026 praefocassent,
3635 3953 3680 4008 si
3713 3953 3851 4007 Deus
3879 3952 3982 4007 illis

2396 4051 2746 4122 permisisset.
2773 4049 2923 4104 Nune
2948 4062 3078 4103 vero
3121 4048 3236 4116 ipse
3276 4046 3394 4099 illos
3418 4044 3657 4099 coercuit
3691 4043 3984 4114 prohibuit-

2395 4157 2537 4212 que,
2586 4157 2685 4196 nec
2731 4139 3017 4210 quidquam
3059 4138 3136 4193 eis
3181 4135 3425 4207 permisit
3464 4134 3643 4190 facere
3671 4135 3978 4203 ejusmodi:

2395 4232 2537 4303 quod
2564 4231 2777 4302 quidem
2809 4231 2908 4301 ipsi
2943 4237 3207 4300 potestate
3246 4228 3301 4281 in
3330 4239 3522 4296 porcos
3545 4235 3778 4294 ,aceepta
3806 4224 3983 4278 decla-

2395 4332 2603 4379 rarunt.
2633 4323 2842 4377 Etenim
2867 4321 2911 4374 si
2940 4320 3116 4390 porcis
3147 4333 3252 4372 non
3281 4323 3668 4386 pepercerunt,
3695 4313 3866 4367 multo
3887 4312 3982 4365 mi-

2397 4429 2497 4469 nus
2521 4429 2550 4467 a
2582 4413 2733 4468 nobis
2759 4412 3160 4475 abstinuissent,
3189 4409 3232 4463 si
3255 4407 3511 4462 adversus
3534 4419 3637 4460 nos
3669 4411 3980 4474 potestatem

2398 4506 2727 4561 habuissent.
2759 4504 2836 4559 Ne
2865 4503 3044 4574 igitur,
3077 4501 3271 4556 dilecte
3291 4539 3307 4565 ,
3341 4497 3614 4560 fraudibus
3643 4495 3853 4549 illorum
3881 4493 3976 4548 ab-

2397 4596 2638 4660 ducaris;
2671 4593 2764 4652 sed
2788 4603 2902 4649 esto
2930 4593 3278 4650 confirmatus
3305 4591 3355 4643 in
3384 4589 3577 4642 timore
3600 4585 3715 4641 Dei.

2470 4686 2632 4755 Signo
2652 4685 2814 4739 crucis
2837 4700 2990 4752 prava
3013 4691 3232 4753 potestas
3257 4679 3418 4733 omnis
3435 4679 3660 4749 fugatur.
3684 4704 3756 4716 —
3775 4674 3838 4728 Et
3853 4688 3986 4745 quo-

2399 4781 2558 4835 modo
2601 4778 2914 4848 ingredieris
2953 4773 3311 4847 synagogam?
3335 4771 3389 4827 Si
3421 4783 3652 4840 namque
3694 4767 3984 4838 signat-eris

2400 4871 2628 4926 frontem
2652 4879 2818 4934 tuam,
2848 4869 2993 4922 illico
3017 4867 3181 4936 fugiet
3209 4879 3368 4934 prava
3400 4871 3640 4932 potestas
3664 4873 3983 4932 synagOgam

2401 4964 2724 5020 inhabitans.
2757 4962 2814 5017 Si
2854 4975 2983 5015 vero
3012 4975 3117 5013 non
3149 4957 3476 5028 signaveris,
3528 4956 3581 5008 in
3627 4954 3757 5023 ipsis
3785 4951 3984 5006 foribus

2403 5058 2643 5130 protinus
2671 5071 2817 5111 arma
2845 5053 3086 5123 abjecisti
3105 5094 3118 5118 ,
3152 5067 3275 5106 mox
3301 5048 3503 5103 nudum
3526 5057 3582 5102 et
3611 5047 3866 5101 inermem
3897 5041 3988 5095 ab-

2402 5157 2610 5219 reptum
2663 5156 2712 5202 te
2757 5144 3000 5200 diabolus
3055 5143 3207 5196 malis
3264 5140 3561 5194 innumeris
3617 5136 3829 5191 afficiet.
3885 5132 3986 5188 Sed

2402 5242 2527 5313 quid
2555 5240 2742 5294 attinet
2771 5237 2887 5293 haec
2908 5252 2937 5290 a
2961 5236 3112 5290 nobis
3139 5234 3286 5288 dici?
3313 5233 3444 5286 Nam
3473 5230 3615 5300 quod
3644 5231 3757 5298 ipse
3784 5241 3989 5296 quoque

2404 5332 2688 5388 maximum
2717 5337 2991 5399 peccatum
3011 5341 3130 5383 esse
3152 5324 3380 5395 judicas,
3405 5323 3472 5377 ad
3498 5324 3814 5376 sceleratum
3839 5319 3987 5372 illum

2403 5427 2586 5482 locum
2623 5436 2938 5483 accurrere,
2984 5416 3319 5473 manifestum
3359 5423 3442 5469 est
3489 5429 3556 5468 ex
3604 5413 3717 5479 ipso
3764 5409 3987 5464 adeundi

2404 5519 2586 5574 modo.
2616 5517 2825 5572 Etenim
2852 5514 2988 5568 clam
3018 5511 3140 5565 illuc
3164 5507 3423 5563 accedere
3448 5505 3656 5568 studes,
3683 5510 3739 5558 et
3761 5502 3986 5564 famulis.

2403 5612 2609 5678 amicis,
2640 5619 2798 5679 atque
2828 5604 3014 5660 vicinis
3040 5599 3334 5664 interdicis,
3361 5615 3426 5652 ne
3455 5607 3507 5652 te
3539 5596 3784 5650 deferant
3819 5591 3885 5646 ad
3911 5607 3988 5645 sa.

2405 5703 2654 5759 eerdotes
2686 5721 2700 5758 :
2733 5714 2796 5753 ac
2842 5697 2886 5751 si
2929 5696 3046 5766 quis
3089 5692 3378 5754 detulerit,
3436 5688 3749 5758 indignaris.
3805 5687 3989 5738 Annon

2407 5796 2566 5868 igitur
2611 5808 2812 5863 magnae
2855 5788 3136 5845 dementia:
3162 5787 3269 5857 sit,
3303 5784 3553 5839 homines
3591 5781 3729 5836 velle
3774 5777 3990 5842 fallere,
