4160 6324
242 411 366 477 9'39~

242 526 326 597 τῷ
347 541 479 577 ποτε
507 522 754 594 ληφθεὶς,
792 526 1004 595 μυρίων
1029 526 1181 596 αύτῷ
1218 524 1631 594 παραινούντων
1660 522 1836 575 ἀπαλ-

242 608 480 680 λαγῆναι
519 608 620 677 τῆς
657 606 837 670 νόσου,
878 608 968 660 διὰ
1004 609 1065 661 τὸ
1096 608 1268 679 ὄνομα
1310 608 1372 661 τὸ
1415 605 1569 678 ἐμὸν,
1616 606 1711 660 καὶ
1745 605 1864 658 τὸν

243 691 416 762 φόϐον
435 690 526 744 τὸν
546 693 629 754 είς
654 692 774 761 ἐμὲ,
801 692 885 744 ἵνα
912 692 972 744 ἐν
995 692 1185 762 μηδενὶ
1214 689 1584 763 προσκρούσῃ,
1608 688 1839 767 διώσατο

243 776 346 829 καὶ
370 775 617 845 ἠτίμωσε
646 774 776 838 τοὺς
811 774 1278 846 ὑπισχνουμένους
1318 775 1480 828 αὑτὸν
1513 772 1841 846 θεραπεύειν

242 858 446 929 ἐκείνῳ
471 856 549 928 τῷ
576 858 785 929 τρόπῳ,
821 859 917 911 καὶ
946 859 1121 912 είλετο
1147 858 1351 930 μᾶλλον
1383 857 1736 911 ἐναποθανεῖν
1762 855 1840 926 τῷ

241 943 539 1011 νοσήματι,
572 939 607 1011 ἢ
640 940 932 1012 προδοῦναι
962 942 1062 1012 τὴν
1092 944 1172 1005 εἰς
1205 942 1305 1012 ἐμὲ
1333 940 1568 994 εὔνοιαν.
1595 941 1659 993 Εἰ
1680 939 1789 1010 γὰρ
1819 948 1840 971 ⁸

240 1026 377 1087 τοὺς
406 1022 735 1087 ποτίσαντας
772 1024 938 1079 αὐτὸν
970 1026 1066 1078 καὶ
1098 1024 1427 1088 ἐνδύσαντας
1472 1023 1566 1077 καὶ
1598 1022 1839 1094 θρέψαν-

240 1124 350 1169 τας
379 1108 459 1169 εἰς
489 1106 655 1178 μέσον
682 1108 945 1179 παράγει,
975 1107 1157 1179 πολλῷ
1188 1107 1388 1179 μᾶλλον
1414 1108 1542 1171 τοὺς
1574 1106 1641 1160 δι’
1676 1105 1840 1161 αὑτὸν

242 1188 537 1260 ἑλομένους
583 1189 874 1260 ἀνέχεσθαι
922 1192 1199 1263 πυρετῶν.
1236 1192 1311 1245 Οὐ
1361 1191 1471 1263 γάρ
1502 1191 1651 1243 ἐστιν
1699 1188 1837 1253 ἴσον,

248 1268 414 1343 ἄρτον
458 1270 641 1326 δοῦναι
698 1274 793 1327 καὶ
838 1274 1074 1345 ἱμάτιον,
1114 1275 1210 1329 καὶ
1250 1275 1405 1328 νόσον
1444 1273 1663 1345 μακράν
1706 1272 1841 1326 ὑπο-

245 1356 455 1426 μένειν,
490 1354 628 1409 ἀλλά
676 1356 860 1427 πολλῷ
908 1358 1096 1427 μεῖζον
1137 1355 1299 1411 τοῦτο
1344 1357 1577 1411 ἐκείνου’
1622 1356 1734 1425 ὅσῳ
1782 1355 1839 1408 δὲ

245 1438 455 1508 μείζων
486 1438 515 1491 6
547 1437 730 1502 πόνος,
754 1438 998 1511 τοσούτῳ
1030 1440 1124 1492 καὶ
1150 1440 1180 1495 6
1220 1439 1484 1510 στέφανος
1516 1437 1670 1492 ἔσται
1700 1436 1841 1508 λαμ-

243 1521 539 1591 πρότερος.

316 1602 504 1656 Ταῦτα
532 1602 625 1657 καὶ
653 1602 998 1671 ὑγιαίνοντες
1030 1603 1349 1676 μελετῶμεν
1387 1605 1484 1659 καὶ
1511 1605 1834 1676 κάμνοντες,

240 1685 343 1739 καί⁵
364 1684 501 1755 πρὸς
526 1685 751 1757 ἐτέρους
776 1685 1046 1757 λέγωμεν·
1084 1686 1189 1742 κᾶν
1217 1688 1417 1759 ἴδωμεν
1449 1688 1679 1752 ἑαυτούς
1705 1704 1839 1740 ποτε

240 1770 303 1821 ἐν
335 1768 558 1840 πυρετῷ
580 1769 915 1839 γενομένους
936 1771 1219 1841 ἀφορήτῳ,
1250 1773 1429 1826 ἐκεῖνο
1456 1772 1594 1845 πρὸς
1612 1772 1840 1834 ἑαυτοὺς

239 1850 509 1922 εἴπωμεν·
543 1851 608 1903 Τί
638 1851 749 1916 δαὶ,
784 1852 838 1904 ετ
854 1852 1018 1921 ποθεν
1044 1854 1428 1927 ἐπενεχθείσης
1448 1858 1581 1927 ἡμῖν
1605 1872 1842 1925 κατηγο-

243 1934 393 2005 ρίας,
419 1935 500 1998 είς
531 1933 883 2005 δικαστήριον
912 1936 1334 2008 είσηνέχθημεν,
1361 1935 1482 1993 εἶτα
1506 1937 1832 2010 ἀναρτηθὲν-

236 2032 334 2079 τες
368 2015 799 2087 κατεξαινόμεθα
823 2016 923 2080 τὰς
949 2017 1213 2090 πλευρὰς,
1240 2021 1342 2074 οὐκ
1367 2022 1581 2093 ἀνάγκη
1609 2018 1678 2095 ἦν
1710 2024 1840 2075 ὑπο-

241 2101 430 2169 μεῖναι
460 2098 677 2162 πάντως
704 2097 802 2153 καὶ
831 2100 1079 2171 ἀκερδῶς
1116 2102 1212 2155 καὶ
1237 2104 1406 2175 χωρίς
1446 2105 1638 2175 μισθοῦ
1662 2122 1837 2169 τινος;

237 2179 417 2234 Τοῦτο
456 2182 552 2253 καὶ
590 2180 686 2235 νῦν
720 2180 1090 2252 λογιζώμεθα*
1132 2185 1484 2255 προσκείσθω
1529 2188 1710 2242 τοίνυν
1745 2190 1840 2241 καὶ

233 2263 345 2333 τῆς
387 2264 713 2335 ὑπομονῆςι)
768 2265 798 2317 6
844 2264 1058 2336 μισθὸς,
1116 2267 1304 2332 ἱκανὸς
1348 2269 1424 2322 ὢν
1472 2264 1689 2340 ἀλεῖψαι
1739 2270 1838 2341 τὴν

236 2349 595 2401 πεπτωκυῖαν
619 2347 880 2401 διάνοιαν.
918 2349 1079 2404 Ἀλλά
1103 2350 1338 2421 χαλεπὸς
1362 2353 1389 2405 6
1414 2353 1667 2423 πυρετός.
1693 2354 1836 2407 Ἀλλ’

234 2429 564 2499 ἀντιστήσον
611 2429 690 2501 τῷ
730 2429 952 2501 πυρετῷ
989 2431 1052 2485 τὸ
1088 2432 1192 2503 τῆς
1238 2433 1466 2506 γεέννης
1497 2434 1630 2507 πῦρ,
1662 2436 1690 2488 ὃ
1718 2435 1837 2488 δια-

233 2512 414 2586 φεύξῃ
440 2512 675 2579 πάντως,
703 2513 800 2566 ἐὰν
821 2514 919 2587 ἒλῃ
945 2513 1133 2569 τοῦτον
1162 2517 1285 2587 μεθ’
1308 2518 1587 2590 ὑπομονῆς
1615 2520 1837 2591 ἀπάσης

233 2596 504 2662 ἐνεγκεῖν·
535 2594 915 2666 ἀναμνήσθητι
939 2596 1045 2650 τῶν
1069 2598 1405 2666 ἀποστόλων,
1436 2602 1538 2655 ὅσα
1572 2602 1833 2674 ἔπασχονο

232 2677 620 2748 ἀναμνήσθητι
671 2676 780 2731 τῶν
826 2678 1074 2744 δικαίων,
1116 2682 1216 2735 ὃτικ
1250 2682 1546 2748 διαπαντὸς
1590 2680 1733 2754 ἦσαν
1779 2688 1838 2739 ἐν

233 2759 507 2829 θλίψεσινο
555 2761 938 2831 ἀναμνήσθητι
987 2762 1081 2817 τοῦ
1118 2765 1393 2837 μακαρίου
1431 2766 1719 2837 Τιμοθέου,
1754 2770 1837 2822 ὅτι

231 2842 494 2897 οὐδέποτε
520 2842 586 2896 ὲκ
614 2844 712 2913 τῆς
737 2845 1053 2915 ἀρρωστίας
1076 2847 1430 2913 ἀνέπνευσεν,
1456 2848 1593 2902 ἀλλά
1621 2851 1838 2921 σύντρο-

231 2944 337 2997 φος
366 2922 436 2998 ἦν
458 2928 725 2997 νοσήματι
748 2926 1005 2997 διηνεκεῖ.
1035 2930 1145 2983 Kal
1176 2930 1337 2985 τοῦτο
1364 2932 1393 2984 6
1422 2932 1636 2996 Παῦλος
1660 2933 1837 3005 δηλῶν

231 3010 444 3078 ἔλεγενο
485 3010 640 3074 Οτνφ
667 3011 850 3080 ὀλίγῳ
886 3010 1011 3080 χρῶ
1056 3012 1157 3067 διὰ
1190 3017 1299 3067 τὸν
1334 3017 1646 3083 στόμαχόν
1694 3031 1833 3080 σου,

231 3093 335 3147 καί
384 3092 493 3159 τὰς
537 3092 776 3159 πυκνάς
816 3109 933 3148 σου
975 3095 1318 3162 ἀσθενείας.
1356 3097 1421 3149 EI
1454 3097 1510 3149 δὲ
1552 3100 1580 3150 6
1626 3098 1835 3162 δίκαιος

231 3177 445 3257 ἐκεῖνος
487 3176 594 3257 ’καὶ
639 3174 818 3241 ἆγιος,
856 3176 954 3257 καὶ
974 3175 1075 3249 τὴν
1125 3177 1227 3247 τῆς
1282 3180 1613 3249 οἰκουμένης
1698 3203 1837 3257 προ-

239 3254 984 3329 πασίανέγκεχειρισμένος,
1024 3260 1121 3312 καὶ
1166 3261 1396 3330 νεκροὺς
1435 3260 1668 3332 ἐγείρων
1692 3302 1707 3326 ,
1737 3254 1834 3316 καὶ

231 3338 497 3410 δαίμονας
525 3337 788 3405 ἐλαύνων,
816 3340 912 3394 καὶ
941 3342 1115 3412 μυρία
1138 3344 1422 3415 νοσήματα
1449 3344 1833 3417 διορθούμενος

230 3424 292 3474 ἐν
326 3422 558 3493 ἑτέροις,
589 3422 831 3477 τοσαῦτα
861 3423 1065 3495 ἔπασχε
1099 3426 1269 3491 δεινὰ,
1300 3428 1423 3481 τίνα
1456 3427 1600 3494 ἕξεις
1632 3428 1833 3482 ἀπολο-

229 3504 363 3573 γίαν
392 3505 457 3581 σὺ
486 3506 514 3558 6
539 3505 938 3578 θορυϐούμενος
978 3508 1074 3561 καὶ
1111 3509 1396 3580 ἀσχάλλων
1432 3512 1526 3564 ἐπὶ
1564 3511 1833 3583 προσκαί-

231 3606 354 3661 ροις
380 3590 721 3661 νοσήμασιν;
756 3591 872 3644 Οὐκ
896 3591 1140 3662 ἤκουσας
1166 3596 1264 3665 τῆς
1289 3593 1514 3665 Γραφῆς
1544 3594 1831 3666 λεγούσης,

231 3672 319 3725 ὅτι
346 3673 457 3725 Ὃν
479 3670 685 3741 ἀγαπᾷ
708 3674 947 3740 Κύριος,
970 3674 1259 3739 παιδεύει,
1281 3676 1572 3748 μαστιγοῖ
1596 3677 1665 3730 δὲ
1691 3677 1836 3731 πάν-

231 3770 308 3807 τα
336 3754 495 3821 υἱὸν,
523 3754 595 3809 ὃν
618 3755 1051 3826 παραδέχεται;
1088 3760 1253 3813 Πόσοι
1291 3761 1522 3825 ποσάκις
1548 3762 1831 3834 ἐπεθύμη-

232 3855 337 3891 σαν
372 3838 678 3909 μαμευρίου
719 3840 983 3909 στέφανον
1022 3843 1242 3910 λαϐεῖνς
1279 3844 1452 3899 Τοῦτο
1487 3846 1834 3917 ἀπηρτισμέ-

231 3938 324 3984 νος
357 3920 802 4000 ἐστὶῗμαρτυρίου
832 3924 1117 3993 στέφανος.
1146 3928 1219 3981 Οὑ
1249 3927 1359 4000 γὰρ
1384 3928 1444 3982 τὸ
1474 3928 1832 4000 κελευσθῆναι

232 4003 420 4067 θῦσαι,
452 3999 572 4073 εἶτα
604 4006 821 4060 ἑλέσθαι
840 4007 1057 4078 ’μᾶλλον
1088 3999 1445 4082 ἀποθανεῖν’ἢ
1472 4011 1655 4077 θῦσαι,
1688 3999 1835 4067 ποιεῖ

236 4088 493 4160 μάρτυρα
522 4088 704 4158 μόνον,
729 4090 867 4143 ἀλλά
893 4091 1068 4145 καὶτὸ
1099 4092 1278 4147 ὁτιοῦν
1304 4093 1455 4167 [686]
1488 4094 1831 4165 φυλάττοντα

235 4172 399 4243 μόνον
432 4172 729 4243 δυνάμενον
771 4172 1001 4229 θάνατον
1042 4175 1476 4246 ἐπισπάσασθαι,
1529 4178 1831 4252 μαρτύριόν

232 4256 356 4308 ἐστι
381 4254 572 4323 σαφές.

305 4344 377 4409 η’.
417 4338 530 4392 Kal
561 4337 648 4393 ἵνα
672 4338 852 4413 μάθῃς
879 4340 961 4394 ὅτι
985 4340 1144 4395 τοῦτό
1174 4342 1323 4397 ἐστιν
1338 4342 1558 4415 ἀληθές,
1583 4345 1832 4418 ἀναμνή-

235 4420 394 4492 σθητι
434 4420 553 4485 πῶς
592 4422 691 4492 μὲν
718 4422 748 4475 6
782 4422 1039 4494 Ἰωάννης
1060 4424 1322 4493 ἀπέθανε,
1359 4427 1455 4479 καὶ
1475 4427 1623 4491 τίνος
1643 4428 1833 4483 ἐνεκεν

233 4506 331 4559 καὶ
354 4504 442 4558 διά
466 4505 539 4568 τί,
570 4504 690 4568 πῶς
717 4504 775 4558 δὲ
807 4506 836 4558 6
873 4506 1060 4560 Ἀϐελ.
1087 4508 1381 4580 Οὑδέτερος
1408 4508 1518 4580 γὰρ
1537 4509 1745 4566 τούτων
1767 4513 1830 4565 ού

235 4587 422 4658 βωμὸν
453 4584 559 4640 εἶδε
587 4588 900 4658 καιόμενον,
950 4590 1011 4642 οὐ
1052 4589 1239 4656 ξόανον
1274 4592 1527 4662 ἑστηκὸς,
1571 4594 1633 4646 οὐ
1670 4593 1831 4649 θῦσαι

232 4670 481 4741 ἐπετάγη
506 4670 757 4743 δαίμοσιν
782 4684 796 4698 ⁹
834 4670 949 4724 ἀλλ’
981 4674 1011 4724 6
1039 4673 1159 4743 μὲν,
1202 4674 1390 4744 ἐπειδὴ
1439 4675 1600 4746 μόνον
1635 4677 1831 4749 ήλεγξε

232 4754 329 4809 τὸν
342 4753 609 4825 Ἡρώδην,
634 4753 926 4825 ἀπετμήθη
949 4755 1050 4826 τὴν
1084 4756 1349 4827 κεφαλὴν,
1380 4759 1409 4811 ὁ
1435 4759 1493 4812 δὲ
1526 4760 1713 4833 ἐπειδὴ
1739 4762 1831 4814 τὸν

232 4837 372 4891 Θεὸν
405 4836 634 4908 ἐτίμησε
656 4836 818 4907 θυσίᾳ
844 4836 1053 4891 πλείονι
1081 4837 1177 4891 τοῦ
1210 4840 1444 4909 ἀδελφοῦ
1466 4882 1481 4907 ,
1530 4845 1832 4914 κατεσφάτ-

232 4937 379 4993 τετο.
410 4913 537 4990 ⁷Αρ’
561 4914 655 4974 οῦν
682 4919 1085 4991 ἀπεστέρηνται
1109 4920 1219 4974 τῶν
1239 4921 1333 4975 τοῦ
1370 4926 1672 4996 μαρτυρίου
1706 4913 1831 4979 στε-

236 5002 454 5073 φάνων;
484 5002 581 5056 κα)⁵
601 5002 687 5065 τίς
711 5001 778 5055 ἂν
811 5000 972 5055 τοῦτο
995 5001 1316 5076 τολμήσειεν
1337 5007 1512 5059 εἰπεῖν
1537 5024 1552 5072 ;
1577 5007 1832 5064 Μάλιστα

237 5086 339 5159 μὲν
361 5084 470 5157 γὰρ
499 5086 595 5139 καὶ
622 5084 787 5148 αὐτὸς
808 5085 836 5136 6
852 5084 947 5137 τοῦ
972 5085 1203 5141 θανάτου
1225 5087 1424 5158 τρόπος
1449 5089 1631 5154 ἱκανὸς
1658 5091 1833 5146 ἀπαν-

234 5185 338 5232 τας
370 5170 577 5245 πεῖσαι,
604 5167 685 5221 ὅτι
712 5167 792 5230 είς
822 5169 950 5231 τοὺς
987 5169 1238 5240 πρώτους
1270 5172 1379 5225 τῶν
1418 5173 1713 5245 μαρτύρων
1738 5193 1830 5228 τε-

234 5250 442 5305 λοῦσιν.
460 5244 540 5303 Ἐί
571 5249 627 5303 δὲ
661 5250 755 5303 καὶ
782 5250 964 5321 ψῆφον
1012 5251 1197 5322 ξητεῖς
1235 5252 1384 5309 θείαν
1430 5256 1572 5327 ὑπὲρ
1606 5244 1830 5311 τούτων

234 5333 671 5405 ἐξενηνεγμένην
706 5333 855 5399 ἰδεῖν,
887 5333 1120 5389 ἄκουσον
1151 5336 1205 5389 τί
1234 5354 1398 5407 φησιν
1432 5340 1460 5391 6
1503 5339 1715 5404 Παῦλος
1738 5358 1753 5371 ⁸
1794 5341 1831 5395 ἃ

234 5419 350 5490 γὰρ
367 5421 574 5480 ἐκεῖνος
594 5417 912 5486 φθέγγεται,
934 5418 1090 5485 δῆλον
1120 5420 1202 5473 ὅτι
1226 5419 1321 5473 τοῦ
1347 5422 1665 5493 Πνεύματός
1680 5425 1798 5478 ἐστι
1813 5443 1827 5457 ·

234 5501 403 5558 Δοκῶ
437 5512 459 5540 ο
498 5502 628 5571 γὰρ,
659 5502 812 5570 φησι,
846 5500 1010 5570 κάγὼ
1047 5504 1291 5574 Πνεῦμα
1345 5505 1494 5559 Θεοῦ
1523 5506 1709 5576 ἐχειν.
1764 5506 1830 5561 Τί

299 5642 328 5705 _‘
352 5641 481 5705 Siavil
494 5679 511 5705 ,ί
528 5642 609 5687 καὶ
631 5641 693 5701 μὴ
710 5642 975 5705 θαυμάσῃς·
1001 5643 1040 5689 εἰ
1060 5642 1164 5705 γάρ.

299 5703 331 5745 b
354 5704 522 5770 Menti.
551 5702 821 5766 προκείσθω
838 5704 924 5749 καὶ
945 5708 1002 5765 τῇ
1024 5702 1256 5767 ὑπομονῇ.
1294 5706 1393 5757 Sed
1415 5714 1609 5770 septem
1635 5723 1753 5763 mss.
1776 5714 1830 5761 ut

238 5779 347 5817 nus.
371 5766 491 5813 hnrr
736 5802 737 5805 η

299 5828 324 5859 ε
348 5827 449 5877 Alii
473 5825 734 5889 πνεύματός
755 5824 846 5873 εἶσι
868 5825 1021 5888 νὸμοι.
1046 5827 1206 5878 Δοκῶ.

1382 407 1754 464 ADVERSUS
1790 406 2104 465 ΗΠ)ᾹίΟᾶ
2148 410 2285 470 VIII.

3400 432 3401 435 ‘
3424 419 3529 474 940

1944 521 2039 578 οῦν
2077 519 2233 590 οὗτός
2258 546 2456 599 φησιν;
2502 529 2832 602 Ἀρξάμενος
2859 530 2967 583 ἀπὸ
2990 529 3084 582 τοῦ
3112 529 3299 589 Ἅϐελ,
3329 530 3422 584 καί⁸
3451 536 3531 587 εἰ-

1941 610 2081 672 πὼν,
2112 612 2193 665 ὅτι
2216 611 2437 665 πλείονα
2459 613 2651 667 θυσίαν
2679 614 2844 667 Ἅϐελ
2873 614 3024 684 παρὰ
3054 616 3193 667 Κάῖν
3219 616 3530 685 προσήνεγ-

1949 712 2013 747 κε
2040 694 2115 762 τῷ
2142 692 2280 762 Θεῷ,
2315 694 2409 746 καὶ
2440 694 2509 746 δι’
2550 695 2721 766 αὐτῆς
2752 695 3039 749 ἀποθανὼν
3066 694 3158 748 ἔτι
3199 696 3376 751 λαλεῖ·
3402 695 3522 750 εϊτα

1947 776 2189 851 καταϐὰς
2205 779 2283 840 εἰς
2295 778 2421 839 τοὺς
2437 781 2743 849 προφήτας,
2762 779 2856 833 καὶ
2874 778 3096 832 διελθὼν
3117 781 3198 843 εἰς
3218 780 3310 833 τὸν
3339 781 3522 834 Ἰωάν-

1945 879 2065 932 νην,
2092 860 2182 914 καὶ
2203 859 2372 914 εἰπών
2389 877 2402 891 ·
2435 862 2532 915 Ἐν
2556 863 2719 929 φόνῳ
2733 862 3034 931 μαχαίρας
3055 862 3379 927 ἀπέθανον,
3398 863 3522 916 ἕτε-

1936 962 2032 1013 ροι
2064 944 2132 997 δὲ
2159 944 2738 1013 ἐτυμπανίσθησαν-ά
2760 960 2773 973 ·
2811 946 2906 998 καὶ
2933 944 3161 1008 πολλοὺς
3209 946 3303 998 καὶ
3334 944 3521 1012 διαφό-

1946 1045 2073 1098 ρους
2096 1028 2495 1099 διηγησάμενος
2527 1027 2811 1093 θανάτους,
2852 1029 3133 1098 ἐπήγαγεν
3165 1026 3309 1080 οῦτω
3329 1043 3345 1058 ο
3398 1031 3522 1081 Τοι-

1942 1111 2169 1181 γαροῦν
2192 1111 2291 1165 καὶ
2316 1112 2488 1180 ἡμεῖς
2506 1112 2803 1167 τοσοῦτον
2832 1113 3080 1181 ἔχοντες
3104 1112 3522 1179 περικείμενον

1941 1196 2089 1265 ἡμῖν
2125 1194 2311 1267 νέφος
2332 1197 2672 1265 μαρτύρων,
2714 1195 2896 1264 ὄγκον
2928 1205 2952 1233 ο
2983 1195 3339 1271 ἀποθέμενοι
3365 1194 3519 1248 πάν-

1941 1292 2035 1340 τα,
2054 1275 2128 1329 δι’
2150 1276 2463 1346 ὑπομονῆς
2484 1276 2805 1347 τρέχωμεν.
2842 1277 3123 1349 Ὀρᾷς,ὅτι
3139 1277 3346 1330 καὶτὸν
3367 1275 3534 1329 Ἀϐελ

1944 1358 2199 1429 μάρτυρα
2251 1359 2499 1424 ἐκάλεσε,
2550 1361 2646 1413 καὶ
2687 1360 2778 1413 τὸν
2813 1359 2960 1425 Νῶε,
3000 1359 3097 1413 καὶ
3125 1358 3215 1411 τὸν
3257 1358 3533 1429 Ἀϐραὰμ,

1942 1442 2038 1495 καὶ
2066 1442 2157 1495 τὸν
2198 1442 2404 1508 Ἰσαὰκ,
2434 1443 2649 1496 καὶτὸν
2705 1441 2921 1496 Ἰακώϐ.
2969 1444 3032 1495 Ol
3075 1442 3176 1513 μὲν
3210 1440 3320 1513 γὰρ
3353 1442 3535 1495 αὐτῶν
3570 1477 3576 1482 -

1942 1524 2114 1588 οὕτως
2155 1523 2176 1564 ί
2209 1525 2480 1579 ἀπέθανον
2510 1525 2598 1578 διά
2626 1525 2716 1579 τὸν
2739 1525 2904 1578 Θεόν·
2936 1525 3124 1596 ὥσπερ
3148 1520 3241 1578 οῦν
3276 1526 3371 1578 καὶ
3387 1523 3535 1576 Παῦ-

1942 1609 2033 1672 λός
2061 1625 2216 1678 φησι,
2242 1611 2382 1663 Καθ’
2401 1608 2630 1676 ἡμέραν
2656 1608 3049 1675 ἀποθνήσκωο
3076 1609 3252 1662 καίτοι
3272 1609 3373 1662 οὑκ
3395 1610 3533 1661 ἀπο-

1943 1690 2215 1762 θνήσκων,
2243 1690 2382 1744 ἀλλά
2406 1693 2472 1759 τῇ
2510 1689 2768 1761 προθέσει
2815 1692 2975 1762 μόνον
3021 1692 3312 1761 ὑπομένων
3354 1690 3536 1745 τοῦτο.

1943 1774 2100 1828 Ούτω
2133 1774 2336 1837 καὶσὺ,
2374 1772 2439 1826 ἂν
2468 1772 2767 1844 διακρούσῃ
2796 1774 2895 1837 τὰς
2920 1774 3135 1845 ἐπῳδὰς
3164 1774 3260 1826 καὶ
3280 1772 3380 1840 τὰς
3406 1790 3535 1846 cf,an

1945 1856 2178 1929 μακείας
2199 1857 2295 1911 καὶ
2320 1856 2422 1919 τὰς
2454 1856 2815 1925 μαγγανείας,
2846 1857 2943 1910 καὶ
2973 1857 3253 1930 ἀποθάνῃς
3285 1861 3351 1929 τῇ
3373 1859 3536 1928 νόσῳ,

1944 1940 2155 2011 μάρτυς
2183 1939 2595 2011 ἀπηρτισμένος
2629 1933 2701 2002 εἴ,
2737 1940 2820 1993 ὃτι
2845 1938 3173 2010 ἀπαλλαγὴν
3215 1941 3355 2012 μετὰ
3410 1941 3539 1993 ἀσε-

1941 2023 2095 2087 ϐείας
2123 2022 2611 2093 ἐπαγγελλομένων
2640 2022 2841 2092 ἑτέρων
2864 2022 3010 2075 εἵλου
3035 2022 3268 2077 θάνατον
3302 2024 3419 2093 μετ’
3450 2023 3538 2075 εύ-

1943 2106 2162 2169 σεϐείας
2211 2103 2453 2177 μᾶλλον..
2473 2106 2583 2158 Kal
2622 2105 2798 2159 ταῦτα
2832 2105 2933 2176 μὲν
2969 2108 3103 2177 ἡμῖν
3156 2107 3374 2177 εἴρηται
3401 2106 3538 2177 πρὸς

1939 2194 2069 2255 τοὺς
2100 2188 2483 2261 κομπάζοντας
2509 2190 2603 2243 καὶ
2624 2189 2905 2257 λέγοντας,
2934 2191 3018 2242 ὅτι
3043 2190 3408 2260 θεραπεύουσι
3425 2190 3539 2242 δαί·

1946 2291 2133 2347 μονες·
2173 2275 2263 2329 ῖνα
2293 2274 2351 2327 δὲ
2397 2273 2609 2345 μάθῃς,
2644 2274 2726 2327 ὃτι
2761 2273 2885 2326 οὑδέ
2925 2272 3085 2327 τοῦτό
3133 2275 3283 2326 ἐστιν
3315 2273 3539 2344 ἀληθὲς,

1942 2360 2175 2413 ἄκουσον
2200 2358 2254 2411 τί
2276 2374 2442 2428 φησιν
2470 2360 2497 2410 6
2521 2357 2758 2427 Χριστὸς
2784 2357 2914 2427 περὶ
2933 2357 3028 2409 τοῦ
3051 2355 3302 2410 διαϐόλου
3323 2373 3337 2387 ·
3362 2356 3538 2410 Ἐκεῖ-

1939 2460 2047 2508 νος
2072 2441 2568 2509 ἀνθρωποκτόνος
2598 2435 2678 2509 ἦν
2711 2440 2813 2493 ἀπ’
2841 2438 3058 2509 ἀρχῆς.
3112 2439 3169 2491 '0
3200 2439 3334 2503 Θεὸς
3364 2438 3537 2507 λέγει,

1941 2523 2410 2597 ἀνθρωποκτόνος,
2440 2522 2534 2575 καὶ
2564 2522 2628 2573 σὺ
2650 2521 2734 2585 κὼς
2759 2521 2896 2592 πρὸς
2930 2521 3115 2594 ἰατρὸν
3138 2523 3387 2592 τρέχεις;
3427 2523 3538 2577 Kal

1939 2609 2060 2662 τίνα
2091 2607 2236 2673 ’ἐξεις
2268 2606 2428 2673 λόγον
2455 2607 2630 2657 εἰπεῖν
2659 2604 3063 2674 ἐγκαλούμενος
3082 2646 3097 2671 ,
3127 2606 3251 2658 εἰπέ
3289 2622 3397 2676 μοι,
3437 2605 3538 2674 τῆς

1938 2690 2268 2759 ἀποφάσεως
2294 2687 2391 2740 τοῦ
2415 2686 2654 2758 Χριστοῦ
2681 2686 2783 2750 τὰς
2812 2688 3069 2759 γοητείας
3097 2687 3302 2740 τούτων
3326 2687 3538 2753 ἀξιοπι-

1941 2773 2198 2844 στοτέρας
2223 2767 2362 2824 εἶναι
2394 2771 2633 2842 νομίζων
2656 2788 2671 2837 ;
2698 2771 2868 2825 Ὅταν
2895 2771 3006 2843 γὰρ
3040 2774 3070 2825 6
3099 2771 3198 2843 μὲν
3227 2771 3360 2833 Θεὸς
3382 2770 3538 2842 λέγῃ,

1936 2858 2019 2911 ὅτι
2043 2855 2493 2927 ἀνθρωποκτόνος
2523 2854 2693 2919 ἐστὶν,
2734 2848 2881 2908 οῦτοι
2908 2854 2965 2907 δὲ
3011 2854 3094 2907 ὅτι
3136 2856 3421 2927 νοσήματα
3447 2853 3537 2907 δύ-

1937 2957 2096 2993 ναται
2125 2938 2275 2991 λύειν
2300 2936 2556 3006 λέγωσιν,
2585 2937 2916 3000 ἀπεναντίας
2938 2938 3005 3008 τῇ
3030 2937 3152 3006 θείᾳ
3176 2937 3367 3006 ψήφῳ,
3392 2937 3456 2989 σὺ
3480 2936 3539 2992 δδ

1937 3022 2211 3094 καταδέχῃ
2241 3021 2341 3085 τὰς
2390 3022 2734 3092 μαγγανείας
2791 3020 2998 3073 τούτων
3032 3020 3127 3074 καὶ
3158 3020 3256 3083 τὰς
3299 3020 3536 3090 ἐπῳδὰς,

1936 3107 2088 3162 οὐδὲν
2109 3106 2300 3177 ἕτερον
2334 3105 2449 3159 ἀλλ’
2480 3103 2515 3175 ἢ
2540 3104 2764 3167 τούτους
2803 3103 3287 3173 ἀξιοπιστοτέρους
3326 3102 3537 3177 ἐκείνου

1936 3189 2180 3260 νομίζεις
2203 3185 2345 3243 εἶναι
2376 3189 2444 3243 δι’
2474 3185 2550 3243 ὦν
2573 3190 2772 3253 ποιεῖς,
2797 3190 2902 3242 κᾶν
2934 3187 3010 3259 μὴ
3041 3187 3209 3260 λέγῃς
3235 3184 3395 3239 τοῦτο
3424 3190 3537 3250 τοῖς

1938 3275 2202 3345 ῥήμασιν.
2240 3272 2307 3326 EE
2355 3272 2412 3325 δὲ
2446 3273 2476 3326 6
2497 3270 2745 3335 διάϐολος
2777 3270 3264 3343 ἀνθρωποκτόνος,
3316 3268 3537 3338 εὔδηλον

1934 3356 2018 3410 ὅτι
2048 3358 2145 3410 καὶ
2173 3356 2224 3407 οί
2251 3354 2629 3417 διακονοῦντες
2658 3353 2811 3424 αὐτῷ
2835 3354 3112 3425 δαίμονες.
3138 3353 3251 3406 Kal
3288 3351 3448 3405 τοῦτό
3475 3368 3537 3404 σε

1934 3439 2003 3493 δι’
2033 3439 2214 3493 αὐτῶν
2244 3439 2354 3492 τῶν
2384 3438 2563 3510 ἔργων
2584 3438 2909 3496 ἐπαίδευσεν
2937 3440 2966 3490 6
2990 3438 3227 3508 Χριστός
3246 3453 3258 3466 ·
3291 3437 3381 3490 ὅτε
3404 3434 3536 3503 γοῦν

1935 3522 2137 3585 αὐτοὺς
2171 3522 2388 3592 ἀφῆκεν
2419 3523 2683 3591 ἐμπεσεῖν
2713 3523 2793 3583 εἰς
2814 3519 2915 3591 τὴν
2943 3520 3147 3590 ἀγέλην
3178 3518 3287 3572 τῶν
3312 3518 3535 3589 χοίρων,

1935 3605 2334 3660 κατεπόντισαν
2373 3604 2453 3667 εἰς
2497 3604 2591 3657 τὸν
2635 3602 2882 3675 κρημνὸν
2923 3602 3143 3656 ἃπασαν
3173 3600 3273 3672 τὴν
3334 3601 3537 3675 ἀγέλην

1936 3688 2175 3758 ἐκείνην,
2217 3688 2304 3741 ἵνα
2356 3687 2557 3758 μάθῃς,
2604 3673 2809 3739 ὅτικαὶ
2832 3687 2959 3758 τοὺς
2995 3683 3320 3756 ἀνθρώπους
3362 3673 3537 3739 ταῦτὰ

1936 3771 2003 3827 ἂν
2032 3772 2381 3842 εἰργάσαντο,
2414 3768 2839 3833 καὶάπέπνιξαν
2883 3768 3107 3833 εὐθέως,
3134 3769 3183 3820 εἰ
3219 3766 3535 3840 συνεχώρη-

1937 3873 2029 3909 σεν
2053 3856 2238 3918 αὐτοῖς
2260 3856 2288 3906 ὁ
2316 3854 2469 3917 Θεός.
2503 3853 2643 3907 Νυνὶ
2664 3853 2721 3905 δὲ
2743 3851 2906 3917 αὑτὸς
2946 3853 3146 3915 αὐτοὺς
3188 3855 3408 3922 κατεῖχε
3439 3853 3536 3906 καὶ

1933 3939 2197 4007 ἐκώλυσε,
2228 3938 2326 3993 καὶ
2356 3937 2510 3991 οὐδὲν
2531 3938 2685 4007 ἠφίει
2712 3934 2959 3990 τοιοῦτον
2976 3934 3320 4007 ἐργάσασθαι
3338 3949 3356 3967 ⁸
3380 3934 3530 4008 [687]

1934 4023 2210 4079 καὶτοῦτο
2256 4020 2506 4087 ἐξουσίαν
2542 4020 2801 4084 λαϐόντες
2839 4018 2983 4073 κατὰ
3015 4017 3125 4072 τῶν
3173 4016 3373 4088 χοίρων
3408 4016 3534 4086 ἐδήνσ

1932 4110 2136 4160 λωσαν.
2171 4106 2233 4158 El
2254 4105 2367 4177 γάρ
2398 4099 2728 4175 χοίρωνόὑκ
2750 4104 3064 4173 ἐφείσαντο,
3106 4099 3289 4171 πολλῷ
3329 4099 3533 4169 μᾶλλον

1931 4192 2094 4263 ήμῶν
2124 4190 2226 4243 οὐκ
2266 4188 2333 4243 ἂν
2368 4187 2691 4258 ἀπέσχοντο.
2728 4186 2822 4258 Μὴ
2846 4186 3049 4251 τοίνυν,
3075 4185 3328 4254 ἀγαπητὲ
3347 4224 3364 4251 ,
3408 4186 3532 4249 ταῖς

1933 4275 2159 4329 ἐκείνων
2187 4272 2428 4335 ἀπάταις
2455 4269 2802 4342 παρασύρου,
2833 4269 2951 4325 ἀλλ’
3000 4269 3094 4324 ἔσο
3129 4269 3531 4341 ἐστηριγμένος

1934 4362 1993 4414 ἐν
2026 4358 2105 4430 τῷ
2130 4356 2280 4429 φόϐῳ
2309 4355 2404 4409 τοῦ
2430 4353 2588 4409 Θεοῦ.

2006 4462 2132 4526 Πῶς
2157 4460 2215 4514 δὲ
2248 4459 2342 4513 καὶ
2369 4457 2655 4528 εἰσελεύσῃ
2682 4456 2764 4520 εἰς
2788 4454 2889 4528 τὴν
2919 4454 3280 4534 συναγωγὴνς
3307 4455 3405 4513 Ἂν
3428 4454 3531 4526 μὲν

1934 4545 2247 4617 σφραγίσῃς
2293 4542 2356 4596 τὸ
2399 4541 2714 4613 πρόσωπον,
2745 4541 2950 4603 εὐθέως
2982 4538 3335 4609 ἀπεπήδησεν
3373 4541 3405 4608 ή
3433 4554 3532 4590 πο-

1932 4629 2075 4700 νηρά
2107 4624 2337 4698 δύναμις
2376 4626 2410 4695 ἡ
2444 4625 2545 4696 τὴν
2592 4622 2916 4693 συναγωγὴν
2966 4622 3192 4675 οἰκοῦσα
3212 4637 3226 4651 ο
3260 4620 3328 4674 ἂν
3357 4619 3416 4674 δὲ
3453 4619 3529 4692 μὴ

1936 4711 2265 4783 σφραγίσῃς,
2297 4709 2406 4763 ἀπὸ
2425 4708 2534 4761 τῶν
2554 4706 2737 4778 θυρῶν
2766 4706 2969 4769 εὐθέως
3004 4706 3065 4758 τὸ
3083 4704 3246 4758 ὅπλον
3271 4705 3528 4777 ἔρριψαςο

1934 4794 2053 4853 εἶτα
2084 4796 2291 4868 γυμνὸν
2324 4795 2419 4849 καὶ
2452 4794 2652 4849 άοπλόν
2685 4810 2747 4846 σε
2775 4790 2956 4845 λαϐὼν
2986 4793 3015 4844 6
3033 4789 3275 4852 διάϐολος
3301 4827 3318 4850 .
3359 4789 3530 4861 μυρία

1934 4882 2178 4954 διαθήσει
2193 4878 2362 4933 δεινά.
2387 4879 2499 4931 Kal
2520 4877 2574 4930 τί
2592 4875 2699 4948 χρὴ
2716 4874 2970 4944 λέγεσθαι
2986 4873 3161 4927 ταῦτα
3180 4872 3525 4954 παρ’ῖήμῶη

1936 4953 2202 5036 Ὀτιίγὰρ
2236 4963 2332 5017 καὶ
2355 4960 2518 5023 αὐτὸς
2570 4960 2634 5012 σὺ
2667 4958 2932 5030 μεγίστην
2966 4956 3244 5028 ἁμαρτίαν
3276 4953 3416 5009 εῖναι
3442 4972 3532 5009 vo-

1938 5049 2113 5120 μίξεις
2138 5047 2198 5100 τὸ
2221 5045 2451 5116 δραμεῖν
2475 5043 2556 5106 είς
2588 5042 2651 5095 τὸ
2684 5039 2922 5112 πονηρὸν
2962 5040 3140 5093 ἐκεῖνο
3169 5039 3392 5109 χωρίον,
3428 5040 3527 5109 δῆ-

1933 5131 2024 5185 λον
2053 5130 2161 5184 ἀπὸ
2208 5127 2303 5181 τοῦ
2348 5126 2553 5197 τρόπου
2582 5124 2683 5194 τῆς
2732 5123 2994 5192 ἀφίξεως.
3046 5122 3159 5175 Kal
3203 5122 3313 5192 γὰρ
3340 5123 3529 5175 λαθεῖν

1936 5214 2259 5277 σπουδάζεις
2298 5209 2699 5281 ἀφικνούμενος
2752 5209 2956 5272 ἐκεῖσε,
3010 5208 3105 5261 καὶ
3146 5207 3389 5268 οἰκέταις
3436 5206 3530 5258 καὶ

1934 5301 2111 5369 φίλοις
2129 5298 2223 5351 καὶ
2237 5296 2443 5364 γείτοσι
2469 5292 2845 5364 παρακελεύῃ,
2874 5292 2948 5362 μὴ
2968 5294 3248 5344 κατειπεῖν
3275 5308 3368 5342 σου
3394 5292 3530 5358 πρὸς

1932 5388 2059 5446 τοὺς
2090 5381 2291 5453 ἱερέας,
2325 5378 2426 5432 κᾶν
2455 5377 2684 5450 διαϐάλῃ
2708 5394 2813 5440 τις,
2837 5378 3185 5446 ἀγανακτεῖς.
3227 5374 3409 5443 Πόσης
3435 5369 3530 5425 οὖν

1931 5468 2033 5521 οὐκ
2064 5466 2128 5520 ἂν
2160 5465 2244 5536 εἴη
2282 5462 2490 5527 ἀνοίας,
2531 5458 2853 5530 ἀνθρώπους
2892 5458 3187 5531 πειρᾶσθαι
3218 5456 3526 5521 λανθάνειν,

1996 5706 2022 5746 ἆ
2046 5707 2169 5757 Octo
2191 5718 2307 5753 mss.
2332 5700 2815 5764 ἀπετυμπανίσθησαν

2000 5772 2020 5791 ⁶
2054 5769 2183 5815 Savil
2194 5806 2203 5815 .
2232 5769 2386 5814 ὄκνον.

2003 5772 2020 5791 ⁸
2054 5772 2087 5815 S
2123 5769 2203 5815 νἸ.
2291 5783 2386 5813 νον.

2003 5830 2021 5871 Ι
2050 5769 2289 5892 ρῗιίίιιιυῦἔ
2306 5842 2419 5876 mss.
2455 5826 2646 5885 Ἰακὼϐ,
2670 5823 2824 5872 καίτοι
2850 5823 2891 5870 οἱ
2936 5821 3017 5885 μὲν
3046 5820 3197 5871 αὐτῶν
3218 5822 3386 5880 οὕτως.
