4160 6324
655 376 760 432 ou
1371 382 1429 438 s.
1469 383 1755 442 JOANNIS
1787 384 2285 445 CHRYSOSTOMI
2322 391 2645 452 Αιιοιιιερ.
2699 362 3260 485 consummata

650 492 746 546 τοῦ
770 492 826 546 δέ
862 493 997 549 Θεοῦ
1022 496 1276 568 ὁρῶντος,
1296 498 1391 553 τοῦ
1418 501 1694 573 πανταχοῦ
1736 504 2003 575 παρόντος
2024 544 2039 567 ,
2082 505 2235 557 ἀναι-

650 575 898 646 σχύντως
937 579 1036 649 τὴν
1075 582 1420 653 παρανομίαν
1461 583 1667 654 ταύτην
1703 586 1943 657 τολμᾷν;
2004 587 2141 639 Ἀλλ’
2171 589 2231 641 οὐ

646 656 894 739 δέδοικας
920 660 1011 714 τόν
1036 660 1166 715 Θεόν
1186 681 1201 729 ;
1224 664 1433 718 Οὐκοῦν
1455 666 1558 719 κᾶν
1582 668 1780 730 αὐτοὺς
1810 656 2088 739 αἰδέσθητε.
2106 672 2233 733 τοὺς

659 738 965 803 Ἰουδαίους.
1005 743 1185 809 Ποίοις
1226 746 1337 817 γὰρ
1386 749 1588 812 αὐτοὺς
1608 749 1903 819 ὀφθαλμοῖς
1948 738 2104 819 ὅψει;
2137 752 2231 805 καὶ¹

645 819 786 903 ποίῳ
810 822 1026 895 διαλέξῃ
1055 827 1304 897 στόματι,
1335 830 1663 900 Χριστιανὸς
1716 833 1814 901 μὲν
1862 829 1997 885 εἶναι
2036 833 2229 903 ὁμολο-

643 901 780 986 γῶν,
832 906 969 976 πρὸς
1017 907 1074 961 δὲ
1101 909 1203 972 τὰς
1237 912 1461 964 ἐκείνων
1500 913 1711 983 τρέχων
1756 901 2101 982 συναγωγὰς,
2133 918 2231 986 καὶ

641 985 744 1055 τῆς
775 991 795 1015 ⁸
830 992 959 1059 παρ’
986 991 1211 1045 ἐκείνων
1242 993 1493 1064 δεόμενος
1535 995 1825 1066 βοηθείας;
1863 999 1976 1051 Οὐκ
2007 1000 2225 1064 ἐννοεῖς,

641 1066 767 1121 ὅσον
802 1086 895 1123 σου
940 1075 1263 1144 καταχέουσι
1299 1077 1534 1144 γέλωτα,
1569 1080 1670 1132 ὅσα
1704 1081 2048 1150 σκώμματα,
2094 1081 2228 1150 ὅσην

642 1148 957 1220 χλευασίαν,
990 1155 1121 1225 ὅσην
1167 1158 1451 1231 αἰσχύνην,
1510 1162 1635 1215 ὅσον
1667 1148 1887 1226 ὄνειδός)
1926 1163 1975 1214 εί
2025 1164 2120 1217 καὶ

641 1237 917 1305 φανερῶς,
952 1237 1087 1291 ἀλλά
1119 1240 1261 1293 κατά
1291 1243 1354 1295 τὸ
1389 1244 1626 1307 συνειδὸς
1654 1246 1714 1296 τὸ
1752 1244 1997 1308 ἐαυτῶνς

714 1315 778 1368 θ’.
821 1317 983 1371 Ταῦτ’
1010 1316 1124 1386 οὖν,
1157 1322 1279 1375 εἰπέ
1314 1341 1424 1393 μοι,
1458 1325 1671 1396 φορητά
1700 1326 1733 1396 ἢ
1762 1327 1993 1391 ἀνεκτά;
2026 1328 2087 1379 Εἰ
2116 1324 2224 1397 γάρ

644 1397 872 1469 μυρίους
891 1401 1183 1455 ἀποθανεῖν
1214 1404 1479 1469 θανάτους
1509 1408 1637 1472 ἔδει,
1662 1409 1709 1459 εἰ
1737 1408 1847 1478 γὰρ
1863 1407 1932 1460 τὰ
1952 1409 2225 1477 ἀνήκεστα

640 1481 832 1534 παθεῖν
867 1483 916 1545 1³,
949 1485 1008 1535 οὐ
1040 1486 1221 1556 πολλῷ
1257 1488 1464 1557 βέλτιον
1493 1486 1563 1560 ἦν
1590 1490 1804 1543 ἃπαντα
1836 1492 2123 1560 ὑπομεῖναι
2156 1492 2224 1545 τὰ

637 1562 873 1631 χαλεπὰ,
903 1564 936 1633 ἢ
978 1565 1084 1618 τῶν
1116 1569 1329 1638 μιαρῶν
1362 1571 1585 1624 ἐκείνων
1607 1572 1858 1638 γενέσθαι
1891 1572 2103 1638 γέλωτα
2132 1575 2223 1626 καὶ

634 1642 951 1712 χλευασίαν,
984 1649 1077 1700 καὶ
1097 1651 1233 1718 μετὰ
1252 1652 1562 1723 συνειδότος
1588 1653 1686 1723 ζῇν
1720 1653 1959 1724 πονηροῦ
1986 1670 1999 1719 ;
2036 1656 2219 1709 Ταῦτα

635 1723 802 1792 λέγω,
826 1727 923 1797 οὐχ
955 1728 1040 1781 ἵνα
1066 1731 1221 1783 αὐτοὶ
1256 1733 1491 1801 ἀκούητε
1519 1734 1699 1803 μόνον,
1735 1734 1850 1787 ἀλλ’
1870 1723 1971 1788 θῖνα
2004 1738 2128 1800 τοὺς
2150 1738 2218 1791 τὰ

633 1808 857 1861 τοιαῦτα
883 1810 1171 1876 νοσοῦντας
1195 1813 1558 1887 θεραπεύητε.
1588 1817 1801 1878 Ὠσπερ
1845 1817 1952 1889 γὰρ
1991 1820 2219 1883 ἐκείνοις

631 1890 996 1961 ἐγκαλοῦμεν,
1049 1895 1131 1947 ὅτι
1174 1897 1472 1969 ἀσθενοῦσι3
1494 1899 1621 1969 περὶ
1649 1900 1749 1968 τὴν
1797 1900 1997 1963 πίστιν,
2044 1900 2217 1965 οὕτως

632 1972 761 2041 ὑμῖν
783 1976 1141 2046 ἐγκαλοῦμεν,
1182 1978 1263 2030 ὅτι
1306 1981 1433 2042 τοὺς
1456 1972 1835 2044 Ἧισθενοῦντας
1870 1982 2115 2053 διορθοῦν
2154 1986 2213 2036 οὐ

631 2053 908 2137 βούλεσθε.
933 2058 1025 2129 Μὴ
1058 2059 1168 2130 γὰρ
1197 2061 1351 2113 τοῦτό
1375 2062 1494 2113 ἐστι
1527 2062 1586 2113 τὸ
1617 2062 1970 2132 ζητούμενον,
1999 2066 2216 2137 ἀγαπη-

627 2134 710 2200 τέ,
740 2137 827 2190 ἵνα
860 2139 1097 2193 ἐνταῦθα
1130 2141 1313 2194 εἰσιὼν
1338 2141 1579 2214 ἀκούσῃς
1607 2144 1676 2196 τὰ
1718 2144 2022 2215 λεγόμενα;
2057 2134 2215 2201 τοῦτο

631 2218 734 2288 μὲν
760 2216 854 2274 οὖν
886 2222 980 2273 καὶ
1001 2223 1176 2292 κρῖμά
1207 2225 1373 2289 ἐστίν,
1406 2227 1531 2278 ὅταν
1566 2226 1639 2295 μὴ
1669 2231 1844 2297 προσῇ
1880 2232 1945 2299 τῇ
1990 2230 2099 2282 τῶν
2128 2230 2215 2283 λό-

627 2316 740 2369 γων
769 2302 1030 2373 ἀκροάσει
1061 2307 1155 2357 καὶ
1195 2306 1377 2376 ἔργον.
1412 2309 1509 2360 Διά
1548 2309 1706 2361 τοῦτο
1755 2312 2082 2381 Χριστιανὸς
2115 2309 2167 2365 εἴ
2194 2354 2210 2378 ,

627 2382 716 2466 ῖνα
745 2382 837 2455 τὸν
864 2387 1096 2456 Χριστὸν
1131 2391 1294 2459 μιμῇ,
1324 2390 1550 2452 καὶτοῖς
1579 2391 1787 2443 ἐκείνου
1821 2393 1982 2466 πείθῃ
2005 2395 2211 2463 νόμοις.

626 2464 693 2517 Τί
717 2466 806 2519 δαὶ
830 2469 1035 2530 ἐκεῖνος
1070 2470 1360 2539 ἐποίησεν;
1404 2473 1519 2524 Οὐκ
1550 2475 1607 2524 ἐν
1651 2464 2045 2546 Ἱεροσολύμοις
2088 2478 2215 2530 καθ-

626 2548 827 2619 ἥμενος
849 2549 1033 2603 ἐκάλει
1061 2552 1197 2621 πρὸς
1222 2553 1413 2606 ἐαυτὸν
1445 2560 1571 2616 τοὺς
1594 2554 1936 2626 ἀρρώστους,
1960 2558 2097 2611 ἀλλὰ
2122 2576 2214 2611 πε-

626 2626 770 2702 ριῄει
796 2632 983 2695 πόλεις
1034 2636 1129 2686 καὶ
1177 2635 1391 2705 κώμας,
1428 2638 1705 2709 ἑκατέρων
1751 2638 1848 2708 τὴν
1896 2641 2210 2713 ἀρρωστίαν

624 2713 967 2785 θεραπεύων,
986 2716 1081 2767 καὶ
1102 2714 1199 2787 τὴν
1224 2716 1319 2769 τοῦ
1344 2717 1614 2788 σώματος,
1634 2724 1729 2773 καὶ
1756 2720 1855 2791 τὴν
1879 2721 1976 2791 τῆς
2009 2722 2208 2793 ψυχῆς.

622 2798 815 2851 Καίτοι
847 2814 912 2865 γε
959 2797 1187 2851 ἐδύνατο
1237 2801 1296 2853 ἐν
1325 2802 1405 2853 ἐνὶ
1434 2802 1746 2873 καθήμενος
1792 2804 1941 2874 τόπῳ
2000 2807 2209 2870 πάντας

622 2878 850 2933 ἑλκύσαι
889 2880 1025 2950 πρὸς
1053 2881 1248 2935 ἑαυτόν
1267 2900 1281 2912 ·
1312 2883 1429 2935 ἀλλ’
1458 2885 1558 2937 οὐκ
1591 2886 1817 2954 ἐποίησε
1845 2886 2031 2951 τοῦτο,
2077 2890 2208 2959 ἡμῖν

620 2960 801 3024 διδοὺς
840 2962 1143 3035 ὑπόδειγμα
1193 2967 1274 3028 εἰς
1322 2966 1384 3018 τὸ
1412 2969 1683 3039 περιιέναι
1718 2969 1812 3020 καὶ
1855 2969 2038 3038 ζητεῖν
2080 2973 2207 3036 τοὺς

620 3044 1051 3114 ἀπολλυμένους.
1094 3046 1264 3100 Πάλιν
1297 3050 1389 3102 καὶ
1411 3048 1499 3103 διά
1530 3050 1630 3120 τῆς
1671 3050 1811 3103 κατά
1851 3052 1942 3104 τὸν
1973 3053 2207 3122 ποιμένα

620 3125 935 3198 παραδολῆς
956 3127 1115 3181 τοῦτο
1146 3130 1384 3199 ᾐνίξατο.
1413 3132 1523 3185 Καὶ
1548 3133 1654 3202 γὰρ
1689 3134 1789 3187 οὐκ
1819 3135 2042 3189 ἐκάθισε
2070 3136 2209 3206 μετὰ

620 3206 729 3261 τῶν
757 3210 1245 3280 ἐνενηκονταεννὲα
1269 3213 1578 3285 προδάτων,
1609 3215 1703 3289 κα).
1723 3218 1976 3289 ἀνέμεινε
1997 3221 2058 3273 τὸ
2078 3220 2211 3273 πλα-

619 3291 863 3371 νῶμενον
908 3293 1081 3347 ἐλθεῖν
1110 3297 1247 3366 πρὸς
1276 3296 1461 3363 αὐτὸν,
1511 3298 1626 3351 ἀλλ’
1653 3300 1814 3363 αὐτὸς
1842 3302 2073 3371 ἀπῆλθε,
2115 3305 2209 3357 καὶ

617 3368 771 3444 εὗρε,
799 3376 895 3428 καὶ
933 3377 1109 3446 εὑρὼν
1156 3381 1249 3432 καὶ
1291 3379 1592 3434 ἐϐάστασεν
1616 3382 1707 3436 ἐπὶ
1734 3383 1844 3437 τῶν
1873 3368 2069 3455 ὤμων,
2111 3388 2209 3440 καὶ

618 3458 974 3528 ἀπεκόμισεν.
1010 3461 1123 3530 Ούχ
1178 3464 1311 3533 ὁρᾷς
1358 3464 1604 3528 καὶτοὺς
1647 3468 1863 3536 ἰατροὺς
1886 3469 2017 3521 αὐτὸ
2046 3470 2207 3523 τοῦτο

612 3541 910 3606 ποιοῦντας
932 3559 946 3607 ;
966 3546 1067 3597 ούκ
1092 3544 1464 3612 ἀναγκάζουσι
1491 3548 1617 3609 τοὺς
1634 3548 1955 3619 ἀρρώστους
1983 3554 2077 3605 ἐπὶ
2095 3554 2206 3606 τῶν

618 3624 890 3679 κλινιδίων
922 3628 1348 3698 κατακειμένους
1381 3631 1462 3692 εἰς
1493 3629 1593 3693 τὰς
1623 3630 1798 3694 οἰκίας
1830 3634 2009 3687 αὐτῶν
2039 3636 2205 3707 φέρε-

621 3706 771 3772 σθαι,
808 3707 921 3761 ἀλλ’
952 3710 1105 3762 αὐτοὶ
1124 3711 1379 3780 τρέχουσι
1414 3711 1551 3781 πρὸς
1596 3713 1857 3777 ἐκείνους.
1910 3717 2080 3770 Τοῦτο
2112 3706 2204 3773 καὶ

616 3788 687 3873 σὺ
710 3782 956 3873 ποίηέον,
983 3790 1134 3864 [688]
1168 3793 1438 3861 ἀγαπητὲ,
1463 3793 1618 3856 εἰδὼς
1651 3796 1733 3849 ὃτι
1771 3797 1978 3868 βραχὺς
1998 3803 2023 3852 ό
2058 3819 2202 3873 παρ-

615 3868 694 3923 ὼν
725 3870 857 3940 βίος,
902 3873 1005 3928 κᾶν
1038 3873 1112 3944 μὴ
1146 3874 1319 3927 ταῦτα
1354 3876 1705 3947 κερδάνωμεν
1732 3878 1803 3930 τὰ
1833 3881 2019 3952 κέρδη.
2054 3868 2203 3938 οὐδἐ-

619 3954 753 4023 μίαν
786 3955 979 4026 ἕξομεν
1022 3960 1137 4009 ἐκεῖ
1176 3959 1471 4028 σωτηρίαν.
1510 3959 1743 4014 Δύναται
1792 3963 2051 4029 πολλάκις
2102 3969 2201 4037 μία

615 4037 945 4121 κερδηθεῖσα
973 4038 1119 4111 ψυχὴ
1150 4042 1358 4112 μυρίων
1399 4042 1563 4110 ὄγκον
1609 4045 2025 4117 ἁμαρτημάτων
2053 4050 2213 4121 ἀφαέ

616 4119 785 4184 νίσαι,
812 4122 907 4174 καὶ
926 4122 1178 4190 γενέσθαι
1209 4126 1343 4194 ἡμῖν
1365 4124 1658 4195 ἀντίψυχον
1691 4129 1749 4181 ἐν
1772 4130 1953 4201 ἐκείνῃ
1979 4134 2044 4203 τῇ
2068 4119 2201 4204 ήμέ-

618 4217 707 4272 pq.
748 4204 1029 4275 Ἐννόησον
1061 4205 1147 4259 διὰ
1178 4206 1231 4258 τί
1261 4207 1559 4278 προφῆται,
1590 4209 1677 4262 διά
1710 4210 1761 4262 τί
1782 4212 2088 4282 ἀπόστολοι,
2108 4218 2197 4273 διὰ

613 4283 670 4366 τί
686 4283 906 4350 δίκαιοι,
941 4286 1030 4340 διά
1064 4287 1115 4341 τί
1143 4288 1364 4357 ἄγγελοι
1393 4290 1652 4356 πολλάκις
1688 4293 2069 4366 ἐπέμφθησαν,
2104 4299 2195 4355 διὰ

610 4364 668 4455 τί
688 4366 850 4455 αὐτὸς
880 4370 918 4455 ό.
947 4371 1241 4455 μονογενὴς
1258 4371 1390 4455 ΫΥἰδς
1409 4372 1504 4425 τοῦ
1534 4374 1668 4427 Θεοῦ
1700 4364 2032 4447 παρεγένετο
2052 4398 2066 4411 ·
2094 4383 2193 4455 οὐχ

612 4447 705 4501 ἶνα
749 4449 1069 4521 ἀνθρώπους
1110 4454 1380 4526 διασώσῃ;
1438 4456 1537 4527 οὐχ
1591 4458 1679 4511 ἵνα
1739 4447 2192 4534 πεπλανημένους

674 4596 704 4667 ξ
728 4596 882 4667 §_avil.
903 4600 1018 4667 πρὸς
1035 4602 1155 4650 δέτά
1175 4604 1241 4652 ἐκ.
1270 4606 1470 4667 τρέχων,
1495 4605 1576 4653 καὶ
1596 4612 1696 4664 τῆς.

677 4657 708 4698 ι
723 4657 1033 4736 Ξὶοιῑξειίιιιρ
1057 4676 1168 4736 ραι-ε
1193 4657 1653 4736 ωειλίιιέἒιςὶῥεοτυωέ
1667 4657 1885 4736 ’Δί-εόὶιὶ
1906 4672 2192 4736 «unauna-

608 4723 685 4776 οη.
723 4719 835 4799 I_ox
1109 4726 1190 4773 τὸν
1207 4728 1379 4799 μιαρὸν
1402 4719 1597 4799 ἐκεῖνον,
1621 4728 1773 4799 Βᾳνὶι.
1799 4744 1917 4784 vero

608 4795 723 4845 pars
736 4786 1180 4847 manuscriplorum
1202 4786 1233 4846 ἢ
1256 4786 1351 4836 τῶν
1374 4790 1554 4853 μιαρῶν
1578 4786 1785 4842 ἐκείνων.

3830 396 3947 453 9ιὲ

2338 509 2699 581 ἐπαναγάγῃ;
2733 509 2905 563 Τοῦτο
2942 511 3037 563 καὶ
3073 511 3137 563 σὺ
3169 508 3394 579 ποίησον
3426 509 3566 562 κατὰ
3584 508 3818 581 δύναμιν
3838 514 3945 586 τὴν

2337 590 2456 661 σὴν,
2494 594 2589 645 καὶ
2613 594 2794 645 πᾶσαν
2818 593 3054 664 σπουδὴν
3102 592 3369 657 ἐπίδειξαι
3408 593 3504 646 καὶ
3553 592 3812 665 πρόνοιαν
3853 600 3945 652 εἰς

2334 673 2432 743 τὴν
2469 674 2579 727 τῶν
2601 675 3039 746 πεπλανημένων
3083 676 3366 731 ἐπάνοδον.
3404 675 3589 729 Ταῦτα
3638 676 3765 730 καθ’
3802 680 3944 733 ἐκά-

2336 773 2467 826 στην
2507 757 2634 827 ύμῖν
2682 757 2967 828 παραινῶν
3025 758 3245 823 σύναξιν
3295 758 3356 811 οὐ
3404 757 3771 829 διαλιμπάνω,
3824 762 3942 815 κᾶν

2334 839 2661 909 προσέχητε,
2692 840 2796 894 κᾶν
2828 841 2904 912 μὴ
2934 842 3261 913 προσέχητε,
3292 841 3403 909 ἐγὼ
3424 841 3599 909 λέγων
3631 843 3690 894 οὐ
3723 844 3941 897 παύσο-

2335 937 2455 989 μαι.
2483 921 2655 974 Τοῦτο
2688 923 2795 995 γάρ
2840 925 2973 993 ήμῖν
3007 924 3160 994 παρά
3189 924 3283 976 τοῦ
3314 922 3449 977 Θεοῦ
3507 924 3692 994 νόμος,
3751 927 3818 979 ἄν
3872 943 3940 979 τε

2330 1001 2539 1075 ἀκούσῃ
2558 1020 2677 1065 τις,
2713 1004 2778 1058 ἀν
2803 1022 2864 1057 τε
2901 1005 2977 1077 μὴ
3020 1005 3254 1079 ἀκούσῃ,
3285 1006 3387 1077 τὴν
3415 1005 3693 1059 διακονίαν
3719 1007 3937 1079 ταύτην

2328 1084 2593 1156 πληροῦν.
2643 1086 2785 1140 Ἀλλ’
2810 1088 2906 1143 ἐὰν
2960 1090 3060 1159 μὲν
3102 1089 3377 1158 ἀκούσητε
3410 1089 3505 1142 καὶ
3538 1090 3803 1160 ποιήσητε
3858 1092 3938 1144 τὰ

2327 1165 2598 1237 λεγόμενα
2626 1210 2640 1234 ,
2685 1170 2826 1239 μετὰ
2860 1172 3067 1242 πολλῆς
3093 1172 3226 1225 αὐτὸ
3260 1170 3420 1225 τοῦτο
3448 1171 3801 1241 ἐργασόμεθα
3827 1174 3935 1242 τῆς

2326 1249 2522 1319 ἡδονῆς
2540 1267 2553 1280 ·
2580 1252 2646 1303 ἂν
2671 1251 2729 1304 δὲ
2758 1253 3075 1324 ἀμελήσητε
3109 1255 3203 1307 καὶ
3227 1252 3607 1324 ρᾳθυμήσητε,
3634 1254 3776 1324 μετὰ
3797 1254 3936 1307 πολ-

2327 1331 2424 1403 λῆς
2454 1334 2555 1403 τῆς
2586 1333 2849 1404 ἀθυμίας.
2906 1338 3071 1407 Ἡμῖν
3118 1338 3218 1409 μὲν
3273 1337 3382 1407 γάρ
3421 1340 3485 1390 ἐκ
3515 1340 3616 1407 τῆς
3647 1338 3938 1408 ὑμετέρας

2327 1416 2617 1485 παρακοῆς
2644 1416 2820 1480 οὐδεὶς
2848 1418 3002 1471 ἔσται
3032 1418 3217 1472 λοιπὸν
3248 1419 3492 1482 κίνδυνος
3510 1434 3523 1447 ·
3556 1420 3617 1472 τὸ
3646 1422 3756 1490 γάρ
3779 1421 3933 1491 ἡμέ-

2324 1514 2484 1567 τερον
2518 1498 2665 1552 ἀπαν
2692 1498 3133 1573 ἐπληριιῦσειμεν⁸
3170 1503 3309 1573 πλὴν
3346 1502 3485 1555 ἀλλά
3531 1504 3633 1556 κᾶν
3696 1504 3770 1573 μὴ
3806 1521 3933 1556 κιν-

2322 1578 2631 1650 δυνεύωμεν
2646 1580 2725 1651 τῷ
2752 1584 3175 1653 πεπληρωκέναι
3198 1582 3265 1637 τά
3291 1587 3418 1655 παρ’
3441 1583 3653 1636 ἑαυτῶν
3678 1584 3927 1647 ᾶπαντα,

2323 1660 2597 1731 ἀλγοῦμεν
2623 1664 2777 1732 ὑμῶν
2804 1666 3222 1735 ἐγκαλουμένων
3241 1666 3385 1719 κατά
3411 1668 3511 1738 τὴν
3538 1667 3752 1738 ἡμέραν
3784 1670 3877 1721 ἐκε
3889 1669 3932 1718 ί-

2323 1761 2440 1815 νην.
2476 1747 2549 1798 Οὐ
2585 1746 2695 1818 γὰρ
2735 1749 3021 1813 ἀκίνδυνος
3058 1752 3187 1821 ὑμῖν
3216 1750 3371 1803 ἔσται
3400 1753 3433 1821 ή
3462 1751 3761 1822 ἀκρόασις,
3789 1752 3931 1807 ὅταν

2322 1831 2355 1898 ή
2375 1829 2461 1882 διὰ
2484 1830 2590 1882 τῶν
2605 1832 2783 1900 ἔργων
2808 1833 3091 1904 προσθήκη
3122 1836 3196 1905 μὴ
3224 1836 3475 1905 γένηται.
3502 1837 3769 1888 ’Ἄκουσον
3786 1836 3930 1902 γοῦν

2321 1913 2437 1976 πῶς
2459 1916 2571 1975 τοῖς
2599 1916 2939 1981 διδασκάλοις
2958 1917 3208 1985 ἐγκαλῶν
3236 1920 3348 1980 τοῖς
3382 1918 3800 1988 ἀποκρύπτουσι
3824 1919 3929 1972 τὸν

2320 1994 2476 2061 λόγον
2506 1998 2535 2046 ὁ
2558 1997 2815 2064 Χριστὸς,
2839 2001 2936 2051 καὶ
2967 2003 3093 2063 τοὺς
3121 2000 3596 2070 μαθητευομένους
3621 2000 3923 2070 ἐφόὸησεν.

2317 2077 2501 2130 Εἰπὼν
2540 2080 2669 2146 γάρ,
2719 2082 2880 2136 Ἔδει
2902 2098 2977 2136 σε
2998 2075 3458 2138 καταϐαλεῖν-’τὸ
3481 2085 3768 2153 ἀργύριόν
3793 2104 3927 2153 μου

2316 2160 2413 2213 ἐπὶ
2432 2160 2576 2225 τοὺς
2596 2163 2941 2231 τραπεζῖτας
2970 2182 2982 2194 ·
3008 2166 3101 2219 καὶ
3136 2165 3458 2239 ἐπαγαγὼν,
3490 2167 3573 2218 ὅτι
3612 2168 3788 2237 Κάγὼ
3814 2169 3927 2221 ἐλ-

2317 2242 2444 2297 θὼν
2488 2248 2634 2309 μετὰ
2690 2247 2871 2301 τόκου
2912 2248 2991 2301 ἂν
3036 2250 3325 2317 ἀπῄτησα
3363 2248 3534 2313 αὐτὸ,
3570 2250 3795 2315 ἔδειξεν,
3832 2252 3925 2304 ὅτι

2321 2326 2458 2393 μετά
2486 2327 2585 2396 τὴν
2614 2329 2878 2399 ἀκρόασιν
2908 2330 3100 2399 (τοῦτο
3124 2331 3233 2402 γάρ
3258 2333 3407 2382 ἐστιν
3434 2333 3466 2401 ή
3507 2331 3602 2384 τοῦ
3640 2333 3923 2404 ἀργυρίου

2316 2406 2635 2477 καταϐολὴ),
2651 2411 2775 2473 τοὺς
2793 2412 3232 2483 ὑποδεξαμένους
3249 2414 3349 2481 τὴν
3376 2413 3729 2466 διδασκαλίαν
3749 2416 3924 2468 τόκον

2313 2488 2646 2558 ἐργάζεσθαι
2681 2494 2808 2562 χρή.
2843 2495 3012 2558 Τόκος
3048 2495 3104 2548 δὲ
3148 2495 3499 2558 διδασκαλίας
3532 2496 3685 2549 οὐδὲν
3720 2496 3925 2568 ἕτερόν

2314 2572 2483 2634 ἐστιν,
2512 2573 2626 2625 ἀλλ’
2668 2575 2761 2645 ἢή
2792 2576 2881 2630 διά
2920 2577 3027 2631 τῶν
3060 2577 3237 2648 ἔργων
3275 2577 3556 2645 ἐπίδειξις.
3623 2578 3777 2633 Ἐπεὶ
3818 2578 3923 2635 οὖν

2315 2654 2408 2736 καὶ
2439 2654 2601 2723 ἡμεῖς
2636 2657 3012 2729 κατεϐάλομεν
3055 2660 3118 2713 τὸ
3151 2654 3414 2730 ἀργύριον
3473 2663 3554 2724 εἰς
3594 2662 3694 2732 τὴν
3737 2664 3922 2736 ἀκοὴν

2313 2733 2411 2802 τὴν
2438 2736 2751 2807 ὑμετέραν,
2794 2741 3010 2813 ἀνάγκη
3054 2741 3260 2807 λοιπὸν,
3303 2745 3450 2814 ὑμᾶς
3497 2745 3793 2799 ἀποδοῦναι
3820 2733 3922 2801 τδν

2310 2816 2468 2869 τόκον
2499 2818 2577 2889 τῷ
2591 2819 2850 2894 δεσπότῃ,
2880 2824 3151 2887 τουτέστι,
3182 2825 3282 2896 τὴν
3317 2827 3593 2898 σωτηρίαν
3616 2829 3726 2881 τῶν
3750 2831 3920 2883 ἀδελ-

2314 2900 2430 2967 φῶν
2446 2900 2556 2953 τῶν
2585 2902 2891 2974 ὑμετέρων.
2929 2906 3092 2959 Ὥστε
3118 2908 3167 2958 εἰ
3202 2907 3417 2977 μένοιτε
3440 2910 3613 2963 ταῦτα
3649 2911 3923 2983 κατέχον-

2309 2997 2401 3044 τες
2429 2982 2496 3035 τά
2527 2985 2795 3054 εἰρημένα
2822 2988 3002 3057 μόνον,
3026 2990 3122 3042 καὶ
3153 2990 3320 3061 μηδὲν
3344 2993 3403 3044 ἐν
3435 2994 3651 3057 ἐαυτοῖς
3680 2994 3929 3063 ἐργαζό-

2314 3080 2488 3133 μενοι,
2516 3066 2730 3121 δέδοικα
2761 3069 2836 3140 μὴ
2857 3071 2955 3142 τὴν
2980 3073 3151 3144 αὐτὴν
3181 3074 3262 3143 τῷ
3291 3075 3353 3127 τὸ
3374 3076 3637 3130 τάλαντον
3668 3083 3919 3150 κατορύ-

2312 3146 2463 3211 ξαντι
2513 3148 2653 3202 δῶτε
2704 3151 2884 3223 δίκην.
2936 3156 3047 3207 Καὶ
3080 3155 3190 3227 γάρ
3234 3158 3443 3221 ἐκεῖνος
3464 3158 3551 3212 διὰ
3577 3158 3738 3213 τοῦτο
3773 3146 3919 3228 τοὺς

2312 3229 2477 3315 πόδας
2500 3232 2590 3283 καὶ
2619 3234 2718 3296 τάς
2747 3239 2937 3305 χεῖρας
2957 3237 3149 3301 δεθεὶς,
3176 3241 3258 3303 είς
3280 3241 3341 3294 τὸ
3373 3242 3564 3304 σκότος
3594 3243 3828 3315 ἐξήγετο
3854 3245 3921 3299 τὸ

2309 3312 2708 3399 ἐξώτερον,-ὃτι
2743 3320 2845 3371 οὐκ
2873 3320 3168 3390 ἐξήνεγκεν
3198 3326 3277 3386 εἰς
3302 3324 3523 3396 ἐτέρους
3558 3312 3704 3397 άπερ
3738 3329 3963 3399 ήκουπ,

2311 3412 2421 3449 σεν.
2454 3396 2551 3449 ’¹Ιν’
2578 3394 2670 3452 οὖν
2702 3400 2776 3470 μὴ
2805 3403 2899 3453 καὶ
2925 3404 3088 3472 ήμεῖς
3125 3406 3195 3457 τά
3222 3406 3367 3459 αὐτὰ
3396 3394 3683 3478 πάθωμεν,
3720 3394 3814 3463 τδν
3842 3413 3919 3466 τά

2308 3477 2469 3565 πέντε
2494 3479 2812 3565 δεξάμενον,
2844 3485 2939 3536 καὶ
2963 3485 3055 3537 τὸν
3077 3485 3149 3538 τὰ
3171 3486 3264 3540 δύο
3284 3489 3542 3553 τάλαντα,
3566 3477 3918 3565 μιμησὼμε-

2307 3559 2375 3612 θα
2395 3577 2407 3589 ·
2437 3561 2539 3614 κάν
2562 3579 2628 3647 ,τε
2664 3563 2841 3631 λόγον,
2874 3565 2976 3619 κᾶν
3002 3584 3061 3619 τε
3088 3571 3377 3639 χρήματα,
3408 3574 3511 3627 κάν
3550 3559 3609 3626 τε
3644 3559 3917 3647 σώματος

2307 3644 2491 3705 πόνον,
2515 3646 2618 3697 κᾶν
2647 3647 2835 3717 εὐχὴν,
2861 3648 2963 3701 κᾶν
2991 3649 3105 3702 ἀλλ’
3125 3653 3304 3706 ὁτιοῦν
3332 3657 3412 3718 εἰς
3430 3656 3529 3727 τὴν
3554 3657 3649 3710 τοῦ
3669 3644 3915 3731 πλησίον

2307 3728 2584 3796 σωτηρίαν
2616 3729 2895 3790 ἀναλῶσαι
2917 3731 3111 3802 δεήσῃ,
3149 3734 3223 3805 μὴ
3255 3736 3614 3808 ὀκνήσωμεν,
3647 3742 3734 3794 ἵνα
3764 3728 3916 3798 ⁷πειν-

2302 3809 2530 3877 ταχόθεν
2560 3810 2621 3863 τὸ
2647 3812 2796 3883 παρά
2823 3813 2918 3865 τοῦ
2953 3814 3089 3867 Θεοῦ
3125 3815 3279 3871 δοθὲν
3322 3821 3454 3889 ἡμῖν
3491 3822 3754 3876 τάλαντον
3778 3827 3915 3880 ἀνα-

2302 3890 2477 3960 λόγως
2509 3894 2727 3949 ἐκαστοι
2768 3896 3308 3981 πολυπλασιάσαντες
3332 3902 3653 3976 δυνηθῶμεν
3671 3907 3775 3978 τῆς
3804 3929 3914 3981 μα-

2303 3976 2501 4045 καρίας
2527 3978 2743 4050 ἐκείνης
2768 3978 3004 4036 ἀκοῦσαι
3029 3984 3235 4055 φωνῆς,
3263 3981 3374 4052 Εὖ,
3392 3987 3577 4043 δοῦλε
3590 3976 3782 4060 ἀγαθὲ

2300 4060 2499 4121 πιστὲ,
2532 4062 2629 4115 ἐπὶ
2659 4064 2837 4133 ὀλίγα
2859 4061 2938 4136 ἧς
2968 4067 3207 4134 πιστὸς,
3225 4068 3321 4123 ἐπὶ
3342 4071 3594 4125 πολλῶν
3618 4090 3692 4129 σε
3715 4093 3907 4132 κατα-

2299 4141 2510 4224 στήσω
2529 4162 2541 4171 ·
2577 4147 2819 4202 εἴσελθε
2849 4153 2939 4215 εἰς
2966 4150 3084 4219 τὴν
3110 4151 3306 4219 χαρὰν
3336 4155 3443 4208 τοῦ
3490 4157 3716 4224 Κυρίου
3754 4178 3904 4220 σου.

2299 4220 2410 4315 Ἧς
2438 4229 2646 4315 γένοιτο
2685 4232 2893 4297 πάντας
2929 4236 3078 4305 ἡμᾶς
3111 4239 3409 4307 ἐπιτυχεῖν,
3430 4220 3614 4311 χάριτι
3647 4235 3909 4315 καὶ’φιλο

2301 4310 2589 4394 ανθρωπίᾳ
2614 4315 2731 4394 Ατοῦ
2766 4317 2974 4388 Κυρίου
3035 4318 3195 4390 ήμῶν
3237 4321 3412 4391 Ἰησοῦ
3439 4310 3703 4394 Χριστοῦ,
3736 4310 3809 4381 διῖ
3836 4324 3902 4384 οὗ

2300 4393 2394 4484 καὶἒ
2418 4395 2539 4464 μεθ’
2578 4390 2639 4484 οὗ
2662 4398 2739 4469 τῷ
2768 4402 2947 4472 Πατρὶ
2982 4404 3015 4473 ή
3044 4402 3173 4469 δόξα
3202 4404 3378 4457 καὶτὸ
3412 4390 3634 4475 κράτος,
3673 4410 3794 4480 ἅμα
3818 4413 3902 4484 τῷ

2300 4474 2441 4549 ἀγίῳ
2465 4480 2766 4552 Πνεύματι,
2789 4486 2870 4549 εἰς
2888 4487 3016 4550 τοὺς
3039 4487 3244 4551 αἰῶνας
3258 4487 3371 4541 τῶν
3389 4474 3622 4547 αἰώνων.
3637 4474 3818 4569 Ἀμήν
3845 4474 3899 4554 ε’.

2366 4682 2522 4760 cum]?
2543 4696 2659 4760 ξοδδ.
2690 4695 2802 4760 ρρςξ
2822 4689 2948 4760 ἀμήν
2970 4688 3158 4760 ha_b_ent
3168 4693 3446 4760 τετέλεσται
3468 4694 3556 4760 σὺν
3582 4697 3693 4760 Θεῷ
3718 4699 3780 4760 τά
3804 4718 3905 4751 κοι-

2371 4706 2385 4709 -
2417 4706 2522 4731 υυυ
2545 4706 2659 4733 mss.
2691 4706 2802 4748 post.
2822 4706 2854 4737 α
2889 4707 2948 4746 ην
2972 4706 3158 4739 nauem.
3174 4706 3446 4742 τετελεσται
3468 4706 3556 4743 σὺν
3582 4706 3693 4760 Θεῷ
3718 4706 3780 4748 τὰ
3804 4718 3895 4751 κοι-

2296 4742 2750 4827 ῖδξὲεὲξξίξξνειέῖι
2775 4706 2995 4827 ένηέῆρις
3025 4752 3214 4827 ματρὸς
3242 4756 3381 4827 ἡμῷν
3403 4755 3632 4827 ,τευάνγου
3652 4759 3744 4827 τοῆ
3765 4764 3895 4827 xw-

2298 4807 2543 4866 σοστόμου
2563 4807 2611 4854 ἐν
2634 4810 2791 4873 λόγοις
2812 4807 3045 4867 ἐξ.ὐιιιιε
3076 4807 3244 4864 αυίθῠι
3263 4807 3416 4866 habet
3440 4818 3489 4866 ἐν
3517 4819 3675 4882 λόγοις
3696 4807 3763 4871 ε’.
