4142 6332
144 397 249 455 9M

134 527 265 567 cum
290 526 419 567 vero
439 511 578 566 Deus
601 510 780 565 videat
803 511 996 581 ubique
1023 523 1283 581 praesens,
1311 509 1562 579 perfricta
1590 507 1726 563 facie

136 611 350 657 tantum
390 590 593 657 facinus
634 602 872 657 audere?
899 601 1005 657 Sed
1036 617 1141 657 non
1169 602 1325 657 times
1351 601 1561 656 Deum?
1588 602 1728 671 Ergo

134 697 332 752 saltem
378 695 523 764 ipsos
567 709 814 750 reverere
854 694 1086 750 Judreos.
1132 694 1334 763 Quibus
1375 694 1519 748 enim
1562 694 1730 748 oculis

135 786 289 856 ipsos
319 785 644 840 intueberis?
669 785 784 852 Quo
813 800 908 840 ore
932 784 1221 855 alloqueris
1244 825 1259 851 ,
1302 784 1428 839 dum
1470 783 1728 854 proﬁtens

134 886 192 930 te
219 892 339 932 esse
360 876 742 942 Christianum,
771 887 945 930 tamen
967 876 1032 929 ad
1062 877 1274 930 illorum
1300 877 1469 930 curris
1497 890 1727 945 synago-

132 981 253 1036 gas,
283 975 338 1021 et
366 966 433 1020 ab
462 967 568 1021 illis
594 982 750 1037 opem
780 967 1070 1036 imploras?
1101 966 1215 1021 Non
1246 966 1531 1036 perpendis
1554 982 1727 1036 quan—

135 1068 251 1111 tum
284 1060 448 1112 risum
474 1060 527 1113 in
559 1069 611 1113 te
640 1058 943 1124 eﬂ‘undeut,
978 1068 1109 1129 quot
1133 1070 1447 1125 scommata,
1473 1072 1724 1130 quantam

133 1149 613 1204 subsannationem
635 1190 651 1216 ,
680 1160 875 1219 quanta
906 1150 1168 1204 dedecora
1188 1191 1204 1218 ,
1240 1160 1489 1220 quantam
1519 1152 1725 1205 irrisio-

132 1254 299 1306 ncm,
345 1249 539 1308 quanta
586 1240 801 1308 probra,
844 1240 943 1295 etsi
985 1257 1093 1295 non
1137 1241 1330 1311 palam,
1372 1251 1520 1297 certe
1548 1242 1601 1296 in
1629 1256 1725 1297 sua

98 1358 103 1363 ι
131 1330 375 1401 ipsorum
406 1333 770 1387 conscientia?

209 1420 264 1474 9.
295 1420 524 1475 Proinde
543 1422 627 1475 die
652 1423 801 1488 mihi,
828 1422 1063 1478 haeccine
1088 1431 1215 1477 sunt
1240 1423 1558 1491 tolerabilia,
1584 1425 1725 1479 haec-

131 1509 257 1563 cine
285 1508 542 1564 ferenda?
567 1511 793 1566 Etiamsi
824 1513 967 1567 mille
1004 1523 1208 1567 mortes
1236 1514 1342 1569 sint
1369 1515 1684 1584 Oppetendae
1704 1558 1719 1581 ,

136 1606 195 1653 et
220 1600 535 1669 gravissima
565 1601 843 1656 toleranda
886 1602 994 1657 sint
1022 1603 1159 1656 mala
1178 1645 1193 1669 ,
1234 1618 1413 1658 nonne
1436 1606 1605 1659 multo
1633 1620 1722 1659 sa-

132 1690 241 1745 tius
266 1700 383 1744 erat
409 1706 596 1747 omnes
640 1691 758 1747 illas
804 1693 1011 1762 perpeti
1055 1693 1420 1759 calamitates,
1463 1710 1622 1764 quam
1668 1704 1724 1750 ut

131 1781 239 1837 iste
266 1782 615 1838 scelestorum
646 1784 787 1838 risus
812 1791 868 1839 et
893 1785 1238 1840 subsannatio
1272 1785 1422 1841 fieret
1446 1827 1459 1850 ,
1487 1801 1551 1840 ac
1582 1803 1722 1855 prte-

131 1880 283 1927 terea
308 1887 430 1926 cum
457 1873 595 1927 mala
619 1873 943 1942 conscientia
966 1873 1272 1929 viveretur?
1299 1875 1424 1929 Haec
1452 1890 1558 1929 non
1578 1876 1721 1943 dico,

131 1972 191 2016 ιιι
217 1963 445 2017 audiatis
472 1972 697 2031 tantum,
724 1980 909 2019 verum
935 1965 1095 2021 etiam
1128 1972 1185 2019 ut
1212 1965 1294 2019 his
1338 1966 1543 2020 morbis
1573 1966 1729 2021 lubn-

129 2064 315 2110 rantes
343 2058 562 2110 sanetis.
591 2056 1044 2121 Quemadmodum
1074 2057 1214 2111 enim
1247 2056 1367 2110 illos
1396 2058 1720 2122 incusamus,

128 2147 276 2215 quod
305 2146 513 2201 infirma
545 2149 651 2201 sint
682 2148 784 2203 fide
812 2166 825 2201 :
852 2149 930 2203 sic
955 2157 1009 2203 et
1034 2164 1151 2215 vos,
1176 2149 1316 2218 quod
1346 2150 1586 2204 inlirmos
1611 2164 1726 2204 cor-

129 2237 308 2304 rigere
337 2252 443 2291 non
472 2238 664 2291 velitis.
689 2238 806 2292 Non
835 2239 994 2309 igitur
1024 2238 1127 2292 hoc
1153 2248 1236 2294 est
1271 2239 1413 2309 quod
1442 2242 1718 2310 quaeritur,

128 2326 351 2392 dilecte,
380 2335 437 2381 ut
464 2328 569 2382 huc
595 2329 867 2409 ingressus
908 2338 1113 2383 tantum
1140 2331 1355 2395 audias,
1387 2347 1508 2400 qua:
1534 2332 1722 2385 dicun-

128 2426 239 2470 tur.
264 2417 399 2471 Nam
446 2418 499 2472 id
542 2418 759 2489 quidem
787 2420 947 2475 etiam
989 2421 1191 2475 crimen
1220 2430 1335 2486 est,
1375 2438 1495 2476 cum
1527 2423 1721 2478 auditis

131 2512 476 2566 sermonibus
527 2529 632 2565 non
679 2512 982 2582 adjungitur
1030 2528 1253 2582 operum
1312 2514 1717 2570 demonstratio.

126 2601 423 2673 Propterea
450 2602 785 2659 Christianus
811 2618 888 2669 es,
915 2612 971 2658 ut
998 2602 1270 2659 Christum
1302 2605 1546 2671 imiteris,
1576 2607 1721 2675 ejus-

126 2708 235 2762 que
266 2694 467 2763 legibus
491 2710 694 2749 morem
718 2710 895 2765 geras.
926 2694 1064 2762 Quid
1092 2705 1272 2752 autem
1298 2697 1389 2751 ille
1413 2697 1574 2752 fecit?
1600 2698 1718 2754 Non

126 2783 481 2855 .lerosolymis
509 2786 763 2840 desidens
791 2788 1000 2840 vocavit
1025 2789 1091 2841 ad
1121 2803 1181 2843 se
1209 2798 1462 2858 aegrotos,
1492 2791 1589 2845 sed
1618 2791 1717 2845 ob-

126 2873 437 2928 ambulabat
472 2876 714 2929 civitates
755 2891 819 2930 ac
857 2877 1005 2931 vicos
1029 2919 1041 2941 ,
1072 2880 1316 2947 geminos
1340 2895 1535 2934 curans
1574 2896 1719 2935 mor-

126 2962 248 3031 bos,
269 2973 378 3017 tum
398 2965 582 3031 animi,
604 2973 713 3018 tum
742 2966 1000 3034 corporis.
1030 2968 1276 3021 Attamen
1298 2976 1506 3037 poterat
1526 2970 1715 3024 eodem

128 3053 181 3107 in
212 3053 330 3109 loco
356 3055 553 3109 sedens
597 3069 787 3109 omnes
828 3057 892 3108 ad
939 3070 1000 3111 se
1033 3057 1352 3111 attrahere:
1382 3073 1486 3113 non
1538 3068 1715 3116 tamen

126 3144 232 3199 hoc
254 3143 398 3209 fecit,
427 3146 581 3200 nobis
612 3146 857 3215 praebens
879 3148 1203 3217 exemplum,
1230 3158 1289 3202 ut
1309 3150 1715 3207 obambulemus

124 3247 182 3293 et
231 3253 534 3308 quaeramus
571 3254 700 3305 eos,
749 3240 838 3308 qui
880 3249 1124 3307 pereunt.
1165 3239 1370 3295 Rursus
1410 3241 1515 3296 hoc
1554 3244 1715 3298 etiam

124 3329 381 3398 parabola
409 3330 475 3383 de
504 3338 715 3399 pastore
743 3329 1059 3400 significavit
1084 3331 1102 3399 (
1119 3329 1245 3384 Luc.
1280 3334 1366 3385 15.
1410 3334 1562 3405 4-6).
1594 3334 1710 3389 Νοιι

126 3421 271 3474 enim
300 3419 576 3475 dcsidebat
603 3436 724 3475 cum
756 3423 1041 3491 nonaginta
1067 3436 1259 3477 novem
1288 3423 1497 3491 ovibus,
1527 3441 1717 3495 exspe-

124 3522 277 3566 cmus
307 3510 498 3577 donec,
522 3529 641 3584 qua:
661 3514 1005 3569 aberraverat
1024 3558 1039 3580 ,
1071 3517 1279 3571 veniret
1301 3517 1367 3571 ad
1392 3518 1594 3588 ipsum;
1620 3521 1715 3577 sed

124 3602 257 3656 abiit
285 3604 418 3672 ipse,
447 3612 501 3659 et
525 3605 729 3659 invenit
753 3646 769 3671 ,
801 3607 1177 3676 inventamque
1212 3618 1442 3677 gestavit
1476 3610 1714 3667 humeris

122 3711 187 3749 ac
216 3696 447 3758 reduxit.
472 3699 662 3752 Annon
691 3700 840 3753 vides
868 3700 1102 3754 medicos
1145 3717 1355 3770 quoque
1399 3701 1503 3759 hoc
1538 3704 1712 3773 ipsum

124 3783 337 3841 facere?
380 3785 496 3841 Non
526 3799 721 3857 cogunt
763 3798 991 3859 tegrotos
1034 3791 1175 3845 lecto
1218 3791 1599 3849 decumbentcs
1646 3796 1714 3851 ad

124 3878 363 3947 ipsorum
389 3877 532 3932 aedes
559 3878 774 3946 deferri,
806 3880 900 3935 sed
931 3881 1030 3951 ipsi
1058 3894 1343 3937 accurrunt
1365 3885 1432 3939 ad
1461 3900 1574 3941 eos.
1600 3886 1713 3942 Hoc

123 3981 179 4025 et
224 3980 279 4025 tu
328 3971 523 4038 facito,
569 3973 765 4028 dilecte
790 4014 805 4038 ,
848 3977 1025 4030 sciens
1054 3986 1374 4045 praesentem
1405 3980 1566 4033 vitam
1594 3995 1714 4036 esse

126 4061 346 4117 brevem
375 4104 391 4129 ,
420 4078 484 4117 ac
512 4064 611 4117 nisi
642 4064 755 4118 haec
782 4048 931 4119 lucra
956 4066 1320 4134 paraverimus
1340 4109 1355 4133 ,
1386 4069 1584 4124 nullam
1615 4086 1714 4126 nos

124 4153 232 4207 illic
260 4153 535 4209 habituros
564 4170 684 4210 esse
715 4157 963 4211 salutem.
988 4158 1141 4226 Smpe
1168 4175 1271 4212 una
1301 4162 1478 4215 anima
1500 4204 1515 4228 ,
1548 4178 1711 4233 quam

125 4243 316 4299 lucrati
348 4244 638 4311 fuerimus,
668 4255 843 4315 potest
873 4248 1335 4305 innumerabilium
1368 4261 1711 4321 peccatorum

124 4334 335 4401 pondus
359 4335 577 4390 abolere
595 4376 611 4401 ,
640 4338 936 4408 animmque
964 4339 1289 4395 redimenda:
1328 4341 1442 4397 fieri
1481 4345 1712 4412 pretium

128 4425 179 4479 in
226 4427 320 4481 illo
361 4428 467 4483 die.
508 4429 695 4499 Cogita
737 4447 831 4485 cur
862 4434 1135 4501 propheta:
1157 4474 1171 4500 ,
1202 4449 1298 4489 cur
1322 4437 1586 4505 apostoli,
1618 4452 1715 4491 cur

125 4514 273 4585 justi,
300 4532 398 4571 cur
426 4517 736 4588 frequenter
762 4522 936 4591 angeli
970 4523 1119 4577 missi
1146 4523 1253 4578 sint
1273 4566 1289 4591 ,
1320 4539 1417 4579 cur
1442 4526 1559 4595 ipse
1588 4527 1710 4581 uni-

126 4607 336 4675 genitus
368 4608 461 4664 Dei
492 4609 657 4665 Filius
680 4613 978 4669 advenerit.
1001 4610 1193 4667 Annon
1229 4624 1287 4669 ut
1319 4617 1564 4673 homines
1590 4634 1711 4673 ser-

128 4710 278 4755 varet
300 4701 324 4755 1
350 4700 539 4755 Annon
588 4712 645 4756 ut
672 4718 767 4758 eos
809 4712 1055 4759 errantes
1094 4704 1393 4760 reduceret.
1428 4707 1541 4761 [loc
1571 4709 1711 4764 idem

127 4807 252 4861 agas
293 4801 349 4847 tu
390 4810 602 4865 quoque
642 4811 738 4865 pro
774 4796 975 4851 viribus
1005 4799 1143 4864 tuis,
1174 4815 1441 4868 omneque
1478 4802 1710 4856 studium

128 4899 191 4938 ac
213 4884 627 4941 sollicitudinem
658 4888 938 4957 impendas
962 4889 1028 4943 ad
1057 4889 1417 4946 reducendum
1456 4907 1551 4947 eos
1574 4934 1590 4959 ,
1621 4894 1711 4963 qui

130 4973 464 5029 aberrarunt.
492 4976 575 5031 Ad
603 4978 719 5032 haec
745 4994 843 5033 vos
867 4981 1090 5051 singulis
1124 4982 1473 5037 concionibus
1512 4983 1711 5037 adhor-

131 5063 229 5119 tari
271 5080 381 5121 non
425 5081 620 5124 cesso:
648 5069 761 5126 sive
805 5079 1037 5128 mentem
1087 5070 1406 5141 adhibeatis,
1450 5074 1563 5130 sive
1601 5089 1710 5129 non

1318 398 1684 456 ADVERSUS
1708 395 2006 455 JUDA‘ZOS.
2037 398 2170 456 VIII.

3319 404 3420 457 9ὶῖ

1836 508 2151 574 adhibeatis,
2179 525 2277 581 ego
2306 510 2485 567 dicere
2512 526 2616 565 non
2640 510 2900 566 desinam.
2927 510 3058 566 Nam
3086 513 3221 569 hanc
3248 516 3419 585 legem

1836 600 1992 655 nobis
2016 602 2155 658 Deus
2182 605 2528 673 praescripsit,
2561 612 2617 659 ut
2644 604 2756 658 sive
2775 604 3001 658 audierit
3026 606 3166 675 quis,
3196 622 3290 661 seu
3314 624 3418 662 non

1834 693 2079 759 audierit,
2116 693 2216 749 hoc
2246 693 2597 749 ministerium
2630 695 2967 763 impleamus.
2995 696 3101 751 Sed
3122 698 3167 752 si
3202 699 3419 767 quidem

1832 784 2107 840 audieritis
2145 795 2198 841 et
2245 785 2480 842 feceritis
2528 802 2589 843 ca
2638 803 2757 858 quae
2794 787 3073 854 dicuntur,
3103 790 3265 843 multa
3297 805 3420 844 cum

1832 874 2107 944 voluptate
2132 875 2238 932 hoc
2262 878 2435 945 ipsum
2466 877 2761 941 faciemus;
2787 878 2869 932 sin
2905 888 3082 932 autem
3113 879 3415 948 neglexeri—

1834 964 1901 1018 tis
1921 979 1984 1020 ac
2005 965 2217 1021 desides
2242 966 2449 1022 fueritis
2467 1010 2481 1034 ,
2509 970 2674 1022 multa
2700 983 2819 1021 cum
2845 970 3077 1023 tristitia.
3104 969 3268 1025 Nobis
3295 972 3416 1039 qui—

1830 1052 1953 1107 dem
1982 1070 2045 1109 ex
2076 1064 2253 1111 vestra
2282 1056 2642 1111 inobedicntia
2671 1058 2873 1111 nullum
2904 1057 3135 1112 futurum
3162 1068 3246 1113 est
3274 1059 3420 1126 peri-

1830 1143 2033 1209 culum,
2062 1145 2491 1217 quandoquidem
2515 1147 2771 1217 quidquid
2793 1156 2909 1201 erat
2934 1159 3177 1203 nostrum
3207 1151 3417 1219 pnesti-

1832 1218 2023 1299 timus;
2071 1243 2127 1288 at
2171 1250 2492 1305 quamquam
2546 1252 2653 1290 non
2708 1237 3074 1306 periclitamur
3130 1218 3274 1303 nos,
3324 1240 3415 1308 qui

1832 1325 2234 1393 praestiterimus
2257 1328 2460 1393 omnia,
2484 1343 2603 1398 quae
2632 1327 2685 1381 in
2714 1328 2868 1382 nobis
2889 1337 3032 1393 sunt,
3064 1328 3307 1383 dolemus
3334 1338 3416 1383 ta-

1828 1429 1950 1469 men
1985 1402 2251 1486 quod‘vos
2280 1418 2562 1472 accusandi
2607 1418 2721 1471 sitis
2767 1421 2818 1472 in
2849 1419 2938 1472 die
2968 1419 3079 1473 illo.
3107 1418 3224 1473 Non
3274 1422 3417 1475 enim

1827 1504 2029 1576 absque
2069 1509 2302 1577 periculo
2337 1510 2491 1563 vobis
2534 1511 2637 1564 erit
2666 1511 2882 1565 audisse
2905 1553 2921 1574 ,
2951 1513 2996 1565 si
3023 1527 3131 1567 non
3173 1528 3420 1569 accesse-

1827 1596 1935 1650 rint
1974 1612 2158 1667 opera.
2203 1598 2337 1653 Audi
2378 1600 2536 1669 igitur
2558 1601 2828 1670 quomodo
2862 1599 3105 1657 Christus
3157 1618 3418 1659 accusans

1827 1685 2073 1742 doctores
2118 1703 2420 1743 sermonem
2465 1692 2811 1756 occultantes,
2854 1692 3014 1747 etiam
3046 1694 3129 1757 iis,
3174 1695 3265 1763 qui
3310 1695 3413 1749 do-

1827 1788 2034 1842 centur,
2064 1779 2330 1848 loquatur.
2356 1780 2487 1835 Cum
2533 1783 2675 1836 enim
2713 1782 2973 1838 dixisset:
3008 1784 3287 1856 Oportebat
3313 1788 3407 1843 de-

1829 1883 2013 1937 ponere
2056 1871 2321 1937 pecuniam
2359 1888 2522 1925 meam
2561 1873 2700 1941 apud
2739 1874 3054 1940 mensarios;
3093 1884 3147 1931 et
3186 1878 3417 1948 adjecis-

1825 1968 1909 2014 set
1942 1978 1956 2014 :
1989 1959 2099 2030 Ego
2140 1962 2340 2015 veniens
2370 1978 2484 2015 cum
2522 1980 2677 2018 usura
2718 1966 2886 2033 utique
2923 1969 3230 2037 repetiissem
3273 1972 3418 2025 illam

1828 2051 2041 2121 (Matth.
2087 2053 2180 2108 25.
2218 2053 2311 2124 27)
2342 2072 2357 2108 :
2387 2055 2638 2119 ostendit,
2672 2056 2812 2124 quod
2860 2068 3141 2127 postquam
3186 2061 3419 2117 audierit

1826 2143 1975 2209 (nam
2004 2141 2120 2196 haec
2148 2152 2231 2197 est
2260 2146 2497 2211 pecuniae
2537 2144 2822 2219 depositio)
2853 2148 2942 2214 qui
2986 2151 3193 2217 accepit
3219 2150 3419 2206 doctri-

1826 2247 1971 2299 nam,
2001 2247 2217 2286 usuram
2258 2234 2435 2288 facere
2473 2235 2650 2300 debet,
2682 2245 2932 2306 tanquam
2963 2239 3182 2294 domino
3212 2244 3413 2310 repeti-

1826 2329 1966 2377 turo.
2010 2322 2183 2377 Usura
2234 2335 2410 2379 autem
2459 2325 2720 2381 doctrinae
2766 2327 2897 2382 nihil
2943 2329 3086 2385 aliud
3132 2340 3214 2385 est
3254 2348 3414 2401 quam

1824 2430 2044 2483 operum
2089 2415 2367 2471 exhibitio.
2406 2418 2548 2487 Ergo
2589 2420 2837 2488 quoniam
2884 2435 2983 2475 nos
3007 2437 3218 2492 quoque
3245 2425 3416 2493 depo-

1822 2505 2027 2559 suimns
2070 2505 2348 2573 pecuniam
2394 2508 2447 2560 in
2496 2522 2653 2563 aures
2686 2520 2936 2565 vestras:
2971 2528 3190 2568 necesse
3230 2523 3312 2571 est
3357 2525 3414 2570 ut

1826 2608 1923 2649 vos
1970 2594 2205 2649 reddatis
2232 2610 2447 2651 usuram
2476 2597 2713 2666 domino,
2752 2599 2855 2654 hoc
2892 2610 2996 2669 est,
3042 2603 3268 2659 salutem
3310 2604 3414 2661 fra-

1826 2695 1963 2741 trum
1994 2697 2311 2743 vestrorum.
2343 2688 2525 2759 itaque
2566 2692 2610 2747 si
2657 2692 2770 2746 huic
2814 2693 2949 2761 ipsa,
2995 2710 3113 2764 quae
3137 2695 3411 2767 dicuntur,

1822 2786 2027 2833 tantum
2062 2778 2414 2845 detinuerilis,
2448 2782 2576 2834 nihil
2622 2796 2686 2835 ex
2718 2782 2798 2836 his
2838 2784 3245 2853 lucrifacientes,
3294 2804 3409 2844 me-

1826 2879 1916 2924 tuo
1954 2887 2021 2925 ne
2049 2871 2262 2925 easdem
2302 2870 2440 2925 detis
2470 2887 2672 2941 pmnas,
2703 2888 2837 2942 quas
2872 2874 3023 2928 dedit
3054 2876 3163 2941 ille,
3195 2879 3286 2948 qui
3327 2880 3416 2935 de-

1822 2960 2030 3031 foderat
2057 2961 2333 3015 talentum.
2365 2961 2494 3015 Nam
2525 2964 2611 3015 ille
2647 2974 2927 3032 propterea
2965 2967 3209 3021 manibus
3235 2983 3298 3024 ac
3322 2985 3406 3039 pe-

1824 3052 1981 3105 dibus
2007 3052 2217 3106 vinctus
2245 3052 2295 3105 in
2320 3053 2572 3107 tenebras
2597 3057 2803 3121 ejectus
2829 3064 2911 3109 est
2940 3057 3252 3120 exteriores.
3280 3076 3414 3129 quo—

1821 3142 1963 3196 niam
1991 3157 2097 3197 non
2122 3142 2452 3213 deprompsit
2478 3143 2532 3197 in
2558 3145 2692 3198 alios
2715 3161 2832 3213 qua:
2862 3146 3119 3200 audierat.
3154 3148 3229 3203 Ne
3254 3150 3412 3219 igitur

1819 3250 1919 3289 nos
1938 3250 2149 3306 quoque
2169 3235 2356 3290 eadem
2375 3236 2654 3305 patiamur,
2678 3251 2799 3290 eum
2822 3238 2908 3307 qui
2932 3239 3166 3308 quinque
3185 3242 3401 3307 talenta,

1820 3336 1875 3382 et
1897 3344 2016 3381 eum
2035 3330 2123 3399 qui
2148 3328 2254 3382 duo
2270 3330 2492 3398 accepit,
2519 3330 2814 3391 imitemur.
2843 3331 3051 3385 etiamsi
3074 3346 3408 3400 sermonem,

1817 3418 2026 3477 etiamsi
2048 3421 2347 3491 pecuniam,
2377 3420 2586 3475 etiamsi
2620 3421 2862 3490 corporis
2902 3422 3159 3488 laborem,
3196 3424 3408 3480 etiamsi

1819 3527 2025 3583 preces,
2040 3519 2131 3565 aut
2149 3511 2290 3565 aliud
2307 3510 2576 3581 quidpiam
2591 3510 2642 3564 in
2662 3512 2884 3579 proximi
2902 3511 3126 3566 salutem
3143 3513 3411 3570 insumere

1818 3604 2131 3673 Oportuerit,
2158 3619 2223 3657 ne
2237 3590 2542 3673 gravemur,
2568 3611 2626 3657 ut
2648 3603 3019 3673 undecumque
3037 3605 3292 3659 talentum
3313 3623 3407 3661 no-

1818 3695 1899 3750 bis
1912 3712 1941 3750 a
1958 3696 2064 3750 Deo
2082 3696 2330 3752 traditum
2345 3712 2442 3766 pro
2459 3711 2553 3751 sua
2570 3697 2719 3765 quisq
2729 3711 2791 3749 uc
2808 3696 3049 3763 portione
3063 3697 3350 3767 multiplica
3358 3719 3422 3758 η-

1820 3796 1920 3854 tes,
1954 3790 2217 3857 possimus
2253 3787 2395 3841 illam
2418 3787 2623 3841 beatam
2656 3787 2840 3841 audire
2859 3803 3065 3849 vocem.
3086 3787 3252 3858 Euge,
3270 3807 3408 3844 terra

1819 3878 1946 3931 bone
1982 3886 2029 3931 et
2076 3876 2281 3947 ﬁdelis;
2314 3879 2367 3931 in
2407 3878 2584 3948 paucis
2632 3879 2775 3949 fuisti
2816 3878 3002 3946 ﬁdelis,
3042 3894 3201 3947 supra
3251 3882 3411 3935 multa

1818 3979 1866 4023 te
1892 3970 2226 4033 constituam;
2246 3970 2382 4022 intra
2406 3970 2459 4022 in
2485 3968 2728 4039 gaudium
2768 3968 2958 4023 domini
2985 3973 3058 4022 tui
3081 3968 3290 4040 (Matth.
3314 3972 3409 4041 25,

1816 4061 1941 4132 21);
1997 4077 2104 4131 quo
2163 4061 2317 4115 nobis
2371 4061 2619 4114 omnibus
2674 4059 2829 4128 poliri
2874 4060 3184 4129 contingat,
3237 4064 3407 4130 gratia

1819 4160 1875 4207 et
1921 4152 2245 4221 benignitate
2288 4151 2499 4205 Domini
2552 4150 2723 4205 nostri
2762 4149 2887 4204 Jesu
2934 4148 3150 4214 Christi,
3178 4163 3414 4217 quocum

1818 4251 1874 4299 et
1916 4257 2009 4313 per
2052 4257 2211 4312 quem
2254 4242 2395 4297 Patri
2430 4242 2634 4311 gloria,
2670 4249 2725 4295 et
2768 4240 3048 4310 imperium
3090 4241 3249 4296 simul
3288 4256 3409 4296 cum

1818 4344 2003 4392 sancto
2028 4336 2250 4405 Spiritu,
2278 4335 2332 4390 in
2358 4334 2551 4390 saecula
2583 4333 2938 4400 saeculorum;
2968 4334 3192 4389 Amen‘.

1880 4896 1896 4926 ί
1923 4900 2141 4957 DquMss.
2166 4900 2291 4955 post,
2316 4901 2478 4954 Amen,
2503 4895 2687 4957 habent
2710 4902 2948 4957 ﬂuitante
2962 4905 3074 4957 Deo,
3098 4902 3242 4951 Pater
3256 4904 3416 4947 noster

1814 4952 1865 5004 in
1885 4954 2059 5005 sanctis
2083 4952 2481 5019 Chrysogonum,
2515 4956 2954 5019 orationibuasuis,
2997 4952 3162 5009 contra
3198 4961 3412 5016 Jndtros,

1814 4994 2059 5088 ἷιὶιῖῖὲᾇὲ
2084 4994 3407 5083 3ιίἓῖἕὲἶῶἆῖὴιιὲἱη’“ὶῖῑῆἱός”ὗξῖι’ῖὶἰιιὲἱἰὶ’ίὲἶη’ὑέὶὲὶῖἐ

1814 5090 1929 5141 oua:
1950 5091 2156 5143 quinque
2177 5088 2505 5131 numerantur.

4100 4174 4142 4567 ll

4112 4564 4142 5435 ἓ

4088 5440 4142 6143 3
