4160 6324
702 410 809 468 943

1418 404 1472 457 S.
1513 401 1797 457 JOANNlS
1834 397 2330 456 CHRYSOSTOMI
2368 397 2690 455 ARClIIEP.
2732 392 3282 453 CONSTANTINOP.

3867 390 3969 442 illi

939 827 1013 886 IN
1050 822 1463 885 HOMILIAM
1512 821 1616 883 DE
1652 820 1813 881 NON
1858 816 2687 879 ANATHEMATIZANDIS
2724 814 2942 876 VlVlS
2981 815 3252 888 ATQUE
3297 814 3742 878 DEFUNCTIS

2022 1078 2640 1172 MONITUM.

775 1577 898 1643 Quo
942 1586 1185 1647 tempore
1220 1577 1363 1631 hanc
1414 1579 1671 1634 habuerit
1718 1579 1999 1634 homiliam
2032 1581 2274 1651 Chryso—

705 1679 938 1734 stomus,
970 1671 1127 1725 initio
1162 1668 1404 1723 declarat
1453 1670 1568 1738 ipse
1596 1684 1720 1723 cum
1753 1671 1827 1723 ait
1854 1689 1867 1723 :
1921 1670 2103 1739 Nuper
2134 1670 2275 1723 vobis

701 1764 767 1815 de
798 1760 1335 1826 incomprehensibilis
1360 1762 1655 1830 cognitione
1684 1761 1772 1814 Dei
1798 1762 2081 1826 disserens,
2107 1761 2277 1815 multa

701 1852 855 1906 verba
889 1852 1011 1920 feci,
1050 1868 1112 1904 ac
1153 1860 1263 1903 tum
1288 1850 1683 1921 Scripturarum
1717 1851 1950 1914 vocibus,
1982 1861 2091 1905 tum
2120 1862 2275 1906 natu-

702 1943 905 1997 ralibus
943 1944 1240 2000 ratiociniis
1273 1942 1654 2007 demonstravi,
1680 1943 1839 1995 etiam
1870 1943 1996 2010 ipsis
2037 1943 2277 1997 invisibi-

699 2035 842 2087 libus
885 2030 1169 2087 virtutibus
1208 2032 1531 2084 inaccessam
1578 2047 1797 2098 prorsus
1855 2047 1966 2084 esse
2022 2030 2275 2087 Numinis

699 2125 1256 2191 comprehensionem;
1304 2121 1413 2175 illis
1463 2122 1702 2187 scilicet,
1741 2138 1857 2192 qua:
1906 2123 2144 2177 materia:
2185 2141 2276 2177 ex-

699 2225 899 2283 pertem
926 2224 975 2269 et
1012 2216 1219 2269 beatam
1262 2215 1425 2267 vitam
1466 2225 1627 2283 agunt
1652 2230 1671 2267 :
1713 2231 1907 2281 nosque
1956 2226 2151 2280 tamen,
2185 2218 2274 2285 qui

699 2309 756 2361 in
796 2310 940 2361 omni
972 2307 1193 2361 mollitie
1222 2316 1378 2375 utque
1401 2308 1611 2377 ignavia
1642 2310 1804 2362 vitam
1837 2311 2141 2379 degimus...
2164 2327 2275 2363 rem

699 2398 1054 2453 inuisibilibus
1094 2398 1402 2454 substantiis
1434 2401 1642 2468 penitus
1684 2401 1917 2469 ignotam
1951 2402 2160 2470 assequi
2188 2418 2276 2454 co-

701 2494 841 2558 nari,
869 2502 973 2547 etc.
1024 2490 1150 2547 Haec
1196 2506 1329 2547 vero
1381 2493 1619 2546 maxime
1658 2501 1954 2561 pertractat
2012 2494 2276 2547 concione

702 2585 859 2640 tertia
892 2586 960 2641 de
987 2582 1523 2653 incomprehensibili
1554 2602 1566 2637 :
1597 2598 1767 2652 quare
1813 2584 1896 2638 vel
1943 2592 2066 2653 post
2124 2584 2272 2637 illam

701 2677 789 2731 vel
840 2686 965 2744 post
1012 2675 1250 2745 aliquam
1297 2691 1362 2730 ex
1416 2676 1776 2744 sequentibus
1830 2675 1973 2730 hanc
2027 2675 2278 2730 habuerit

702 2767 1006 2835 homiliam,
1030 2774 1274 2822 vertente
1304 2766 1563 2820 nimirum
1595 2780 1741 2819 anno
1764 2764 1886 2820 586.
1912 2765 2113 2820 Verum
2150 2766 2275 2820 licet

703 2858 819 2914 haec
849 2861 1111 2929 temoris
1136 2870 1263 2913 nota
1302 2859 1437 2913 nulli
1486 2858 1784 2913 diﬁicultati
1821 2858 2058 2911 obnoxia
2091 2856 2278 2911 videa-

701 2960 816 3017 tur,
871 2960 1063 3006 contra
1091 2966 1210 3005 eam
1264 2959 1444 3004 tamen
1479 2950 1683 3003 multas
1742 2957 1923 3002 movet
1950 2950 2278 3018 quaestiones

704 3044 1120 3109 Tillemontius,
1174 3040 1269 3111 qui
1321 3041 1375 3094 in
1416 3042 1702 3095 adversam
1760 3042 1874 3095 abit
1912 3042 2274 3119 sententiam.

699 3134 861 3199 Nam,
889 3135 1086 3204 inquit,
1117 3132 1357 3188 homilia:
1390 3131 1556 3200 hujus
1590 3132 1875 3186 exordium
1934 3146 2043 3185 non
2094 3132 2279 3186 cohae-

702 3234 787 3280 ret
815 3240 938 3279 cum
975 3223 1331 3293 sequentibus
1364 3223 1544 3277 verbis
1574 3222 1901 3293 liisce,,cpéps
1926 3223 1992 3291 δὴ
2019 3222 2114 3276 καὶ
2149 3222 2279 3293 περὶ

699 3314 1063 3384 ἀναθέματος,
1105 3314 1197 3369 ubi
1230 3329 1391 3367 suum
1418 3313 1486 3367 de
1518 3313 1861 3366 anathemate
1897 3321 2277 3383 argumentum

702 3415 942 3461 tractare
972 3406 1165 3476 incipit
1223 3405 1687 3474 Chrysostomus:
1727 3418 1900 3474 quare
1955 3404 2278 3459 intermedia

704 3497 875 3550 multa
913 3496 1096 3550 desint
1135 3504 1374 3565 oportet,
1409 3493 1632 3565 quando
1670 3493 1911 3548 maxime
1941 3492 2101 3562 longe
2153 3493 2280 3548 bre-

702 3591 825 3643 vior
863 3588 1084 3642 homilia
1131 3596 1216 3643 est
1262 3602 1427 3657 quam
1463 3586 1677 3642 soleant
1723 3584 2103 3657 Chrysostomi
2134 3600 2275 3641 esse.

702 3682 891 3751 Neque
947 3694 1076 3735 vero
1123 3680 1215 3734 hic
1268 3679 1500 3749 gradum
1539 3677 1708 3743 sistit,
1748 3676 1844 3733 sed
1906 3686 2061 3747 putat
2102 3685 2278 3731 totum

701 3771 990 3832 exordium
1040 3771 1263 3825 aliunde
1324 3770 1611 3824 advectum
1662 3778 1717 3849 et
1762 3777 2013 3824 assutum
2067 3767 2275 3824 fuisse:

703 3878 825 3931 qua:
880 3871 1060 3916 autem
1117 3862 1185 3917 de
1239 3860 1589 3915 anathemate
1648 3859 2096 3930 subjunguntur,
2156 3868 2281 3929 post

703 3964 931 4010 mortem
954 3954 1168 4009 Paulini
1198 3954 1545 4017 Antiocheni,
1576 3967 1700 4022 qua:
1734 3967 1879 4006 anno
1910 3953 2019 4010 588
2054 3953 2277 4017 accidit.

699 4047 845 4102 edita
880 4048 1050 4103 fuisse
1081 4046 1262 4115 arguit
1291 4062 1358 4101 ex
1380 4046 1757 4117 Chrysostomi
1791 4046 1992 4110 verbis,
2037 4061 2160 4115 qua:
2197 4044 2278 4101 sic

700 4141 816 4210 ipse
842 4141 1048 4196 refert:
1089 4139 1279 4193 Patres
1328 4140 1649 4191 damnarunt
1693 4155 1812 4192 eum
1837 4156 1988 4209 quem
2015 4155 2107 4209 ego
2142 4154 2275 4191 ana-

702 4230 1010 4298 t'hematizo,
1060 4231 1388 4300 maximeque
1443 4228 1733 4282 Paulinum
1782 4229 1895 4297 ejus
1934 4230 2271 4297 magistrum.

701 4325 801 4381 llic
830 4325 1118 4395 populares
1148 4322 1514 4377 Antiochenos
1533 4321 2277 4392 loquentesinducitChryso-

699 4429 931 4483 stomus,
950 4432 1046 4472 eos
1059 4416 1268 4471 scilicet
1285 4415 1377 4484 qni
1395 4429 1511 4469 suae
1534 4413 1935 4469 communionis
1955 4421 2277 4482 erant,quo—

698 4523 818 4562 rum
837 4508 1020 4573 verba,
1048 4506 1224 4576 inquit
1241 4502 1925 4585 TillemontiusJ’aulinum
1941 4504 2054 4575 jam
2073 4505 2274 4560 deiun-

700 4608 847 4653 ctum
876 4597 1048 4653 fuisse
1090 4596 1815 4667 arguunt;quandoquidem
1830 4612 1939 4650 non
1960 4606 2067 4651 tam
2087 4596 2274 4651 Pauli-

700 4707 833 4746 num
873 4706 1035 4760 quam
1060 4690 1179 4760 ejus
1212 4690 1506 4757 discipulos
1530 4690 1788 4757 impetere
1817 4689 2070 4744 videntur
2096 4709 2109 4744 :
2140 4699 2195 4744 at
2225 4691 2269 4745 si

697 4784 963 4840 Paulinus
976 4782 1431 4847 vixisset,ineum
1458 4781 1716 4846 maxime,
1735 4788 2086 4836 utauctorem
2120 4782 2269 4848 mali,

697 4876 989 4931 anathema
1022 4873 1403 4945 proferendum
1421 4874 1727 4927 videbatur.
1749 4872 1873 4928 llzec
1906 4873 2017 4938 ille,
2054 4888 2177 4941 quae
2204 4888 2273 4927 ne

703 4967 995 5022 minimum
1026 4964 1250 5034 quidem
1280 4978 1383 5018 nos
1413 4978 1442 5016 a
1466 4962 1649 5031 priore
1673 4962 1941 5017 sententia
1968 4962 2267 5025 dimovent,

697 5074 866 5130 quam
926 5058 1055 5113 item
1106 5058 1433 5111 sententiam
1491 5054 1663 5109 secuti
1717 5063 1848 5109 sunt
1899 5053 2170 5108 Baronius
2218 5062 2273 5107 et

700 5150 1071 5205 llermantius.
1109 5148 1267 5214 Quod
1289 5147 1434 5202 enim
1466 5147 1562 5210 ait,
1590 5146 1879 5201 exordium
1915 5146 2136 5199 aliunde
2171 5145 2265 5198 ad-

699 5252 947 5304 vectttm,
1005 5253 1254 5293 mancam
1312 5236 1617 5300 homiliam,
1672 5250 1905 5304 eamque
1961 5234 2265 5288 breviorem

698 5349 821 5389 esse
854 5347 1019 5401 quam
1076 5331 1290 5386 Soleant
1328 5326 1704 5397 Chrysostomi
1744 5326 2082 5380 conciones:
2131 5325 2267 5389 lucc,

698 5424 947 5493 inquam,
979 5421 1165 5475 omnia
1209 5420 1379 5490 gratis
1438 5419 1713 5472 dicuntur.
1774 5415 2057 5485 Siquidem
2112 5431 2271 5469 exor-

696 5514 847 5565 dium
874 5511 1103 5564 omnino
1130 5509 1369 5564 cohzeret
1392 5522 1513 5562 cum
1553 5507 1642 5568 iis,
1677 5521 1800 5574 qua:
1828 5506 1893 5559 de
1924 5506 2273 5560 anathemate

699 5603 1149 5672 subjunguntur:
1206 5600 1454 5655 ordiendi
1505 5599 1702 5653 modus
1752 5597 2152 5667 Chrysostomo
2188 5603 2272 5649 est

698 5692 993 5749 admodum
1025 5689 1335 5744 familiaris.
1371 5689 1510 5754 Quid
1537 5689 1683 5742 cnim
1716 5687 2083 5759 frequentius,
2108 5701 2269 5757 quam

712 5795 963 5841 sanctqu
1006 5786 1286 5839 doctorem
1341 5778 1521 5836 videre
1553 5783 1631 5838 sic
1668 5783 1965 5838 conciones
2022 5798 2152 5837 suas
2190 5780 2270 5835 in-

2391 1579 2730 1648 cipientem?
2768 1579 2948 1648 Nuper
2986 1578 3129 1634 vobis
3184 1579 3249 1633 de
3286 1576 3830 1648 incomprehensibilis
3878 1596 3966 1632 co-

2387 1674 2623 1740 gnitione
2655 1672 2749 1725 Dei
2781 1672 3063 1739 disserens,
3123 1672 3293 1726 multa
3350 1672 3506 1725 verba
3565 1673 3689 1741 feci,
3728 1690 3792 1725 ac
3856 1684 3967 1724 tum

2385 1760 2783 1830 Scripturarum
2824 1764 3051 1829 vocibus,
3101 1774 3212 1815 tum
3270 1763 3610 1817 naturalibus
3666 1765 3965 1819 ratiociniis

2380 1855 2773 1917 demonstravi,
2833 1856 2997 1908 etiam
3056 1856 3183 1923 ipsis
3248 1855 3597 1910 inuisibilibus
3675 1858 3966 1914 virtutibus

2378 1946 2701 1999 inaccessam
2726 1963 2942 2015 prorsus
2968 1963 3079 2000 esse
3103 1945 3352 2001 Numinis
3383 1951 3962 2011 comprehensionem...

2377 2037 2487 2105 Age
2527 2053 2663 2089 nunc
2701 2048 2979 2107 postquam
3020 2039 3085 2092 de
3132 2039 3469 2093 anathemate
3508 2042 3649 2094 vobis
3704 2056 3967 2111 quantum

2377 2128 2614 2180 convenit
2646 2129 3077 2195 disseruerimus,
3108 2131 3311 2199 vimque
3335 2133 3462 2184 mali
3499 2132 3679 2200 huius,
3707 2135 3848 2203 quod
3868 2151 3968 2204 pro

2380 2219 2549 2271 nihilo
2588 2228 2883 2286 reputatur,
2917 2223 3319 2282 ostenderimus.
3354 2222 3477 2275 hinc
3506 2222 3643 2289 freni
3681 2225 3969 2291 impatien-

2381 2308 2457 2360 tia
2487 2325 2583 2361 ora
2644 2310 2998 2377 cohibeamus,
3032 2321 3138 2365 etc.
3158 2309 3250 2365 Sic
3285 2310 3503 2380 praefari
3546 2314 3689 2368 solet
3711 2316 3962 2385 Chryso-

2380 2408 2621 2452 stomus.
2664 2398 2763 2453 llic
2798 2401 2946 2453 nulla
2978 2400 3183 2463 hiatus,
3227 2401 3440 2457 lacuna:
3472 2404 3781 2474 cujuspiam
3814 2407 3967 2462 nulla

2381 2490 2628 2558 suspicio
2678 2492 2864 2546 haberi
2916 2503 3120 2562 potest.
3156 2492 3268 2549 Nec
3313 2495 3434 2564 plus
3486 2498 3718 2553 subsidii
3763 2500 3967 2556 referet

2379 2579 2761 2637 Tillemontius
2797 2599 2863 2637 ex
2919 2584 3158 2639 homilia:
3193 2586 3457 2641 brevitate
3487 2630 3503 2653 ,
3539 2604 3692 2653 nam,
3729 2600 3791 2645 ut
3835 2603 3975 2647 sunt.

2384 2671 2569 2725 multae
2599 2671 2979 2743 Chrysostomi
3009 2675 3308 2731 conciones
3337 2677 3439 2731 hac
3487 2658 3841 2748 prolixiores,
3886 2683 3965 2738 ita

2382 2764 2675 2833 plusquam
2712 2765 2899 2835 viginti
2954 2766 3253 2835 possumus
3301 2770 3401 2825 hac
3460 2770 3621 2840 longe
3681 2772 3970 2832 breviores

2380 2855 2651 2924 proferre,
2686 2857 2739 2908 in
2768 2871 2907 2925 quas
2931 2866 3112 2910 tamen
3138 2859 3287 2915 nulla
3320 2860 3403 2914 vel
3431 2861 3645 2924 νοθείας
3666 2865 3751 2919 vel
3780 2865 3970 2923 hiatus

2383 2949 2629 3017 suspicio
2652 2950 2854 3003 cadat:
2889 2961 3080 3027 estque
3123 2951 3239 3020 haec
3266 2951 3487 3008 aliunde
3522 2955 3671 3020 talis,
3702 2967 3763 3011 ut
3798 2974 3972 3029 argu-

2381 3048 2563 3093 mento
2592 3039 2729 3091 nihil
2752 3040 2987 3099 deliciat,
3017 3041 3203 3111 sitque
3232 3043 3491 3100 omnibus
3520 3047 3635 3103 suis
3671 3057 3727 3102 et
3758 3066 3966 3106 nume-

2380 3129 2460 3184 ris
2488 3138 2543 3184 et
2583 3130 2834 3199 partibus
2859 3131 3135 3187 absoluta.
3168 3132 3348 3190 Locus
3400 3147 3582 3192 autem
3630 3140 3745 3205 ille,
3794 3158 3967 3214 quem

2380 3220 2538 3289 quasi
2570 3235 2637 3275 ex
2690 3221 2794 3276 hac
2834 3222 3057 3275 homilia
3096 3234 3417 3295 excerptum
3454 3228 3612 3284 aﬂ‘ert
3658 3220 3973 3290 Tillemon-

2379 3313 2528 3375 tius,
2572 3321 2631 3366 ut
2677 3311 2871 3381 probet
2926 3308 3215 3365 Paulinum
3256 3312 3369 3382 jam
3423 3315 3629 3371 obiisse
3676 3334 3802 3372 cum
3849 3321 3973 3376 haec

2380 3405 2811 3476 Chrysostomus
2844 3403 3288 3472 concionaretur,
3320 3421 3537 3476 nempe,
3580 3406 3776 3464 Patres
3803 3412 3971 3465 dam-

2382 3505 2635 3551 naverunt
2693 3512 2812 3550 eum
2864 3511 3015 3566 quem
3043 3514 3137 3566 ego
3178 3496 3595 3566 anathematizo,
3631 3503 3973 3572 maximeque

2381 3586 2674 3642 Paulinum
2731 3587 2846 3656 ejus
2884 3587 3239 3657 magistrum;
3295 3587 3474 3652 locus,
3533 3589 3793 3660 inquam,
3850 3593 3969 3659 ille,

2379 3680 2597 3736 etiamsi
2622 3678 3002 3750 Chrysostomi
3028 3687 3194 3745 esset,
3242 3694 3350 3734 non
3404 3679 3561 3737 video
3591 3698 3695 3751 qua
3744 3686 3971 3743 ratione

2378 3771 2637 3841 probaret
2661 3768 2776 3838 jam
2802 3766 3121 3824 defunctum
3150 3768 3323 3824 fuisse
3351 3766 3669 3835 Paulinum,
3702 3754 3981 3841 nec'puto

2379 3859 2691 3931 quempiam
2721 3856 2837 3912 fore
2867 3867 2975 3911 tam
3007 3856 3285 3928 Lynceum
3312 3868 3373 3913 ut
3402 3859 3493 3915 hic
3511 3859 3723 3917 Paulini
3748 3864 3969 3920 obitum

2379 3953 2691 4025 perspiciat.
2721 3949 2921 4006 Verum
2948 3950 3113 4022 longe
3140 3950 3300 4006 aliter
3327 3966 3387 4007 se
3418 3952 3581 4007 habet
3608 3955 3751 4024 apud
3783 3955 3969 4030 Chry-

2378 4053 2687 4101 sostomum
2721 4043 2813 4098 ille
2837 4043 3015 4110 locus,
3048 4052 3110 4098 ut
3138 4059 3266 4099 mox
3322 4043 3457 4115 ipsis
3500 4046 3681 4103 verbis
3740 4047 3795 4104 in
3848 4066 3962 4105 me-

2378 4136 2528 4191 dium
2561 4134 2812 4189 adductis
2844 4133 3019 4202 palam
3048 4132 3172 4188 erit.
3454 4178 3457 4181 Α

2453 4224 2527 4280 Ut
2553 4233 2735 4281 autem
2770 4238 2881 4293 quo
2909 4224 2963 4276 in
2995 4231 3140 4277 statu
3179 4230 3311 4279 tunc
3361 4236 3507 4279 esset
3559 4223 3799 4280 Ecclesia
3848 4226 3965 4280 An-

2380 4316 2632 4372 tiochena
2694 4316 3049 4386 intelligatur,
3103 4316 3251 4385 quod
3307 4330 3439 4371 sane
3496 4316 3563 4370 ad
3619 4318 3968 4387 propositam

2378 4407 2736 4477 quaestionem
2789 4405 3105 4460 solvendam
3148 4406 3380 4460 multum
3428 4404 3677 4472 confert,
3742 4421 3834 4462 res
3879 4420 3967 4463 est

2378 4499 2541 4554 altius
2564 4499 2873 4568 repetenda.
2900 4497 3218 4555 Eustathius
3240 4499 3531 4568 episcopus
3559 4498 3967 4566 Antiochenus,

2381 4591 2468 4645 vir
2504 4601 2728 4645 sanctus
2757 4598 2812 4645 et
2845 4589 3184 4653 Catholicus,
3218 4590 3447 4660 ideoque
3472 4590 3689 4645 Arianis
3720 4591 3960 4655 invisus,

2381 4680 2624 4751 ipsorum
2664 4696 2825 4751 opera
2860 4691 2913 4737 et
2945 4680 3239 4737 calumniis
3268 4680 3555 4749 depositus
3591 4681 3647 4735 in
3672 4682 3963 4736 exsilium-

2378 4788 2487 4842 que
2516 4781 2674 4827 actus
2705 4771 2884 4827 fuerat
2920 4786 3067 4827 anno
3093 4771 3315 4827 circiter
3346 4769 3487 4839 350,
3528 4771 3582 4826 in
3613 4771 3845 4843 ejusque
3880 4776 3965 4827 lu-

2380 4875 2506 4915 cum
2540 4861 2873 4917 substitutus
2905 4871 2989 4916 est
3022 4862 3164 4917 alius
3195 4862 3488 4932 episcopus
3516 4862 3782 4926 Arianus,
3803 4863 3965 4917 deiu-

2380 4968 2618 5023 ccpsque
2685 4953 3003 5008 continuata
3076 4955 3429 5010 successione
3498 4955 3749 5026 ejusdem
3795 4970 3966 5013 secta

2379 5044 2623 5114 episcopi
2670 5045 3072 5099 Antiochenam
3113 5056 3334 5101 tenuere
3388 5047 3607 5111 sedem,
3663 5047 3967 5104 Catholicis

2380 5136 2595 5191 interim
2618 5151 2741 5191 cum
2761 5136 2910 5210 [690]
2929 5137 3285 5193 Eustathiano
3300 5138 3444 5191 clero
3461 5139 3687 5193 scorsim
3706 5139 3968 5195 collectas

2382 5229 2690 5298 agentibus,
2736 5232 2911 5285 donec
2969 5231 3159 5285 Ariani
3215 5230 3511 5295 Meletium,
3546 5247 3709 5300 quem
3765 5233 3963 5286 ἰδίει-ςδί

2380 5336 2496 5375 sua:
2521 5322 2795 5376 addictum
2844 5322 3129 5390 putabant,
3164 5324 3214 5375 in
3266 5321 3963 5391 episcopum'adlcgcrunt.

2377 5412 2447 5467 At
2499 5412 2588 5466 ubi
2626 5424 2815 5481 postea
2872 5413 3271 5482 comperissent
3328 5413 3478 5466 illum
3540 5414 3826 5468 catholica:
3886 5417 3965 5469 rei

2378 5504 2653 5556 vindicem
2681 5502 3011 5573 Arianisque
3042 5504 3299 5557 infestum
3327 5519 3469 5569 esse,
3499 5505 3676 5559 virum
3710 5506 3763 5557 in
3818 5513 3968 5559 exsi-

2380 5594 2512 5647 lium
2554 5594 2679 5662 pelli
2711 5604 2929 5657 curant,
2960 5595 3013 5649 in
3046 5597 3485 5665 ejusque'locnm
3517 5598 3780 5651 Fuzoium
3812 5600 3967 5654 Aria-

2381 5703 2507 5740 num
2539 5688 2897 5743 substituunt.
2934 5686 3087 5742 Tunc
3122 5705 3251 5742 vero
3278 5698 3387 5742 tres
3423 5689 3474 5741 in
3530 5700 3709 5758 partes
3758 5692 3965 5747 distra-

2380 5788 2464 5832 cla
2498 5779 2688 5834 civitas
2722 5779 2823 5834 fuit
2868 5799 2878 5833 :
2916 5781 3088 5850 prima
3121 5790 3235 5835 crat
3272 5780 3782 5844 liu~tathianorum.
3846 5784 3967 5839 sive
