4160 6324
187 401 318 458 943

193 527 412 568 eorum
444 515 540 584 qui
575 514 633 571 S.
683 508 1176 589 Eustathii'partes
1201 526 1376 580 secuti
1406 526 1645 596 fuerant,
1672 537 1798 603 qui-

195 619 324 674 que
385 603 590 660 Meletii
636 610 1103 679 communionem,
1153 617 1299 684 quod
1343 617 1416 672 ab
1470 619 1687 677 Ariauis
1743 625 1797 679 in

147 743 163 748 _
195 694 542 764 episcopum
573 706 862 768 cooptatus
891 699 1108 766 fuisset,
1144 707 1514 777 respuebant;
1557 714 1799 770 secunda

193 780 655 853 Meletianorum,
692 789 903 845 scilicet
938 791 1369 862 Catholicornm,
1399 799 1494 868 qui
1519 799 1798 860 Meletium

194 868 317 928 etsi
344 876 416 930 ab
437 877 660 935 Arianis
698 881 1029 951 ordinatum,
1063 894 1248 957 utpote
1295 888 1636 950 Catholicnm
1671 879 1802 951 san-

192 968 639 1041 ctissimumque
682 974 884 1041 virum,
923 979 1336 1048 sequebantur;
1369 984 1527 1039 tertia
1567 987 1800 1043 Ariano-

196 1071 362 1123 rum,
395 1058 487 1127 qui
519 1073 646 1114 cum
676 1059 885 1118 Euzoio
908 1057 1213 1124 conventus
1235 1071 1488 1140 agebant.
1524 1072 1799 1133 Hactenus

197 1153 401 1200 tamen
430 1149 648 1205 nonnisi
679 1150 790 1206 duo
813 1154 1058 1224 epi3c0pi
1087 1156 1395 1214 Antiochiae
1433 1170 1609 1228 erant,
1638 1162 1800 1218 nimi-

197 1250 341 1289 rum
378 1252 444 1290 ex
477 1248 631 1307 parte
660 1240 1070 1299 Catholicorum
1118 1245 1389 1314 Meletins,
1445 1267 1514 1306 ex
1566 1254 1802 1310 Ariano-

201 1339 344 1379 rum
397 1342 530 1384 vcro
589 1341 742 1400 parte
773 1332 1054 1393 Euzoius:
1093 1354 1219 1393 nam
1279 1341 1618 1398 Eustathiani
1672 1360 1796 1399 cum

198 1413 447 1471 Paulino
510 1420 826 1491 presbytero
903 1426 1132 1481 seorsim
1208 1429 1464 1486 collectas
1541 1434 1793 1504 agebant.

197 1503 602 1572 Quamobrem
636 1511 974 1570 Athanasius
1016 1517 1070 1570 in
1129 1521 1338 1589 synodo
1390 1503 1794 1590 Alexandrina,

198 1611 363 1650 auito
393 1599 519 1664 362,
573 1601 702 1657 totis
761 1604 968 1659 viribus
1010 1607 1286 1662 nitebatur
1335 1619 1395 1664 ut
1448 1612 1798 1669 Eustathiani

203 1685 523 1746 Meletianis
596 1692 1065 1763 adjungerentur,
1143 1714 1444 1770 omnesque
1531 1703 1797 1759 Catholici

202 1795 387 1833 unum
459 1779 733 1835 Meletinm
770 1786 1085 1854 episcopum
1127 1800 1502 1857 agnoscerent,
1540 1795 1606 1847 ad
1643 1810 1795 1848 eam-

198 1887 316 1941 que
346 1888 459 1926 rcm
501 1873 704 1944 legatos
750 1876 892 1932 duos
956 1877 1252 1933 Eusebium
1299 1880 1696 1939 Vercellensem
1739 1894 1796 1940 et

199 1961 492 2014 Asterium
555 1964 840 2032 episcopos
893 1981 921 2018 a
992 1968 1203 2038 synodo
1261 1970 1602 2028 Antiochiam
1655 1975 1794 2030 m’tti

198 2053 445 2105 curavit.
488 2052 688 2108 Verum
741 2057 959 2112 interim
999 2059 1128 2113 dum
1179 2063 1339 2131 legati
1391 2065 1492 2119 iter
1528 2077 1792 2134 agerent,

201 2140 433 2197 Lucifer
476 2145 822 2200 Calavitanus
856 2149 1004 2217 pium
1060 2149 1344 2205 Athanasii
1376 2154 1792 2210 Alexandrina:-

197 2251 314 2303 que
362 2237 554 2305 synodi
589 2239 890 2293 consilium.
918 2239 1318 2308 intcrtnrbavit,
1366 2246 1457 2314 qui
1502 2245 1792 2301 Paulinum

199 2323 260 2376 in
289 2326 612 2395 episcopum
652 2330 853 2398 adlegit
881 2348 896 2385 :
929 2331 999 2385 ita
1040 2341 1099 2386 ut
1139 2343 1248 2388 tres
1271 2335 1382 2404 jam
1411 2338 1650 2408 episcopi
1681 2341 1794 2394 An-

201 2414 430 2470 tiochiae
455 2430 658 2484 essent,
701 2420 811 2475 duo
855 2422 1146 2485 Catholici,
1214 2440 1357 2480 unus
1414 2429 1670 2485 Arianus.
1715 2432 1789 2486 Ex

205 2504 316 2558 hoc
350 2517 534 2562 autem
565 2509 972 2566 Catholicorum
1001 2513 1254 2582 dissidio,
1293 2518 1438 2586 quod
1469 2519 1630 2575 annis
1655 2521 1794 2577 bene

203 2597 396 2653 multis
427 2602 684 2668 perstitit,
728 2604 1030 2660 innumerae
1052 2606 1185 2662 rixae
1216 2609 1452 2665 subortu:
1483 2621 1634 2677 sunt,
1662 2628 1794 2668 con-

200 2690 470 2752 tumeliae,
500 2693 746 2759 dicteria,
781 2696 1090 2760 maledicta,
1132 2701 1333 2768 quibus
1382 2717 1438 2754 se
1478 2713 1669 2758 mutuo
1705 2704 1788 2758 di-

197 2781 381 2835 versis
409 2782 612 2838 addicti
646 2786 892 2854 partibus
926 2787 1262 2844 lacerabant.
1345 2791 1605 2850 Paulinus
1661 2809 1791 2850 vero

199 2869 258 2922 in
310 2870 627 2942 episcopum
677 2876 923 2932 adiectus
965 2879 1353 2937 Alexandrina:
1407 2887 1614 2957 synodo
1657 2888 1788 2940 sub-

201 2962 449 3031 scripsit,
508 2964 560 3018 in
604 2981 708 3036 qua
759 2968 1135 3039 Apollinarius
1181 2972 1546 3044 Laodicenus,
1593 2979 1686 3047 qui
1723 2983 1800 3034 eo

200 3062 457 3109 oratores
484 3069 616 3110 suos
646 3061 947 3116 monachos
994 3063 1236 3132 miserat,
1290 3076 1347 3121 ut
1390 3069 1785 3136 professionem

202 3143 328 3197 tidei
369 3160 483 3199 sum
518 3147 571 3200 in
617 3158 764 3203 cmtu
807 3148 1028 3206 Patrum
1090 3155 1339 3221 ederent,
1383 3159 1468 3212 ita
1515 3170 1692 3216 tamen
1728 3171 1790 3218 ut

198 3249 419 3293 errores
452 3252 583 3293 suos
613 3241 840 3296 subdole
881 3244 1190 3309 reticerent,
1247 3248 1302 3301 in
1343 3254 1785 3308 communionem

200 3325 534 3384 admittitur.
583 3329 846 3388 Paulinus
885 3345 1088 3401 autem,
1140 3354 1286 3392 anno
1320 3341 1425 3394 569.
1478 3344 1785 3412 ordinatus,

201 3430 350 3470 anno
381 3417 486 3472 588
523 3421 604 3475 vel
638 3421 744 3476 589
769 3424 935 3479 finem
961 3427 1178 3482 vivendi
1206 3428 1354 3484 fecit.

280 3520 402 3577 llaec
430 3526 805 3593 prmmitteuda
841 3540 1018 3598 erant,
1072 3543 1129 3589 ut
1182 3535 1335 3591 locus
1369 3535 1743 3609 Chrysostomi
1769 3587 1783 3608 ,

203 3612 274 3666 de
299 3629 408 3683 quo
437 3631 581 3671 nunc
607 3618 806 3689 agitur,
852 3621 1080 3695 intelligi
1131 3629 1324 3695 possit.
1361 3628 1539 3685 Verba
1601 3645 1785 3689 autem

201 3704 345 3774 ejus,
376 3706 444 3759 ab
475 3708 541 3760 iis
565 3723 687 3778 quae
710 3701 1092 3770 Tillemontius
1125 3717 1309 3773 retulit
1345 3719 1504 3789 longe
1548 3723 1784 3788 diversa,

204 3796 287 3852 sic
324 3797 560 3854 habent:
605 3801 766 3856 Ἀλλὰ
795 3804 849 3857 τί
882 3803 1133 3875 λέγουσιν
1173 3811 1223 3862 οἱ
1273 3813 1449 3866 πάντα.
1497 3815 1660 3870 δεινοὶ
1690 3819 1788 3891 τὴν

205 3888 431 3956 κακίαν;
470 3892 773 3963 Αἱρετικὸς,
800 3897 985 3967 φησὶν,
1010 3901 1217 3966 ἐκεῖνος
1245 3905 1556 3976 γεγένηται,
1581 3908 1788 3965 ἕνοικον

203 3979 298 4033 τὸν
323 3980 566 4036 διάϐολον
591 3983 751 4054 ἔχων,
779 3989 874 4040 καὶ
898 3987 1074 4043 λαλῶν
1099 3995 1240 4052 κατὰ
1258 3995 1352 4048 τοῦ
1385 3996 1521 4051 Θεοῦ
1545 4000 1788 4069 ἀδικίαν,

206 4071 304 4124 καὶ
327 4072 557 4138 πολλοὺς
584 4075 673 4130 διὰ
705 4077 1089 4150 πιθανολογίας
1135 4085 1232 4138 καὶ
1261 4086 1425 4158 κενῆς
1462 4091 1680 4163 ἀπάτης
1709 4095 1788 4158 εἰς

210 4162 367 4233 βυθὸν
389 4165 662 4232 ἀπωλείας
692 4169 948 4240 ἀπάγων·
983 4175 1080 4228 καὶ
1108 4176 1195 4230 διὰ
1223 4178 1382 4232 τοῦτο
1409 4181 1514 4235 ὑπὸ
1546 4162 1656 4239 τῶν
1683 4202 1789 4239 πα-

207 4252 380 4323 τέρων
409 4255 759 4328 ὲκϐἐδληται,
787 4262 1027 4332 μάλιστα
1045 4265 1075 4318 ὁ
1112 4267 1302 4323 τούτου
1329 4271 1649 4340 διδάσκαλος
1672 4280 1788 4348 μοῖ-

213 4358 311 4412 ραν
367 4343 467 4413 τῆς
530 4345 856 4420 Ἐκκλησίας
902 4353 1230 4425 ἀποτεμὼν,
1287 4359 1320 4429 ἢ
1366 4360 1453 4414 διὰ
1486 4343 1788 4420 Παυλιανὸν

214 4433 358 4503 (lege
380 4433 678 4508 Παυλῖνον)
709 4439 742 4510 ἢ
783 4441 1191 4516 Ἀπολλινάριον
1220 4447 1490 4517 λέγοντες.
1523 4452 1564 4509 1.
1595 4471 1645 4510 e.
1673 4455 1779 4511 Sed

210 4523 334 4592 quid
358 4524 542 4578 dicunt
578 4527 662 4580 illi
689 4529 759 4582 ad
807 4546 1012 4586 onmem
1051 4536 1316 4591 malitiam
1357 4542 1580 4598 audaces
1610 4547 1634 4598 f’
1663 4550 1788 4602 Ha:-

213 4615 424 4680 reticus,
464 4619 638 4683 aiunt,
684 4621 777 4675 ille
811 4624 989 4692 [actus
1043 4636 1142 4694 est,
1197 4629 1586 4688 inhabitantem
1635 4637 1788 4692 habet

212 4707 501 4777 diabolum,
536 4722 585 4764 et
613 4713 851 4783 loquitur
879 4729 1064 4772 contra
1099 4721 1263 4775 Deum
1295 4729 1610 4798 nequitiam,
1650 4732 1790 4785 mulo

219 4806 391 4867 tosque
419 4803 641 4856 suadela
671 4819 906 4876 vanaque
931 4807 1154 4875 fallacia
1190 4814 1244 4866 in
1275 4818 1598 4885 profundum
1640 4822 1790 4876 exitii

215 4889 464 4944 abducit:
514 4893 792 4965 ideoquea
848 4897 1110 4955 Patribus
1151 4906 1346 4971 ejectus
1399 4917 1498 4972 est,
1559 4913 1790 4968 maxime

215 4978 367 5046 hujus
401 4983 675 5053 magister,
723 4988 814 5056 qui
842 4998 1046 5057 partem
1085 4990 1342 5049 Ecclesia:
1389 4997 1666 5054 abscidit:
1713 5005 1791 5056 sic

215 5079 304 5122 aut
353 5070 644 5128 Paulinum
699 5089 792 5131 aut
841 5080 1228 5148 Apollinarium
1268 5085 1566 5157 designant.
1636 5089 1785 5156 Πίος,

218 5169 277 5213 ιιι
332 5162 509 5231 primo
564 5167 748 5221 statim
787 5180 1009 5239 aspectu
1041 5188 1161 5229 sese
1199 5174 1454 5246 offerunt,
1495 5179 1786 5239 Paulinum

216 5250 476 5305 viventem
507 5253 903 5326 docentcmque
934 5259 1201 5327 indicant,
1247 5264 1446 5319 nedum
1505 5278 1783 5325 mortuum

218 5334 516 5411 supponant
544 5364 556 5399 :
594 5361 718 5400 nam
752 5347 843 5402 ille
874 5350 968 5419 qui
993 5351 1236 5421 loquitur
1264 5367 1452 5411 contra
1493 5357 1663 5414 Deum
1694 5377 1790 5416 ne-

217 5433 432 5500 quitiam
495 5443 549 5490 et
601 5438 804 5495 multos
843 5441 1084 5507 abducit,
1112 5454 1214 5510 est,
1269 5455 1330 5501 ut
1373 5449 1606 5515 videtur,
1645 5450 1790 5507 Pau-

219 5528 388 5594 linus;
458 5543 640 5599 neque
662 5531 817 5599 enim
868 5533 986 5588 haac
1040 5535 1094 5589 in
1129 5537 1296 5592 alium
1346 5539 1584 5597 conferri
1624 5560 1785 5614 posse

212 5628 482 5690 putamus.
515 5618 647 5693 Ejus
680 5637 816 5680 vero
853 5626 1133 5699 magister,
1172 5631 1265 5703 qui
1311 5647 1342 5687 a
1374 5630 1626 5691 Patribus
1669 5636 1782 5707 eje-

1305 409 1391 464 DE
1424 412 1923 473 ANATllEllATE.
1958 448 2024 458 -—
2058 419 2394 481 MONI'I‘UM.

3361 433 3466 488 9-H

1910 545 2034 590 ctus
2091 547 2238 606 erat,
2273 547 2358 593 est
2416 539 2789 608 Apollinarius
2840 525 3089 596 secundo
3129 555 3486 613 memoratus,

1901 628 2019 699 qui,
2055 639 2345 698 postquam
2399 630 2453 684 in
2509 631 2720 702 synodo
2774 632 2842 688 ad
2899 635 3343 690 communionem
3384 638 3486 691 ad-

1902 718 2108 775 missus
2151 718 2370 786 fuerat,
2420 722 2802 778 subscribente
2838 723 3106 791 Paulino,
3160 725 3355 781 deinde
3413 728 3484 782 ab

1903 809 2207 866 Athanasio
2263 811 2496 882 aliisque
2550 812 2846 881 Patribus,
2885 830 3010 870 cum
3049 815 3170 886 ejus
3230 816 3480 873 haeresim

1902 903 2318 972 comperissent,
2354 904 2558 974 ejectus
2592 903 2716 960 fuit.
2747 904 2894 960 Sane
2948 906 3064 961 haec
3111 906 3482 962 multitudinis

1903 990 2048 1047 dicta
2080 993 2220 1050 duos
2248 1003 2459 1049 tantum
2489 995 2758 1066 impetunt
2785 995 2957 1060 viros,
2989 1011 3184 1066 nempe
3220 1007 3279 1052 ut
3308 999 3484 1068 expli-

1901 1091 1991 1138 cat
2014 1081 2467 1156 Chrysostomus,
2502 1085 2789 1142 Paulinum
2812 1096 2868 1143 et
2895 1089 3314 1156 Apollinarium.
3343 1089 3480 1144 Nam

1900 1174 1949 1230 si
1985 1183 2108 1244 post
2139 1176 2457 1231 defunctum
2499 1176 2788 1233 Paulinum
2824 1193 2853 1230 a
2903 1179 3255 1248 popularibus
3314 1181 3479 1236 verba

1902 1259 2219 1336 hujusmodi
2245 1268 2456 1338 prolata
2491 1279 2695 1336 essent,
2743 1270 3036 1340 Evagrium
3089 1273 3210 1341 ejus
3258 1288 3480 1328 succes-

1900 1371 2078 1410 sorem
2109 1358 2252 1414 haud
2297 1360 2459 1415 dubie
2511 1365 2858 1439 impeterent,
2897 1362 3055 1431 cujus
3095 1371 3277 1417 tamen
3328 1365 3478 1419 nulla

1901 1445 1991 1500 hic
2030 1448 2256 1503 mentio.
2304 1447 2500 1504 Notam
2551 1451 2717 1522 igitur
2770 1451 3054 1520 temporis,
3108 1467 3273 1521 quam
3321 1453 3478 1507 initio

1899 1534 2334 1606 Chrysostomus
2379 1542 2527 1596 clare
2571 1542 2776 1611 posuit,
2828 1543 2933 1598 hoc
2987 1543 3109 1598 loco
3164 1544 3476 1601 nullatenus

1902 1624 2223 1681 labefactari
2266 1629 2441 1698 palam
2479 1638 2580 1685 est.
2636 1629 2818 1696 Quare
2859 1632 2912 1685 in
2949 1632 3038 1696 iis,
3070 1647 3194 1702 quae
3237 1633 3304 1687 de
3337 1642 3476 1688 tem—

1900 1730 2034 1785 pore
2074 1718 2242 1788 hujus
2276 1721 2515 1775 homiliae
2555 1736 2722 1791 supra
2769 1721 3032 1788 diximus,
3078 1725 3301 1777 omnino
3333 1734 3479 1779 stan-

1902 1807 2031 1861 dum
2074 1816 2351 1878 putamus.
2381 1810 2651 1864 Cancrum
2707 1811 2861 1868 locus
2890 1813 3000 1878 ille,
3039 1828 3199 1882 quem
3249 1814 3474 1883 jamjam

1902 1899 2210 1964 retulimus,
2235 1909 2421 1969 utpote
2455 1901 2546 1970 qui
2573 1901 2865 1958 inconditae
2892 1902 3243 1973 profanazque
3288 1908 3474 1960 multi-

1900 1988 2107 2044 tudinis
2148 1990 2458 2045 convicium
2503 2000 2713 2044 tantum
2752 1991 2968 2056 referat,
3027 2009 3134 2047 non
3161 2003 3244 2049 est
3298 1996 3370 2050 ita
3407 2000 3475 2052 ad

1898 2078 2144 2134 litteram
2193 2081 2566 2150 accipiendas,
2598 2092 2655 2137 nt
2700 2082 3038 2153 singulorum
3075 2085 3345 2141 dictorum
3389 2106 3478 2144 ra-

1899 2170 2102 2224 tionem
2139 2187 2381 2240 quaerere
2419 2188 2558 2240 opus
2598 2175 2688 2227 sit.

1969 2261 2242 2327 llalesius,
2270 2273 2330 2318 ut
2360 2265 2411 2318 in
2441 2265 2734 2321 Savilianis
2759 2263 2913 2320 Notis
2941 2266 3080 2321 infra
3103 2267 3290 2323 videre
3324 2270 3472 2335 licet,

1895 2337 2211 2422 suspicatur
2240 2354 2382 2428 hanc
2411 2357 2717 2420 homiliam,
2745 2369 2931 2428 utpote
2957 2360 3097 2430 stylo
3119 2361 3468 2425 dissimilem,

1897 2445 1980 2499 vel
2014 2445 2390 2516 Chrysostomi
2421 2464 2528 2502 non
2560 2452 2704 2517 che,
2734 2451 2818 2505 vel
2860 2451 2902 2506 si
2953 2452 3329 2523 Chrysostomi
3373 2457 3469 2516 sit,

1896 2537 1965 2590 ab
2005 2537 2113 2592 alio
2148 2547 2335 2608 postea
2384 2549 2733 2596 retractatum
2769 2543 2853 2598 vel
2907 2555 3121 2597 auctam
3175 2545 3381 2598 fuisse:
3423 2547 3472 2598 id

1897 2638 2077 2683 autem
2118 2631 2244 2685 hinc
2283 2631 2596 2686 confirmari
2627 2641 2800 2703 putat,
2862 2635 3006 2704 quod
3041 2634 3192 2690 Juris
3244 2634 3462 2688 Gra‘co-

1896 2714 2128 2770 Romani
2180 2718 2382 2788 partel
2433 2720 2751 2778 Philotheus
2803 2722 3112 2793 patriarcha
3165 2738 3231 2778 ex
3296 2723 3476 2777 Theu-

1894 2808 2030 2863 doro
2084 2809 2409 2868 Balsamone
2455 2829 2618 2869 uuam
2655 2815 2951 2871 alteramve
3016 2817 3253 2871 homilize
3305 2818 3470 2886 hujus

1893 2902 2216 2969 particulam
2270 2904 2510 2960 referat:
2566 2907 2656 2960 ubi
2715 2907 3034 2961 continuata
3107 2909 3247 2962 serie
3303 2910 3472 2963 multa

1895 2989 2187 3059 habentur,
2221 3010 2344 3062 qua:
2377 2995 2620 3050 auctiora
2655 2997 3014 3072 pluribusque
3052 2995 3253 3050 referta
3292 2999 3476 3053 verbis

1891 3078 2148 3149 leguntur
2175 3083 2227 3136 in
2254 3082 2356 3138 hac
2383 3083 2606 3160 homi‘tia
2631 3101 2644 3147 ;
2684 3085 2828 3140 unde
2854 3087 3109 3156 opinatur
3131 3088 3218 3141 ille
3240 3086 3472 3156 plurima

1891 3171 1945 3226 in
1983 3175 2125 3228 hanc
2161 3175 2442 3228 homiliam
2473 3178 2778 3246 irrepsisse,
2825 3193 2947 3247 quae
2991 3194 3099 3233 non
3140 3180 3250 3233 sint
3295 3179 3473 3248 Chry-

1891 3260 2140 3314 sostomi.
2180 3260 2333 3326 Quod
2366 3263 2430 3315 ad
2458 3264 2584 3334 styli
2616 3264 2989 3318 diversitatem
3018 3267 3273 3334 pertinet,
3303 3267 3476 3320 fateor

1888 3356 1950 3402 et.
1973 3365 2072 3419 ego
2111 3351 2319 3420 aliquot
2362 3368 2482 3407 esse
2511 3355 2652 3419 loca,
2683 3371 2804 3425 qua:
2834 3354 3212 3426 Chrysostomi
3258 3357 3472 3411 dicendi

1890 3455 2066 3508 genus
2099 3458 2206 3496 nou
2243 3444 2530 3500 referant:
2571 3446 2730 3515 idque
2767 3446 2867 3500 hac
2896 3447 3129 3502 maxime
3184 3447 3251 3502 de
3307 3463 3473 3502 causa

1889 3533 2162 3593 accidisse
2194 3536 2454 3600 arbitror,
2491 3537 2617 3606 quia
2650 3552 2844 3607 nempe
2880 3539 3170 3608 populares
3202 3555 3331 3594 suos
3363 3540 3476 3609 ple-

1891 3639 2121 3695 rumque
2175 3628 2600 3699 Cbrysostomus
2659 3630 2868 3685 inducit
2919 3631 3168 3686 convicia
3231 3641 3284 3686 et
3343 3648 3477 3686 ana-

1891 3719 2129 3774 themata
2169 3720 2223 3774 in
2265 3720 2479 3775 Paulini
2529 3731 2828 3777 sectatores
2864 3724 3166 3792 jactantcs;
3201 3723 3322 3778 ideo
3365 3740 3474 3779 non

1891 3818 2105 3865 tantum
2135 3813 2226 3865 ubi
2264 3813 2354 3867 illa
2405 3813 2592 3878 refert,
2627 3815 2722 3869 sed
2772 3816 2937 3870 etiam
2973 3816 3065 3871 ubi
3106 3815 3293 3870 eadem
3343 3832 3474 3884 pro-

1891 3903 2093 3970 pulsat,
2125 3905 2307 3975 aliqua
2363 3909 2750 3977 peregrinitate
2808 3909 3011 3980 stylum
3075 3924 3235 3962 suum
3279 3908 3470 3964 inﬁcit.

1890 3993 1973 4047 Ad
2001 3994 2117 4049 hate
2143 4011 2296 4058 vero,
2334 4004 2393 4050 ut
2423 4013 2530 4049 non
2569 3997 2737 4052 semel
2783 3998 2911 4052 alibi
2944 3997 3322 4064 observamus,
3361 4013 3472 4051 non

1888 4098 2066 4153 pauca
2098 4094 2227 4140 sunt
2251 4085 2636 4156 Chrysostomi
2679 4087 2964 4155 opuscula,
2997 4087 3117 4141 sine
3145 4087 3313 4142 dubio
3342 4089 3476 4158 γνή-

1892 4191 2004 4242 σια,
2041 4176 2133 4230 ubi
2167 4192 2197 4230 a
2220 4177 2382 4231 solito
2404 4177 2546 4248 stylo
2573 4186 2627 4231 et
2656 4177 2846 4231 orandi
2892 4189 3090 4248 genere
3129 4192 3238 4232 non
3276 4193 3472 4248 parum

1888 4265 2144 4321 deflectit.
2185 4266 2322 4322 Cum
2362 4277 2546 4322 autem
2579 4265 2827 4321 llalesius
2867 4267 3247 4336 interpolatam
3295 4269 3474 4322 homi-

1888 4357 2016 4410 liam
2048 4357 2171 4413 ideo
2194 4358 2528 4427 suspicatur,
2557 4359 2703 4429 quod
2732 4357 3045 4414 Pbilotheus
3074 4359 3320 4428 quaedam
3351 4360 3472 4414 loca

1889 4447 2133 4504 referens
2176 4450 2345 4507 multa
2395 4452 2797 4521 praetermittat,
2846 4449 3000 4522 [691]
3045 4467 3167 4521 qua:
3207 4453 3260 4505 in
3295 4453 3475 4506 homi-

1889 4537 1962 4592 lia
2004 4540 2301 4610 leguntur,
2358 4541 2724 4613 incogitanter
2777 4557 2911 4597 sane
2959 4543 3243 4612 loquitur;
3303 4559 3365 4598 ac
3426 4545 3471 4599 si

1892 4627 2107 4696 ignoret
2170 4631 2318 4686 hunc
2347 4647 2470 4687 esse
2516 4647 2726 4687 morem
2786 4633 3117 4703 scriptorum
3177 4635 3474 4703 cujuslibet

1890 4723 2087 4783 uitatis,
2122 4733 2182 4776 ut
2236 4724 2281 4777 si
2315 4739 2476 4793 quem
2522 4724 2750 4779 alterius
2780 4724 2960 4780 locum
3010 4735 3304 4795 usurpent,
3374 4742 3472 4797 pro

1896 4810 2069 4868 luhito
2102 4829 2166 4868 ea
2195 4815 2511 4869 esset-ibant
2539 4830 2661 4885 quae
2703 4815 2758 4869 in
2807 4831 2919 4870 rem
2961 4831 3117 4872 suam
3161 4817 3473 4871 COINIUCt're

1891 4913 2100 4975 putent,
2161 4907 2268 4961 alia
2324 4922 2455 4962 vero
2499 4907 2768 4962 arbitratu
2851 4921 2955 4962 suo
3007 4909 3467 4977 praetermittam:

1895 4997 2039 5065 quod
2074 4997 2349 5051 sexcentis
2379 5012 2667 5067 possemus
2690 4999 2958 5065 exemplis
2979 4998 3328 5062 confirmare,
3365 5003 3473 5055 nisi

1890 5101 1981 5142 res
2022 5103 2119 5157 per
2151 5103 2210 5142 se
2239 5089 2530 5159 perspicua
2571 5089 2948 5160 omnibusque
2980 5098 3109 5145 nota
3159 5101 3330 5146 esset.
3370 5091 3475 5146 Ita-

1892 5192 2000 5246 que
2047 5176 2190 5232 hanc
2244 5179 2524 5233 homiliam
2577 5191 2632 5236 et
2678 5181 2905 5251 dignam
2953 5169 3370 5252 Chrysostomo,
3422 5196 3476 5238 ct

1897 5269 2190 5338 genuinam
2217 5284 2339 5324 esse
2369 5281 2626 5341 putamus
2655 5291 2667 5324 :
2706 5288 2770 5326 ac
2801 5288 2926 5326 cum
2962 5274 3192 5328 eruditis
3217 5275 3474 5329 omnibus

1893 5361 2027 5416 viris
2066 5359 2268 5429 llalcsii
2309 5362 2599 5432 scrupulos
2628 5362 2929 5426 ἀκινδύνως
2961 5362 3260 5431 rcjicimus.

1964 5450 2475 5521 lnterpretationem
2510 5453 2703 5507 incerti
2744 5454 3032 5523 cujusdam
3074 5455 3200 5518 viri,
3258 5471 3381 5523 qum
3420 5458 3472 5510 in

1895 5543 2047 5614 prius
2099 5542 2276 5599 Editis
2324 5544 2634 5614 legebatur,
2667 5553 2856 5614 utpote
2909 5547 3092 5604 minus
3138 5558 3472 5617 accuratam,

1893 5638 2208 5709 rejecimus,
2250 5652 2561 5711 novamque
2591 5639 2927 5712 paravimus.
