4142 6332
161 446 263 501 9η)
1467 432 1555 494 DE
1592 435 1681 493 AN
1691 435 1753 490 A”:

1864 432 2093 492 iHA’I‘E.
3323 424 3430 481 9M

174 873 356 883 ο--ν-
379 874 655 883 .-Μ-ο

1739 2233 1847 2294 DE

841 2687 1137 2804 NON
1266 2676 2760 2803 ANATHEMATIZANDIS
2800 2696 2822 2720 '

1306 3190 1519 3256 VlVlS
1569 3194 1727 3256 VEL
1779 3191 2211 3255 DEFUNCTIS
2250 3190 2288 3256 ⁸.

226 4146 281 4196 1.
325 4137 507 4207 Nuper
543 4132 698 4193 vobis
736 4130 805 4186 de
847 4122 1409 4197 incomprehensibilis
1449 4120 1757 4191 cognitione

149 4235 248 4291 Dei
279 4232 573 4294 disserens,
601 4224 767 4283 multa
792 4220 957 4291 verba
984 4218 1106 4281 feci,
1134 4230 1197 4271 ac
1221 4224 1329 4272 tum
1355 4213 1754 4283 Scripturarnm

145 4304 421 4387 vocibus,
469 4331 580 4376 tum
628 4316 965 4375 naturalibus
1021 4308 1317 4367 ratiociniis
1366 4305 1752 4370 demonstravi,

145 4422 318 4477 etiam
346 4416 475 4486 ipsis
500 4409 854 4469 invisibilibus
873 4404 1161 4459 virtutibus
1183 4402 1510 4454 inaccessam
1533 4411 1754 4466 prorsus

146 4527 276 4567 esse
306 4506 542 4563 numinis
584 4498 1121 4570 comprehensionem
1145 4534 1160 4559 ,
1208 4492 1317 4546 illis
1346 4489 1587 4553 scilicet,
1634 4503 1754 4558 quae

145 4600 398 4658 materiae
434 4604 709 4665 expertem
752 4599 807 4646 et
854 4590 1064 4643 beatam
1106 4584 1269 4639 vitam
1300 4589 1465 4651 agunt
1503 4592 1753 4648 :nosque

146 4706 360 4757 tamen,
390 4689 478 4759 qui
508 4688 563 4741 in
608 4683 752 4739 omni
784 4679 1007 4735 mollitie
1044 4685 1204 4744 atque
1233 4671 1440 4743 ignavia
1470 4670 1631 4725 vitam
1658 4668 1754 4724 de-

141 4787 331 4855 gimus
356 4822 371 4845 ,
414 4787 468 4834 et
505 4779 559 4832 in
605 4772 831 4846 quodvis
861 4769 1112 4840 nequitiae
1140 4779 1309 4837 genus
1348 4764 1555 4817 ruimus
1577 4804 1593 4828 ,
1638 4776 1752 4816 rem

145 4872 516 4933 invisibilibus
545 4868 857 4925 substantiis
874 4863 1085 4935 penitus
1107 4863 1340 4931 ignotam
1367 4861 1388 4891 ³
1416 4858 1627 4927 assequi
1656 4870 1751 4910 co-

144 4967 268 5023 nari
302 4983 317 5019 :
350 4978 514 5018 unum
544 4968 707 5015 tantae
737 4958 814 5013 rei
858 4961 1228 5025 argumentum
1261 4950 1522 5005 habentes
1550 4948 1753 5017 cogita-

144 5064 365 5116 tionum
393 5066 695 5110 nostrarum
715 5049 973 5121 judicium
997 5054 1051 5101 et
1077 5046 1293 5099 inanem
1315 5040 1454 5111 apud
1482 5040 1753 5095 auditores

142 5152 421 5225 gloriam,
470 5160 645 5215 neque
688 5150 894 5197 natum
941 5146 1142 5192 nostra).
1189 5146 1497 5188 mensuram
1544 5131 1754 5186 ratione

143 5220 684 5301 circumscribentes,
716 5245 890 5301 neque
915 5227 1151 5283 divinam
1182 5224 1515 5293 Scripturam
1540 5220 1754 5275 Patres-

142 5350 258 5406 que
286 5322 577 5401 sequentes
605 5342 619 5391 ;
669 5325 763 5380 sed
790 5320 1058 5391 opinionis
1087 5325 1287 5373 nostrae
1318 5313 1563 5385 phrenesi
1590 5354 1606 5379 ,
1652 5326 1754 5367 ceu

144 5403 401 5501 byberno
431 5427 671 5477 torrente
695 5417 963 5472 detractos
986 5454 1000 5478 ,
1032 5413 1083 5465 in
1117 5418 1319 5465 tantum
1345 5416 1623 5475 peccatum
1653 5403 1751 5501 de-

146 5495 339 5590 lapsos
363 5529 504 5569 esse.
534 5515 644 5581 Age
671 5523 814 5563 nunc
838 5514 1121 5576 postquam
1146 5500 1215 5555 de
1235 5501 1575 5554 anathemate
1596 5495 1753 5551 vobis

216 5616 234 5645 ι
270 5607 451 5659 collata
473 5618 583 5656 cum
608 5611 687 5669 ἤτε·
710 5598 1094 5669 Vaticen0.~"?.9:..
1294 5654 1324 5669 -.
1370 5668 1375 5669 κ
1413 5651 1423 5669 ε

217 5676 240 5705 ³
273 5650 829 5779 aegram—subumidi:
852 5658 1164 5713 invisibzlz'bus
1197 5654 1381 5722 penitus
1405 5651 1637 5723 ignotam,
1658 5650 1752 5702 de-

149 5737 269 5778 sunt
297 5734 344 5781 in
404 5737 611 5779 attcano,

1866 4134 2123 4193 quantum
2148 4128 2397 4181 convenit
2418 4127 2854 4193 disseruerimus,
2885 4130 3095 4201 vimque
3122 4132 3244 4187 mali
3274 4134 3452 4205 hujus,

1865 4219 2005 4288 quod
2038 4234 2134 4289 pro
2169 4220 2335 4277 nihilo
2363 4231 2664 4292 reputatur,
2712 4223 3130 4293 ostenderimus,
3172 4225 3294 4282 hinc
3323 4227 3453 4285 l'reni

1867 4310 2196 4380 impatientia
2251 4327 2346 4367 ora
2408 4312 2793 4381 cohibeamus,
2848 4316 3091 4371 morbum
3143 4317 3459 4389 detegentes

1867 4416 2088 4467 eorum,
2114 4404 2203 4473 qui
2235 4419 2295 4459 ea
2336 4405 2388 4457 in
2433 4419 2493 4459 re
2528 4405 2728 4459 incuria
2782 4407 2946 4460 nimia
2992 4407 3237 4463 laborant
3283 4411 3323 4463 ¹.
3355 4411 3456 4466 Et-

1865 4497 2007 4551 enim
2053 4495 2106 4553 in
2154 4508 2258 4552 tam
2290 4496 2625 4567 deploratum
2662 4507 2859 4553 statum
2892 4510 3074 4554 nostra
3102 4500 3454 4569 devenerunt,

1864 4596 1945 4654 ut,
1993 4589 2226 4658 pessime
2268 4588 2547 4656 habentes,
2598 4590 2903 4660 ignoremus
2942 4606 3041 4646 nos
3086 4607 3154 4646 ne
3191 4594 3459 4661 turpiores

1864 4680 2079 4750 quidem
2124 4681 2348 4736 aﬂ'ectus
2389 4695 2682 4750 superare;
2716 4682 2785 4734 ita
2830 4690 2887 4735 ut
2917 4697 3017 4735 vox
3050 4681 3360 4753 prOphetica
3402 4683 3457 4738 in

1864 4774 2017 4829 nobis
2059 4774 2384 4843 impleatur:
2419 4773 2543 4827 Non
2583 4782 2653 4826 est
2692 4773 2829 4843 quod
2854 4773 3149 4841 imponatur
3174 4774 3457 4845 malagma,

1864 4882 2022 4935 neque
2050 4866 2219 4921 oleum
2245 4908 2260 4933 ,
2292 4882 2448 4937 neque
2491 4866 2734 4937 ligamina
2779 4864 2944 4936 (lsai.
2976 4866 3025 4918 1.
3052 4866 3141 4935 6).
3175 4865 3459 4922 Undenam

1864 4957 2024 5028 igitur
2066 4957 2133 5013 de
2177 4957 2278 5012 hoc
2319 4958 2459 5013 malo
2506 4958 2715 5013 dicendi
2768 4959 2978 5013 initium
3025 4958 3261 5013 faciam?
3302 4960 3386 5015 An
3432 4978 3461 5013 a

1864 5046 2074 5102 Domini
2116 5048 2487 5102 mandatorum
2528 5049 2892 5103 sanctionibus
2918 5091 2934 5115 ,
2964 5066 3029 5103 an
3058 5050 3127 5105 ab
3163 5050 3373 5106 inscitia
3409 5061 3460 5106 et

1865 5149 2082 5209 stupore
2133 5140 2359 5193 vestro?
2403 5140 2595 5193 Annon
2644 5139 2819 5193 ridear
2869 5149 2924 5194 et
2969 5140 3204 5195 insanire
3249 5140 3459 5206 videar,

1863 5233 1951 5302 qui
1985 5232 2055 5286 ita
2096 5232 2325 5303 loquar?
2365 5234 2558 5287 Annon
2600 5232 2924 5286 clamoribus
2958 5234 3195 5303 excipiar
3222 5235 3310 5302 qui
3344 5234 3460 5289 ha‘c

1865 5325 2035 5379 tristia
2083 5332 2138 5379 et
2192 5325 2441 5396 lacrymis
2494 5324 2650 5394 digna
2705 5324 3075 5392 pertractanda
3124 5324 3459 5396 snscipiam"

1863 5414 2001 5482 Quid
2051 5414 2287 5469 faciam?
2334 5415 2541 5478 Doleo,
2588 5416 2768 5469 animo
2813 5414 3087 5478 dissecor,
3135 5429 3458 5485 rumpuntur

1862 5507 2092 5574 viscera,
2124 5507 2249 5563 dum
2282 5514 2483 5561 tantum
2512 5506 2666 5561 video
2693 5516 2987 5576 stuporem,
3027 5507 3150 5579 quia
3176 5507 3453 5562 Judaicam

1862 5644 2254 5757 nulngtntiochcni
2276 5640 2546 5695 ueletiam:
2569 5642 2719 5706 partis
2732 5641 2992 5693 anathema
3030 5641 3260 5693 dicebant
3294 5640 3460 5694 Pauli-

1975 5719 2032 5757 Is.

1975 5719 2032 5759 IS.

4105 165 4110 228 i

4105 231 4112 506 ἓ

4106 2497 4140 2643 η

4106 2644 4138 2721 ε

4108 2736 4142 2897 l

4108 2874 4142 3053 μ

4108 3084 4142 3271 l
