4160 6324
660 406 763 461 "7

661 512 1141 586 transgressionem
1172 517 1226 563 et
1248 507 1538 564 Gentilium
1577 508 1903 576 impietatem
1941 514 2121 559 nostra
2152 519 2244 558 su"-

664 615 872 676 perant.
902 603 1223 671 Progressus
1268 600 1411 654 enim
1442 599 1586 651 viros
1627 612 1812 660 cerno,
1857 610 2031 665 neque
2075 595 2243 648 ratio-

659 699 804 753 cinio
843 710 909 749 ex
948 694 1123 747 divina
1148 691 1420 759 Scriptura
1459 688 1651 743 edocto
1691 686 1965 757 praeditos,-
1996 700 2095 740 nec
2115 700 2248 754 qua-

664 788 803 857 piam
830 784 1022 838 divina:
1049 781 1339 850 Scriptura:
1365 788 1513 849 parte
1539 777 1810 839 imbutos;
1856 778 2023 831 multa
2050 775 2246 829 erube-

661 892 817 932 scens
856 884 1045 937 taceo;
1080 870 1419 933 furibundus,
1453 883 1712 938 nugaees,
1745 867 1846 933 Qui
1873 867 2101 920 nesciunt
2135 879 2250 934 qui:

661 971 871 1031 dicunt,
900 981 1058 1034 neque
1093 965 1156 1017 de
1178 963 1358 1032 quibus
1388 961 1641 1030 aﬂirmant
1667 960 1745 1028 (1.
1768 956 1903 1011 Tim.
1928 958 1979 1013 ι.
2002 956 2059 1027 7)
2082 972 2097 1020 ;
2145 955 2249 1010 hoc

663 1072 828 1111 unum
871 1055 1113 1123 imperite
1139 1054 1332 1106 docere
1369 1051 1625 1104 audentes
1649 1090 1666 1115 ,
1706 1058 1761 1103 et
1796 1047 2251 1103 anatltematizare

663 1162 780 1217 quae
808 1145 1109 1209 nesciunt‘,
1141 1143 1211 1196 ita
1244 1151 1301 1195 ut
1340 1149 1520 1195 nostra
1562 1138 1634 1192 ab
1660 1140 1746 1203 iis,
1787 1138 1875 1207 qui
1901 1152 1931 1189 a
1960 1135 2062 1190 fide
2089 1135 2249 1189 alieni

665 1247 809 1303 sunt,
840 1237 1179 1299 irrideantur,
1220 1232 1363 1303 quod
1390 1232 1587 1286 nullam
1631 1230 1968 1284 instituenda:
1998 1230 2120 1282 vitae
2148 1242 2249 1282 cu-

665 1345 780 1384 ram
810 1328 1116 1389 habeamus,
1143 1340 1315 1394 neque
1340 1322 1657 1379 benefacere
1682 1322 1853 1377 edocti
1879 1323 2070 1376 simus.

736 1420 792 1473 2.
834 1420 950 1474 Heu
977 1418 1130 1483 mihi,
1174 1434 1332 1486 quam
1371 1418 1553 1486 gravia
1581 1415 1733 1469 hmo!
1768 1415 1873 1469 heu
1897 1414 2066 1469 mihi!
2112 1413 2253 1481 Quot

666 1510 797 1580 justi
822 1521 875 1564 et
901 1509 1173 1584 propheta:
1192 1507 1631 1562 desideraverunt
1651 1507 1833 1562 videre
1856 1522 1974 1576 quae
1999 1520 2098 1560 nos
2119 1506 2253 1559 vidi-

668 1615 811 1666 mus,
838 1610 892 1653 et
922 1614 1027 1652 non
1058 1598 1325 1662 viderunt,
1352 1606 1407 1650 et
1435 1598 1621 1651 audire
1648 1612 1766 1663 qua:
1803 1610 1900 1649 nos
1930 1595 2249 1661 audivimus,

668 1701 723 1746 et
767 1708 872 1745 non
916 1690 1197 1744 audierunt
1234 1688 1445 1758 (Matth.
1476 1690 1563 1742 l3.
1590 1688 1679 1757 l7)
1711 1706 1724 1741 :
1751 1696 1806 1741 et
1836 1703 1933 1741 nos
1962 1689 2076 1742 haec
2099 1688 2253 1757 quasi

672 1784 843 1837 lusum
878 1782 1159 1835 habemus.
1193 1779 1493 1844 Attendite,
1531 1793 1737 1846 quzeso,
1769 1779 1834 1832 iis
1860 1794 1977 1848 qua:
2005 1778 2251 1844 audistis,

672 1872 952 1941 nequando
997 1869 1325 1923 difﬂuamus.
1352 1868 1484 1922 Nam
1513 1868 1558 1921 si
1588 1884 1765 1923 sermo
1796 1885 1892 1938 per
1921 1869 2140 1938 angelos
2165 1868 2254 1922 di-

671 1972 787 2019 ctus
818 1961 1007 2015 ﬁrmus
1051 1960 1187 2023 fuit,
1220 1968 1273 2013 et
1314 1959 1488 2012 omnis
1536 1958 1903 2026 praevaricatio
1942 1968 1996 2013 et
2038 1959 2256 2021 inobse:

673 2053 887 2120 quentia
912 2052 1109 2117 justam
1140 2048 1544 2102 retributionem
1571 2049 1796 2117 accepit,
1841 2047 2108 2117 quomodo
2135 2058 2256 2101 tan-

674 2152 779 2195 tam
811 2140 1033 2194 salutem
1067 2138 1395 2207 negligentes
1437 2136 1794 2206 eﬂ‘ugiemus?
1839 2137 1931 2191 Dic
1956 2138 2098 2197 enim
2123 2177 2137 2201 ,
2166 2137 2256 2206 qui

676 2244 872 2297 scopas
902 2228 1166 2296 Evangelii
1212 2227 1415 2293 gratiae,
1461 2241 1715 2296 quorsum
1762 2227 1991 2280 carnalis
2022 2226 2114 2280 Dei
2158 2226 2255 2279 ad-

678 2330 886 2383 ventus,
914 2334 980 2371 an
1012 2327 1069 2369 ut
1106 2326 1203 2370 nos
1231 2325 1416 2379 mutuo
1447 2316 1789 2369 mordeamus
1815 2326 1868 2370 et
1894 2315 2259 2370 devoremus?

677 2410 836 2477 Atqui
882 2422 1002 2460 cum
1045 2405 1347 2459 Christiana
1392 2405 1500 2458 sint
1545 2405 1700 2474 legali
1753 2412 2018 2473 przecepto
2062 2402 2261 2472 ubique

680 2496 1035 2569 perfectiora,
1080 2496 1356 2549 Caritatem
1406 2496 1572 2565 magis
1603 2510 1630 2547 a
1664 2494 1817 2548 nobis
1861 2496 2097 2565 exigunt.
2149 2494 2261 2549 lllic

682 2600 920 2652 namque
936 2583 1140 2637 dicitur
1154 2602 1169 2639 :
1184 2582 1387 2651 Diliges
1400 2581 1703 2649 proximum
1722 2591 1869 2635 tuum
1883 2579 2022 2635 sicut
2038 2580 2263 2647 teipsum

680 2674 899 2741 (Matth.
926 2674 1017 2736 ἥ,
1042 2674 1133 2737 59;
1157 2671 1323 2726 Lerit.
1351 2670 1436 2725 l9.
1460 2669 1583 2737 l8);
1607 2672 1695 2723 hic
1712 2678 1895 2725 autem
1915 2670 2261 2725 moriendum

680 2780 805 2818 esse
825 2780 922 2833 pro
960 2764 1228 2832 proximo.
1256 2761 1395 2815 Audi
1424 2761 1604 2828 ipsum
1628 2760 1905 2813 Christum
1940 2760 2213 2815 dicentem
2246 2778 2260 2813 :

688 2853 861 2905 Homo
885 2852 1100 2920 quidam
1118 2851 1462 2904 descendebat
1483 2852 1548 2901 ab
1573 2849 1874 2902 Jerusalem
1892 2850 1946 2901 in
1971 2848 2263 2915 Iericho,et

684 2946 872 2996 incidit
904 2945 956 2995 in
984 2944 1236 3005 latrones,
1263 2943 1355 3011 qui
1380 2942 1540 2994 etiant
1576 2940 2004 3008 despoliaverunt
2032 2957 2174 3002 eum,
2213 2951 2264 2995 et

682 3035 855 3103 plagis
870 3034 1135 3101 impositis
1160 3032 1421 3101 abierunt,
1447 3032 1692 3085 semivivo
1723 3028 1928 3084 relicto.
1946 3031 2152 3085 Accidit
2166 3049 2265 3085 au-

684 3138 785 3180 tem
806 3136 860 3177 ut
892 3125 1140 3178 sacerdos
1159 3124 1374 3196 quidam
1394 3126 1729 3181 descenderet
1744 3127 1926 3180 eadem
1943 3128 2029 3179 uia
2054 3142 2072 3179 :
2088 3136 2137 3179 et
2154 3127 2264 3180 viso

682 3220 777 3271 illo
804 3219 1090 3284 prn‘lerivil
1118 3233 1136 3269 :
1158 3218 1405 3271 similiter
1426 3226 1475 3271 et
1506 3216 1710 3281 Levita,
1730 3235 1849 3271 cum
1871 3227 2006 3271 esset
2026 3234 2173 3271 secus
2189 3218 2266 3271 lo-
2306 3218 2309 3219 ⁷

680 3328 820 3369 cum,
847 3321 893 3362 et
921 3310 1113 3363 videret
1140 3325 1279 3373 eum,
1314 3312 1661 3378 pertransiit;
1688 3309 2062 3365 Samaritanus
2090 3321 2265 3371 autem

680 3403 897 3470 quidam
916 3405 1122 3455 veniens
1152 3420 1204 3455 tn
1234 3403 1493 3465 locum,et
1520 3403 1699 3456 videns
1734 3420 1873 3465 eum,
1900 3402 2267 3456 misericordia

684 3504 856 3546 motus
891 3504 993 3545 est.
1031 3492 1095 3544 Et
1144 3496 1569 3562 appropinquans
1602 3494 1841 3563 alligavit
1879 3494 2095 3546 vulnera
2127 3492 2263 3560 ejus,

684 3585 969 3651 infundens
1001 3584 1171 3636 oleum
1203 3594 1250 3635 et
1283 3586 1458 3636 vinum
1480 3598 1499 3637 :
1530 3595 1578 3638 et
1604 3586 1874 3652 imponens
1906 3584 2058 3637 illum
2094 3585 2148 3635 in
2171 3584 2266 3651 ju-

682 3686 915 3727 mentum
945 3688 1120 3739 suum,
1153 3674 1305 3725 duxit
1327 3675 1478 3726 illum
1499 3676 1549 3727 in
1572 3675 1863 3739 stabulum,
1896 3686 1943 3729 et
1977 3692 2159 3728 curam
2196 3675 2264 3726 il-

683 3764 785 3815 lius
802 3765 1007 3815 habuit.
1028 3762 1094 3814 Et
1116 3762 1286 3814 altera
1304 3762 1390 3813 die
1412 3763 1686 3831 proferens
1705 3764 1839 3817 duos
1855 3765 2103 3817 denarios
2123 3763 2265 3816 dedit

680 3854 977 3907 stabulario
1005 3857 1181 3907 dicens
1205 3874 1223 3909 :
1245 3855 1598 3919 curamjllius
1622 3855 1839 3914 Itabe.et
1860 3858 1907 3911 si
1930 3857 2055 3927 quid
2082 3871 2265 3921 super-

680 3946 996 4015 erogareris,
1022 3962 1116 4015 ego
1170 3962 1288 3999 cum
1319 3946 1521 4000 rediero
1546 3947 1762 3999 reddam
1795 3948 1906 4002 tibi.
1942 3948 2073 4013 Quis
2104 3948 2266 4017 igitur

688 4039 714 4087 Ι,
726 4054 875 4089 orum
895 4039 1052 4089 trium
1075 4039 1350 4104 proximus
1364 4036 1568 4091 videtur
1586 4038 1681 4090 tibi
1703 4039 1867 4106 fuisse
1884 4040 1953 4102 ei,
1969 4041 2059 4110 qui
2080 4041 2265 4094 incidit

682 4124 733 4172 in
764 4124 991 4176 latrones
1011 4125 1120 4178 ?At
1145 4123 1234 4177 ille
1256 4124 1412 4186 dixit,
1432 4126 1523 4193 qui
1544 4125 1665 4193 fecit
1693 4142 1811 4179 cum
1844 4127 1941 4179 illo
1965 4129 2266 4183 misericor-

688 4214 853 4265 dium.
885 4214 1034 4266 Dixit
1057 4225 1231 4268 autem
1252 4216 1335 4268 illi
1359 4214 1548 4269 Iesus:
1576 4214 1742 4281 Vade,
1767 4227 1815 4271 et
1846 4228 1901 4271 tu
1916 4219 2000 4287 {ac
2018 4220 2267 4274 similiter

688 4304 938 4365 (l.uc.l0.
961 4306 1175 4376 30-57).
1198 4305 1541 4379 Pap:e,quod
1568 4311 1917 4366 miraculum!
1941 4312 2056 4367 Non
2081 4329 2266 4370 sacer-

682 4398 889 4459 dotem,
919 4412 1025 4452 nou
1060 4397 1300 4453 Levitam
1329 4400 1467 4453 dixit
1502 4400 1831 4469 proximum,
1864 4402 1959 4457 sed
1992 4418 2138 4471 eum,
2168 4409 2264 4475 qui

686 4490 915 4543 decreto
952 4504 979 4541 a
1003 4487 1207 4544 ludatis
1233 4490 1444 4559 ejectns
1464 4492 1678 4558 fuerat;
1713 4491 2145 4557 Samaritanum,
2178 4494 2264 4549 in-

683 4582 1195 4649 quom,alienum,iu
1218 4584 1405 4636 multis
1425 4584 2068 4654 blasphemantem,hunc
2084 4587 2263 4641 solum

682 4671 1144 4737 ttixitprosimum
1170 4689 1182 4722 :
1208 4675 1335 4739 quia
1360 4675 1501 4740 apud
1525 4674 1677 4725 illum
1704 4674 1923 4728 inventa
1939 4684 2022 4729 est
2046 4676 2264 4731 miseri-

682 4758 890 4815 cordia.
904 4758 1026 4813 Hzec
1040 4762 1339 4818 suntverba
1354 4760 1476 4816 Filii
1500 4761 1616 4828 Dei,
1629 4762 1743 4818 haec
1760 4767 1980 4821 veniens
1994 4768 2082 4821 ille
2098 4768 2260 4821 etiam

684 4835 935 4901 operibus
984 4837 1222 4891 exhibuit
1265 4860 1279 4893 ;
1322 4856 1423 4895 nec
1465 4858 1561 4911 pro
1606 4846 1793 4899 amicis
1832 4848 2003 4902 solum
2052 4861 2107 4905 et
2151 4855 2263 4909 suis

685 4934 922 4980 mortuus
949 4928 1169 4989 est,.sed
1198 4945 1294 4998 pro
1320 4932 1565 4999 inimicis,
1592 4950 1688 5003 pro
1716 4940 1976 5007 tyrannis,
2004 4957 2102 5009 pro
2128 4958 2264 5012 prae-

682 5017 1073 5085 stigiatorihns,
1105 5036 1201 5088 pro
1229 5022 1530 5079 odieutibus
1555 5041 1613 5081 se
1632 5067 1647 5092 ,
1682 5044 1779 5097 pro
1805 5032 2258 5102 crucifigentibus,

680 5121 816 5173 quos
846 5116 970 5161 ante
1016 5112 1195 5165 mundi
1227 5115 1657 5171 constitutionem
1693 5121 1820 5176 tales
1878 5122 1993 5179 fore
2037 5128 2257 5193 sciebat,

682 5208 734 5250 et
760 5214 877 5253 cum
909 5202 1195 5267 prtescirct,
1226 5206 1457 5269 ereavit,
1486 5207 1722 5265 bonitate
1750 5226 1844 5265 sua
1872 5219 2257 5282 prmscientium

682 5291 941 5342 vincens:
979 5307 1073 5358 pro
1120 5294 1290 5361 iisque
1338 5299 1645 5363 sanguinem
1678 5315 1829 5355 suum
1872 5305 2022 5371 ludit,
2056 5323 2151 5377 pro
2198 5310 2261 5363 iis

681 5379 876 5431 necarii
906 5395 965 5433 se
996 5394 1181 5447 passus
1209 5391 1309 5437 est.
1341 5384 1501 5440 Panis
1530 5390 1670 5442 enim
1692 5432 1706 5456 ,
1746 5393 1909 5463 inquit
1933 5437 1947 5460 ,
1994 5413 2111 5450 caro
2151 5416 2260 5451 mea

678 5477 747 5517 est
775 5506 786 5525 ,
834 5483 984 5532 quam
1025 5478 1119 5532 ego
1151 5470 1279 5523 dabo
1308 5489 1403 5540 pro
1434 5478 1605 5528 mundi
1634 5481 1735 5530 vita
1767 5480 1942 5551 (Joan.
1969 5483 2020 5537 6.
2050 5485 2160 5553 52).
2194 5488 2260 5543 Et

678 5558 871 5610 l’anlus
902 5557 1018 5612 hinc
1041 5574 1137 5629 per
1162 5563 1441 5630 epistolam
1484 5567 1613 5622 dicit
1640 5587 1651 5621 :
1685 5570 1746 5625 Si
1777 5576 1908 5627 enim
1928 5591 2039 5628 cum
2069 5579 2260 5633 inimici

740 5690 1028 5776 inus-ec,-
1062 5694 1351 5776 twscittttt....
1373 5704 1417 5776 et
1453 5702 1855 5773 antttltentatizare
1886 5722 1994 5771 qua:
2025 5712 2257 5776 nesciunt,

682 5752 805 5810 bu‘c,
829 5752 1041 5816 inquam,
1062 5758 1215 5806 omnia
1238 5758 1413 5811 desunt
1438 5777 1485 5811 ut
1509 5752 1742 5819 Vaticani).

1402 395 1463 452 8.
1501 392 1777 451 JOANNIS
1800 389 2279 448 CﬂRYSOSTOlI
2314 388 2638 446 ARCHIEP.
2678 390 3220 450 CONSTANTINOP.

3834 395 3947 454 148

2348 520 2567 558 essemus
2586 544 2602 568 ,
2644 506 2954 559 reconciliati
2996 522 3172 559 unus
3197 502 3307 558 Deo
3332 522 3424 575 per
3452 516 3663 559 uterum
3686 507 3815 562 Filii
3835 510 3945 578 q'ls

2350 593 2781 665 (Rom.5.10);
2831 610 3153 665 rursumque
3200 597 3254 650 in
3302 596 3537 665 Epistola
3572 597 3642 650 ad
3686 597 3939 651 Hebr-aus

2349 681 2481 737 dicit
2522 699 2646 738 eum
2690 700 2790 755 pro
2834 686 3100 740 universis
3148 696 3391 757 gustasse
3450 699 3677 743 mortem
3726 687 3941 759 (Hebr.

2348 772 2403 828 ε.
2434 774 2530 844 9).

2420 865 2705 919 Anathema
2733 883 2835 920 non
2864 868 2961 921 feri
3000 867 3066 922 de
3105 885 3260 922 causa
3301 872 3524 938 cuipiam
3550 878 3839 928 dicendum.
3874 903 3944 916 —

2352 956 2406 1011 Si
2434 958 2611 1027 itaque
2644 959 2756 1016 hrcc
2784 961 2851 1015 ab
2873 961 2989 1031 ipso
3012 972 3163 1031 gesta
3190 973 3335 1027 sunt,
3363 974 3419 1017 et
3449 964 3640 1019 horum
3668 978 3825 1036 typos
3848 982 3943 1021 ex-

2355 1049 2535 1117 primit
2576 1049 2812 1103 Ecclesia
2838 1091 2855 1116 ,
2898 1051 3025 1106 dum
3076 1054 3298 1122 singulis
3328 1054 3517 1110 diebus
3548 1071 3645 1125 pro
3680 1062 3945 1113 universis

2356 1138 2689 1205 precationes
2718 1140 2907 1206 fundit,
2939 1142 3207 1210 quomodo
3241 1152 3294 1197 tu
3324 1144 3493 1198 audes
3535 1146 3658 1199 talia
3686 1148 3875 1217 loqui?

2422 1227 2707 1281 Attat/tenta
2746 1231 3022 1299 aliquando
3068 1249 3160 1301 pro
3178 1235 3262 1301 pio
3307 1251 3513 1288 munere
3557 1238 3825 1304 accipitur.
3874 1268 3947 1279 —

2352 1316 2506 1382 Nam,
2536 1334 2737 1387 quaeso,
2768 1320 2894 1387 quid
2922 1321 3049 1375 illud
3096 1332 3179 1376 est
3204 1324 3342 1392 quod
3378 1334 3431 1378 tu
3461 1326 3745 1379 anathema
3772 1328 3946 1381 dicis?

2354 1408 2487 1463 Vide
2508 1410 2631 1479 quid
2654 1410 2828 1473 dicas;
2855 1426 3117 1480 cognosce
3162 1414 3286 1483 quid
3336 1414 3589 1484 loqueris,
3620 1418 3817 1470 nostin‘
3843 1434 3944 1471 no-

2355 1499 2514 1551 minis
2542 1498 2763 1552 vim?ln
2795 1501 2976 1554 divina
3004 1502 3184 1570 utique
3224 1503 3497 1573 Scriptura
3536 1506 3666 1560 illud
3709 1508 3946 1576 reperies

2355 1586 2422 1640 de
2441 1588 2653 1641 Jericho
2683 1588 2880 1643 dictum
2910 1608 2923 1643 :
2960 1588 3025 1643 Et
3045 1593 3491 1646 anathematizabis
3511 1605 3669 1647 totam
3694 1597 3947 1649 ciritatau

2356 1676 2574 1729 Domino
2606 1676 2713 1731 Deo
2740 1690 2824 1732 tuo
2852 1678 2987 1749 (Jos.
3016 1682 3068 1735 6.
3106 1684 3216 1752 Π).
3244 1684 3309 1737 Et
3338 1699 3503 1753 penes
3548 1702 3648 1740 nos
3687 1688 3949 1743 hactenus

2358 1766 2443 1819 hic
2470 1782 2584 1820 mos
2615 1768 2833 1822 inValuit
2874 1770 3011 1839 apud
3054 1787 3275 1839 omnes,
3305 1785 3362 1828 ut
3404 1775 3611 1830 dieatur
3641 1796 3656 1829 ε
3688 1778 3779 1832 ille
3826 1781 3950 1833 talis

2358 1871 2478 1910 cum
2503 1857 2603 1912 hoc
2634 1858 2865 1927 fecisset,
2897 1861 3177 1916 anathema
3211 1864 3263 1917 in
3293 1864 3432 1920 hunc
3459 1867 3676 1921 modum
3704 1869 3946 1923 abduxit.

2358 1947 2497 2001 Num
2540 1946 2641 2001 hoc
2684 1960 2767 2003 est
2810 1950 3125 2005 anathema?
3170 1955 3329 2021 Atqui
3378 1956 3480 2009 hoc
3528 1956 3847 2027 plerumque
3897 1961 3949 2013 in

2360 2036 2551 2090 bonam
2574 2046 2777 2105 partem
2804 2040 3049 2105 sumitur,
3076 2042 3226 2110 quasi
3254 2043 3418 2106 dicas,
3445 2044 3625 2098 offerri
3658 2047 3787 2099 Deo.
3813 2048 3951 2114 Quid

2360 2127 2519 2196 igitur
2545 2128 2827 2183 anathema
2858 2146 3034 2198 vocas,
3060 2132 3159 2186 nisi
3186 2148 3307 2186 cum
3336 2135 3551 2201 dicitur,
3581 2136 3841 2193 oﬂ‘eratur
3861 2142 3953 2196 ille

2360 2219 2589 2282 diabolo,
2621 2236 2721 2276 nec
2743 2222 2877 2277 ultra
2908 2223 3080 2279 locum
3110 2226 3296 2279 salutis
3326 2226 3544 2295 habeat,
3575 2230 3646 2295 sit
3685 2233 3893 2287 alienus
3916 2248 3949 2286 a

2361 2311 2615 2365 Christo?

2434 2405 2487 2458 3.
2503 2404 2695 2474 Ecquis
2723 2414 2779 2459 tu
2804 2421 2863 2460 es
2890 2417 3048 2461 tanta:
3064 2410 3315 2477 potentize
3332 2420 3386 2464 et
3412 2413 3779 2468 auctoritatis?
3801 2416 3953 2470 Tunc

2363 2496 2505 2547 enim
2549 2494 2755 2549 sedebit
2790 2496 3094 2561 FilinseDei,
3127 2509 3426 2569 statuetqne
3450 2517 3577 2556 oves
3607 2518 3637 2555 a
3666 2504 3871 2559 dextris
3900 2518 3955 2561 ct

2365 2585 2553 2641 bmdos
2573 2602 2603 2640 a
2630 2587 2876 2642 sinistris.
2908 2588 3018 2643 Cur
3052 2599 3250 2643 tantam
3300 2594 3567 2662 usurpasti
3616 2594 3955 2664 dignitatem,

2366 2678 2516 2746 cujus
2544 2678 2904 2746 apostolorum
2925 2688 3096 2735 ccetus
3127 2688 3328 2736 tantum
3359 2698 3583 2738 consors
3609 2696 3711 2747 est,
3745 2702 3957 2742 necnon

2364 2768 2420 2833 ii,
2448 2768 2537 2837 qui
2559 2783 2678 2823 cum
2721 2769 2865 2823 omni
2911 2771 3251 2826 accuratione
3289 2773 3500 2827 illorum
3531 2789 3590 2829 se
3611 2791 3959 2851 successores

2362 2856 2633 2921 exhibent,
2676 2857 2816 2927 pleni
2858 2860 3042 2927 gratia:
3069 2869 3123 2913 et
3165 2861 3410 2916 virtutis?
3450 2863 3591 2919 Sane
3636 2866 3709 2919 illi
3754 2884 3961 2936 praece-

2366 2959 2512 3017 ptum
2542 2949 2644 3003 hoc
2665 2948 2956 3019 ‘diligentcr
2977 2962 3270 3018 servantes,
3302 2968 3365 3007 ac
3395 2954 3438 3007 si
3462 2956 3673 3010 oculum
3704 2957 3959 3013 dextrum

2363 3039 2694 3107 effoderent,
2740 3042 2818 3095 sic
2879 3043 3160 3097 lizercticos
3206 3060 3271 3099 ex
3318 3047 3552 3101 Ecclesia
3601 3049 3893 3117 ejiciebant
3942 3072 3956 3108 :

2364 3130 2506 3200 quod
2532 3146 2661 3185 sane
2690 3142 3056 3201 argumentum
3085 3144 3167 3188 est
3191 3150 3395 3204 magna:
3424 3137 3634 3191 illorum
3666 3141 3964 3197 commise-

2366 3220 2587 3275 rationis
2619 3230 2778 3291 atque
2830 3224 3097 3287 mceroris,
3130 3240 3191 3279 ac
3218 3226 3260 3279 si
3294 3227 3487 3295 putridi
3532 3230 3759 3285 membri
3786 3236 3962 3289 sectio

2365 3312 2533 3367 fieret.
2552 3311 2908 3379 Quamobrem
2936 3314 3177 3368 Christus
3208 3316 3256 3369 id
3285 3316 3530 3371 dextrum
3551 3320 3763 3375 oculum
3790 3339 3964 3377 voca-

2366 3404 2464 3469 vit,
2493 3404 2701 3458 illorum
2746 3406 2834 3474 qui
2883 3406 3176 3475 abjicerent
3220 3408 3741 3466 commiserationem
3773 3415 3962 3471 decla-

2364 3511 2509 3550 rans.
2536 3496 2649 3561 Qna
2679 3495 2731 3550 in
2764 3512 2821 3550 re
2850 3497 2985 3551 sicut
3004 3508 3058 3551 et
3084 3499 3134 3551 in
3162 3500 3280 3553 aliis
3300 3500 3581 3569 diligenter
3608 3519 3961 3575 segerentes,

2365 3586 2598 3641 hmreses
2624 3586 2837 3654 quidem
2863 3588 3207 3643 confutabant
3250 3600 3303 3644 et
3331 3592 3611 3659 ejiciebant
3642 3614 3655 3650 :
3684 3600 3814 3652 nulli
3858 3618 3963 3656 au—

2366 3686 2471 3729 tem
2504 3677 2877 3732 ittereticorum
2921 3678 3061 3733 hanc
3101 3682 3408 3749 indigebant
3434 3699 3667 3752 pmnam.
3701 3688 3874 3745 Porro
3905 3694 3959 3749 in

2363 3766 2569 3821 duobus
2618 3778 2820 3823 tantum
2864 3770 2993 3824 locis
3022 3773 3307 3838 Apostolus
3356 3774 3493 3830 hanc
3538 3794 3749 3844 vocem,
3799 3789 3960 3853 quasi

2366 3858 2682 3912 necessitate
2708 3868 2922 3925 coactus
2950 3861 3237 3929 protulisse
3272 3863 3480 3921 videtur
3510 3885 3523 3920 :
3554 3885 3731 3938 neque
3775 3882 3959 3932 tamen

2363 3962 2460 4016 pro
2486 3958 2626 4001 certa
2653 3958 2706 4002 et
2731 3947 3078 4004 determinata
3115 3966 3339 4019 persona
3373 3956 3513 4011 illam
3546 3972 3790 4031 usurpat,
3832 3980 3962 4022 cum

2366 4040 2415 4092 in
2460 4039 2693 4109 Epistula
2722 4041 2787 4094 ad
2816 4039 3121 4098 Corinthios
3141 4045 3269 4099 dicit
3298 4064 3312 4101 :
3342 4048 3403 4102 Si
3427 4051 3539 4119 quis
3560 4069 3661 4107 non
3694 4068 3834 4110 amat
3854 4058 3963 4114 Ds-

2363 4131 2552 4183 minunt
2582 4142 2807 4187 nostrum
2845 4132 3026 4189 Jesum
3060 4136 3335 4203 Christum,
3355 4143 3417 4194 sit
3446 4148 3804 4219 anathema”.
3831 4152 3958 4209 Cor.

2365 4220 2665 4293 16.22),et
2691 4265 2705 4288 ,
2736 4224 2797 4278 Si
2840 4226 2953 4293 quis
2995 4228 3132 4283 vobis
3172 4233 3579 4301 evangelisaverit
3620 4250 3960 4311 praeterquam

2360 4311 2496 4380 quod
2516 4314 2795 4382 accepistis,
2818 4316 3087 4369 anathema
3115 4319 3180 4371 sit
3207 4319 3350 4386 (Gal.
3370 4322 3424 4379 1.
3445 4323 3525 4393 8).
3545 4325 3684 4392 Quid
3713 4345 3870 4401 ergo,
3888 4351 3958 4391 an

2361 4402 2501 4471 quod
2533 4418 2689 4457 nemo
2716 4418 2900 4459 eorum
2928 4407 3033 4475 qui-
3051 4418 3364 4475 potestatem
3411 4428 3729 4485 acceperant
3774 4421 3960 4481 facere

2361 4493 2444 4547 vel
2492 4491 2781 4548 decernere
2826 4509 2987 4550 ausus
3033 4507 3135 4561 est,
3167 4508 3221 4553 tu
3268 4500 3445 4557 facere
3492 4508 3750 4577 audebis,
3798 4514 3959 4581 plane

2363 4584 2663 4639 adversaria
2709 4588 2867 4641 morti
2912 4588 3121 4643 Domini
3170 4600 3503 4661 perpetrans,
3530 4612 3593 4651 ac
3633 4602 3772 4670 regis
3812 4604 3959 4672 judi-

2362 4676 2501 4729 cium
2531 4679 2901 4732 antevertens?
2924 4679 3097 4735 Vultis
3117 4681 3323 4737 discere
3343 4726 3357 4747 ,
3380 4686 3505 4754 quid
3526 4688 3719 4745 dixerit
3739 4694 3819 4747 vir
3839 4698 3958 4764 qui-

2364 4763 2486 4817 dam
2516 4775 2748 4831 sanctus,
2784 4768 2869 4836 qui
2897 4778 3020 4825 ante
3050 4787 3167 4838 nos,
3190 4782 3244 4827 et
3263 4775 3328 4829 de
3372 4781 3712 4836 successione
3733 4763 3958 4852 aposto-

2365 4854 2535 4908 lorum
2582 4854 2709 4922 l‘uit,
2759 4873 2822 4913 ac
2859 4863 3116 4933 martyrio
3163 4864 3409 4935 dignatus
3453 4878 3534 4925 est
3570 4874 3637 4926 ‘?
3680 4874 3751 4931 Ut
3797 4876 3957 4948 hujus

2428 5007 2458 5079 ί-
2479 5009 2553 5056 sic
2576 5008 2721 5059 \‘atic.
2745 5020 2900 5060 recte.
2926 5018 2971 5062 Is
2992 5014 3129 5079 cujus
3150 5013 3228 5063 hic
3241 5014 3419 5065 dictum
3454 5031 3798 5075 commemorat
3818 5028 3959 5079 dit-vo

2362 5076 2618 5144 sostomus,
2639 5084 2887 5144 quemque
2908 5075 3235 5144 Ap0§l010rilm
3247 5086 3465 5139 tempore
3480 5088 3705 5144 martyrio
3726 5075 3957 5141 alTectuiu

2362 5130 3245 5213 2?€‘§.a?§‘19‘.f_""§¥‘9=§tParatus.
3278 5130 3501 5213 ,εςῖωιίιιε
3524 5130 3709 5213 διειὼῆ
3728 5130 3961 5213 Ἧὦῖυὲ

2364 5191 2568 5272 Epistula
2605 5195 2663 5240 ad
2695 5202 2960 5272 smyruteos
2981 5198 3165 5272 se'lluic
3185 5191 3709 5272 similemsententiani
3729 5191 3958 5272 reperi;

2397 5261 2522 5333 utatJ;
2545 5267 2689 5333 saccus
2710 5259 2966 5304 arbitratur
2981 5258 3334 5333 :l-illeinontius,
3357 5260 3571 5333 dicitque
3595 5267 3750 5317 locum
3771 5258 3957 5333 Epig;

2384 5328 2435 5394 Ξ
2464 5315 2521 5394 ad
2542 5323 2826 5394 fit)ngle
2846 5330 2960 5394 cum
2980 5320 3070 5368 hoc
3086 5315 3410 5394 ⁸ςεΙιιἻξοδιὸιιιὶ
3452 5315 3556 5375 loco
3587 5333 3673 5394 fit;

2361 5375 2602 5456 aliinitaLtis
2629 5375 2831 5456 habere.
2935 5383 3116 5456 Barguii
3136 5375 3282 5431 verba
3304 5386 3361 5456 ad
3386 5399 3563 5436 annum
3714 5375 3955 5456 ﬂigi:

2365 5438 2657 5516 quamhunc
2678 5440 2993 5516 (‘Zhrysostomi
3022 5442 3177 5516 locum
3202 5444 3472 5505 protulerat
3508 5464 3577 5499 suc
3598 5438 3955 5516 prosequitur:

2362 5504 2416 5544 Αι
2439 5499 2663 5576 quis-nant
2675 5499 3174 5576 ]tic;qtti_scriptorttm
3198 5499 3500 5576 monumenta
3532 5499 3960 5576 reliquerit;th

2360 5570 2505 5641 gizqu
2534 5560 2881 5641 tgqatiusj‘list
2905 5560 3019 5641 snite
3042 5564 3173 5641 locus
3203 5566 3253 5638 in
3277 5571 3486 5640 Epistula
3514 5584 3582 5622 aa

2361 5618 2811 5700 legjttntur
2828 5624 3023 5700 uerba:
3053 5618 3086 5697 ἰι
3102 5630 3144 5675 si
3171 5631 3299 5700 cnim
3314 5618 3427 5691 jure

2360 5693 2487 5756 guns
2510 5684 2589 5742 qui
2614 5684 2847 5756 adversus
2872 5693 3049 5748 Regem
3072 5689 3292 5750 insurgit,
3314 5684 3367 5756 ut
3389 5699 3469 5755 qui
3510 5684 3667 5749 violet
3689 5684 3851 5753 6665;

2361 5746 2919 5825 “constitutiones”:
2940 5746 3157 5825 tquanto,
3194 5746 3420 5825 putatisf
3434 5746 3657 5818 graviori
3680 5746 3961 5825 sulijai‘eliit

2363 5802 2613 5867 θυννίίοίοι
2642 5807 2721 5868 qui
2744 5808 2851 5859 sine
2874 5802 3101 5874 Epist-om
3122 5802 3238 5875 (inid
3281 5802 3412 5867 volet
3434 5802 3614 5884 “agere;
