4142 6332
189 460 297 520 θη
1510 437 1599 495 DE
1637 434 2130 495 ANA'l'llEMATE.
3379 436 3487 493 950

189 577 341 634 verbi
386 571 684 629 molestiam
725 564 1005 629 indicaret,
1035 560 1139 614 hoc
1188 570 1317 611 usus
1361 554 1609 624 exemplo
1651 561 1777 607 est:

191 666 641 739 quemadmodum
666 662 713 717 si
741 659 880 731 quis,
900 656 1135 726 privatus
1162 666 1283 707 cum
1314 649 1405 715 sit,
1435 648 1635 720 regiam
1661 660 1784 739 pur-

193 737 381 832 puram
425 754 678 821 induerit,
732 761 840 807 tum
895 749 1010 819 ipse
1058 755 1170 806 tum
1206 740 1602 832 commilitones
1644 737 1785 807 ejus,

190 830 343 920 quasi
386 846 597 921 tyranni
639 840 1058 903 interficiuntur;
1090 835 1169 891 sic
1195 832 1285 905 qui
1316 830 1587 921 dominico
1628 839 1787 921 utun-

195 918 282 996 tﬁnr
307 918 545 1004 decreto,
566 948 621 993 et
646 934 917 990 hominem
944 927 1202 984 Ecclesia:
1243 923 1524 978 anathema
1564 918 1784 982 faciunt,

192 1031 251 1088 in
294 1041 596 1085 extremam
635 1040 699 1080 se
733 1019 1024 1093 perniciem
1061 1015 1356 1079 abducunt,
1404 1010 1526 1067 Filii
1563 1008 1792 1079 dignita-

193 1133 305 1178 tem
352 1126 691 1188 usurpantes.
739 1116 824 1168 An
864 1112 982 1166 leve
1027 1106 1225 1179 putatis
1267 1118 1388 1159 esse
1412 1110 1538 1157 ante
1578 1110 1791 1169 tempus

191 1224 249 1269 et
274 1212 467 1282 jndicis
493 1208 778 1265 adventum
810 1203 901 1259 tali
927 1198 1195 1273 sententiq
1210 1193 1511 1267 quempiam
1532 1190 1792 1282 condem:

194 1277 366 1359 nare?
395 1301 526 1357 Nam
551 1298 835 1353 anathema
861 1309 892 1347 a
917 1291 1133 1346 Christo
1174 1302 1391 1358 prorsus
1420 1290 1652 1353 separat.
1684 1277 1791 1335 Sed

195 1394 328 1465 quid
356 1392 545 1448 dicunt
573 1389 649 1443 illi
674 1386 741 1442 ad
770 1399 984 1439 omnem
1011 1381 1267 1437 malitiam
1297 1373 1564 1448 audaces?
1609 1372 1793 1427 litore-

196 1463 360 1551 acus,
390 1486 559 1548 aiunt,
588 1482 676 1536 ille
722 1478 894 1534 tactus
919 1484 1022 1538 est,
1068 1471 1454 1526 inhabitantem
1484 1465 1643 1519 habet
1673 1463 1793 1516 dia-

160 1566 163 1567 ν
195 1574 919 1645 bolum,etloquiturcontra
940 1568 1106 1621 Deum
1141 1562 1457 1633 nequitiam,
1491 1557 1794 1625 multosque

195 1669 418 1726 suadela
446 1678 686 1736 vanaque
712 1660 916 1717 fallacia
943 1658 1010 1736 in‘
1023 1654 1345 1728 profundum
1371 1650 1515 1707 exitii
1535 1647 1789 1704 abducit:

196 1763 429 1831 ideoque
452 1775 480 1814 a
503 1730 749 1811 Pati-ibus
764 1751 967 1822 ejectus
982 1730 1042 1803 Es
1083 1744 1315 1803 maxime
1333 1742 1497 1813 hujus
1516 1741 1791 1831 magister,

195 1854 291 1924 qui
315 1830 517 1922 partem
560 1845 813 1903 Ecclesiae
848 1839 1093 1903 abscidit,
1119 1838 1197 1894 sic
1224 1846 1315 1890 aut
1355 1843 1573 1906 propter
1612 1830 1794 1887 Paulic

198 1962 362 2011 num,
406 1952 498 1998 aut
538 1948 756 2012 promer
802 1933 1189 2006 Apollinarium
1230 1930 1511 2001 loquentes
1531 1927 1630 1998 (α).
1660 1924 1794 1981 Nam

200 2043 269 2095 de
289 2041 478 2094 horum
504 2034 837 2106 singulorum
860 2026 1159 2084 dili'crentia
1186 2037 1365 2080 sermo
1394 2020 1577 2076 multis
1595 2017 1797 2074 novita-

202 2131 272 2185 tis
292 2136 472 2185 notam
490 2123 715 2194 pulchre
728 2118 935 2190 eﬂ'ugit,
948 2130 1183 2173 errorem
1204 2114 1256 2169 in
1276 2111 1639 2184 penetralibus
1656 2125 1820 2181 prte-N

196 2221 454 2293 iudicatae
492 2217 759 2288 opinionis
800 2212 1087 2296 invaluisse
1132 2222 1364 2279 arguens
1394 2223 1408 2260 :
1442 2205 1583 2260 Doce
1616 2204 1798 2296 inmo-

184 2292 366 2367 ’δειλία
408 2308 690 2380 corripiens
730 2321 839 2371 eos,
883 2304 985 2373 qui'
1004 2292 1268 2365 resistunt,
1296 2296 1585 2367 ueguando
1613 2294 1697 2348 det
1727 2292 1799 2347 eis

201 2402 345 2457 Deus
372 2399 711 2460 omnitemiam
744 2396 811 2450 ad
850 2390 1250 2467 cognoscendam
1294 2389 1570 2451 veritatem,
1602 2393 1649 2439 et
1675 2383 1800 2438 resi-

202 2494 397 2565 piscent
420 2508 452 2545 a
480 2488 671 2542 diaboli
696 2487 894 2556 laqueo,
913 2500 945 2537 a
963 2499 1063 2552 quo
1091 2480 1275 2551 captivi
1300 2487 1533 2533 tenentur
1551 2475 1618 2529 ad
1640 2473 1801 2565 ipsius

203 2564 605 2653 uoluntatem(2.
623 2576 754 2631 Tim.
773 2578 827 2629 ‘1.
846 2574 1066 2644 95.26).
1099 2570 1339 2627 Extende
1376 2580 1628 2639 sagcnam
1657 2564 1799 2620 cari-

202 2674 351 2739 tatis,
373 2687 441 2727 ne
457 2670 597 2742 quod
622 2667 901 2732 claudicat,
921 2671 1219 2728 evertatur,
1242 2660 1335 2716 sed
1358 2658 1534 2729 potius
1560 2666 1800 2711 sanetur.

201 2761 446 2821 Ostende
461 2772 510 2817 te
530 2777 595 2817 ex
613 2759 805 2816 allectu
824 2757 991 2813 multo
1008 2755 1205 2810 bonum
1222 2752 1495 2823 proprium
1516 2759 1805 2805 commune

203 2856 385 2911 facere
404 2852 561 2909 velle.
584 2851 750 2921 lnjice
778 2849 988 2904 dulcem
1026 2844 1508 2902 commiscrationis
1544 2842 1762 2897 hamum
1783 2880 1800 2908 ,

203 2958 400 3002 etcum
419 2945 500 2999 sic
523 2941 731 2999 oceuita
758 2947 1027 2997 scrutatus
1054 2937 1237 3003 lueris,
1252 2952 1317 2992 ex
1334 2935 1600 3007 profundo
1624 2934 1805 3005 perni-

204 3037 311 3093 ciei
351 3034 574 3092 extrahe
618 3048 762 3095 cum,
812 3030 901 3100 qui
945 3029 1209 3083 sententia
1252 3028 1567 3083 submersus
1612 3025 1804 3080 fuerat.

203 3127 365 3199 Quod
380 3127 463 3183 vel
474 3141 537 3182 ex
554 3122 892 3195 pra‘judicata
904 3120 1154 3191 opinione
1165 3119 1245 3173 vel
1258 3133 1324 3174 ex
1342 3117 1640 3187 ignorantia
1657 3127 1811 3187 puta-

206 3220 372 3275 batur
397 3231 518 3274 esse
545 3217 765 3279 bonum,
783 3214 993 3283 corrige
1022 3220 1079 3265 ut
1105 3210 1175 3265 ab
1203 3208 1495 3289 apostolica
1523 3208 1809 3262 traditione

209 3311 471 3365 alienum.
502 3309 581 3363 Ac
604 3307 649 3361 si
692 3304 907 3376 quidem
936 3302 988 3358 id
1015 3302 1260 3372 accipere
1285 3300 1414 3355 velit
1441 3301 1508 3366 is,
1536 3300 1623 3370 qui
1655 3313 1811 3353 erro-

211 3418 331 3457 rem
354 3408 655 3469 exceperat,
683 3395 975 3453 secundum
1018 3393 1292 3464 propheta:
1332 3407 1542 3456 vocem,
1574 3390 1662 3445 ille
1703 3388 1811 3443 vita

210 3498 379 3559 vivet,
402 3502 457 3547 et
481 3500 537 3547 tu
553 3491 785 3545 animam
811 3484 1232 3541 tuam‘liherabis
1260 3482 1477 3553 (Ezech.
1497 3484 1551 3538 5.
1576 3480 1694 3554 2i).
1717 3481 1813 3537 Sin

212 3586 370 3650 nolit,
392 3594 445 3639 et
459 3581 791 3639 contendens
813 3578 1083 3649 persistat,
1102 3591 1169 3632 nc
1184 3587 1238 3634 tu
1255 3591 1379 3630 rcus
1395 3575 1490 3640 sis,
1508 3582 1816 3628 contestare

215 3676 393 3732 solum
420 3689 540 3730 cum
567 3671 970 3743 longanimitate
1009 3678 1064 3723 et
1094 3665 1527 3733 mansuetudine,
1558 3679 1626 3720 ne
1652 3662 1816 3735 judcx

216 3768 453 3823 animant
498 3766 613 3835 ejus
647 3765 716 3819 de
755 3778 915 3817 manu
958 3769 1046 3815 tua
1092 3759 1348 3829 requirat.
1393 3756 1470 3812 Ne
1514 3755 1716 3819 oderis,
1748 3767 1820 3809 ne

216 3857 521 3922 averseris,
564 3871 632 3909 ne
667 3852 1040 3925 persequaris,
1090 3849 1186 3904 sed
1229 3852 1493 3903 sinceram
1532 3861 1818 3915 veramque

218 3966 349 4019 erga
392 3964 514 4003 eum
561 3949 841 4001 caritatem
880 3941 1152 3999 ostendas.
1205 3941 1352 3995 lianc
1399 3940 1643 4002 lucrare,
1692 3948 1745 3992 ct
1773 3938 1815 3993 si

222 4042 357 4096 nihil
380 4040 526 4094 aliud
559 4038 803 4093 utilitatis
831 4040 1097 4107 acquiras,
1132 4033 1248 4088 hare
1272 4048 1459 4103 magna
1488 4039 1571 4087 est
1592 4030 1815 4098 utilitas,

220 4135 328 4190 hoc
348 4149 597 4201 maguum
630 4132 854 4195 lucrum,
884 4128 1027 4201 quod
1065 4128 1272 4197 diligas,
1300 4138 1355 4182 et
1384 4124 1581 4180 Christi
1615 4124 1818 4179 doctri-

221 4245 350 4284 nam
392 4228 606 4282 doceas.
645 4224 711 4279 In
753 4224 848 4279 hoc
883 4223 1036 4288 enim,
1079 4220 1276 4292 inquit,
1320 4229 1638 4291 cognoscent,
1685 4218 1820 4288 quod

220 4318 466 4389 discipuli
497 4316 593 4371 mei
633 4315 771 4379 estis,
801 4315 846 4368 si
865 4313 1182 4367 dilectionem
1223 4311 1498 4364 habueritis
1520 4310 1587 4361 ad
1612 4310 1820 4363 invicem

228 4408 429 4481 (Joan.
478 4408 561 4463 i5.
608 4406 713 4472 55)
744 4423 758 4459 :
790 4419 893 4474 qua
936 4404 1191 4467 absente,
1245 4416 1418 4472 neque
1460 4400 1818 4471 cognitionem

224 4498 603 4571 mysteriorum
661 4490 987 4565 Dci,'nrquc
1032 4492 1209 4556 iidem,
1242 4506 1415 4561 neque
1461 4490 1818 4561 prophetiam,

225 4604 406 4660 neque
445 4595 844 4657 paupertatem,
891 4599 1063 4654 neque
1102 4582 1465 4638 testimonimn
1499 4583 1568 4636 de
1607 4580 1822 4636 Christo

226 4681 511 4736 utilitatem
543 4677 736 4731 aii'erre
776 4676 1061 4746 Apostolus
1089 4673 1378 4729 declaravit
1400 4672 1481 4727 his
1507 4673 1683 4727 verbis
1717 4690 1729 4727 :
1760 4671 1823 4727 Si

225 4772 452 4827 habuero
477 4770 714 4841 mysteria
740 4769 931 4833 onmia,
961 4777 1009 4821 et
1035 4782 1234 4820 omnem
1265 4765 1548 4825 scientiam.
1576 4777 1621 4819 ct
1646 4764 1819 4833 fiderit,

225 4868 299 4920 ita
328 4874 382 4919 ut
408 4872 597 4917 montes
617 4860 943 4931 transferam,
970 4858 1231 4912 caritatem
1256 4867 1423 4911 mitem
1454 4873 1553 4910 non
1578 4855 1819 4919 habuero,

226 4957 363 5012 nihil
392 4956 517 5009 mihi
543 4954 743 5024 prodest
774 4970 794 5006 :
814 4962 859 5006 et
887 4952 931 5005 si
961 4950 1147 5021 linguis
1163 4949 1459 5021 angelorum
1485 4950 1683 5019 loquar,
1712 4958 1757 5001 et
1778 4948 1823 5002 si

225 5049 418 5104 dedero
458 5064 655 5100 omnem
691 5042 1022 5100 substantiam
1057 5058 1220 5095 meam
1254 5042 1307 5095 in
1333 5042 1490 5106 cibos,
1522 5052 1566 5097 et
1593 5042 1638 5094 si
1665 5040 1826 5093 tradi-

228 5238 469 5288 rumpcns
492 5224 824 5288 etqdeceutem
847 5220 1067 5288 ordinem
1086 5217 1403 5279 confundens,
1426 5224 1519 5269 etc.
1539 5235 1562 5263 ι
1602 5219 1828 5288 Ijedditlit

228 5280 637 5351 ipse'sqttentimn
658 5292 819 5351 etnon
839 5283 982 5351 verba
1001 5281 1382 5351 chrysostomus,
1404 5287 1545 5351 atque
1567 5280 1633 5330 ad
1653 5295 1827 5351 prope:

228 5344 381 5403 situm
401 5348 523 5401 illud
547 5361 686 5397 suum
705 5345 909 5409 biﬂexit.
928 5352 1168 5409 Hactenus
1180 5345 1419 5392 Baronius.
1434 5350 1542 5409 ttazc
1553 5356 1682 5399 cum,
1699 5344 1827 5409 quod

230 5414 295 5463 ad
317 5414 613 5463 sententiam
635 5406 841 5471 spectat,
856 5410 914 5456 iis
931 5420 1041 5468 quae
1064 5408 1424 5470 Cllrysostontus
1440 5406 1595 5471 retert
1612 5417 1685 5455 sat
1700 5406 1828 5471 simi:

234 5476 300 5524 lia
322 5476 437 5532 sint,
474 5472 615 5522 facile
644 5464 1097 5521 crediderim—eum
1130 5464 1415 5532 memoriter
1453 5465 1736 5532 loquentem
1768 5464 1829 5532 ad

232 5529 561 5589 memoratum
585 5534 751 5596 tgnatii
778 5532 931 5581 locum
949 5531 1248 5596 respesisse,
1267 5529 1737 5596 verliaquc’utisese
1762 5529 1837 5579 ol-

234 5600 463 5650 l‘erebant
477 5610 539 5646 ex
565 5590 787 5657 te'mpore
811 5590 1090 5655 protulisse,
1102 5590 1250 5657 longe
1267 5590 1502 5640 absimilia
1517 5592 1682 5657 verbis
1697 5596 1834 5657 igua-

235 5628 1506 5721 :32‘,satisan'ts.:.a;;a“p":.;.";aa.ioas
1521 5628 1831 5721 arma.

231 5714 488 5785 martyrem
513 5733 577 5770 ex
602 5716 932 5785 Apostolorum
946 5714 1295 5785 successione,
1320 5714 1579 5765 antiochize
1602 5715 1829 5777 loquens,

232 5779 511 5851 protulerit,
535 5779 681 5851 quam
700 5779 968 5851 tgnatium?

233 5838 250 5851 '
301 5848 373 5909 (α)
395 5852 464 5894 De
484 5838 675 5893 Faunae
685 5838 977 5894 Antiocheno
1000 5849 1052 5893 et
1070 5838 1357 5906 Apollinaris
1374 5840 1637 5893 Laodiceno
1651 5841 1829 5905 agitur.

231 5910 283 5973 (ι
296 5910 375 5960 ide
400 5906 664 5969 monitum).
1762 5942 1765 5943 ,

262 5918 283 5957 t
400 5908 664 5958 sonitum).

1889 550 2010 605 dero
2052 566 2239 619 corpus
2269 564 2436 603 meum
2452 590 2465 615 ,
2490 558 2550 602 ut
2575 546 2864 614 comburar,
2906 548 3172 601 caritatem
3191 556 3358 602 autem
3384 565 3488 602 non

1890 643 2132 708 habuero,
2161 640 2288 694 nihil
2313 657 2447 701 sum,
2480 641 2682 696 Caritas
2721 639 2938 711 benigna
2964 650 3060 708 est,
3104 655 3207 695 non
3249 640 3488 711 inﬂatur;

1891 750 1992 788 non
2021 736 2200 804 quatit
2227 749 2341 804 qua:
2365 751 2459 787 sua
2486 743 2604 788 sunt
2634 748 2654 788 :
2683 734 2854 788 onmia
2881 732 3079 800 suffert,
3108 734 3279 787 omnia
3300 734 3482 798 credit,

1891 828 2060 881 omnia
2087 838 2279 897 sperat,
2303 828 2472 884 omnia
2492 826 2702 881 sustinet
2726 825 2803 899 (Ι.
2829 824 2947 881 Cor.
2982 826 3069 880 15.
3098 827 3150 880 1.
3179 841 3269 896 sqq
3293 825 3334 895 ).

1962 912 2026 974 ιζ
2045 919 2215 974 Nemo
2243 935 2308 975 ex
2337 919 2514 984 vobis,
2547 918 2749 981 dilecti,
2783 918 2942 975 talem
2973 932 3072 987 pro
3099 914 3322 971 Christo
3354 915 3492 970 affe-

1892 1019 2035 1064 ctum
2080 1008 2361 1075 exhibuit,
2405 1010 2616 1077 qualem
2680 1016 2864 1063 sancta
2918 1007 3021 1062 illa-e
3062 1007 3262 1061 anima.
3305 1006 3494 1062 Nullus

1895 1104 2170 1159 hominum
2202 1114 2396 1174 praeter
2420 1104 2569 1159 illum
2599 1118 2760 1158 ausus
2799 1112 2883 1158 est
2923 1101 3048 1157 talia
3091 1100 3331 1172 proferre
3372 1114 3496 1155 ver-

1895 1196 1985 1252 ba.
2024 1197 2140 1268 Ipsa
2188 1198 2365 1253 anima
2404 1195 2821 1258 conthurebatur
2866 1194 3052 1250 dicens
3084 1211 3098 1249 :
3127 1194 3395 1266 Adimpteo
3432 1210 3495 1248 es

1895 1305 2009 1358 quae
2056 1288 2237 1355 desunt
2282 1286 2667 1341 tribulationum
2710 1284 2899 1341 Christi
2941 1286 3174 1341 income
3215 1302 3327 1340 mea
3367 1283 3494 1355 (Co-

1899 1379 2023 1431 loss.
2063 1380 2114 1432 l.
2155 1376 2273 1449 2i);
2316 1386 2391 1441 et,
2458 1376 2709 1448 Optabam
2746 1377 2856 1445 ipse
2897 1393 2989 1448 ego
3029 1378 3297 1431 anathema
3332 1392 3499 1431 esses

1897 1471 2097 1528 Christo
2128 1489 2220 1541 pro
2243 1473 2487 1542 fratribus
2513 1472 2636 1524 meis
2654 1468 2831 1541 (Rom.
2854 1468 2907 1525 9.
2930 1471 3010 1537 5);
3034 1478 3106 1533 et,
3131 1469 3257 1535 Quis
3270 1470 3495 1539 inﬁt-mir

1897 1571 2003 1625 tur,
2031 1573 2075 1616 et
2104 1579 2196 1632 ego
2237 1579 2338 1616 non
2362 1562 2596 1631 inﬁt-mor
2627 1561 2702 1628 (2.
2733 1559 2854 1616 σον.
2890 1560 2974 1616 Η.
2994 1559 3118 1632 29)?
3142 1560 3387 1631 Cumque
3405 1560 3499 1614 tali

1897 1669 2020 1723 erga
2054 1654 2222 1707 Deum
2252 1652 2441 1709 ali'ectu
2469 1653 2723 1723 praeditus
2752 1661 2894 1708 esset
2917 1693 2933 1720 ,
2960 1666 3067 1707 non
3108 1650 3460 1707 contumelias
3478 1690 3497 1715 ,

1899 1759 2005 1798 non
2021 1744 2148 1808 vim,
2168 1759 2276 1797 non
2288 1742 2625 1799 anathemata
2640 1743 2869 1813 cuipiam
2888 1740 3169 1797 inferebat.
3190 1740 3338 1796 Alias
3353 1742 3498 1796 enim

1899 1851 2005 1890 non
2050 1846 2127 1890 tot
2168 1847 2359 1907 gentes
2398 1830 2666 1907 urbesque
2709 1842 2849 1890 totas
2899 1835 3009 1891 Deo
3048 1834 3373 1891 obtulisset:
3404 1834 3503 1890 sed

1899 1929 2228 1997 humiliatus,
2256 1943 2566 2000 percussus,
2592 1927 2835 1999 colaphis
2874 1942 3067 1993 caesus,
3113 1928 3352 1999 risuique
3379 1944 3500 1983 om-

1899 2023 2047 2079 nium
2076 2024 2375 2093 expositus,
2416 2020 2535 2079 haec
2577 2021 2938 2094 perpetrabat,
2988 2022 3335 2091 blandiendo,
3368 2022 3498 2077 hor-

1901 2115 2085 2181 tando,
2119 2114 2477 2171 obsecrando.

1977 2205 2130 2260 Pauli
2150 2206 2486 2262 mansuetudo
2501 2206 2554 2275 in
2575 2206 2845 2262 monendo.
2859 2236 2929 2247 —
2943 2205 3035 2262 Sic
3052 2205 3190 2277 apud
3211 2204 3506 2260 Atltcnien.

1901 2311 1990 2353 ses
2010 2297 2210 2352 aditum
2228 2298 2327 2354 sibi
2358 2297 2748 2369 iecit,cumque
2779 2297 3071 2353 invenisset
3108 2312 3297 2354 omnes
3333 2297 3506 2353 idolo-

1903 2403 2022 2443 rum
2044 2390 2190 2460 cultu
2208 2389 2555 2457 insanientes,
2575 2406 2680 2444 nou
2698 2388 3001 2459 opprobriis
3013 2404 3104 2444 om
3117 2403 3403 2460 aggressus
3414 2398 3501 2445 est

1903 2478 1989 2535 bis
2018 2481 2236 2537 verbis:
2264 2480 2410 2535 athei
2435 2482 2946 2553 estis,omninoque
2979 2481 3162 2553 impii:
3185 2497 3292 2537 non
3328 2481 3507 2537 dixit:

1904 2572 2083 2626 omnia
2108 2586 2206 2641 pro
2223 2571 2334 2627 Deo
2353 2571 2583 2639 habetis,
2598 2586 2873 2644 unumque
2891 2573 3060 2628 Deum
3077 2574 3307 2644 negatis,
3327 2572 3510 2628 Domi-

1906 2679 2034 2720 num
2051 2673 2106 2719 et
2120 2664 2368 2734 epiilcem
2388 2665 2623 2721 universi
2646 2682 2658 2718 :
2678 2666 2777 2721 sed
2791 2665 2917 2736 quid
2936 2663 3511 2737 lCircttmienanquit,

1906 2764 1955 2810 et
1970 2755 2147 2811 videns
2162 2754 2438 2810 simulacra
2454 2756 2812 2822 uestra,inveni
2825 2766 2871 2812 et
2890 2773 3057 2825 aram,
3074 2758 3128 2812 in
3147 2773 3247 2828 qua
3267 2758 3514 2828 scriptum

1907 2855 2035 2914 erat,
2054 2845 2250 2903 losoro
2273 2846 2405 2904 Deo.
2429 2848 2592 2914 Quem
2610 2865 2733 2920 ergo
2750 2848 3044 2918 ignorantes
3065 2849 3250 2917 colitis,
3271 2849 3405 2904 hunc
3419 2866 3514 2920 ego

1907 2941 2156 2994 annuntio
2181 2940 2319 2996 vobis
2352 2942 2490 3011 (Act.
2517 2931 2604 2996 i7.
2641 2940 2760 3012 23).
2790 2941 2841 2998 0
2864 2942 3208 2999 miraculum!
3234 2958 3267 2997 ο
3289 2948 3519 3014 paterna‘

1911 3035 2157 3090 viscera!
2200 3035 2292 3091 Pie
2334 3016 2521 3092 colere,
2552 3034 2773 3092 Grtccos
2811 3036 2975 3105 dicit,
3019 3037 3144 3093 licet
3182 3037 3513 3103 idololatras,

1911 3125 2038 3181 licet
2085 3126 2247 3196 impie
2288 3136 2528 3197 agentes.
2568 3126 2788 3195 Quare?
2826 3127 2961 3197 Quia
3005 3128 3156 3198 quasi
3202 3130 3273 3200 pii
3311 3130 3516 3185 cultum

1912 3232 2067 3271 suum
2112 3217 2506 3286 persolvebant,
2549 3217 2719 3272 Deum
2764 3234 2823 3274 se
2861 3219 3042 3275 colere
3083 3230 3350 3290 putantes,
3391 3236 3517 3276 cum

1914 3307 2117 3363 itasibi
2142 3309 2554 3379 persuasissent.
2579 3308 2749 3380 Hujus
2775 3325 2873 3366 vos
2900 3325 3088 3367 omnes
3114 3310 3304 3367 hortor
3338 3312 3520 3369 imita-

1917 3406 2061 3453 tores
2086 3413 2230 3466 esse,
2267 3413 2332 3454 ac
2355 3399 2633 3455 vobiscum
2660 3400 2820 3455 etiam
2853 3401 3136 3472 meipsum.
3177 3402 3310 3459 Nam
3339 3405 3386 3461 si
3417 3404 3522 3461 Do-

1917 3491 2114 3557 minus,
2146 3492 2237 3563 qui
2272 3492 2602 3563 singulorum
2640 3494 2971 3550 voluntatem
3012 3495 3303 3566 prOSpicit,
3335 3506 3389 3552 et
3418 3500 3523 3554 scit

1917 3583 2091 3654 qualis
2116 3585 2345 3655 quisque
2371 3597 2620 3643 nostmm
2654 3584 2868 3642 l'utnrus
2898 3586 2989 3655 sit,
3027 3588 3081 3644 id
3123 3590 3266 3655 fecit,
3297 3576 3355 3645 in
3380 3591 3522 3647 dona

1920 3674 2479 3747 magniﬁcentiamquc
2521 3693 2672 3735 suam
2709 3679 2959 3749 impleret
2989 3698 3003 3735 :
3036 3696 3212 3753 neque
3249 3683 3393 3738 enim
3427 3700 3526 3754 pro

1920 3767 2076 3822 malis
2100 3777 2250 3823 creat
2277 3768 2418 3824 Deus
2450 3786 2465 3824 :
2498 3778 2552 3824 et
2587 3770 2667 3825 sic
2708 3779 2885 3827 tamen
2912 3787 3008 3828 eos
3040 3776 3415 3831 communibus
3438 3776 3525 3831 di-

1922 3867 2113 3929 gnatus
2140 3867 2226 3913 est
2250 3859 2425 3925 bonis,
2457 3875 2751 3932 omnesque
2772 3862 2885 3917 vult
2907 3863 3201 3920 imitatores
3223 3867 3337 3937 ejus
3363 3882 3523 3923 esse:

1922 3967 2020 4005 cur
2051 3958 2105 4004 tu
2131 3946 2399 4005 contraria
2430 3951 2579 4016 facis,
2612 3953 2702 4023 qui
2739 3953 2791 4008 itt
2827 3952 3119 4011 Ecclesiam
3157 3958 3442 4023 convenis,
3471 3971 3528 4015 et

1923 4043 2243 4099 sacriﬁcium
2278 4044 2399 4099 Filii
2428 4044 2524 4100 Dei
2555 4045 2805 4114 perticis?
2834 4045 3062 4113 Nescitis
3088 4048 3230 4119 quod
3256 4050 3527 4106 calamum

1924 4146 2338 4206 conquassatum
2368 4152 2474 4192 non
2515 4136 2809 4209 confregit,
2841 4149 2895 4194 et
2926 4139 3091 4195 linum
3121 4141 3383 4213 iumigans
3418 4161 3525 4199 non

1926 4226 2181 4284 exstinxit
2209 4229 2366 4301 (lsai.
2427 4231 2519 4285 42.
2556 4232 2651 4301 3)?
2690 4232 2828 4301 Quid
2868 4233 2971 4289 sibi
3006 4235 3117 4289 vult
3156 4235 3326 4291 illud?
3360 4238 3525 4293 Audi.

1925 4321 2115 4377 ludam
2160 4323 2365 4393 ipsique
2410 4323 2615 4379 similes
2658 4325 2712 4379 in
2756 4326 2907 4396 lapsu
2950 4341 3059 4383 non
3100 4327 3313 4399 abjeeit,
3354 4328 3529 4386 donec

1927 4413 2154 4485 quisque
2180 4430 2365 4471 eorum
2388 4424 2579 4485 sponte
2608 4415 2872 4474 abductus
2900 4419 3069 4473 errori
3092 4434 3152 4474 se
3172 4420 3525 4491 manciparet.

1910 4506 2115 4564 .Nonne
2134 4523 2229 4577 pro
2250 4508 2433 4578 populi
2452 4510 2763 4578 ignorantiis
2778 4510 3197 4580 supplicationes
3215 4511 3337 4568 olle:
3354 4513 3530 4568 imus?

1927 4600 2118 4656 Nonne
2147 4616 2244 4671 pro
2271 4601 2523 4666 inimicis,
2557 4616 2651 4671 pro
2678 4601 2984 4657 odieniibus
3010 4611 3065 4658 et
3086 4604 3530 4674 persequentibus

1930 4709 2086 4748 orare
2111 4693 2243 4762 jussi
2275 4693 2498 4748 sumus?
2528 4694 2605 4748 En
2634 4694 2988 4749 ministerium
3018 4694 3322 4764 implemns,
3348 4696 3530 4753 horta-

1932 4799 2156 4854 murque
2198 4799 2293 4838 vos
2324 4800 2337 4837 :
2365 4783 2633 4840 ordinatio
2676 4799 2786 4840 non
2830 4784 3006 4853 cll‘ert,
3050 4799 3158 4841 non
3200 4786 3253 4840 in
3300 4788 3531 4843 sublime

1930 4879 2152 4941 extollit,
2209 4892 2316 4932 non
2374 4876 2665 4947 potentiam
2714 4886 2931 4947 prmstat
2976 4894 2990 4930 :
3039 4894 3230 4935 omnes
3280 4879 3530 4934 eumdem

1933 4971 2189 5041 Spiritum
2228 4970 2553 5041 accepimus,
2595 4985 2787 5026 omnes
2820 4972 2877 5024 .in
2908 4970 3251 5041 adoptionem
3295 4972 3530 5028 ﬁliorum

1932 5062 2105 5117 vocati
2136 5077 2323 5117 sumus
2360 5080 2374 5115 :
2409 5077 2545 5131 quos
2583 5060 2741 5117 Pater
2767 5061 3041 5131 probavit,
3078 5077 3173 5119 eos
3199 5063 3451 5118 fratribus
3482 5045 3537 5119 iii

1934 5164 2198 5226 potestate
2242 5155 2446 5209 servire
2484 5154 2673 5209 voluit.
2713 5154 3037 5209 Servitutem
3080 5155 3257 5226 itaque
3290 5165 3533 5210 nostram

1936 5247 2221 5316 implentes
2246 5246 2525 5303 hortamur
2552 5260 2649 5300 vos
2671 5244 3134 5316 ohtestamurque,
3164 5255 3222 5300 ut
3246 5245 3314 5300 ab
3347 5245 3535 5315 hujus-

1935 5338 2081 5393 modi
2122 5338 2264 5393 malo
2301 5336 2590 5404 desistatis.
2626 5334 2760 5390 Nam
2806 5335 2871 5402 is,
2911 5348 3069 5405 quem
3109 5344 3165 5391 tu
3216 5337 3534 5392 anathema-

1939 5432 2101 5486 tizarc
2139 5429 2445 5496 decrevisti,
2485 5428 2569 5485 vel
2599 5429 2729 5484 vivit
2755 5430 2809 5484 in
2834 5429 2935 5485 hac
2963 5431 3177 5487 mortali
3217 5431 3321 5486 vita
3348 5446 3538 5502 super

1937 5532 2067 5587 stes,
2108 5522 2193 5579 vel
2233 5535 2475 5578 mortuus
2508 5531 2625 5588 est;
2666 5523 2714 5578 si
2754 5539 2882 5594 ergo
2924 5535 3201 5595 superstes
3228 5534 3333 5595 est,
3371 5527 3536 5597 impie

1937 5616 2072 5685 agis,
2118 5614 2207 5686 qui
2255 5614 2431 5669 adhuc
2468 5613 2796 5683 versatiiem,
2841 5616 2930 5686 qui
2972 5616 3142 5687 possit
3181 5617 3250 5673 de
3292 5620 3433 5673 malo
3479 5622 3534 5674 itt

1916 5709 2139 5764 tbonum
2183 5707 2400 5771 mutari,
2441 5705 2755 5773 abscindas;
2797 5709 2880 5763 sin
2925 5718 3171 5764 mortuus
3207 5718 3318 5775 est,
3366 5712 3536 5767 multo

1942 5798 2111 5869 magis
2158 5796 2451 5870 [abstinere
2492 5794 2703 5870 debes.]
2743 5796 2957 5865 Quare?
2993 5799 3128 5868 Quia
3176 5800 3401 5861 Domino
3438 5816 3538 5866 suo

1942 5901 2049 5950 stat
2074 5891 2158 5950 vel
2182 5891 2346 5961 cadit,
2377 5906 2547 5963 neque
2569 5891 2681 5962 jam
2704 5890 2808 5947 sub
2832 5891 3063 5949 humana
3092 5893 3299 5966 positus
3329 5902 3411 5952 est
3437 5912 3527 5968 po

3816 6058 4142 6231 μιν
