4142 6332
686 441 902 490 testate.
931 427 1009 483 Ac
1032 427 1101 483 de
1129 441 1216 494 eo,
1248 426 1390 497 quod
1416 428 1682 483 occultum
1710 436 1812 494 est,
1843 427 2269 498 simulcrumque

691 519 850 588 iudici
880 529 1228 586 reservatum,
1252 521 1571 574 sententiam
1598 518 1741 575 ferre
1769 520 2124 590 periculosum
2153 528 2266 584 est;

687 627 809 669 cum
841 612 952 684 ipse
989 609 1135 664 solus
1163 610 1311 667 novit
1338 619 1393 666 et
1432 611 1671 665 scientias
1709 612 2040 678 mensuram,
2063 619 2117 667 et
2146 608 2267 666 fidei

684 701 923 759 modum.
963 699 1262 768 Undenam,
1305 715 1516 771 quaeso,
1553 702 1752 756 scimus
1783 702 1976 771 quibus
2004 716 2064 757 se
2091 701 2268 756 verbis

683 794 975 858 accusabit,
998 800 1090 846 aut
1108 805 1267 862 quam
1295 791 1661 848 defensionem
1693 791 1928 862 proferet
1947 794 2001 847 in
2023 792 2132 858 die,
2162 807 2264 862 qua

685 886 824 941 Deus
849 884 1181 956 judicaturus
1204 892 1287 939 est
1310 883 1519 940 occulta
1545 883 1858 938 hominum?
1887 883 2024 939 Vere
2059 883 2268 938 inseru-

683 977 858 1031 tabilia
898 983 1024 1032 sunt
1058 975 1255 1045 judicia
1294 975 1429 1045 ejus,
1468 985 1522 1030 et
1555 976 1947 1045 investigabiles
1984 977 2084 1031 via:
2124 975 2261 1046 ejus.

684 1068 809 1132 Quis
849 1069 981 1122 enim
1019 1067 1153 1121 novit
1189 1083 1388 1122 sensum
1417 1065 1644 1132 Domini,
1674 1077 1764 1120 aut
1790 1067 1903 1137 quis
1942 1065 2266 1122 consiliarius

679 1162 788 1229 ejus
817 1161 914 1228 fuit
957 1159 1108 1230 (lsai.
1149 1157 1240 1213 £0.
1270 1158 1340 1214 I3
1361 1156 1421 1230 )‘l
1467 1157 1630 1214 Forte
1656 1158 1835 1213 nullus
1870 1173 1935 1212 ex
1962 1157 2151 1226 nobis,
2181 1158 2263 1213 di-

630 1299 632 1301 .
680 1250 822 1316 lecti,
851 1265 908 1305 se
930 1250 1191 1319 baptismo
1211 1248 1485 1320 dignatum
1511 1262 1629 1303 esse
1658 1255 1827 1317 putat,
1860 1262 2019 1302 nemo
2044 1248 2144 1302 scil.
2174 1247 2263 1318 ju-

678 1340 874 1395 dicium
915 1355 1162 1410 umquam
1203 1338 1435 1394 futurum
1463 1351 1604 1393 esse.
1634 1336 1774 1404 Quid
1816 1337 1935 1396 dico
1957 1337 2262 1407 judicium?

678 1431 849 1500 Ipsam
891 1445 1102 1500 quoque
1134 1439 1360 1485 mortem
1400 1436 1458 1484 et
1490 1429 1690 1484 exitum
1733 1444 1764 1483 e
1795 1443 2021 1498 corpore
2051 1428 2262 1498 ignora-

677 1536 817 1586 mus,
847 1519 915 1575 ob
941 1521 1083 1575 illam
1110 1536 1287 1576 rerum
1312 1520 1646 1576 saecularium
1669 1519 1990 1590 phrenesim,
2014 1535 2134 1589 qua:
2161 1534 2260 1575 nos

677 1611 887 1666 invasit.
916 1611 1000 1666 Ab
1027 1612 1129 1667 hoc
1149 1653 1164 1678 ,
1199 1625 1400 1681 quaeso,
1435 1610 1574 1665 malo
1596 1609 1857 1664 absistite.
1890 1610 2027 1666 Ecce
2055 1609 2175 1664 dico
2203 1618 2260 1666 et

675 1711 948 1756 contestor
977 1703 1026 1756 in
1054 1709 1343 1771 conspectu
1380 1701 1474 1757 Dei
1513 1709 1568 1756 et
1595 1702 1889 1756 electorum
1923 1701 2254 1771 angelorum,

675 1795 797 1849 hinc
825 1793 978 1849 nobis
1009 1795 1062 1848 in
1090 1794 1177 1850 die
1196 1794 1381 1864 judicii
1411 1793 1607 1848 malum
1637 1801 1888 1864 magnum
1926 1805 1980 1848 et
2008 1790 2259 1848 intolera-

678 1882 838 1935 bilem
887 1886 1064 1952 ignem
1113 1882 1316 1953 parari.
1353 1881 1486 1937 Nam
1517 1885 1562 1939 si
1594 1886 1646 1940 in
1675 1889 1949 1958 virginum
1995 1890 2255 1946 similitu-

677 1976 804 2030 dinc
825 1973 1162 2047 eostMatth.
1189 1976 1287 2044 25..
1320 1977 1428 2048 II),
1464 1978 1702 2048 quicum
1730 1983 2017 2052 splendida
2049 1983 2155 2039 ﬁde
2192 1991 2248 2040 et

1400 315 1456 373 S.
1494 314 1770 374 JOANNIS
1805 313 2281 374 CIIRYSOSTOMI
2319 314 2634 374 ARCIIIEP.
2673 319 3208 380 CONS‘I‘ANTINOP.

3867 327 3965 384 952

2388 445 2596 485 morum
2624 428 2856 488 candore
2882 434 3148 502 vixerunt,
3177 434 3431 492 Dominus
3461 439 3861 507 universorum,
3885 446 3966 516 qui

2382 523 2618 593 ipsorum
2643 540 2803 594 opera
2833 526 2993 590 vidit,
3021 527 3091 582 ob
3114 528 3595 587 commiserationis
3635 537 3915 603 penuriam
3938 552 3965 592 ι

2383 615 2619 670 thalamo
2664 616 2869 671 alienos
2913 617 3144 673 reddidit
3187 637 3200 673 :
3239 619 3506 688 quomodo
3545 637 3664 690 nos,
3705 625 3798 694 qui
3833 629 3966 684 omni

2381 721 2503 761 eum
2551 707 2761 764 licentia
2804 709 3050 774 vivimus,
3090 718 3146 765 et
3183 711 3634 770 immisericordes
3677 732 3807 787 erga
3843 732 3964 773 mn-

2382 798 2602 855 tribules
2626 810 2838 855 nostros
2867 815 2964 855 nos
2992 801 3336 870 exhibemus,
3375 804 3548 860 salute
3572 805 3720 877 digni
3752 808 3963 864 habebi-

2381 891 2532 946 mur?
2560 890 2916 960 Quamobrem
2948 894 3173 949 obsecro
3212 910 3329 962 vos,
3358 911 3426 951 ne
3456 897 3617 952 verba
3655 898 3775 955 haec
3805 902 3961 971 negli-

2378 992 2566 1054 genter
2605 985 2852 1041 audiatis.
2884 985 3145 1041 Hmretica
3190 987 3391 1058 quippe
3429 988 3673 1059 dogmata
3722 991 3808 1054 iis,
3854 1009 3962 1063 qua:

2381 1091 2480 1132 nos
2530 1077 2855 1147 accepimus,
2896 1079 3164 1134 contraria
3208 1081 3678 1144 anathematizare.
3718 1090 3775 1137 et
3813 1083 3961 1154 impia

2377 1165 2621 1236 dogmata
2645 1168 2921 1223 confutare
2943 1178 3172 1238 oportet,
3203 1169 3510 1225 hominibus
3533 1181 3709 1235 autem
3743 1188 3959 1243 parcen-

2377 1257 2526 1322 dum,
2556 1267 2611 1313 et
2649 1273 2745 1327 pro
2772 1273 2959 1314 eorum
2990 1260 3162 1316 salute
3198 1261 3458 1315 orandum
3491 1271 3594 1318 est‘.
3623 1262 3841 1318 Utinam
3872 1280 3960 1320 nos

2377 1361 2586 1415 omnes,
2612 1348 2704 1404 Dei
2730 1358 2784 1404 et
2811 1350 3039 1419 proximi
3070 1351 3242 1404 amori
3271 1351 3489 1417 addicti,
3512 1361 3669 1423 atque
3694 1355 3958 1411 Dominica

2376 1449 2735 1510 exsequentes
2759 1451 3056 1512 praecepta,
3088 1457 3210 1498 cum
3250 1443 3616 1500 misericordia
3655 1456 3710 1500 et
3753 1447 3959 1517 fulgidi:

2375 1530 2730 1601 lampadibus,
2772 1535 2823 1588 in
2865 1533 2954 1588 die
2982 1534 3388 1591 resurrectionis
3415 1536 3614 1592 caalesti
3643 1553 3845 1608 sponso
3869 1554 3956 1593 oc-

2374 1638 2672 1688 curramus,
2694 1623 2984 1680 oﬂ‘erentes
3005 1626 3082 1680 illi
3109 1627 3161 1680 in
3186 1626 3351 1698 gloria
3378 1629 3801 1697 quamplurimos
3826 1645 3954 1683 com-

2375 1718 2719 1772 miseratione
2770 1726 2952 1771 nostra
2998 1726 3264 1786 servatos,
3315 1720 3482 1789 gratia
3531 1729 3586 1774 et
3637 1721 3954 1791 benignitate

2375 1812 2541 1881 ipsius
2579 1811 2832 1881 unigeniti
2877 1811 2996 1866 Filii
3045 1811 3160 1878 Dei,
3205 1812 3417 1880 quicum
3471 1812 3615 1867 Patri
3654 1813 3816 1880 gloria
3859 1828 3953 1866 una

2372 1918 2492 1958 cum
2534 1913 2720 1959 saneto
2760 1903 2982 1975 Spiritu,
3025 1919 3166 1959 nunc
3209 1914 3264 1959 et
3296 1919 3510 1975 semper
3546 1914 3601 1960 et
3639 1906 3691 1959 in
3728 1907 3950 1970 sa-eula,

2369 1997 2564 2050 Amen.

1726 2618 1836 2677 AD
1887 2614 2299 2676 HOMILIAM
2356 2617 2434 2677 IN
2487 2615 2905 2680 KALENDAS

759 3152 856 3208 Ille
894 3152 1152 3210 Kalendae
1197 3162 1574 3209 memorantur
1610 3151 1855 3208 Januarii
1897 3154 2101 3210 mensis
2125 3194 2141 3221 ,
2186 3171 2264 3211 ea:

690 3256 901 3310 scilicet
927 3272 1047 3326 qua:
1067 3271 1280 3310 annum
1335 3255 1606 3326 incipiunt
1645 3232 1786 3325 apud
1822 3254 2122 3322 Romanos,
2158 3271 2266 3326 qua

691 3360 779 3412 die
823 3373 943 3413 mos
987 3367 1104 3413 erat
1143 3358 1292 3425 ξένια
1326 3374 1420 3413 seu
1465 3359 1790 3413 munuscula
1835 3360 2028 3412 amicis
2071 3374 2268 3428 cogna-

689 3460 875 3529 tisque
902 3459 1122 3524 offerre,
1145 3461 1397 3515 convivia
1439 3462 1738 3527 celebrare,
1783 3460 2000 3530 aliaque
2037 3461 2269 3531 publieae

698 3558 898 3612 lzetitiae
929 3560 1079 3628 signa
1105 3559 1255 3623 dare,
1291 3560 1378 3614 ubi
1415 3562 1738 3631 plerumque
1779 3563 2063 3616 dissoluta:
2098 3564 2272 3632 plebis

689 3668 869 3728 gesta,
899 3661 1309 3729 superstitiosus
1340 3662 1746 3717 observationes
1771 3661 1988 3739 aliaque
2014 3662 2065 3715 ἰ‹1
2097 3647 2268 3731 εῡιιῖιε

696 3758 880 3813 videre
910 3769 1049 3825 erat,
1075 3759 1127 3813 in
1160 3777 1280 3830 quae
1309 3761 1410 3814 hoc
1438 3776 1692 3816 sermone
1723 3761 2000 3814 invehitur
2044 3771 2266 3816 sanctus

691 3859 899 3914 doctor.
941 3859 1203 3915 Liban’us
1234 3877 1396 3930 porro
1425 3861 1742 3930 opusculum
1776 3861 1944 3915 edidit
1984 3863 2038 3915 in
2065 3861 2267 3915 Kalen-

692 3959 789 4012 das
823 3960 1178 4030 inscriptum,
1215 3961 1305 4014 ubi
1343 3977 1450 4030 quo
1487 3962 1592 4013 ritu
1626 3959 1881 4015 Kalendae
1928 3939 2118 4016 fierent
2156 3962 2263 4016 mi-

696 4061 924 4113 nutatim
945 4060 1226 4124 describit,
1253 4062 1434 4130 aitque
1464 4075 1628 4114 unam
1655 4061 2016 4130 eamdemque
2046 4061 2270 4115 celebri-

686 4169 858 4214 tatem
895 4176 986 4228 per
1028 4171 1202 4215 totum
1245 4160 1551 4214 Romanum
1607 4159 1896 4228 imperium
1951 4160 2141 4214 eadem
2182 4160 2269 4215 die

693 4265 798 4332 agi,
827 4264 955 4334 μίαν
977 4264 1033 4317 δὲ
1062 4260 1176 4318 οἶδα
1234 4265 1416 4336 κοινὴν
1452 4265 1706 4318 ἁπάντων
1729 4263 1916 4317 ὁπόσοι
1951 4261 2117 4328 ζῶσιν
2163 4265 2269 4339 ὑ-πδ

688 4364 790 4434 τὴν
807 4364 1093 4434 Ῥωμαίων
1137 4364 1310 4436 ἀρχήν
1335 4382 1346 4394 ·
1381 4365 1627 4433 γίγνεται
1657 4366 1712 4421 δὲ
1744 4366 1995 4422 ὲνιαυτοῦ
2035 4367 2128 4420 τοῦ
2167 4367 2269 4436 μὲν

692 4462 1193 4533 πεπα’)μένου,τοῦ
1238 4464 1293 4516 δὲ
1340 4465 1666 4535 ἀρχομένου.
1726 4465 1911 4536 Itaque
1959 4466 2026 4520 de
2084 4466 2171 4519 die
2205 4479 2269 4518 ac

701 4581 885 4619 mense
913 4564 1059 4618 nulla
1087 4564 1298 4618 videtur
1350 4567 1579 4634 quaestio
1623 4568 1830 4620 moveri
1872 4583 2064 4634 posse:
2108 4584 2268 4623 secus

697 4672 878 4716 autem
915 4663 980 4717 de
1031 4678 1195 4722 auito.
1238 4679 1400 4732 quem
1457 4681 1524 4720 ne
1563 4666 1896 4735 conjecturis
1928 4667 2146 4736 quidem
2185 4676 2269 4722 sat

695 4762 1071 4832 probabilibus
1104 4762 1369 4831 assignari
1406 4779 1564 4830 posse
1591 4774 1870 4834 putamus.
1917 4765 2270 4821 Ilermantius

700 4860 1063 4916 subodoratur
1101 4860 1154 4913 in
1189 4862 1419 4930 primam
1471 4863 1613 4917 diem
1660 4865 1792 4918 anni
1839 4865 1940 4918 387
1989 4865 2273 4919 conferen-

696 4964 819 5015 dam
867 4961 1013 5015 hanc
1069 4961 1349 5015 homiliam
1405 4977 1546 5026 esse,
1597 4964 1726 5033 quia
1775 4973 1899 5034 post
1957 4966 2270 5018 eneomium

697 5062 916 5131 aliquod
949 5062 1126 5116 sancti
1159 5061 1309 5118 Pauli
1347 5064 1530 5118 habita
1581 5075 1682 5119 est.
1747 5065 1882 5120 Illud
1923 5078 2126 5134 autem,
2178 5069 2272 5134 ait,

699 5165 1010 5218 eneomium
1041 5163 1275 5233 idipsum
1307 5165 1521 5218 videtur
1549 5180 1688 5230 esse,
1725 5167 1868 5235 quod
1920 5167 2153 5236 legimus
2185 5183 2278 5220 su-

701 5282 820 5335 pca,
853 5266 1074 5319 bomilia
1098 5265 1174 5318 De
1197 5266 1448 5333 petitione
1472 5267 1712 5334 ﬁliorum
1739 5267 1999 5333 Zebedwi,
2033 5286 2183 5323 num.
2221 5271 2274 5336 '5,

701 5380 821 5432 quae
848 5366 1015 5432 paulo
1050 5372 1173 5433 post
1205 5363 1395 5419 Natale
1445 5368 1570 5418 anni
1605 5367 1708 5420 386
1756 5369 1869 5422 sive
1919 5382 2041 5440 post
2071 5371 2141 5424 25
2175 5370 2277 5425 De-

707 5466 943 5519 t'cmbris
981 5465 1162 5519 habita
1213 5474 1318 5520 est.
1350 5464 1549 5519 Verum
1591 5467 1729 5521 hanc
1759 5467 2060 5524 Hermantii
2089 5472 2276 5539 conje-

703 5577 917 5620 cturam
965 5567 1162 5619 merito
1203 5567 1408 5636 respuit
1437 5567 1839 5623 Tillemontius.
1877 5570 2034 5635 Nam,
2077 5573 2276 5642 inquit,

708 5667 844 5720 nihil
876 5667 1213 5736 frequentius
1243 5667 1384 5737 apud
1417 5669 1869 5738 Chrysoslomum
1901 5670 2054 5726 Pauli
2088 5674 2268 5728 laudi-

707 5767 809 5821 bus
833 5776 886 5822 ct
916 5767 1220 5835 encomiis;
1281 5769 1335 5825 in
1367 5770 1456 5825 illa
1503 5787 1632 5828 vero
1668 5774 1891 5829 bomilia
1950 5774 2279 5848 Cltrysosto-

2378 3150 2502 3189 mus
2555 3135 2732 3192 obiter
2785 3143 2996 3190 tantum
3035 3133 3189 3190 Pauli
3227 3135 3480 3189 virtutem
3535 3134 3820 3204 celebrat;
3881 3136 3945 3190 ad

2377 3236 2492 3291 hmc
2523 3245 2704 3290 autem
2734 3236 2956 3290 bomilia
2986 3235 3074 3290 illa
3109 3236 3176 3291 de
3215 3236 3340 3290 filiis
3369 3235 3613 3291 Zebedzei
3657 3238 3803 3292 dicta
3850 3237 3949 3290 fuit

2376 3347 2498 3408 post
2529 3337 2808 3391 homiliam
2841 3338 2908 3391 de
2935 3336 3394 3391 Consubstantiali
3427 3338 3568 3392 ludis
3600 3337 3948 3393 Circensibus

2377 3449 2524 3489 anno
2558 3436 2662 3489 387
2695 3437 2957 3503 habitam,
2992 3437 3200 3491 scilicet
3227 3437 3315 3491 die
3350 3438 3505 3492 tertia
3539 3437 3619 3491 vel
3648 3447 3842 3508 quarta
3866 3440 3949 3493 vel

2376 3537 2564 3604 quinta
2608 3535 2854 3592 Januarii
2905 3556 2918 3592 :
2957 3554 3082 3593 nam
3128 3537 3213 3593 his
3262 3539 3452 3594 diebus
3516 3540 3627 3594 ludi
3667 3541 3949 3597 Circenses

2379 3638 2722 3708 agebantur;
2779 3648 2943 3708 atque
2998 3639 3133 3692 adeo
3165 3653 3270 3692 non
3324 3639 3499 3708 potuit
3556 3639 3645 3694 die
3706 3641 3946 3711 ejusdem

2377 3743 2505 3795 anni
2541 3742 2716 3809 primo
2761 3740 2917 3810 quasi
2968 3741 3080 3809 jam
3134 3739 3317 3793 habita
3375 3743 3692 3796 memorari.
3753 3732 3950 3800 Mavuli

2377 3858 2539 3913 porro
2573 3840 2956 3895 Tillemontius
3009 3841 3162 3895 Pauli
3197 3842 3328 3895 illud
3376 3843 3685 3898 eneomium
3721 3860 3841 3899 esse
3898 3847 3948 3899 in

2380 3941 2598 3995 bomilia
2632 3941 2719 3995 cui
2749 3942 2958 4006 titulus,
2992 3940 3186 4004 Quales
3217 3940 3468 3995 ducendae
3497 3943 3603 3995 sint
3625 3958 3834 4004 uxores,
3859 3943 3949 3996 ubi

2377 4045 2568 4099 doctor
2606 4043 2697 4097 ille
2728 4043 2966 4113 gentium
3001 4041 3295 4096 identidem
3345 4043 3621 4104 laudatur.
3662 4043 3797 4099 Cum
3851 4059 3949 4096 au-

2378 4153 2482 4196 tem
2516 4147 2631 4197 haec
2673 4143 2893 4196 bomilia
2945 4141 3150 4195 nullam
3184 4143 3449 4211 temporis
3505 4152 3689 4196 notam
3728 4159 3835 4212 prta
3894 4157 3949 4195 se

2380 4247 2538 4308 ferat.
2574 4246 2702 4300 hinc
2736 4246 2985 4315 sequitur
3018 4244 3221 4298 nullam
3252 4243 3375 4298 inde
3408 4243 3512 4312 peti
3549 4253 3709 4312 posse
3744 4253 3947 4306 notam,

2382 4363 2490 4416 qua
2524 4348 2760 4400 bomilia:
2801 4346 2867 4400 de
2901 4342 3157 4398 Kalendis
3187 4353 3400 4412 tempus
3425 4353 3482 4397 et
3511 4359 3690 4398 annus
3715 4346 3951 4413 assigne-

2381 4460 2487 4502 tur.
2527 4445 2597 4501 Ut
2627 4447 2976 4500 Tillemontio
2999 4444 3397 4512 adstipulamur
3425 4444 3624 4498 dicenti
3659 4460 3766 4497 non
3800 4458 3949 4513 posse

2380 4563 2480 4601 nos
2536 4564 2602 4602 ex
2648 4547 2962 4602 memoratis
3009 4545 3167 4600 Pauli
3220 4545 3490 4600 encomiis
3537 4547 3780 4614 aliquam
3829 4539 3968 4597 annii

2375 4659 2562 4701 notam
2594 4648 2860 4712 mutuari,
2904 4648 2977 4700 ita
3010 4647 3084 4699 illi
3123 4646 3471 4714 acquiescere
3501 4661 3614 4698 non
3666 4659 3949 4714 possumus

2377 4749 2590 4819 putanti
2627 4749 2877 4802 encomia
2910 4748 2999 4802 illa
3036 4745 3225 4799 haberi
3257 4746 3310 4799 in
3352 4746 3574 4799 linmilia
3611 4749 3699 4799 cui
3749 4747 3950 4806 titulus,

2383 4851 2578 4914 Quales
2611 4850 2865 4903 ducenda:
2898 4852 3004 4902 sint
3033 4863 3246 4912 uxores,
3269 4847 3359 4900 ubi
3382 4858 3767 4916 argumentum
3793 4848 3950 4910 aliud,

2385 4970 2547 5022 quam
2580 4955 2826 5009 encomia
2861 4955 3035 5016 Pauli,
3064 4955 3321 5008 nimirum
3351 4955 3404 5006 id
3428 4954 3573 5022 quod
3606 4954 3764 5007 titulo
3791 4968 3954 5006 enun-

2387 5058 2572 5120 tiatur,
2600 5058 2921 5126 proponitur
2947 5074 2957 5108 :
2987 5055 3189 5109 Paulus
3223 5071 3353 5109 vero
3388 5055 3564 5109 obiter
3592 5063 3806 5107 tantum
3838 5054 3954 5106 hinc

2341 5201 2354 5208 -
2384 5170 2438 5214 et
2482 5159 2604 5212 inde
2640 5159 2913 5211 laudatur.
2953 5158 3022 5209 At
3065 5154 3317 5209 encomia
3358 5153 3511 5207 Pauli
3550 5169 3675 5223 quae
3723 5152 3954 5226 Chryso-

2291 5855 2348 5864 -α-

2387 5271 2600 5315 sttnnus
2641 5259 2694 5312 in
2716 5259 2817 5312 hac
2841 5257 3104 5312 concione
3123 5265 3408 5319 memorat,
3438 5254 3669 5309 Paulum
3704 5257 3785 5309 vel
3807 5258 3955 5309 unice

2388 5366 2467 5418 vel
2491 5365 2757 5433 prtecipue
2775 5370 3050 5431 spectasse
3069 5359 3339 5412 videntur.
3359 5357 3434 5411 En
3452 5356 3834 5428 Cbrysostomi
3856 5372 3956 5408 vcr-

2391 5467 2454 5519 bzt
2483 5484 2495 5519 :
2527 5462 2726 5535 Πρώην
2750 5462 2880 5530 γοῦν
2908 5461 3062 5531 ἡμῶν
3089 5459 3543 5528 ἐγκωμιαζόντων
3572 5457 3664 5509 τὸν
3697 5458 3954 5526 μακάριον

2391 5562 2626 5624 Παῦλον,
2652 5561 2824 5623 οὕτως
2848 5561 3230 5631 ἐσκιρτήσατε,
3261 5559 3336 5622 ὡς
3376 5558 3538 5612 αὑτὸν
3559 5557 3794 5628 ὁρῶντες
3831 5573 3955 5625 πιρ-

2388 5667 2582 5717 όντα...
2623 5664 2729 5716 Καὶ
2764 5663 3063 5732 ἐϐουλόμην
3115 5661 3211 5731 μὲν
3245 5661 3324 5722 εἰς
3365 5660 3463 5729 τὴν
3515 5657 3686 5728 αὐτὴν
3716 5658 3956 5710 ὑπόθεσίν

2391 5766 2543 5840 [69η
2579 5763 2876 5832 καταϐῆναι
2905 5763 2999 5817 καὶ
3025 5764 3283 5835 τήμερον,
3314 5760 3448 5815 me
3485 5759 3622 5830 πρὸς
3646 5761 3733 5812 Et:
3746 5777 3814 5830 pa
3844 5775 3958 5812 κατ·
