4160 6324
197 373 293 433 951

194 485 468 552 ποσότητα
505 485 764 545 πίστεως.
786 481 956 535 Πόθεν
979 481 1090 554 γὰρ
1116 486 1296 556 ἴσμεν,
1331 485 1454 539 εἰπέ
1478 503 1589 556 μοι,
1613 499 1790 554 παρα-

191 565 362 623 καλῶ,
389 565 568 628 ποίοις
600 566 807 636 ῥήμασι
833 569 1203 638 κατηγορήσει
1236 567 1454 632 ἑαυτοῦ,
1481 568 1514 640 ἢ
1541 568 1635 621 καὶ
1661 567 1793 620 ἀπο-

190 649 483 718 λογήσεται
519 649 576 700 ὲν
631 648 845 718 ἡμέρᾳ,
883 649 972 701 ὅτε
1008 650 1191 719 μέλλει
1233 651 1262 703 ὁ
1307 650 1441 714 Θεὸς
1486 650 1695 722 κρίνειν
1724 649 1792 703 τά

190 731 414 802 κρυπτά
459 728 570 783 τῶν
622 729 965 800 ἀνθρώπων;
1013 732 1223 797 Ὄντως
1277 732 1677 804 ἀνεξερεύνητα
1723 733 1791 786 τά

190 814 438 885 κρίματα
471 812 661 878 αὑτοῦ,
693 813 787 864 καὶ
820 812 1219 883 ἀνεξιχνίαστοι
1250 817 1306 870 αἱ
1341 816 1447 870 ὁδοὶ
1477 817 1662 870 αὐτοῦ.
1695 818 1792 883 Τίς

188 899 298 966 γὰρ
338 895 500 964 ἐγνω
535 895 689 949 νοῦν
717 898 944 963 Κυρίου
965 935 980 958 ,
1017 897 1056 965 ἢ
1098 897 1191 964 τις
1229 900 1578 967 σύμϐουλος
1602 899 1791 954 αὑτοῦ

187 978 465 1048 ἐγένετο;
493 978 646 1048 Τάχα
675 978 853 1041 οὐδεὶς
875 977 934 1042 ἐξ
963 979 1144 1050 ήμῶν,
1195 981 1492 1054 ἀγαπητοὶ,
1522 983 1792 1052 ἠξιῶσθαι

191 1061 573 1133 βαπτίσματος
607 1062 802 1126 οἴεται,
833 1062 1013 1126 οὐδεὶς
1045 1064 1334 1118 ἐπίσταται
1365 1066 1548 1135 κρίσιν
1575 1065 1796 1137 μέλλου-

190 1159 288 1197 σαν
329 1143 582 1211 γίνεσθαι
618 1144 860 1198 πώποτε.
910 1145 976 1198 Τί
1028 1146 1174 1215 λέγω
1215 1149 1446 1219 κρίσιν;
1496 1148 1662 1203 αὑτὸν
1701 1149 1792 1202 τὸν

191 1225 424 1280 θάνατον
450 1227 546 1279 καὶ
573 1226 672 1298 τὴν
698 1228 764 1280 ὲκ
797 1228 891 1281 τοῦ
924 1229 1177 1300 σώματος
1210 1231 1387 1296 ἔξοδον
1414 1233 1791 1305 ἡγνοήσαμεν,

187 1312 253 1364 ὲκ
281 1311 382 1380 τῆς
424 1310 815 1381 ὲπισκηψάσης
851 1313 1000 1382 ἡμᾶς
1044 1313 1354 1384 φρενίτιδος
1387 1315 1497 1368 τῶν
1538 1315 1635 1368 τοῦ
1674 1315 1792 1386 βίου

191 1393 560 1464 πραγμάτιον.
621 1395 923 1465 Ἀπόστητε
956 1395 1052 1449 τοῦ
1090 1397 1336 1450 τοιούτου
1380 1398 1576 1464 κακοῦ,
1608 1417 1792 1471 παρα-ι

191 1477 358 1532 καλῶ.
417 1480 548 1532 Ἰδοὺ
590 1478 736 1548 λέγω
783 1481 877 1533 καὶ
917 1480 1364 1553 διαμαρτύρομαι
1409 1483 1641 1538 ἐνώπιον
1698 1485 1792 1538 τοῦ

189 1561 324 1614 Θεοῦ
356 1562 455 1614 καί
482 1562 590 1614 τῶν
614 1562 887 1615 ἐκλεκτῶν
921 1564 1172 1631 ἀγγέλων
1191 1605 1206 1630 ,
1235 1566 1311 1628 ὡς
1340 1567 1581 1636 μεγάλου
1615 1568 1790 1621 κακοῦ

192 1646 284 1698 καὶ
325 1644 502 1715 πυρὸς
551 1646 857 1716 ἀνηκέστου
903 1647 1197 1716 γενήσεται
1237 1649 1370 1718 ἡμῖν
1416 1650 1474 1702 ὲν
1520 1653 1586 1720 τῇ
1637 1649 1792 1722 [696]

193 1729 374 1799 ἡμέρᾳ
400 1731 501 1798 τῆς
528 1729 764 1800 κρίσεως
788 1730 980 1782 αῖτιον.
1002 1731 1061 1782 Et
1082 1731 1190 1802 γὰρ
1220 1733 1278 1783 ἐν
1307 1735 1373 1803 τῇ
1401 1735 1744 1804 παραστάσει
1762 1745 1787 1774 α

193 1813 299 1866 τῶν
359 1813 652 1882 παρθένων
697 1814 825 1876 τοὺς
891 1813 1033 1883 μετὰ
1102 1815 1364 1886 λαμπρᾶς
1413 1817 1655 1880 πίστεως
1697 1818 1790 1870 καὶ

195 1895 553 1968 φαιδρότητας
588 1895 705 1966 βίου
729 1895 1018 1967 ζήσαντας,
1045 1897 1122 1962 ὼς
1155 1898 1322 1953 αὐτοῦ
1356 1899 1692 1971 θεωροῦντος
1718 1899 1790 1953 τὰ

253 2061 274 2088 ⁸
291 2064 450 2117 Vatic.
561 2065 814 2130 παρουσίᾳ.

1357 372 1425 428 IN
1465 371 1855 428 KALENDAS.
1877 404 1947 414 ——
1977 370 2259 428 MONITL
2281 419 2317 427 -.

3386 365 3491 417 952

1895 481 2036 552 ἔργα
2059 478 2238 531 αὐτῶν
2261 477 2356 530 τοῦ
2390 477 2501 532 τῶν
2547 476 2686 530 ὅλων
2713 469 3008 539 Δεσπὸτου,
3044 473 3360 544 ἀλλοτρίους
3394 477 3490 531 τοῦ

1893 564 2185 634 νυμφῶνος
2217 563 2304 616 διά
2335 563 2396 615 τὸ
2428 560 2754 632 ἀσυμπαθὲς
2788 559 3066 630 ἐποίησεν,
3095 559 3212 620 πῶς
3241 561 3423 630 ἡμεῖς,
3443 561 3495 615 0!

1895 648 2039 702 κατὰ
2068 649 2249 700 πᾶσαν
2287 646 2475 700 ἄδειαν
2523 645 2890 715 διαιτώμενοι,
2931 645 3027 697 καὶ
3068 642 3316 714 ἀνηλεῶς
3380 647 3496 709 τοῖς

1893 729 2187 802 ὁμοφύλοις
2219 729 2681 800 προσφερόμενοι,
2714 728 2992 798 σωτηρίας
3024 725 3496 796 ἀξιωθῶμενςᾉιὸ

1893 814 2085 883 δέομαι
2140 813 2329 883 ὑμῶν,
2372 812 2447 883 μὴ
2507 811 2806 883 παρέργως
2860 810 2969 862 τῶν
3011 808 3272 863 τοιούτων
3321 810 3497 878 λόγων

1894 897 2189 968 ἀκούσητε.
2223 897 2304 951 Τά
2357 898 2466 969 γάρ
2516 896 2769 968 αἱρετικά
2819 895 3100 966 δόγματα,
3152 896 3221 948 τά
3257 895 3387 966 παρ’
3422 890 3499 947 ὧν

1896 981 2280 1052 παρελάϐομεν
2301 1021 2315 1045 ,
2347 980 2770 1051 ἀναθεματίζειν
2810 978 2942 1050 χρὴ.
2981 978 3169 1032 καὶτὰ
3196 979 3368 1049 ἀσεϐῆ
3412 980 3497 1032 δό-

1894 1081 2085 1134 γματα
2117 1064 2380 1136 ἐλέγχειν,
2402 1066 2582 1118 πᾶσαν
2608 1063 2664 1116 δὲ
2692 1062 2857 1132 φειδὼ
2883 1061 3186 1134 ἀνθρώπων
3204 1062 3498 1129 ποιεῖσθαι,

1897 1149 1991 1202 καὶ
2024 1148 2282 1219 εὔχεσθαι
2321 1149 2462 1219 ὑπὲρ
2495 1149 2596 1217 τῆς
2637 1148 2820 1202 αὐτῶν
2851 1148 3153 1216 σωτηρίας.
3194 1148 3412 1201 Γένοιτο
3440 1149 3500 1202 δὲ

1897 1233 2105 1295 πάντας
2132 1233 2278 1302 ἡμᾶς
2309 1232 2410 1301 τῆς
2440 1233 2571 1302 περὶ
2608 1232 2700 1284 τὸν
2728 1231 2862 1284 Θεὸν
2899 1232 2993 1284 καὶ
3020 1231 3247 1298 πλησίον
3275 1233 3502 1302 ἀγάπης

1896 1317 2292 1386 ἀντεχομένους
2311 1357 2325 1376 ,
2364 1317 2457 1369 καὶ
2486 1315 2596 1368 τῶν
2624 1314 2964 1368 δεσππικῶν
3001 1315 3233 1369 ὲντολῶν
3264 1316 3366 1388 τὴν
3411 1320 3504 1387 ὲρι-

1895 1399 2098 1467 γασίαν
2127 1399 2494 1469 πληροῦντας,
2522 1397 2661 1468 μετά
2689 1398 2876 1461 ἐλέους
2895 1401 2990 1451 καὶ
3008 1399 3252 1469 φαιδρῶν
3280 1399 3504 1470 λαμπάο

1895 1481 2002 1534 δων
2029 1483 2340 1553 ἀπαντῆσαι
2368 1484 2424 1535 ἐν
2453 1482 2640 1553 ἡμέρᾳ
2671 1482 2769 1552 τῆς
2806 1483 3163 1545 ἀναστάσεως
3190 1483 3216 1522 δ
3246 1483 3398 1554 αὑτῷ
3422 1484 3503 1554 τῷ

1899 1567 2209 1637 ἐπουρανίῳ
2236 1567 2476 1638 νυμφίῳ,
2506 1567 2922 1638 προσφέροντας
2944 1568 3097 1638 αὑτῴ
3126 1568 3417 1634 πλείστους
3442 1573 3504 1624 ὲν

1897 1646 2024 1721 δόξῃ
2047 1650 2432 1720 ὠφεληθέντας
2469 1652 2534 1702 ὲκ
2561 1650 2660 1720 τῆς
2700 1649 2859 1719 ἡμῶν
2899 1650 3283 1720 συμπαθείας,
3314 1653 3503 1725 χάριτι

1899 1735 1993 1787 καὶ
2015 1727 2399 1806 φιλανθρωπίᾳ
2422 1733 2589 1804 αὑτοῦ
2612 1736 2703 1788 τοῦ
2732 1735 3054 1806 μονογενοῦς
3075 1736 3204 1789 Υἰοῦ
3229 1738 3323 1791 τοῦ
3339 1738 3499 1805 Θεοῦ,

1901 1817 2020 1887 μεθ’
2049 1814 2109 1872 οὗ
2138 1818 2216 1887 τῷ
2252 1820 2428 1889 Πατρὶ
2454 1817 2580 1883 δόξα
2615 1818 2734 1888 ἅμα
2757 1818 2835 1889 τῷ
2875 1820 3017 1892 ἁγίῳ
3061 1821 3343 1893 Πνεῦματι
3363 1861 3379 1888 ,
3406 1823 3503 1876 νῦν

1897 1900 1992 1953 καὶ
2021 1901 2129 1967 ἀεὶ,
2161 1904 2256 1955 καὶ
2277 1903 2356 1966 εἰς
2391 1901 2616 1964 αἰῶνας.
2661 1903 2854 1973 Ἀμήν.

1960 2070 1991 2109 ὶι
2016 2069 2170 2121 Vatic.
2196 2079 2281 2132 τῆς
2302 2077 2522 2148 κρίςιως.

229 2367 3471 2426 mm

1687 2620 1746 2682 M
1759 2621 2095 2686 ONITUM.

226 3157 516 3229 επείγοντα
539 3162 673 3232 ἡμῖν
697 3164 724 3216 ό
747 3162 902 3231 λόγος
925 3162 1204 3234 ὥρμηται,
1222 3163 1291 3217 τά
1314 3165 1556 3237 σήμερον
1586 3161 1694 3216 ὑπὸ
1717 3163 1815 3234 τῆς

226 3260 424 3324 πόλεος
461 3262 683 3334 ἀπάσης
719 3263 1126 3336 ἁμαρτηθέντα.
1170 3265 1309 3329 Τοὺς
1354 3265 1463 3337 γὰρ
1513 3265 1816 3329 ἀκούοντας

217 3362 326 3417 τῶν
364 3365 663 3435 ἐγκωμίων
707 3365 959 3428 Παύλου,
1005 3366 1274 3437 πρότερον
1320 3367 1418 3436 τῆς
1463 3367 1665 3438 ἀρετῆς
1718 3368 1814 3422 τοῦ

221 3463 439 3517 Παύλου
471 3463 721 3534 ζηλωτάς
755 3462 894 3521 εἶναι
921 3468 1046 3539 χρὴ,
1081 3470 1178 3522 καὶ
1215 3471 1316 3540 τῆς
1361 3469 1567 3540 ταύτης
1608 3471 1814 3541 ἀκροά-

224 3581 362 3628 σεως
397 3559 657 3629 ἀξίουςοΙο
683 3582 732 3622 e.
770 3567 956 3638 Nuper
985 3571 1150 3641 igitur
1175 3587 1293 3624 cum
1337 3571 1549 3624 beatum
1586 3571 1816 3625 Paulum

217 3666 474 3718 encomii:
499 3665 904 3730 celebraremus,
936 3670 1015 3722 ita
1046 3672 1432 3735 exsultavistis,
1459 3674 1614 3742 quasi
1640 3673 1814 3740 ipsum

221 3776 535 3834 prmentem
561 3768 902 3824 vidissetis...
943 3769 1196 3823 Volebam
1251 3782 1427 3824 autem
1461 3772 1516 3824 in
1547 3771 1686 3825 idem
1722 3790 1811 3825 ar-

218 3877 531 3935 gumentum
560 3866 715 3920 hodie
755 3867 1109 3932 descendere;
1157 3869 1248 3923 sed
1283 3869 1353 3922 ad
1380 3869 1489 3923 alia
1545 3870 1810 3940 qurrdam,

219 3983 338 4036 qua:
371 3968 542 4035 magis
567 3977 776 4037 urgent,
805 3972 981 4024 oratio
1011 3980 1195 4024 nostra
1228 3972 1553 4040 prove/titur,
1606 3973 1658 4025 in
1691 3973 1812 4042 qui-

219 4067 374 4121 bura
405 4076 520 4120 tota
569 4068 724 4123 hodie
776 4072 990 4125 civitate
1041 4081 1313 4139 peccatur.
1367 4072 1474 4128 Eos
1526 4076 1664 4128 enim
1724 4075 1816 4144 qui

219 4170 408 4224 laudes
443 4169 607 4223 Pauli
631 4171 819 4225 audire
879 4171 1122 4240 cupiunt,
1174 4173 1327 4241 prius
1379 4175 1590 4228 virtutis
1652 4174 1814 4229 Pauli

219 4269 441 4324 tumulos
469 4286 579 4324 esse
620 4280 844 4338 oportet,
879 4280 930 4325 et
968 4271 1274 4341 Itujusmodi
1322 4274 1570 4328 concione
1602 4274 1810 4343 dignos.

218 4371 317 4428 ilic
351 4372 509 4428 vides
537 4373 857 4430 concionem
896 4375 1232 4437 memorari.
1267 4376 1428 4445 cujus
1490 4376 1812 4447 bypotbesis

217 4492 316 4531 seu
353 4487 745 4546 argumentum
786 4486 942 4531 erant
973 4475 1124 4530 Pauli
1157 4477 1387 4542 laudes;
1441 4484 1606 4545 atque
1633 4476 1814 4546 Chry-

222 4586 532 4631 sostomum
569 4575 808 4645 idipsum
866 4585 1250 4640 argumentum
1286 4577 1409 4629 aliis
1442 4580 1494 4630 in
1527 4577 1814 4631 concinni-

220 4680 324 4735 bus
356 4689 605 4750 repetere
627 4678 1012 4734 destinavisse.
1069 4678 1225 4744 Quod
1286 4695 1412 4733 cum
1463 4681 1810 4749 exploratum

221 4783 311 4846 sit,
345 4781 481 4851 quid
513 4781 660 4835 aliud
714 4781 805 4834 hic
861 4779 1088 4833 iudicari
1121 4788 1324 4848 potest,
1378 4796 1542 4847 quam
1605 4789 1812 4849 septem

219 4882 326 4936 illa:
382 4882 455 4936 dc
513 4881 669 4936 Pauli
704 4881 961 4935 laudibus
996 4881 1254 4941 homilim,
1288 4896 1428 4950 quas
1479 4880 1622 4934 infra
1675 4881 1816 4936 inter

217 5000 509 5040 sermones
542 4983 906 5054 panegyricos
936 4983 1203 5037 edemus?
1233 4982 1342 5036 Illae
1395 4992 1576 5037 autem
1635 4983 1815 5037 homi-

216 5084 300 5140 lite
331 5085 540 5140 nullam
599 5101 708 5154 prec
739 5099 799 5138 se
861 5082 1046 5137 ferunt
1107 5083 1371 5152 temporis
1425 5091 1651 5137 notam:
1712 5083 1816 5138 hoc

225 5199 395 5238 unum
421 5199 498 5243 ex
548 5183 653 5238 hac
683 5184 750 5237 de
785 5182 1044 5238 Kalendis
1099 5182 1323 5236 homilia
1381 5183 1654 5251 expiscari
1691 5198 1815 5251 [ies-

187 5273 190 5277 ’
219 5301 441 5349 sumus,
473 5283 620 5353 quod
652 5282 819 5337 etiam
852 5296 919 5336 ex
952 5291 1147 5353 quarta
1207 5284 1263 5336 in
1319 5281 1547 5337 Paulum
1585 5284 1811 5338 bomilia

224 5386 614 5446 conﬁrmatur,
654 5383 826 5438 fuisse
854 5383 997 5446 illas,
1031 5383 1255 5452 perinde
1307 5393 1472 5451 atque
1534 5383 1815 5438 homiliam

221 5486 290 5540 de
318 5485 605 5548 Kalendis,
642 5485 947 5540 Antiochia:
982 5484 1240 5550 habitas;
1291 5500 1415 5537 nam
1461 5485 1618 5539 initio
1652 5486 1817 5555 hujus

223 5587 467 5641 humilia:
495 5584 648 5645 dicit,
706 5584 1048 5654 episcopum,
1104 5601 1297 5653 nempe
1337 5584 1681 5649 Flavianum,
1715 5586 1811 5642 ab-

219 5697 428 5743 sentem
464 5695 597 5746 tunc
631 5685 824 5746 fuisse,
850 5702 972 5739 cum
1013 5687 1128 5739 lucc
1160 5686 1246 5740 ille
1278 5686 1618 5755 praedicaret.

288 5789 468 5843 Aliam
519 5787 730 5860 profert
789 5786 1180 5843 Tillcmontius
1238 5786 1650 5858 conjecturam,
1701 5804 1808 5862 qua

1921 3164 2063 3220 hanc
2092 3166 2158 3220 de
2186 3164 2446 3222 Kalendis
2488 3167 2772 3223 homiliam
2808 3169 2860 3222 in
2895 3183 3098 3222 annum
3133 3167 3236 3222 387
3267 3167 3506 3224 conferri

1920 3281 2082 3335 pos~e
2112 3268 2467 3336 probabiliter
2499 3268 2799 3323 existimat.
2841 3267 3134 3322 ilomiliam
3166 3268 3398 3338 primam
3436 3269 3507 3324 de

1920 3366 2164 3434 Lazaro,
2203 3367 2403 3437 inquit,
2445 3368 2756 3439 insequenti
2811 3377 2935 3436 post
2969 3368 3250 3421 homiliam
3298 3367 3365 3420 de
3398 3365 3511 3420 Ka-

1919 3464 2096 3520 lendis
2150 3466 2259 3531 dic,
2301 3468 2416 3521 sive
2451 3465 2692 3520 secunda
2749 3463 3019 3529 Januarii,
3062 3465 3303 3519 habitam
3338 3463 3511 3519 fuisse

1919 3579 2129 3634 certum
2155 3580 2260 3625 est.
2287 3570 2399 3624 Cur
2429 3579 2612 3625 autem
2647 3570 2888 3624 secunda
2917 3567 3186 3633 Januarii,
3215 3576 3508 3638 postquam

1919 3669 2096 3739 prima
2137 3671 2268 3725 anni
2307 3671 2393 3725 die
2436 3671 2551 3738 jam
2588 3670 2913 3724 concionem
2969 3668 3254 3732 habuerat,
3311 3670 3508 3722 iterum

1920 3768 2353 3823 concionaturus
2389 3768 2585 3822 fuisset
2620 3781 2729 3822 non
2772 3767 3066 3831 videmus;
3108 3767 3212 3820 nisi
3269 3767 3390 3822 dies
3424 3767 3514 3823 ille

1920 3879 2230 3923 conventus
2265 3868 2482 3932 fuisset,
2527 3868 2788 3921 nimirum
2815 3877 2910 3921 aut
2955 3867 3241 3922 sabbatum
3275 3876 3371 3921 aut
3407 3867 3514 3922 Do-

1919 3969 2145 4035 minica,
2179 3970 2382 4038 quibus
2412 3968 2720 4029 certissime
2746 3967 2942 4022 diebus
2970 3966 3212 4020 collecta:
3235 3966 3512 4021 habeban-

1919 4075 2051 4122 tur:
2087 4069 2241 4137 atqui
2271 4082 2417 4122 anno
2445 4066 2550 4122 587
2594 4066 2712 4122 dies
2752 4065 2994 4121 secunda
3029 4063 3277 4119 Januarii
3320 4065 3512 4122 incidit

1921 4172 1975 4225 in
2037 4171 2349 4237 sabbatum,
2406 4169 2642 4238 indeque
2683 4168 3057 4222 verisimiliter
3094 4166 3404 4235 .eonjicitur
3454 4167 3510 4222 in

1919 4290 2125 4328 annum
2160 4273 2264 4328 587
2299 4273 2686 4328 conferendam
2725 4286 2846 4326 esse
2893 4271 3034 4325 hanc
3071 4269 3375 4324 homiliam.
3409 4267 3513 4324 Lc-

1919 4375 2144 4430 vissima
2179 4391 2311 4430 sane
2343 4373 2659 4443 conjectura
2690 4390 2702 4426 :
2737 4388 2862 4425 nam
2892 4385 3036 4441 saepe
3076 4370 3512 4442 (lbrysostomus

1920 4472 2098 4525 tribus
2157 4479 2465 4539 quatuorve
2527 4468 3043 4537 consequentibus,
3109 4468 3222 4523 imo
3277 4469 3510 4538 singulis

1920 4571 2276 4627 hebdomade
2337 4572 2532 4626 diebus
2607 4571 2976 4628 concionatus
3040 4569 3507 4639 deprehenditur:

1919 4688 2096 4743 neque
2127 4688 2428 4742 possumus
2456 4671 2539 4724 vel
2573 4681 2778 4725 certam
2836 4671 2918 4724 vel
2969 4671 3263 4725 admodum
3311 4671 3509 4740 proba-

1916 4772 2079 4827 bilem
2125 4787 2347 4826 causam
2383 4770 2628 4841 proferre
2658 4785 2759 4825 cur
2806 4780 2899 4824 aut
2937 4770 3264 4840 plures~per
3295 4770 3507 4824 hebdo-

1916 4872 2134 4927 madam
2167 4881 2264 4926 aut
2311 4871 2620 4940 pauciores,
2653 4877 2747 4923 aut
2783 4871 3155 4928 coutinuatas.
3191 4880 3286 4926 aut
3327 4872 3498 4925 inter-

1917 4972 2117 5026 missas
2147 4969 2444 5025 conciones
2475 4969 2906 5039 Chrysostomus
2935 4969 3209 5032 habuerit,
3267 4977 3327 5022 ut.
3394 4969 3514 5038 ipse

1918 5073 2304 5129 Tillemontius
2340 5089 2449 5126 non
2478 5074 2644 5126 semel
2690 5071 2916 5137 fatetur,
2950 5081 3004 5125 et
3036 5072 3284 5140 pluribus
3325 5072 3509 5126 decla-

1916 5176 2132 5230 rabitur
2171 5174 2225 5228 in
2260 5173 2380 5227 Vita
2426 5172 2833 5243 Chrysostomi.
2870 5169 3162 5225 llomiliam
3205 5171 3390 5240 itaque
3441 5173 3512 5225 de

1921 5275 2177 5331 Kalendis
2209 5275 2313 5329 hoc
2347 5275 2470 5329 loco
2506 5274 2789 5343 ponimus,
2829 5273 2960 5342 quia
2995 5287 3102 5325 non
3131 5272 3400 5339 aptiorem
3431 5269 3514 5326 lo-

1916 5397 2041 5436 cum
2068 5379 2393 5448 consignat-e
2426 5376 2693 5430 valemus.

1989 5480 2500 5550 lntorprctationcm
2550 5494 2680 5532 vero
2743 5476 2973 5532 Joannis
3019 5475 3185 5531 Checi
3219 5474 3516 5530 Cantabri-

1922 5583 2146 5654 giensis,
2209 5582 2463 5652 plurimis
2517 5581 2571 5635 in
2607 5582 2745 5638 locis
2799 5582 3146 5654 castigatam,
3202 5595 3232 5635 ο
3289 5581 3512 5652 regione

1925 5688 2096 5745 Gra’ci
2136 5697 2315 5744 textus
2345 5687 2617 5758 ponimus.
