4160 6324
266 373 384 432 953

1682 383 1745 440 ιΝ
1785 382 2177 446 KALENDAS.

3463 377 3570 434 9ὕᾶ

284 611 3530 654 ..___________.______________________________

1001 822 1023 849 ﬂ

264 961 561 1007 EIUSDEM
592 966 828 1010 οιιΔτιο
855 968 1171 1018 KALEXDIS
1207 973 1469 1031 ΗΔΒῘΤΔ,
1511 977 1646 1024 ουκ
1700 978 1829 1024 NON
1869 982 2172 1031 VENISSET
2219 986 2283 1030 IN
2321 987 2646 1032 PUBLICUM
2682 983 2766 1030 EO
2806 988 2914 1030 υηζ
2953 986 3291 1031 EPISCOPUS
3331 988 3563 1030 ΑΝΤΙῦ-

347 1043 927 1125 ςξιιέιξ-νιςᾼνιηοε,
977 1051 1232 1096 CONTRA
1269 1054 1386 1098 eos
1421 1057 1533 1109 Qut
1575 1059 1926 1104 novrum“
1960 1065 2361 1121 onsenvanr,
2405 1068 2484 1110 ET
2529 1067 2595 1110 IN
2644 1067 2945 1112 mvru'rx
2995 1067 3244 1111 cuonos
3276 1067 3558 1125 DCCC-NT,

349 1121 428 1163 ΕΤ
464 1123 530 1165 ιη
562 1123 804 1170 υιοτῠιιι
837 1127 1165 1189 Αιόετοιι,
1203 1132 1407 1178 ουκιλ
1439 1135 1506 1178 IN
1539 1136 1824 1183 GLORIAM

1943 1144 2222 1189 IFACITE
2254 1129 2306 1206 (1
2345 1129 2495 1190 Cor.
2536 1130 2632 1202 10,
2673 1128 2800 1204 3l).

325 1975 376 2030 ἲ.
401 1973 524 2028 [huc
549 1973 798 2032 Flatiuno
818 1971 1071 2043 Episcopo
1091 1987 1192 2025 non
1213 1976 1455 2042 praesente
1473 1966 1611 2021 dicta
1634 1971 1768 2019 sunt.
1782 1989 1856 2000 —

242 2065 708 2132 Quemadmodum
757 2065 957 2118 chorus
1011 2063 1382 2132 przesultorem
1409 2101 1426 2126 ,
1471 2066 1528 2113 et
1572 2066 1851 2111 nautarum

242 2156 539 2211 multitudo
567 2158 982 2226 gubernatorem
1031 2154 1252 2223 inquirit
1278 2169 1292 2204 :
1321 2151 1402 2208 sic
1429 2158 1485 2205 et
1512 2149 1851 2204 sacerdotum

242 2231 352 2303 iste
378 2257 552 2303 cetus
580 2248 883 2316 pontificem
916 2245 1077 2301 hodie
1105 2260 1263 2299 suum
1292 2253 1347 2298 et
1378 2258 1718 2297 communem
1760 2255 1851 2309 pa-

240 2347 386 2394 trem
412 2339 704 2394 desiderat.
734 2339 841 2404 Sed
873 2339 925 2393 in
952 2338 1119 2394 choro
1147 2347 1203 2400 et
1228 2338 1348 2391 navi
1375 2351 1561 2392 eorum
1593 2334 1682 2404 qui
1711 2348 1851 2402 pra:-

237 2446 373 2487 csse
398 2433 598 2487 debent
633 2433 872 2488 absentia
893 2473 908 2496 ,
938 2432 1167 2487 multum
1205 2446 1349 2501 smpe
1384 2441 1494 2485 tum
1524 2428 1849 2494 ornamenti,

239 2532 359 2578 tum
389 2527 692 2581 securitatis
737 2527 971 2581 detrahit
1000 2543 1015 2580 :
1044 2525 1128 2580 hic
1169 2535 1346 2579 autem
1389 2538 1567 2578 secus.
1597 2519 1851 2587 Quamvis

237 2616 388 2668 enim
427 2630 590 2669 carne
618 2632 722 2669 non
754 2617 935 2682 adsit,
965 2616 1158 2684 spiritu
1205 2624 1379 2667 tamen
1409 2612 1600 2677 adest,
1629 2620 1682 2666 et
1710 2623 1851 2663 nunc

239 2705 523 2765 uobiscum
549 2715 633 2760 est
651 2749 666 2771 ,
690 2707 834 2760 domi
862 2723 984 2762 eum
1024 2706 1209 2761 sedeat
1234 2744 1252 2769 ,
1276 2702 1724 2772 quemadmodum
1751 2715 1858 2755 nos

243 2811 371 2849 cum
404 2796 494 2849 illo
519 2811 725 2863 sumus,
758 2813 1080 2866 quamquam
1110 2796 1196 2849 hic
1222 2807 1447 2849 stemus.
1480 2795 1552 2848 lta
1583 2793 1726 2847 enim
1752 2807 1850 2846 (κιο

240 2887 426 2942 ritatis
447 2897 634 2941 natura
663 2897 747 2943 est
765 2931 778 2954 ,
805 2898 856 2942 ut
905 2889 1065 2958 tango
1090 2887 1370 2942 intervallo
1395 2886 1690 2955 disjunctos
1718 2899 1848 2939 con-

246 2987 441 3046 greget
469 2987 523 3032 et
550 2978 835 3032 devinciat.
869 2979 1000 3032 Nam
1049 2979 1319 3032 hominem
1352 2978 1403 3032 in
1431 2979 1602 3031 aliena
1630 2977 1851 3045 regione

235 3079 698 3136 cummorantem,
757 3079 814 3125 et
869 3071 1076 3140 magnis
1131 3085 1160 3122 a
1203 3069 1360 3124 nobis
1405 3068 1710 3138 aequoribus
1737 3065 1849 3119 dis-

235 3158 484 3227 junctum
512 3159 559 3214 si
585 3160 887 3228 diligamus,
920 3160 1157 3230 quotidie
1184 3161 1364 3214 animo
1414 3157 1845 3228 cogitationeque

235 3251 537 3318 sequimur,
569 3251 1022 3321 quemadmodum
1050 3267 1170 3306 cum
1202 3267 1328 3322 erga
1356 3251 1589 3320 aliquem
1624 3265 1730 3303 non
1770 3249 1842 3302 ita

236 3341 416 3396 affecti
441 3358 656 3406 sumus,
684 3358 806 3398 eum
837 3359 904 3398 nc
935 3358 1099 3412 prope
1126 3343 1341 3412 quidem
1370 3342 1672 3396 adstantem
1701 3342 1844 3410 aspi-

234 3446 364 3487 cere
387 3433 693 3503 dignamur.
718 3433 824 3489 Sed
859 3443 918 3489 ut
946 3450 1066 3488 cum
1093 3434 1290 3487 caritas
1310 3433 1484 3499 adest,
1510 3433 1713 3486 nullum
1739 3433 1842 3486 im-

237 3524 606 3592 pedimeutum
650 3541 718 3581 ex
758 3527 859 3580 loci
905 3526 1186 3580 intervallo
1226 3534 1338 3590 est;
1376 3524 1456 3579 sie
1491 3523 1680 3579 eadem
1719 3538 1840 3577 cum

233 3614 423 3680 abest,
453 3617 654 3671 nullum
689 3617 1001 3686 pra'sidium
1029 3632 1096 3671 ex
1128 3617 1368 3670 locorum
1391 3615 1662 3669 vicinitate
1690 3629 1843 3683 para-

236 3713 348 3756 tur.
372 3704 551 3774 Nupcr
571 3716 750 3760 autem
773 3722 894 3761 cum
925 3706 1138 3760 beatum
1161 3705 1383 3759 Paulum
1406 3706 1668 3760 encomiis
1695 3704 1838 3758 cele-

235 3792 550 3861 braremus,
587 3795 653 3849 ita
693 3796 1093 3859 exsultavistis,
1125 3797 1277 3865 quasi
1318 3795 1489 3863 ipsum
1520 3802 1838 3863 prmsentem

237 3884 535 3939 vidissetis.
566 3887 729 3956 Atqui
755 3902 951 3956 corpus
976 3887 1098 3955 ejus
1117 3901 1238 3941 cum
1270 3885 1322 3939 in
1347 3886 1488 3954 regia
1516 3884 1647 3940 urbe
1666 3885 1838 3939 Roma

231 3973 433 4047 jaceat,
461 3979 640 4032 anima
670 3990 849 4033 autem
878 3979 929 4031 in
959 3994 1119 4032 manu
1149 3978 1240 4032 Dei
1269 3977 1377 4040 sit;
1407 3975 1674 4030 Justorum
1702 3977 1838 4030 enim

232 4071 425 4125 anime
450 4070 503 4123 in
529 4087 682 4124 mam:
712 4070 810 4124 Dei
836 4081 972 4133 sunt,
995 4081 1043 4124 et
1075 4087 1177 4123 non
1197 4078 1365 4140 tanget
1391 4070 1507 4123 illos
1533 4079 1835 4124 tormentum

233 4163 414 4234 (Sap.
452 4163 507 4218 5.
538 4163 607 4233 1)
643 4181 657 4217 :
689 4162 927 4218 caritatis
970 4171 1149 4217 tamen
1191 4163 1269 4217 vis
1299 4163 1449 4217 illum
1489 4172 1613 4217 ante
1651 4163 1834 4217 oculos

231 4261 447 4308 vestros
483 4253 787 4308 collocavit.
829 4253 1083 4308 Volebam
1125 4261 1304 4308 autem
1348 4253 1401 4308 in
1445 4253 1582 4309 idem
1622 4268 1834 4323 quoque

230 4353 609 4413 argumentum
641 4343 799 4398 hodie
825 4342 1152 4398 descendere
1175 4383 1191 4406 ,
1217 4343 1310 4398 sed
1340 4343 1407 4396 ad
1431 4345 1531 4396 alia
1563 4344 1829 4414 quicdam,

231 4447 357 4500 qua:
378 4433 547 4502 magis
573 4442 782 4502 urgent,
810 4434 983 4486 oratio
1004 4442 1185 4486 nostra
1210 4431 1542 4501 provehitur,
1561 4433 1612 4486 in
1639 4432 1832 4502 quibus

231 4538 261 4577 a
293 4533 404 4578 tota
435 4524 593 4579 hodie
631 4526 849 4579 civitate
885 4533 1158 4594 peccatur.
1189 4526 1294 4579 Eos
1333 4525 1474 4580 enim
1515 4527 1604 4595 qui
1644 4526 1830 4582 laudes

229 4615 386 4670 Pauli
411 4616 599 4672 audire
617 4618 862 4686 cupiunt,
888 4618 1036 4686 prius
1058 4616 1270 4671 virtutis
1290 4617 1438 4670 Pauli
1466 4617 1689 4672 aemulos
1709 4632 1830 4673 esse

229 4716 465 4777 Oportet,
491 4717 544 4765 et
566 4708 873 4777 bujusmodi
900 4710 1160 4765 concione
1180 4710 1388 4778 dignos.
1413 4709 1676 4777 Quoniam
1699 4726 1828 4781 ergo

229 4814 342 4856 non
364 4799 513 4854 adest
534 4799 693 4855 hodie
719 4809 891 4870 pater,
924 4816 1041 4869 age,
1073 4801 1319 4870 precibus
1345 4801 1485 4855 illius
1512 4801 1652 4867 freti,
1682 4803 1824 4871 quod

227 4890 295 4944 ad
331 4890 719 4946 institutionem
763 4891 927 4946 vestri
967 4893 1197 4961 pertinet
1224 4895 1568 4961 attingamus.
1608 4891 1740 4946 Nam
1770 4900 1827 4948 et

228 4981 462 5054 Moyses,
494 4999 814 5054 quamquam
851 5000 957 5038 non
987 4999 1215 5054 corpore
1246 4999 1483 5054 praesens
1521 5001 1643 5040 cum
1666 5001 1823 5040 exer-

229 5075 339 5129 citu
368 5073 486 5141 fuit,
514 5075 861 5130 nihilominus
893 5086 1093 5143 tamen,
1126 5077 1235 5131 imo
1266 5077 1433 5132 multo
1463 5079 1632 5148 magis
1661 5093 1821 5148 quam

227 5166 417 5236 reliqui
446 5166 777 5236 prwliantes,
809 5167 1089 5222 victoriam
1122 5168 1406 5238 promovit,
1441 5169 1620 5238 pansis
1646 5169 1821 5224 mani-

227 5256 328 5312 bus
347 5266 659 5318 sustentans
687 5273 903 5312 causam
930 5274 1147 5313 suorum
1168 5300 1184 5326 ,
1212 5268 1267 5314 et
1296 5259 1534 5313 hostibus
1561 5267 1821 5314 terrorem

228 5346 494 5402 incutiens
517 5348 706 5418 (Exod.
735 5349 842 5417 l7).
867 5349 1330 5416 Quemadmodum
1353 5348 1498 5404 enim
1530 5365 1700 5419 neque
1726 5365 1819 5404 ca-

227 5441 399 5495 ritatis
421 5443 537 5504 vis,
570 5441 642 5495 ita
689 5455 864 5512 neque
907 5442 1226 5510 precationis
1265 5440 1555 5497 efficacitas
1600 5441 1701 5496 loci
1740 5441 1821 5494 iu-

229 5532 450 5587 tervallo
497 5543 816 5600 coercetur;
863 5533 959 5588 sed
1007 5535 1146 5588 sicut
1192 5534 1277 5588 illa
1325 5534 1483 5604 longe
1523 5533 1820 5603 disjunctos

227 5621 458 5691 copulat,
488 5623 567 5678 sic
593 5631 648 5678 et
674 5623 790 5678 lucc
818 5637 913 5678 eos
938 5623 1030 5694 qui
1061 5624 1245 5694 procul
1276 5624 1501 5686 absunt,
1530 5624 1816 5678 admodum

223 5711 405 5782 iuvare
426 5725 625 5789 potest.
653 5714 905 5774 Fidentes
927 5715 1085 5789 igitur
1113 5717 1168 5773 in
1188 5733 1415 5789 pugnam
1437 5716 1813 5789 procedamus.

1961 1958 2093 2016 Nam
2121 1974 2176 2019 et
2197 1967 2350 2022 nobis
2376 1968 2535 2026 hodie
2558 1969 2759 2028 bellum
2789 1973 3045 2032 indictum
3071 1987 3173 2046 est,
3205 1997 3309 2036 non
3338 1985 3543 2041 Amale-

1957 2052 2078 2105 citis
2105 2053 2494 2123 invadentibus,
2525 2070 2582 2115 ut
2612 2071 2723 2116 tum
2765 2065 3016 2131 fecerant,
3045 2079 3135 2123 aut
3163 2071 3283 2126 aliis
3310 2074 3544 2133 barbaris

1958 2141 2348 2201 incursantibus
2373 2190 2388 2214 ,
2416 2151 2509 2210 sed
2554 2151 2886 2215 dwnmnibus
2929 2172 3176 2232 pompam
3218 2160 3268 2214 iu
3303 2163 3416 2217 l'oro
3450 2166 3546 2219 du-

1955 2235 2217 2293 centibus.
3210 2236 3227 2250 ’

2032 2327 2144 2392 Quo
2184 2343 2332 2399 pacto
2375 2337 2572 2391 initium
2621 2341 2746 2393 anni
2769 2344 3120 2398 celebraretur.
3151 2379 3222 2388 —
3263 2350 3544 2409 Diaholica:

1955 2419 2098 2472 enim
2120 2426 2550 2490 pernoctationes
2575 2446 2695 2499 quae
2745 2432 2904 2489 hodie
2932 2437 3064 2492 fiunt
3083 2446 3136 2493 et
3178 2442 3544 2505 cavillationes

1953 2516 2009 2563 et
2027 2513 2287 2580 convicia,
2333 2524 2388 2570 et
2423 2519 2737 2575 saltationes
2766 2534 3040 2580 nocturna:
3061 2567 3076 2591 ,
3106 2538 3160 2583 et
3186 2530 3403 2585 ridicula
3431 2534 3545 2590 hanc

1953 2603 2465 2674 commdia,quovis
2516 2609 2668 2666 hoste
2696 2611 2936 2671 deterius
2984 2618 3252 2675 civitatem
3303 2634 3542 2680 nostram

1951 2693 2213 2760 captivam
2245 2695 2447 2752 faciunt
2477 2717 2491 2753 :
2523 2711 2578 2755 et
2623 2718 2745 2757 cum
2784 2716 3090 2775 oporteret,
3124 2719 3181 2764 ut
3208 2713 3388 2767 animo
3425 2731 3546 2770 cou-

1953 2783 2316 2854 trahercntur,
2348 2789 2620 2859 lugerent,
2660 2795 3067 2866 erubescerent,
3112 2811 3221 2855 tum
3271 2805 3360 2873 qui
3404 2806 3544 2860 delt-

1951 2885 2214 2943 querunt,
2270 2887 2382 2934 tum
2439 2883 2528 2950 qui
2583 2899 2690 2938 non
2749 2885 3123 2958 deliquerunt,
3172 2894 3247 2948 illi
3327 2898 3543 2966 quidem

1949 2976 2168 3036 propter
2188 2969 2420 3026 admissa
2452 2973 2686 3030 facinora
2707 3019 2723 3044 ,
2753 2978 2808 3033 hi
2841 2995 2969 3035 vero
2997 2983 3119 3052 quia
3165 2986 3357 3042 fratres
3395 2991 3542 3045 vide-

1949 3069 2072 3112 runt
2101 3062 2326 3130 turpiter
2372 3075 2624 3135 agentes:
2661 3069 2778 3123 lteta
2800 3087 2920 3126 cum
2968 3075 3153 3144 primis
3182 3079 3371 3135 civitas
3401 3082 3538 3138 facta

1947 3159 2049 3215 est,
2079 3159 2132 3204 et
2157 3166 2433 3221 coronata,
2465 3167 2518 3211 et
2549 3148 2740 3226 forum,
2773 3163 2924 3230 quasi
2949 3164 3165 3234 elegans
3194 3179 3538 3240 sumptuosa-

1946 3255 2051 3309 que
2094 3243 2305 3311 mulier,
2337 3246 2620 3305 ambitiose
2648 3249 2806 3307 hodie
2831 3264 3143 3324 exornatur,
3176 3267 3232 3314 et
3273 3276 3423 3327 auro,
3459 3248 3539 3318 in-

1947 3329 2215 3388 dementis
2260 3339 2532 3405 pretiosis,
2580 3341 2807 3411 calceis,
2836 3354 2891 3399 et
2917 3347 3136 3417 reliquis
3184 3351 3301 3420 ejus
3326 3359 3539 3422 generis

1945 3423 2198 3490 vestitur,
2216 3427 2439 3496 singulis
2479 3429 2532 3483 in
2562 3430 2776 3486 officina
2822 3447 2926 3490 sua
2959 3437 3155 3505 opiﬁcii
3185 3441 3260 3494 sui
3295 3443 3539 3499 vendita-

1945 3513 2088 3568 tione
2117 3515 2356 3584 ejusdem
2387 3519 2597 3575 artificii
2628 3524 2802 3578 soeios
2829 3528 3149 3584 antecellere
3177 3531 3537 3592 studentibus.

1942 3604 2070 3661 [hee
2097 3617 2274 3662 autem
2302 3614 2632 3668 concertatio
2657 3631 2980 3687 quamquam
3010 3622 3229 3689 puerilis
3259 3625 3538 3694 cujusdam

1941 3696 2278 3765 Cogitationis
2295 3708 2415 3766 est,
2443 3711 2498 3756 et
2523 3704 2686 3758 animi
2713 3706 2845 3760 nihil
2874 3723 3048 3778 neque
3081 3725 3331 3781 magnum
3365 3732 3540 3786 neque

1941 3788 2174 3844 sublime
2197 3793 2513 3861 cogitantis,
2543 3810 2647 3849 non
2675 3796 2744 3850 ita
2771 3798 2998 3853 multum
3023 3810 3199 3857 tamen
3230 3821 3413 3860 secum
3453 3809 3538 3864 in-

1940 3883 2208 3937 commodi
2239 3896 2516 3955 apportat;
2549 3889 2644 3943 sed
2691 3889 3084 3948 inconsiderata
3112 3898 3356 3964 quaadam
3382 3903 3536 3956 solli-

1939 3976 2118 4031 citudo
2158 3987 2276 4044 est,
2305 3995 2424 4048 qua:
2454 3981 2697 4036 sollicitis
2723 3984 2888 4038 risum
2923 3972 3078 4054 parit;
3105 3987 3162 4042 Si
3205 3991 3348 4044 enim
3372 4009 3536 4048 exor.

1939 4082 2070 4122 nare
2110 4069 2311 4138 aliquid
2344 4071 2571 4126 volueris
2591 4113 2609 4137 ,
2639 4087 2745 4127 non
2795 4075 3096 4144 officinam,
3125 4079 3219 4133 sed
3260 4092 3530 4153 mentem,

1939 4172 2044 4212 non
2095 4157 2292 4224 forum,
2338 4160 2432 4215 sed
2484 4162 2886 4233 intelligentiam
2937 4175 3081 4222 tuam
3130 4181 3426 4239 exornato,
3474 4185 3535 4232 ut

1936 4248 2110 4319 angeli
2147 4249 2428 4316 mirentur,
2457 4254 2761 4324 archangeli
2795 4254 2898 4310 hoc
2939 4258 3258 4327 approbent,
3286 4261 3402 4332 ipse
3433 4281 3532 4319 an-

1935 4343 2173 4412 gelorum
2205 4343 2463 4399 Dominus
2504 4347 2616 4401 suis
2658 4356 2709 4401 te
2756 4347 2914 4403 donis
2955 4362 3349 4406 remuneretur.
3402 4355 3530 4410 Ιιςεο

1933 4435 2075 4489 enim
2106 4452 2225 4506 qua:
2254 4452 2395 4491 nunc
2415 4445 2499 4492 est
2526 4438 2838 4502 venditatio,
2863 4447 2979 4494 tum
3002 4442 3187 4506 risum,
3223 4453 3333 4498 tum
3355 4462 3525 4502 a'muo

1934 4526 2186 4582 lationem
2217 4536 2492 4596 apportat;
2523 4529 2591 4583 ab
2633 4530 2707 4583 iis
2732 4531 2837 4599 qui.
2870 4531 3086 4586 excelso
3135 4542 3262 4589 sunt
3307 4537 3528 4606 animo,

1931 4618 2135 4683 risum;
2167 4618 2236 4672 ab
2259 4620 2364 4673 illis
2390 4621 2478 4690 qui
2511 4621 2562 4675 in
2591 4620 2779 4676 eadem
2823 4624 3138 4693 aegritudine
3175 4635 3334 4695 sunt,
3358 4644 3528 4684 temu-

1929 4706 2180 4762 lationem
2213 4708 2572 4780 invidiamque
2599 4712 2843 4766 multam.

1999 4798 2056 4852 2.
2097 4797 2222 4863 Sed,
2256 4808 2314 4854 ut
2341 4800 2666 4866 autc-aidtxi,
2702 4818 2811 4856 non
2833 4803 2900 4856 ita
2922 4805 3378 4873 reprehendenda:
3402 4822 3526 4866 sunt

1929 4888 2014 4944 lue
2053 4891 2629 4961 concertationeszqui
2657 4908 2786 4947 vero
2827 4894 2879 4947 in
2927 4895 3162 4950 tabernis
3206 4897 3318 4952 ludi
3361 4898 3523 4955 hodie

1928 4981 2090 5047 ﬁunt,
2125 4982 2201 5037 illi
2235 4997 2323 5037 me
2353 4983 2582 5037 maxime
2605 4985 2916 5039 excruciant
2935 5026 2950 5051 ,
2971 4995 3028 5042 et
3047 4987 3334 5057 impietatis
3359 4999 3520 5059 atque

1928 5076 2353 5146 intemperantia:
2395 5076 2534 5144 pleni
2575 5085 2733 5142 sunt;
2767 5076 3056 5147 impietatis
3103 5079 3337 5148 quidem,
3375 5084 3519 5150 quod

1927 5167 2016 5236 qui
2045 5167 2160 5222 haec
2189 5168 2422 5232 faciunt,
2449 5166 2564 5220 dies
2589 5166 2897 5234 observant,
2924 5171 3231 5240 etauguriis
3259 5171 3522 5226 addicun-

1929 5267 2032 5317 tur.
2061 5265 2119 5312 et
2140 5266 2322 5327 putant
2351 5257 2399 5311 si
2421 5257 2751 5311 uovilunium
2781 5260 2981 5313 mensis
2999 5259 3154 5329 hujus
3200 5275 3320 5314 cum
3367 5261 3522 5315 volu-

1928 5357 2074 5418 ptate
2102 5357 2159 5403 et
2179 5347 2358 5402 lastitia
2389 5347 2614 5415 degant,
2644 5348 2911 5418 reliquum
2935 5362 2994 5403 se
3014 5364 3217 5402 annum
3241 5347 3320 5402 sic
3347 5356 3523 5402 trans.

1925 5447 2145 5494 acturos
2189 5455 2203 5504 ;
2260 5438 2689 5505 intemperantia:
2761 5452 2910 5502 vero,
2963 5437 3103 5507 quod
3177 5437 3346 5507 prima
3393 5437 3514 5493 luce

1927 5529 2140 5583 femina:
2168 5537 2223 5582 et
2252 5529 2352 5582 viri
2385 5527 2571 5598 pocula
2616 5527 2905 5596 implentes
2925 5567 2939 5592 ,
2969 5527 3131 5581 multa
3162 5543 3283 5581 cum
3317 5527 3515 5582 intem-

1927 5621 2166 5691 perantia
2196 5621 2378 5673 vinum
2428 5633 2635 5673 merum
2689 5617 2897 5673 bibunt.
2950 5617 3076 5672 11ωο
3122 5618 3335 5688 indigna
3389 5632 3517 5672 sunt

1922 5722 2100 5768 vestra
2159 5709 2527 5781 philosophia,
2579 5709 2692 5765 sive
2735 5724 2796 5765 ea
2851 5722 2947 5764 vos
2995 5708 3091 5779 ipsi
3130 5709 3368 5774 faciatis.
3401 5709 3517 5765 sive
