4142 6332
688 355 792 411 955

688 471 819 534 alios
848 471 947 524 hoc
979 469 1150 523 lacere
1188 465 1540 538 permittatis,
1571 466 1684 520 sive
1730 464 1782 518 hi
1831 463 2008 518 l‘anndi
2053 464 2255 529 vestri,

685 562 799 616 sive
840 559 1016 620 amici,
1047 559 1158 612 sive
1195 541 1356 611 vieini
1397 555 1615 610 fuerint.
1648 555 1760 610 Non
1805 556 1995 609 audisti
2040 555 2256 610 Paulum

685 652 982 708 dicentem:
1027 647 1149 703 Dies
1215 647 1484 702 observatis
1537 656 1582 698 et
1635 662 1823 699 menses
1847 687 1864 712 ,
1912 656 1959 700 et
2007 656 2253 715 tempora,

683 753 730 799 et
758 758 935 795 annos.
966 740 1165 805 Metuo,
1199 755 1260 792 ne
1287 740 1477 809 {rustra
1519 737 1568 791 in
1617 737 1751 791 vobis
1773 731 2253 808 laboraverimtﬂa-

682 834 775 893 lat,
808 835 859 885 4.
899 831 982 885 10.
1018 831 1128 898 il).

753 923 1106 1003 Auspiciorum
1131 930 1177 987 et
1202 920 1423 973 ominum
1446 920 1657 973 vanitas.
1693 949 1758 959 —
1789 919 2032 989 Alioquin
2072 930 2254 974 estre-

684 1033 783 1076 nne
811 1014 910 1068 hoc
939 1024 1020 1068 est
1046 1013 1312 1076 amentite,
1365 1024 1578 1081 propter
1603 1027 1763 1074 unum
1793 1012 1929 1064 diem
1953 1051 1965 1073 ,
1999 1012 2044 1076 si
2071 1011 2249 1084 auSpi-

679 1117 827 1174 catus
855 1106 1028 1169 fuerit,
1061 1119 1153 1172 per
1184 1104 1486 1157 universum
1533 1101 1632 1155 hoc
1681 1111 1990 1170 exspectare
2017 1116 2248 1157 annum:

675 1213 851 1266 neque
894 1195 1140 1250 amentize
1170 1194 1340 1249 solum
1363 1233 1379 1258 ,
1407 1192 1498 1247 sed
1525 1192 1798 1246 diabolica}
1828 1191 2098 1260 cujusdam
2128 1190 2248 1245 effi-

676 1289 886 1350 cientia:
913 1286 1164 1356 judicium
1194 1295 1294 1349 est,
1315 1300 1419 1339 non
1450 1284 1664 1355 proprio
1690 1285 1863 1338 studio
1889 1296 1940 1338 et
1966 1284 2247 1349 alacritati,

673 1378 767 1433 sed
794 1377 1111 1452 quibusdam
1145 1375 1349 1432 dierum
1377 1374 1777 1429 circuitionibus
1805 1375 1963 1428 vitam
2011 1385 2247 1428 nostram

673 1468 1068 1534 cornntendare.
1113 1467 1434 1526 Fortunatus
1502 1466 1591 1522 tibi
1647 1465 1698 1518 in
1736 1466 2036 1518 universum
2077 1479 2248 1520 annus

671 1563 792 1624 erit,
820 1574 922 1612 rion
950 1559 996 1620 si
1026 1558 1077 1620 in
1111 1557 1377 1624 novilunio
1402 1556 1579 1610 ebrius
1601 1555 1762 1608 fueris
1781 1597 1795 1618 ,
1827 1555 1919 1608 scd
1947 1555 1988 1608 si
2016 1556 2065 1608 in
2091 1557 2245 1609 novi—

673 1653 816 1711 lunio
843 1660 895 1705 et
919 1664 1236 1719 unoquoque
1259 1648 1346 1702 die
1371 1663 1487 1716 qua:
1513 1647 1618 1706 Deo
1645 1645 1860 1715 probata
1888 1657 2011 1700 sunt
2036 1647 2242 1700 feceris.

670 1744 795 1797 Dies
819 1742 959 1797 enim
1000 1741 1164 1794 bonus
1185 1748 1237 1793 et
1267 1739 1433 1791 malus
1455 1747 1566 1802 est,
1597 1754 1699 1791 non
1723 1738 1948 1806 quadam
1981 1737 2080 1790 sibi
2120 1754 2242 1806 pro-

669 1835 782 1906 pria
812 1842 995 1886 natura
1016 1873 1030 1894 ,
1065 1830 1193 1884 nihil
1218 1829 1357 1901 enim
1385 1829 1502 1901 dies
1531 1843 1559 1897 a
1590 1829 1674 1899 die
1700 1828 1906 1900 differt;
1940 1828 2033 1882 sed
2063 1838 2242 1882 nostra

669 1928 748 1979 vel
768 1925 1034 1994 diligentia
1056 1964 1072 1989 ,
1095 1923 1179 1977 vel
1210 1921 1433 1993 ignavia.
1461 1922 1514 1977 Si
1539 1921 1795 1990 justitiam
1824 1918 2013 1986 feceris
2033 1961 2046 1982 ,
2072 1921 2244 1984 bonus

667 2019 759 2071 tibi
798 2017 914 2071 dies
954 2015 1192 2071 eritzsln
1240 2022 1508 2082 peceatum
1548 2011 1940 2081 designaveris,
1971 2011 2139 2065 malus
2190 2019 2244 2065 et

666 2108 905 2178 supplicii
935 2107 1136 2174 plenus.
1169 2105 1222 2159 Si
1256 2105 1352 2157 ista
1385 2103 1667 2158 meditatus
1687 2144 1700 2167 ,
1727 2103 1769 2156 si
1807 2103 1876 2156 ita
1907 2102 2084 2155 animo
2109 2101 2239 2163 affe-

665 2208 782 2253 ctus
810 2197 971 2251 fueris
992 2237 1007 2261 ,
1039 2203 1092 2250 et
1121 2209 1306 2264 preces
1344 2194 1816 2264 eleemosynasque
1857 2192 2092 2262 quotidie
2142 2191 2239 2246 ad-

666 2289 929 2355 hibueris,
989 2287 1311 2342 fortunatum
1364 2285 1582 2340 habebis
1660 2293 1828 2339 totum
1881 2301 2111 2340 annum:
2157 2286 2239 2339 sin

663 2379 910 2434 virtutem
968 2377 1299 2446 neglexeris,
1353 2385 1405 2429 et
1454 2375 1615 2430 initiis
1667 2375 1930 2429 mensium
1980 2388 2043 2428 ac
2088 2376 2239 2429 statis

668 2470 856 2524 d7ehus
903 2468 1065 2519 animi
1102 2468 1172 2519 tui
1204 2465 1608 2519 oblectationem
1658 2463 2055 2518 concredideris
2076 2505 2090 2528 ,
2119 2480 2237 2517 om-

664 2559 808 2614 nium
830 2574 949 2628 qua:
976 2557 1042 2610 ad
1073 2566 1121 2610 te
1152 2555 1416 2624 pertinent
1445 2555 1615 2608 inanis
1647 2556 1753 2608 eris
1783 2555 2062 2608 bonorum.
2086 2554 2236 2621 Quod

661 2667 782 2720 cum
811 2641 1050 2704 diabolus
1074 2648 1383 2719 perspiciat,
1412 2657 1467 2701 et
1496 2647 1703 2700 studeat
1733 2656 1941 2701 nostros
1968 2647 2017 2700 in
2044 2649 2237 2704 virtute

669 2741 877 2795 labores
917 2733 1191 2808 frangere,
1221 2746 1275 2792 et
1322 2736 1484 2790 animi
1511 2737 1833 2791 alacritatem
1857 2738 2195 2807 exstinguere
2218 2779 2233 2803 ,

666 2843 774 2884 tmn
835 2831 1023 2893 bonos,
1053 2839 1162 2881 tum
1214 2829 1380 2881 malos
1433 2828 1767 2897 negotiorum
1826 2827 2001 2881 exitus
2050 2829 2235 2882 diebus

659 2923 964 2978 adscribere
1012 2935 1109 2974 nos
1151 2920 1323 2975 docet.
1354 2919 1486 2974 Nam
1529 2920 1618 2988 qui
1661 2919 1759 2974 sibi
1811 2920 1908 2988 ipai
1957 2921 2237 2990 persuadet

658 3014 798 3067 diem
825 3012 906 3066 vel
931 3011 1127 3064 bonum
1156 3010 1236 3064 vel
1266 3010 1459 3063 malum
1490 3025 1640 3074 esse,
1667 3026 1838 3080 neque
1869 3011 1918 3063 in
1959 3012 2097 3065 malo
2148 3012 2234 3068 die

659 3103 917 3157 bonorum
943 3102 1195 3155 factorum
1222 3114 1403 3153 curam
1430 3099 1643 3153 habebit
1666 3140 1680 3163 ,
1705 3101 1853 3169 quasi
1883 3111 2100 3170 propter
2127 3102 2231 3157 diei

658 3193 1026 3257 necessitatem
1056 3192 1245 3244 frustra
1277 3190 1566 3243 laborando
1591 3191 1721 3243 nihil
1763 3192 2036 3260 proficiat:
2064 3208 2233 3262 neque
2271 3238 2276 3242 .

655 3294 838 3338 contra
886 3283 936 3334 in
967 3282 1104 3337 bono
1131 3281 1216 3335 die
1257 3280 1542 3350 quidquam
1578 3280 1767 3345 faciet,
1795 3282 1980 3350 quasi,
2013 3292 2232 3361 propter

657 3375 852 3428 bonum
880 3371 983 3426 diei
1015 3386 1320 3426 successum
1341 3412 1356 3437 ,
1387 3372 1597 3440 propria
1629 3361 1870 3430 socordia
1900 3387 2230 3442 nequaquam

655 3466 894 3520 lwdatur.
923 3462 1012 3519 Sic
1041 3463 1285 3532 utrinque
1329 3475 1479 3515 suam
1528 3462 1690 3530 ipsius
1741 3462 1927 3531 prodet
1966 3463 2226 3529 salutem,

655 3567 813 3627 atque
846 3554 1108 3609 interdum
1156 3561 1213 3606 ut
1245 3552 1522 3612 inutiliter.
1567 3551 1832 3606 interdum
1865 3554 2013 3622 quasi
2042 3569 2229 3622 super—

657 3662 886 3703 vaeance
917 3647 1194 3707 laborans,
1227 3643 1279 3697 iu
1328 3644 1438 3696 otio
1465 3651 1519 3696 et
1563 3644 1794 3711 nequitia
1847 3645 2007 3698 vitam
2053 3645 2227 3711 deget.

657 3739 804 3805 Quod
832 3753 951 3792 cum
979 3736 1224 3798 sciamus,
1250 3733 1445 3786 diaboli
1486 3733 1709 3787 astutias
1759 3733 1937 3803 fugere
1985 3743 2228 3803 Oportet,

653 3841 707 3892 et
735 3831 873 3884 hunc
898 3829 1055 3882 animi
1077 3841 1291 3881 sensum
1322 3825 1610 3894 deponere,
1634 3835 1697 3879 et
1721 3841 1889 3895 neque
1908 3825 2022 3880 dies
2043 3827 2230 3880 obser-

654 3938 870 3988 vemus,
895 3937 1066 3990 neque
1115 3919 1254 3972 hunc
1283 3918 1420 3971 diem
1451 3919 1768 3988 refugiamus
1793 3960 1808 3982 ,
1842 3919 1987 4000 illum
2040 3919 2230 3988 diliga-

655 4029 790 4068 mus.
823 4012 940 4066 Non
966 4012 1105 4065 enim
1139 4010 1308 4063 solum
1358 4017 1415 4062 ut
1443 4023 1539 4062 nos
1584 4009 1636 4061 in
1684 4009 1978 4063 socordiam
2009 4009 2228 4078 injiciat,

653 4104 746 4160 sed
769 4105 926 4158 etiam
955 4111 1010 4156 ut
1038 4115 1196 4169 Opera
1236 4099 1327 4152 Dei
1369 4098 1573 4168 sugillel
1603 4141 1617 4164 ,
1646 4102 1757 4153 lucc
1784 4100 1950 4152 malus
1973 4101 2059 4154 ille
2110 4115 2228 4154 mo-

655 4195 782 4248 htur
825 4193 1055 4257 dtemon,
1087 4201 1144 4245 et
1192 4191 1242 4243 in
1274 4190 1595 4257 impietatem
1642 4191 2042 4260 socordiamque
2072 4191 2228 4244 simul

655 4286 858 4340 animas
885 4292 1091 4337 nostras
1121 4279 1426 4351 pertrahere
1449 4281 1662 4349 cogitat.

677 4356 681 4361 ~
726 4377 874 4430 Nihil
904 4377 1110 4439 naulum,
1133 4375 1228 4426 nisi
1253 4383 1537 4442 peccatum;
1560 4373 1688 4425 nihil
1707 4375 1906 4436 bonum,
1926 4373 2024 4426 nisi
2053 4374 2227 4427 virtus.

654 4499 722 4509 --
752 4467 856 4522 Sed
901 4455 1105 4520 resilire
1147 4480 1243 4518 nos
1277 4473 1502 4533 Oportet,
1534 4473 1587 4518 et
1627 4472 1776 4517 certo
1815 4472 2065 4528 statuere,
2101 4465 2228 4518 nihil

654 4560 850 4613 malum
876 4571 993 4611 esse
1015 4556 1112 4609 nisi
1145 4565 1415 4624 peccatum
1442 4556 1633 4620 solum,
1663 4565 1716 4608 ct
1742 4553 1870 4607 nihil
1902 4556 2096 4608 bonum
2130 4555 2228 4608 nisi

652 4651 898 4703 virtutem
923 4647 1108 4709 solam,
1134 4656 1187 4701 et
1212 4647 1733 4715 perpetuumcoltum
1767 4646 1876 4700 Dei.
1909 4645 2230 4701 Oblectatio-

656 4756 775 4805 nem
803 4739 984 4801 animi,
1016 4754 1120 4790 non
1145 4736 1395 4802 ebrietas,
1415 4737 1505 4788 sed
1539 4735 1770 4803 prcc:itio
1795 4737 2102 4805 spiritualis,
2123 4755 2227 4792 non

652 4804 853 4896 vinum,
879 4809 970 4884 sed
999 4807 1212 4881 verbum
1239 4827 1483 4881 erudiens
1509 4827 1680 4880 affert.
1713 4827 1900 4880 Vinum
1927 4829 2066 4881 enim
2097 4837 2231 4882 tem-

653 4933 932 4991 pestatem,
953 4921 1169 4975 verbum
1200 4920 1624 4988 tranquillitatem
1649 4929 1792 4974 creat
1822 4938 1834 4973 :
1867 4921 1992 4974 illud
2026 4922 2226 4975 tumul-

657 5006 766 5069 tum
798 5013 1102 5086 introducit,
1137 5012 1236 5066 hoc
1268 5011 1640 5065 turbulentiam
1670 5013 1887 5081 expellit
1916 5031 1929 5065 :
1961 5013 2088 5068 illud
2127 5013 2227 5068 ob-

651 5084 831 5179 scurth
881 5084 1146 5178 mentem,
1198 5105 1298 5179 hoc
1343 5104 1676 5158 obscuratam
1723 5106 1982 5159 illuminat
2034 5123 2047 5159 :
2101 5107 2228 5160 illud

653 5173 816 5255 animi
845 5174 1105 5252 nuerorcs
1130 5196 1218 5264 qi-i
1247 5204 1368 5248 ante
1400 5211 1502 5249 non
1530 5195 1734 5248 fuerant
1762 5195 1976 5259 invehit,
2014 5196 2113 5249 hoe
2135 5213 2228 5252 eos

647 5291 737 5378 qui
760 5289 951 5343 adsunt
977 5288 1238 5358 exturbat.
1268 5286 1408 5341 Nihil
1436 5287 1576 5341 enim
1605 5288 1672 5340 ita
1703 5287 2226 5356 lmlitiamgaudium—

653 5398 755 5449 que
787 5383 942 5450 parit,
981 5389 1038 5433 ut
1079 5379 1192 5433 iure
1233 5378 1577 5447 philosoiihia‘.
1609 5389 1801 5432 nonra:
1830 5381 2062 5435 instituta
2095 5399 2109 5436 :
2143 5398 2226 5436 res

654 5480 941 5544 praesentes
969 5472 1263 5541 despicere,
1295 5469 1486 5524 futuris
1518 5471 1718 5524 inhiare
1746 5488 1758 5523 :
1789 5471 1913 5525 nihil
1939 5473 2224 5542 humanum

650 5565 841 5620 stabile
879 5564 1151 5633 judicare,
1201 5577 1304 5616 non
1351 5562 1580 5626 divitias,
1633 5579 1735 5615 non
1783 5565 2090 5630 potentiam,
2121 5581 2227 5619 non

652 5635 902 5718 honores,
925 5670 1028 5709 non
1051 5654 1338 5708 clientelas.
1374 5653 1496 5707 llaec
1522 5654 1564 5708 si
1598 5663 1737 5709 recta
1763 5654 1963 5708 ratione
1994 5667 2224 5722 reputes,

650 5762 770 5816 cum
802 5747 1018 5802 divitem
1045 5746 1258 5812 videris,
1288 5761 1392 5801 nou
1436 5756 1485 5799 te
1521 5745 1710 5798 invidia
1753 5745 2011 5799 mordebit
2044 5763 2053 5797 :
2088 5747 2130 5800 si
2174 5748 2222 5801 in

1387 351 1445 406 S.
1483 348 1760 407 JOANNIS
1798 347 2272 406 CHRYSOSTOMI
2304 347 2619 405 ARCHIEP.
2647 349 3175 422 CONSTANTINOP.

2369 471 2729 533 paupertatem
2783 467 3061 533 incideris,
3109 485 3210 522 non
3269 470 3625 543 despondebis
3662 477 3932 543 animum;
3971 459 3977 468 1

2363 562 2521 620 atque
2543 553 2676 608 adeo
2706 568 2959 625 perpetuo
2988 557 3164 612 feriari
3200 571 3368 628 potes.
3399 563 3762 618 Christianum
3794 568 3930 620 enim

2363 659 2467 696 non
2500 646 2771 701 mensibus
2794 689 2809 713 ,
2840 662 2943 701 non
2973 650 3277 716 noviluniis,
3306 668 3409 706 non
3440 655 3728 711 dominicis
3753 657 3934 713 diebus

2359 729 2535 785 feriari
2573 743 2820 801 oportet:
2851 737 2942 790 sed
2993 753 3088 806 per
3122 754 3331 794 omnem
3362 743 3520 795 vitam
3564 744 3756 798 festum
3797 749 3930 801 diem

2359 821 2457 876 sibi
2503 825 2954 879 accommodatum
3001 842 3178 896 agere.
3224 833 3292 883 At
3331 832 3448 900 quis
3493 834 3568 887 illi
3615 834 3782 888 festus
3824 837 3933 891 dies

2357 915 2642 970 convenit?
2683 918 2970 972 Audiamus
3002 921 3219 976 Paulum
3240 923 3497 979 dicentem
3532 943 3546 978 :
3580 926 3765 997 Itaque
3786 931 3931 998 [erie-

2357 1024 2490 1076 nmr,
2522 1025 2621 1062 non
2647 1010 2700 1062 in
2730 1015 2971 1081 [amiculo
2995 1015 3165 1080 veteri,
3195 1031 3354 1086 neque
3377 1017 3429 1070 in
3455 1018 3699 1087 fermento
3730 1024 3930 1075 maliti:

2356 1107 2401 1151 et
2431 1099 2702 1166 nequitia:
2725 1101 2814 1176 sed
2854 1102 2906 1155 in
2940 1105 3130 1173 azymis
3167 1106 3464 1162 sinceritatis
3504 1119 3551 1161 et
3589 1112 3812 1164 raritatis
3855 1113 3924 1182 (Ι.

2355 1185 2471 1241 Cor.
2495 1188 2548 1241 5.
2580 1188 2656 1256 8).
2687 1189 2740 1244 Si
2770 1205 2896 1260 ergo
2918 1207 3101 1259 puram
3129 1194 3290 1250 habes
3309 1199 3710 1266 conscientiam,
3737 1202 3924 1257 festum

2353 1274 2492 1328 diem
2519 1291 2642 1345 ages
2669 1292 2922 1348 perpetuo
2943 1323 2957 1345 ,
3001 1281 3133 1335 bona
3161 1286 3386 1339 nutritus
3410 1303 3524 1356 spe,
3550 1299 3604 1342 et
3633 1291 3924 1347 futurorum

2353 1363 2609 1418 bonorqu
2639 1369 2876 1435 perlusns
2900 1372 3282 1438 expectatione.
3327 1374 3419 1429 Sin
3457 1378 3635 1432 animo
3659 1379 3921 1446 diffidens,

2349 1465 2404 1508 et
2428 1457 2714 1511 sceleribus
2744 1459 2921 1514 multis
2946 1461 3206 1518 obnoxius
3242 1465 3428 1531 fueris,
3459 1485 3779 1538 quamquam
3805 1489 3925 1527 sev-

2350 1557 2518 1602 ecula:
2545 1547 2689 1603 feriae
2719 1558 2773 1604 et
2799 1551 3134 1607 celebritates
3158 1555 3282 1621 sint,
3314 1558 3476 1610 nihilo
3505 1569 3680 1614 tamen
3713 1564 3920 1626 melius,

2348 1654 2506 1707 quam
2536 1640 2567 1692 ii
2593 1641 2680 1709 qui
2704 1641 2883 1710 lugent
2911 1646 3228 1700 constitutus
3264 1662 3343 1702 es.
3392 1650 3521 1716 Quae
3562 1651 3707 1704 enim
3751 1654 3924 1719 splen-

2347 1730 2485 1784 dida:
2527 1731 2630 1787 diei
2680 1734 2877 1805 utilitas
2905 1750 3023 1790 esse
3052 1747 3240 1804 potest,
3284 1739 3327 1792 si
3367 1740 3492 1794 mihi
3523 1743 3700 1796 anima
3731 1747 3918 1799 obscu-

2354 1831 2469 1874 rata
2497 1837 2594 1894 per
2618 1825 2994 1878 conscientiam
3023 1827 3125 1880 sit?
3168 1827 3260 1882 Sin
3292 1828 3515 1885 fructum
3545 1833 3773 1902 aliquem
3805 1852 3920 1903 per-

2347 1912 2524 1979 cipere
2564 1927 2595 1966 e
2637 1914 2906 1970 novilunio
2931 1916 3031 1980 vis,
3058 1916 3157 1972 hoc
3181 1917 3357 1974 facito.
3392 1920 3487 1976 Ubi
3517 1939 3716 1977 annum
3745 1927 3920 1996 exple-

2348 2009 2458 2054 tum
2497 2002 2714 2068 videris,
2758 2006 2954 2073 gratias
3002 2022 3100 2076 age
3143 2007 3384 2076 Domino,
3430 2013 3516 2080 qui
3567 2021 3619 2067 te
3668 2015 3736 2068 ad
3788 2017 3920 2072 lianc

2344 2106 2603 2146 annorum
2624 2094 2987 2150 circuitionem
3013 2097 3274 2166 perduxit.
3303 2101 3605 2171 Compange
3631 2121 3726 2157 cor
3755 2116 3915 2172 tuum,

2345 2183 2463 2235 vita:
2491 2190 2591 2235 tua:
2623 2191 2828 2253 tempus
2869 2195 3042 2240 tecum
3087 2198 3288 2257 reputa,
3323 2201 3493 2244 tecmu
3531 2194 3597 2246 ad
3639 2196 3782 2249 hunc
3807 2214 3916 2251 ino-

2343 2273 2466 2326 dum
2499 2273 2653 2328 verba
2685 2274 2842 2330 facito
2875 2295 2888 2330 :
2924 2277 3038 2332 dies
3077 2281 3286 2334 avolant
3333 2292 3387 2335 et
3429 2293 3770 2351 praetereunt,
3797 2292 3914 2342 anni

2345 2363 2637 2420 finiuntur:
2668 2381 2908 2436 magnam
2947 2368 3046 2422 via:
3083 2379 3275 2424 nostrae
3318 2383 3518 2441 partem
3551 2375 3911 2432 confecimus:

2342 2453 2466 2522 quid
2485 2454 2605 2510 boni
2627 2471 2655 2509 a
2680 2457 2831 2510 nobis
2851 2456 3044 2512 facttnn
3066 2462 3180 2515 est?
3209 2461 3344 2517 Num
3373 2463 3558 2520 inanes
3578 2467 3723 2533 hinc,
3751 2472 3914 2524 omni-

2341 2559 2444 2614 que
2479 2545 2683 2615 justitia
2722 2547 2956 2603 destituti
2997 2551 3368 2608 discedemus?
3406 2557 3672 2613 Iudicium
3705 2563 3794 2616 Dei
3825 2580 3916 2631 pro

2341 2636 2540 2691 foribus
2575 2646 2678 2706 est,
2717 2649 2770 2694 et
2805 2640 3058 2711 reliquum
3101 2643 3219 2696 vita:
3261 2653 3468 2716 tempus
3496 2648 3561 2702 ad
3591 2663 3913 2707 senectutem

2340 2728 2504 2796 vergi.

2410 2819 2458 2872 3.
2485 2818 2607 2873 "me
2627 2820 2677 2873 in
2699 2821 2981 2876 noviluniis
3003 2823 3256 2880 meditare
3274 2844 3284 2877 :
3301 2826 3411 2880 hare
3427 2827 3768 2886 dcannornm
3793 2851 3914 2889 con-

2339 2899 2672 2963 versionibus
2702 2915 2912 2968 revolvo
2943 2933 2956 2965 :
2990 2914 3177 2968 futura:
3226 2917 3328 2970 diei
3377 2931 3630 2986 perpetuo
3670 2928 3886 2981 recorde

2339 3016 2478 3067 mur,
2509 3017 2574 3054 ne
2598 3001 2876 3057 adversum
2905 3021 2999 3058 nos
3030 3006 3276 3073 loquatur
3304 3010 3420 3078 quis
3451 3011 3602 3076 illud,
3636 3017 3779 3082 quod
3820 3020 3912 3069 ad-

2337 3105 2522 3145 versus
2545 3089 2754 3145 Juda'os
2783 3109 2811 3146 2
2837 3095 3089 3162 propheta
3129 3095 3327 3151 dictum
3369 3109 3451 3152 est
3482 3118 3495 3154 :
3529 3099 3830 3170 Defecermu
3863 3109 3913 3159 in

2336 3181 2552 3234 vanitate
2594 3181 2702 3235 dies
2744 3200 2934 3250 eorum,
2972 3196 3018 3238 et
3064 3189 3184 3239 anni
3224 3205 3394 3242 eorum
3440 3207 3552 3244 cum
3601 3195 3915 3263 festinatione

2337 3271 2356 3343 (
2382 3270 2520 3326 Psal.
2551 3273 2634 3324 77.
2666 3274 2736 3328 55
2757 3276 2797 3342 ).
2844 3273 2946 3328 llas
2972 3289 3098 3345 ergo
3124 3276 3282 3331 ferias
3308 3290 3586 3348 perpetuas
3612 3295 3667 3337 et
3693 3287 3914 3342 ambitus

2335 3377 2591 3415 annorum
2608 3379 2709 3417 non
2729 3375 3112 3434 exspectantes,
3134 3385 3305 3438 neque
3325 3372 3526 3425 dierum
3547 3377 3915 3440 permansione

2335 3453 2626 3522 dcseriptas
2651 3466 2756 3508 tum
2779 3457 2925 3511 dives
2951 3469 3058 3511 tttm
3081 3475 3278 3528 pauper
3300 3477 3361 3515 ex
3383 3480 3533 3532 arquo
3554 3476 3910 3538 potestagere.

2335 3544 2447 3598 Non
2467 3547 2606 3600 enim
2622 3548 2704 3601 hic
2723 3549 2974 3616 pecuniis,
2993 3567 3162 3621 neque
3180 3569 3353 3607 rerum
3371 3555 3641 3610 affluentia
3662 3575 3794 3628 opus
3814 3571 3911 3626 est,

2335 3640 2426 3692 sed
2449 3641 2640 3695 virtute
2661 3643 2791 3695 snla.
2816 3642 2927 3696 Non
2953 3643 3113 3698 habes
3144 3647 3427 3714 pecunias?
3454 3650 3522 3703 At
3549 3650 3639 3704 Dei
3674 3654 3912 3710 timorem

2337 3731 2496 3786 habes
2510 3733 2754 3787 onmibus
2771 3734 3006 3803 pecuniis
3032 3735 3326 3791 uberiorem
3357 3737 3682 3807 thesaurum,
3706 3746 3792 3812 qui
3821 3760 3913 3800 nc-

2334 3839 2436 3894 que
2451 3825 2798 3888 consumitur,
2815 3842 2986 3895 neque
3008 3827 3391 3895 intervertitur,
3416 3846 3588 3901 neque
3609 3835 3914 3889 exhauritur

2336 3931 2604 3986 umquam.
2631 3916 2901 3972 lntuercin
2918 3919 3200 3982 czelum,et
3228 3921 3277 3973 in
3307 3922 3494 3975 c;elum
3525 3924 3664 3985 cadi,
3697 3935 3910 3990 terram,

2337 4023 2502 4073 mare,
2537 4022 2750 4075 aerem,
2795 4010 2845 4062 in
2889 4025 3084 4080 genera
3125 4012 3494 4079 animantium,
3518 4030 3581 4068 ac
3605 4018 3910 4071 varietatem

2335 4100 2600 4168 stirpium,
2626 4100 2677 4154 in
2702 4110 2941 4156 naturam
2972 4102 3244 4156 hominum
3274 4103 3594 4160 universam.
3627 4107 3911 4163 Considera

2335 4192 2569 4260 angelos,
2604 4191 2973 4262 archangelos,
3001 4193 3304 4262 superiores
3331 4204 3616 4264 potestates
3641 4215 3829 4253 revocJ
3863 4202 3911 4254 in

2337 4284 2644 4338 memoriam
2671 4327 2685 4351 ,
2730 4286 2842 4339 lucc
2879 4286 3053 4338 omnia
3085 4285 3136 4338 in
3169 4287 3376 4340 Domini
3419 4288 3489 4341 tui
3534 4300 3658 4342 sunt
3695 4290 3908 4345 ditiOne.

2338 4375 2485 4429 llaud
2528 4378 2637 4431 lieri
2680 4386 2873 4446 potest,
2902 4386 2958 4431 ut
2983 4378 3184 4431 domini
3217 4389 3319 4432 tam
3350 4379 3648 4449 locupletis,
3681 4398 3905 4450 prmserv

2339 4468 2428 4521 tim
2455 4468 2498 4521 si
2530 4468 2811 4537 prepitinm
2850 4469 3039 4522 habeat
3080 4470 3378 4535 Dominum,
3414 4488 3614 4540 pauper
3637 4475 3908 4543 quisquam

2337 4574 2522 4612 servus
2561 4561 2648 4612 sit.
2697 4561 2817 4613 Dies
2852 4561 3136 4616 observare
3183 4578 3285 4615 non
3330 4564 3646 4619 Christiana:
3678 4566 3909 4635 philoso-

2337 4651 2494 4718 phiae,
2527 4650 2618 4703 sed
2649 4650 2818 4704 Gratei
2857 4653 3056 4705 erroris
3091 4661 3196 4707 est.
3242 4653 3296 4706 ln
3339 4655 3607 4710 etelestem
3646 4658 3910 4713 civitatem

2335 4743 2629 4810 adscriptus
2655 4757 2731 4806 es,
2760 4743 2808 4795 in
2831 4744 3204 4812 rempubliCam
3237 4762 3351 4799 eam
3383 4759 3628 4815 receptus
3652 4763 3734 4813 es,
3758 4765 3911 4819 ange-

2337 4835 2401 4887 lis
2432 4834 2654 4902 teipsum
2683 4835 3006 4888 admiscuisti
3039 4855 3051 4889 :
3082 4838 3168 4889 ubt
3209 4853 3312 4890 non
3358 4847 3441 4891 est
3485 4840 3659 4894 lumen
3691 4843 3829 4911 quod
3863 4844 3909 4896 in

2338 4927 2566 4979 tenebris
2591 4925 2814 4988 desinat,
2843 4942 3011 4994 neque
3037 4926 3151 4980 dies
3175 4943 3292 4996 qua:
3329 4929 3378 4981 in
3415 4939 3624 4984 noctem
3660 4934 3912 4987 termine-

2338 5025 2440 5080 tur,
2470 5017 2562 5071 sed
2594 5028 2842 5086 perpetua
2879 5016 3024 5080 dies,
3068 5028 3122 5072 et
3162 5030 3412 5089 perpetua
3443 5021 3548 5075 lux.
3586 5022 3640 5076 In
3673 5023 3761 5078 illa
3789 5041 3913 5094 ergo

2336 5123 2545 5175 semper
2589 5109 2904 5161 intueamur.
2960 5108 3086 5173 Qua:
3123 5127 3324 5163 sursum
3365 5122 3517 5175 sunt,
3574 5113 3747 5182 inquit
3803 5115 3910 5179 ille,

2335 5200 2559 5269 qua’rite,
2584 5198 2665 5252 ubi
2687 5197 2914 5253 Christus
2935 5201 3002 5252 ad
3026 5201 3280 5254 dexteram
3305 5200 3402 5256 Dei
3431 5205 3564 5256 sedet
3589 5202 3725 5276 (Col.
3751 5207 3802 5260 3.
3841 5209 3909 5275 1).

2335 5289 2474 5344 Nihil
2513 5289 2674 5342 habes
2703 5305 2984 5344 commune
3011 5305 3131 5344 cum
3165 5302 3302 5345 terra
3323 5335 3339 5358 ,
3381 5294 3466 5346 ubi
3493 5296 3620 5349 solis
3648 5310 3840 5351 cursus
3863 5307 3914 5351 et

2336 5381 2731 5445 conversiones,
2757 5390 2809 5433 et
2832 5381 2947 5434 dies
2971 5391 3113 5446 sunt,
3139 5383 3235 5438 sed
3264 5384 3306 5437 si
3339 5394 3480 5440 recte
3501 5386 3668 5453 vivas,
3691 5403 3792 5442 nov
3823 5390 3912 5442 tibi

2336 5471 2448 5525 dies
2473 5471 2572 5525 erit
2604 5488 2616 5521 :
2647 5482 2830 5525 contra
2858 5487 2981 5525 vero
3011 5473 3114 5526 illis
3141 5473 3232 5542 qui
3263 5475 3312 5527 in
3343 5475 3554 5530 lascivia
3581 5489 3635 5530 et
3660 5479 3914 5535 ebrietate

2336 5572 2388 5616 et
2432 5562 2836 5629 intemperantia
2862 5563 3060 5628 vivunt,
3105 5563 3220 5618 dies
3262 5565 3326 5619 ad
3375 5568 3547 5620 noctis
3591 5572 3914 5624 convertitur

2339 5653 2614 5714 tenebras,
2655 5667 2759 5710 non
2800 5653 3010 5722 quidem
3039 5653 3333 5710 deiectione
3371 5659 3518 5722 solis,
3550 5661 3644 5714 sed
3684 5661 3911 5724 illorum,

2339 5757 2552 5816 propter
2593 5746 2939 5813 ebrietatem,
2982 5746 3354 5805 obscuratione
3383 5751 3592 5805 mentis.
3643 5752 3764 5809 Dies
3787 5769 3911 5824 ergo

3844 366 3941 423 936
