4142 6332
101 407 210 455 955
564 434 566 436 τ
1539 399 1604 454 ΙΝ
1645 397 1691 452 Κ

1793 393 1876 450 ΕΝ
1886 393 2041 448 ολδ.
3297 404 3410 464 956

97 514 268 585 τέρας
319 512 666 583 φιλοσοφίας,
721 509 829 562 κᾶν
880 508 1039 578 ὑμεῖς
1076 507 1293 578 ποιῆτε,
1330 506 1434 561 κᾶν
1474 507 1697 576 ἐτέρους

95 596 392 660 ⁴ποιοῦντας
433 593 737 667 περιίδητε,
769 593 874 646 κᾶν
921 593 1164 656 οἰκέτας,
1194 593 1300 644 κᾶν
1354 590 1561 660 φίλους,
1595 589 1700 642 κᾶν

94 685 370 748 γείτονας.
419 682 535 732 Οὐκ
585 679 828 749 ἡκούσας
868 677 1084 730 Παύλου
1129 677 1412 744 λέγοντος’
1453 676 1700 742 Ἡμέρας

95 763 540 833 παρατηρεῖσθε
578 763 674 816 καὶ
712 761 913 832 μῆνας
939 763 1040 815 καὶ
1073 761 1324 831 καιροὺς
1369 762 1465 814 καὶ
1495 761 1696 814 ἐνιαυ-

93 851 235 915 τούς
259 867 273 880 ·
308 849 602 920 φοϐοῦμαι
626 853 842 918 μήπως
862 847 993 915 εικῆ
1027 851 1360 902 κεκοπίακα
1387 849 1475 914 εἰς
1515 845 1694 913 ὑμᾶς.

174 933 384 997 Ἀλλως
421 934 478 986 δέ
507 933 601 987 xu).
634 934 731 1005 τῆς
765 933 1005 1003 ἐσχάτης
1032 932 1218 995 ἀνοίας
1247 931 1314 984 ἂν
1353 931 1438 1002 εἴη
1464 932 1574 984 ἀπὸ
1600 933 1700 1001 τῆς

98 1018 234 1087 μιᾶς
265 1018 504 1089 ἡμέρας,
539 1018 588 1070 εί
612 1017 764 1082 δεξιά
790 1017 1025 1084 γένοιτο,
1057 1016 1152 1068 καὶ
1175 1013 1270 1068 τοῦ
1309 1015 1511 1078 παντὸς
1540 1013 1700 1066 τοῦτο

95 1103 410 1172 προσδοκᾷν
438 1101 690 1154 ἐνιαυτοῦ
713 1118 726 1130 ·
763 1102 864 1152 οὐκ
893 1101 1081 1163 ἀνοίας
1123 1101 1182 1153 δέ
1225 1099 1409 1170 μόνον,
1439 1100 1575 1152 ἀλλὰ
1604 1100 1699 1152 καὶ

90 1185 410 1256 διαϐολικῆς
461 1185 744 1256 ἐνεργείας
797 1187 830 1256 ἡ
881 1185 1064 1256 κρίσις
1100 1185 1262 1254 αῦτη,
1298 1185 1375 1255 μὴ
1417 1187 1485 1255 τῇ
1514 1183 1698 1253 οἰκεία

96 1272 305 1341 σπουδῇ
334 1271 429 1323 xu).
457 1268 765 1340 προθυμία,
798 1267 938 1322 ἀλλά
965 1271 1088 1330 ταῖς
1115 1269 1226 1320 τῶν
1255 1267 1481 1338 ἡμερῶν
1511 1267 1699 1338 περιό-

93 1354 309 1418 δοις»τά
343 1353 486 1408 κατά
514 1353 605 1406 τὸν
641 1352 756 1424 βίον
798 1352 1240 1423 ἐπιτρέπειντὸν
1274 1350 1565 1422 ἡμέτερον.
1589 1354 1698 1402 Δε-

93 1438 210 1506 ξιος
242 1439 270 1490 ὁ
293 1439 536 1498 ἐνιαυτὸς
570 1436 723 1490 ἔσται
755 1446 838 1489 σοι
871 1435 938 1488 δι’
970 1436 1115 1499 ὃλου,
1145 1437 1246 1488 οὐκ
1273 1436 1368 1486 ἐὰν
1403 1437 1458 1487 ἐν
1491 1453 1698 1505 νουμη-

93 1522 185 1592 vi;
220 1520 450 1592 μεθύῃς,
483 1520 597 1573 ἀλλ’
630 1521 726 1573 ἐὰν
751 1521 844 1573 xu).
874 1523 932 1575 ἐν
962 1520 1253 1591 νουμηνίᾳ,
1281 1521 1377 1572 καὶ
1410 1519 1533 1573 καθ’
1556 1520 1692 1574 ἐκά-

97 1625 232 1678 στην
260 1608 479 1678 ἡμέραν
500 1607 568 1660 τὰ
586 1606 663 1678 τῷ
687 1607 805 1677 Θεῷ
835 1607 1098 1660 δοκοῦντα
1125 1610 1310 1678 ποιῇς.
1344 1607 1568 1680 Πονηρά
1584 1607 1696 1677 γὰρ

92 1691 282 1760 ἡμέρα
319 1692 412 1744 xu).
442 1691 624 1762 ἀγαθὴ
651 1691 885 1758 γίνεται,
911 1692 971 1744 ού
1005 1692 1158 1762 παρᾶ
1204 1693 1303 1761 τὴν
1341 1692 1552 1747 οἰκείαν
1593 1692 1695 1762 φύ-

94 1780 204 1843 σιν,
239 1781 390 1833 οὐδὲν
415 1778 525 1850 γάρ
552 1781 735 1852 ἡμέρα
772 1780 1077 1850 διενήνοχεν
1101 1778 1338 1848 ἡμέρας,
1372 1778 1510 1831 ἀλλά
1540 1778 1694 1849 παρά

92 1867 196 1936 τὴν
230 1864 512 1937 ἡμετέραν
547 1866 785 1936 σπουδὴν
817 1865 910 1917 xu).
957 1864 1254 1936 ρᾳθυμίαν.
1286 1864 1383 1915 Ἂν
1410 1863 1692 1915 δικαιοσύ-

91 1970 193 2021 νην
227 1951 458 2022 ἐργάσῃ,
487 1950 694 2023 χρηστή
733 1967 817 2002 σοι
851 1949 1074 2017 γέγονεν
1102 1951 1134 2018 ἡ
1160 1948 1345 2018 ἡμέρα
1365 1965 1379 1976 ⁵
1415 1946 1481 1999 ἂν
1513 1947 1694 2016 ἁμαρ-

91 2034 217 2088 τίαν
243 2035 478 2106 ἐργάσῃ,
497 2033 711 2104 πονηρά
728 2033 821 2087 καὶ
849 2032 1125 2095 κολάσεως
1154 2031 1425 2100 γέμουσα.
1446 2031 1544 2082 Ἂν
1559 2029 1694 2082 ταῦ-

90 2137 163 2172 τα
193 2120 517 2190 φιλοσοφῇς,
557 2120 651 2172 xu).
687 2118 834 2171 οὕτω
859 2117 1209 2187 διακείμενος
1242 2111 1330 2189 ᾗς.
1364 2116 1580 2169 ἅπαντα
1610 2113 1697 2166 δε-

91 2203 208 2269 ξιὸν
252 2201 397 2269 ἕξεις
445 2204 538 2256 τὸν
591 2201 863 2263 ἐνιαυτὸν,
913 2200 1102 2269 εύχάς,
1156 2198 1530 2269 ἐλεημοσύνας
1571 2197 1695 2250 καθ’

91 2289 335 2359 ἑκάστην
388 2287 767 2359 ἐργαζόμενος
829 2287 928 2355 τὴν
981 2284 1196 2355 ἡμέραν
1219 2300 1230 2313 ·
1271 2282 1337 2336 ἂν
1371 2283 1428 2336 δὲ
1461 2283 1560 2352 τῆς
1588 2283 1724 2354 μέν,’

91 2373 238 2427 κατά
279 2373 475 2426 σαυτὸν
518 2373 719 2442 ἀρετῆς
765 2370 998 2442 ἀμελῇς,
1033 2370 1235 2440 ἀρχαῖς
1283 2367 1340 2420 δὲ
1382 2368 1566 2438 μηνῶν
1601 2365 1714 2426 xu);

91 2460 354 2531 ἀριθμοῖς
387 2457 612 2528 ἡμερῶν
668 2454 1046 2526 ἐμπιστεύσῃς
1104 2470 1197 2505 σου
1247 2451 1350 2522 τῆς
1383 2452 1565 2522 ψυχῆς
1595 2451 1711 2522 τὴν*

90 2542 458 2613 εὐφροσύνην,
504 2542 724 2594 πάντων
773 2540 982 2610 ἔρημος
1016 2537 1115 2609 ἔσῃ
1154 2537 1264 2589 τῶν
1305 2536 1450 2590 κατὰ
1494 2535 1718 2590 σαυτὸν.

88 2625 338 2692 ἀγαθῶν.
374 2625 551 2694 Ὅπερ
574 2619 667 2677 οῦν
700 2623 794 2676 xu).
816 2625 844 2676 ὁ
864 2621 1111 2684 διάϐολος
1129 2619 1376 2680 συνιδὼν,
1410 2621 1504 2672 xu).
1529 2637 1723 2690 σπου-ε

89 2710 273 2773 δάζων
308 2707 468 2778 ἡμῶν
512 2707 744 2760 ἐκλῦσαι
773 2707 902 2769 τοὺς
941 2706 1072 2777 περὶ
1104 2704 1202 2774 τὴν
1232 2704 1435 2775 ἀρετὴν
1465 2704 1687 2775 πόνους,

90 2794 188 2846 xu).
217 2791 317 2862 τῆς
346 2791 526 2862 ψυχῆς
559 2790 750 2842 σϐέσαι
779 2789 878 2860 τὴν
916 2789 1248 2859 προθυμίαν,
1287 2791 1410 2851 ταῖς
1456 2791 1694 2860 ἡμέραις

88 2875 426 2945 ἐπιγράφειν
453 2873 776 2926 ἐπαίδευσεν
805 2873 906 2937 τάς
937 2871 1247 2944 εὐπραγίας
1276 2873 1371 2926 xu).
1399 2873 1500 2937 τάς
1524 2892 1693 2927 κακο-

89 2959 357 3030 πραγίας.
399 2959 456 3011 ’0
481 2959 591 3028 γὰρ
624 2959 819 3021 πείσας
845 2958 1040 3010 ἐαυτὸν
1072 2958 1154 3010 δτι
1186 2957 1371 3028 ἡμέρα
1402 2959 1518 3011 ἐστὶ
1545 2959 1690 3030 κακὴ

87 3046 189 3099 xu).
211 3043 414 3115 ἀγαθὴ,
441 3043 564 3096 οὔτε
608 3045 664 3096 ἐν
697 3046 764 3113 τῇ
788 3045 932 3114 κακῇ
961 3042 1071 3096 τῶν
1105 3043 1327 3111 ἀγαθῶν
1360 3044 1538 3112 ἔργων
1572 3047 1693 3096 ἐπι-

90 3129 416 3200 μελήσεται,
455 3128 531 3190 ὼς
567 3129 688 3198 είκῆ
732 3129 909 3181 πάντα
940 3127 1134 3191 ποιῶν,
1161 3127 1256 3180 xu).
1283 3127 1437 3180 οὐδὲν
1464 3127 1692 3196 ὠφελῶν

85 3215 179 3267 διὰ
211 3213 311 3284 τὴν
346 3214 443 3283 τῆς
475 3213 691 3283 ἡμέρας
715 3212 996 3281 ἀνάγκην·
1028 3210 1154 3264 οὗτε
1191 3213 1250 3263 ἐν
1273 3214 1338 3282 τῇ
1373 3211 1554 3283 ἀγαθῇ
1587 3213 1694 3265 πά-

85 3297 174 3348 λιν
197 3296 357 3350 τοῦτο
389 3295 711 3367 ἐργάσεται,
754 3295 830 3358 ὡς
859 3295 1011 3347 ούδέν
1037 3297 1098 3347 ἐκ
1133 3294 1234 3364 τῆς
1274 3295 1483 3358 οἰκείας
1508 3314 1690 3368 παρα-

85 3383 469 3450 ϐλαπτόμενος
518 3379 814 3450 ῥᾳθυμίας,
855 3378 944 3430 διὰ
988 3380 1086 3448 τὴν
1133 3379 1233 3448 τῆς
1280 3379 1443 3430 πάλιν
1473 3381 1692 3450 ἡμέρας

85 3464 418 3534 εύκληρίαν·
449 3465 543 3516 καὶ
565 3462 735 3526 οὕτως
766 3462 1106 3532 ἑκατέρωθεν
1135 3462 1232 3530 τὴν
1262 3462 1456 3514 ἐαυτοῦ
1481 3465 1690 3533 προδώ-

86 3568 177 3603 σει
213 3548 489 3619 σωτηρίαν
513 3563 525 3577 ·
555 3549 650 3600 καὶ
682 3547 812 3599 ποτέ
844 3546 942 3616 μὲν
963 3546 1038 3608 ὡς
1068 3547 1303 3615 ἀνόνητα
1331 3546 1530 3610 πονῶν,
1556 3550 1690 3602 ποτέ

80 3633 146 3687 δὲ
171 3633 246 3696 ὡς
272 3631 524 3703 περιττὰ,
546 3632 603 3681 ἐν
631 3630 799 3701 ἀργία
822 3630 915 3683 xu).
945 3631 1179 3702 πονηρίᾳ
1209 3629 1488 3698 βιώσεται.
1513 3634 1690 3706 Ὅπερ

80 3715 183 3772 οὖν
219 3717 430 3778 εἰδότας
463 3714 689 3782 φεύγειν
729 3717 811 3767 δεῖ
837 3713 930 3767 τοῦ
969 3714 1216 3766 διαϐόλου
1253 3715 1350 3778 τὰς
1385 3717 1686 3786 μεθοδείας,

83 3805 186 3856 x1).
211 3802 418 3871 ταύτην
449 3799 701 3852 ἐκϐαλεῖν
730 3799 830 3868 τῆς
859 3799 1100 3862 διανοίας
1135 3802 1236 3868 τὴν
1256 3800 1456 3870 ψῆφον,
1488 3802 1579 3853 xu).
1614 3802 1689 3873 μὴ

80 3888 433 3960 παρατηρεῖν
458 3885 694 3955 ἡμέρας,
726 3882 860 3952 μηδὲ
885 3883 984 3952 τὴν
1016 3884 1115 3952 μὲν
1149 3886 1349 3952 μισεῖν,
1385 3884 1483 3954 τὴν
1505 3885 1561 3936 δὲ
1597 3903 1689 3954 φι-

80 3973 225 4026 λεῖν.
260 3971 335 4023 Οὐ
369 3969 481 4039 γὰρ
512 3969 596 4020 ἵνα
632 3969 784 4037 ἡμᾶς
816 3969 896 4028 είς
929 3966 1202 4037 ῥαθυμίαν
1235 3968 1450 4039 ἐμϐάλῃ
1500 3969 1685 4038 μόνον,

80 4054 208 4109 ἀλλ’
239 4054 326 4106 ἵνα
375 4053 469 4104 xu).
507 4051 598 4103 τοῦ
649 4051 786 4103 Θεοῦ
819 4050 886 4102 τὰ
919 4051 1383 4121 δημιουργήματα
1432 4053 1684 4126 διαϐάλῃ,

79 4138 263 4191 ταῦτα
305 4139 334 4188 ό
379 4134 616 4204 πονηρὸς
649 4133 862 4204 δαίμων
902 4134 1110 4197 ἐκεῖνος
1146 4139 1437 4206 σκευωρεί,
1480 4140 1573 4191 xu).
1608 4142 1690 4203 εἰς

78 4220 347 4276 ἀσέϐειαν
375 4217 510 4288 ὁμοῦ
536 4220 627 4270 καί
659 4220 735 4281 είς
766 4217 1041 4289 ῥαθυμίαν
1063 4219 1160 4283 τὰς
1184 4220 1461 4291 ἡμετέρας
1490 4223 1690 4277 καθελ-

80 4309 252 4362 κύσαι
288 4305 613 4375 βουλόμενος
639 4303 837 4373 ψυχάς.

173 4391 314 4443 Ἀλλ’
357 4389 505 4459 ἡμᾶς
551 4387 839 4458 ἀποπηδᾲν
862 4387 990 4458 χρὴ,
1019 4389 1115 4440 xu).
1151 4389 1342 4457 σαφῶς
1373 4390 1572 4444 είδέναι
1603 4393 1685 4445 ὅτι

79 4475 244 4548 [700]
298 4474 450 4525 οὐδὲν
485 4472 674 4532 κακὸν,
726 4471 841 4524 ἀλλ’
877 4472 1125 4542 ἁμαρτία
1175 4475 1356 4542 μόνον,
1395 4476 1492 4527 xu).
1527 4477 1685 4530 οὐδὲν

78 4559 316 4628 ἀγαθὸν,
355 4557 468 4609 ἀλλ’
514 4557 686 4627 ἀρετὴ
725 4557 907 4626 μόνον,
949 4557 1043 4609 xu)
1073 4558 1133 4608 τὸ
1179 4557 1267 4610 διὰ
1302 4561 1520 4612 πάντων
1556 4561 1686 4630 ἀρέο

77 4661 240 4700 σκειν
254 4642 392 4712 Θεῷ.
414 4643 487 4694 Οὐ
515 4643 660 4693 ποιεῖ
688 4641 825 4713 μέθη
843 4642 1208 4714 εὐφροσύνην,
1229 4643 1342 4695 ἀλλ’
1366 4644 1500 4715 εύχὴ
1525 4664 1687 4699 πνευ-

80 4731 294 4804 ματική
319 4745 332 4758 ⁸
368 4729 468 4780 οὑκ
491 4725 656 4790 οἶνος,
687 4728 822 4781 ἀλλά
855 4729 1011 4795 λόγος
1039 4728 1440 4794 διδασκαλικός.
1472 4733 1528 4784 'O
1545 4729 1686 4798 οἶνος

77 4811 360 4881 χειμῶνα,
389 4813 416 4863 ὁ
439 4811 494 4863 δὲ
531 4811 690 4880 λόγος
725 4810 967 4881 γαλήνην
998 4811 1325 4882 ἐργάζεταιο
1356 4817 1565 4879 ἐκεῖνος
1599 4817 1685 4870 θό-

81 4895 255 4966 ρυϐον
304 4895 608 4962 ἐπεισάγει,
668 4888 825 4958 οὗτος
866 4899 1115 4967 ταραχὴν
1159 4898 1442 4953 ἐκϐάλλει·
1476 4904 1686 4968 ἐκεῖνος

79 4982 274 5034 σκοτοῖ
325 4979 422 5048 τὴν
468 4981 729 5043 διάνοιαν,
761 4975 917 5044 οὗτος
970 4983 1366 5054 ἐσκοτισμένην
1420 4989 1682 5055 φωτίξεν

77 5067 301 5126 ἐκεῖνος
340 5064 579 5133 ἀθυμίας
615 5063 715 5128 τὰς
750 5065 851 5118 οὐκ
881 5065 1050 5130 οὔσας
1078 5066 1361 5137 ἐμϐάλλει,
1397 5063 1559 5134 οὗτος
1581 5073 1684 5138 τάς

74 5149 256 5211 οὔσας
293 5147 606 5200 ἀπελαύνει.
652 5149 818 5202 Οὐδὲν
868 5150 978 5221 γὰρ
1026 5150 1200 5215 οὕτως
1236 5153 1550 5225 εύθυμίανει
1585 5159 1682 5213 καὶ

74 5230 429 5305 εὐφροσύνη-ν
479 5230 655 5284 ποιεῖν
692 5231 904 5297 εἴωθεν,
947 5235 1020 5299 ὡς
1056 5235 1125 5288 τὰ
1176 5239 1307 5308 περὶ
1352 5240 1682 5313 φιλοσοφίας

72 5316 350 5384 δόγματα,
378 5314 436 5367 τὸ
464 5314 571 5367 τῶν
605 5317 890 5387 παρόντων
926 5319 1203 5392 ὑπερορᾷν
1226 5325 1591 5393 πραγμάτων,
1618 5329 1681 5383 τὸ

73 5398 223 5468 πρὸς
269 5396 638 5484 ⁸μέλλοντα
672 5401 983 5470 κεχηνέναι,
1025 5405 1085 5457 τὸ
1120 5407 1288 5475 μηδὲν
1320 5408 1428 5461 τῶν
1475 5412 1682 5484 ἀνθρω-

75 5484 259 5536 πίνων
285 5481 501 5552 βέϐαιον
545 5479 685 5536 εἶναι
717 5486 982 5555 νομίζειν,
1017 5489 1092 5559 μὴ
1129 5489 1376 5553 πλοῦτον,
1411 5495 1485 5565 μὴ
1519 5479 1681 5549 δυνα-

74 5569 294 5631 στείαν,
338 5568 416 5640 μὴ
461 5570 650 5639 τιμὰς,
700 5571 781 5642 μὴ
818 5571 1137 5643 θεραπείας.
1175 5577 1272 5628 Ἂν
1304 5577 1476 5631 ταῦτα
1530 5581 1678 5651 εἰδῇς

75 5654 418 5723 φιλοσοφεῖν,
452 5652 556 5706 κᾶν
600 5654 933 5708 πλουτοῦντα
963 5656 1137 5729 θεάσῃ
1168 5658 1310 5720 τινὰ,
1339 5663 1398 5713 οὐ
1428 5663 1671 5736 δηχθήσῃ

78 5739 284 5807 φθόνῳ,
313 5737 418 5790 κᾶν
461 5739 542 5801 εἰς
575 5739 764 5792 πενίαν
809 5741 1149 5813 καταπέσῃς,
1182 5743 1242 5796 ού
1278 5749 1668 5822 ταπεινωθὴσῃ

137 5885 157 5913 ⁸
182 5889 325 5940 Alius
349 5889 454 5939 Cod.
484 5890 717 5953 εὐθηνίαν,
743 5893 868 5942 allus
893 5894 1156 5958 εὐρυθμίαν.

1803 509 1869 575 τῇ
1909 496 2181 578 πτωχείᾳ”
2212 508 2359 564 οῦτὼ
2385 509 2682 574 διαπαντὸς
2714 510 2995 585 ἑορτάζειν
3022 511 3270 571 δύνασαι.
3295 516 3407 572 Τδν

1800 589 1910 662 γάρ
1962 592 2291 659 Χριστιανὸν
2344 596 2464 665 οὐχὶ
2521 597 2717 666 μῆνας,
2749 595 2870 649 οὐδὲ
2918 597 3239 668 νουμηνίας,
3279 600 3406 654 οὐδὲ

1801 678 2075 742 κυριακάς
2119 678 2402 748 ἑορτάξειν
2443 680 2570 751 χρὴ,
2612 681 2750 734 ἀλλά
2798 679 2888 733 διὰ
2921 682 3125 746 παντὸς
3156 683 3252 737 τοῦ
3278 684 3397 756 βίου

1799 757 1899 827 τὴν
1916 759 2066 831 αὐτῷ
2095 761 2413 832 πρέπουσαν
2437 764 2630 835 ἑορτὴν
2662 764 2844 832 ἄγειν.
2873 765 2968 828 Τίς
3002 765 3047 818 δ’
3085 767 3236 836 αὐτῷ
3269 766 3403 837 πρέ-

1803 859 1983 897 πουσα
2021 847 2213 916 έορτὴ;
2263 846 2616 918 Ἀκούσωμεν
2642 848 2860 901 Παύλου
2892 849 3146 917 λέγοντος
3167 869 3181 882 ο
3217 852 3403 906 Ὥστε

1800 926 2181 1002 ἑορτάζωμεν,
2203 931 2289 1000 μὴ
2307 931 2538 1000 ἐνζύμῃ
2570 930 2818 999 παλαιᾷ,
2849 933 3001 1002 μηδὲ
3019 935 3091 988 ἐν
3123 935 3269 1005 ζύμῃ
3293 953 3403 989 κα-

1801 1010 1937 1076 κίας
1965 1014 2062 1065 καί
2103 1015 2420 1082 πονηρίας,
2449 1016 2590 1070 ἀλλ’
2618 1016 2689 1068 ἐν
2731 1015 2976 1086 ἀζύμοις
3006 1020 3398 1087 είλικρινείας

1800 1094 1898 1146 καὶ
1930 1096 2241 1163 ἀληθείας.
2273 1098 2370 1150 Ἂν
2403 1100 2586 1151 τοίνυν
2614 1099 2856 1170 καθαρὸν
2884 1101 3016 1174 ἔχῃς
3040 1103 3102 1156 τὸ
3134 1104 3398 1169 συνειδὸς,

1798 1180 1992 1251 ἑορτὴν
2022 1179 2167 1249 ἔχεις
2200 1181 2513 1244 διαπαντὸς,
2545 1187 2813 1255 χρησταῖς
2847 1186 3287 1255 συντρεφόμενος
3319 1187 3403 1238 ἐλ-

1799 1265 1942 1329 πίσι,
1983 1267 2080 1318 καὶ
2103 1266 2390 1336 ἐντρυφῶν
2413 1270 2478 1339 τῇ
2506 1269 2614 1321 τῶν
2653 1269 2959 1339 μελλόντων
2983 1269 3204 1338 ἀγαθῶν
3232 1287 3422 1344 προσ-⁵

1797 1349 1984 1422 δοκίᾳο
2013 1349 2203 1422 ῶσπερ
2230 1348 2324 1406 οὖν
2360 1352 2428 1406 ἂν
2452 1354 2907 1426 ἀπαρρησίαστον
2927 1354 3080 1426 ἔχῃς,
3100 1356 3194 1407 xu).
3220 1357 3403 1426 ἁμαρ·-

1797 1435 2061 1504 τημάτων
2109 1436 2322 1490 πολλῶν
2381 1437 2686 1501 ὑπεύθυνος
2729 1433 2817 1511 ᾗς,
2856 1441 2959 1492 κᾶν
3023 1439 3214 1509 μυρίαι
3266 1431 3402 1492 ὦσιν

1798 1517 1985 1589 ἐορταὶ
2015 1523 2108 1574 καὶ
2141 1520 2504 1592 πανηγύρεις,
2537 1522 2647 1576 τῶν
2679 1521 3025 1575 πενθούντων
3070 1522 3224 1576 οὐδὲν
3252 1522 3404 1593 ἄμει·

1797 1619 1886 1654 νον
1931 1602 2202 1676 διακείσῃ.
2234 1605 2299 1658 Τί
2338 1604 2447 1676 γὰρ
2479 1605 2672 1675 δφελός
2714 1624 2804 1676 μοι
2845 1606 3112 1678 λαμπρᾶς
3159 1606 3398 1678 ἡμέρας.

1796 1689 1895 1757 τῆς
1921 1686 2101 1758 ψυχῆς
2126 1689 2524 1760 ἐσκοτισμένης
2558 1708 2649 1762 μοι
2674 1690 2751 1762 τῷ
2785 1691 3079 1753 συνειδότις
3107 1692 3170 1744 El
3202 1691 3258 1745 δὲ
3292 1692 3402 1764 ἄρα

1795 1790 1850 1825 τι
1897 1773 1991 1826 xu).
2029 1773 2433 1843 καρπώσασθαι
2463 1777 2572 1830 ἀπὸ
2615 1778 2916 1848 νουμηνίας
2944 1776 3192 1847 βούλειδ,
3221 1779 3402 1832 ἐκεῖνο

1796 1856 2049 1926 ποίησον.
2081 1858 2254 1911 Ὅταν
2301 1859 2419 1931 ἴδῃς
2467 1859 2713 1913 ἐνιαυτὸν
2762 1860 3145 1931 πληρωθέντα,
3172 1861 3400 1932 εὐχαρί-

1798 1957 2000 2009 στησον
2027 1940 2107 2010 τῷ
2133 1943 2403 2015 Δεσπότῃ,
2443 1944 2528 1997 ὅτι
2564 1961 2622 1996 σε
2655 1944 2957 2014 είσὴγαγεν
2984 1945 3065 2008 είς
3102 1944 3202 2016 τὴν
3236 1945 3401 2017 περί-

1794 2022 1912 2076 οδον
1945 2023 2152 2096 ταύτην
2175 2024 2286 2078 τῶν
2313 2026 2581 2080 ἐνιαυτῶν
2601 2043 2615 2057 ο
2653 2026 2953 2093 κατάνυξόν
2989 2044 3083 2080 σου
3126 2029 3227 2100 τὴν
3260 2045 3398 2103 καρ-

1793 2106 1932 2174 δίαν,
1958 2108 2334 2180 ἁναρίθμησαί
2361 2127 2456 2162 σου
2480 2109 2571 2163 τὸν
2588 2110 2780 2181 χρόνον
2796 2111 2897 2180 τῆς
2914 2111 3080 2182 ζωῆς,
3118 2111 3241 2165 είπέ
3262 2112 3398 2184 πρὸς

1794 2192 2017 2245 ἔαυτόν·
2059 2193 2126 2245 Αἱ
2177 2193 2387 2264 ἡμέραι
2425 2193 2682 2264 τρέχουσι
2743 2194 2838 2248 καὶ
2893 2195 3299 2265 παρέρχονται,
3345 2195 3400 2249 οί

1795 2276 2039 2328 ἐνιαυτοὶ
2086 2274 2448 2347 πληροῦνται,
2487 2277 2624 2331 πολὺ
2664 2278 2761 2346 τῆς
2797 2277 2921 2331 ὀδοῦ
2969 2278 3395 2349 προεκόψαμεψ

1797 2354 1904 2430 ἦρα
1925 2359 1977 2412 τί
1998 2361 2128 2430 ἡμῖν
2155 2359 2446 2432 εἴργασται
2480 2360 2681 2427 καλόν;
2713 2357 2822 2431 ἀρα
2852 2362 2929 2432 μὴ
2965 2363 3112 2415 κενοὶ
3143 2363 3239 2416 καὶ
3263 2363 3390 2436 ἔρη-

1797 2458 1886 2511 μοι
1914 2437 2270 2514 δικαιοσύνης
2297 2445 2519 2514 ἀπάσης
2553 2443 2807 2497 ἐντεῦθεν
2841 2444 3297 2516 ἀπελευσόμεθα,
3335 2448 3398 2501 τὸ

1792 2526 2145 2599 δικαστήριον
2176 2528 2270 2581 ἐπὶ
2303 2527 2520 2600 θύραις,
2554 2527 2692 2600 πρὸς
2723 2528 2902 2599 γῆρας
2929 2529 3087 2601 ἡμῶν
3112 2531 3400 2602 ἐπείγεται

1792 2607 1979 2664 λοιπὸν
2013 2613 2046 2682 ἡ
2081 2610 2219 2682 ζωή.

1862 2703 1932 2763 γ’.
1954 2693 2140 2748 Ταῦτα
2169 2695 2276 2748 ἀπὺ
2309 2696 2611 2767 νουμηνίας
2641 2697 2945 2769 φιλοσόφει,
2971 2698 3147 2755 ταῦτα
3167 2702 3277 2758 ἀπὸ
3298 2702 3400 2773 τῆς

1794 2780 2048 2852 περιόδου
2091 2780 2203 2834 τῶν
2239 2782 2507 2835 ἐνιαυτῶν
2538 2783 2996 2855 ἀναμιμνήσκου·
3031 2789 3132 2857 τῆς
3165 2787 3396 2856 μελλού-

1795 2880 1895 2933 σης
1944 2864 2164 2937 ἡμέρας
2194 2864 2671 2935 ἀναλογιζὼμεθα,
2704 2868 2911 2937 μήποτε
2948 2870 3040 2921 καὶ
3069 2871 3206 2940 πρὸς
3247 2873 3399 2940 ἡμᾶς

1792 2949 1921 3019 είπῃ
1953 2966 2036 3012 τις
2066 2950 2264 3012 ἐκεῖνο,
2284 2949 2343 3002 τὸ
2369 2949 2506 3020 πρὸς
2538 2951 2663 3012 τοὺς
2700 2949 2984 3016 Ἰουδαίους
3006 2956 3300 3024 εἰρημένον
3320 2958 3398 3026 τῷ

1794 3033 2085 3104 προφήτῃ·
2143 3031 2461 3096 Ἐξέλιπον
2497 3033 2568 3085 ἑν
2589 3035 2940 3102 ματαιότητι
2974 3040 3032 3088 αἱ
3062 3037 3277 3105 ἡμέραι
3299 3041 3399 3093 αὐ-

1793 3113 1931 3177 τῶν,
1969 3115 2066 3167 καί
2099 3117 2298 3195 τὰῗέτη
2326 3115 2529 3169 αὐτῶν
2553 3117 2705 3185 μετὰ
2727 3117 3027 3186 σπουδῆς.
3051 3121 3270 3192 Ταύτην
3295 3127 3399 3195 τὴν

1792 3196 1988 3267 ἑορτὴν
2031 3197 2098 3268 ἡν
2152 3194 2307 3251 εἷπον
2358 3198 2492 3267 ἐγὼ,
2546 3200 2646 3271 τὴν
2680 3201 2928 3273 διηνεκῆ,
2970 3206 3064 3258 xu).
3107 3194 3397 3277 περιόδους

1791 3279 1929 3333 ἐτῶν
1965 3280 2064 3332 ούκ
2103 3281 2504 3351 ἀναμένουσαν,
2561 3285 2683 3338 ούδέ
2734 3289 3220 3360 περιγραφομένην
3262 3291 3398 3362 ἡμέ-

1794 3381 1938 3434 ραις,
1955 3365 2048 3416 καὶ
2071 3365 2328 3429 πλούσιος
2361 3367 2455 3420 xu).
2479 3368 2650 3439 πένης
2667 3368 2823 3438 ἄγειν
2852 3370 3142 3443 δυνήσεται
3158 3376 3395 3445 ὁμοίωςο

1791 3449 1852 3500 ού
1887 3449 1996 3521 γὰρ
2027 3451 2331 3520 χρημάτων
2355 3451 2593 3506 ἐνταῦθα
2622 3455 2803 3524 χρεία,
2825 3457 2934 3509 οὐδ’
2965 3458 3248 3530 εὐπορίας,
3278 3459 3397 3512 ἀλλ’

1791 3533 1992 3602 ἀρετῆς,
2053 3534 2243 3604 μόνης.
2291 3534 2407 3588 Οὐκ
2445 3535 2590 3605 ἔχεις
2630 3539 2924 3610 χρήματα;
2973 3541 3089 3594 ἀλλ’
3125 3543 3269 3614 ἔχεις
3300 3545 3395 3599 τοῦ

1790 3615 1928 3669 Θεοῦ
1987 3618 2080 3669 τὸν
2123 3617 2327 3687 φόϐον,
2384 3621 2604 3675 πάντων
2662 3624 2968 3694 χρημάτων
3013 3626 3397 3699 εὐπορώτερον

1791 3699 2089 3771 θησαυρὸν.
2137 3702 2238 3755 ούκ
2287 3703 2743 3776 ἀναλισκόμενον,
2787 3708 2847 3760 ού
2900 3709 3394 3781 μεταϐαλλόμενον,

1790 3784 1850 3836 ού
1876 3784 2293 3854 δαπανώμενον,
2335 3786 2440 3840 Ἴδε
2477 3791 2557 3852 είς
2589 3789 2681 3841 τὸν
2712 3791 2963 3859 οὐρανὸν,
2998 3793 3092 3845 xu).
3118 3794 3208 3846 τὸν
3230 3794 3386 3864 οὐρα-

1790 3867 1881 3920 νὸν
1913 3867 2006 3920 τοῦ
2043 3868 2304 3939 ούρανοῦ,
2341 3870 2440 3941 τὴν
2481 3872 2604 3942 γῆν,
2641 3874 2740 3942 τὴν
2773 3875 3073 3936 θάλασσαν,
3104 3878 3196 3930 τὸν
3229 3880 3390 3948 ἀέρα,

1790 3950 1860 4004 τά
1889 3952 2020 4019 γένη
2062 3951 2171 4004 τῶν
2207 3952 2384 4016 ζώων,
2421 3953 2488 4007 τὰ
2534 3957 2856 4009 παντοδαπὰ
2897 3960 3062 4025 φυτὰ,
3093 3961 3192 4032 τὴν
3229 3960 3394 4030 φύσιν

1789 4035 1899 4087 τῶν
1930 4034 2237 4104 ἀνθρώπιον
2281 4037 2534 4089 ἀπασαψ
2566 4039 2824 4109 ἐννόησον
2855 4042 3144 4109 ἀγγέλους,
3181 4046 3390 4115 ἀρχαγ-

1791 4118 2006 4185 γέλους,
2043 4117 2193 4189 [701]
2232 4119 2330 4182 τὰς
2362 4121 2650 4192 ἁνωτέρας
2692 4122 2977 4193 δυνάμεις·
3009 4126 3390 4198 ἀναμνήσθητι

1790 4203 1872 4255 ὅτι
1923 4203 2099 4255 ταῦτα
2121 4204 2301 4256 πάντα
2329 4204 2422 4255 τοῦ
2462 4207 2735 4257 Δεσπότου
2789 4224 2881 4260 σου
2911 4209 3027 4260 ἐστὶ
3063 4213 3317 4279 κτήματα
3341 4224 3387 4268 ε,

1791 4287 1905 4338 Οὐκ
1942 4286 2056 4338 ἔστι
2089 4286 2145 4338 δὲ
2183 4285 2358 4348 οὕτως
2392 4287 2630 4357 εὐπόρου
2662 4291 2933 4343 Δεσπότου
2965 4291 3150 4345 δοῦλον
3182 4295 3392 4363 πένητα

1789 4365 1953 4430 εἶναι,
1997 4370 2092 4422 ἐὰν
2131 4369 2260 4422 ἵλεω
2293 4371 2383 4421 τὸν
2426 4371 2621 4423 ἐαυτοῦ
2659 4372 2863 4443 Κύριον
2896 4375 3014 4446 ἔχῃ.
3044 4377 3117 4428 Τὺ
3144 4395 3390 4449 παρατη-

1794 4455 1908 4524 ρεῖν
1935 4453 2151 4524 ἡμέρας
2193 4454 2253 4505 ού
2287 4454 2688 4525 Χριστιανικῆς
2725 4456 3069 4526 φιλοσοφίας.
3104 4461 3233 4513 ἀλλ’
3274 4461 3390 4514 Ἐλ-

1790 4538 2018 4614 ληνέκῆς
2049 4536 2262 4605 πλάνης
2283 4537 2450 4590 ἐστίν.
2487 4539 2580 4600 Εἰς
2598 4539 2694 4608 τὴν
2731 4541 2842 4592 ἄνω
2871 4542 3027 4593 πόλιν
3058 4545 3387 4615 ἀπεγράφη),

1789 4622 1870 4682 είς
1905 4619 2003 4690 τὴν
2035 4620 2153 4672 ἐκεῖ
2181 4619 2462 4673 πολιτείαν
2509 4621 2705 4683 τελεῖς,
2741 4623 2996 4691 ἀγγέλοις
3029 4627 3225 4679 σαυτὸν
3259 4629 3390 4682 ἀνα-

1793 4703 1950 4774 μίξας
1975 4720 1988 4733 ο
2016 4696 2078 4754 οῦ
2106 4702 2206 4754 οὐκ
2246 4702 2360 4754 ἔστι
2387 4703 2502 4771 φῶς
2526 4705 2605 4766 είς
2635 4705 2825 4769 σκότος
2856 4707 3043 4776 λῆγον.
3071 4711 3183 4761 οὐθ’
3207 4713 3389 4783 ἡμέρα

1788 4789 1868 4850 εἰς
1895 4786 2068 4862 νύκτα
2090 4785 2425 4848 τελευτῶσα,
2455 4787 2591 4840 ἀλλά
2609 4788 2903 4852 διαπαντὸς
2931 4792 3133 4862 ἡμέρα,
3158 4794 3386 4848 διαπαν-

1787 4869 1880 4933 τὸς
1915 4855 2051 4939 (ῥῶς.
2093 4869 2238 4941 Πρὸς
2282 4871 2468 4922 ἐκεῖνα
2515 4870 2695 4924 τοίνυν
2737 4855 3383 4944 βλέπωμεν-διαπαντός.

1794 4953 1871 5006 Τὰ
1903 4953 2026 5005 ἅνω
2057 4953 2187 5022 γάρ,
2222 4954 2379 5024 φησὶ,
2412 4951 2658 5021 ζητεῖτε,
2689 4951 2760 5009 οὗ
2779 4959 2811 5010 ὁ
2837 4959 3092 5024 Χριστός
3118 4960 3292 5014 ἐστιν
3316 4963 3390 5015 ἐν

1787 5033 1959 5101 δεξιᾷ
1988 5036 2095 5089 τοῦ
2128 5036 2277 5090 Θεοῦ
2307 5036 2665 5106 καθήμενος.
2688 5039 2858 5092 Οὐδὲν
2881 5040 3025 5110 ἔχεις
3041 5044 3220 5096 κοινὸν
3248 5045 3387 5116 πρὸς

1786 5117 1888 5190 τὴν
1914 5118 2041 5189 γῆν,
2075 5118 2206 5173 ἔνθα
2256 5119 2412 5190 ἡλίου
2443 5121 2657 5192 δρόμοι,
2689 5123 2785 5176 xu).
2815 5125 3077 5194 περίοδοι,
3115 5128 3208 5179 xu)
3241 5131 3384 5199 ἡμέ-

1789 5218 1911 5273 ραιο
1946 5203 2063 5255 ἀλλ’
2094 5202 2190 5256 ἐὰν
2228 5204 2406 5275 ὀρθῶς
2436 5204 2556 5274 ζῇς,
2593 5199 2750 5275 νὺξ
2785 5208 2970 5277 ἡμέρα
3018 5227 3100 5262 σοι
3133 5211 3345 5278 γίνεται
3368 5233 3380 5245 .

1786 5285 1977 5358 ῶσπερ
2014 5281 2108 5340 οὖν
2140 5289 2253 5350 τοῖς
2290 5290 2348 5338 ἐν
2379 5287 2641 5358 ἀσελγείᾳ
2685 5290 2780 5341 xu).
2819 5291 2960 5364 μέθῃ
2997 5293 3090 5345 καὶ
3114 5295 3384 5368 ἀκολασίᾳ⁵

1788 5369 1998 5442 βιοῦσιν
2037 5371 2278 5442 ἡὴμέρα
2303 5370 2484 5424 αὐτῶν
2516 5372 2653 5442 πρὸς
2685 5373 2745 5425 τὸ
2781 5373 2882 5444 τῆς
2916 5379 3112 5441 νυκτὲς
3144 5383 3383 5450 μεταφέ-

1788 5471 1939 5525 ρεται
1972 5454 2184 5518 σκότος,
2238 5454 2297 5506 ού
2354 5454 2449 5507 τοῦ
2489 5455 2642 5525 ἡλίου
2693 5457 3080 5528 σϐεννυμένου,
3112 5462 3249 5516 άλλά
3283 5465 3382 5536 τῆς

1784 5538 2012 5592 ἐκείνων
2037 5538 2299 5602 ,διανοίας
2354 5541 2420 5609 τῇ
2468 5538 2608 5611 μέθῃ
2659 5541 3074 5614 σκοτιζομένης.
3112 5544 3186 5599 Τὸ
3241 5556 3382 5618 πρὸς

1846 5716 2220 5792 δίψιοι-θείω
2268 5717 2564 5792 πανηγύρεις.
2611 5721 2788 5792 Τί-γάρ
2823 5723 3041 5792 λαμπρὰς
3065 5730 3263 5792 ἡμέρας,
3301 5718 3386 5791 ξής

1781 5784 1936 5892 Ϊυχῆς
1956 5780 2023 5826 ἐτι
2049 5780 2390 5852 ἐσκοτισμένης
2427 5780 2602 5841 uvam;
2651 5780 2706 5831 Εἰ
2747 5780 2798 5833 δὲ
2835 5780 2928 5851 ἀρα
2953 5780 2997 5835 τι
3028 5780 3395 5857 qupﬁdﬁhgfjgg

1815 5842 1878 5888 πὸ
1910 5842 2155 5892 νεομηνίας
2178 5843 2336 5892 Βούλει

1815 5842 1878 5888 πὸ
1910 5842 2155 5900 νεομηνίας
2178 5842 2283 5900 βούὶ
2297 5858 2336 5888 ει

1848 5906 1869 5934 ε
1901 5904 2008 5952 Duo
2031 5917 2142 5952 luas.
2171 5904 2355 5954 habent
2379 5907 2635 5964 xrfopam.

4106 218 4135 303 ξ,

4104 370 4115 473 ξ
4139 463 4142 466 _

4102 542 4135 577 ,ξ

4102 578 4117 643 ί

4106 696 4135 727 ,,

4102 940 4139 1045 ¹εΔ

4102 1056 4117 1119 ᾗ
4139 1085 4142 1088 .

4099 1374 4139 1451 ἐ

4099 1472 4137 1502 .2'.

4097 1548 4139 1593 β

4112 1706 4117 1721 ³
4139 1725 4142 1728 .

4097 1877 4142 1962 ί

4098 2108 4142 2142 ι.

4097 2251 4142 2310 ἐξ

4097 2293 4142 2376 ές
