  <div class='ocr_page' id='page_1' title='image "/cluster/home/n/w/nwhite01/storage/ocr_20150623/48/pst.000005712458/443.png"; bbox 0 0 4160 6324; ppageno 0'>
   <div class='ocr_carea' id='block_1_1' title="bbox 704 386 810 444">
    <p class='ocr_par' dir='ltr' id='par_1_1' title="bbox 704 386 810 444">
     <span class='ocr_line' id='line_1_1' title="bbox 704 386 810 444; baseline 0 0"><span class='ocrx_word' id='word_1_1' title='bbox 704 386 810 444; x_wconf 74' lang='lat'>957</span> 
     </span>
    </p>
   </div>
   <div class='ocr_carea' id='block_1_2' title="bbox 699 497 2276 574">
    <p class='ocr_par' dir='ltr' id='par_1_2' title="bbox 699 497 2276 574">
     <span class='ocr_line' id='line_1_2' title="bbox 699 497 2276 574; baseline -0.001 -21"><span class='ocrx_word' id='word_1_2' title='bbox 699 501 920 574; x_wconf 71' lang='grc' dir='ltr'>ἡμέρας</span> <span class='ocrx_word' id='word_1_3' title='bbox 955 499 1252 570; x_wconf 72' lang='grc' dir='ltr'>ἐπτοῆσθαι</span> <span class='ocrx_word' id='word_1_4' title='bbox 1283 497 1558 563; x_wconf 72' lang='grc' dir='ltr'>τοιαύτας,</span> <span class='ocrx_word' id='word_1_5' title='bbox 1591 499 1683 553; x_wconf 79' lang='grc' dir='ltr'>καὶ</span> <span class='ocrx_word' id='word_1_6' title='bbox 1711 499 1932 552; x_wconf 78' lang='grc' dir='ltr'>πλείονα</span> <span class='ocrx_word' id='word_1_7' title='bbox 1981 502 2040 553; x_wconf 90' lang='grc' dir='ltr'>ἐν</span> <span class='ocrx_word' id='word_1_8' title='bbox 2082 501 2276 565; x_wconf 81' lang='grc' dir='ltr'>αὐταῖς</span> 
     </span>
    </p>
   </div>
   <div class='ocr_carea' id='block_1_3' title="bbox 697 582 2276 656">
    <p class='ocr_par' dir='ltr' id='par_1_3' title="bbox 697 582 2276 656">
     <span class='ocr_line' id='line_1_3' title="bbox 697 582 2276 656; baseline -0.001 -20"><span class='ocrx_word' id='word_1_9' title='bbox 697 584 954 656; x_wconf 75' lang='grc' dir='ltr'>δέχεσθαι</span> <span class='ocrx_word' id='word_1_10' title='bbox 987 583 1199 654; x_wconf 76' lang='grc' dir='ltr'>ἡδονὴν,</span> <span class='ocrx_word' id='word_1_11' title='bbox 1217 582 1311 656; x_wconf 64' lang='grc' dir='ltr'>και</span> <span class='ocrx_word' id='word_1_12' title='bbox 1329 582 1556 651; x_wconf 85' lang='grc' dir='ltr'>λύχνους</span> <span class='ocrx_word' id='word_1_13' title='bbox 1591 583 1784 635; x_wconf 79' lang='grc' dir='ltr'>ἅπτειν</span> <span class='ocrx_word' id='word_1_14' title='bbox 1808 583 1902 635; x_wconf 71' lang='grc' dir='ltr'>ἐπὶ</span> <span class='ocrx_word' id='word_1_15' title='bbox 1929 582 2030 652; x_wconf 89' lang='grc' dir='ltr'>τῆς</span> <span class='ocrx_word' id='word_1_16' title='bbox 2049 583 2276 652; x_wconf 78' lang='grc' dir='ltr'>ἀγορᾶς,</span> 
     </span>
    </p>
   </div>
   <div class='ocr_carea' id='block_1_4' title="bbox 701 655 2278 735">
    <p class='ocr_par' dir='ltr' id='par_1_4' title="bbox 701 655 2278 735">
     <span class='ocr_line' id='line_1_4' title="bbox 701 655 2278 735; baseline -0.003 -14"><span class='ocrx_word' id='word_1_17' title='bbox 701 655 799 721; x_wconf 77' lang='grc' dir='ltr'>καὶ</span> <span class='ocrx_word' id='word_1_18' title='bbox 833 655 1496 735; x_wconf 65' lang='grc' dir='ltr'>στεφανώματατιῒέκειν,</span> <span class='ocrx_word' id='word_1_19' title='bbox 1516 664 1774 733; x_wconf 77' lang='grc' dir='ltr'>παιδικῆς</span> <span class='ocrx_word' id='word_1_20' title='bbox 1802 665 1989 728; x_wconf 81' lang='grc' dir='ltr'>ἀνοίας</span> <span class='ocrx_word' id='word_1_21' title='bbox 2010 664 2176 718; x_wconf 85' lang='grc' dir='ltr'>ἐστίν.</span> <span class='ocrx_word' id='word_1_22' title='bbox 2205 665 2278 716; x_wconf 84' lang='grc' dir='ltr'>Σὺ</span> 
     </span>
    </p>
   </div>
   <div class='ocr_carea' id='block_1_5' title="bbox 701 741 2282 820">
    <p class='ocr_par' dir='ltr' id='par_1_5' title="bbox 701 741 2282 820">
     <span class='ocr_line' id='line_1_5' title="bbox 701 741 2282 820; baseline -0.002 -17"><span class='ocrx_word' id='word_1_23' title='bbox 701 751 760 804; x_wconf 89' lang='grc' dir='ltr'>δέ</span> <span class='ocrx_word' id='word_1_24' title='bbox 798 749 1002 819; x_wconf 80' lang='grc' dir='ltr'>ταύτης</span> <span class='ocrx_word' id='word_1_25' title='bbox 1032 748 1336 820; x_wconf 76' lang='grc' dir='ltr'>ἀπήλλαξαι</span> <span class='ocrx_word' id='word_1_26' title='bbox 1367 748 1465 818; x_wconf 88' lang='grc' dir='ltr'>τῆς</span> <span class='ocrx_word' id='word_1_27' title='bbox 1492 747 1796 812; x_wconf 79' lang='grc' dir='ltr'>ἀσθενείας,</span> <span class='ocrx_word' id='word_1_28' title='bbox 1832 741 1929 801; x_wconf 68' lang='grc' dir='ltr'>καὶ</span> <span class='ocrx_word' id='word_1_29' title='bbox 1959 750 2038 811; x_wconf 88' lang='grc' dir='ltr'>είς</span> <span class='ocrx_word' id='word_1_30' title='bbox 2079 747 2282 818; x_wconf 85' lang='grc' dir='ltr'>ἀνδρας</span> 
     </span>
    </p>
   </div>
   <div class='ocr_carea' id='block_1_6' title="bbox 699 823 2279 902">
    <p class='ocr_par' dir='ltr' id='par_1_6' title="bbox 699 823 2279 902">
     <span class='ocr_line' id='line_1_6' title="bbox 699 823 2279 902; baseline -0.002 -17"><span class='ocrx_word' id='word_1_31' title='bbox 699 823 897 895; x_wconf 77' lang='grc' dir='ltr'>τελεῖς,</span> <span class='ocrx_word' id='word_1_32' title='bbox 920 831 1016 885; x_wconf 70' lang='grc' dir='ltr'>καὶ</span> <span class='ocrx_word' id='word_1_33' title='bbox 1038 833 1119 894; x_wconf 88' lang='grc' dir='ltr'>εἰς</span> <span class='ocrx_word' id='word_1_34' title='bbox 1134 831 1231 902; x_wconf 79' lang='grc' dir='ltr'>τὴν</span> <span class='ocrx_word' id='word_1_35' title='bbox 1252 832 1358 884; x_wconf 91' lang='grc' dir='ltr'>τῶν</span> <span class='ocrx_word' id='word_1_36' title='bbox 1378 831 1622 902; x_wconf 82' lang='grc' dir='ltr'>οὐρανῶν</span> <span class='ocrx_word' id='word_1_37' title='bbox 1649 827 1956 901; x_wconf 72' lang='grc' dir='ltr'>ἐνεγράφης</span> <span class='ocrx_word' id='word_1_38' title='bbox 1976 829 2279 883; x_wconf 85' lang='grc' dir='ltr'>πολιτείαν.</span> 
     </span>
    </p>
   </div>
   <div class='ocr_carea' id='block_1_7' title="bbox 700 911 2281 986">
    <p class='ocr_par' dir='ltr' id='par_1_7' title="bbox 700 911 2281 986">
     <span class='ocr_line' id='line_1_7' title="bbox 700 911 2281 986; baseline -0.002 -19"><span class='ocrx_word' id='word_1_39' title='bbox 700 915 794 984; x_wconf 84' lang='grc' dir='ltr'>Μὴ</span> <span class='ocrx_word' id='word_1_40' title='bbox 825 914 1007 967; x_wconf 87' lang='grc' dir='ltr'>τοίνυν</span> <span class='ocrx_word' id='word_1_41' title='bbox 1038 914 1132 967; x_wconf 57' lang='grc' dir='ltr'>ἐπὶ⁸</span> <span class='ocrx_word' id='word_1_42' title='bbox 1160 915 1257 984; x_wconf 88' lang='grc' dir='ltr'>τῆς</span> <span class='ocrx_word' id='word_1_43' title='bbox 1277 914 1482 985; x_wconf 80' lang='grc' dir='ltr'>ἀγορᾶς</span> <span class='ocrx_word' id='word_1_44' title='bbox 1510 915 1827 986; x_wconf 82' lang='grc' dir='ltr'>ἀνακαύσῃς</span> <span class='ocrx_word' id='word_1_45' title='bbox 1860 913 1972 984; x_wconf 90' lang='grc' dir='ltr'>πῦρ</span> <span class='ocrx_word' id='word_1_46' title='bbox 1997 911 2281 982; x_wconf 85' lang='grc' dir='ltr'>αίσθητὸν,</span> 
     </span>
    </p>
   </div>
   <div class='ocr_carea' id='block_1_8' title="bbox 699 993 2278 1065">
    <p class='ocr_par' dir='ltr' id='par_1_8' title="bbox 699 993 2278 1065">
     <span class='ocr_line' id='line_1_8' title="bbox 699 993 2278 1065; baseline -0.001 -16"><span class='ocrx_word' id='word_1_47' title='bbox 699 997 818 1050; x_wconf 79' lang='grc' dir='ltr'>ἀλλ’</span> <span class='ocrx_word' id='word_1_48' title='bbox 857 997 953 1049; x_wconf 70' lang='grc' dir='ltr'>ἐπὶ</span> <span class='ocrx_word' id='word_1_49' title='bbox 1011 997 1112 1065; x_wconf 87' lang='grc' dir='ltr'>τῆς</span> <span class='ocrx_word' id='word_1_50' title='bbox 1151 995 1389 1060; x_wconf 88' lang='grc' dir='ltr'>διανοίας</span> <span class='ocrx_word' id='word_1_51' title='bbox 1437 996 1640 1064; x_wconf 80' lang='grc' dir='ltr'>ἀναψον</span> <span class='ocrx_word' id='word_1_52' title='bbox 1663 1007 1689 1036; x_wconf 79' lang='grc' dir='ltr'>ι</span> <span class='ocrx_word' id='word_1_53' title='bbox 1719 995 1836 1063; x_wconf 85' lang='grc' dir='ltr'>φῶς</span> <span class='ocrx_word' id='word_1_54' title='bbox 1888 993 2278 1064; x_wconf 87' lang='grc' dir='ltr'>πνευματικόν.</span> 
     </span>
    </p>
   </div>
   <div class='ocr_carea' id='block_1_9' title="bbox 700 1073 2285 1149">
    <p class='ocr_par' dir='ltr' id='par_1_9' title="bbox 700 1073 2285 1149">
     <span class='ocr_line' id='line_1_9' title="bbox 700 1073 2285 1149; baseline -0.002 -17"><span class='ocrx_word' id='word_1_55' title='bbox 700 1078 1006 1147; x_wconf 72' lang='grc' dir='ltr'>Λαμψάτω</span> <span class='ocrx_word' id='word_1_56' title='bbox 1031 1079 1162 1146; x_wconf 74' lang='grc' dir='ltr'>γὰρ,</span> <span class='ocrx_word' id='word_1_57' title='bbox 1192 1079 1347 1149; x_wconf 64' lang='grc' dir='ltr'>φησι,</span> <span class='ocrx_word' id='word_1_58' title='bbox 1365 1077 1432 1131; x_wconf 85' lang='grc' dir='ltr'>τὸ</span> <span class='ocrx_word' id='word_1_59' title='bbox 1462 1076 1589 1147; x_wconf 76' lang='grc' dir='ltr'>φῶς</span> <span class='ocrx_word' id='word_1_60' title='bbox 1610 1077 1778 1146; x_wconf 81' lang='grc' dir='ltr'>ὑμῶν</span> <span class='ocrx_word' id='word_1_61' title='bbox 1801 1078 2142 1146; x_wconf 73' lang='grc' dir='ltr'>ἔμπροσθεν</span> <span class='ocrx_word' id='word_1_62' title='bbox 2163 1073 2285 1129; x_wconf 85' lang='grc' dir='ltr'>τῶν</span> 
     </span>
    </p>
   </div>
   <div class='ocr_carea' id='block_1_10' title="bbox 701 1157 2282 1229">
    <p class='ocr_par' dir='ltr' id='par_1_10' title="bbox 701 1157 2282 1229">
     <span class='ocr_line' id='line_1_10' title="bbox 701 1157 2282 1229; baseline -0.003 -13"><span class='ocrx_word' id='word_1_63' title='bbox 701 1159 1050 1227; x_wconf 82' lang='grc' dir='ltr'>ἀνθρώπων,</span> <span class='ocrx_word' id='word_1_64' title='bbox 1087 1159 1248 1226; x_wconf 82' lang='grc' dir='ltr'>ὅπως</span> <span class='ocrx_word' id='word_1_65' title='bbox 1282 1159 1452 1214; x_wconf 77' lang='grc' dir='ltr'>ἴδωσι</span> <span class='ocrx_word' id='word_1_66' title='bbox 1486 1160 1557 1214; x_wconf 89' lang='grc' dir='ltr'>τὰ</span> <span class='ocrx_word' id='word_1_67' title='bbox 1596 1159 1754 1214; x_wconf 76' lang='grc' dir='ltr'>καλὰ</span> <span class='ocrx_word' id='word_1_68' title='bbox 1779 1160 1922 1229; x_wconf 76' lang='grc' dir='ltr'>ἔργα</span> <span class='ocrx_word' id='word_1_69' title='bbox 1965 1157 2156 1228; x_wconf 81' lang='grc' dir='ltr'>ὑμῶν,</span> <span class='ocrx_word' id='word_1_70' title='bbox 2181 1158 2282 1212; x_wconf 76' lang='grc' dir='ltr'>καί</span> 
     </span>
    </p>
   </div>
   <div class='ocr_carea' id='block_1_11' title="bbox 701 1240 2280 1312">
    <p class='ocr_par' dir='ltr' id='par_1_11' title="bbox 701 1240 2280 1312">
     <span class='ocr_line' id='line_1_11' title="bbox 701 1240 2280 1312; baseline -0.001 -16"><span class='ocrx_word' id='word_1_71' title='bbox 701 1242 1010 1307; x_wconf 78' lang='grc' dir='ltr'>δοξάσωσι</span> <span class='ocrx_word' id='word_1_72' title='bbox 1037 1245 1146 1297; x_wconf 85' lang='grc' dir='ltr'>τὸν</span> <span class='ocrx_word' id='word_1_73' title='bbox 1160 1242 1392 1311; x_wconf 80' lang='grc' dir='ltr'>Πατέρα</span> <span class='ocrx_word' id='word_1_74' title='bbox 1415 1241 1585 1312; x_wconf 78' lang='grc' dir='ltr'>ἡμῶν</span> <span class='ocrx_word' id='word_1_75' title='bbox 1614 1242 1804 1296; x_wconf 82' lang='grc' dir='ltr'>τὸνὲν</span> <span class='ocrx_word' id='word_1_76' title='bbox 1833 1241 1957 1308; x_wconf 86' lang='grc' dir='ltr'>τοῖς</span> <span class='ocrx_word' id='word_1_77' title='bbox 1981 1240 2280 1309; x_wconf 84' lang='grc' dir='ltr'>οὐρανοῖς.</span> 
     </span>
    </p>
   </div>
   <div class='ocr_carea' id='block_1_12' title="bbox 701 1322 2284 1396">
    <p class='ocr_par' dir='ltr' id='par_1_12' title="bbox 701 1322 2284 1396">
     <span class='ocr_line' id='line_1_12' title="bbox 701 1322 2284 1396; baseline -0.003 -17"><span class='ocrx_word' id='word_1_78' title='bbox 701 1324 957 1379; x_wconf 87' lang='grc' dir='ltr'>Τοῦτοτὸ</span> <span class='ocrx_word' id='word_1_79' title='bbox 982 1324 1098 1393; x_wconf 86' lang='grc' dir='ltr'>φῶς</span> <span class='ocrx_word' id='word_1_80' title='bbox 1130 1325 1332 1395; x_wconf 89' lang='grc' dir='ltr'>πολλήν</span> <span class='ocrx_word' id='word_1_81' title='bbox 1354 1342 1436 1378; x_wconf 93' lang='grc' dir='ltr'>σοι</span> <span class='ocrx_word' id='word_1_82' title='bbox 1469 1326 1625 1394; x_wconf 83' lang='grc' dir='ltr'>φέρει</span> <span class='ocrx_word' id='word_1_83' title='bbox 1655 1324 1755 1396; x_wconf 81' lang='grc' dir='ltr'>τὴν</span> <span class='ocrx_word' id='word_1_84' title='bbox 1784 1325 2042 1395; x_wconf 89' lang='grc' dir='ltr'>ἀμοιϐήν.</span> <span class='ocrx_word' id='word_1_85' title='bbox 2071 1323 2166 1394; x_wconf 83' lang='grc' dir='ltr'>Μὴ</span> <span class='ocrx_word' id='word_1_86' title='bbox 2183 1322 2284 1393; x_wconf 85' lang='grc' dir='ltr'>τὴν</span> 
     </span>
    </p>
   </div>
   <div class='ocr_carea' id='block_1_13' title="bbox 703 1404 2285 1481">
    <p class='ocr_par' dir='ltr' id='par_1_13' title="bbox 703 1404 2285 1481">
     <span class='ocr_line' id='line_1_13' title="bbox 703 1404 2285 1481; baseline -0.001 -22"><span class='ocrx_word' id='word_1_87' title='bbox 703 1407 876 1479; x_wconf 90' lang='grc' dir='ltr'>θύραν</span> <span class='ocrx_word' id='word_1_88' title='bbox 902 1407 1002 1477; x_wconf 86' lang='grc' dir='ltr'>τῆς</span> <span class='ocrx_word' id='word_1_89' title='bbox 1037 1407 1216 1470; x_wconf 84' lang='grc' dir='ltr'>οἰκίας</span> <span class='ocrx_word' id='word_1_90' title='bbox 1275 1406 1650 1481; x_wconf 82' lang='grc' dir='ltr'>στεφανώσῃς,</span> <span class='ocrx_word' id='word_1_91' title='bbox 1679 1407 1818 1460; x_wconf 88' lang='grc' dir='ltr'>ἀλλά</span> <span class='ocrx_word' id='word_1_92' title='bbox 1859 1406 2116 1474; x_wconf 83' lang='grc' dir='ltr'>τοιαύτην</span> <span class='ocrx_word' id='word_1_93' title='bbox 2165 1404 2285 1458; x_wconf 85' lang='grc' dir='ltr'>ἐπί-</span> 
     </span>
    </p>
   </div>
   <div class='ocr_carea' id='block_1_14' title="bbox 701 1487 2284 1562">
    <p class='ocr_par' dir='ltr' id='par_1_14' title="bbox 701 1487 2284 1562">
     <span class='ocr_line' id='line_1_14' title="bbox 701 1487 2284 1562; baseline -0.001 -21"><span class='ocrx_word' id='word_1_94' title='bbox 701 1489 875 1557; x_wconf 82' lang='grc' dir='ltr'>δειξαι</span> <span class='ocrx_word' id='word_1_95' title='bbox 908 1488 1204 1554; x_wconf 84' lang='grc' dir='ltr'>πολιτείαν,</span> <span class='ocrx_word' id='word_1_96' title='bbox 1232 1487 1373 1542; x_wconf 84' lang='grc' dir='ltr'>ὥστε</span> <span class='ocrx_word' id='word_1_97' title='bbox 1400 1488 1492 1543; x_wconf 93' lang='grc' dir='ltr'>τὸν</span> <span class='ocrx_word' id='word_1_98' title='bbox 1515 1490 1613 1562; x_wconf 86' lang='grc' dir='ltr'>τῆς</span> <span class='ocrx_word' id='word_1_99' title='bbox 1631 1489 1980 1560; x_wconf 83' lang='grc' dir='ltr'>δικαιοσύνης</span> <span class='ocrx_word' id='word_1_100' title='bbox 2017 1487 2284 1556; x_wconf 84' lang='grc' dir='ltr'>στέφανον</span> 
     </span>
    </p>
   </div>
   <div class='ocr_carea' id='block_1_15' title="bbox 705 1569 2282 1644">
    <p class='ocr_par' dir='ltr' id='par_1_15' title="bbox 705 1569 2282 1644">
     <span class='ocr_line' id='line_1_15' title="bbox 705 1569 2282 1644; baseline 0 -22"><span class='ocrx_word' id='word_1_101' title='bbox 705 1573 772 1641; x_wconf 75' lang='grc' dir='ltr'>σῇ</span> <span class='ocrx_word' id='word_1_102' title='bbox 817 1569 1027 1641; x_wconf 84' lang='grc' dir='ltr'>κεφαλῇ</span> <span class='ocrx_word' id='word_1_103' title='bbox 1059 1571 1212 1643; x_wconf 84' lang='grc' dir='ltr'>παρὰ</span> <span class='ocrx_word' id='word_1_104' title='bbox 1237 1571 1341 1641; x_wconf 85' lang='grc' dir='ltr'>τῆς</span> <span class='ocrx_word' id='word_1_105' title='bbox 1373 1571 1468 1625; x_wconf 90' lang='grc' dir='ltr'>τοῦ</span> <span class='ocrx_word' id='word_1_106' title='bbox 1499 1571 1737 1644; x_wconf 80' lang='grc' dir='ltr'>Χριστοῦ</span> <span class='ocrx_word' id='word_1_107' title='bbox 1785 1571 2041 1636; x_wconf 80' lang='grc' dir='ltr'>δέξασθαι</span> <span class='ocrx_word' id='word_1_108' title='bbox 2078 1569 2282 1640; x_wconf 80' lang='grc' dir='ltr'>χειρός.</span> 
     </span>
    </p>
   </div>
   <div class='ocr_carea' id='block_1_16' title="bbox 702 1652 2284 1725">
    <p class='ocr_par' dir='ltr' id='par_1_16' title="bbox 702 1652 2284 1725">
     <span class='ocr_line' id='line_1_16' title="bbox 702 1652 2284 1725; baseline -0.001 -19"><span class='ocrx_word' id='word_1_109' title='bbox 702 1652 887 1723; x_wconf 85' lang='grc' dir='ltr'>Μηδὲν</span> <span class='ocrx_word' id='word_1_110' title='bbox 937 1654 1083 1724; x_wconf 85' lang='grc' dir='ltr'>είκῆ,</span> <span class='ocrx_word' id='word_1_111' title='bbox 1149 1653 1283 1725; x_wconf 83' lang='grc' dir='ltr'>μηδὲ</span> <span class='ocrx_word' id='word_1_112' title='bbox 1331 1653 1517 1717; x_wconf 79' lang='grc' dir='ltr'>ἁπλῶς</span> <span class='ocrx_word' id='word_1_113' title='bbox 1573 1655 1842 1723; x_wconf 82' lang='grc' dir='ltr'>γενέσθω·</span> <span class='ocrx_word' id='word_1_114' title='bbox 1891 1652 2036 1707; x_wconf 77' lang='grc' dir='ltr'>οὕτω</span> <span class='ocrx_word' id='word_1_115' title='bbox 2068 1652 2284 1717; x_wconf 82' lang='grc' dir='ltr'>Παῦλος</span> 
     </span>
    </p>
   </div>
   <div class='ocr_carea' id='block_1_17' title="bbox 702 1734 2287 1805">
    <p class='ocr_par' dir='ltr' id='par_1_17' title="bbox 702 1734 2287 1805">
     <span class='ocr_line' id='line_1_17' title="bbox 702 1734 2287 1805; baseline 0.001 -18"><span class='ocrx_word' id='word_1_116' title='bbox 702 1735 937 1800; x_wconf 87' lang='grc' dir='ltr'>ἐπέταξε</span> <span class='ocrx_word' id='word_1_117' title='bbox 999 1737 1178 1790; x_wconf 84' lang='grc' dir='ltr'>πάντα</span> <span class='ocrx_word' id='word_1_118' title='bbox 1232 1738 1313 1800; x_wconf 87' lang='grc' dir='ltr'>είς</span> <span class='ocrx_word' id='word_1_119' title='bbox 1369 1736 1525 1802; x_wconf 90' lang='grc' dir='ltr'>δόξαν</span> <span class='ocrx_word' id='word_1_120' title='bbox 1561 1735 1696 1789; x_wconf 86' lang='grc' dir='ltr'>Θεοῦ</span> <span class='ocrx_word' id='word_1_121' title='bbox 1762 1739 1954 1790; x_wconf 88' lang='grc' dir='ltr'>ποιεῖν.</span> <span class='ocrx_word' id='word_1_122' title='bbox 1989 1736 2125 1788; x_wconf 79' lang='grc' dir='ltr'>Εἴτε</span> <span class='ocrx_word' id='word_1_123' title='bbox 2173 1734 2287 1805; x_wconf 66' lang='grc' dir='ltr'>γὰρ</span> 
     </span>
    </p>
   </div>
   <div class='ocr_carea' id='block_1_18' title="bbox 701 1816 2289 1887">
    <p class='ocr_par' dir='ltr' id='par_1_18' title="bbox 701 1816 2289 1887">
     <span class='ocr_line' id='line_1_18' title="bbox 701 1816 2289 1887; baseline 0.001 -17"><span class='ocrx_word' id='word_1_124' title='bbox 701 1816 958 1880; x_wconf 75' lang='grc' dir='ltr'>ἐσθίετε,</span> <span class='ocrx_word' id='word_1_125' title='bbox 991 1818 1175 1887; x_wconf 72' lang='grc' dir='ltr'>φησιν,</span> <span class='ocrx_word' id='word_1_126' title='bbox 1206 1818 1325 1871; x_wconf 74' lang='grc' dir='ltr'>εἴτε</span> <span class='ocrx_word' id='word_1_127' title='bbox 1351 1819 1576 1879; x_wconf 81' lang='grc' dir='ltr'>πίνετε.</span> <span class='ocrx_word' id='word_1_128' title='bbox 1598 1819 1720 1872; x_wconf 77' lang='grc' dir='ltr'>εἶτε</span> <span class='ocrx_word' id='word_1_129' title='bbox 1742 1835 1797 1871; x_wconf 88' lang='grc' dir='ltr'>τι</span> <span class='ocrx_word' id='word_1_130' title='bbox 1823 1818 2065 1882; x_wconf 82' lang='grc' dir='ltr'>ποιεῖτε,</span> <span class='ocrx_word' id='word_1_131' title='bbox 2091 1818 2289 1872; x_wconf 80' lang='grc' dir='ltr'>πάντα</span> 
     </span>
    </p>
   </div>
   <div class='ocr_carea' id='block_1_19' title="bbox 701 1899 2288 1972">
    <p class='ocr_par' dir='ltr' id='par_1_19' title="bbox 701 1899 2288 1972">
     <span class='ocr_line' id='line_1_19' title="bbox 701 1899 2288 1972; baseline 0.001 -20"><span class='ocrx_word' id='word_1_132' title='bbox 701 1903 792 1965; x_wconf 85' lang='grc' dir='ltr'>είς</span> <span class='ocrx_word' id='word_1_133' title='bbox 820 1899 1011 1963; x_wconf 81' lang='grc' dir='ltr'>δόξαν</span> <span class='ocrx_word' id='word_1_134' title='bbox 1053 1900 1200 1954; x_wconf 88' lang='grc' dir='ltr'>Θεοῦ</span> <span class='ocrx_word' id='word_1_135' title='bbox 1233 1900 1472 1953; x_wconf 80' lang='grc' dir='ltr'>ποιεῖτε.</span> <span class='ocrx_word' id='word_1_136' title='bbox 1509 1901 1622 1955; x_wconf 64' lang='lat' dir='ltr'>Kal</span> <span class='ocrx_word' id='word_1_137' title='bbox 1656 1901 1774 1964; x_wconf 88' lang='grc' dir='ltr'>πῶς</span> <span class='ocrx_word' id='word_1_138' title='bbox 1807 1901 1946 1965; x_wconf 83' lang='grc' dir='ltr'>ἐστι,</span> <span class='ocrx_word' id='word_1_139' title='bbox 1989 1903 2145 1972; x_wconf 78' lang='grc' dir='ltr'>φησὶ,</span> <span class='ocrx_word' id='word_1_140' title='bbox 2183 1917 2288 1970; x_wconf 89' lang='grc' dir='ltr'>φα-</span> 
     </span>
    </p>
   </div>
   <div class='ocr_carea' id='block_1_20' title="bbox 701 1982 2285 2055">
    <p class='ocr_par' dir='ltr' id='par_1_20' title="bbox 701 1982 2285 2055">
     <span class='ocr_line' id='line_1_20' title="bbox 701 1982 2285 2055; baseline 0.002 -21"><span class='ocrx_word' id='word_1_141' title='bbox 701 1985 821 2049; x_wconf 87' lang='grc' dir='ltr'>γεῖν</span> <span class='ocrx_word' id='word_1_142' title='bbox 865 1983 960 2036; x_wconf 80' lang='grc' dir='ltr'>καὶ</span> <span class='ocrx_word' id='word_1_143' title='bbox 1007 1985 1184 2035; x_wconf 82' lang='grc' dir='ltr'>ποιεῖν</span> <span class='ocrx_word' id='word_1_144' title='bbox 1232 1984 1313 2046; x_wconf 85' lang='grc' dir='ltr'>είς</span> <span class='ocrx_word' id='word_1_145' title='bbox 1364 1983 1523 2047; x_wconf 86' lang='grc' dir='ltr'>δόξαν</span> <span class='ocrx_word' id='word_1_146' title='bbox 1566 1983 1735 2049; x_wconf 88' lang='grc' dir='ltr'>Θεοῦ;</span> <span class='ocrx_word' id='word_1_147' title='bbox 1778 1982 2016 2037; x_wconf 81' lang='grc' dir='ltr'>Κάλεσον</span> <span class='ocrx_word' id='word_1_148' title='bbox 2056 1984 2285 2055; x_wconf 87' lang='grc' dir='ltr'>πένητα,</span> 
     </span>
    </p>
   </div>
   <div class='ocr_carea' id='block_1_21' title="bbox 703 2065 2290 2136">
    <p class='ocr_par' dir='ltr' id='par_1_21' title="bbox 703 2065 2290 2136">
     <span class='ocr_line' id='line_1_21' title="bbox 703 2065 2290 2136; baseline 0.001 -20"><span class='ocrx_word' id='word_1_149' title='bbox 703 2065 963 2117; x_wconf 80' lang='grc' dir='ltr'>κοινωνὸν</span> <span class='ocrx_word' id='word_1_150' title='bbox 991 2065 1219 2135; x_wconf 85' lang='grc' dir='ltr'>ποίησον</span> <span class='ocrx_word' id='word_1_151' title='bbox 1254 2065 1351 2135; x_wconf 88' lang='grc' dir='ltr'>τῆς</span> <span class='ocrx_word' id='word_1_152' title='bbox 1385 2065 1666 2136; x_wconf 73' lang='grc' dir='ltr'>τραπέζης</span> <span class='ocrx_word' id='word_1_153' title='bbox 1683 2066 1774 2119; x_wconf 90' lang='grc' dir='ltr'>τὸν</span> <span class='ocrx_word' id='word_1_154' title='bbox 1803 2065 2056 2135; x_wconf 75' lang='grc' dir='ltr'>Χριστὸν,</span> <span class='ocrx_word' id='word_1_155' title='bbox 2083 2066 2178 2119; x_wconf 80' lang='grc' dir='ltr'>καὶ</span> <span class='ocrx_word' id='word_1_156' title='bbox 2209 2067 2290 2125; x_wconf 85' lang='grc' dir='ltr'>είς</span> 
     </span>
    </p>
   </div>
   <div class='ocr_carea' id='block_1_22' title="bbox 699 2146 2289 2217">
    <p class='ocr_par' dir='ltr' id='par_1_22' title="bbox 699 2146 2289 2217">
     <span class='ocr_line' id='line_1_22' title="bbox 699 2146 2289 2217; baseline -0.001 -17"><span class='ocrx_word' id='word_1_157' title='bbox 699 2146 860 2213; x_wconf 84' lang='grc' dir='ltr'>δόξαν</span> <span class='ocrx_word' id='word_1_158' title='bbox 893 2147 1030 2200; x_wconf 86' lang='grc' dir='ltr'>Θεοῦ</span> <span class='ocrx_word' id='word_1_159' title='bbox 1084 2147 1288 2214; x_wconf 78' lang='grc' dir='ltr'>ἔφαγες</span> <span class='ocrx_word' id='word_1_160' title='bbox 1337 2149 1431 2201; x_wconf 77' lang='grc' dir='ltr'>καὶ</span> <span class='ocrx_word' id='word_1_161' title='bbox 1478 2147 1649 2210; x_wconf 79' lang='grc' dir='ltr'>ἔπιες.</span> <span class='ocrx_word' id='word_1_162' title='bbox 1668 2148 1806 2199; x_wconf 82' lang='grc' dir='ltr'>Ἀλλ’</span> <span class='ocrx_word' id='word_1_163' title='bbox 1829 2149 1888 2199; x_wconf 89' lang='grc' dir='ltr'>οὐ</span> <span class='ocrx_word' id='word_1_164' title='bbox 1923 2147 2082 2201; x_wconf 90' lang='grc' dir='ltr'>τοῦτο</span> <span class='ocrx_word' id='word_1_165' title='bbox 2128 2147 2289 2217; x_wconf 89' lang='grc' dir='ltr'>μόνον</span> 
     </span>
    </p>
   </div>
   <div class='ocr_carea' id='block_1_23' title="bbox 703 2228 2290 2296">
    <p class='ocr_par' dir='ltr' id='par_1_23' title="bbox 703 2228 2290 2296">
     <span class='ocr_line' id='line_1_23' title="bbox 703 2228 2290 2296; baseline -0.001 -13"><span class='ocrx_word' id='word_1_166' title='bbox 703 2229 968 2294; x_wconf 73' lang='grc' dir='ltr'>ἐπέταξεν</span> <span class='ocrx_word' id='word_1_167' title='bbox 1006 2232 1086 2293; x_wconf 88' lang='grc' dir='ltr'>είς</span> <span class='ocrx_word' id='word_1_168' title='bbox 1131 2231 1289 2296; x_wconf 87' lang='grc' dir='ltr'>δόξαν</span> <span class='ocrx_word' id='word_1_169' title='bbox 1333 2229 1468 2283; x_wconf 86' lang='grc' dir='ltr'>Θεοῦ</span> <span class='ocrx_word' id='word_1_170' title='bbox 1514 2233 1709 2290; x_wconf 77' lang='grc' dir='ltr'>ποιεῖν.</span> <span class='ocrx_word' id='word_1_171' title='bbox 1739 2230 1875 2284; x_wconf 85' lang='grc' dir='ltr'>ἀλλὰ</span> <span class='ocrx_word' id='word_1_172' title='bbox 1905 2231 2000 2284; x_wconf 74' lang='grc' dir='ltr'>καὶ</span> <span class='ocrx_word' id='word_1_173' title='bbox 2030 2231 2100 2283; x_wconf 71' lang='grc' dir='ltr'>τὰ</span> <span class='ocrx_word' id='word_1_174' title='bbox 2126 2228 2290 2283; x_wconf 83' lang='grc' dir='ltr'>λοιπά</span> 
     </span>
    </p>
   </div>
   <div class='ocr_carea' id='block_1_24' title="bbox 702 2305 2291 2384">
    <p class='ocr_par' dir='ltr' id='par_1_24' title="bbox 702 2305 2291 2384">
     <span class='ocr_line' id='line_1_24' title="bbox 702 2305 2291 2384; baseline -0.001 -17"><span class='ocrx_word' id='word_1_175' title='bbox 702 2312 940 2378; x_wconf 68' lang='grc' dir='ltr'>ἅπαντα,</span> <span class='ocrx_word' id='word_1_176' title='bbox 964 2305 1076 2366; x_wconf 75' lang='grc' dir='ltr'>οἷόν</span> <span class='ocrx_word' id='word_1_177' title='bbox 1109 2315 1256 2365; x_wconf 87' lang='grc' dir='ltr'>ἐστιν</span> <span class='ocrx_word' id='word_1_178' title='bbox 1288 2313 1545 2383; x_wconf 86' lang='grc' dir='ltr'>ἐμϐαλεῖν</span> <span class='ocrx_word' id='word_1_179' title='bbox 1583 2315 1664 2377; x_wconf 88' lang='grc' dir='ltr'>είς</span> <span class='ocrx_word' id='word_1_180' title='bbox 1691 2315 1791 2384; x_wconf 82' lang='grc' dir='ltr'>τήν</span> <span class='ocrx_word' id='word_1_181' title='bbox 1819 2313 2046 2384; x_wconf 79' lang='grc' dir='ltr'>ἀγορὰν,</span> <span class='ocrx_word' id='word_1_182' title='bbox 2080 2314 2176 2366; x_wconf 81' lang='grc' dir='ltr'>καὶ</span> <span class='ocrx_word' id='word_1_183' title='bbox 2212 2311 2291 2365; x_wconf 68' lang='lat'><strong>0!-</strong></span> 
     </span>
    </p>
   </div>
   <div class='ocr_carea' id='block_1_25' title="bbox 702 2396 2285 2467">
    <p class='ocr_par' dir='ltr' id='par_1_25' title="bbox 702 2396 2285 2467">
     <span class='ocr_line' id='line_1_25' title="bbox 702 2396 2285 2467; baseline -0.001 -18"><span class='ocrx_word' id='word_1_184' title='bbox 702 2415 789 2449; x_wconf 88' lang='grc' dir='ltr'>κοι</span> <span class='ocrx_word' id='word_1_185' title='bbox 819 2399 1036 2467; x_wconf 84' lang='grc' dir='ltr'>μεῖναι·</span> <span class='ocrx_word' id='word_1_186' title='bbox 1074 2396 1365 2465; x_wconf 87' lang='grc' dir='ltr'>ἀμφότερα</span> <span class='ocrx_word' id='word_1_187' title='bbox 1398 2396 1572 2450; x_wconf 86' lang='grc' dir='ltr'>ταῦτα</span> <span class='ocrx_word' id='word_1_188' title='bbox 1609 2397 1700 2449; x_wconf 82' lang='grc' dir='ltr'>διὰ</span> <span class='ocrx_word' id='word_1_189' title='bbox 1726 2397 1818 2450; x_wconf 90' lang='grc' dir='ltr'>τὸν</span> <span class='ocrx_word' id='word_1_190' title='bbox 1857 2398 1991 2450; x_wconf 83' lang='grc' dir='ltr'>Θεὸν</span> <span class='ocrx_word' id='word_1_191' title='bbox 2021 2397 2285 2464; x_wconf 79' lang='grc' dir='ltr'>γενέσθω.</span> 
     </span>
    </p>
   </div>
   <div class='ocr_carea' id='block_1_26' title="bbox 700 2478 2289 2552">
    <p class='ocr_par' dir='ltr' id='par_1_26' title="bbox 700 2478 2289 2552">
     <span class='ocr_line' id='line_1_26' title="bbox 700 2478 2289 2552; baseline -0.001 -19"><span class='ocrx_word' id='word_1_192' title='bbox 700 2482 815 2534; x_wconf 76' lang='grc' dir='ltr'>Καὶ</span> <span class='ocrx_word' id='word_1_193' title='bbox 864 2480 982 2543; x_wconf 91' lang='grc' dir='ltr'>πῶς</span> <span class='ocrx_word' id='word_1_194' title='bbox 1025 2479 1173 2535; x_wconf 76' lang='grc' dir='ltr'>ἐστιν</span> <span class='ocrx_word' id='word_1_195' title='bbox 1219 2481 1506 2552; x_wconf 84' lang='grc' dir='ltr'>ἀμφότερα</span> <span class='ocrx_word' id='word_1_196' title='bbox 1556 2480 1730 2534; x_wconf 89' lang='grc' dir='ltr'>ταῦτα</span> <span class='ocrx_word' id='word_1_197' title='bbox 1777 2480 2022 2549; x_wconf 89' lang='grc' dir='ltr'>γίνεσθαι</span> <span class='ocrx_word' id='word_1_198' title='bbox 2063 2481 2151 2532; x_wconf 83' lang='grc' dir='ltr'>διά</span> <span class='ocrx_word' id='word_1_199' title='bbox 2197 2478 2289 2531; x_wconf 90' lang='grc' dir='ltr'>τὸν</span> 
     </span>
    </p>
   </div>
   <div class='ocr_carea' id='block_1_27' title="bbox 700 2563 2289 2634">
    <p class='ocr_par' dir='ltr' id='par_1_27' title="bbox 700 2563 2289 2634">
     <span class='ocr_line' id='line_1_27' title="bbox 700 2563 2289 2634; baseline -0.001 -18"><span class='ocrx_word' id='word_1_200' title='bbox 700 2563 872 2630; x_wconf 87' lang='grc' dir='ltr'>Θεόν;</span> <span class='ocrx_word' id='word_1_201' title='bbox 905 2565 1078 2617; x_wconf 88' lang='grc' dir='ltr'>Ὅταν</span> <span class='ocrx_word' id='word_1_202' title='bbox 1107 2565 1187 2626; x_wconf 86' lang='grc' dir='ltr'>είς</span> <span class='ocrx_word' id='word_1_203' title='bbox 1216 2564 1513 2634; x_wconf 76' lang='grc' dir='ltr'>ἐκκλησίαν</span> <span class='ocrx_word' id='word_1_204' title='bbox 1549 2563 1793 2634; x_wconf 76' lang='grc' dir='ltr'>βαδίζῃς,</span> <span class='ocrx_word' id='word_1_205' title='bbox 1811 2565 1940 2616; x_wconf 85' lang='grc' dir='ltr'>ὅταν</span> <span class='ocrx_word' id='word_1_206' title='bbox 1969 2563 2135 2632; x_wconf 80' lang='grc' dir='ltr'>εὐχῆς</span> <span class='ocrx_word' id='word_1_207' title='bbox 2163 2579 2289 2632; x_wconf 90' lang='grc' dir='ltr'>μετ-</span> 
     </span>
    </p>
   </div>
   <div class='ocr_carea' id='block_1_28' title="bbox 705 2646 2290 2717">
    <p class='ocr_par' dir='ltr' id='par_1_28' title="bbox 705 2646 2290 2717">
     <span class='ocr_line' id='line_1_28' title="bbox 705 2646 2290 2717; baseline -0.001 -19"><span class='ocrx_word' id='word_1_208' title='bbox 705 2647 855 2717; x_wconf 82' lang='grc' dir='ltr'>έχῃς,</span> <span class='ocrx_word' id='word_1_209' title='bbox 892 2647 1020 2701; x_wconf 85' lang='grc' dir='ltr'>ὅταν</span> <span class='ocrx_word' id='word_1_210' title='bbox 1057 2646 1406 2708; x_wconf 82' lang='grc' dir='ltr'>διδασκαλίας</span> <span class='ocrx_word' id='word_1_211' title='bbox 1449 2647 1909 2716; x_wconf 84' lang='grc' dir='ltr'>πνευματικῆς,ή</span> <span class='ocrx_word' id='word_1_212' title='bbox 1943 2646 2168 2716; x_wconf 79' lang='grc' dir='ltr'>πρόοδος</span> <span class='ocrx_word' id='word_1_213' title='bbox 2211 2647 2290 2707; x_wconf 87' lang='grc' dir='ltr'>είς</span> 
     </span>
    </p>
   </div>
   <div class='ocr_carea' id='block_1_29' title="bbox 700 2727 2290 2796">
    <p class='ocr_par' dir='ltr' id='par_1_29' title="bbox 700 2727 2290 2796">
     <span class='ocr_line' id='line_1_29' title="bbox 700 2727 2290 2796; baseline 0 -16"><span class='ocrx_word' id='word_1_214' title='bbox 700 2728 860 2792; x_wconf 78' lang='grc' dir='ltr'>δόξαν</span> <span class='ocrx_word' id='word_1_215' title='bbox 892 2727 1028 2781; x_wconf 87' lang='grc' dir='ltr'>Θεοῦ</span> <span class='ocrx_word' id='word_1_216' title='bbox 1067 2728 1278 2796; x_wconf 88' lang='grc' dir='ltr'>γέγονε.</span> <span class='ocrx_word' id='word_1_217' title='bbox 1325 2728 1491 2781; x_wconf 88' lang='grc' dir='ltr'>Πάλιν</span> <span class='ocrx_word' id='word_1_218' title='bbox 1527 2730 1674 2783; x_wconf 81' lang='grc' dir='ltr'>ἐστὶν</span> <span class='ocrx_word' id='word_1_219' title='bbox 1720 2730 1861 2782; x_wconf 81' lang='grc' dir='ltr'>οἴκοι</span> <span class='ocrx_word' id='word_1_220' title='bbox 1893 2729 1980 2781; x_wconf 83' lang='grc' dir='ltr'>διά</span> <span class='ocrx_word' id='word_1_221' title='bbox 2023 2729 2115 2782; x_wconf 90' lang='grc' dir='ltr'>τὸν</span> <span class='ocrx_word' id='word_1_222' title='bbox 2155 2728 2290 2780; x_wconf 85' lang='grc' dir='ltr'>Θεὸν</span> 
     </span>
    </p>
   </div>
   <div class='ocr_carea' id='block_1_30' title="bbox 705 2809 2291 2883">
    <p class='ocr_par' dir='ltr' id='par_1_30' title="bbox 705 2809 2291 2883">
     <span class='ocr_line' id='line_1_30' title="bbox 705 2809 2291 2883; baseline -0.002 -19"><span class='ocrx_word' id='word_1_223' title='bbox 705 2817 908 2882; x_wconf 82' lang='grc' dir='ltr'>μεῖναι.</span> <span class='ocrx_word' id='word_1_224' title='bbox 942 2810 1070 2875; x_wconf 90' lang='grc' dir='ltr'>Πῶς</span> <span class='ocrx_word' id='word_1_225' title='bbox 1110 2812 1206 2864; x_wconf 74' lang='grc' dir='ltr'>καὶ</span> <span class='ocrx_word' id='word_1_226' title='bbox 1247 2810 1353 2864; x_wconf 91' lang='grc' dir='ltr'>τίνι</span> <span class='ocrx_word' id='word_1_227' title='bbox 1383 2810 1601 2883; x_wconf 89' lang='grc' dir='ltr'>τρόπῳ;</span> <span class='ocrx_word' id='word_1_228' title='bbox 1647 2812 1817 2864; x_wconf 88' lang='grc' dir='ltr'>Ὅταν</span> <span class='ocrx_word' id='word_1_229' title='bbox 1856 2810 2098 2882; x_wconf 82' lang='grc' dir='ltr'>ἀκούσῃς</span> <span class='ocrx_word' id='word_1_230' title='bbox 2132 2809 2291 2877; x_wconf 88' lang='grc' dir='ltr'>θορύ-</span> 
     </span>
    </p>
   </div>
   <div class='ocr_carea' id='block_1_31' title="bbox 702 2891 2293 2964">
    <p class='ocr_par' dir='ltr' id='par_1_31' title="bbox 702 2891 2293 2964">
     <span class='ocr_line' id='line_1_31' title="bbox 702 2891 2293 2964; baseline -0.001 -20"><span class='ocrx_word' id='word_1_231' title='bbox 702 2893 852 2958; x_wconf 78' lang='grc' dir='ltr'>ϐους,</span> <span class='ocrx_word' id='word_1_232' title='bbox 881 2893 1108 2959; x_wconf 81' lang='grc' dir='ltr'>ἀταξίας</span> <span class='ocrx_word' id='word_1_233' title='bbox 1138 2894 1233 2946; x_wconf 73' lang='grc' dir='ltr'>καὶ</span> <span class='ocrx_word' id='word_1_234' title='bbox 1272 2894 1499 2962; x_wconf 80' lang='grc' dir='ltr'>πομπὰς</span> <span class='ocrx_word' id='word_1_235' title='bbox 1531 2893 1863 2957; x_wconf 75' lang='grc' dir='ltr'>διαϐολικάς,</span> <span class='ocrx_word' id='word_1_236' title='bbox 1897 2891 2153 2964; x_wconf 84' lang='grc' dir='ltr'>πονηρῶν</span> <span class='ocrx_word' id='word_1_237' title='bbox 2198 2892 2293 2944; x_wconf 87' lang='grc' dir='ltr'>ἀν-</span> 
     </span>
    </p>
   </div>
   <div class='ocr_carea' id='block_1_32' title="bbox 703 2976 2288 3049">
    <p class='ocr_par' dir='ltr' id='par_1_32' title="bbox 703 2976 2288 3049">
     <span class='ocr_line' id='line_1_32' title="bbox 703 2976 2288 3049; baseline -0.001 -20"><span class='ocrx_word' id='word_1_238' title='bbox 703 2977 942 3046; x_wconf 86' lang='grc' dir='ltr'>θρώπων</span> <span class='ocrx_word' id='word_1_239' title='bbox 987 2977 1080 3031; x_wconf 72' lang='grc' dir='ltr'>καὶ</span> <span class='ocrx_word' id='word_1_240' title='bbox 1121 2977 1439 3031; x_wconf 77' lang='grc' dir='ltr'>ἀκολάστων</span> <span class='ocrx_word' id='word_1_241' title='bbox 1467 2977 1568 3049; x_wconf 81' lang='grc' dir='ltr'>τὴν</span> <span class='ocrx_word' id='word_1_242' title='bbox 1594 2977 1802 3046; x_wconf 88' lang='grc' dir='ltr'>ἀγοράν</span> <span class='ocrx_word' id='word_1_243' title='bbox 1826 2976 2288 3047; x_wconf 77' lang='grc' dir='ltr'>πεπληρωμένην,</span> 
     </span>
    </p>
   </div>
   <div class='ocr_carea' id='block_1_33' title="bbox 701 3058 2292 3131">
    <p class='ocr_par' dir='ltr' id='par_1_33' title="bbox 701 3058 2292 3131">
     <span class='ocr_line' id='line_1_33' title="bbox 701 3058 2292 3131; baseline -0.001 -19"><span class='ocrx_word' id='word_1_244' title='bbox 701 3060 844 3114; x_wconf 73' lang='grc' dir='ltr'>οἴκοι</span> <span class='ocrx_word' id='word_1_245' title='bbox 877 3061 1030 3131; x_wconf 82' lang='grc' dir='ltr'>μένε,</span> <span class='ocrx_word' id='word_1_246' title='bbox 1058 3062 1155 3114; x_wconf 77' lang='grc' dir='ltr'>καὶ</span> <span class='ocrx_word' id='word_1_247' title='bbox 1181 3061 1284 3130; x_wconf 89' lang='grc' dir='ltr'>τῆς</span> <span class='ocrx_word' id='word_1_248' title='bbox 1304 3061 1550 3131; x_wconf 81' lang='grc' dir='ltr'>ταραχῆς</span> <span class='ocrx_word' id='word_1_249' title='bbox 1572 3059 1914 3112; x_wconf 85' lang='grc' dir='ltr'>ἀπαλλάττου</span> <span class='ocrx_word' id='word_1_250' title='bbox 1947 3058 2173 3129; x_wconf 88' lang='grc' dir='ltr'>ταύτης,</span> <span class='ocrx_word' id='word_1_251' title='bbox 2198 3059 2292 3111; x_wconf 75' lang='grc' dir='ltr'>καὶ</span> 
     </span>
    </p>
   </div>
   <div class='ocr_carea' id='block_1_34' title="bbox 702 3141 2291 3212">
    <p class='ocr_par' dir='ltr' id='par_1_34' title="bbox 702 3141 2291 3212">
     <span class='ocr_line' id='line_1_34' title="bbox 702 3141 2291 3212; baseline -0.001 -18"><span class='ocrx_word' id='word_1_252' title='bbox 702 3142 930 3212; x_wconf 77' lang='grc' dir='ltr'>ἔμεινας</span> <span class='ocrx_word' id='word_1_253' title='bbox 966 3145 1047 3206; x_wconf 84' lang='grc' dir='ltr'>είς</span> <span class='ocrx_word' id='word_1_254' title='bbox 1080 3143 1237 3208; x_wconf 85' lang='grc' dir='ltr'>δόξαν</span> <span class='ocrx_word' id='word_1_255' title='bbox 1271 3141 1649 3211; x_wconf 80' lang='grc' dir='ltr'>Θεοῦ.”οσπερ</span> <span class='ocrx_word' id='word_1_256' title='bbox 1679 3142 1737 3194; x_wconf 88' lang='grc' dir='ltr'>δὲ</span> <span class='ocrx_word' id='word_1_257' title='bbox 1770 3141 1869 3204; x_wconf 86' lang='grc' dir='ltr'>τάς</span> <span class='ocrx_word' id='word_1_258' title='bbox 1897 3141 2037 3194; x_wconf 82' lang='grc' dir='ltr'>οἵκοι</span> <span class='ocrx_word' id='word_1_259' title='bbox 2077 3141 2291 3211; x_wconf 86' lang='grc' dir='ltr'>διατρι-</span> 
     </span>
    </p>
   </div>
   <div class='ocr_carea' id='block_1_35' title="bbox 703 3223 2289 3290">
    <p class='ocr_par' dir='ltr' id='par_1_35' title="bbox 703 3223 2289 3290">
     <span class='ocr_line' id='line_1_35' title="bbox 703 3223 2289 3290; baseline -0.002 -11"><span class='ocrx_word' id='word_1_260' title='bbox 703 3226 806 3290; x_wconf 67' lang='grc' dir='ltr'>ϐὰς</span> <span class='ocrx_word' id='word_1_261' title='bbox 849 3227 944 3279; x_wconf 75' lang='grc' dir='ltr'>καὶ</span> <span class='ocrx_word' id='word_1_262' title='bbox 991 3225 1092 3289; x_wconf 81' lang='grc' dir='ltr'>τὰς</span> <span class='ocrx_word' id='word_1_263' title='bbox 1141 3225 1355 3290; x_wconf 75' lang='grc' dir='ltr'>ἐξόδους</span> <span class='ocrx_word' id='word_1_264' title='bbox 1384 3223 1561 3289; x_wconf 75' lang='grc' dir='ltr'>ἔξεστι</span> <span class='ocrx_word' id='word_1_265' title='bbox 1595 3224 1864 3277; x_wconf 81' lang='grc' dir='ltr'>ποιεῖσθαι</span> <span class='ocrx_word' id='word_1_266' title='bbox 1893 3224 1982 3278; x_wconf 88' lang='grc' dir='ltr'>διά</span> <span class='ocrx_word' id='word_1_267' title='bbox 2012 3223 2104 3277; x_wconf 91' lang='grc' dir='ltr'>τὸν</span> <span class='ocrx_word' id='word_1_268' title='bbox 2132 3223 2289 3290; x_wconf 86' lang='grc' dir='ltr'>Θεὸν,</span> 
     </span>
    </p>
   </div>
   <div class='ocr_carea' id='block_1_36' title="bbox 701 3308 1641 3377">
    <p class='ocr_par' dir='ltr' id='par_1_36' title="bbox 701 3308 1641 3377">
     <span class='ocr_line' id='line_1_36' title="bbox 701 3308 1641 3377; baseline -0.002 -14"><span class='ocrx_word' id='word_1_269' title='bbox 701 3309 846 3363; x_wconf 77' lang='grc' dir='ltr'>οὕτω</span> <span class='ocrx_word' id='word_1_270' title='bbox 881 3310 974 3363; x_wconf 75' lang='grc' dir='ltr'>καὶ</span> <span class='ocrx_word' id='word_1_271' title='bbox 1003 3309 1260 3373; x_wconf 83' lang='grc' dir='ltr'>ἐπαίνους</span> <span class='ocrx_word' id='word_1_272' title='bbox 1297 3309 1391 3362; x_wconf 70' lang='grc' dir='ltr'>καὶ</span> <span class='ocrx_word' id='word_1_273' title='bbox 1419 3308 1641 3377; x_wconf 79' lang='grc' dir='ltr'>ψόγους.</span> 
     </span>
    </p>
   </div>
   <div class='ocr_carea' id='block_1_37' title="bbox 775 3390 2290 3463">
    <p class='ocr_par' dir='ltr' id='par_1_37' title="bbox 775 3390 2290 3463">
     <span class='ocr_line' id='line_1_37' title="bbox 775 3390 2290 3463; baseline 0.001 -18"><span class='ocrx_word' id='word_1_274' title='bbox 775 3392 888 3446; x_wconf 79' lang='grc' dir='ltr'>Καὶ</span> <span class='ocrx_word' id='word_1_275' title='bbox 906 3391 1023 3454; x_wconf 87' lang='grc' dir='ltr'>πῶς</span> <span class='ocrx_word' id='word_1_276' title='bbox 1044 3391 1191 3445; x_wconf 78' lang='grc' dir='ltr'>ἐστιν</span> <span class='ocrx_word' id='word_1_277' title='bbox 1212 3393 1292 3455; x_wconf 83' lang='grc' dir='ltr'>εἰς</span> <span class='ocrx_word' id='word_1_278' title='bbox 1312 3391 1471 3458; x_wconf 90' lang='grc' dir='ltr'>δόξαν</span> <span class='ocrx_word' id='word_1_279' title='bbox 1493 3391 1631 3445; x_wconf 90' lang='grc' dir='ltr'>Θεοῦ</span> <span class='ocrx_word' id='word_1_280' title='bbox 1657 3408 1780 3444; x_wconf 89' lang='grc' dir='ltr'>τινα</span> <span class='ocrx_word' id='word_1_281' title='bbox 1804 3390 2112 3455; x_wconf 85' lang='grc' dir='ltr'>ἐπαινέσαι,</span> <span class='ocrx_word' id='word_1_282' title='bbox 2135 3391 2290 3463; x_wconf 77' lang='grc' dir='ltr'>φησὶ,</span> 
     </span>
    </p>
   </div>
   <div class='ocr_carea' id='block_1_38' title="bbox 702 3473 2292 3547">
    <p class='ocr_par' dir='ltr' id='par_1_38' title="bbox 702 3473 2292 3547">
     <span class='ocr_line' id='line_1_38' title="bbox 702 3473 2292 3547; baseline -0.001 -18"><span class='ocrx_word' id='word_1_283' title='bbox 702 3476 798 3529; x_wconf 70' lang='grc' dir='ltr'>καὶ</span> <span class='ocrx_word' id='word_1_284' title='bbox 835 3475 1220 3542; x_wconf 85' lang='grc' dir='ltr'>αίτιάσασθαι;</span> <span class='ocrx_word' id='word_1_285' title='bbox 1265 3473 1572 3539; x_wconf 80' lang='grc' dir='ltr'>Καθίζεσθε</span> <span class='ocrx_word' id='word_1_286' title='bbox 1611 3473 1877 3538; x_wconf 85' lang='grc' dir='ltr'>πολλάκις</span> <span class='ocrx_word' id='word_1_287' title='bbox 1924 3476 1984 3528; x_wconf 85' lang='grc' dir='ltr'>ἐν</span> <span class='ocrx_word' id='word_1_288' title='bbox 2037 3479 2151 3538; x_wconf 84' lang='grc' dir='ltr'>τοῖς</span> <span class='ocrx_word' id='word_1_289' title='bbox 2198 3477 2292 3547; x_wconf 84' lang='grc' dir='ltr'>ἐρ-</span> 
     </span>
    </p>
   </div>
   <div class='ocr_carea' id='block_1_39' title="bbox 702 3558 2294 3630">
    <p class='ocr_par' dir='ltr' id='par_1_39' title="bbox 702 3558 2294 3630">
     <span class='ocr_line' id='line_1_39' title="bbox 702 3558 2294 3630; baseline -0.001 -18"><span class='ocrx_word' id='word_1_290' title='bbox 702 3558 1046 3630; x_wconf 84' lang='grc' dir='ltr'>γαστηρίοις,</span> <span class='ocrx_word' id='word_1_291' title='bbox 1082 3559 1245 3628; x_wconf 78' lang='grc' dir='ltr'>ὁρᾶτε</span> <span class='ocrx_word' id='word_1_292' title='bbox 1273 3558 1573 3630; x_wconf 85' lang='grc' dir='ltr'>παριόντας</span> <span class='ocrx_word' id='word_1_293' title='bbox 1598 3558 1872 3627; x_wconf 82' lang='grc' dir='ltr'>πονηροὺς</span> <span class='ocrx_word' id='word_1_294' title='bbox 1916 3558 2011 3611; x_wconf 75' lang='grc' dir='ltr'>καὶ</span> <span class='ocrx_word' id='word_1_295' title='bbox 2055 3558 2294 3628; x_wconf 81' lang='grc' dir='ltr'>φαύλους</span> 
     </span>
    </p>
   </div>
   <div class='ocr_carea' id='block_1_40' title="bbox 703 3639 2288 3712">
    <p class='ocr_par' dir='ltr' id='par_1_40' title="bbox 703 3639 2288 3712">
     <span class='ocr_line' id='line_1_40' title="bbox 703 3639 2288 3712; baseline 0.001 -20"><span class='ocrx_word' id='word_1_296' title='bbox 703 3639 1046 3711; x_wconf 84' lang='grc' dir='ltr'>ἀνθρώπους,</span> <span class='ocrx_word' id='word_1_297' title='bbox 1073 3641 1171 3703; x_wconf 90' lang='grc' dir='ltr'>τάς</span> <span class='ocrx_word' id='word_1_298' title='bbox 1202 3641 1374 3712; x_wconf 85' lang='grc' dir='ltr'>ὀφρῦς</span> <span class='ocrx_word' id='word_1_299' title='bbox 1401 3639 1784 3704; x_wconf 88' lang='grc' dir='ltr'>ἀνασπῶντας,</span> <span class='ocrx_word' id='word_1_300' title='bbox 1815 3641 2288 3711; x_wconf 88' lang='grc' dir='ltr'>πεφυσιωμένους,</span> 
     </span>
    </p>
   </div>
   <div class='ocr_carea' id='block_1_41' title="bbox 704 3723 2293 3795">
    <p class='ocr_par' dir='ltr' id='par_1_41' title="bbox 704 3723 2293 3795">
     <span class='ocr_line' id='line_1_41' title="bbox 704 3723 2293 3795; baseline 0.001 -19"><span class='ocrx_word' id='word_1_301' title='bbox 704 3723 1043 3793; x_wconf 84' lang='grc' dir='ltr'>παρασίτους</span> <span class='ocrx_word' id='word_1_302' title='bbox 1069 3726 1164 3777; x_wconf 78' lang='grc' dir='ltr'>καὶ</span> <span class='ocrx_word' id='word_1_303' title='bbox 1185 3724 1424 3788; x_wconf 88' lang='grc' dir='ltr'>κόλακας</span> <span class='ocrx_word' id='word_1_304' title='bbox 1450 3723 1679 3787; x_wconf 76' lang='grc' dir='ltr'>πολλοὺς</span> <span class='ocrx_word' id='word_1_305' title='bbox 1709 3725 2161 3795; x_wconf 83' lang='grc' dir='ltr'>ἐπισυρομένους,</span> <span class='ocrx_word' id='word_1_306' title='bbox 2195 3742 2293 3778; x_wconf 87' lang='grc' dir='ltr'>πο-</span> 
     </span>
    </p>
   </div>
   <div class='ocr_carea' id='block_1_42' title="bbox 703 3805 2294 3877">
    <p class='ocr_par' dir='ltr' id='par_1_42' title="bbox 703 3805 2294 3877">
     <span class='ocr_line' id='line_1_42' title="bbox 703 3805 2294 3877; baseline 0.001 -19"><span class='ocrx_word' id='word_1_307' title='bbox 703 3805 900 3876; x_wconf 87' lang='grc' dir='ltr'>λυτελῆ</span> <span class='ocrx_word' id='word_1_308' title='bbox 933 3805 1236 3876; x_wconf 89' lang='grc' dir='ltr'>φοροῦντας</span> <span class='ocrx_word' id='word_1_309' title='bbox 1267 3808 1460 3876; x_wconf 88' lang='grc' dir='ltr'>ίμάτια</span> <span class='ocrx_word' id='word_1_310' title='bbox 1480 3847 1494 3871; x_wconf 95' lang='grc'>,</span> <span class='ocrx_word' id='word_1_311' title='bbox 1542 3805 1744 3876; x_wconf 79' lang='grc' dir='ltr'>πολλὴν</span> <span class='ocrx_word' id='word_1_312' title='bbox 1792 3806 2294 3877; x_wconf 88' lang='grc' dir='ltr'>περιϐεϐλημένους</span> 
     </span>
    </p>
   </div>
   <div class='ocr_carea' id='block_1_43' title="bbox 703 3887 2295 3962">
    <p class='ocr_par' dir='ltr' id='par_1_43' title="bbox 703 3887 2295 3962">
     <span class='ocr_line' id='line_1_43' title="bbox 703 3887 2295 3962; baseline 0.002 -22"><span class='ocrx_word' id='word_1_313' title='bbox 703 3889 804 3959; x_wconf 77' lang='grc' dir='ltr'>τὴν</span> <span class='ocrx_word' id='word_1_314' title='bbox 833 3888 1161 3956; x_wconf 83' lang='grc' dir='ltr'>φαντασίαν,</span> <span class='ocrx_word' id='word_1_315' title='bbox 1191 3890 1260 3943; x_wconf 83' lang='grc' dir='ltr'>τὰ</span> <span class='ocrx_word' id='word_1_316' title='bbox 1289 3890 1508 3943; x_wconf 85' lang='grc' dir='ltr'>πάντων</span> <span class='ocrx_word' id='word_1_317' title='bbox 1539 3887 1690 3962; x_wconf 69' lang='grc'>[702]</span> <span class='ocrx_word' id='word_1_318' title='bbox 1714 3889 2085 3958; x_wconf 80' lang='grc' dir='ltr'>ἁρπάζοντας,</span> <span class='ocrx_word' id='word_1_319' title='bbox 2111 3889 2295 3943; x_wconf 82' lang='grc' dir='ltr'>πλεον⁹</span> 
     </span>
    </p>
   </div>
   <div class='ocr_carea' id='block_1_44' title="bbox 705 3970 2295 4044">
    <p class='ocr_par' dir='ltr' id='par_1_44' title="bbox 705 3970 2295 4044">
     <span class='ocr_line' id='line_1_44' title="bbox 705 3970 2295 4044; baseline 0 -20"><span class='ocrx_word' id='word_1_320' title='bbox 705 3971 1131 4033; x_wconf 78' lang='grc' dir='ltr'>εκτοῦντας.“Αν</span> <span class='ocrx_word' id='word_1_321' title='bbox 1161 3972 1401 4044; x_wconf 78' lang='grc' dir='ltr'>ἀκούσης</span> <span class='ocrx_word' id='word_1_322' title='bbox 1422 3972 1569 4032; x_wconf 89' lang='grc' dir='ltr'>τινὸς</span> <span class='ocrx_word' id='word_1_323' title='bbox 1597 3970 1872 4040; x_wconf 87' lang='grc' dir='ltr'>λέγοντος,</span> <span class='ocrx_word' id='word_1_324' title='bbox 1895 3972 2030 4043; x_wconf 77' lang='grc' dir='ltr'>Οὐχὶ</span> <span class='ocrx_word' id='word_1_325' title='bbox 2052 3972 2295 4043; x_wconf 85' lang='grc' dir='ltr'>ζηλωτὸς</span> 
     </span>
    </p>
   </div>
   <div class='ocr_carea' id='block_1_45' title="bbox 705 4049 2297 4128">
    <p class='ocr_par' dir='ltr' id='par_1_45' title="bbox 705 4049 2297 4128">
     <span class='ocr_line' id='line_1_45' title="bbox 705 4049 2297 4128; baseline 0 -20"><span class='ocrx_word' id='word_1_326' title='bbox 705 4049 881 4117; x_wconf 78' lang='grc' dir='ltr'>οὗτος,</span> <span class='ocrx_word' id='word_1_327' title='bbox 917 4055 1040 4122; x_wconf 76' lang='grc' dir='ltr'>οὐχὶ</span> <span class='ocrx_word' id='word_1_328' title='bbox 1083 4056 1383 4127; x_wconf 80' lang='grc' dir='ltr'>μακάριοςς</span> <span class='ocrx_word' id='word_1_329' title='bbox 1430 4058 1780 4128; x_wconf 86' lang='grc' dir='ltr'>ἐπιτίμησον,</span> <span class='ocrx_word' id='word_1_330' title='bbox 1817 4053 2133 4123; x_wconf 84' lang='grc' dir='ltr'>ἐγκάλεσον,</span> <span class='ocrx_word' id='word_1_331' title='bbox 2180 4056 2297 4108; x_wconf 83' lang='grc' dir='ltr'>ἐπι-</span> 
     </span>
    </p>
   </div>
   <div class='ocr_carea' id='block_1_46' title="bbox 707 4137 2298 4211">
    <p class='ocr_par' dir='ltr' id='par_1_46' title="bbox 707 4137 2298 4211">
     <span class='ocr_line' id='line_1_46' title="bbox 707 4137 2298 4211; baseline -0.001 -17"><span class='ocrx_word' id='word_1_332' title='bbox 707 4139 985 4209; x_wconf 81' lang='grc' dir='ltr'>στόμισυν,</span> <span class='ocrx_word' id='word_1_333' title='bbox 1019 4139 1328 4204; x_wconf 86' lang='grc' dir='ltr'>ταλάνισον,</span> <span class='ocrx_word' id='word_1_334' title='bbox 1358 4139 1630 4211; x_wconf 85' lang='grc' dir='ltr'>δάκρυσον</span> <span class='ocrx_word' id='word_1_335' title='bbox 1652 4155 1665 4168; x_wconf 83' lang='grc'><em>’</em></span> <span class='ocrx_word' id='word_1_336' title='bbox 1693 4138 1855 4192; x_wconf 87' lang='grc' dir='ltr'>τοῦτό</span> <span class='ocrx_word' id='word_1_337' title='bbox 1878 4141 1994 4190; x_wconf 88' lang='grc' dir='ltr'>ἐστι</span> <span class='ocrx_word' id='word_1_338' title='bbox 2022 4137 2183 4206; x_wconf 81' lang='grc' dir='ltr'>ψέξαι</span> <span class='ocrx_word' id='word_1_339' title='bbox 2208 4137 2298 4194; x_wconf 89' lang='grc' dir='ltr'>διά</span> 
     </span>
    </p>
   </div>
   <div class='ocr_carea' id='block_1_47' title="bbox 704 4221 2296 4293">
    <p class='ocr_par' dir='ltr' id='par_1_47' title="bbox 704 4221 2296 4293">
     <span class='ocr_line' id='line_1_47' title="bbox 704 4221 2296 4293; baseline 0.001 -18"><span class='ocrx_word' id='word_1_340' title='bbox 704 4223 799 4276; x_wconf 87' lang='grc' dir='ltr'>τὸν</span> <span class='ocrx_word' id='word_1_341' title='bbox 847 4223 1076 4277; x_wconf 88' lang='grc' dir='ltr'>Θεόν.⁹0</span> <span class='ocrx_word' id='word_1_342' title='bbox 1117 4222 1284 4292; x_wconf 83' lang='grc' dir='ltr'>ψόγος</span> <span class='ocrx_word' id='word_1_343' title='bbox 1333 4222 1651 4277; x_wconf 88' lang='grc' dir='ltr'>διδασκαλία</span> <span class='ocrx_word' id='word_1_344' title='bbox 1697 4225 1811 4286; x_wconf 83' lang='grc' dir='ltr'>τοῖς</span> <span class='ocrx_word' id='word_1_345' title='bbox 1858 4221 2296 4293; x_wconf 87' lang='grc' dir='ltr'>συγκαθημένοις</span> 
     </span>
    </p>
   </div>
   <div class='ocr_carea' id='block_1_48' title="bbox 707 4305 2297 4378">
    <p class='ocr_par' dir='ltr' id='par_1_48' title="bbox 707 4305 2297 4378">
     <span class='ocr_line' id='line_1_48' title="bbox 707 4305 2297 4378; baseline 0.001 -20"><span class='ocrx_word' id='word_1_346' title='bbox 707 4305 1029 4374; x_wconf 82' lang='grc' dir='ltr'>φιλοσοφίας</span> <span class='ocrx_word' id='word_1_347' title='bbox 1073 4305 1167 4358; x_wconf 81' lang='grc' dir='ltr'>καὶ</span> <span class='ocrx_word' id='word_1_348' title='bbox 1215 4305 1418 4376; x_wconf 86' lang='grc' dir='ltr'>ἀρετῆς</span> <span class='ocrx_word' id='word_1_349' title='bbox 1460 4309 1489 4360; x_wconf 91' lang='lat'>0</span> <span class='ocrx_word' id='word_1_350' title='bbox 1524 4307 1785 4372; x_wconf 90' lang='grc' dir='ltr'>τοιοῦτος,</span> <span class='ocrx_word' id='word_1_351' title='bbox 1827 4305 2022 4378; x_wconf 79' lang='grc' dir='ltr'>μηκέτι</span> <span class='ocrx_word' id='word_1_352' title='bbox 2058 4305 2188 4376; x_wconf 75' lang='grc' dir='ltr'>περὶ</span> <span class='ocrx_word' id='word_1_353' title='bbox 2224 4305 2297 4359; x_wconf 89' lang='grc' dir='ltr'>τά</span> 
     </span>
    </p>
   </div>
   <div class='ocr_carea' id='block_1_49' title="bbox 709 4387 2292 4461">
    <p class='ocr_par' dir='ltr' id='par_1_49' title="bbox 709 4387 2292 4461">
     <span class='ocr_line' id='line_1_49' title="bbox 709 4387 2292 4461; baseline 0 -19"><span class='ocrx_word' id='word_1_354' title='bbox 709 4388 943 4459; x_wconf 85' lang='grc' dir='ltr'>βιωτικά</span> <span class='ocrx_word' id='word_1_355' title='bbox 975 4387 1286 4457; x_wconf 86' lang='grc' dir='ltr'>κεχηνέναι.</span> <span class='ocrx_word' id='word_1_356' title='bbox 1335 4389 1470 4442; x_wconf 86' lang='grc' dir='ltr'>Είπὲ</span> <span class='ocrx_word' id='word_1_357' title='bbox 1501 4391 1637 4461; x_wconf 90' lang='grc' dir='ltr'>πρὸς</span> <span class='ocrx_word' id='word_1_358' title='bbox 1665 4391 1756 4443; x_wconf 89' lang='grc' dir='ltr'>τὸν</span> <span class='ocrx_word' id='word_1_359' title='bbox 1786 4389 1963 4442; x_wconf 87' lang='grc' dir='ltr'>ταῦτα</span> <span class='ocrx_word' id='word_1_360' title='bbox 1994 4389 2258 4460; x_wconf 78' lang='grc' dir='ltr'>εἰρηκότα</span> <span class='ocrx_word' id='word_1_361' title='bbox 2277 4405 2292 4418; x_wconf 81' lang='grc'><strong><em>⁸</em></strong></span> 
     </span>
    </p>
   </div>
   <div class='ocr_carea' id='block_1_50' title="bbox 706 4466 2295 4545">
    <p class='ocr_par' dir='ltr' id='par_1_50' title="bbox 706 4466 2295 4545">
     <span class='ocr_line' id='line_1_50' title="bbox 706 4466 2295 4545; baseline 0.001 -21"><span class='ocrx_word' id='word_1_362' title='bbox 706 4473 804 4527; x_wconf 81' lang='grc' dir='ltr'>Διά</span> <span class='ocrx_word' id='word_1_363' title='bbox 823 4472 875 4525; x_wconf 89' lang='grc' dir='ltr'>τί</span> <span class='ocrx_word' id='word_1_364' title='bbox 909 4471 1180 4541; x_wconf 83' lang='grc' dir='ltr'>μακάριος</span> <span class='ocrx_word' id='word_1_365' title='bbox 1213 4466 1399 4536; x_wconf 80' lang='grc' dir='ltr'>οῦτος;</span> <span class='ocrx_word' id='word_1_366' title='bbox 1430 4472 1619 4545; x_wconf 80' lang='grc' dir='ltr'>ἐπειδὴ</span> <span class='ocrx_word' id='word_1_367' title='bbox 1649 4472 1964 4543; x_wconf 87' lang='grc' dir='ltr'>θαυμαστὸν</span> <span class='ocrx_word' id='word_1_368' title='bbox 1989 4473 2156 4527; x_wconf 80' lang='grc' dir='ltr'>ἵππον</span> <span class='ocrx_word' id='word_1_369' title='bbox 2180 4471 2295 4542; x_wconf 75' lang='grc' dir='ltr'>ἔχει</span> 
     </span>
    </p>
   </div>
   <div class='ocr_carea' id='block_1_51' title="bbox 706 4554 2296 4625">
    <p class='ocr_par' dir='ltr' id='par_1_51' title="bbox 706 4554 2296 4625">
     <span class='ocr_line' id='line_1_51' title="bbox 706 4554 2296 4625; baseline 0.001 -18"><span class='ocrx_word' id='word_1_370' title='bbox 706 4554 801 4608; x_wconf 75' lang='grc' dir='ltr'>καὶ</span> <span class='ocrx_word' id='word_1_371' title='bbox 829 4554 1237 4624; x_wconf 82' lang='grc' dir='ltr'>χρυσοχάλινον.</span> <span class='ocrx_word' id='word_1_372' title='bbox 1271 4555 1365 4607; x_wconf 78' lang='grc' dir='ltr'>καὶ</span> <span class='ocrx_word' id='word_1_373' title='bbox 1400 4555 1618 4619; x_wconf 88' lang='grc' dir='ltr'>οίκέτας</span> <span class='ocrx_word' id='word_1_374' title='bbox 1644 4555 1872 4619; x_wconf 85' lang='grc' dir='ltr'>πολλοὺς</span> <span class='ocrx_word' id='word_1_375' title='bbox 1895 4554 2181 4625; x_wconf 85' lang='grc' dir='ltr'>κέκτηται,</span> <span class='ocrx_word' id='word_1_376' title='bbox 2199 4556 2296 4609; x_wconf 75' lang='grc' dir='ltr'>καὶ</span> 
     </span>
    </p>
   </div>
   <div class='ocr_carea' id='block_1_52' title="bbox 706 4636 2293 4711">
    <p class='ocr_par' dir='ltr' id='par_1_52' title="bbox 706 4636 2293 4711">
     <span class='ocr_line' id='line_1_52' title="bbox 706 4636 2293 4711; baseline 0.001 -22"><span class='ocrx_word' id='word_1_377' title='bbox 706 4636 985 4706; x_wconf 63' lang='grc' dir='ltr'>φαιδρὰν1³</span> <span class='ocrx_word' id='word_1_378' title='bbox 1017 4636 1410 4707; x_wconf 88' lang='grc' dir='ltr'>περιϐέϐληται</span> <span class='ocrx_word' id='word_1_379' title='bbox 1446 4637 1660 4709; x_wconf 81' lang='grc' dir='ltr'>στολὴν,</span> <span class='ocrx_word' id='word_1_380' title='bbox 1692 4639 1788 4691; x_wconf 71' lang='grc' dir='ltr'>καὶ</span> <span class='ocrx_word' id='word_1_381' title='bbox 1816 4637 1953 4708; x_wconf 86' lang='grc' dir='ltr'>μέθῃ</span> <span class='ocrx_word' id='word_1_382' title='bbox 1983 4639 2079 4690; x_wconf 73' lang='grc' dir='ltr'>καὶ</span> <span class='ocrx_word' id='word_1_383' title='bbox 2111 4641 2293 4711; x_wconf 78' lang='grc' dir='ltr'>τρυφῇ</span> 
     </span>
    </p>
   </div>
   <div class='ocr_carea' id='block_1_53' title="bbox 704 4718 2294 4793">
    <p class='ocr_par' dir='ltr' id='par_1_53' title="bbox 704 4718 2294 4793">
     <span class='ocr_line' id='line_1_53' title="bbox 704 4718 2294 4793; baseline 0.001 -21"><span class='ocrx_word' id='word_1_384' title='bbox 704 4719 1103 4788; x_wconf 79' lang='grc' dir='ltr'>διαρῤήγνυται</span> <span class='ocrx_word' id='word_1_385' title='bbox 1132 4718 1254 4772; x_wconf 86' lang='grc' dir='ltr'>καθ’</span> <span class='ocrx_word' id='word_1_386' title='bbox 1279 4720 1521 4793; x_wconf 86' lang='grc' dir='ltr'>ἐκάστην</span> <span class='ocrx_word' id='word_1_387' title='bbox 1546 4722 1790 4792; x_wconf 88' lang='grc' dir='ltr'>ήμέραν;</span> <span class='ocrx_word' id='word_1_388' title='bbox 1828 4719 1989 4774; x_wconf 82' lang='grc' dir='ltr'>Ἀλλά</span> <span class='ocrx_word' id='word_1_389' title='bbox 2020 4719 2110 4774; x_wconf 84' lang='grc' dir='ltr'>διὰ</span> <span class='ocrx_word' id='word_1_390' title='bbox 2132 4721 2294 4774; x_wconf 89' lang='grc' dir='ltr'>τοῦτο</span> 
     </span>
    </p>
   </div>
   <div class='ocr_carea' id='block_1_54' title="bbox 705 4803 2325 4876">
    <p class='ocr_par' dir='ltr' id='par_1_54' title="bbox 705 4803 2325 4876">
     <span class='ocr_line' id='line_1_54' title="bbox 705 4803 2325 4876; baseline 0.001 -20"><span class='ocrx_word' id='word_1_391' title='bbox 705 4803 890 4865; x_wconf 85' lang='grc' dir='ltr'>ἀθλιος</span> <span class='ocrx_word' id='word_1_392' title='bbox 924 4803 990 4856; x_wconf 84' lang='grc' dir='ltr'>ἀν</span> <span class='ocrx_word' id='word_1_393' title='bbox 1018 4803 1104 4874; x_wconf 78' lang='grc' dir='ltr'>εἵη</span> <span class='ocrx_word' id='word_1_394' title='bbox 1136 4803 1230 4856; x_wconf 76' lang='grc' dir='ltr'>καὶ</span> <span class='ocrx_word' id='word_1_395' title='bbox 1265 4803 1631 4876; x_wconf 89' lang='grc' dir='ltr'>ταλαίπωρος,</span> <span class='ocrx_word' id='word_1_396' title='bbox 1663 4805 1757 4858; x_wconf 73' lang='grc' dir='ltr'>καὶ</span> <span class='ocrx_word' id='word_1_397' title='bbox 1790 4806 2002 4876; x_wconf 89' lang='grc' dir='ltr'>μυρίων</span> <span class='ocrx_word' id='word_1_398' title='bbox 2038 4804 2292 4876; x_wconf 86' lang='grc' dir='ltr'>δακρύων</span> <span class='ocrx_word' id='word_1_399' title='bbox 2320 4831 2325 4838; x_wconf 93' lang='grc'><strong><em>-</em></strong></span> 
     </span>
    </p>
   </div>
   <div class='ocr_carea' id='block_1_55' title="bbox 706 4886 2294 4959">
    <p class='ocr_par' dir='ltr' id='par_1_55' title="bbox 706 4886 2294 4959">
     <span class='ocr_line' id='line_1_55' title="bbox 706 4886 2294 4959; baseline 0.002 -19"><span class='ocrx_word' id='word_1_400' title='bbox 706 4886 1038 4958; x_wconf 83' lang='grc' dir='ltr'>ἀξιος.”ορῶ</span> <span class='ocrx_word' id='word_1_401' title='bbox 1067 4886 1196 4954; x_wconf 92' lang='grc' dir='ltr'>γοῦν</span> <span class='ocrx_word' id='word_1_402' title='bbox 1243 4888 1388 4958; x_wconf 74' lang='grc' dir='ltr'>ὑμᾶς</span> <span class='ocrx_word' id='word_1_403' title='bbox 1439 4889 1592 4944; x_wconf 79' lang='grc' dir='ltr'>οὐδὲν</span> <span class='ocrx_word' id='word_1_404' title='bbox 1640 4888 1973 4959; x_wconf 84' lang='grc' dir='ltr'>δυναμένους</span> <span class='ocrx_word' id='word_1_405' title='bbox 2010 4890 2294 4943; x_wconf 83' lang='grc' dir='ltr'>ἐπαινέσαι</span> 
     </span>
    </p>
   </div>
   <div class='ocr_carea' id='block_1_56' title="bbox 704 4969 2292 5038">
    <p class='ocr_par' dir='ltr' id='par_1_56' title="bbox 704 4969 2292 5038">
     <span class='ocr_line' id='line_1_56' title="bbox 704 4969 2292 5038; baseline 0.002 -16"><span class='ocrx_word' id='word_1_406' title='bbox 704 4971 817 5024; x_wconf 88' lang='grc' dir='ltr'>τῶν</span> <span class='ocrx_word' id='word_1_407' title='bbox 845 4970 1034 5036; x_wconf 83' lang='grc' dir='ltr'>αὐτοῦ,</span> <span class='ocrx_word' id='word_1_408' title='bbox 1069 4969 1206 5025; x_wconf 84' lang='grc' dir='ltr'>ἀλλὰ</span> <span class='ocrx_word' id='word_1_409' title='bbox 1246 4973 1316 5025; x_wconf 90' lang='grc' dir='ltr'>τά</span> <span class='ocrx_word' id='word_1_410' title='bbox 1361 4972 1519 5035; x_wconf 86' lang='grc' dir='ltr'>ἐκτὸς</span> <span class='ocrx_word' id='word_1_411' title='bbox 1545 4972 1713 5026; x_wconf 90' lang='grc' dir='ltr'>αὐτοῦ</span> <span class='ocrx_word' id='word_1_412' title='bbox 1754 4975 1952 5036; x_wconf 84' lang='grc' dir='ltr'>πάντα,</span> <span class='ocrx_word' id='word_1_413' title='bbox 1976 4973 2069 5026; x_wconf 90' lang='grc' dir='ltr'>τὸν</span> <span class='ocrx_word' id='word_1_414' title='bbox 2105 4972 2292 5038; x_wconf 84' lang='grc' dir='ltr'>ἵππον,</span> 
     </span>
    </p>
   </div>
   <div class='ocr_carea' id='block_1_57' title="bbox 705 5049 2294 5127">
    <p class='ocr_par' dir='ltr' id='par_1_57' title="bbox 705 5049 2294 5127">
     <span class='ocr_line' id='line_1_57' title="bbox 705 5049 2294 5127; baseline 0.002 -21"><span class='ocrx_word' id='word_1_415' title='bbox 705 5055 799 5106; x_wconf 81' lang='grc' dir='ltr'>τὸν</span> <span class='ocrx_word' id='word_1_416' title='bbox 832 5054 1071 5125; x_wconf 88' lang='grc' dir='ltr'>χαλινὸν,</span> <span class='ocrx_word' id='word_1_417' title='bbox 1097 5054 1165 5108; x_wconf 92' lang='grc' dir='ltr'>τά</span> <span class='ocrx_word' id='word_1_418' title='bbox 1196 5055 1409 5126; x_wconf 87' lang='grc' dir='ltr'>ίμάτια,</span> <span class='ocrx_word' id='word_1_419' title='bbox 1438 5049 1511 5109; x_wconf 83' lang='grc' dir='ltr'>ὧν</span> <span class='ocrx_word' id='word_1_420' title='bbox 1541 5056 1693 5109; x_wconf 86' lang='grc' dir='ltr'>οὐδέν</span> <span class='ocrx_word' id='word_1_421' title='bbox 1722 5057 1839 5109; x_wconf 75' lang='grc' dir='ltr'>ἐστι</span> <span class='ocrx_word' id='word_1_422' title='bbox 1870 5055 2006 5127; x_wconf 85' lang='grc' dir='ltr'>πρὸς</span> <span class='ocrx_word' id='word_1_423' title='bbox 2035 5056 2294 5110; x_wconf 90' lang='grc' dir='ltr'>αὐτόν.Τί</span> 
     </span>
    </p>
   </div>
   <div class='ocr_carea' id='block_1_58' title="bbox 707 5133 2295 5210">
    <p class='ocr_par' dir='ltr' id='par_1_58' title="bbox 707 5133 2295 5210">
     <span class='ocr_line' id='line_1_58' title="bbox 707 5133 2295 5210; baseline 0.001 -21"><span class='ocrx_word' id='word_1_424' title='bbox 707 5137 907 5205; x_wconf 77' lang='grc' dir='ltr'>γένοιτ’</span> <span class='ocrx_word' id='word_1_425' title='bbox 935 5138 1002 5192; x_wconf 83' lang='grc' dir='ltr'>ἂν</span> <span class='ocrx_word' id='word_1_426' title='bbox 1043 5133 1156 5204; x_wconf 17' lang='grc' dir='ltr'>οὖν’,</span> <span class='ocrx_word' id='word_1_427' title='bbox 1186 5137 1536 5210; x_wconf 65' lang='grc' dir='ltr'>ἀθλιώτερον,</span> <span class='ocrx_word' id='word_1_428' title='bbox 1573 5139 1695 5192; x_wconf 85' lang='grc' dir='ltr'>είπέ</span> <span class='ocrx_word' id='word_1_429' title='bbox 1730 5156 1842 5210; x_wconf 90' lang='grc' dir='ltr'>μοι,</span> <span class='ocrx_word' id='word_1_430' title='bbox 1876 5138 2085 5202; x_wconf 85' lang='grc' dir='ltr'>τούτου,</span> <span class='ocrx_word' id='word_1_431' title='bbox 2114 5139 2243 5192; x_wconf 85' lang='grc' dir='ltr'>ὅταν</span> <span class='ocrx_word' id='word_1_432' title='bbox 2266 5139 2295 5190; x_wconf 85' lang='lat'>0</span> 
     </span>
    </p>
   </div>
   <div class='ocr_carea' id='block_1_59' title="bbox 711 5220 2296 5293">
    <p class='ocr_par' dir='ltr' id='par_1_59' title="bbox 711 5220 2296 5293">
     <span class='ocr_line' id='line_1_59' title="bbox 711 5220 2296 5293; baseline 0 -19"><span class='ocrx_word' id='word_1_433' title='bbox 711 5221 810 5290; x_wconf 83' lang='grc' dir='ltr'>μὲν</span> <span class='ocrx_word' id='word_1_434' title='bbox 835 5221 1003 5285; x_wconf 90' lang='grc' dir='ltr'>ἵππος</span> <span class='ocrx_word' id='word_1_435' title='bbox 1030 5220 1215 5285; x_wconf 81' lang='grc' dir='ltr'>αὐτοῦ,</span> <span class='ocrx_word' id='word_1_436' title='bbox 1256 5223 1351 5276; x_wconf 75' lang='grc' dir='ltr'>καὶ</span> <span class='ocrx_word' id='word_1_437' title='bbox 1375 5222 1403 5273; x_wconf 90' lang='grc' dir='ltr'>ὁ</span> <span class='ocrx_word' id='word_1_438' title='bbox 1436 5222 1650 5293; x_wconf 88' lang='grc' dir='ltr'>χαλινὸς</span> <span class='ocrx_word' id='word_1_439' title='bbox 1689 5222 1782 5276; x_wconf 91' lang='grc' dir='ltr'>τοῦ</span> <span class='ocrx_word' id='word_1_440' title='bbox 1827 5223 2014 5289; x_wconf 86' lang='grc' dir='ltr'>ἵππου,</span> <span class='ocrx_word' id='word_1_441' title='bbox 2050 5223 2144 5276; x_wconf 74' lang='grc' dir='ltr'>καὶ</span> <span class='ocrx_word' id='word_1_442' title='bbox 2185 5223 2296 5275; x_wconf 85' lang='grc' dir='ltr'>τῶν</span> 
     </span>
    </p>
   </div>
   <div class='ocr_carea' id='block_1_60' title="bbox 774 5355 2296 5425">
    <p class='ocr_par' dir='ltr' id='par_1_60' title="bbox 774 5355 2296 5425">
     <span class='ocr_line' id='line_1_60' title="bbox 774 5355 2296 5425; baseline 0.005 -21"><span class='ocrx_word' id='word_1_443' title='bbox 774 5355 906 5425; x_wconf 59' lang='grc' dir='ltr'>ξ</span> <span class='ocrx_word' id='word_1_444' title='bbox 927 5355 1078 5425; x_wconf 76' lang='lat' dir='ltr'>_Savll.</span> <span class='ocrx_word' id='word_1_445' title='bbox 1125 5363 1179 5425; x_wconf 55' lang='lat' dir='ltr'>eg</span> <span class='ocrx_word' id='word_1_446' title='bbox 1201 5357 1310 5425; x_wconf 82' lang='lat' dir='ltr'>duo_</span> <span class='ocrx_word' id='word_1_447' title='bbox 1337 5359 1679 5425; x_wconf 68' lang='lat' dir='ltr'>ms__s.;More_l._</span> <span class='ocrx_word' id='word_1_448' title='bbox 1695 5372 1816 5425; x_wconf 10' lang='lat' dir='ltr'>verrp</span> <span class='ocrx_word' id='word_1_449' title='bbox 1840 5363 2124 5425; x_wconf 77' lang='grc' dir='ltr'>ἀνάγραψον.</span> <span class='ocrx_word' id='word_1_450' title='bbox 2156 5361 2296 5411; x_wconf 78' lang='lat' dir='ltr'>Unus</span> 
     </span>
    </p>
   </div>
   <div class='ocr_carea' id='block_1_61' title="bbox 707 5417 2293 5490">
    <p class='ocr_par' dir='ltr' id='par_1_61' title="bbox 707 5417 2293 5490">
     <span class='ocr_line' id='line_1_61' title="bbox 707 5417 2293 5490; baseline 0.004 -26"><span class='ocrx_word' id='word_1_451' title='bbox 707 5417 816 5490; x_wconf 64' lang='grc' dir='ltr'>θρα.</span> <span class='ocrx_word' id='word_1_452' title='bbox 831 5417 952 5490; x_wconf 63' lang='grc' dir='ltr'>ἀλλά</span> <span class='ocrx_word' id='word_1_453' title='bbox 970 5425 1142 5490; x_wconf 74' lang='grc' dir='ltr'>πιστῆς</span> <span class='ocrx_word' id='word_1_454' title='bbox 1161 5420 1368 5490; x_wconf 77' lang='grc' dir='ltr'>διανοίας</span> <span class='ocrx_word' id='word_1_455' title='bbox 1392 5417 1726 5490; x_wconf 42' lang='grc' dir='ltr'>ἀναψονηίηίη</span> <span class='ocrx_word' id='word_1_456' title='bbox 1751 5423 1881 5490; x_wconf 59' lang='lat' dir='ltr'>id_el_1g</span> <span class='ocrx_word' id='word_1_457' title='bbox 1907 5417 2011 5472; x_wconf 54' lang='lat' dir='ltr'><strong>cb&#39;d.</strong></span> <span class='ocrx_word' id='word_1_458' title='bbox 2022 5417 2293 5490; x_wconf 59' lang='grc' dir='ltr'>ξιτολιτείαν,</span> 
     </span>
    </p>
   </div>
   <div class='ocr_carea' id='block_1_62' title="bbox 708 5480 2291 5548">
    <p class='ocr_par' dir='ltr' id='par_1_62' title="bbox 708 5480 2291 5548">
     <span class='ocr_line' id='line_1_62' title="bbox 708 5480 2291 5548; baseline 0.006 -23"><span class='ocrx_word' id='word_1_459' title='bbox 708 5480 792 5526; x_wconf 84' lang='grc' dir='ltr'>τὸν</span> <span class='ocrx_word' id='word_1_460' title='bbox 811 5485 895 5548; x_wconf 56' lang='grc' dir='ltr'>¹τῆς</span> <span class='ocrx_word' id='word_1_461' title='bbox 911 5480 1219 5548; x_wconf 68' lang='grc' dir='ltr'>δικαιοσύνης</span> <span class='ocrx_word' id='word_1_462' title='bbox 1229 5482 1459 5548; x_wconf 76' lang='grc' dir='ltr'>στέφανον</span> <span class='ocrx_word' id='word_1_463' title='bbox 1477 5480 1606 5543; x_wconf 79' lang='grc' dir='ltr'>παρὰ</span> <span class='ocrx_word' id='word_1_464' title='bbox 1623 5489 1707 5548; x_wconf 71' lang='grc' dir='ltr'>τῇς</span> <span class='ocrx_word' id='word_1_465' title='bbox 1728 5483 1812 5530; x_wconf 88' lang='grc' dir='ltr'>τοῦ</span> <span class='ocrx_word' id='word_1_466' title='bbox 1840 5484 2049 5548; x_wconf 86' lang='grc' dir='ltr'>Χριστοῦ</span> <span class='ocrx_word' id='word_1_467' title='bbox 2072 5480 2291 5538; x_wconf 82' lang='grc' dir='ltr'>δέξασθαι</span> 
     </span>
    </p>
   </div>
   <div class='ocr_carea' id='block_1_63' title="bbox 708 5540 2296 5650">
    <p class='ocr_par' dir='ltr' id='par_1_63' title="bbox 708 5540 2296 5650">
     <span class='ocr_line' id='line_1_63' title="bbox 708 5540 2296 5608; baseline 0.005 -22"><span class='ocrx_word' id='word_1_468' title='bbox 708 5541 865 5602; x_wconf 79' lang='grc' dir='ltr'>χειρὸς</span> <span class='ocrx_word' id='word_1_469' title='bbox 905 5540 980 5589; x_wconf 71' lang='grc' dir='ltr'>ἐπὶ</span> <span class='ocrx_word' id='word_1_470' title='bbox 1016 5543 1102 5598; x_wconf 81' lang='grc' dir='ltr'>τῆν</span> <span class='ocrx_word' id='word_1_471' title='bbox 1145 5543 1236 5598; x_wconf 79' lang='grc' dir='ltr'>σὴν</span> <span class='ocrx_word' id='word_1_472' title='bbox 1278 5540 1488 5605; x_wconf 79' lang='grc' dir='ltr'>κεφαλὴν</span> <span class='ocrx_word' id='word_1_473' title='bbox 1513 5540 1805 5593; x_wconf 60' lang='grc' dir='ltr'>σπούδασον.</span> <span class='ocrx_word' id='word_1_474' title='bbox 1851 5540 2013 5603; x_wconf 70' lang='grc' dir='ltr'>Μηδὲν</span> <span class='ocrx_word' id='word_1_475' title='bbox 2041 5549 2143 5604; x_wconf 78' lang='grc' dir='ltr'>εἰκῆ</span> <span class='ocrx_word' id='word_1_476' title='bbox 2175 5549 2296 5608; x_wconf 82' lang='grc' dir='ltr'>μηδέ</span> 
     </span>
     <span class='ocr_line' id='line_1_64' title="bbox 708 5603 1107 5650; baseline 0.003 -1"><span class='ocrx_word' id='word_1_477' title='bbox 708 5603 872 5650; x_wconf 81' lang='grc' dir='ltr'>ἁπλῶς</span> <span class='ocrx_word' id='word_1_478' title='bbox 889 5603 1107 5650; x_wconf 78' lang='grc' dir='ltr'>γινέσθω.</span> 
     </span>
    </p>
   </div>
   <div class='ocr_carea' id='block_1_64' title="bbox 706 5617 1107 5659">
    <p class='ocr_par' dir='ltr' id='par_1_64' title="bbox 706 5617 1107 5659">
     <span class='ocr_line' id='line_1_65' title="bbox 706 5617 1107 5659; baseline 0.005 -10"><span class='ocrx_word' id='word_1_479' title='bbox 706 5617 872 5656; x_wconf 84' lang='grc' dir='ltr'>απΑως</span> <span class='ocrx_word' id='word_1_480' title='bbox 889 5617 1107 5659; x_wconf 78' lang='grc' dir='ltr'>γινεσυω.</span> 
     </span>
    </p>
   </div>
   <div class='ocr_carea' id='block_1_65' title="bbox 774 5659 2292 5730">
    <p class='ocr_par' dir='ltr' id='par_1_65' title="bbox 774 5659 2292 5730">
     <span class='ocr_line' id='line_1_66' title="bbox 774 5659 2292 5730; baseline 0.005 -21"><span class='ocrx_word' id='word_1_481' title='bbox 774 5660 919 5730; x_wconf 47' lang='grc' dir='ltr'>ξριιο</span> <span class='ocrx_word' id='word_1_482' title='bbox 937 5659 1239 5730; x_wconf 63' lang='grc' dir='ltr'>ρρὸρέπειδῂ</span> <span class='ocrx_word' id='word_1_483' title='bbox 1260 5664 1525 5730; x_wconf 68' lang='grc' dir='ltr'>ἵππονέχει</span> <span class='ocrx_word' id='word_1_484' title='bbox 1546 5667 1707 5729; x_wconf 87' lang='grc' dir='ltr'>χρυσῷ</span> <span class='ocrx_word' id='word_1_485' title='bbox 1727 5668 2118 5730; x_wconf 86' lang='grc' dir='ltr'>κεχαλινωμένον,</span> <span class='ocrx_word' id='word_1_486' title='bbox 2132 5669 2292 5725; x_wconf 86' lang='grc' dir='ltr'>ἐπειδὴ</span> 
     </span>
    </p>
   </div>
   <div class='ocr_carea' id='block_1_66' title="bbox 708 5725 2290 5793">
    <p class='ocr_par' dir='ltr' id='par_1_66' title="bbox 708 5725 2290 5793">
     <span class='ocr_line' id='line_1_67' title="bbox 708 5725 2290 5793; baseline 0.005 -24"><span class='ocrx_word' id='word_1_487' title='bbox 708 5725 916 5793; x_wconf 57' lang='grc' dir='ltr'>πολλούς</span> <span class='ocrx_word' id='word_1_488' title='bbox 935 5725 1137 5793; x_wconf 70' lang='grc' dir='ltr'>οἰκέτας,</span> <span class='ocrx_word' id='word_1_489' title='bbox 1157 5725 1594 5793; x_wconf 42' lang='grc' dir='ltr'>καὶ-φαιδράνζᾘόἱ</span> <span class='ocrx_word' id='word_1_490' title='bbox 1615 5725 1743 5777; x_wconf 67' lang='lat' dir='ltr'>unus</span> <span class='ocrx_word' id='word_1_491' title='bbox 1761 5725 1840 5778; x_wconf 68' lang='grc' dir='ltr'>γεάι</span> <span class='ocrx_word' id='word_1_492' title='bbox 1859 5725 2005 5793; x_wconf 76' lang='grc' dir='ltr'>τρυφῇ</span> <span class='ocrx_word' id='word_1_493' title='bbox 2018 5731 2290 5793; x_wconf 79' lang='grc' dir='ltr'>περιϐέϐλη·</span> 
     </span>
    </p>
   </div>
   <div class='ocr_carea' id='block_1_67' title="bbox 708 5785 1362 5845">
    <p class='ocr_par' dir='ltr' id='par_1_67' title="bbox 708 5785 1362 5845">
     <span class='ocr_line' id='line_1_68' title="bbox 708 5785 1362 5845; baseline -0.005 -9"><span class='ocrx_word' id='word_1_494' title='bbox 708 5805 787 5837; x_wconf 91' lang='grc' dir='ltr'>ται</span> <span class='ocrx_word' id='word_1_495' title='bbox 811 5785 916 5834; x_wconf 68' lang='grc' dir='ltr'>καθ’</span> <span class='ocrx_word' id='word_1_496' title='bbox 939 5785 1144 5844; x_wconf 73' lang='grc' dir='ltr'>ἑκάστην</span> <span class='ocrx_word' id='word_1_497' title='bbox 1165 5785 1362 5845; x_wconf 70' lang='grc' dir='ltr'>ἡμέραν.</span> 
     </span>
    </p>
   </div>
   <div class='ocr_carea' id='block_1_68' title="bbox 1426 374 3314 440">
    <p class='ocr_par' dir='ltr' id='par_1_68' title="bbox 1426 374 3314 440">
     <span class='ocr_line' id='line_1_69' title="bbox 1426 374 3314 440; baseline 0.001 -3"><span class='ocrx_word' id='word_1_498' title='bbox 1426 383 1488 437; x_wconf 81' lang='lat' dir='ltr'>S.</span> <span class='ocrx_word' id='word_1_499' title='bbox 1527 381 1817 439; x_wconf 72' lang='lat' dir='ltr'>JOANNIS</span> <span class='ocrx_word' id='word_1_500' title='bbox 1854 375 2351 436; x_wconf 68' lang='lat' dir='ltr'>LHRYSOSTOH!</span> <span class='ocrx_word' id='word_1_501' title='bbox 2387 374 2712 434; x_wconf 77' lang='lat' dir='ltr'>ARCHIEP.</span> <span class='ocrx_word' id='word_1_502' title='bbox 2750 377 3314 440; x_wconf 80' lang='lat' dir='ltr'>CONSTANTINOP.</span> 
     </span>
    </p>
   </div>
   <div class='ocr_carea' id='block_1_69' title="bbox 2392 499 3976 574">
    <p class='ocr_par' dir='ltr' id='par_1_69' title="bbox 2392 499 3976 574">
     <span class='ocr_line' id='line_1_70' title="bbox 2392 499 3976 574; baseline 0.003 -23"><span class='ocrx_word' id='word_1_503' title='bbox 2392 499 2625 570; x_wconf 77' lang='grc' dir='ltr'>ἱματίων</span> <span class='ocrx_word' id='word_1_504' title='bbox 2674 499 2737 553; x_wconf 89' lang='grc' dir='ltr'>τὸ</span> <span class='ocrx_word' id='word_1_505' title='bbox 2775 500 2992 564; x_wconf 86' lang='grc' dir='ltr'>κάλλος,</span> <span class='ocrx_word' id='word_1_506' title='bbox 3025 501 3119 554; x_wconf 75' lang='grc' dir='ltr'>καὶ</span> <span class='ocrx_word' id='word_1_507' title='bbox 3164 503 3197 572; x_wconf 89' lang='grc' dir='ltr'>ή</span> <span class='ocrx_word' id='word_1_508' title='bbox 3255 501 3546 574; x_wconf 75' lang='grc' dir='ltr'>σωματικὴ</span> <span class='ocrx_word' id='word_1_509' title='bbox 3595 502 3708 556; x_wconf 87' lang='grc' dir='ltr'>τῶν</span> <span class='ocrx_word' id='word_1_510' title='bbox 3752 505 3976 562; x_wconf 59' lang='lat' dir='ltr'>ama.</span> 
     </span>
    </p>
   </div>
   <div class='ocr_carea' id='block_1_70' title="bbox 2384 581 3973 658">
    <p class='ocr_par' dir='ltr' id='par_1_70' title="bbox 2384 581 3973 658">
     <span class='ocr_line' id='line_1_71' title="bbox 2384 581 3973 658; baseline 0.006 -25"><span class='ocrx_word' id='word_1_511' title='bbox 2384 581 2566 647; x_wconf 83' lang='grc' dir='ltr'>εὐεξία</span> <span class='ocrx_word' id='word_1_512' title='bbox 2599 581 2965 654; x_wconf 75' lang='grc' dir='ltr'>θαυμάζηται,</span> <span class='ocrx_word' id='word_1_513' title='bbox 3006 584 3169 647; x_wconf 87' lang='grc' dir='ltr'>αὐτὸς</span> <span class='ocrx_word' id='word_1_514' title='bbox 3213 584 3270 637; x_wconf 86' lang='grc' dir='ltr'>δὲ</span> <span class='ocrx_word' id='word_1_515' title='bbox 3319 585 3771 655; x_wconf 80' lang='grc' dir='ltr'>ἀνεγκωμίαστος</span> <span class='ocrx_word' id='word_1_516' title='bbox 3802 605 3973 658; x_wconf 81' lang='grc' dir='ltr'>παρα-</span> 
     </span>
    </p>
   </div>
   <div class='ocr_carea' id='block_1_71' title="bbox 2384 664 3977 739">
    <p class='ocr_par' dir='ltr' id='par_1_71' title="bbox 2384 664 3977 739">
     <span class='ocr_line' id='line_1_72' title="bbox 2384 664 3977 739; baseline 0.004 -23"><span class='ocrx_word' id='word_1_517' title='bbox 2384 664 2588 734; x_wconf 74' lang='grc' dir='ltr'>τρέχῃς</span> <span class='ocrx_word' id='word_1_518' title='bbox 2616 665 2682 717; x_wconf 90' lang='grc' dir='ltr'>Τί</span> <span class='ocrx_word' id='word_1_519' title='bbox 2716 667 2896 719; x_wconf 89' lang='grc' dir='ltr'>τοίνυν</span> <span class='ocrx_word' id='word_1_520' title='bbox 2942 668 3144 736; x_wconf 87' lang='grc' dir='ltr'>γένοιτ’</span> <span class='ocrx_word' id='word_1_521' title='bbox 3174 667 3242 720; x_wconf 79' lang='grc' dir='ltr'>ἂν</span> <span class='ocrx_word' id='word_1_522' title='bbox 3275 668 3603 739; x_wconf 75' lang='grc' dir='ltr'>πενέστερον</span> <span class='ocrx_word' id='word_1_523' title='bbox 3638 669 3854 735; x_wconf 85' lang='grc' dir='ltr'>τούτου,</span> <span class='ocrx_word' id='word_1_524' title='bbox 3883 672 3977 724; x_wconf 86' lang='grc' dir='ltr'>τοῦ</span> 
     </span>
    </p>
   </div>
   <div class='ocr_carea' id='block_1_72' title="bbox 2388 745 3976 821">
    <p class='ocr_par' dir='ltr' id='par_1_72' title="bbox 2388 745 3976 821">
     <span class='ocr_line' id='line_1_73' title="bbox 2388 745 3976 821; baseline 0.004 -23"><span class='ocrx_word' id='word_1_525' title='bbox 2388 745 2556 815; x_wconf 84' lang='grc' dir='ltr'>μηδὲν</span> <span class='ocrx_word' id='word_1_526' title='bbox 2588 745 2804 816; x_wconf 79' lang='grc' dir='ltr'>ἔχοντος</span> <span class='ocrx_word' id='word_1_527' title='bbox 2837 749 3002 802; x_wconf 91' lang='grc' dir='ltr'>καλὸν</span> <span class='ocrx_word' id='word_1_528' title='bbox 3029 751 3231 802; x_wconf 80' lang='grc' dir='ltr'>οἰκεῖον</span> <span class='ocrx_word' id='word_1_529' title='bbox 3261 749 3388 820; x_wconf 81' lang='grc' dir='ltr'>μήθ’</span> <span class='ocrx_word' id='word_1_530' title='bbox 3415 749 3444 801; x_wconf 85' lang='lat'>0</span> <span class='ocrx_word' id='word_1_531' title='bbox 3471 750 3766 821; x_wconf 87' lang='grc' dir='ltr'>δυνήσεται</span> <span class='ocrx_word' id='word_1_532' title='bbox 3793 751 3976 806; x_wconf 83' lang='grc' dir='ltr'>ἐντεῦ-</span> 
     </span>
    </p>
   </div>
   <div class='ocr_carea' id='block_1_73' title="bbox 2385 826 3977 904">
    <p class='ocr_par' dir='ltr' id='par_1_73' title="bbox 2385 826 3977 904">
     <span class='ocr_line' id='line_1_74' title="bbox 2385 826 3977 904; baseline 0.004 -24"><span class='ocrx_word' id='word_1_533' title='bbox 2385 826 2478 880; x_wconf 88' lang='grc' dir='ltr'>θεν</span> <span class='ocrx_word' id='word_1_534' title='bbox 2505 828 2849 898; x_wconf 76' lang='grc' dir='ltr'>ἀπενεγκεῖν,</span> <span class='ocrx_word' id='word_1_535' title='bbox 2875 831 3015 886; x_wconf 89' lang='grc' dir='ltr'>ἀλλά</span> <span class='ocrx_word' id='word_1_536' title='bbox 3036 834 3149 895; x_wconf 86' lang='grc' dir='ltr'>τοῖς</span> <span class='ocrx_word' id='word_1_537' title='bbox 3167 832 3472 904; x_wconf 87' lang='grc' dir='ltr'>ἀλλοτρίοις</span> <span class='ocrx_word' id='word_1_538' title='bbox 3493 833 3977 904; x_wconf 76' lang='grc' dir='ltr'>καλλωπιζομένου</span> 
     </span>
    </p>
   </div>
   <div class='ocr_carea' id='block_1_74' title="bbox 2385 912 3980 986">
    <p class='ocr_par' dir='ltr' id='par_1_74' title="bbox 2385 912 3980 986">
     <span class='ocr_line' id='line_1_75' title="bbox 2385 912 3980 986; baseline 0.004 -22"><span class='ocrx_word' id='word_1_539' title='bbox 2385 912 2589 977; x_wconf 80' lang='grc' dir='ltr'>πᾶσιν;</span> <span class='ocrx_word' id='word_1_540' title='bbox 2635 914 2848 977; x_wconf 82' lang='grc' dir='ltr'>Οίκεῖος</span> <span class='ocrx_word' id='word_1_541' title='bbox 2892 913 3004 986; x_wconf 83' lang='grc' dir='ltr'>γὰρ</span> <span class='ocrx_word' id='word_1_542' title='bbox 3053 915 3212 986; x_wconf 88' lang='grc' dir='ltr'>ήμῶν</span> <span class='ocrx_word' id='word_1_543' title='bbox 3258 915 3461 986; x_wconf 89' lang='grc' dir='ltr'>κόσμος</span> <span class='ocrx_word' id='word_1_544' title='bbox 3487 917 3582 969; x_wconf 79' lang='grc' dir='ltr'>καὶ</span> <span class='ocrx_word' id='word_1_545' title='bbox 3612 915 3847 980; x_wconf 86' lang='grc' dir='ltr'>πλοῦτος</span> <span class='ocrx_word' id='word_1_546' title='bbox 3878 920 3980 971; x_wconf 83' lang='grc' dir='ltr'>οὐκ</span> 
     </span>
    </p>
   </div>
   <div class='ocr_carea' id='block_1_75' title="bbox 2383 995 3980 1070">
    <p class='ocr_par' dir='ltr' id='par_1_75' title="bbox 2383 995 3980 1070">
     <span class='ocr_line' id='line_1_76' title="bbox 2383 995 3980 1070; baseline 0.004 -24"><span class='ocrx_word' id='word_1_547' title='bbox 2383 995 2597 1049; x_wconf 78' lang='grc' dir='ltr'>οἰκέται</span> <span class='ocrx_word' id='word_1_548' title='bbox 2625 996 2722 1049; x_wconf 78' lang='grc' dir='ltr'>καὶ</span> <span class='ocrx_word' id='word_1_549' title='bbox 2751 996 2943 1065; x_wconf 85' lang='grc' dir='ltr'>ίμάτια</span> <span class='ocrx_word' id='word_1_550' title='bbox 2969 997 3066 1049; x_wconf 76' lang='grc' dir='ltr'>καὶ</span> <span class='ocrx_word' id='word_1_551' title='bbox 3089 998 3267 1060; x_wconf 87' lang='grc' dir='ltr'>ἵπποι,</span> <span class='ocrx_word' id='word_1_552' title='bbox 3295 997 3433 1052; x_wconf 87' lang='grc' dir='ltr'>ἀλλά</span> <span class='ocrx_word' id='word_1_553' title='bbox 3455 998 3639 1068; x_wconf 90' lang='grc' dir='ltr'>ψυχῆς</span> <span class='ocrx_word' id='word_1_554' title='bbox 3665 999 3862 1070; x_wconf 81' lang='grc' dir='ltr'>ἀρετὴ,</span> <span class='ocrx_word' id='word_1_555' title='bbox 3883 1000 3980 1054; x_wconf 75' lang='grc' dir='ltr'>καὶ</span> 
     </span>
    </p>
   </div>
   <div class='ocr_carea' id='block_1_76' title="bbox 2385 1077 3982 1154">
    <p class='ocr_par' dir='ltr' id='par_1_76' title="bbox 2385 1077 3982 1154">
     <span class='ocr_line' id='line_1_77' title="bbox 2385 1077 3982 1154; baseline 0.006 -25"><span class='ocrx_word' id='word_1_556' title='bbox 2385 1077 2619 1143; x_wconf 89' lang='grc' dir='ltr'>πλοῦτος</span> <span class='ocrx_word' id='word_1_557' title='bbox 2643 1077 2868 1147; x_wconf 88' lang='grc' dir='ltr'>ἀγαθῶν</span> <span class='ocrx_word' id='word_1_558' title='bbox 2895 1078 3094 1150; x_wconf 75' lang='grc' dir='ltr'>ἔργων,</span> <span class='ocrx_word' id='word_1_559' title='bbox 3121 1079 3216 1134; x_wconf 79' lang='grc' dir='ltr'>καὶ</span> <span class='ocrx_word' id='word_1_560' title='bbox 3241 1082 3275 1152; x_wconf 90' lang='grc' dir='ltr'>ή</span> <span class='ocrx_word' id='word_1_561' title='bbox 3302 1082 3440 1153; x_wconf 89' lang='grc' dir='ltr'>πρὸς</span> <span class='ocrx_word' id='word_1_562' title='bbox 3461 1081 3555 1134; x_wconf 90' lang='grc' dir='ltr'>τὸν</span> <span class='ocrx_word' id='word_1_563' title='bbox 3590 1081 3727 1135; x_wconf 84' lang='grc' dir='ltr'>Θεὸν</span> <span class='ocrx_word' id='word_1_564' title='bbox 3763 1083 3982 1154; x_wconf 75' lang='grc' dir='ltr'>παρρη-</span> 
     </span>
    </p>
   </div>
   <div class='ocr_carea' id='block_1_77' title="bbox 2387 1159 2500 1213">
    <p class='ocr_par' dir='ltr' id='par_1_77' title="bbox 2387 1159 2500 1213">
     <span class='ocr_line' id='line_1_78' title="bbox 2387 1159 2500 1213; baseline 0.018 -2"><span class='ocrx_word' id='word_1_565' title='bbox 2387 1159 2500 1213; x_wconf 92' lang='grc' dir='ltr'>σία.</span> 
     </span>
    </p>
   </div>
   <div class='ocr_carea' id='block_1_78' title="bbox 2454 1242 3986 1317">
    <p class='ocr_par' dir='ltr' id='par_1_78' title="bbox 2454 1242 3986 1317">
     <span class='ocr_line' id='line_1_79' title="bbox 2454 1242 3986 1317; baseline 0.004 -21"><span class='ocrx_word' id='word_1_566' title='bbox 2454 1243 2517 1296; x_wconf 81' lang='grc' dir='ltr'>δ’.</span> <span class='ocrx_word' id='word_1_567' title='bbox 2540 1242 2710 1296; x_wconf 88' lang='grc' dir='ltr'>Πάλιν</span> <span class='ocrx_word' id='word_1_568' title='bbox 2731 1244 2919 1315; x_wconf 71' lang='grc' dir='ltr'>ἕτερον</span> <span class='ocrx_word' id='word_1_569' title='bbox 2941 1244 3009 1300; x_wconf 85' lang='grc' dir='ltr'>ἃν</span> <span class='ocrx_word' id='word_1_570' title='bbox 3032 1244 3148 1316; x_wconf 75' lang='grc' dir='ltr'>ἴδῃς</span> <span class='ocrx_word' id='word_1_571' title='bbox 3174 1245 3409 1316; x_wconf 88' lang='grc' dir='ltr'>πτωχὸν,</span> <span class='ocrx_word' id='word_1_572' title='bbox 3426 1245 3867 1317; x_wconf 77' lang='grc' dir='ltr'>ἀπερριμμένον,</span> <span class='ocrx_word' id='word_1_573' title='bbox 3883 1265 3986 1302; x_wconf 85' lang='grc' dir='ltr'>κα-</span> 
     </span>
    </p>
   </div>
   <div class='ocr_carea' id='block_1_79' title="bbox 2384 1324 3988 1399">
    <p class='ocr_par' dir='ltr' id='par_1_79' title="bbox 2384 1324 3988 1399">
     <span class='ocr_line' id='line_1_80' title="bbox 2384 1324 3988 1399; baseline 0.003 -21"><span class='ocrx_word' id='word_1_574' title='bbox 2384 1324 2821 1398; x_wconf 89' lang='grc' dir='ltr'>ταφρονούμενον</span> <span class='ocrx_word' id='word_1_575' title='bbox 2848 1328 3096 1398; x_wconf 78' lang='grc' dir='ltr'>πτωχείᾳ</span> <span class='ocrx_word' id='word_1_576' title='bbox 3123 1327 3219 1381; x_wconf 77' lang='grc' dir='ltr'>καὶ</span> <span class='ocrx_word' id='word_1_577' title='bbox 3237 1339 3259 1367; x_wconf 75' lang='grc' dir='ltr'><strong>ο</strong></span> <span class='ocrx_word' id='word_1_578' title='bbox 3284 1329 3454 1399; x_wconf 86' lang='grc' dir='ltr'>ἀρετῇ</span> <span class='ocrx_word' id='word_1_579' title='bbox 3478 1328 3746 1393; x_wconf 84' lang='grc' dir='ltr'>συζῶντα,</span> <span class='ocrx_word' id='word_1_580' title='bbox 3774 1331 3870 1382; x_wconf 78' lang='grc' dir='ltr'>καὶ</span> <span class='ocrx_word' id='word_1_581' title='bbox 3889 1349 3988 1384; x_wconf 88' lang='grc' dir='ltr'>τα-</span> 
     </span>
    </p>
   </div>
   <div class='ocr_carea' id='block_1_80' title="bbox 2385 1407 3994 1481">
    <p class='ocr_par' dir='ltr' id='par_1_80' title="bbox 2385 1407 3994 1481">
     <span class='ocr_line' id='line_1_81' title="bbox 2385 1407 3994 1481; baseline 0.003 -21"><span class='ocrx_word' id='word_1_582' title='bbox 2385 1407 2739 1479; x_wconf 81' lang='grc' dir='ltr'>λανιζόμενον</span> <span class='ocrx_word' id='word_1_583' title='bbox 2761 1409 2914 1480; x_wconf 87' lang='grc' dir='ltr'>παρά</span> <span class='ocrx_word' id='word_1_584' title='bbox 2933 1409 3044 1462; x_wconf 87' lang='grc' dir='ltr'>τῶν</span> <span class='ocrx_word' id='word_1_585' title='bbox 3068 1409 3523 1481; x_wconf 88' lang='grc' dir='ltr'>συγκαθημένων,</span> <span class='ocrx_word' id='word_1_586' title='bbox 3549 1412 3843 1465; x_wconf 87' lang='grc' dir='ltr'>ἐπαίνεσον</span> <span class='ocrx_word' id='word_1_587' title='bbox 3867 1413 3994 1465; x_wconf 79' lang='grc' dir='ltr'>τοῦ-</span> 
     </span>
    </p>
   </div>
   <div class='ocr_carea' id='block_1_81' title="bbox 2385 1491 3988 1567">
    <p class='ocr_par' dir='ltr' id='par_1_81' title="bbox 2385 1491 3988 1567">
     <span class='ocr_line' id='line_1_82' title="bbox 2385 1491 3988 1567; baseline 0.003 -25"><span class='ocrx_word' id='word_1_588' title='bbox 2385 1507 2498 1556; x_wconf 88' lang='grc' dir='ltr'>τον,</span> <span class='ocrx_word' id='word_1_589' title='bbox 2535 1491 2631 1544; x_wconf 73' lang='grc' dir='ltr'>καὶ</span> <span class='ocrx_word' id='word_1_590' title='bbox 2656 1491 2881 1560; x_wconf 89' lang='grc' dir='ltr'>γέγονεν</span> <span class='ocrx_word' id='word_1_591' title='bbox 2925 1493 2954 1545; x_wconf 96' lang='lat'>0</span> <span class='ocrx_word' id='word_1_592' title='bbox 2994 1491 3218 1556; x_wconf 77' lang='grc' dir='ltr'>ἔπαινος</span> <span class='ocrx_word' id='word_1_593' title='bbox 3250 1493 3344 1547; x_wconf 90' lang='grc' dir='ltr'>τοῦ</span> <span class='ocrx_word' id='word_1_594' title='bbox 3379 1494 3745 1567; x_wconf 85' lang='grc' dir='ltr'>παρελθόντος</span> <span class='ocrx_word' id='word_1_595' title='bbox 3779 1495 3988 1565; x_wconf 82' lang='grc' dir='ltr'>παραί-</span> 
     </span>
    </p>
   </div>
   <div class='ocr_carea' id='block_1_82' title="bbox 2387 1574 3989 1647">
    <p class='ocr_par' dir='ltr' id='par_1_82' title="bbox 2387 1574 3989 1647">
     <span class='ocr_line' id='line_1_83' title="bbox 2387 1574 3989 1647; baseline 0.002 -21"><span class='ocrx_word' id='word_1_596' title='bbox 2387 1590 2534 1637; x_wconf 87' lang='grc' dir='ltr'>νεσις</span> <span class='ocrx_word' id='word_1_597' title='bbox 2581 1574 2675 1627; x_wconf 77' lang='grc' dir='ltr'>καὶ</span> <span class='ocrx_word' id='word_1_598' title='bbox 2722 1574 3003 1647; x_wconf 84' lang='grc' dir='ltr'>συμϐουλὴ</span> <span class='ocrx_word' id='word_1_599' title='bbox 3032 1576 3278 1645; x_wconf 84' lang='grc' dir='ltr'>χρηστῆς</span> <span class='ocrx_word' id='word_1_600' title='bbox 3308 1577 3403 1630; x_wconf 80' lang='grc' dir='ltr'>καὶ</span> <span class='ocrx_word' id='word_1_601' title='bbox 3434 1576 3648 1646; x_wconf 82' lang='grc' dir='ltr'>ἀγαθῆς</span> <span class='ocrx_word' id='word_1_602' title='bbox 3679 1577 3989 1640; x_wconf 78' lang='grc' dir='ltr'>πολιτείας.</span> 
     </span>
    </p>
   </div>
   <div class='ocr_carea' id='block_1_83' title="bbox 2388 1655 3996 1730">
    <p class='ocr_par' dir='ltr' id='par_1_83' title="bbox 2388 1655 3996 1730">
     <span class='ocr_line' id='line_1_84' title="bbox 2388 1655 3996 1730; baseline 0.003 -23"><span class='ocrx_word' id='word_1_603' title='bbox 2388 1655 2451 1708; x_wconf 78' lang='lat' dir='ltr'>El</span> <span class='ocrx_word' id='word_1_604' title='bbox 2484 1655 2754 1723; x_wconf 83' lang='grc' dir='ltr'>λέγουσιν,</span> <span class='ocrx_word' id='word_1_605' title='bbox 2786 1657 2970 1720; x_wconf 81' lang='grc' dir='ltr'>ἀθλιος</span> <span class='ocrx_word' id='word_1_606' title='bbox 2997 1657 3090 1710; x_wconf 81' lang='grc' dir='ltr'>καὶ</span> <span class='ocrx_word' id='word_1_607' title='bbox 3115 1656 3481 1730; x_wconf 81' lang='grc' dir='ltr'>ταλαίπωρος,</span> <span class='ocrx_word' id='word_1_608' title='bbox 3507 1660 3632 1714; x_wconf 80' lang='grc' dir='ltr'>εἰπὲ</span> <span class='ocrx_word' id='word_1_609' title='bbox 3650 1660 3733 1712; x_wconf 77' lang='grc' dir='ltr'>ὅτι</span> <span class='ocrx_word' id='word_1_610' title='bbox 3759 1660 3996 1713; x_wconf 75' lang='grc' dir='ltr'>πάντων</span> 
     </span>
    </p>
   </div>
   <div class='ocr_carea' id='block_1_84' title="bbox 2393 1732 3985 1812">
    <p class='ocr_par' dir='ltr' id='par_1_84' title="bbox 2393 1732 3985 1812">
     <span class='ocr_line' id='line_1_85' title="bbox 2393 1732 3985 1812; baseline 0.002 -22"><span class='ocrx_word' id='word_1_611' title='bbox 2393 1738 2490 1807; x_wconf 89' lang='grc' dir='ltr'>μὲν</span> <span class='ocrx_word' id='word_1_612' title='bbox 2522 1734 2616 1792; x_wconf 85' lang='grc' dir='ltr'>οῦν</span> <span class='ocrx_word' id='word_1_613' title='bbox 2661 1732 2815 1802; x_wconf 72' lang='grc' dir='ltr'>οὗτος</span> <span class='ocrx_word' id='word_1_614' title='bbox 2852 1739 3290 1811; x_wconf 87' lang='grc' dir='ltr'>μακαριώτατος,</span> <span class='ocrx_word' id='word_1_615' title='bbox 3322 1743 3416 1796; x_wconf 87' lang='grc' dir='ltr'>τὸν</span> <span class='ocrx_word' id='word_1_616' title='bbox 3447 1742 3580 1795; x_wconf 89' lang='grc' dir='ltr'>Θεὸν</span> <span class='ocrx_word' id='word_1_617' title='bbox 3621 1743 3761 1812; x_wconf 81' lang='grc' dir='ltr'>ἔχων</span> <span class='ocrx_word' id='word_1_618' title='bbox 3803 1742 3985 1811; x_wconf 86' lang='grc' dir='ltr'>φίλον,</span> 
     </span>
    </p>
   </div>
   <div class='ocr_carea' id='block_1_85' title="bbox 2388 1821 3999 1894">
    <p class='ocr_par' dir='ltr' id='par_1_85' title="bbox 2388 1821 3999 1894">
     <span class='ocr_line' id='line_1_86' title="bbox 2388 1821 3999 1894; baseline 0.001 -20"><span class='ocrx_word' id='word_1_619' title='bbox 2388 1822 2558 1892; x_wconf 78' lang='grc' dir='ltr'>ἀρετῇ</span> <span class='ocrx_word' id='word_1_620' title='bbox 2600 1821 2801 1885; x_wconf 87' lang='grc' dir='ltr'>συζῶν,</span> <span class='ocrx_word' id='word_1_621' title='bbox 2834 1821 3066 1876; x_wconf 89' lang='grc' dir='ltr'>πλοῦτον</span> <span class='ocrx_word' id='word_1_622' title='bbox 3117 1824 3458 1894; x_wconf 81' lang='grc' dir='ltr'>κεκτημένος</span> <span class='ocrx_word' id='word_1_623' title='bbox 3506 1825 3751 1878; x_wconf 81' lang='grc' dir='ltr'>οὐδέποτ’</span> <span class='ocrx_word' id='word_1_624' title='bbox 3782 1825 3999 1876; x_wconf 65' lang='grc' dir='ltr'>ἐπιλείο</span> 
     </span>
    </p>
   </div>
   <div class='ocr_carea' id='block_1_86' title="bbox 2389 1904 4001 1978">
    <p class='ocr_par' dir='ltr' id='par_1_86' title="bbox 2389 1904 4001 1978">
     <span class='ocr_line' id='line_1_87' title="bbox 2389 1904 4001 1978; baseline 0 -20"><span class='ocrx_word' id='word_1_625' title='bbox 2389 1921 2584 1969; x_wconf 82' lang='grc' dir='ltr'>ποντα,</span> <span class='ocrx_word' id='word_1_626' title='bbox 2616 1904 2853 1968; x_wconf 88' lang='grc' dir='ltr'>συνειδὸς</span> <span class='ocrx_word' id='word_1_627' title='bbox 2886 1904 3024 1976; x_wconf 81' lang='grc' dir='ltr'>ἔχων</span> <span class='ocrx_word' id='word_1_628' title='bbox 3055 1905 3312 1976; x_wconf 87' lang='grc' dir='ltr'>καθαρόν.</span> <span class='ocrx_word' id='word_1_629' title='bbox 3342 1907 3418 1959; x_wconf 90' lang='grc' dir='ltr'>.Τί</span> <span class='ocrx_word' id='word_1_630' title='bbox 3455 1907 3565 1978; x_wconf 70' lang='grc' dir='ltr'>γὰρ</span> <span class='ocrx_word' id='word_1_631' title='bbox 3609 1906 3757 1978; x_wconf 86' lang='grc' dir='ltr'>αὐτῷ</span> <span class='ocrx_word' id='word_1_632' title='bbox 3786 1907 4001 1976; x_wconf 79' lang='grc' dir='ltr'>βλάϐος</span> 
     </span>
    </p>
   </div>
   <div class='ocr_carea' id='block_1_87' title="bbox 2391 1987 4002 2059">
    <p class='ocr_par' dir='ltr' id='par_1_87' title="bbox 2391 1987 4002 2059">
     <span class='ocr_line' id='line_1_88' title="bbox 2391 1987 4002 2059; baseline 0.002 -20"><span class='ocrx_word' id='word_1_633' title='bbox 2391 1988 2455 2039; x_wconf 85' lang='grc' dir='ltr'>ἐκ</span> <span class='ocrx_word' id='word_1_634' title='bbox 2499 1987 2602 2058; x_wconf 88' lang='grc' dir='ltr'>τῆς</span> <span class='ocrx_word' id='word_1_635' title='bbox 2646 1987 2854 2050; x_wconf 88' lang='grc' dir='ltr'>ἐνδείας</span> <span class='ocrx_word' id='word_1_636' title='bbox 2899 1987 3009 2040; x_wconf 89' lang='grc' dir='ltr'>τῶν</span> <span class='ocrx_word' id='word_1_637' title='bbox 3055 1989 3356 2058; x_wconf 80' lang='grc' dir='ltr'>χρημάτων</span> <span class='ocrx_word' id='word_1_638' title='bbox 3371 1988 3422 2052; x_wconf 73' lang='grc' dir='ltr'>ἀ,</span> <span class='ocrx_word' id='word_1_639' title='bbox 3453 1990 3584 2043; x_wconf 83' lang='grc' dir='ltr'>ὅταν</span> <span class='ocrx_word' id='word_1_640' title='bbox 3618 1990 3710 2042; x_wconf 89' lang='grc' dir='ltr'>τὸν</span> <span class='ocrx_word' id='word_1_641' title='bbox 3757 1989 4002 2059; x_wconf 66' lang='lat' dir='ltr'>0&#39;39:va</span> 
     </span>
    </p>
   </div>
   <div class='ocr_carea' id='block_1_88' title="bbox 2391 2068 3995 2144">
    <p class='ocr_par' dir='ltr' id='par_1_88' title="bbox 2391 2068 3995 2144">
     <span class='ocr_line' id='line_1_89' title="bbox 2391 2068 3995 2144; baseline 0.002 -23"><span class='ocrx_word' id='word_1_642' title='bbox 2391 2069 2487 2121; x_wconf 72' lang='grc' dir='ltr'>καὶ</span> <span class='ocrx_word' id='word_1_643' title='bbox 2516 2068 2583 2122; x_wconf 84' lang='grc' dir='ltr'>τὰ</span> <span class='ocrx_word' id='word_1_644' title='bbox 2611 2070 2670 2122; x_wconf 89' lang='grc' dir='ltr'>ἐν</span> <span class='ocrx_word' id='word_1_645' title='bbox 2693 2068 2772 2139; x_wconf 85' lang='grc' dir='ltr'>τῷ</span> <span class='ocrx_word' id='word_1_646' title='bbox 2802 2069 3018 2140; x_wconf 81' lang='grc' dir='ltr'>οὐρανῷ</span> <span class='ocrx_word' id='word_1_647' title='bbox 3052 2071 3223 2144; x_wconf 78' lang='grc' dir='ltr'>μέλλῃ</span> <span class='ocrx_word' id='word_1_648' title='bbox 3248 2071 3610 2143; x_wconf 82' lang='grc' dir='ltr'>κληρονομεῖν</span> <span class='ocrx_word' id='word_1_649' title='bbox 3640 2072 3858 2140; x_wconf 76' lang='grc' dir='ltr'>ἀγαθάς</span> <span class='ocrx_word' id='word_1_650' title='bbox 3893 2073 3995 2124; x_wconf 76' lang='grc' dir='ltr'>Ἂν</span> 
     </span>
    </p>
   </div>
   <div class='ocr_carea' id='block_1_89' title="bbox 2389 2151 3993 2226">
    <p class='ocr_par' dir='ltr' id='par_1_89' title="bbox 2389 2151 3993 2226">
     <span class='ocr_line' id='line_1_90' title="bbox 2389 2151 3993 2226; baseline 0.001 -22"><span class='ocrx_word' id='word_1_651' title='bbox 2389 2151 2534 2204; x_wconf 88' lang='grc' dir='ltr'>οῦτω</span> <span class='ocrx_word' id='word_1_652' title='bbox 2581 2152 2677 2203; x_wconf 72' lang='grc' dir='ltr'>καὶ</span> <span class='ocrx_word' id='word_1_653' title='bbox 2722 2152 2887 2213; x_wconf 90' lang='grc' dir='ltr'>αὐτὸς</span> <span class='ocrx_word' id='word_1_654' title='bbox 2927 2152 3250 2224; x_wconf 83' lang='grc' dir='ltr'>φιλοσοφῇς,</span> <span class='ocrx_word' id='word_1_655' title='bbox 3285 2155 3379 2207; x_wconf 70' lang='grc' dir='ltr'>καὶ</span> <span class='ocrx_word' id='word_1_656' title='bbox 3410 2154 3605 2217; x_wconf 89' lang='grc' dir='ltr'>ἀλλους</span> <span class='ocrx_word' id='word_1_657' title='bbox 3642 2167 3665 2193; x_wconf 79' lang='grc' dir='ltr'>θ</span> <span class='ocrx_word' id='word_1_658' title='bbox 3697 2155 3993 2226; x_wconf 74' lang='grc' dir='ltr'>παιδεύῃς,</span> 
     </span>
    </p>
   </div>
   <div class='ocr_carea' id='block_1_90' title="bbox 2391 2233 3996 2308">
    <p class='ocr_par' dir='ltr' id='par_1_90' title="bbox 2391 2233 3996 2308">
     <span class='ocr_line' id='line_1_91' title="bbox 2391 2233 3996 2308; baseline 0.002 -23"><span class='ocrx_word' id='word_1_659' title='bbox 2391 2233 2595 2303; x_wconf 86' lang='grc' dir='ltr'>πολλὴν</span> <span class='ocrx_word' id='word_1_660' title='bbox 2633 2233 2778 2306; x_wconf 81' lang='grc' dir='ltr'>λήψῃ</span> <span class='ocrx_word' id='word_1_661' title='bbox 2813 2234 2908 2287; x_wconf 80' lang='grc' dir='ltr'>καὶ</span> <span class='ocrx_word' id='word_1_662' title='bbox 2933 2235 3026 2288; x_wconf 89' lang='grc' dir='ltr'>τοῦ</span> <span class='ocrx_word' id='word_1_663' title='bbox 3047 2236 3218 2304; x_wconf 83' lang='grc' dir='ltr'>ψόγου</span> <span class='ocrx_word' id='word_1_664' title='bbox 3248 2238 3340 2290; x_wconf 76' lang='grc' dir='ltr'>καὶ</span> <span class='ocrx_word' id='word_1_665' title='bbox 3365 2237 3474 2290; x_wconf 89' lang='grc' dir='ltr'>τῶν</span> <span class='ocrx_word' id='word_1_666' title='bbox 3502 2237 3738 2291; x_wconf 90' lang='grc' dir='ltr'>ἐπαίνων</span> <span class='ocrx_word' id='word_1_667' title='bbox 3762 2238 3869 2308; x_wconf 75' lang='grc' dir='ltr'>τὴν</span> <span class='ocrx_word' id='word_1_668' title='bbox 3902 2255 3996 2307; x_wconf 90' lang='grc' dir='ltr'>μι-</span> 
     </span>
    </p>
   </div>
   <div class='ocr_carea' id='block_1_91' title="bbox 2392 2316 4004 2389">
    <p class='ocr_par' dir='ltr' id='par_1_91' title="bbox 2392 2316 4004 2389">
     <span class='ocr_line' id='line_1_92' title="bbox 2392 2316 4004 2389; baseline 0.003 -21"><span class='ocrx_word' id='word_1_669' title='bbox 2392 2316 2773 2383; x_wconf 85' lang='grc' dir='ltr'>σθαποδοσίαν,</span> <span class='ocrx_word' id='word_1_670' title='bbox 2808 2318 3095 2389; x_wconf 88' lang='grc' dir='ltr'>ἀμφότερα</span> <span class='ocrx_word' id='word_1_671' title='bbox 3121 2322 3199 2383; x_wconf 86' lang='grc' dir='ltr'>είς</span> <span class='ocrx_word' id='word_1_672' title='bbox 3227 2319 3386 2385; x_wconf 88' lang='grc' dir='ltr'>δόξαν</span> <span class='ocrx_word' id='word_1_673' title='bbox 3416 2320 3554 2374; x_wconf 89' lang='grc' dir='ltr'>Θεοῦ</span> <span class='ocrx_word' id='word_1_674' title='bbox 3583 2322 3842 2388; x_wconf 77' lang='grc' dir='ltr'>ποιήσας.</span> <span class='ocrx_word' id='word_1_675' title='bbox 3879 2321 4004 2373; x_wconf 68' lang='grc' dir='ltr'>Καὶ</span> 
     </span>
    </p>
   </div>
   <div class='ocr_carea' id='block_1_92' title="bbox 2391 2398 4004 2472">
    <p class='ocr_par' dir='ltr' id='par_1_92' title="bbox 2391 2398 4004 2472">
     <span class='ocr_line' id='line_1_93' title="bbox 2391 2398 4004 2472; baseline 0.002 -21"><span class='ocrx_word' id='word_1_676' title='bbox 2391 2398 2553 2452; x_wconf 86' lang='grc' dir='ltr'>ὅτιού</span> <span class='ocrx_word' id='word_1_677' title='bbox 2581 2400 2757 2469; x_wconf 88' lang='grc' dir='ltr'>μάτην</span> <span class='ocrx_word' id='word_1_678' title='bbox 2780 2417 2840 2453; x_wconf 92' lang='grc' dir='ltr'>σε</span> <span class='ocrx_word' id='word_1_679' title='bbox 2862 2400 3180 2470; x_wconf 82' lang='grc' dir='ltr'>ψυχαγωγῶ</span> <span class='ocrx_word' id='word_1_680' title='bbox 3199 2402 3374 2456; x_wconf 84' lang='grc' dir='ltr'>ταῦτα</span> <span class='ocrx_word' id='word_1_681' title='bbox 3397 2402 3592 2471; x_wconf 86' lang='grc' dir='ltr'>λέγων,</span> <span class='ocrx_word' id='word_1_682' title='bbox 3612 2402 3746 2455; x_wconf 88' lang='grc' dir='ltr'>ἀλλά</span> <span class='ocrx_word' id='word_1_683' title='bbox 3767 2403 4004 2472; x_wconf 80' lang='grc' dir='ltr'>μεγάλη</span> 
     </span>
    </p>
   </div>
   <div class='ocr_carea' id='block_1_93' title="bbox 2391 2480 4000 2556">
    <p class='ocr_par' dir='ltr' id='par_1_93' title="bbox 2391 2480 4000 2556">
     <span class='ocr_line' id='line_1_94' title="bbox 2391 2480 4000 2556; baseline 0.001 -22"><span class='ocrx_word' id='word_1_684' title='bbox 2391 2499 2476 2545; x_wconf 91' lang='grc' dir='ltr'>τις</span> <span class='ocrx_word' id='word_1_685' title='bbox 2511 2484 2626 2545; x_wconf 84' lang='grc' dir='ltr'>τοῖς</span> <span class='ocrx_word' id='word_1_686' title='bbox 2661 2480 2805 2535; x_wconf 78' lang='grc' dir='ltr'>οὕτω</span> <span class='ocrx_word' id='word_1_687' title='bbox 2835 2482 2935 2554; x_wconf 79' lang='grc' dir='ltr'>τὴν</span> <span class='ocrx_word' id='word_1_688' title='bbox 2964 2483 3191 2554; x_wconf 87' lang='grc' dir='ltr'>γνώμην</span> <span class='ocrx_word' id='word_1_689' title='bbox 3224 2484 3591 2555; x_wconf 85' lang='grc' dir='ltr'>διακειμένοις</span> <span class='ocrx_word' id='word_1_690' title='bbox 3623 2487 3814 2556; x_wconf 15' lang='grc' dir='ltr'>κεῖται.</span> <span class='ocrx_word' id='word_1_691' title='bbox 3836 2485 4000 2554; x_wconf 80' lang='grc' dir='ltr'>παρά</span> 
     </span>
    </p>
   </div>
   <div class='ocr_carea' id='block_1_94' title="bbox 2389 2563 4002 2637">
    <p class='ocr_par' dir='ltr' id='par_1_94' title="bbox 2389 2563 4002 2637">
     <span class='ocr_line' id='line_1_95' title="bbox 2389 2563 4002 2637; baseline 0.001 -19"><span class='ocrx_word' id='word_1_692' title='bbox 2389 2563 2486 2618; x_wconf 90' lang='grc' dir='ltr'>τοῦ</span> <span class='ocrx_word' id='word_1_693' title='bbox 2518 2565 2655 2618; x_wconf 86' lang='grc' dir='ltr'>Θεοῦ</span> <span class='ocrx_word' id='word_1_694' title='bbox 2683 2565 2792 2618; x_wconf 90' lang='grc' dir='ltr'>τῶν</span> <span class='ocrx_word' id='word_1_695' title='bbox 2824 2565 2962 2618; x_wconf 88' lang='grc' dir='ltr'>δλων</span> <span class='ocrx_word' id='word_1_696' title='bbox 2986 2567 3214 2636; x_wconf 86' lang='grc' dir='ltr'>ἀμοιϐὴ,</span> <span class='ocrx_word' id='word_1_697' title='bbox 3240 2567 3335 2621; x_wconf 56' lang='grc' dir='ltr'>καὶ¹</span> <span class='ocrx_word' id='word_1_698' title='bbox 3363 2568 3533 2637; x_wconf 85' lang='grc' dir='ltr'>ἀρετή</span> <span class='ocrx_word' id='word_1_699' title='bbox 3560 2584 3644 2630; x_wconf 88' lang='grc' dir='ltr'>τις</span> <span class='ocrx_word' id='word_1_700' title='bbox 3670 2567 4002 2636; x_wconf 84' lang='grc' dir='ltr'>νενόμισται</span> 
     </span>
    </p>
   </div>
   <div class='ocr_carea' id='block_1_95' title="bbox 2391 2647 4007 2721">
    <p class='ocr_par' dir='ltr' id='par_1_95' title="bbox 2391 2647 4007 2721">
     <span class='ocr_line' id='line_1_96' title="bbox 2391 2647 4007 2721; baseline 0.002 -22"><span class='ocrx_word' id='word_1_701' title='bbox 2391 2647 2454 2700; x_wconf 90' lang='grc' dir='ltr'>τὸ</span> <span class='ocrx_word' id='word_1_702' title='bbox 2485 2649 2736 2718; x_wconf 80' lang='grc' dir='ltr'>πρᾶγμα,</span> <span class='ocrx_word' id='word_1_703' title='bbox 2766 2647 2827 2700; x_wconf 91' lang='grc' dir='ltr'>τὸ</span> <span class='ocrx_word' id='word_1_704' title='bbox 2844 2647 2913 2700; x_wconf 82' lang='grc' dir='ltr'>τὰ</span> <span class='ocrx_word' id='word_1_705' title='bbox 2935 2648 3163 2701; x_wconf 88' lang='grc' dir='ltr'>τοιαῦτα</span> <span class='ocrx_word' id='word_1_706' title='bbox 3186 2649 3541 2718; x_wconf 78' lang='grc' dir='ltr'>ψηφίζεσθαι,</span> <span class='ocrx_word' id='word_1_707' title='bbox 3562 2650 3815 2721; x_wconf 72' lang='grc' dir='ltr'>περὶτῶν</span> <span class='ocrx_word' id='word_1_708' title='bbox 3847 2649 4007 2702; x_wconf 80' lang='grc' dir='ltr'>οὕτω</span> 
     </span>
    </p>
   </div>
   <div class='ocr_carea' id='block_1_96' title="bbox 2394 2728 4003 2803">
    <p class='ocr_par' dir='ltr' id='par_1_96' title="bbox 2394 2728 4003 2803">
     <span class='ocr_line' id='line_1_97' title="bbox 2394 2728 4003 2803; baseline 0.001 -22"><span class='ocrx_word' id='word_1_709' title='bbox 2394 2728 2634 2794; x_wconf 86' lang='grc' dir='ltr'>ζώντων,</span> <span class='ocrx_word' id='word_1_710' title='bbox 2667 2730 2897 2783; x_wconf 76' lang='grc' dir='ltr'>ἄκουσον</span> <span class='ocrx_word' id='word_1_711' title='bbox 2926 2731 2980 2782; x_wconf 90' lang='grc' dir='ltr'>τί</span> <span class='ocrx_word' id='word_1_712' title='bbox 3022 2749 3188 2801; x_wconf 87' lang='grc' dir='ltr'>φησιν</span> <span class='ocrx_word' id='word_1_713' title='bbox 3234 2734 3263 2784; x_wconf 98' lang='lat'>0</span> <span class='ocrx_word' id='word_1_714' title='bbox 3309 2734 3624 2803; x_wconf 78' lang='grc' dir='ltr'>προφήτης,</span> <span class='ocrx_word' id='word_1_715' title='bbox 3657 2733 3748 2785; x_wconf 74' lang='grc' dir='ltr'>καὶ</span> <span class='ocrx_word' id='word_1_716' title='bbox 3777 2731 3908 2795; x_wconf 87' lang='grc' dir='ltr'>πῶς</span> <span class='ocrx_word' id='word_1_717' title='bbox 3939 2733 4003 2783; x_wconf 88' lang='grc' dir='ltr'>ἐν</span> 
     </span>
    </p>
   </div>
   <div class='ocr_carea' id='block_1_97' title="bbox 2391 2810 4003 2886">
    <p class='ocr_par' dir='ltr' id='par_1_97' title="bbox 2391 2810 4003 2886">
     <span class='ocr_line' id='line_1_98' title="bbox 2391 2810 4003 2886; baseline 0.002 -22"><span class='ocrx_word' id='word_1_718' title='bbox 2391 2810 2545 2876; x_wconf 81' lang='grc' dir='ltr'>τάξει</span> <span class='ocrx_word' id='word_1_719' title='bbox 2570 2812 3017 2883; x_wconf 81' lang='grc' dir='ltr'>κατορθωμάτων</span> <span class='ocrx_word' id='word_1_720' title='bbox 3059 2814 3242 2884; x_wconf 90' lang='grc' dir='ltr'>τίθησι</span> <span class='ocrx_word' id='word_1_721' title='bbox 3268 2814 3330 2868; x_wconf 91' lang='grc' dir='ltr'>τὸ</span> <span class='ocrx_word' id='word_1_722' title='bbox 3360 2816 3488 2877; x_wconf 79' lang='grc' dir='ltr'>τοῦς</span> <span class='ocrx_word' id='word_1_723' title='bbox 3518 2814 4003 2886; x_wconf 85' lang='grc' dir='ltr'>πονηρευομένους</span> 
     </span>
    </p>
   </div>
   <div class='ocr_carea' id='block_1_98' title="bbox 2392 2894 4004 2967">
    <p class='ocr_par' dir='ltr' id='par_1_98' title="bbox 2392 2894 4004 2967">
     <span class='ocr_line' id='line_1_99' title="bbox 2392 2894 4004 2967; baseline 0.004 -21"><span class='ocrx_word' id='word_1_724' title='bbox 2392 2894 2714 2960; x_wconf 84' lang='grc' dir='ltr'>ἐξουθενείν,</span> <span class='ocrx_word' id='word_1_725' title='bbox 2747 2894 2839 2946; x_wconf 76' lang='grc' dir='ltr'>καὶ</span> <span class='ocrx_word' id='word_1_726' title='bbox 2873 2895 3000 2958; x_wconf 81' lang='grc' dir='ltr'>τοὺς</span> <span class='ocrx_word' id='word_1_727' title='bbox 3030 2896 3401 2967; x_wconf 87' lang='grc' dir='ltr'>φοϐουμένους</span> <span class='ocrx_word' id='word_1_728' title='bbox 3427 2897 3518 2950; x_wconf 88' lang='grc' dir='ltr'>τὸν</span> <span class='ocrx_word' id='word_1_729' title='bbox 3555 2897 3686 2949; x_wconf 90' lang='grc' dir='ltr'>Θεὸν</span> <span class='ocrx_word' id='word_1_730' title='bbox 3715 2895 4004 2959; x_wconf 76' lang='grc' dir='ltr'>δοξάζειν.</span> 
     </span>
    </p>
   </div>
   <div class='ocr_carea' id='block_1_99' title="bbox 2391 2975 4000 3050">
    <p class='ocr_par' dir='ltr' id='par_1_99' title="bbox 2391 2975 4000 3050">
     <span class='ocr_line' id='line_1_100' title="bbox 2391 2975 4000 3050; baseline 0.001 -21"><span class='ocrx_word' id='word_1_731' title='bbox 2391 2975 2550 3030; x_wconf 87' lang='grc' dir='ltr'>Μετά</span> <span class='ocrx_word' id='word_1_732' title='bbox 2580 2975 2686 3048; x_wconf 84' lang='grc' dir='ltr'>γὰρ</span> <span class='ocrx_word' id='word_1_733' title='bbox 2712 2976 2771 3029; x_wconf 91' lang='grc' dir='ltr'>τὸ</span> <span class='ocrx_word' id='word_1_734' title='bbox 2811 2977 3110 3043; x_wconf 84' lang='grc' dir='ltr'>καταλέξαι</span> <span class='ocrx_word' id='word_1_735' title='bbox 3135 2979 3236 3049; x_wconf 77' lang='grc' dir='ltr'>τὴν</span> <span class='ocrx_word' id='word_1_736' title='bbox 3273 2979 3443 3050; x_wconf 82' lang='grc' dir='ltr'>ἀλλην</span> <span class='ocrx_word' id='word_1_737' title='bbox 3477 2980 3678 3050; x_wconf 83' lang='grc' dir='ltr'>ἀρετὴν</span> <span class='ocrx_word' id='word_1_738' title='bbox 3717 2978 3812 3031; x_wconf 87' lang='grc' dir='ltr'>τοῦ</span> <span class='ocrx_word' id='word_1_739' title='bbox 3859 2979 4000 3050; x_wconf 80' lang='grc' dir='ltr'>μέλ·</span> 
     </span>
    </p>
   </div>
   <div class='ocr_carea' id='block_1_100' title="bbox 2391 3056 4010 3131">
    <p class='ocr_par' dir='ltr' id='par_1_100' title="bbox 2391 3056 4010 3131">
     <span class='ocr_line' id='line_1_101' title="bbox 2391 3056 4010 3131; baseline 0.002 -21"><span class='ocrx_word' id='word_1_740' title='bbox 2391 3058 2572 3120; x_wconf 90' lang='grc' dir='ltr'>λοντος</span> <span class='ocrx_word' id='word_1_741' title='bbox 2601 3058 2756 3127; x_wconf 90' lang='grc' dir='ltr'>παρά</span> <span class='ocrx_word' id='word_1_742' title='bbox 2780 3058 2888 3114; x_wconf 72' lang='grc' dir='ltr'>τοῦ</span> <span class='ocrx_word' id='word_1_743' title='bbox 2912 3058 3047 3112; x_wconf 87' lang='grc' dir='ltr'>Θεοῦ</span> <span class='ocrx_word' id='word_1_744' title='bbox 3084 3056 3374 3131; x_wconf 68' lang='grc' dir='ltr'>τιμᾶσθαι.</span> <span class='ocrx_word' id='word_1_745' title='bbox 3403 3063 3497 3116; x_wconf 77' lang='grc' dir='ltr'>καὶ</span> <span class='ocrx_word' id='word_1_746' title='bbox 3535 3063 3725 3120; x_wconf 74' lang='grc' dir='ltr'>εἰπεῖν,</span> <span class='ocrx_word' id='word_1_747' title='bbox 3763 3056 3888 3114; x_wconf 71' lang='grc' dir='ltr'>οἷον</span> <span class='ocrx_word' id='word_1_748' title='bbox 3923 3058 4010 3114; x_wconf 79' lang='grc' dir='ltr'>εἷ-</span> 
     </span>
    </p>
   </div>
   <div class='ocr_carea' id='block_1_101' title="bbox 2392 3138 4008 3215">
    <p class='ocr_par' dir='ltr' id='par_1_101' title="bbox 2392 3138 4008 3215">
     <span class='ocr_line' id='line_1_102' title="bbox 2392 3138 4008 3215; baseline 0.002 -21"><span class='ocrx_word' id='word_1_749' title='bbox 2392 3158 2482 3195; x_wconf 91' lang='grc' dir='ltr'>ναι</span> <span class='ocrx_word' id='word_1_750' title='bbox 2510 3138 2617 3212; x_wconf 81' lang='grc' dir='ltr'>χρὴ</span> <span class='ocrx_word' id='word_1_751' title='bbox 2646 3139 2739 3192; x_wconf 90' lang='grc' dir='ltr'>τὸν</span> <span class='ocrx_word' id='word_1_752' title='bbox 2773 3140 2832 3193; x_wconf 90' lang='grc' dir='ltr'>ἐν</span> <span class='ocrx_word' id='word_1_753' title='bbox 2861 3140 2940 3211; x_wconf 83' lang='grc' dir='ltr'>τῷ</span> <span class='ocrx_word' id='word_1_754' title='bbox 2964 3141 3104 3212; x_wconf 83' lang='grc' dir='ltr'>ἀγίῳ</span> <span class='ocrx_word' id='word_1_755' title='bbox 3125 3143 3488 3198; x_wconf 88' lang='grc' dir='ltr'>κατοικοῦντα</span> <span class='ocrx_word' id='word_1_756' title='bbox 3524 3143 3872 3215; x_wconf 84' lang='grc' dir='ltr'>σκηνώματι,</span> <span class='ocrx_word' id='word_1_757' title='bbox 3920 3146 4008 3198; x_wconf 75' lang='grc' dir='ltr'>ὅτι</span> 
     </span>
    </p>
   </div>
   <div class='ocr_carea' id='block_1_102' title="bbox 2391 3222 4007 3298">
    <p class='ocr_par' dir='ltr' id='par_1_102' title="bbox 2391 3222 4007 3298">
     <span class='ocr_line' id='line_1_103' title="bbox 2391 3222 4007 3298; baseline 0 -19"><span class='ocrx_word' id='word_1_758' title='bbox 2391 3224 2644 3294; x_wconf 81' lang='grc' dir='ltr'>ἄμωμον,</span> <span class='ocrx_word' id='word_1_759' title='bbox 2671 3222 2768 3277; x_wconf 72' lang='grc' dir='ltr'>καὶ</span> <span class='ocrx_word' id='word_1_760' title='bbox 2810 3223 3180 3294; x_wconf 82' lang='grc' dir='ltr'>ἐργαζόμενον</span> <span class='ocrx_word' id='word_1_761' title='bbox 3226 3226 3597 3297; x_wconf 85' lang='grc' dir='ltr'>δικαιοσύνην,</span> <span class='ocrx_word' id='word_1_762' title='bbox 3644 3227 3738 3280; x_wconf 76' lang='grc' dir='ltr'>καὶ</span> <span class='ocrx_word' id='word_1_763' title='bbox 3779 3226 4007 3298; x_wconf 76' lang='grc' dir='ltr'>ἀπόνη-</span> 
     </span>
    </p>
   </div>
   <div class='ocr_carea' id='block_1_103' title="bbox 2393 3305 4007 3380">
    <p class='ocr_par' dir='ltr' id='par_1_103' title="bbox 2393 3305 4007 3380">
     <span class='ocr_line' id='line_1_104' title="bbox 2393 3305 4007 3380; baseline 0.001 -20"><span class='ocrx_word' id='word_1_764' title='bbox 2393 3323 2507 3377; x_wconf 89' lang='grc' dir='ltr'>ρον,</span> <span class='ocrx_word' id='word_1_765' title='bbox 2546 3305 2642 3360; x_wconf 66' lang='grc' dir='ltr'>καὶ</span> <span class='ocrx_word' id='word_1_766' title='bbox 2689 3305 2852 3361; x_wconf 84' lang='grc' dir='ltr'>τοῦτο</span> <span class='ocrx_word' id='word_1_767' title='bbox 2905 3307 3279 3378; x_wconf 88' lang='grc' dir='ltr'>προσέθηκεν·</span> <span class='ocrx_word' id='word_1_768' title='bbox 3327 3308 3498 3361; x_wconf 87' lang='grc' dir='ltr'>είπὼν</span> <span class='ocrx_word' id='word_1_769' title='bbox 3553 3309 3685 3380; x_wconf 81' lang='grc' dir='ltr'>γάρ·</span> <span class='ocrx_word' id='word_1_770' title='bbox 3729 3311 3829 3375; x_wconf 87' lang='grc' dir='ltr'>Ὃς</span> <span class='ocrx_word' id='word_1_771' title='bbox 3884 3312 4007 3364; x_wconf 79' lang='grc' dir='ltr'>οὐκ</span> 
     </span>
    </p>
   </div>
   <div class='ocr_carea' id='block_1_104' title="bbox 2390 3389 4011 3458">
    <p class='ocr_par' dir='ltr' id='par_1_104' title="bbox 2390 3389 4011 3458">
     <span class='ocr_line' id='line_1_105' title="bbox 2390 3389 4011 3458; baseline 0.002 -16"><span class='ocrx_word' id='word_1_772' title='bbox 2390 3389 2699 3444; x_wconf 76' lang='grc' dir='ltr'>ἐδόλωσεν</span> <span class='ocrx_word' id='word_1_773' title='bbox 2733 3389 2804 3444; x_wconf 74' lang='grc' dir='ltr'>έν</span> <span class='ocrx_word' id='word_1_774' title='bbox 2833 3389 3086 3458; x_wconf 74' lang='grc' dir='ltr'>γλώσσῃ</span> <span class='ocrx_word' id='word_1_775' title='bbox 3122 3389 3333 3454; x_wconf 84' lang='grc' dir='ltr'>αὐτοῦ,</span> <span class='ocrx_word' id='word_1_776' title='bbox 3366 3390 3465 3444; x_wconf 78' lang='grc' dir='ltr'>καί</span> <span class='ocrx_word' id='word_1_777' title='bbox 3497 3393 3607 3445; x_wconf 77' lang='grc' dir='ltr'>οὐκ</span> <span class='ocrx_word' id='word_1_778' title='bbox 3637 3391 3900 3458; x_wconf 80' lang='grc' dir='ltr'>ἐποίησε</span> <span class='ocrx_word' id='word_1_779' title='bbox 3923 3391 4011 3456; x_wconf 83' lang='grc' dir='ltr'>τῷ</span> 
     </span>
    </p>
   </div>
   <div class='ocr_carea' id='block_1_105' title="bbox 2393 3473 4008 3544">
    <p class='ocr_par' dir='ltr' id='par_1_105' title="bbox 2393 3473 4008 3544">
     <span class='ocr_line' id='line_1_106' title="bbox 2393 3473 4008 3544; baseline 0.001 -18"><span class='ocrx_word' id='word_1_780' title='bbox 2393 3474 2669 3542; x_wconf 69' lang='grc' dir='ltr'>πλησίον</span> <span class='ocrx_word' id='word_1_781' title='bbox 2712 3473 2902 3529; x_wconf 79' lang='grc' dir='ltr'>αὐτοῦ</span> <span class='ocrx_word' id='word_1_782' title='bbox 2944 3474 3163 3526; x_wconf 83' lang='grc' dir='ltr'>κακόν·</span> <span class='ocrx_word' id='word_1_783' title='bbox 3195 3474 3512 3544; x_wconf 82' lang='grc' dir='ltr'>ἐπήγαγεν·</span> <span class='ocrx_word' id='word_1_784' title='bbox 3563 3473 4008 3537; x_wconf 77' lang='grc' dir='ltr'>Ἐξουδένωται</span> 
     </span>
    </p>
   </div>
   <div class='ocr_carea' id='block_1_106' title="bbox 2393 3555 4008 3626">
    <p class='ocr_par' dir='ltr' id='par_1_106' title="bbox 2393 3555 4008 3626">
     <span class='ocr_line' id='line_1_107' title="bbox 2393 3555 4008 3626; baseline 0 -16"><span class='ocrx_word' id='word_1_785' title='bbox 2393 3556 2652 3610; x_wconf 74' lang='grc' dir='ltr'>ἐνώπιον</span> <span class='ocrx_word' id='word_1_786' title='bbox 2683 3557 2871 3611; x_wconf 86' lang='grc' dir='ltr'>αὑτοῦ</span> <span class='ocrx_word' id='word_1_787' title='bbox 2902 3557 3408 3625; x_wconf 78' lang='grc' dir='ltr'>πονηρευόμενος,</span> <span class='ocrx_word' id='word_1_788' title='bbox 3424 3555 3570 3623; x_wconf 85' lang='grc' dir='ltr'>τοὺς</span> <span class='ocrx_word' id='word_1_789' title='bbox 3596 3556 3664 3610; x_wconf 79' lang='grc' dir='ltr'>δὲ</span> <span class='ocrx_word' id='word_1_790' title='bbox 3693 3557 4008 3626; x_wconf 73' lang='grc' dir='ltr'>φοϐουμέ-</span> 
     </span>
    </p>
   </div>
   <div class='ocr_carea' id='block_1_107' title="bbox 2393 3637 4008 3709">
    <p class='ocr_par' dir='ltr' id='par_1_107' title="bbox 2393 3637 4008 3709">
     <span class='ocr_line' id='line_1_108' title="bbox 2393 3637 4008 3709; baseline 0.004 -21"><span class='ocrx_word' id='word_1_791' title='bbox 2393 3657 2538 3705; x_wconf 79' lang='grc' dir='ltr'>νους</span> <span class='ocrx_word' id='word_1_792' title='bbox 2587 3639 2695 3692; x_wconf 85' lang='grc' dir='ltr'>τὸν</span> <span class='ocrx_word' id='word_1_793' title='bbox 2726 3639 2948 3705; x_wconf 83' lang='grc' dir='ltr'>Κύριον</span> <span class='ocrx_word' id='word_1_794' title='bbox 2977 3637 3241 3702; x_wconf 80' lang='grc' dir='ltr'>δοξάζει·</span> <span class='ocrx_word' id='word_1_795' title='bbox 3291 3639 3513 3702; x_wconf 74' lang='grc' dir='ltr'>δεικνὺς</span> <span class='ocrx_word' id='word_1_796' title='bbox 3560 3641 3642 3692; x_wconf 82' lang='grc' dir='ltr'>ὅτι</span> <span class='ocrx_word' id='word_1_797' title='bbox 3690 3640 3784 3692; x_wconf 72' lang='grc' dir='ltr'>καὶ</span> <span class='ocrx_word' id='word_1_798' title='bbox 3831 3638 4008 3709; x_wconf 69' lang='lat'>{703]</span> 
     </span>
    </p>
   </div>
   <div class='ocr_carea' id='block_1_108' title="bbox 2393 3719 4005 3793">
    <p class='ocr_par' dir='ltr' id='par_1_108' title="bbox 2393 3719 4005 3793">
     <span class='ocr_line' id='line_1_109' title="bbox 2393 3719 4005 3793; baseline 0 -19"><span class='ocrx_word' id='word_1_799' title='bbox 2393 3721 2553 3776; x_wconf 87' lang='grc' dir='ltr'>τοῦτο</span> <span class='ocrx_word' id='word_1_800' title='bbox 2586 3721 2643 3774; x_wconf 81' lang='grc' dir='ltr'>ἐν</span> <span class='ocrx_word' id='word_1_801' title='bbox 2687 3738 2741 3774; x_wconf 91' lang='grc' dir='ltr'>τι</span> <span class='ocrx_word' id='word_1_802' title='bbox 2788 3721 2898 3773; x_wconf 89' lang='grc' dir='ltr'>τῶν</span> <span class='ocrx_word' id='word_1_803' title='bbox 2941 3720 3386 3792; x_wconf 84' lang='grc' dir='ltr'>κατορθωμάτων</span> <span class='ocrx_word' id='word_1_804' title='bbox 3413 3722 3549 3785; x_wconf 78' lang='grc' dir='ltr'>ἐστὶ,</span> <span class='ocrx_word' id='word_1_805' title='bbox 3580 3719 3910 3793; x_wconf 80' lang='grc' dir='ltr'>[τουτέστι],</span> <span class='ocrx_word' id='word_1_806' title='bbox 3941 3723 4005 3774; x_wconf 89' lang='grc' dir='ltr'>τὸ</span> 
     </span>
    </p>
   </div>
   <div class='ocr_carea' id='block_1_109' title="bbox 2396 3803 4005 3874">
    <p class='ocr_par' dir='ltr' id='par_1_109' title="bbox 2396 3803 4005 3874">
     <span class='ocr_line' id='line_1_110' title="bbox 2396 3803 4005 3874; baseline -0.001 -18"><span class='ocrx_word' id='word_1_807' title='bbox 2396 3806 2756 3874; x_wconf 84' lang='grc' dir='ltr'>καταφρονεῖν</span> <span class='ocrx_word' id='word_1_808' title='bbox 2786 3803 2897 3855; x_wconf 91' lang='grc' dir='ltr'>τῶν</span> <span class='ocrx_word' id='word_1_809' title='bbox 2925 3803 3203 3873; x_wconf 89' lang='grc' dir='ltr'>πονηρῶν,</span> <span class='ocrx_word' id='word_1_810' title='bbox 3230 3805 3326 3857; x_wconf 76' lang='grc' dir='ltr'>καὶ</span> <span class='ocrx_word' id='word_1_811' title='bbox 3350 3806 3596 3858; x_wconf 86' lang='grc' dir='ltr'>ἐπαινεῖν</span> <span class='ocrx_word' id='word_1_812' title='bbox 3623 3805 3714 3857; x_wconf 75' lang='grc' dir='ltr'>καὶ</span> <span class='ocrx_word' id='word_1_813' title='bbox 3751 3803 4005 3874; x_wconf 78' lang='grc' dir='ltr'>μακαρί-</span> 
     </span>
    </p>
   </div>
   <div class='ocr_carea' id='block_1_110' title="bbox 2395 3884 4006 3956">
    <p class='ocr_par' dir='ltr' id='par_1_110' title="bbox 2395 3884 4006 3956">
     <span class='ocr_line' id='line_1_111' title="bbox 2395 3884 4006 3956; baseline -0.002 -15"><span class='ocrx_word' id='word_1_814' title='bbox 2395 3885 2512 3950; x_wconf 79' lang='grc' dir='ltr'>ζειν</span> <span class='ocrx_word' id='word_1_815' title='bbox 2547 3888 2675 3948; x_wconf 84' lang='grc' dir='ltr'>τοὺς</span> <span class='ocrx_word' id='word_1_816' title='bbox 2707 3885 2966 3954; x_wconf 87' lang='grc' dir='ltr'>ἀγαθούς.</span> <span class='ocrx_word' id='word_1_817' title='bbox 2996 3887 3108 3940; x_wconf 76' lang='grc' dir='ltr'>Καὶ</span> <span class='ocrx_word' id='word_1_818' title='bbox 3132 3886 3294 3940; x_wconf 82' lang='grc' dir='ltr'>πάλιν</span> <span class='ocrx_word' id='word_1_819' title='bbox 3324 3884 3562 3956; x_wconf 90' lang='grc' dir='ltr'>ἀλλαχοῦ</span> <span class='ocrx_word' id='word_1_820' title='bbox 3590 3886 3652 3939; x_wconf 91' lang='grc' dir='ltr'>τὸ</span> <span class='ocrx_word' id='word_1_821' title='bbox 3676 3886 3811 3938; x_wconf 89' lang='grc' dir='ltr'>αὐτὸ</span> <span class='ocrx_word' id='word_1_822' title='bbox 3833 3886 4006 3939; x_wconf 82' lang='grc' dir='ltr'>τοῦτο</span> 
     </span>
    </p>
   </div>
   <div class='ocr_carea' id='block_1_111' title="bbox 2394 3967 4002 4039">
    <p class='ocr_par' dir='ltr' id='par_1_111' title="bbox 2394 3967 4002 4039">
     <span class='ocr_line' id='line_1_112' title="bbox 2394 3967 4002 4039; baseline 0.001 -18"><span class='ocrx_word' id='word_1_823' title='bbox 2394 3967 2573 4039; x_wconf 88' lang='grc' dir='ltr'>δηλῶν</span> <span class='ocrx_word' id='word_1_824' title='bbox 2605 3969 2789 4036; x_wconf 84' lang='grc' dir='ltr'>ἐλεγεν</span> <span class='ocrx_word' id='word_1_825' title='bbox 2809 3986 2822 3998; x_wconf 77' lang='grc' dir='ltr'><strong>ο</strong></span> <span class='ocrx_word' id='word_1_826' title='bbox 2867 3967 3031 4037; x_wconf 84' lang='grc' dir='ltr'>Ἐμοί</span> <span class='ocrx_word' id='word_1_827' title='bbox 3063 3969 3134 4020; x_wconf 84' lang='grc' dir='ltr'>δὲ</span> <span class='ocrx_word' id='word_1_828' title='bbox 3159 3969 3305 4022; x_wconf 72' lang='grc' dir='ltr'>λίαν</span> <span class='ocrx_word' id='word_1_829' title='bbox 3335 3968 3711 4037; x_wconf 80' lang='grc' dir='ltr'>ἐτιμήθησαν</span> <span class='ocrx_word' id='word_1_830' title='bbox 3735 3972 3797 4023; x_wconf 86' lang='grc' dir='ltr'>οί</span> <span class='ocrx_word' id='word_1_831' title='bbox 3827 3971 4002 4038; x_wconf 71' lang='grc' dir='ltr'>φίλοι</span> 
     </span>
    </p>
   </div>
   <div class='ocr_carea' id='block_1_112' title="bbox 2396 4050 4001 4120">
    <p class='ocr_par' dir='ltr' id='par_1_112' title="bbox 2396 4050 4001 4120">
     <span class='ocr_line' id='line_1_113' title="bbox 2396 4050 4001 4120; baseline -0.001 -13"><span class='ocrx_word' id='word_1_832' title='bbox 2396 4068 2535 4117; x_wconf 88' lang='grc' dir='ltr'>σου,</span> <span class='ocrx_word' id='word_1_833' title='bbox 2571 4054 2605 4107; x_wconf 85' lang='grc' dir='ltr'>ό</span> <span class='ocrx_word' id='word_1_834' title='bbox 2653 4053 2819 4116; x_wconf 85' lang='grc' dir='ltr'>Θεὸς.</span> <span class='ocrx_word' id='word_1_835' title='bbox 2847 4052 2992 4105; x_wconf 77' lang='grc' dir='ltr'>λίαν</span> <span class='ocrx_word' id='word_1_836' title='bbox 3030 4050 3520 4120; x_wconf 52' lang='grc' dir='ltr'>ἡραταιώθησαν</span> <span class='ocrx_word' id='word_1_837' title='bbox 3559 4054 3621 4105; x_wconf 81' lang='grc' dir='ltr'>αὶ</span> <span class='ocrx_word' id='word_1_838' title='bbox 3657 4051 3840 4120; x_wconf 80' lang='grc' dir='ltr'>ἀρχαί</span> <span class='ocrx_word' id='word_1_839' title='bbox 3891 4055 4001 4106; x_wconf 82' lang='grc' dir='ltr'>αὑ-</span> 
     </span>
    </p>
   </div>
   <div class='ocr_carea' id='block_1_113' title="bbox 2397 4132 4001 4206">
    <p class='ocr_par' dir='ltr' id='par_1_113' title="bbox 2397 4132 4001 4206">
     <span class='ocr_line' id='line_1_114' title="bbox 2397 4132 4001 4206; baseline -0.001 -19"><span class='ocrx_word' id='word_1_840' title='bbox 2397 4132 2643 4188; x_wconf 81' lang='grc' dir='ltr'>τῶν.’ον</span> <span class='ocrx_word' id='word_1_841' title='bbox 2676 4136 2705 4187; x_wconf 90' lang='grc' dir='ltr'>ό</span> <span class='ocrx_word' id='word_1_842' title='bbox 2735 4133 2868 4197; x_wconf 89' lang='grc' dir='ltr'>Θεὸς</span> <span class='ocrx_word' id='word_1_843' title='bbox 2892 4135 3124 4199; x_wconf 79' lang='grc' dir='ltr'>ἐπαινεῖ,</span> <span class='ocrx_word' id='word_1_844' title='bbox 3157 4133 3233 4205; x_wconf 82' lang='grc' dir='ltr'>μὴ</span> <span class='ocrx_word' id='word_1_845' title='bbox 3270 4134 3496 4206; x_wconf 80' lang='grc' dir='ltr'>μέμψῃ·</span> <span class='ocrx_word' id='word_1_846' title='bbox 3533 4135 3748 4188; x_wconf 80' lang='grc' dir='ltr'>ἐπαινεῖ</span> <span class='ocrx_word' id='word_1_847' title='bbox 3795 4135 3856 4187; x_wconf 84' lang='grc' dir='ltr'>δὲ</span> <span class='ocrx_word' id='word_1_848' title='bbox 3905 4136 4001 4188; x_wconf 84' lang='grc' dir='ltr'>τὸν</span> 
     </span>
    </p>
   </div>
   <div class='ocr_carea' id='block_1_114' title="bbox 2396 4212 4001 4288">
    <p class='ocr_par' dir='ltr' id='par_1_114' title="bbox 2396 4212 4001 4288">
     <span class='ocr_line' id='line_1_115' title="bbox 2396 4212 4001 4288; baseline -0.002 -15"><span class='ocrx_word' id='word_1_849' title='bbox 2396 4219 2456 4273; x_wconf 80' lang='grc' dir='ltr'>ἐν</span> <span class='ocrx_word' id='word_1_850' title='bbox 2483 4215 2800 4287; x_wconf 84' lang='grc' dir='ltr'>δικαιοσύνῃ</span> <span class='ocrx_word' id='word_1_851' title='bbox 2829 4217 3029 4281; x_wconf 90' lang='grc' dir='ltr'>ζῶντα,</span> <span class='ocrx_word' id='word_1_852' title='bbox 3066 4218 3169 4271; x_wconf 83' lang='grc' dir='ltr'>κάν</span> <span class='ocrx_word' id='word_1_853' title='bbox 3208 4216 3421 4288; x_wconf 86' lang='grc' dir='ltr'>πτωχὸς</span> <span class='ocrx_word' id='word_1_854' title='bbox 3446 4212 3611 4288; x_wconf 83' lang='grc' dir='ltr'>ᾖ.Ὃν</span> <span class='ocrx_word' id='word_1_855' title='bbox 3636 4217 3666 4268; x_wconf 91' lang='lat'>0</span> <span class='ocrx_word' id='word_1_856' title='bbox 3697 4215 3832 4279; x_wconf 82' lang='grc' dir='ltr'>Θεὸς</span> <span class='ocrx_word' id='word_1_857' title='bbox 3860 4218 4001 4270; x_wconf 73' lang='grc' dir='ltr'>ἀπο-</span> 
     </span>
    </p>
   </div>
   <div class='ocr_carea' id='block_1_115' title="bbox 2398 4298 3998 4373">
    <p class='ocr_par' dir='ltr' id='par_1_115' title="bbox 2398 4298 3998 4373">
     <span class='ocr_line' id='line_1_116' title="bbox 2398 4298 3998 4373; baseline -0.002 -20"><span class='ocrx_word' id='word_1_858' title='bbox 2398 4300 2713 4373; x_wconf 87' lang='grc' dir='ltr'>στρέφεται,</span> <span class='ocrx_word' id='word_1_859' title='bbox 2764 4300 2838 4368; x_wconf 79' lang='grc' dir='ltr'>μὴ</span> <span class='ocrx_word' id='word_1_860' title='bbox 2881 4299 3204 4371; x_wconf 82' lang='grc' dir='ltr'>ἐπαινέσῃς·</span> <span class='ocrx_word' id='word_1_861' title='bbox 3247 4299 3654 4371; x_wconf 71' lang='grc' dir='ltr'>ἀποστρέφεται</span> <span class='ocrx_word' id='word_1_862' title='bbox 3696 4299 3752 4352; x_wconf 84' lang='grc' dir='ltr'>δὲ</span> <span class='ocrx_word' id='word_1_863' title='bbox 3797 4298 3896 4352; x_wconf 88' lang='grc' dir='ltr'>τὸν</span> <span class='ocrx_word' id='word_1_864' title='bbox 3939 4301 3998 4351; x_wconf 89' lang='grc' dir='ltr'>ἐν</span> 
     </span>
    </p>
   </div>
   <div class='ocr_carea' id='block_1_116' title="bbox 2397 4379 3998 4455">
    <p class='ocr_par' dir='ltr' id='par_1_116' title="bbox 2397 4379 3998 4455">
     <span class='ocr_line' id='line_1_117' title="bbox 2397 4379 3998 4455; baseline -0.001 -18"><span class='ocrx_word' id='word_1_865' title='bbox 2397 4384 2636 4454; x_wconf 68' lang='grc' dir='ltr'>πονηρίᾳ</span> <span class='ocrx_word' id='word_1_866' title='bbox 2685 4382 2886 4447; x_wconf 87' lang='grc' dir='ltr'>ζῶντα,</span> <span class='ocrx_word' id='word_1_867' title='bbox 2921 4382 3024 4435; x_wconf 81' lang='grc' dir='ltr'>κᾶν</span> <span class='ocrx_word' id='word_1_868' title='bbox 3072 4383 3239 4437; x_wconf 81' lang='grc' dir='ltr'>πολὺν</span> <span class='ocrx_word' id='word_1_869' title='bbox 3333 4382 3801 4454; x_wconf 84' lang='grc' dir='ltr'>περιϐεϐλημένος</span> <span class='ocrx_word' id='word_1_870' title='bbox 3828 4381 3998 4435; x_wconf 64' lang='grc' dir='ltr'>πλοῦς</span> 
     </span>
    </p>
   </div>
   <div class='ocr_carea' id='block_1_117' title="bbox 2397 4465 4000 4539">
    <p class='ocr_par' dir='ltr' id='par_1_117' title="bbox 2397 4465 4000 4539">
     <span class='ocr_line' id='line_1_118' title="bbox 2397 4465 4000 4539; baseline 0.001 -20"><span class='ocrx_word' id='word_1_871' title='bbox 2397 4485 2508 4521; x_wconf 87' lang='grc' dir='ltr'>τον.</span> <span class='ocrx_word' id='word_1_872' title='bbox 2527 4465 2666 4518; x_wconf 80' lang='grc' dir='ltr'>Ἀλλ’</span> <span class='ocrx_word' id='word_1_873' title='bbox 2701 4467 2764 4519; x_wconf 89' lang='grc' dir='ltr'>ἀν</span> <span class='ocrx_word' id='word_1_874' title='bbox 2793 4467 2840 4517; x_wconf 85' lang='grc' dir='ltr'>τ’</span> <span class='ocrx_word' id='word_1_875' title='bbox 2870 4465 3123 4536; x_wconf 78' lang='grc' dir='ltr'>ἐπαινῇς,</span> <span class='ocrx_word' id='word_1_876' title='bbox 3151 4466 3217 4520; x_wconf 84' lang='grc' dir='ltr'>ἀν</span> <span class='ocrx_word' id='word_1_877' title='bbox 3240 4483 3301 4518; x_wconf 93' lang='grc' dir='ltr'>τε</span> <span class='ocrx_word' id='word_1_878' title='bbox 3327 4466 3524 4539; x_wconf 79' lang='grc' dir='ltr'>ψέγῃς,</span> <span class='ocrx_word' id='word_1_879' title='bbox 3551 4465 3845 4536; x_wconf 83' lang='grc' dir='ltr'>ἀμφότερα</span> <span class='ocrx_word' id='word_1_880' title='bbox 3867 4467 3948 4529; x_wconf 80' lang='grc' dir='ltr'>ὡς</span> <span class='ocrx_word' id='word_1_881' title='bbox 3969 4470 4000 4520; x_wconf 93' lang='lat'>0</span> 
     </span>
    </p>
   </div>
   <div class='ocr_carea' id='block_1_118' title="bbox 2397 4549 4000 4619">
    <p class='ocr_par' dir='ltr' id='par_1_118' title="bbox 2397 4549 4000 4619">
     <span class='ocr_line' id='line_1_119' title="bbox 2397 4549 4000 4619; baseline -0.002 -14"><span class='ocrx_word' id='word_1_882' title='bbox 2397 4550 2529 4612; x_wconf 87' lang='grc' dir='ltr'>Θεὸς</span> <span class='ocrx_word' id='word_1_883' title='bbox 2579 4549 2826 4619; x_wconf 88' lang='grc' dir='ltr'>βούλεται</span> <span class='ocrx_word' id='word_1_884' title='bbox 2878 4550 3043 4602; x_wconf 86' lang='grc' dir='ltr'>ποίει.</span> <span class='ocrx_word' id='word_1_885' title='bbox 3070 4551 3228 4603; x_wconf 87' lang='grc' dir='ltr'>Ἐστι</span> <span class='ocrx_word' id='word_1_886' title='bbox 3259 4551 3352 4604; x_wconf 73' lang='grc' dir='ltr'>καὶ</span> <span class='ocrx_word' id='word_1_887' title='bbox 3399 4549 3693 4618; x_wconf 87' lang='grc' dir='ltr'>ἐγκαλέσαι</span> <span class='ocrx_word' id='word_1_888' title='bbox 3722 4552 3804 4614; x_wconf 87' lang='grc' dir='ltr'>είς</span> <span class='ocrx_word' id='word_1_889' title='bbox 3833 4550 4000 4616; x_wconf 78' lang='grc' dir='ltr'>δόξαν</span> 
     </span>
    </p>
   </div>
   <div class='ocr_carea' id='block_1_119' title="bbox 2397 4633 3995 4704">
    <p class='ocr_par' dir='ltr' id='par_1_119' title="bbox 2397 4633 3995 4704">
     <span class='ocr_line' id='line_1_120' title="bbox 2397 4633 3995 4704; baseline 0.001 -16"><span class='ocrx_word' id='word_1_890' title='bbox 2397 4634 2554 4688; x_wconf 87' lang='grc' dir='ltr'>Θεοῦ.</span> <span class='ocrx_word' id='word_1_891' title='bbox 2589 4633 2744 4698; x_wconf 89' lang='grc' dir='ltr'>Πῶς;</span> <span class='ocrx_word' id='word_1_892' title='bbox 2793 4633 2917 4685; x_wconf 73' lang='grc' dir='ltr'>Ἐπὶ</span> <span class='ocrx_word' id='word_1_893' title='bbox 2939 4633 3048 4685; x_wconf 89' lang='grc' dir='ltr'>τῶν</span> <span class='ocrx_word' id='word_1_894' title='bbox 3072 4633 3300 4686; x_wconf 87' lang='grc' dir='ltr'>οἰκετῶν</span> <span class='ocrx_word' id='word_1_895' title='bbox 3330 4634 3749 4704; x_wconf 85' lang='grc' dir='ltr'>ἀγανακτοῦμεν</span> <span class='ocrx_word' id='word_1_896' title='bbox 3785 4635 3995 4690; x_wconf 80' lang='grc' dir='ltr'>πολλά-</span> 
     </span>
    </p>
   </div>
   <div class='ocr_carea' id='block_1_120' title="bbox 2398 4715 3996 4787">
    <p class='ocr_par' dir='ltr' id='par_1_120' title="bbox 2398 4715 3996 4787">
     <span class='ocr_line' id='line_1_121' title="bbox 2398 4715 3996 4787; baseline -0.002 -15"><span class='ocrx_word' id='word_1_897' title='bbox 2398 4737 2507 4784; x_wconf 90' lang='grc' dir='ltr'>κις,</span> <span class='ocrx_word' id='word_1_898' title='bbox 2542 4717 2669 4780; x_wconf 89' lang='grc' dir='ltr'>Πῶς</span> <span class='ocrx_word' id='word_1_899' title='bbox 2705 4715 2797 4771; x_wconf 74' lang='grc' dir='ltr'>οῦν</span> <span class='ocrx_word' id='word_1_900' title='bbox 2823 4717 2970 4770; x_wconf 83' lang='grc' dir='ltr'>ἐστιν</span> <span class='ocrx_word' id='word_1_901' title='bbox 2999 4716 3297 4785; x_wconf 88' lang='grc' dir='ltr'>ἐγκαλέσαι</span> <span class='ocrx_word' id='word_1_902' title='bbox 3327 4716 3416 4770; x_wconf 89' lang='grc' dir='ltr'>διά</span> <span class='ocrx_word' id='word_1_903' title='bbox 3445 4716 3539 4770; x_wconf 90' lang='grc' dir='ltr'>τὸν</span> <span class='ocrx_word' id='word_1_904' title='bbox 3567 4716 3732 4778; x_wconf 87' lang='grc' dir='ltr'>Θεόν;</span> <span class='ocrx_word' id='word_1_905' title='bbox 3759 4719 3860 4770; x_wconf 68' lang='lat' dir='ltr'>“Av</span> <span class='ocrx_word' id='word_1_906' title='bbox 3895 4735 3996 4787; x_wconf 79' lang='grc' dir='ltr'>με-</span> 
     </span>
    </p>
   </div>
   <div class='ocr_carea' id='block_1_121' title="bbox 2399 4789 3998 4871">
    <p class='ocr_par' dir='ltr' id='par_1_121' title="bbox 2399 4789 3998 4871">
     <span class='ocr_line' id='line_1_122' title="bbox 2399 4789 3998 4871; baseline -0.001 -18"><span class='ocrx_word' id='word_1_907' title='bbox 2399 4801 2596 4854; x_wconf 87' lang='grc' dir='ltr'>θύοντα</span> <span class='ocrx_word' id='word_1_908' title='bbox 2623 4801 2762 4871; x_wconf 79' lang='grc' dir='ltr'>ίδης,</span> <span class='ocrx_word' id='word_1_909' title='bbox 2795 4800 2861 4853; x_wconf 82' lang='grc' dir='ltr'>ἃν</span> <span class='ocrx_word' id='word_1_910' title='bbox 2890 4789 3218 4860; x_wconf 83' lang='grc' dir='ltr'>κλέπτοντα,</span> <span class='ocrx_word' id='word_1_911' title='bbox 3245 4799 3280 4869; x_wconf 82' lang='grc' dir='ltr'>ἢ</span> <span class='ocrx_word' id='word_1_912' title='bbox 3318 4799 3410 4852; x_wconf 87' lang='grc' dir='ltr'>τὸν</span> <span class='ocrx_word' id='word_1_913' title='bbox 3438 4798 3680 4869; x_wconf 74' lang='grc' dir='ltr'>οἰκέτην,</span> <span class='ocrx_word' id='word_1_914' title='bbox 3707 4799 3740 4870; x_wconf 82' lang='grc' dir='ltr'>ἢ</span> <span class='ocrx_word' id='word_1_915' title='bbox 3769 4799 3866 4852; x_wconf 87' lang='grc' dir='ltr'>τὸν</span> <span class='ocrx_word' id='word_1_916' title='bbox 3907 4803 3998 4867; x_wconf 81' lang='grc' dir='ltr'>φί-</span> 
     </span>
    </p>
   </div>
   <div class='ocr_carea' id='block_1_122' title="bbox 2397 4880 3996 4953">
    <p class='ocr_par' dir='ltr' id='par_1_122' title="bbox 2397 4880 3996 4953">
     <span class='ocr_line' id='line_1_123' title="bbox 2397 4880 3996 4953; baseline 0 -17"><span class='ocrx_word' id='word_1_917' title='bbox 2397 4882 2510 4945; x_wconf 90' lang='grc' dir='ltr'>λον,</span> <span class='ocrx_word' id='word_1_918' title='bbox 2540 4883 2573 4953; x_wconf 83' lang='grc' dir='ltr'><strong>ἢ</strong></span> <span class='ocrx_word' id='word_1_919' title='bbox 2602 4883 2787 4953; x_wconf 88' lang='grc' dir='ltr'>ἐτερόν</span> <span class='ocrx_word' id='word_1_920' title='bbox 2816 4900 2936 4936; x_wconf 90' lang='grc' dir='ltr'>τινα</span> <span class='ocrx_word' id='word_1_921' title='bbox 2964 4881 3074 4934; x_wconf 91' lang='grc' dir='ltr'>τῶν</span> <span class='ocrx_word' id='word_1_922' title='bbox 3099 4898 3183 4934; x_wconf 91' lang='grc' dir='ltr'>σοι</span> <span class='ocrx_word' id='word_1_923' title='bbox 3215 4880 3623 4951; x_wconf 87' lang='grc' dir='ltr'>προσηκόντων,</span> <span class='ocrx_word' id='word_1_924' title='bbox 3655 4883 3721 4935; x_wconf 81' lang='grc' dir='ltr'>ἂν</span> <span class='ocrx_word' id='word_1_925' title='bbox 3749 4883 3832 4945; x_wconf 91' lang='grc' dir='ltr'>είς</span> <span class='ocrx_word' id='word_1_926' title='bbox 3867 4882 3996 4936; x_wconf 82' lang='grc' dir='ltr'>θέα-</span> 
     </span>
    </p>
   </div>
   <div class='ocr_carea' id='block_1_123' title="bbox 2396 4963 3990 5037">
    <p class='ocr_par' dir='ltr' id='par_1_123' title="bbox 2396 4963 3990 5037">
     <span class='ocr_line' id='line_1_124' title="bbox 2396 4963 3990 5037; baseline 0.001 -18"><span class='ocrx_word' id='word_1_927' title='bbox 2396 4963 2542 5037; x_wconf 73' lang='grc' dir='ltr'>τραί</span> <span class='ocrx_word' id='word_1_928' title='bbox 2571 4965 2855 5037; x_wconf 85' lang='grc' dir='ltr'>τρέχοντα,</span> <span class='ocrx_word' id='word_1_929' title='bbox 2884 4965 2950 5018; x_wconf 82' lang='grc' dir='ltr'>ἂν</span> <span class='ocrx_word' id='word_1_930' title='bbox 2978 4966 3078 5036; x_wconf 86' lang='grc' dir='ltr'>τῆς</span> <span class='ocrx_word' id='word_1_931' title='bbox 3105 4965 3285 5034; x_wconf 85' lang='grc' dir='ltr'>ψυχῆς</span> <span class='ocrx_word' id='word_1_932' title='bbox 3309 4963 3616 5034; x_wconf 87' lang='grc' dir='ltr'>ἀμελοῦντα</span> <span class='ocrx_word' id='word_1_933' title='bbox 3640 4964 3739 5035; x_wconf 91' lang='grc' dir='ltr'>τῆς</span> <span class='ocrx_word' id='word_1_934' title='bbox 3763 4965 3990 5030; x_wconf 85' lang='grc' dir='ltr'>ἐαυτοῦ,</span> 
     </span>
    </p>
   </div>
   <div class='ocr_carea' id='block_1_124' title="bbox 2400 5046 3993 5120">
    <p class='ocr_par' dir='ltr' id='par_1_124' title="bbox 2400 5046 3993 5120">
     <span class='ocr_line' id='line_1_125' title="bbox 2400 5046 3993 5120; baseline -0.003 -15"><span class='ocrx_word' id='word_1_935' title='bbox 2400 5050 2467 5105; x_wconf 82' lang='grc' dir='ltr'>ἂν</span> <span class='ocrx_word' id='word_1_936' title='bbox 2499 5048 2786 5120; x_wconf 83' lang='grc' dir='ltr'>ὀμνύοντα,</span> <span class='ocrx_word' id='word_1_937' title='bbox 2819 5048 2886 5102; x_wconf 82' lang='grc' dir='ltr'>ἂν</span> <span class='ocrx_word' id='word_1_938' title='bbox 2913 5047 3294 5119; x_wconf 81' lang='grc' dir='ltr'>ἐπιορκοῦντα,</span> <span class='ocrx_word' id='word_1_939' title='bbox 3315 5047 3381 5101; x_wconf 82' lang='grc' dir='ltr'>ἂν</span> <span class='ocrx_word' id='word_1_940' title='bbox 3403 5046 3754 5117; x_wconf 77' lang='grc' dir='ltr'>ψευδόμενον,</span> <span class='ocrx_word' id='word_1_941' title='bbox 3776 5048 3993 5119; x_wconf 81' lang='grc' dir='ltr'>ἀγανά-</span> 
     </span>
    </p>
   </div>
   <div class='ocr_carea' id='block_1_125' title="bbox 2399 5129 3991 5203">
    <p class='ocr_par' dir='ltr' id='par_1_125' title="bbox 2399 5129 3991 5203">
     <span class='ocr_line' id='line_1_126' title="bbox 2399 5129 3991 5203; baseline -0.001 -16"><span class='ocrx_word' id='word_1_942' title='bbox 2399 5150 2620 5203; x_wconf 89' lang='grc' dir='ltr'>κτησον,</span> <span class='ocrx_word' id='word_1_943' title='bbox 2657 5132 2906 5198; x_wconf 87' lang='grc' dir='ltr'>κόλασον,</span> <span class='ocrx_word' id='word_1_944' title='bbox 2938 5130 3290 5202; x_wconf 84' lang='grc' dir='ltr'>ἐπίστρεψον,</span> <span class='ocrx_word' id='word_1_945' title='bbox 3318 5129 3613 5200; x_wconf 88' lang='grc' dir='ltr'>διόρθωσαι</span> <span class='ocrx_word' id='word_1_946' title='bbox 3635 5148 3648 5160; x_wconf 87' lang='grc'>·</span> <span class='ocrx_word' id='word_1_947' title='bbox 3683 5132 3776 5184; x_wconf 79' lang='grc' dir='ltr'>καὶ</span> <span class='ocrx_word' id='word_1_948' title='bbox 3811 5131 3991 5186; x_wconf 83' lang='grc' dir='ltr'>ταῦτα</span> 
     </span>
    </p>
   </div>
   <div class='ocr_carea' id='block_1_126' title="bbox 2399 5213 3985 5285">
    <p class='ocr_par' dir='ltr' id='par_1_126' title="bbox 2399 5213 3985 5285">
     <span class='ocr_line' id='line_1_127' title="bbox 2399 5213 3985 5285; baseline -0.001 -15"><span class='ocrx_word' id='word_1_949' title='bbox 2399 5216 2578 5270; x_wconf 81' lang='grc' dir='ltr'>πάντα</span> <span class='ocrx_word' id='word_1_950' title='bbox 2611 5214 2872 5285; x_wconf 80' lang='grc' dir='ltr'>ἐποίησας</span> <span class='ocrx_word' id='word_1_951' title='bbox 2898 5213 2986 5266; x_wconf 84' lang='grc' dir='ltr'>διὰ</span> <span class='ocrx_word' id='word_1_952' title='bbox 3010 5214 3100 5267; x_wconf 90' lang='grc' dir='ltr'>τὸν</span> <span class='ocrx_word' id='word_1_953' title='bbox 3125 5213 3382 5266; x_wconf 82' lang='grc' dir='ltr'>Θεόν.“Δν</span> <span class='ocrx_word' id='word_1_954' title='bbox 3407 5215 3488 5275; x_wconf 87' lang='grc' dir='ltr'>είς</span> <span class='ocrx_word' id='word_1_955' title='bbox 3518 5214 3578 5266; x_wconf 89' lang='grc' dir='ltr'>σέ</span> <span class='ocrx_word' id='word_1_956' title='bbox 3600 5214 3985 5284; x_wconf 75' lang='grc' dir='ltr'>ἁμαρτάνοντα</span> 
     </span>
    </p>
   </div>
   <div class='ocr_carea' id='block_1_127' title="bbox 2339 5294 3984 5370">
    <p class='ocr_par' dir='ltr' id='par_1_127' title="bbox 2339 5294 3984 5370">
     <span class='ocr_line' id='line_1_128' title="bbox 2339 5294 3984 5370; baseline 0.001 -19"><span class='ocrx_word' id='word_1_957' title='bbox 2339 5322 2342 5323; x_wconf 51' lang='grc' dir='ltr'>ν</span> <span class='ocrx_word' id='word_1_958' title='bbox 2401 5299 2536 5370; x_wconf 59' lang='lat' dir='ltr'>tam,</span> <span class='ocrx_word' id='word_1_959' title='bbox 2573 5297 2667 5350; x_wconf 75' lang='grc' dir='ltr'>καὶ</span> <span class='ocrx_word' id='word_1_960' title='bbox 2694 5298 2796 5367; x_wconf 88' lang='grc' dir='ltr'>τῆς</span> <span class='ocrx_word' id='word_1_961' title='bbox 2824 5299 2903 5361; x_wconf 85' lang='grc' dir='ltr'>είς</span> <span class='ocrx_word' id='word_1_962' title='bbox 2933 5296 2992 5350; x_wconf 85' lang='grc' dir='ltr'>σὲ</span> <span class='ocrx_word' id='word_1_963' title='bbox 3019 5294 3317 5367; x_wconf 90' lang='grc' dir='ltr'>θεραπείας</span> <span class='ocrx_word' id='word_1_964' title='bbox 3353 5295 3695 5360; x_wconf 83' lang='grc' dir='ltr'>ἐλλείποντα,</span> <span class='ocrx_word' id='word_1_965' title='bbox 3734 5297 3984 5364; x_wconf 76' lang='grc' dir='ltr'>συγγνῶ⁴</span> 
     </span>
    </p>
   </div>
   <div class='ocr_carea' id='block_1_128' title="bbox 2462 5422 3989 5488">
    <p class='ocr_par' dir='ltr' id='par_1_128' title="bbox 2462 5422 3989 5488">
     <span class='ocr_line' id='line_1_129' title="bbox 2462 5422 3989 5488; baseline -0.001 -15"><span class='ocrx_word' id='word_1_966' title='bbox 2462 5427 2485 5456; x_wconf 72' lang='grc' dir='ltr'><strong>ο</strong></span> <span class='ocrx_word' id='word_1_967' title='bbox 2513 5425 2620 5473; x_wconf 87' lang='lat' dir='ltr'>Duo</span> <span class='ocrx_word' id='word_1_968' title='bbox 2643 5438 2759 5473; x_wconf 76' lang='lat' dir='ltr'>mss.</span> <span class='ocrx_word' id='word_1_969' title='bbox 2802 5426 2938 5488; x_wconf 80' lang='grc' dir='ltr'>πενίᾳ</span> <span class='ocrx_word' id='word_1_970' title='bbox 2979 5427 3059 5473; x_wconf 83' lang='grc' dir='ltr'>καὶ</span> <span class='ocrx_word' id='word_1_971' title='bbox 3083 5425 3245 5487; x_wconf 79' lang='grc' dir='ltr'>ἀρετῇ.</span> <span class='ocrx_word' id='word_1_972' title='bbox 3285 5422 3409 5472; x_wconf 79' lang='lat' dir='ltr'><strong>Infra</strong></span> <span class='ocrx_word' id='word_1_973' title='bbox 3431 5423 3628 5485; x_wconf 74' lang='lat' dir='ltr'><strong>quidam</strong></span> <span class='ocrx_word' id='word_1_974' title='bbox 3658 5429 3875 5486; x_wconf 59' lang='grc' dir='ltr'>χρηστῆς</span> <span class='ocrx_word' id='word_1_975' title='bbox 3913 5426 3989 5472; x_wconf 74' lang='grc' dir='ltr'>καί</span> 
     </span>
    </p>
   </div>
   <div class='ocr_carea' id='block_1_129' title="bbox 2397 5487 3220 5546">
    <p class='ocr_par' dir='ltr' id='par_1_129' title="bbox 2397 5487 3220 5546">
     <span class='ocr_line' id='line_1_130' title="bbox 2397 5487 3220 5546; baseline -0.004 -10"><span class='ocrx_word' id='word_1_976' title='bbox 2397 5488 2616 5546; x_wconf 82' lang='grc' dir='ltr'>ἀληθινῆς</span> <span class='ocrx_word' id='word_1_977' title='bbox 2637 5487 2890 5541; x_wconf 62' lang='grc' dir='ltr'>πολιτείας</span> <span class='ocrx_word' id='word_1_978' title='bbox 2915 5487 3004 5534; x_wconf 78' lang='grc' dir='ltr'>κᾶν</span> <span class='ocrx_word' id='word_1_979' title='bbox 3029 5489 3220 5546; x_wconf 88' lang='grc' dir='ltr'>λέγωσι.</span> 
     </span>
    </p>
   </div>
   <div class='ocr_carea' id='block_1_130' title="bbox 2459 5505 3992 5624">
    <p class='ocr_par' dir='ltr' id='par_1_130' title="bbox 2459 5505 3992 5624">
     <span class='ocr_line' id='line_1_131' title="bbox 2492 5505 3220 5546; baseline -0.001 -12"><span class='ocrx_word' id='word_1_980' title='bbox 2492 5505 2616 5544; x_wconf 69' lang='lat' dir='ltr'>own;</span> <span class='ocrx_word' id='word_1_981' title='bbox 2637 5505 2890 5541; x_wconf 67' lang='grc' dir='ltr'>πολιτειας</span> <span class='ocrx_word' id='word_1_982' title='bbox 2915 5505 3004 5534; x_wconf 84' lang='grc' dir='ltr'>καν</span> <span class='ocrx_word' id='word_1_983' title='bbox 3030 5505 3220 5546; x_wconf 80' lang='grc' dir='ltr'>Αεγωσι.</span> 
     </span>
     <span class='ocr_line' id='line_1_132' title="bbox 2459 5505 3992 5624; baseline -0.003 -28"><span class='ocrx_word' id='word_1_984' title='bbox 2459 5505 2488 5588; x_wconf 54' lang='lat'>3</span> <span class='ocrx_word' id='word_1_985' title='bbox 2511 5547 2610 5624; x_wconf 47' lang='lat' dir='ltr'><strong>A‘lii</strong></span> <span class='ocrx_word' id='word_1_986' title='bbox 2630 5550 2729 5621; x_wconf 62' lang='grc' dir='ltr'>τῶν</span> <span class='ocrx_word' id='word_1_987' title='bbox 2756 5549 2804 5624; x_wconf 72' lang='grc' dir='ltr'>ἐν</span> <span class='ocrx_word' id='word_1_988' title='bbox 2827 5553 2885 5609; x_wconf 78' lang='grc' dir='ltr'>τῇ</span> <span class='ocrx_word' id='word_1_989' title='bbox 2904 5554 2964 5624; x_wconf 55' lang='grc' dir='ltr'>γῇ</span> <span class='ocrx_word' id='word_1_990' title='bbox 2979 5544 3402 5624; x_wconf 59' lang='grc' dir='ltr'>χρημάτωνλῑιίΐδ</span> <span class='ocrx_word' id='word_1_991' title='bbox 3429 5545 3527 5593; x_wconf 89' lang='lat' dir='ltr'>duo</span> <span class='ocrx_word' id='word_1_992' title='bbox 3546 5544 3827 5607; x_wconf 72' lang='grc' dir='ltr'>παιδεύσῃς,</span> <span class='ocrx_word' id='word_1_993' title='bbox 3845 5546 3992 5594; x_wconf 73' lang='grc' dir='ltr'>πολὺν</span> 
     </span>
    </p>
   </div>
   <div class='ocr_carea' id='block_1_131' title="bbox 2398 5609 3046 5670">
    <p class='ocr_par' dir='ltr' id='par_1_131' title="bbox 2398 5609 3046 5670">
     <span class='ocr_line' id='line_1_133' title="bbox 2398 5609 3046 5670; baseline -0.005 -10"><span class='ocrx_word' id='word_1_994' title='bbox 2398 5612 2462 5659; x_wconf 79' lang='grc' dir='ltr'>λ..</span> <span class='ocrx_word' id='word_1_995' title='bbox 2476 5647 2503 5658; x_wconf 89' lang='grc'>..</span> <span class='ocrx_word' id='word_1_996' title='bbox 2533 5610 2735 5656; x_wconf 76' lang='grc' dir='ltr'>ἐπαίνων</span> <span class='ocrx_word' id='word_1_997' title='bbox 2754 5609 2834 5656; x_wconf 89' lang='grc' dir='ltr'>τὸν</span> <span class='ocrx_word' id='word_1_998' title='bbox 2857 5609 3046 5670; x_wconf 81' lang='grc' dir='ltr'>μισθόν.</span> 
     </span>
    </p>
   </div>
   <div class='ocr_carea' id='block_1_132' title="bbox 2458 5667 3993 5744">
    <p class='ocr_par' dir='ltr' id='par_1_132' title="bbox 2458 5667 3993 5744">
     <span class='ocr_line' id='line_1_134' title="bbox 2458 5667 3993 5744; baseline 0 0"><span class='ocrx_word' id='word_1_999' title='bbox 2458 5673 2477 5694; x_wconf 84' lang='grc'><strong><em>⁸</em></strong></span> <span class='ocrx_word' id='word_1_1000' title='bbox 2510 5671 2642 5744; x_wconf 52' lang='lat' dir='ltr'>[Lm</span> <span class='ocrx_word' id='word_1_1001' title='bbox 2667 5689 2684 5742; x_wconf 94' lang='lat'>-:</span> <span class='ocrx_word' id='word_1_1002' title='bbox 2711 5671 2825 5744; x_wconf 60' lang='grc' dir='ltr'>,Κάκ</span> <span class='ocrx_word' id='word_1_1003' title='bbox 2860 5667 2989 5744; x_wconf 65' lang='grc' dir='ltr'>δτξῖω</span> <span class='ocrx_word' id='word_1_1004' title='bbox 3030 5671 3111 5744; x_wconf 62' lang='grc' dir='ltr'>ξαι</span> <span class='ocrx_word' id='word_1_1005' title='bbox 3148 5668 3290 5744; x_wconf 67' lang='grc' dir='ltr'>αιὶτδς</span> <span class='ocrx_word' id='word_1_1006' title='bbox 3328 5668 3447 5744; x_wconf 58' lang='grc' dir='ltr'>ειλη</span> <span class='ocrx_word' id='word_1_1007' title='bbox 3492 5668 3575 5742; x_wconf 63' lang='grc' dir='ltr'>τεαὶ</span> <span class='ocrx_word' id='word_1_1008' title='bbox 3853 5669 3993 5744; x_wconf 63' lang='grc' dir='ltr'>*κιιὲ</span> 
     </span>
    </p>
   </div>
   <div class='ocr_carea' id='block_1_133' title="bbox 2401 5727 3990 5795">
    <p class='ocr_par' dir='ltr' id='par_1_133' title="bbox 2401 5727 3990 5795">
     <span class='ocr_line' id='line_1_135' title="bbox 2401 5727 3990 5795; baseline -0.001 -15"><span class='ocrx_word' id='word_1_1009' title='bbox 2401 5731 2576 5795; x_wconf 52' lang='lat' dir='ltr'>Mem}.</span> <span class='ocrx_word' id='word_1_1010' title='bbox 2602 5734 2684 5791; x_wconf 83' lang='lat' dir='ltr'>qui</span> <span class='ocrx_word' id='word_1_1011' title='bbox 2711 5733 2834 5795; x_wconf 12' lang='lat' dir='ltr'>legit,</span> <span class='ocrx_word' id='word_1_1012' title='bbox 2855 5751 2867 5779; x_wconf 70' lang='grc' dir='ltr'>ε</span> <span class='ocrx_word' id='word_1_1013' title='bbox 2900 5732 2986 5780; x_wconf 79' lang='grc' dir='ltr'>’Λν</span> <span class='ocrx_word' id='word_1_1014' title='bbox 2999 5734 3126 5781; x_wconf 78' lang='grc' dir='ltr'>οὕτω</span> <span class='ocrx_word' id='word_1_1015' title='bbox 3150 5733 3267 5795; x_wconf 83' lang='grc' dir='ltr'>φιλ.,</span> <span class='ocrx_word' id='word_1_1016' title='bbox 3289 5727 3370 5778; x_wconf 78' lang='grc' dir='ltr'>καὶ</span> <span class='ocrx_word' id='word_1_1017' title='bbox 3392 5727 3562 5785; x_wconf 79' lang='grc' dir='ltr'>αὐτοὺς</span> <span class='ocrx_word' id='word_1_1018' title='bbox 3582 5730 3665 5778; x_wconf 74' lang='grc' dir='ltr'>καὶ</span> <span class='ocrx_word' id='word_1_1019' title='bbox 3685 5730 3880 5788; x_wconf 76' lang='grc' dir='ltr'>ἄλλους.</span> <span class='ocrx_word' id='word_1_1020' title='bbox 3902 5727 3990 5779; x_wconf 71' lang='lat' dir='ltr'>En.</span> 
     </span>
    </p>
   </div>
   <div class='ocr_carea' id='block_1_134' title="bbox 2471 5793 2998 5855">
    <p class='ocr_par' dir='ltr' id='par_1_134' title="bbox 2471 5793 2998 5855">
     <span class='ocr_line' id='line_1_136' title="bbox 2471 5793 2998 5855; baseline -0.002 -13"><span class='ocrx_word' id='word_1_1021' title='bbox 2471 5793 2488 5830; x_wconf 70' lang='grc' dir='ltr'>ί</span> <span class='ocrx_word' id='word_1_1022' title='bbox 2521 5793 2626 5842; x_wconf 85' lang='lat' dir='ltr'>Duo</span> <span class='ocrx_word' id='word_1_1023' title='bbox 2647 5807 2759 5841; x_wconf 86' lang='lat' dir='ltr'>mss.</span> <span class='ocrx_word' id='word_1_1024' title='bbox 2787 5794 2998 5855; x_wconf 72' lang='grc' dir='ltr'>θέατρον.</span> 
     </span>
    </p>
   </div>
  </div>
