4142 6332
145 420 255 478 957
1547 427 1612 484 ΙΝ
1639 426 1721 484 ΚΛ

1829 427 2024 486 NDAS.
3313 443 3408 500 95E

137 531 283 589 tales
305 532 360 588 in
383 531 730 590 admiratione
751 535 968 604 habere,
992 545 1046 590 et
1067 537 1320 606 majorem
1345 553 1409 592 ex
1437 538 1542 593 illis
1570 539 1721 594 volu-

140 634 345 693 ptatem
387 640 608 694 capere,
641 634 694 681 et
721 626 962 682 lucernas
988 628 1041 680 in
1071 626 1184 680 loro
1208 627 1523 694 accendere,
1550 638 1604 684 et
1631 644 1724 684 co-

139 730 306 770 ronas
346 718 597 785 plectere,
643 718 861 787 puerilis
908 719 1185 789 cujusdam
1229 721 1473 774 amentia:
1511 729 1611 774 est.
1643 721 1726 774 Ab

139 807 246 860 hac
263 806 370 876 jam
395 808 748 863 imbecillitate
774 809 1026 864 liberatus
1046 825 1125 870 es.
1145 820 1197 864 et
1221 810 1271 864 in
1295 811 1464 864 virum
1486 811 1720 875 evasisti,

135 906 194 950 et
225 898 278 951 in
308 898 569 954 caelestem
595 900 890 970 adscriptus
916 916 976 956 es
1007 902 1380 971 rempublicam
1406 942 1421 966 ,
1455 917 1559 954 non
1597 917 1727 972 ergo

137 988 195 1040 ia
240 987 354 1042 foro
382 990 642 1044 accendas
680 991 855 1044 lumen
899 991 1184 1052 sensibile.
1212 991 1306 1046 sed
1335 992 1385 1044 in
1416 991 1597 1045 animo
1632 1005 1723 1045 ac-

134 1079 310 1131 cende
336 1079 511 1133 lumen
540 1081 831 1148 Spiritnale.
863 1079 1047 1134 Lureat
1068 1082 1217 1144 enim,
1243 1080 1428 1150 inquit,
1452 1080 1543 1134 lux
1565 1092 1727 1136 vestra

133 1186 313 1223 coram
340 1171 640 1234 hominibus,
674 1183 728 1225 ut
757 1174 956 1227 videant
983 1173 1112 1228 bona
1139 1191 1293 1243 opera
1317 1185 1482 1228 vestra
1500 1215 1514 1237 ,
1537 1184 1584 1228 et
1607 1173 1725 1245 glo-

134 1263 220 1315 ria
259 1262 487 1331 afﬁciant
514 1260 719 1319 Patrem
744 1275 958 1319 vestrum
983 1266 1228 1319 ca’leslem
1263 1264 1483 1336 (Matth.
1514 1266 1566 1320 5.
1599 1266 1721 1337 16).

134 1350 268 1406 [hcc
297 1351 386 1406 lux
410 1353 627 1407 multam
658 1353 813 1410 affert
835 1356 925 1410 tibi
947 1359 1458 1425 compensationem.
1485 1356 1601 1410 Noli
1627 1357 1725 1411 do-

135 1457 263 1498 mus
291 1452 392 1497 tum
420 1443 558 1499 fores
586 1446 744 1500 scrtis
766 1461 1026 1501 coronare
1049 1447 1088 1509 ί.
1116 1445 1210 1500 sed
1239 1447 1392 1501 talem
1419 1449 1538 1500 vita:
1563 1448 1723 1502 ratio-

136 1548 266 1586 nem
291 1533 516 1600 exhibe,
548 1543 605 1588 ut
641 1534 860 1605 iustitiae
893 1551 1143 1594 coronam
1173 1536 1331 1606 capiti
1363 1537 1660 1606 impositam
1691 1552 1721 1592 a

131 1625 335 1680 Christi
359 1631 515 1680 manu
536 1629 785 1697 accipias.
810 1628 948 1682 Nihil
971 1638 1189 1694 temere,
1213 1627 1343 1684 nihil
1361 1627 1725 1697 imprudenter

136 1717 232 1770 ﬂat
263 1733 276 1769 :
309 1716 379 1771 ita
403 1718 543 1772 enim
571 1719 764 1773 Paulus
787 1720 1057 1790 prmccpit,
1086 1721 1264 1774 omnia
1296 1719 1347 1774 itt
1373 1720 1599 1790 gloriam
1629 1719 1720 1774 Dei

134 1818 196 1862 ut
224 1807 522 1865 faceremus
551 1827 564 1865 :
594 1811 713 1866 Sive
731 1814 882 1876 enim,
907 1812 1093 1881 inquit,
1114 1812 1274 1878 editis,
1304 1813 1406 1865 sive
1427 1811 1612 1876 bibitis,
1635 1828 1722 1866 seu

130 1900 260 1966 quid
285 1900 473 1970 facitis,
502 1903 672 1956 omnia
697 1904 766 1956 ad
791 1903 1005 1974 gloriam
1029 1901 1122 1956 Dei
1141 1902 1342 1974 faciatis
1379 1901 1453 1974 (l.
1483 1901 1601 1957 Cor.
1631 1902 1718 1956 10.

131 1988 248 2062 5|).
283 1994 348 2046 At
372 1995 657 2058 quomodo,
683 1995 910 2064 inquies,
931 1994 1090 2049 cdere
1116 2003 1170 2048 et
1196 1994 1375 2048 bibere
1403 1994 1470 2047 ad
1497 1993 1718 2062 gloriam

134 2080 232 2133 Dei
262 2083 575 2149 possumus?
602 2083 831 2139 Accerse
857 2099 1162 2153 pauperem,
1184 2083 1491 2152 participem
1521 2098 1720 2137 mens-.e

134 2180 243 2225 true
273 2167 434 2227 facias
459 2173 725 2228 Christum
744 2216 758 2240 ,
797 2183 852 2228 et
875 2174 938 2227 ad
969 2173 1191 2243 gloriam
1222 2174 1312 2227 Dei
1340 2173 1515 2239 edisti,
1545 2188 1606 2227 ac
1636 2173 1720 2227 bi-

134 2260 282 2314 bisti.
315 2263 384 2315 At
404 2277 507 2316 non
533 2262 631 2317 hoc
650 2265 819 2318 solum
846 2263 1093 2333 prmcepit
1113 2263 1177 2316 ad
1203 2263 1425 2333 gloriam
1456 2263 1546 2317 Dei
1579 2262 1716 2328 ﬁeri,

127 2349 231 2404 sed
258 2360 311 2404 et
337 2352 536 2422 reliqua
565 2354 763 2419 omnia,
793 2363 848 2406 ut
874 2354 925 2407 in
954 2352 1124 2407 forum
1153 2354 1258 2419 ire,
1291 2353 1433 2407 domi
1460 2369 1519 2408 se
1541 2354 1716 2408 conti-

130 2454 266 2494 nere
293 2458 306 2493 :
339 2439 453 2495 lucc
483 2453 702 2512 utraque
725 2455 939 2513 propter
966 2444 1128 2498 Deum
1158 2442 1304 2496 ﬂant.
1355 2446 1423 2498 At
1450 2444 1719 2512 quomodo

129 2538 358 2598 utraque
384 2530 482 2584 ista
510 2532 635 2585 lient
661 2542 878 2601 propter
909 2533 1109 2586 Deum?
1152 2532 1374 2600 Quando
1417 2533 1483 2587 ad
1528 2533 1715 2589 Eccle-

128 2618 268 2672 siam
301 2621 506 2675 accedis
530 2662 546 2686 ,
586 2623 798 2691 quando
838 2624 1173 2693 precationis,
1213 2624 1424 2694 quando
1460 2625 1715 2680 doctrina:

129 2709 424 2776 Spiritualis
468 2712 731 2782 particeps
765 2727 844 2778 es,
891 2714 1004 2768 haec
1051 2715 1350 2783 progressio
1392 2715 1456 2768 ad
1494 2715 1715 2785 gloriam

132 2800 230 2854 Dei
272 2809 373 2856 est.
425 2803 626 2857 Rursus
654 2806 794 2858 domi
824 2806 982 2860 etiam
1011 2807 1133 2861 licet
1160 2817 1376 2876 propter
1401 2809 1566 2863 Deum
1599 2825 1715 2864 ma-

131 2905 284 2944 nere.
313 2891 627 2958 Quomodo?
653 2904 743 2948 aut
769 2911 872 2965 qua
901 2897 1146 2950 ratione?
1191 2896 1288 2953 Ubi
1330 2899 1596 2954 audiveris
1629 2908 1716 2953 tu-

130 2981 334 3034 multus
361 2981 723 3048 immodestos,
757 3000 975 3054 pompas
1002 2985 1293 3041 diabolicas
1317 3030 1331 3053 ,
1366 2990 1520 3044 malis
1560 2999 1718 3059 atque

129 3069 607 3140 intemperantibus
634 3075 934 3130 hominibus
961 3076 1130 3131 forum
1162 3078 1371 3147 plenum
1404 3095 1544 3146 esse,
1571 3081 1714 3136 domi

129 3171 368 3225 maneto,
397 3170 450 3216 et
474 3177 505 3216 a
534 3164 684 3218 turba
716 3166 802 3218 tali
827 3165 1104 3232 discedito,
1149 3177 1204 3223 et
1244 3169 1310 3223 ad
1355 3169 1575 3239 gloriam
1624 3172 1716 3226 Dei

132 3252 228 3307 tibi
261 3255 520 3310 mansisti.
567 3256 1024 3326 Quemadmodum
1069 3260 1208 3314 enim
1252 3271 1362 3316 tum
1404 3261 1546 3317 domi
1594 3279 1718 3333 pcr-

128 3346 364 3412 mausio,
390 3355 498 3400 tum
525 3350 760 3418 egressio
781 3350 942 3416 foras,
975 3352 1053 3407 sic
1082 3361 1190 3407 tum
1221 3353 1354 3419 laus,
1386 3364 1497 3409 tum
1521 3357 1719 3426 vitupe-

130 3438 272 3490 ratio
301 3452 508 3508 quoque
528 3439 591 3492 ad
623 3440 714 3494 Dei
740 3442 958 3510 gloriam
987 3458 1105 3497 esse
1131 3453 1324 3512 potest.

207 3527 473 3592 Quomodo
513 3547 780 3599 possumus
822 3543 869 3587 et
909 3534 1117 3588 laudare
1141 3545 1186 3588 et
1214 3538 1495 3606 vi'uperare
1512 3537 1582 3591 ad
1603 3539 1719 3609 glo-

130 3622 264 3676 riam
311 3622 517 3679 Dei.—
544 3626 822 3693 Quomodo
859 3638 1038 3682 autem
1085 3628 1151 3682 ad
1197 3630 1418 3699 gloriam
1459 3631 1552 3686 Dei
1596 3632 1720 3687 licet

128 3712 368 3781 aliquem
398 3713 614 3772 laudare
648 3731 711 3769 ac
737 3717 1077 3786 vituperare?
1125 3718 1335 3774 Sedetis
1360 3735 1501 3789 saepe
1527 3721 1577 3774 in
1603 3722 1722 3776 olli-

128 3805 270 3859 eiuis
290 3847 305 3871 ,
337 3806 526 3860 videtis
553 3809 825 3877 przrterirc
861 3809 1103 3864 homines
1131 3811 1298 3865 malos
1334 3803 1490 3882 atque
1517 3813 1719 3883 impro-

130 3897 253 3964 bos,
281 3901 562 3967 supercilia
588 3902 984 3968 contrahentes,
1009 3903 1239 3968 inﬂatos,
1264 3905 1352 3974 qui
1385 3905 1578 3959 multos
1603 3915 1723 3974 post

129 4006 194 4045 se
220 3992 479 4061 parasitos
525 4000 578 4046 et
623 3993 926 4048 adulatores
969 3994 1187 4058 ducunt,
1218 3997 1305 4064 qui
1335 3996 1592 4064 pretiosas
1622 3996 1720 4050 ha-

131 4081 263 4136 bent
284 4089 482 4148 vestes,
512 4091 566 4136 et
594 4085 760 4137 multo
786 4083 922 4137 fastu
953 4085 1292 4150 amiciuntur,
1319 4087 1608 4140 alienarum
1637 4102 1722 4142 re-

130 4187 252 4226 rum
280 4171 599 4239 direptores,
631 4183 788 4242 atque
810 4189 1018 4228 avaros.
1067 4175 1162 4228 llic
1200 4175 1243 4227 si
1284 4191 1602 4246 quemquam
1628 4191 1722 4230 au-

129 4261 336 4316 diveris
378 4262 683 4318 dicentem:
712 4279 886 4318 annon
929 4265 1245 4333 przestabilis
1289 4265 1376 4319 hic
1414 4267 1514 4331 vir,
1544 4281 1720 4320 annon

133 4353 358 4405 beatus?
387 4353 619 4423 increpa,
640 4349 918 4423 redarg'ue,
941 4369 1001 4408 os
1030 4354 1268 4420 obstrue,
1297 4357 1720 4421 commiserator,

130 4444 429 4515 Iacrymare
457 4462 472 4499 :
507 4446 605 4500 hoc
634 4448 805 4500 estad
833 4447 1054 4516 gloriam
1087 4446 1178 4500 Dei
1213 4447 1534 4516 vituperare.
1569 4447 1723 4502 Vitu-

131 4535 343 4602 peratio
385 4535 524 4588 enim
565 4536 681 4589 talis
719 4536 934 4605 reliquis
979 4537 1329 4604 prmsentibns
1367 4537 1434 4590 ad
1484 4537 1720 4606 philosoo

131 4624 313 4694 phiam
339 4634 394 4679 et
420 4626 663 4680 virtutem
690 4627 963 4680 instructio
991 4636 1102 4692 est,
1129 4635 1185 4681 ut
1226 4628 1279 4681 in
1317 4644 1401 4683 res
1434 4628 1499 4682 ad
1526 4631 1722 4683 victum

129 4725 437 4783 spectantes
467 4717 638 4770 minus
663 4717 884 4772 inhient.
909 4717 1100 4784 Qumre
1127 4718 1194 4772 ab
1221 4719 1311 4773 illo
1332 4720 1418 4789 qui
1441 4720 1526 4774 illa
1550 4721 1683 4774 dixit
1708 4737 1722 4773 :

128 4822 232 4860 cur
248 4807 432 4861 beatus
451 4808 536 4863 hic
553 4808 666 4864 est?
684 4809 816 4862 Num
831 4811 954 4879 quia
971 4809 1333 4865 admirabilem
1354 4811 1512 4867 habet
1529 4827 1722 4882 equum

129 4910 191 4952 et
219 4913 380 4952 aureo
403 4898 551 4952 freno
575 4900 930 4954 exornatum?
957 4910 1046 4954 aut
1073 4901 1192 4970 quia
1223 4917 1472 4971 magnum
1505 4902 1698 4958 famula
1716 4941 1730 4952 .

131 4988 286 5042 tum?
320 4996 410 5042 aut
449 4991 570 5059 quia
612 4992 916 5059 przeclaram
949 4993 1106 5046 habet
1135 5002 1361 5056 vestem,
1389 5004 1442 5048 et
1469 4995 1726 5052 ebrietate

131 5081 448 5150 deliciisque
485 5084 721 5152 quotidie
757 5085 1021 5138 solvitur?
1062 5084 1167 5139 Sed
1210 5086 1331 5140 inde
1374 5089 1537 5142 miser
1565 5100 1726 5158 atque

132 5171 320 5226 infelix
347 5181 450 5239 est,
479 5184 534 5227 et
571 5168 750 5228 multis
794 5175 1043 5247 lacrymis
1091 5179 1511 5247 prosequendus.
1561 5182 1728 5238 Video

131 5276 286 5320 certe
313 5281 406 5319 vos
433 5267 627 5320 tmllam
658 5268 798 5321 illius
823 5279 1024 5338 partem
1057 5271 1276 5324 laudare
1307 5287 1484 5338 posse,
1507 5271 1601 5330 sed
1633 5291 1728 5329 ex-

134 5372 318 5417 ternas
348 5378 436 5418 res
458 5379 666 5431 omnes,
687 5381 902 5436 equum,
927 5367 1152 5429 frenum,
1181 5385 1375 5433 vestes,
1399 5385 1517 5439 qua:
1548 5368 1724 5422 omnia

134 5457 283 5511 nulla
317 5457 458 5512 illius
486 5473 608 5528 pars
636 5458 882 5513 existunt.
918 5460 1008 5514 Dic
1037 5477 1181 5530 ergo,
1217 5461 1340 5531 quid
1374 5461 1591 5514 omnino
1629 5461 1729 5514 mi-

201 5714 218 5745 ¹
259 5714 335 5762 Sic
356 5721 458 5763 sav.
484 5720 535 5765 et
552 5715 648 5764 duo
675 5722 800 5765 5158.:
823 5716 913 5766 sed
932 5716 1055 5766 hanc
1079 5715 1187 5766 vita-
1205 5716 1435 5767 rationem
1460 5715 1650 5771 habeas.
1671 5721 1725 5766 ut

129 5772 219 5822 tibi
250 5787 387 5824 nire
420 5776 479 5826 sit
519 5775 744 5841 accipere
768 5791 999 5841 formam
1013 5778 1238 5841 justititv,
1264 5779 1324 5832 de
1364 5792 1507 5829 manu
1528 5775 1726 5837 Christi,

135 5849 282 5897 super
308 5845 452 5901 caput
477 5837 649 5889 tuum
674 5837 794 5888 nihil
817 5837 1023 5902 temere,
1039 5849 1131 5889 etc.

1832 541 2004 596 serius
2031 551 2151 594 esse
2178 545 2373 610 potest,
2399 552 2555 609 quam
2585 546 2640 592 ut
2668 550 2836 608 equus
2860 545 2916 592 et
2939 537 3065 607 equi
3092 536 3325 604 frenum,
3355 548 3410 594 et

1831 630 2057 686 vestium
2084 629 2335 699 splendor
2356 645 2418 685 ac
2443 630 2758 688 famulorum
2786 629 2924 684 bona
2948 629 3186 699 corporis
3209 630 3406 688 consti-

1832 721 1966 774 tutio
2007 720 2270 783 laudetur,
2303 721 2415 790 ipse
2443 720 2723 776 illaudatus
2764 731 2981 791 prorsus
3029 720 3413 788 praatereatttr?

1830 809 1970 875 Quid
2007 825 2076 865 eo
2119 810 2331 864 homine
2370 810 2686 880 pauperius,
2723 809 2957 878 quicum
2990 809 3192 865 nullum
3219 809 3412 865 habeat

1830 898 2027 952 bonum
2058 900 2347 970 preprium,
2380 897 2628 969 velquod
2652 898 2775 953 binc
2804 897 2970 967 possit
2998 899 3242 965 auferre,
3278 898 3410 954 alie-

1830 989 1914 1043 nis
1938 989 2108 1044 solum
2135 990 2296 1045 rebus
2315 989 2637 1044 exornetur?
2665 989 2942 1060 Proprium
2963 989 3106 1043 enim
3130 1003 3414 1042 ornamenc

1831 1090 1940 1134 tum
1962 1080 2260 1150 divitiarque
2291 1090 2485 1134 nostra:
2519 1087 2662 1144 sunt,
2694 1093 2800 1133 non
2841 1076 3041 1140 famuli,
3072 1085 3178 1130 non
3211 1086 3410 1142 vestes,

1827 1186 1937 1225 non
1984 1171 2127 1240 equi,
2169 1170 2262 1225 sed
2309 1170 2470 1224 animi
2511 1169 2695 1233 virtus,
2740 1168 2836 1223 sed
2883 1168 3142 1223 bonorum
3188 1183 3413 1238 operum

1829 1262 2169 1326 abundantia,
2202 1262 2295 1317 sed
2329 1261 2515 1316 ﬁducia
2544 1263 2594 1315 in
2623 1263 2809 1315 Deum.

1897 1354 1951 1406 4.
1986 1353 2185 1406 Rursus
2215 1368 2335 1407 eum
2367 1352 2561 1405 videris
2590 1364 2878 1421 pauperem
2906 1349 3171 1418 abjectum
3190 1391 3204 1411 ,
3246 1364 3397 1418 spreo

1828 1452 1961 1505 tum,
1991 1460 2112 1498 cum
2142 1445 2358 1514 penuria
2379 1454 2432 1497 et
2462 1445 2654 1498 virtute
2677 1444 2835 1496 vitam
2863 1442 3267 1511 transigentem,
3298 1452 3352 1495 et
3377 1458 3405 1494 a

1826 1535 2116 1600 s-vdalibus,
2147 1535 2236 1606 qui
2267 1543 2441 1590 tecum
2472 1543 2614 1600 sunt,
2643 1535 2894 1589 miserum
2914 1534 3169 1597 habitum,
3196 1533 3410 1588 laudato

1828 1627 2008 1680 illum:
2039 1625 2153 1680 haec
2178 1626 2545 1694 prmtereuntis
2571 1626 2712 1690 laus,
2742 1623 3005 1678 institutio
3030 1634 3110 1677 est
3139 1632 3192 1677 et
3217 1623 3406 1677 adhor'

1827 1718 1956 1772 tatio
2002 1717 2066 1771 ad
2113 1717 2304 1771 bonam
2325 1725 2380 1770 et
2409 1716 2682 1771 honestam
2711 1715 2869 1768 vitam
2893 1712 3308 1784 transigendam.
3350 1713 3404 1768 Si

1825 1809 2090 1875 dixerint,
2124 1821 2458 1862 atrumnosus
2491 1815 2545 1861 et
2573 1806 2733 1860 miser
2778 1814 2892 1859 est:
2943 1813 2998 1857 tu
3048 1811 3231 1857 contrt
3262 1804 3407 1856 illum

1826 1899 2064 1953 omnium
2093 1893 2454 1952 bcatis'simum
2482 1895 2707 1965 przedica
2731 1936 2746 1961 ,
2768 1895 2859 1965 qui
2887 1893 3053 1947 Deum
3083 1894 3244 1947 habet
3273 1894 3410 1947 ami-

1825 2005 1946 2044 cum
1980 2031 1996 2054 ,
2042 1988 2134 2059 qtti
2188 1989 2366 2043 virtuti
2413 1987 2708 2052 incumbit,
2756 1987 2845 2056 qui
2875 1980 3085 2039 divitias
3118 2001 3220 2039 non
3242 1985 3410 2040 ﬂuxas

1823 2082 2093 2149 possidet,
2126 2082 2213 2151 qui
2244 2080 2622 2136 conscientiam
2654 2078 2810 2131 habet
2832 2093 3039 2147 puram.
3085 2076 3222 2143 Quid
3264 2077 3407 2130 enim

1820 2161 1901 2224 illi
1946 2171 2271 2225 incommodi
2303 2181 2385 2223 est
2410 2211 2424 2233 ,
2469 2170 2511 2222 si
2545 2170 2783 2238 pecuniis
2811 2167 3036 2222 terrenis
3066 2174 3255 2236 egeat,
3287 2181 3405 2219 cttm

1822 2262 1942 2316 ca'li
1985 2259 2039 2316 et
2081 2263 2368 2316 catlestium
2399 2260 2749 2314 hereditatem
2801 2258 3041 2313 aditurus
3086 2258 3197 2311 sit?
3241 2257 3296 2311 Si
3351 2268 3406 2310 tu

1823 2369 1945 2408 cum
1969 2354 2070 2408 illis
2097 2353 2173 2408 sic
2198 2353 2571 2422 diSputaveris,
2591 2360 2642 2406 et
2672 2351 2791 2405 illos
2811 2359 2970 2420 atque
2996 2349 3130 2404 alios
3159 2350 3406 2403 institue-

1824 2446 1899 2500 ris
1922 2487 1936 2506 .
1963 2461 2206 2515 magnam
2223 2444 2446 2514 recipies
2461 2453 2570 2498 tum
2588 2442 2990 2513 vituperationis
3009 2451 3116 2494 tum
3142 2441 3410 2496 laudatio-

1821 2536 1905 2591 nis
1927 2546 2029 2591 tua:
2060 2534 2383 2602 mercedem,
2406 2549 2526 2589 cum
2547 2542 2771 2603 utraque
2787 2533 2851 2586 ad
2866 2532 3087 2602 glouiam
3105 2532 3194 2586 llci
3226 2532 3404 2587 facias.

1821 2627 1974 2696 Quod
1999 2639 2174 2682 autem
2203 2641 2534 2697 nequaquam
2567 2624 3012 2680 temercanimum
3032 2633 3173 2678 tuum
3193 2623 3274 2678 his
3288 2639 3411 2678 vcr-

1821 2720 1903 2773 bis
1930 2720 2260 2790 pellexerim,
2285 2719 2375 2774 sed
2395 2716 2535 2789 quod
2556 2733 2649 2787 per
2664 2732 2850 2786 magna
2870 2715 3110 2786 qnazdam
3129 2716 3214 2780 iis,
3232 2716 3316 2785 qui
3338 2716 3411 2768 ita

1821 2810 1999 2863 animo
2027 2810 2294 2864 constituti
2326 2819 2466 2874 sunt,
2486 2824 2514 2861 a
2546 2810 2651 2862 Dea
2672 2807 3033 2876 compensatio
3065 2805 3235 2859 futura
3251 2806 3340 2871 sit,
3362 2813 3416 2856 et

1822 2906 1875 2960 in
1897 2911 2104 2960 sum‘ma
2121 2904 2220 2960 hoc
2243 2904 2431 2958 virtute
2462 2903 2732 2965 habeatur,
2749 2901 2816 2954 ita
2845 2899 2911 2955 de
2934 2901 3034 2953 illis
3053 2899 3231 2968 quisic
3253 2899 3412 2952 vitam

1821 2995 2013 3065 degunt
2033 3005 2283 3049 statuere:
2303 2993 2422 3047 audi
2437 2992 2558 3063 quid
2580 2991 2833 3061 propheta
2849 2989 3130 3056 dicat,etin
3149 3003 3253 3058 quo
3269 2995 3416 3041 recte

1828 3088 2086 3142 factorum
2118 3100 2339 3140 numero
2379 3091 2559 3154 ponat,
2593 3093 2703 3136 tum
2745 3081 2911 3134 malos
2932 3078 3176 3134 homines
3203 3092 3298 3146 pro
3325 3076 3412 3129 ni-

1828 3179 1936 3232 hilo
1959 3177 2174 3238 habere,
2206 3185 2315 3228 tum
2340 3177 2588 3229 timentes
2617 3172 2779 3226 Deum
2802 3169 2965 3240 gloria
2992 3168 3224 3222 allicere.
3255 3166 3410 3220 Post-

1828 3284 1984 3339 quam
2035 3269 2175 3320 enim
2218 3266 2446 3335 reliquas
2477 3264 2699 3318 virtutes
2747 3267 3217 3315 commemorasset
3249 3258 3411 3320 illius,

1827 3360 1916 3428 qui
1948 3374 1977 3412 a
2012 3359 2119 3412 Deo
2151 3355 2491 3412 honorandus
2517 3364 2692 3419 esset,
2723 3361 2779 3407 et
2808 3351 3029 3406 dixisset
3055 3351 3264 3418 qualem
3292 3364 3413 3403 esse

1830 3452 1978 3506 illum
2007 3457 2296 3519 oporteret,
2325 3448 2413 3518 qui
2433 3449 2483 3500 in
2512 3454 2696 3500 sancto
2726 3443 2866 3497 illius
2893 3439 3235 3495 tabernaculo
3261 3439 3411 3492 habio

1830 3555 2036 3598 taturus
2060 3550 2224 3605 esset,
2244 3541 2349 3594 hoc
2367 3548 2470 3603 est,
2499 3538 2823 3607 inculpatum
2844 3576 2859 3600 ,
2891 3545 2944 3588 et
2968 3534 3231 3587 colentem
3249 3531 3409 3601 justi.

1829 3635 1978 3696 tiam,
2010 3643 2066 3687 et
2091 3648 2120 3685 a
2152 3630 2381 3701 nequitia
2412 3643 2660 3692 vacuum,
2687 3628 2845 3681 etiam
2874 3622 3244 3691 hocsubjecit:
3284 3637 3408 3675 cum

1827 3725 2071 3788 dixisset,
2099 3725 2196 3791 Qui
2221 3740 2322 3776 non
2343 3721 2550 3776 dolosas
2579 3720 2673 3787 fuit
2697 3720 2868 3784 lingua
2891 3733 3005 3779 sua,
3040 3731 3126 3768 nec
3153 3715 3268 3786 fecit
3291 3730 3413 3782 pro-

1827 3819 1966 3871 :rimo
1993 3832 2084 3869 suo
2111 3813 2337 3878 malum;
2361 3812 2556 3880 adjecit
2581 3828 2594 3863 :
2626 3810 2705 3863 Ad
2748 3808 2962 3861 nihilum
3004 3806 3249 3858 tit-ductus
3270 3814 3340 3858 est
3363 3805 3418 3857 in

1830 3915 2094 3976 conspectu
2118 3906 2225 3975 ejus
2254 3903 2525 3970 malignus,
2555 3902 2783 3954 timentes
2811 3908 2978 3953 autem
3011 3897 3282 3950 Dominum
3306 3897 3418 3967 glo-

1828 4001 1905 4051 ria
1927 3997 2074 4064 oﬁicit
2106 3996 2122 4064 (
2153 3993 2296 4049 Psal.
2346 3994 2430 4048 14.
2473 3994 2527 4048 ’5.
2565 3992 2598 4046 4
2626 3989 2667 4062 ).
2715 3990 2808 4044 llis
2856 3989 3033 4043 verbis
3088 3987 3418 4042 demonstrat

1832 4107 1994 4144 unum
2027 4091 2143 4156 ejus
2174 4087 2403 4141 oﬂicium
2429 4100 2569 4149 esse,
2604 4083 2772 4137 malos
2795 4093 3140 4137 contemnere
3163 4121 3176 4144 ,
3201 4078 3417 4133 laudare

1834 4191 1888 4235 et
1920 4182 2078 4235 beare
2103 4178 2273 4232 bonos
2305 4195 2318 4230 :
2350 4186 2404 4231 et
2434 4176 2555 4229 alibi
2589 4173 2728 4228 idem
2777 4171 3094 4242 signiﬁcavit
3118 4185 3240 4223 cum
3269 4167 3416 4224 diee-

1829 4281 1944 4326 ret:
1980 4269 2110 4323 Mihi
2135 4279 2302 4322 autem
2339 4267 2488 4321 nimis
2529 4264 2762 4320 honorati
2786 4272 2902 4317 sunt
2943 4264 3093 4316 amici
3131 4262 3225 4327 tui,
3264 4260 3417 4325 Deus,

1830 4363 1979 4417 nimis
2023 4363 2338 4428 confortatus
2368 4369 2438 4413 est
2470 4357 2784 4428 principatus
2839 4370 3013 4408 eorum
3061 4353 3079 4423 (
3111 4351 3258 4405 Psal.
3295 4351 3415 4404 1⁸58.

1833 4458 1897 4512 Π
1926 4458 1964 4524 ).
1995 4456 2161 4523 Quem
2211 4454 2352 4508 Deus
2406 4449 2630 4512 laudat,
2663 4456 2717 4501 tu
2767 4461 2836 4500 ne
2882 4447 3169 4514 vituperes.
3221 4441 3422 4496 Laudat

1829 4559 2008 4602 autent
2036 4562 2179 4607 eum,
2210 4544 2300 4614 qui
2328 4557 2447 4597 cum
2494 4541 2696 4610 justitia
2746 4536 2912 4602 vivit,
2945 4536 3189 4605 quamvis
3221 4547 3421 4602 pauper

1829 4643 1919 4695 sit.
1946 4642 2115 4709 Quem
2149 4641 2286 4694 Deus
2300 4645 2597 4700 aversatur,
2617 4643 2670 4688 tu
2689 4648 2756 4686 ne
2781 4629 3112 4685 laudaveris:
3145 4636 3421 4682 aversatur

1832 4747 2010 4788 autent
2036 4748 2248 4787 omnem
2280 4730 2369 4800 qui
2395 4745 2517 4782 cum
2546 4724 2780 4796 nequitia
2805 4723 2953 4787 vivit,
2976 4719 3220 4790 quamvis
3237 4717 3417 4771 multis

1831 4828 2020 4898 Opibus
2041 4822 2392 4880 circumﬂuat.
2418 4819 2521 4876 Sed
2552 4818 2663 4872 sive
2690 4813 2990 4870 laudaveris
3017 4853 3034 4879 ,
3063 4813 3175 4865 sive
3216 4810 3424 4877 vitnpe~

1832 4918 2054 4982 raveris,
2093 4924 2313 4983 utraque
2338 4911 2402 4966 ad
2427 4910 2516 4964 Dei
2534 4909 2859 4963 voluntatem
2882 4903 3060 4958 facias.
3086 4900 3234 4955 Licet
3262 4899 3425 4954 etiam

1833 5009 1898 5064 ad
1930 5007 2153 5078 gloriam
2188 5006 2278 5060 Dei
2320 5003 2620 5072 ohjurgare.
2661 4998 2779 5065 Quo
2805 4994 3017 5050 tandem
3044 4991 3242 5046 modo?
3287 4991 3423 5058 Erga

1836 5113 2024 5155 servos
2048 5107 2259 5150 nostros
2303 5108 2443 5163 sa-pe
2470 5092 2648 5144 animo
2689 5099 3123 5142 commovemur:
3157 5080 3426 5153 quomodo

1833 5198 2010 5243 autem
2046 5187 2168 5240 licet
2219 5196 2434 5254 propter
2462 5182 2624 5233 Deum
2655 5173 2974 5247 objurgare?
3013 5173 3068 5229 Si
3099 5173 3305 5227 cbrimn
3334 5179 3426 5223 aut

1836 5281 2100 5336 furentem
2129 5278 2324 5333 videris
2351 5276 2433 5329 vel
2464 5287 2676 5327 servum
2703 5314 2717 5334 ,
2761 5269 2843 5324 vel
2878 5267 3131 5330 amicum,
3162 5265 3243 5319 vel
3262 5264 3424 5318 aliunt

1835 5372 2137 5441 quempiam
2163 5368 2518 5438 propinquum
2565 5371 2712 5415 tuum
2742 5400 2759 5427 ,
2792 5367 2884 5412 aut
2926 5359 2978 5411 in
3012 5358 3274 5412 theatrum
3303 5371 3426 5409 cur-

1837 5475 2064 5523 rentem,
2098 5469 2188 5514 aut
2214 5459 2442 5512 animam
2467 5471 2615 5510 suam
2650 5453 2781 5506 nihil
2808 5458 3105 5514 curantem,
3131 5457 3220 5502 aut
3242 5448 3429 5517 jurau-

1837 5564 1969 5616 tem,
1994 5561 2086 5606 aut
2117 5551 2465 5620 pejerantcm,
2501 5552 2594 5598 aut
2621 5542 2967 5597 mentientem
2993 5555 3009 5593 :
3039 5540 3375 5592 stomachare
3407 5576 3424 5602 ,

1838 5646 2043 5715 punito,
2077 5656 2290 5705 revoca,
2322 5638 2546 5706 corrige,
2575 5643 2628 5690 et
2653 5634 2768 5688 haec
2804 5632 2980 5686 omnia
3013 5637 3230 5700 propter
3258 5627 3424 5681 Deum

1839 5736 2028 5791 iecisti.
2053 5735 2109 5790 Si
2134 5749 2255 5803 erga
2287 5743 2338 5786 te
2369 5737 2674 5800 peccantem
2701 5724 2900 5779 videris
2919 5765 2934 5789 ,
2965 5731 3056 5777 aut
3084 5722 3310 5791 aliquam
3336 5717 3424 5771 of-

1841 5828 1941 5881 licii
1966 5837 2167 5896 partem
2193 5840 2312 5896 erga
2338 5833 2386 5878 te
2413 5822 2491 5876 sui
2523 5816 3014 5891 prmtermittentem
3047 5857 3060 5879 ,
3087 5812 3299 5867 remitte
3330 5809 3430 5866 hoc

4129 134 4142 190 ξ

4127 261 4142 324 ξι

4129 835 4142 872 Ξ

4125 893 4142 976 ξξ

4125 973 4142 1026 ξι

4129 1027 4142 1078 ἓ

4131 1407 4142 1428 ,.

4123 1459 4142 1640 ’ἱ

4125 1965 4142 2190 ἓ
