4142 6332
646 373 756 432 959

651 491 716 554 ei,
744 500 797 544 et
819 489 1068 546 remisisti
1098 499 1315 561 propter
1341 490 1530 547 Deum.
1555 490 1707 546 Nunc
1730 506 1856 547 vero
1876 491 2027 546 multi
2051 498 2238 545 contra

649 583 849 636 faciunt
889 597 1011 636 cum
1048 596 1174 652 erga
1199 582 1398 636 amicos
1431 621 1448 648 ,
1481 590 1590 636 tum
1619 596 1743 651 erga
1769 596 1955 636 servos
1984 597 1997 633 :
2027 579 2244 650 quando

647 675 790 728 enim
815 687 940 742 erga
971 687 1029 726 se
1051 673 1138 726 alii
1162 681 1402 743 peccant,
1425 672 1604 728 acerbi
1632 671 2094 742 inexorabilesâ€˜que
2120 679 2246 726 sunt

646 763 880 832 iudices:
908 763 1122 832 quando
1152 772 1330 818 autem
1364 763 1415 818 in
1458 763 1622 818 Deum
1667 763 2039 818 contumeliosi
2066 772 2189 817 sunt
2222 804 2237 828 ,

643 864 697 909 et
723 871 850 910 suas
876 855 1113 924 ipsorum
1147 856 1374 926 perdunt
1399 856 1604 910 animas
1633 895 1649 922 ,
1682 855 1884 910 nullam
1907 857 2025 925 ejus
2055 856 2245 915 rei,ra-

649 947 848 1001 tionem
893 947 1109 1002 habent.
1156 947 1360 1002 Rursus
1407 948 1563 1001 amici
1594 948 1687 1003 tibi
1740 947 2050 1016 acquirendi
2077 947 2246 1002 sunt?

649 1037 875 1106 Propter
923 1039 1088 1093 Deum
1124 1039 1406 1108 acquirito.
1451 1038 1651 1093 Inimici
1687 1039 2043 1108 tibicapiendi
2083 1039 2247 1093 sunt?

651 1127 878 1197 Propter
922 1129 1086 1184 Deum
1115 1130 1312 1198 capito.
1369 1131 1441 1185 At
1469 1131 1734 1200 quomodo
1774 1130 1929 1185 amici
1960 1140 2016 1186 et
2046 1130 2245 1185 inimici

651 1230 868 1290 propter
893 1221 1057 1276 Deum
1080 1221 1393 1292 acquirendi
1421 1222 1586 1277 sunt?
1612 1222 1666 1278 Si
1688 1237 1793 1276 non
1823 1222 2088 1277 amicitias
2127 1221 2243 1276 illas

648 1314 980 1384 colligamus,
1001 1314 1141 1368 unde
1171 1314 1423 1384 pecunias
1450 1328 1664 1385 cogere,
1693 1329 1892 1368 mensa:
1914 1314 2243 1369 consortium

650 1405 849 1460 habere
875 1447 890 1471 ,
916 1405 1208 1461 humanum
1233 1405 1587 1475 patrocinium
1627 1405 1882 1474 consequi
1909 1405 2202 1473 poterimus
2229 1421 2242 1458 :

648 1498 744 1552 sed
794 1497 915 1551 illos
965 1511 1355 1566 prosequamur
1405 1504 1461 1551 et
1511 1496 1845 1566 acquiramus
1879 1495 2120 1560 amicos,
2153 1494 2244 1564 qui

646 1596 879 1642 mentem
910 1594 1148 1642 nostram
1181 1587 1442 1642 moderari
1470 1625 1488 1653 ,
1520 1586 1800 1641 consulere
1829 1586 2048 1639 honesta
2072 1626 2088 1649 ,
2122 1599 2245 1655 pec-

649 1687 836 1732 cantes
865 1678 1165 1747 increpare,
1197 1676 1567 1747 delinquentes
1588 1691 1834 1746 arguere,
1872 1676 2256 1746 supplantatosr

649 1769 877 1838 erigere,
905 1767 1130 1823 consilio
1153 1783 1216 1822 ac
1245 1769 1490 1837 precibus
1519 1783 1673 1837 opem
1701 1767 1842 1822 ferre
1862 1808 1877 1834 ,
1908 1777 1963 1822 et
1990 1767 2056 1821 ad
2080 1768 2246 1822 Deum

647 1859 916 1913 adducere
943 1867 1182 1929 possunt.
1212 1859 1415 1913 Rursus
1456 1859 1703 1914 inimicos
1749 1859 1878 1913 licet
1909 1858 2086 1914 facere
2120 1875 2248 1928 pro-

648 1957 765 2017 pter
799 1948 986 2003 Deum.
1019 1948 1075 2004 Si
1108 1949 1305 2004 videris
1337 1949 1565 2018 aliquem
1593 1950 2072 2019 intemperantem,
2101 1949 2248 2004 nefa-

649 2037 808 2100 rium,
836 2038 1080 2107 tthuititc
1102 2039 1340 2107 plenum,
1367 2038 1942 2108 Opinionibusimpuris
1965 2039 2242 2106 refertum,

649 2129 1074 2198 supplantautem
1103 2140 1154 2183 te
1180 2144 1243 2183 ac
1265 2129 1356 2182 tibi
1385 2144 1578 2183 nocere
1607 2129 1930 2199 cupientem,
1955 2129 2166 2194 recede,
2193 2139 2247 2183 et

650 2219 856 2273 resilias
876 2219 943 2273 ab
974 2220 1094 2274 illo:
1124 2220 1202 2274 sic
1227 2221 1368 2274 enim
1390 2219 1804 2290 Christusjubet
1823 2239 1836 2276 :
1856 2220 1918 2275 Si
1937 2222 2112 2275 oculus
2133 2231 2247 2274 tuus

653 2313 828 2365 dexter
841 2311 1155 2365 scandalizat
1181 2321 1246 2376 te,
1265 2327 1383 2365 erue
1403 2326 1536 2376 eum,
1558 2319 1606 2364 et
1628 2311 1822 2381 projice
1858 2310 1944 2365 abs
1967 2321 2015 2364 te
2033 2311 2242 2381 (Matth.

649 2401 704 2455 5.
723 2400 838 2470 29).
857 2399 969 2455 Hoc
986 2416 1177 2470 nempe
1201 2401 1469 2470 praecepit,
1490 2401 1759 2456 utamicos
1770 2415 1903 2470 quos
1922 2416 2073 2471 aeque
2089 2411 2247 2471 atque

648 2495 832 2549 oculos
877 2510 1033 2549 caros
1074 2494 1238 2549 habes
1269 2535 1284 2560 ,
1331 2503 1387 2550 et
1411 2494 1478 2549 ad
1503 2509 1716 2550 omnem
1739 2495 1860 2548 vitae
1891 2510 2042 2548 usum
2063 2508 2248 2548 neces-

649 2584 820 2638 sarios
841 2625 856 2652 ,
903 2585 948 2640 si
974 2585 1165 2639 animae
1195 2584 1354 2638 saluti
1387 2592 1636 2652 noceant,
1670 2593 1912 2653 amputes
1929 2594 1977 2638 et
2007 2583 2243 2652 abjicias.

651 2676 706 2730 Si
743 2677 794 2730 in
820 2686 1016 2731 cretum
1043 2676 1320 2730 hominum
1352 2675 1615 2746 prodicris
1633 2717 1648 2741 ,
1673 2684 1727 2730 et
1753 2676 1912 2730 verba
1936 2676 2100 2730 multa
2125 2690 2246 2730 cum

653 2767 772 2820 aliis
793 2766 1001 2831 feceris,
1023 2776 1239 2836 propter
1263 2767 1426 2820 Deum
1451 2765 1554 2820 hoc
1571 2765 1820 2820 facitozsi
1851 2766 2099 2830 tacueris,
2117 2781 2245 2835 pro-

652 2867 771 2927 pter
789 2857 954 2912 Deum
973 2858 1250 2913 taeeto.At
1269 2856 1537 2928 quomodo
1566 2857 1618 2912 in
1645 2869 1786 2912 coetu
1813 2860 2011 2912 versari
2033 2869 2248 2928 propter

653 2949 819 3003 Deum
839 2949 1003 3004 licet?
1023 2950 1076 3006 Si
1099 2965 1220 3004 cum
1246 2949 1366 3003 aliis
1387 2949 1601 3017 sedens,
1617 2965 1721 3004 non
1747 2949 1816 3004 de
1839 2950 1999 3004 rebus
2024 2949 2249 3005 saecula-

653 3041 798 3094 ribus
826 3040 1081 3107 disseras,
1110 3056 1282 3112 neque
1305 3041 1372 3096 de
1400 3041 1464 3095 iis
1493 3057 1608 3111 qnte
1633 3041 1784 3095 nobis
1811 3040 1966 3110 plane
2003 3055 2187 3110 parum
2224 3080 2240 3106 ,

652 3143 744 3187 aut
775 3132 906 3187 nihil
928 3133 1238 3188 conducunt
1265 3174 1280 3199 ,
1310 3132 1404 3187 sed
1430 3131 1495 3187 de
1517 3132 1774 3202 religione
1799 3141 1975 3186 nostra
2010 3175 2025 3198 ,
2069 3133 2135 3187 de
2156 3149 2248 3202 ge-

654 3224 850 3289 heuua,
880 3223 947 3279 de
977 3239 1142 3294 regno
1168 3223 1446 3289 caelorum,
1477 3239 1582 3278 non
1610 3233 1788 3278 autem
1819 3223 1886 3278 de
1931 3222 2090 3276 rebus
2130 3223 2244 3278 ina-

654 3319 809 3374 nibus
837 3327 928 3371 aut
951 3315 1378 3388 supervacaneis,
1399 3317 1549 3386 cujus
1562 3315 1771 3387 generis
1793 3315 1908 3370 lucc
1932 3325 2088 3369 sunt;
2118 3315 2248 3384 Quis

654 3412 1020 3482 magistratum
1051 3410 1205 3464 iniit?
1242 3410 1372 3478 Quis
1401 3411 1766 3481 magistratum
1795 3409 2008 3464 amisit?
2037 3408 2149 3478 Qua
2178 3409 2246 3464 de

653 3516 814 3556 causa
835 3503 918 3557 hic
941 3501 1223 3556 mulctatus
1250 3501 1378 3556 est?
1407 3500 1558 3556 Unde
1585 3500 1670 3555 ille
1697 3499 1932 3555 lucratus
1961 3510 2063 3564 est,
2090 3509 2144 3554 et
2171 3500 2248 3553 lo-

657 3594 1052 3662 cupletissimus
1071 3593 1273 3647 evasit?
1303 3593 1442 3660 Quid
1471 3593 1559 3647 ille
1587 3593 1708 3646 huic
1733 3593 1948 3662 reliquit
1977 3593 2248 3646 moriens?

665 3684 945 3751 Quomodo
970 3685 1060 3738 ille
1084 3685 1150 3739 ab
1173 3684 1469 3740 hereditate
1496 3683 1684 3746 abfuit,
1716 3700 1836 3738 cum
1861 3684 1911 3738 in
1941 3683 2126 3753 primis
2156 3683 2248 3738 hc-

654 3776 870 3832 redibus
891 3791 950 3831 se
975 3775 1042 3829 ad
1065 3777 1402 3831 scribendum
1423 3777 1724 3844 putaverit?
1747 3775 1824 3829 Ac
1851 3777 2016 3829 multa
2037 3776 2138 3828 alia
2167 3775 2250 3829 his

655 3868 867 3922 similia.
900 3867 977 3922 De
1006 3867 1087 3920 his
1109 3868 1269 3921 rebus
1294 3877 1469 3920 autem
1504 3883 1676 3936 neque
1703 3881 1799 3922 nos
1825 3865 2247 3940 confabulemur,

656 3978 831 4032 neque
855 3961 989 4016 alios
1014 3960 1338 4014 confabulari
1368 3961 1768 4029 permittamus;
1817 3959 1910 4014 sed
1932 3957 2247 4014 considere-

659 4070 779 4109 tuus
810 4053 984 4122 pelius
1014 4052 1205 4122 quibus
1233 4041 1389 4105 dictis
1433 4060 1523 4105 aut
1571 4050 1725 4104 factis
1757 4050 1865 4106 Deo
1896 4051 2246 4120 placebimus.

659 4145 864 4199 Rursus
895 4145 1096 4213 poteris
1125 4152 1342 4212 prepter
1372 4141 1538 4197 Deum
1564 4143 1741 4207 silere,
1771 4142 2076 4212 exagitatus
2097 4183 2109 4204 ,
2135 4142 2248 4195 vio-

659 4238 820 4302 latus,
850 4236 1048 4289 infinita
1081 4235 1217 4288 mala
1249 4249 1452 4303 passus,
1483 4234 1526 4286 si
1556 4232 1694 4288 feras
1718 4249 2000 4303 generose,
2021 4243 2074 4286 et
2105 4233 2248 4286 nulla

661 4326 942 4399 maledicta
973 4324 1172 4380 referas
1197 4326 1268 4378 illi
1297 4327 1381 4394 qui
1417 4323 1530 4378 haec
1557 4324 1875 4394 designavit.
1921 4325 2036 4380 Non
2067 4334 2245 4379 autem

658 4420 876 4476 laudare
899 4419 1068 4473 solum
1093 4428 1145 4471 ct
1169 4419 1466 4486 vituperare
1489 4458 1503 4480 ,
1557 4432 1654 4472 nec
1683 4417 1826 4471 domi
1877 4432 2092 4471 manere
2120 4458 2136 4482 ,
2163 4426 2253 4471 aut

661 4512 804 4565 foras
837 4512 932 4574 ire,
963 4525 1066 4562 non
1088 4509 1250 4578 loqui,
1273 4517 1362 4562 aut
1385 4508 1562 4572 silere,
1582 4507 1674 4562 sed
1692 4509 1852 4562 etiam
1873 4507 2019 4570 ï¬‚ere.
2047 4508 2248 4572 dolere,

665 4615 712 4655 et
745 4601 910 4654 buturi
956 4615 1166 4668 quoque
1204 4599 1268 4652 ad
1306 4599 1528 4667 gloriam
1563 4598 1654 4653 Dei
1686 4597 1826 4651 licet.
1858 4597 2081 4664 Quando
2108 4599 2250 4651 enim

665 4692 750 4746 vel
778 4691 993 4745 fratrem
1015 4691 1214 4745 videris
1243 4700 1573 4760 peccantem,
1605 4691 1688 4744 vel
1719 4691 1946 4758 teipsqu
1980 4692 2033 4744 in
2066 4706 2253 4760 pecca-

666 4794 778 4838 tum
805 4783 1015 4852 aliquod
1043 4783 1341 4851 delapsum,
1375 4781 1571 4837 deinde
1593 4781 1911 4851 ingemiscas
1937 4823 1952 4846 ,
1987 4797 2050 4836 ac
2074 4781 2253 4836 animo

665 4873 1067 4939 nitercas,haud
1093 4873 1451 4942 ptenitendam
1474 4872 1699 4926 salutem
1717 4887 1780 4925 ex
1804 4871 1905 4926 hoc
1924 4871 2250 4926 lucrifecisti:

664 4965 1116 5036 quemadmodum
1136 4964 1330 5017 Paulus
1358 4963 1433 5017 ait
1458 4980 1471 5016 :
1522 4964 1620 5027 Qui
1671 4963 1944 5015 secundum
1964 4961 2131 5016 Deum
2158 4963 2254 5017 do-

665 5059 745 5111 lor
766 5065 858 5120 est,
882 5056 1093 5109 salutent
1114 5054 1252 5106 haud
1275 5053 1617 5125 pwnitendam
1645 5053 1790 5122 efï¬cit
1814 5053 1892 5122 (2.
1917 5053 2035 5108 Cor.
2059 5054 2112 5106 7.
2138 5055 2251 5126 10).

665 5149 721 5205 Si
749 5150 1025 5204 ï¬‚orentem
1054 5149 1278 5202 alterum
1297 5147 1476 5201 videas
1496 5187 1510 5209 ,
1540 5145 1708 5199 nolito
1736 5145 1806 5198 illi
1836 5146 2092 5200 continuo
2119 5147 2256 5202 invi-

670 5242 818 5306 dere,
852 5240 945 5296 sed
981 5241 1125 5303 Deo,
1151 5239 1240 5308 qui
1290 5251 1396 5292 tam
1449 5237 1765 5307 prteclarum
1816 5238 1993 5292 eil'ecit
2038 5238 2254 5293 fratrem

672 5345 820 5389 tuum
845 5375 860 5398 ,
891 5333 1109 5404 perinde
1130 5348 1194 5386 ac
1219 5333 1284 5386 de
1314 5346 1404 5400 Î¹Î¹Î¹-Ï
1448 5330 1540 5383 riis
1581 5330 1735 5385 bouis
1763 5329 1959 5400 gratias
1985 5331 2126 5400 agito
2155 5371 2172 5398 ,
2202 5340 2257 5387 et

670 5426 829 5496 hujus
853 5426 1050 5480 ltetitite
1079 5439 1428 5494 permagnum
1461 5421 1625 5476 habes
1654 5421 1906 5476 fructum.

744 5520 800 5574 5.
839 5519 1133 5572 Invidorum
1159 5515 1454 5570 miserabilis
1475 5514 1806 5568 conditio.â€”-
1837 5514 1973 5580 Quid
2001 5514 2142 5576 enim
2173 5516 2257 5569 iu-

672 5613 810 5668 vidis
850 5609 1152 5664 hominibus
1175 5615 1259 5662 est
1289 5604 1664 5672 miserabilius,
1707 5605 1900 5676 quibus
1939 5622 2059 5660 cum
2105 5606 2260 5662 liceat

675 5703 908 5774 gaudere
940 5742 956 5766 ,
1000 5709 1054 5754 ct
1081 5701 1310 5753 fructum
1337 5698 1533 5752 lmtitite
1555 5712 1663 5752 sua:
1689 5712 1881 5766 capere
1952 5697 2048 5750 insi
2081 5707 2258 5752 tamen

676 5797 879 5854 malunt
909 5802 1127 5867 propter
1155 5792 1356 5849 alienas
1385 5788 1660 5848 felicitates
1690 5789 1828 5847 dolci

1344 374 1403 432 S.
1440 374 1718 433 JOANNIS
1752 372 2228 432 CHRYSOSTOII
2267 368 2584 428 ARCHIEP.
2623 371 3155 430 CONSTANTINOP.
3854 381 3950 438 ÎºÎ¿

2357 487 2473 542 lore
2515 487 2629 556 ipso
2656 504 2865 557 ptenam
2907 504 2935 542 a
2967 489 3076 545 Deo
3106 532 3122 557 ,
3150 500 3205 546 et
3253 493 3570 564 supplicium
3619 496 3950 553 intolerabile

2351 577 2953 634 arcessere?thterum
2997 581 3123 650 quid
3171 579 3358 638 laudes
3400 595 3454 640 et
3493 586 3955 656 vituperationes;

2351 667 2566 724 dolores
2589 680 2644 726 et
2668 669 2878 726 laetitias
2897 685 3294 740 commemoro;
3315 676 3400 730 ubi
3421 678 3581 732 etiam
3607 693 3640 732 a
3664 677 3948 735 levissimis

2352 761 2516 818 rebus
2533 773 2586 817 et
2611 763 2883 819 vilissimis
2909 765 3169 820 maximas
3189 767 3446 823 utilitates
3476 769 3838 840 percipiemus
3862 813 3878 839 ,
3906 774 3947 826 si

2354 864 2571 924 propter
2613 854 2780 910 Deum
2827 856 2998 926 ipsum
3028 872 3120 913 eas
3149 856 3451 914 faciamus?
3496 861 3634 929 Quid
3681 863 3826 918 enim
3873 875 3948 918 est

2353 953 2574 999 tonsura
2625 945 2853 1000 crinium
2903 947 3101 1002 vilius?
3171 948 3284 1004 Hoc
3332 957 3507 1004 tamen
3559 953 3682 1008 licet
3735 963 3941 1023 propter

2354 1033 2520 1089 Deum
2551 1033 2746 1091 facere.
2775 1037 3002 1105 Quando
3022 1038 3163 1093 cnim
3191 1053 3397 1094 comam
3421 1057 3526 1096 non
3544 1046 3944 1112 composueris,

2353 1141 2526 1195 neque
2550 1129 2752 1182 vultum
2776 1137 2923 1184 tuum
2946 1130 3223 1185 ornaveris
3247 1171 3262 1199 ,
3290 1147 3462 1202 neque
3492 1140 3545 1188 te
3569 1134 3638 1188 ad
3671 1134 3945 1190 illecebras

2353 1233 2415 1272 ac
2439 1219 2702 1275 lenocinia
2733 1235 2941 1289 eorum,
2964 1223 3056 1293 qui
3086 1233 3137 1279 te
3161 1225 3468 1291 intuentur,
3495 1228 3822 1297 compseris,
3857 1227 3948 1283 sed

2354 1307 2554 1364 inculte
2578 1350 2596 1378 ,
2637 1319 2691 1366 et
2713 1321 2969 1382 quantum
2999 1328 3124 1367 usus
3149 1313 3252 1369 fert
3279 1355 3296 1382 ,
3349 1316 3575 1384 teipsum
3603 1319 3944 1386 apparaveris

2357 1413 2584 1472 tantum,
2619 1415 2838 1476 propter
2857 1405 3024 1460 Deum
3051 1406 3261 1472 fecisti,
3288 1418 3343 1463 et
3367 1408 3484 1478 ejus
3508 1410 3813 1464 mercedem
3866 1425 3946 1464 re-

2354 1497 2596 1565 portabis
2621 1541 2635 1562 ,
2681 1507 2791 1552 tum
2832 1499 2956 1569 quia
3003 1501 3350 1569 cupiditatem
3379 1503 3680 1570 repressisti
3707 1503 3901 1556 malam
3923 1544 3940 1569 ,

2355 1596 2464 1640 tum
2494 1587 2617 1656 quia
2648 1589 2992 1644 ambitionem
3012 1590 3370 1660 importunam
3397 1594 3700 1648 coercuisti.
3731 1593 3788 1648 Si
3803 1595 3940 1648 enim

2353 1677 2443 1749 qui
2479 1677 2728 1747 poculum
2760 1678 2948 1748 frigide
2975 1682 3148 1735 solum
3177 1682 3270 1736 dat
3299 1691 3516 1751 propter
3563 1682 3729 1740 Deum
3750 1725 3766 1746 ,
3799 1686 3943 1754 regni

2352 1767 2606 1821 ctelorum
2647 1766 2996 1824 hereditatem
3026 1770 3190 1826 adibit
3209 1770 3418 1844 (Matth.
3444 1773 3529 1828 10.
3559 1771 3690 1843 42):
3718 1774 3809 1844 qui
3829 1789 3943 1828 om-

2356 1859 2441 1913 nia
2467 1858 2651 1915 fecerit
2677 1869 2896 1930 propter
2924 1862 3112 1924 Deum,
3139 1863 3420 1918 considera
3450 1875 3702 1934 quantam
3736 1866 3946 1922 habebit

2353 1951 2867 2021 compensationem.
2897 1953 3035 2022 Quin
3067 1964 3121 2010 et
3148 1965 3366 2025 propter
3398 1955 3564 2011 Deum
3593 1956 3865 2021 incedere,
3897 1969 3946 2012 et

2354 2051 2573 2111 propter
2596 2043 2759 2098 Deum
2795 2043 2990 2100 intueri
3019 2061 3323 2116 possumus.
3351 2049 3419 2102 At
3442 2050 3716 2117 quomodo
3757 2049 3943 2105 intueri

2353 2145 2406 2191 et
2429 2135 2678 2192 incedere
2705 2146 2923 2208 propter
2948 2138 3118 2194 Deum
3157 2138 3325 2194 licet?
3367 2139 3595 2206 Quando
3617 2155 3723 2194 non
3751 2140 3816 2193 ad
3847 2140 3944 2193 im-

2357 2227 2672 2297 probitatem
2699 2230 2900 2284 curris:
2930 2230 3153 2298 Quando
3175 2245 3279 2285 non
3307 2230 3359 2284 iu
3386 2230 3615 2285 alienam
3654 2231 3942 2298 pulchritu-

2353 2319 2530 2374 dinem
2557 2320 2718 2375 nimis
2739 2321 2995 2391 inquiris:
3023 2321 3237 2391 quando
3267 2321 3548 2376 mulierem
3575 2331 3943 2376 occurrentem

2353 2409 2559 2475 videns,
2584 2410 2822 2464 refrenas
2843 2411 3045 2477 oculos,
3065 2420 3119 2466 et
3143 2412 3331 2466 timore
3355 2411 3447 2466 Dei
3465 2411 3640 2465 munis
3655 2419 3943 2480 aSpectum,

2355 2498 2454 2552 hoc
2477 2509 2692 2568 propter
2724 2499 2892 2553 Deum
2925 2500 3092 2554 facis:
3129 2499 3341 2569 quando
3381 2514 3486 2555 non
3520 2501 3771 2570 pretiosis
3797 2501 3945 2555 vesti-

2355 2587 2453 2642 bus
2480 2596 2535 2643 et
2557 2588 2818 2654 delicatis,
2849 2588 2942 2643 sed
2968 2589 3032 2644 iis
3060 2605 3176 2660 quae
3204 2599 3381 2660 tegere
3427 2606 3523 2644 nos
3551 2592 3684 2645 satis
3710 2602 3943 2660 possunt,

2354 2679 2642 2734 induimur.
2657 2679 2829 2735 Sedet
2847 2679 2914 2735 ad
2937 2681 3071 2735 imos
3097 2681 3479 2751 usquecalceos
3499 2681 3786 2736 demittere
3810 2681 3943 2736 hunc

2355 2785 2561 2825 morem
2601 2771 2745 2825 licet.
2797 2771 3045 2840 Eousque
3074 2771 3217 2826 enim
3248 2771 3488 2825 mollitiei
3519 2772 3782 2841 luxusque
3809 2771 3944 2826 dela-

2355 2860 2432 2930 psi
2451 2869 2576 2914 sunt
2593 2861 2765 2926 multi,
2782 2869 2840 2915 ut
2862 2871 2915 2916 et
2933 2861 3141 2916 calceos
3161 2871 3440 2927 exornent,
3457 2870 3512 2916 et
3527 2862 3673 2916 omni
3688 2879 3754 2916 ex
3779 2873 3943 2932 parte,

2353 2965 2504 3020 teque
2527 2966 2590 3005 ac
2611 2951 2801 3006 faciem
2833 2967 2983 3005 suam
3003 2952 3091 3005 alii
3113 2962 3456 3019 componant,
3487 2954 3698 3007 variare
3717 2953 3944 3016 soleant,

2352 3040 2494 3108 quod
2519 3041 2711 3094 animze
2741 3041 2960 3110 impura:
2988 3056 3052 3096 ac
3078 3040 3379 3111 depravata:
3399 3041 3608 3111 signum
3628 3051 3730 3096 est.
3753 3042 3946 3109 Quam-

2353 3148 2510 3202 quam
2548 3133 2690 3186 euitn
2711 3134 3054 3203 perexiguum
3081 3133 3184 3187 hoc
3204 3148 3324 3188 esse
3341 3133 3603 3200 videatur,
3626 3145 3805 3189 tamen
3835 3146 3944 3190 tum

2354 3223 2407 3278 in
2437 3224 2566 3278 viris
2598 3265 2611 3288 ,
2639 3234 2748 3278 tum
2778 3225 2830 3278 in
2861 3224 3072 3279 feminis
3099 3239 3346 3294 magnum
3375 3224 3595 3294 perditte
3626 3227 3822 3280 mentis
3859 3243 3946 3279 ar-

2408 3323 2662 3370 mentum
2688 3325 2790 3370 est.
2849 3314 3056 3370 Licebit
3081 3330 3210 3385 ergo
3254 3324 3308 3370 et
3353 3315 3545 3370 calceis
3573 3315 3704 3384 ipsis
3733 3322 3947 3384 propter

2356 3408 2444 3462 De
2475 3423 2523 3462 tn
2549 3407 2667 3474 uti,
2719 3422 2840 3461 cum
2881 3407 3100 3461 omnino
3127 3421 3278 3461 usum
3315 3407 3603 3476 quaerimus
3635 3448 3650 3472 ,
3705 3417 3761 3461 et
3809 3406 3947 3462 hunc

2355 3498 2675 3553 utendorum
2704 3499 3005 3553 calceorum
3034 3498 3250 3553 modum
3301 3497 3665 3553 habuerimus.
3695 3499 3942 3570 Ingresso

2353 3590 2497 3645 enim
2515 3598 2569 3644 et
2597 3590 2793 3644 amictu
2819 3605 2916 3644 nos
2934 3590 3098 3643 Deum
3125 3589 3290 3659 gloria
3317 3587 3530 3643 afficere
3553 3604 3730 3658 posse,
3749 3605 3946 3660 cogno-

2354 3695 2444 3736 sce
2469 3696 2535 3735 ex
2565 3696 2652 3745 eo,
2681 3680 2821 3750 quod
2853 3681 3066 3750 sapiens
3094 3679 3310 3750 quidam
3347 3680 3475 3734 olim
3502 3681 3638 3735 dixit
3668 3701 3681 3736 .
3725 3681 3944 3738 Vestitu

2355 3770 2448 3823 viri
2473 3811 2488 3835 ,
2529 3780 2576 3823 et
2604 3770 2736 3823 risus
2765 3769 3009 3833 dentium,
3036 3778 3080 3822 et
3110 3770 3335 3823 incessus
3373 3769 3559 3836 pedum
3597 3770 3828 3823 indicant
3858 3771 3945 3823 ho-

2357 3861 2732 3932 minem(Eccli.
2771 3861 2858 3918 l9.
2888 3861 3002 3932 27).
3030 3861 3254 3927 Quando
3283 3862 3424 3916 enim
3465 3861 3692 3917 honeste
3723 3862 3897 3916 vestiti
3929 3903 3942 3924 ,

2355 3954 2629 4025 gravitatis
2659 3953 2824 4024 pleni,
2870 3962 2924 4007 et
2966 3953 3186 4006 multam
3213 3953 3265 4006 in
3292 3952 3434 4006 omni
3466 3967 3527 4006 re
3554 3952 3792 4022 gerenda
3835 3969 3943 4006 mo-

2356 4045 2581 4100 destiam
2610 4044 2925 4099 adhibentes
2967 4043 3242 4112 prodimus
3276 4060 3288 4096 :
3322 4042 3412 4112 qui
3439 4041 3669 4097 infidelis
3692 4085 3705 4105 ,
3734 4044 3826 4112 qui
3858 4043 3935 4096 in-

2359 4146 2692 4205 temperans,
2737 4135 2826 4206 qui
2855 4134 3191 4189 turbulentus
3234 4142 3317 4188 est
3363 4135 3482 4199 vir,
3531 4134 3576 4187 is
3623 4148 3941 4203 quamquam

2359 4226 2788 4282 inconsideratus
2817 4225 2972 4279 fuerit
3002 4268 3017 4289 ,
3048 4233 3226 4279 tamen
3258 4224 3431 4293 primo
3478 4239 3690 4294 quoque
3721 4239 3941 4279 occursu

2359 4320 2409 4373 in
2437 4319 2662 4388 aliquem
2687 4319 2801 4385 ejus
2828 4317 3037 4386 generis
3064 4314 3335 4370 hominem
3366 4315 3596 4379 intuens,
3625 4320 3770 4369 omni
3805 4316 3942 4378 illum

2358 4410 2710 4464 admiratione
2751 4418 3117 4477 prosequetur.
3151 4405 3206 4460 Si
3229 4420 3449 4460 uxorem
3467 4406 3800 4467 duxerimus,
3831 4420 3946 4474 pro-

2359 4511 2476 4571 pter
2499 4501 2660 4554 Deutn
2680 4499 2780 4552 hoc
2803 4498 3077 4562 faciamus,
3099 4511 3202 4550 non
3222 4506 3278 4550 ut
3300 4495 3574 4550 facultates
3601 4497 3834 4564 majores
3859 4511 3943 4550 ac-

2359 4581 2653 4660 quiramus,
2686 4587 2780 4642 sed
2807 4596 2862 4663 ut
2881 4588 3071 4641 aniinte
3097 4587 3428 4641 nobilitatem
3458 4587 3817 4656 inquirantus;
3848 4601 3942 4640 non

2360 4683 2702 4752 pecuniarum
2730 4680 3130 4747 abundantiam,
3161 4694 3264 4732 non
3293 4677 3552 4748 majorum
3584 4677 3944 4747 splendorem,

2360 4773 2454 4827 sed
2481 4787 2688 4826 morum
2711 4773 2957 4824 virtutem
2985 4785 3367 4840 persequamur
3385 4779 3440 4824 et
3459 4769 3798 4836 modestiam,
3831 4772 3942 4823 vita:

2361 4867 2583 4931 sociam,
2615 4880 2718 4918 non
2758 4864 3142 4919 lenociniorum
3183 4864 3431 4918 comitem
3452 4864 3745 4932 capiamus.
3775 4863 3946 4918 Caete-

2361 4975 2479 5014 rum
2501 4958 2624 5028 quid
2651 4971 2786 5027 opus
2814 4965 2898 5011 est
2921 4958 3099 5010 omnia
3125 4955 3590 5010 commemorare?
3629 4955 3778 5011 Licet
3798 4955 3946 5010 vobis

2363 5067 2425 5106 ex
2459 5053 2522 5104 iis
2548 5066 2662 5119 quae
2693 5049 2833 5104 dicta
2855 5057 3000 5114 sunt,
3031 5047 3234 5117 singula
3261 5061 3380 5116 qua:
3401 5047 3533 5108 ï¬unt
3559 5054 3652 5100 aut
3675 5055 3946 5117 geruntur,

2365 5157 2697 5212 percurrere,
2729 5150 2783 5195 et
2802 5140 2980 5194 omnia
3013 5149 3231 5209 propter
3277 5139 3441 5193 Deum
3472 5139 3668 5192 facere.
3725 5139 3789 5191 Et
3820 5139 3947 5192 sicut

2363 5244 2688 5291 mercatores
2703 5233 3007 5303 navigantes
3034 5233 3220 5296 maria,
3250 5243 3301 5285 et
3326 5231 3391 5285 ad
3420 5233 3660 5286 civitates
3683 5233 3947 5300 appelli-iu

2367 5339 2466 5394 tes,
2492 5344 2595 5382 non
2626 5329 2770 5397 prius
2796 5327 2991 5380 abeunt
3011 5341 3039 5378 a
3066 5334 3240 5395 portu,
3273 5333 3325 5377 et
3357 5325 3407 5376 in
3433 5325 3604 5377 forum
3635 5324 3949 5388 ascendunt,

2365 5439 2524 5493 quam
2555 5421 2849 5488 intelligant
2879 5418 3090 5488 aliquod
3123 5419 3328 5471 lucrum
3381 5416 3556 5471 inesse
3587 5417 3639 5470 in
3669 5418 3933 5471 mercium

2370 5515 2504 5568 niis:
2536 5515 2612 5568 sic
2635 5529 2731 5566 nec
2759 5522 2812 5565 tu
2839 5511 3127 5581 quidquam
3157 5509 3340 5575 facias,
3371 5525 3469 5564 nec
3499 5509 3648 5564 dicas
3676 5550 3690 5573 ,
3745 5511 3846 5564 nisi
3876 5512 3940 5563 il)-

2365 5624 2516 5663 crum
2544 5606 2755 5675 aliquod
2783 5605 2976 5659 habeat
3020 5603 3314 5659 secundum
3345 5604 3536 5658 Deum.
3578 5602 3658 5658 Ne
3685 5603 3835 5658 dicas
3861 5620 3949 5656 au-

2369 5709 2472 5753 tem
2517 5699 2782 5752 nemiuem
2828 5711 2984 5764 posse
3031 5694 3210 5749 omnia
3259 5703 3477 5763 propter
3525 5693 3695 5748 Deum
3748 5697 3947 5748 facere:

2800 5787 3170 5857 â€œalceamenta,
3201 5785 3470 5850 cmsaries,
3502 5787 3724 5842 vasin...
3779 5785 3860 5820 =...
