4142 6332
270 407 377 469 959

262 535 319 588 θι
342 568 363 598 ,
382 529 498 584 ⁸καὶ
531 534 802 599 συνέγνως
831 528 919 585 διὰ
945 527 1035 582 τὸν
1063 522 1218 584 Θεῖν.
1254 528 1392 583 Νυνὶ
1424 527 1479 581 δὲ
1511 526 1697 581 πολλοὶ
1733 530 1858 583 τού-

270 615 486 669 ναντίον
534 614 768 679 ποιοῦσι,
817 615 910 668 καὶ
960 613 1055 667 ἐπὶ
1092 613 1200 667 τῶν
1244 612 1451 682 φίλων,
1486 612 1583 665 καὶ
1628 613 1721 665 ἐπὶ
1756 612 1865 667 τῶν

265 697 695 752 οἰκετῶν.”οταν
720 698 822 768 μὲν
845 697 954 770 γάρ
980 699 1062 760 είς
1084 697 1280 759 αὐτοὺς
1302 696 1645 767 ἁμάρτωσιν,
1675 696 1865 768 πικροὶ

268 782 367 835 καὶ
394 779 769 849 ἀσύγγνωστοι
802 783 1053 850 γίνονται.
1072 780 1356 834 δικασταί’
1387 781 1517 833 ὅταν
1555 779 1613 832 δὲ
1656 780 1737 841 είς
1772 778 1864 833 τὸν

266 854 406 919 Θεὸν
456 864 798 936 ἐνυϐρίξωσι,
831 867 927 919 καὶ
974 864 1074 928 τὰς
1121 863 1335 917 ἑαυτῶν
1372 862 1617 917 ἀπόλωσι
1662 862 1862 934 ψυχὰς,

264 948 460 1001 οὐδένα
488 946 766 1002 ποίοῦνται
794 948 972 1016 λόγον.
1010 947 1201 1011 Πάλιν,
1242 946 1432 1015 φίλους
1465 947 1690 1016 ποιῆσαι
1720 948 1859 1018 χρή;

266 1032 371 1085 Διά
405 1032 499 1086 τὸν
532 1032 663 1085 Θεὸν
688 1032 933 1103 ποίησον.
952 1030 1212 1103 Ἐχθροὺς
1234 1031 1459 1101 ποιῆσαι
1482 1032 1621 1102 χρή;
1649 1031 1749 1084 Διὰ
1772 1031 1863 1084 τὸν

262 1114 403 1169 Θεὸν
432 1114 676 1186 ποίησον.
708 1115 819 1169 Καὶ
853 1114 972 1178 πῶς
1004 1115 1121 1168 ἐστι
1163 1113 1350 1184 φίλους
1388 1113 1614 1184 ποιῆσαι
1648 1113 1737 1167 διὰ
1770 1114 1862 1169 τὸν

263 1197 402 1251 Θεὸν
442 1198 537 1252 καὶ
578 1197 836 1273 ἐχθρούς;
866 1199 964 1251 Ἂν
992 1196 1069 1269 μὴ
1101 1197 1202 1261 τὰς
1229 1196 1416 1268 φιλίας
1450 1196 1667 1261 ὲκείνας
1700 1197 1861 1267 ἐφελ-

262 1279 516 1353 κώμεθα,
545 1281 667 1335 ὅθεν
694 1281 811 1335 ἐστὶ
836 1284 1096 1355 χρήματα
1129 1282 1334 1350 λαϐεῖν,
1368 1281 1492 1338 ὅθεν
1530 1283 1861 1355 κοινωνῆσαι

262 1366 568 1437 τραπέζης,
596 1365 720 1419 ὅθεν
757 1353 1094 1437 προστασίας
1126 1364 1477 1438 ἀνθρωπίνης
1508 1353 1713 1438 τυχεῖν,
1745 1365 1860 1420 ἀλλ’

263 1450 509 1513 ἐκείνους
536 1450 857 1523 θηρεύωμεν
886 1453 981 1507 καλ⁸
1011 1449 1257 1521 ποιῶμεν
1294 1449 1502 1521 φίλους,
1531 1452 1660 1513 τοὺς
1700 1448 1861 1504 δυνα-

265 1533 467 1604 μένους
497 1535 530 1604 ή
540 1528 657 1605 μῶν
693 1531 782 1588 ἀεὶ
808 1535 1069 1607 ρυθμίσαι
1103 1534 1200 1606 τὴν
1228 1534 1427 1607 ψυχὴν,
1455 1534 1859 1607 συμϐουλεῦσαι

260 1618 335 1673 τὰ
354 1618 563 1682 δέοντα,
600 1619 1007 1690 ἁμαρτάνουσιν
1034 1620 1376 1691 ἐπιτιμῆσαι,
1405 1618 1860 1691 πλημμελοῦντας

262 1702 505 1772 ἐλέγξαι,
538 1703 1065 1775 ὑποσκελιζομένους
1097 1703 1426 1776 ἀνορθῶσαι.
1453 1705 1548 1758 καὶ
1578 1703 1856 1775 συμϐουλῇ

260 1788 363 1842 καὶ
396 1788 581 1859 εὐχαῖς
609 1786 941 1858 βοηθοῦντας
966 1779 1342 1859 προσαγαγεῖν
1386 1788 1466 1859 τῷ
1504 1788 1640 1860 Θεῷ.
1688 1790 1857 1843 Πάλιν

259 1872 492 1941 ιχθρούς
522 1870 699 1936 ἔξεστι
746 1872 971 1943 ποιῆσαι
997 1873 1085 1925 διὰ
1127 1873 1220 1926 τὸν
1254 1871 1406 1927 Θεόν.
1426 1874 1552 1927 Ἐὰν
1590 1875 1704 1946 ίδῃς
1735 1874 1857 1928 τινὰ

258 1956 581 2016 ἀκόλαστον,
633 1954 870 2026 μιαρὸν,
920 1954 1188 2027 πονηρίας
1241 1957 1519 2025 γέμοντα,
1568 1956 1856 2026 δογμάτων

257 2039 593 2111 ἀκαθάρτων
651 2040 1121 2111 πεπληρωμένον.
1172 2039 1602 2105 ὑποσκελίζοντά
1659 2058 1718 2094 σε
1762 2042 1856 2095 καὶ

257 2124 727 2195 παραϐλάπτοντά
760 2141 842 2189 σε,
881 2124 1149 2192 ἀπόστηθι
1174 2125 1267 2177 καὶ
1292 2126 1663 2195 ἀποπήδησον,
1683 2125 1856 2179 καθά-

258 2225 371 2279 περ
413 2209 505 2262 καὶ
530 2210 558 2261 6
583 2208 817 2278 Χριστὸς
850 2208 1136 2261 ἐκέλευσεν
1166 2209 1336 2261 εἰπών
1358 2226 1370 2238 ο
1411 2209 1554 2262 Ἐὰν
1574 2211 1607 2262 ὁ
1640 2209 1857 2277 6990M-

249 2291 372 2362 μός
402 2307 520 2347 σου
550 2295 582 2347 ὀ
603 2291 802 2358 δεξιὸς
823 2291 1195 2360 σκανδαλίζῃ
1227 2310 1320 2354 σε,
1340 2292 1514 2357 ἐξελε
1542 2294 1732 2347 αὐτὸν
1756 2294 1853 2348 καὶ

250 2374 417 2440 βάλε
459 2375 579 2429 ἀπὸ
611 2373 750 2439 σοῦ,
780 2374 1018 2428 κελεύων
1047 2376 1175 2439 τοὺς
1206 2376 1394 2445 φίλους
1427 2376 1689 2440 ἐκείνους,
1725 2377 1853 2440 τοὺς

255 2460 319 2512 ἐν
344 2459 640 2531 ὀφθαλμῶν
672 2459 825 2524 τάξει
856 2460 1137 2524 ποθεινοὺς
1166 2451 1347 2525 ὄντας,
1385 2462 1481 2515 καὶ
1523 2461 1851 2530 ἀναγκαίους

255 2545 319 2597 ἐν
370 2547 485 2608 τοῖς
532 2544 809 2615 βιωτικοῖς
857 2545 1202 2616 πράγμασιν,
1237 2540 1592 2607 ἀποκόπτειν,
1635 2546 1727 2600 καὶ
1760 2548 1853 2600 ἐκ·

254 2628 478 2682 ϐάλλειν
495 2642 543 2694 ει,
577 2628 644 2684 ἂν
673 2629 1145 2701 παραϐλάπτωσιν
1179 2632 1259 2694 είς
1284 2630 1384 2702 τὴν
1416 2632 1515 2702 τῆς
1548 2631 1727 2702 ψυχῆς
1754 2650 1854 2685 σω-

253 2711 454 2782 τηρίαν
488 2713 767 2783 ἡμᾶς.”Αν
800 2713 1073 2781 συλλόγων
1105 2717 1388 2785 κοινωνῇς,
1417 2716 1511 2767 καὶ
1540 2715 1698 2784 λόγον
1724 2717 1855 2769 ἀπο-

251 2797 440 2870 τείνῃς
476 2797 710 2868 μακρὸν,
756 2797 844 2851 διὰ
872 2798 963 2851 τὸν
993 2796 1124 2873 Θεὸν
1155 2798 1436 2852 καὶτοῦτο
1463 2799 1712 2870 ποίησον,
1748 2799 1851 2854 κάν

253 2883 440 2951 σιγᾷς,
471 2879 559 2933 διὰ
585 2880 838 2947 τὸνΘεὸν
867 2880 1113 2952 σίγησον.
1160 2882 1269 2934 Καὶ
1295 2881 1412 2945 πῶς
1444 2881 1559 2935 ἐστι
1592 2881 1850 2951 συλλόγου

251 2966 532 3017 κοινωνεῖν
557 2964 646 3018 διὰ
676 2964 766 3018 τὸν
804 2964 969 3030 Θεόν;
1003 2966 1100 3018 Ἂν
1134 2965 1550 3037 συγκαθήμενός
1579 2984 1712 3028 τισι,
1740 2985 1849 3038 μη-

248 3046 346 3100 δὲν
390 3048 519 3119 περὶ
569 3046 838 3117 βιωτικῶν
886 3048 1109 3119 διαλέγῃ
1163 3051 1530 3121 πραγμάτων,
1572 3049 1708 3121 μηδὲ
1740 3051 1850 3103 τῶν

250 3128 439 3182 ἁπλῶν
480 3131 575 3183 καὶ
619 3130 743 3202 είκῆ
792 3131 886 3184 καὶ
922 3130 1075 3184 οὐδὲν
1102 3134 1234 3202 ἡμῖν
1266 3132 1675 3203 προσηκόντων,
1710 3132 1850 3187 ἀλλὰ

251 3214 385 3284 περὶ
430 3213 747 3282 φιλοσοφίας
779 3214 1213 3286 τῆςιήμετέρας,
1259 3216 1388 3285 περὶ
1429 3215 1676 3287 γεέννης,
1719 3215 1851 3287 περὶ

250 3296 533 3369 βασιλείας
556 3298 822 3370 οὐρανῶν,
856 3298 996 3352 ἀλλὰ
1027 3300 1100 3370 μὴ
1125 3298 1195 3352 τὰ
1220 3300 1451 3369 περιττὰ
1472 3300 1566 3353 καὶ
1590 3302 1847 3370 ἀνόνητα,

245 3379 391 3436 οἷον·
422 3382 503 3447 τίς
540 3382 717 3453 ἀρχῆς
744 3382 915 3454 ἐπέϐη
938 3400 952 3448 ;
978 3384 1061 3447 τίς
1086 3383 1363 3456 παρελύθη
1392 3385 1492 3455 τῆς
1529 3387 1738 3457 ἀρχῆς;
1766 3387 1850 3440 τί-

248 3485 341 3532 νος
369 3462 460 3521 οὖν
486 3468 672 3521 ἕνεκεν
700 3469 727 3519 6
752 3467 898 3520 δεῖνα
923 3466 1224 3537 ἐζημίωται
1246 3484 1259 3532 ;
1278 3468 1441 3521 πόθεν
1464 3472 1492 3522 6
1522 3470 1668 3523 δεῖνα
1690 3471 1850 3542 ἐκέρ-

246 3551 376 3605 δανε
442 3551 538 3604 καὶ
602 3550 756 3621 [7041
813 3549 1192 3622 εὐπορώτερος
1254 3552 1481 3619 γέγονε;
1528 3554 1580 3605 τί
1627 3555 1846 3607 κατέλι-

248 3652 352 3687 πεν
383 3636 411 3688 6
440 3634 589 3688 δεῖνα
638 3634 716 3705 τῷ
763 3636 895 3688 δεῖνι
928 3635 1229 3700 τελευτῶν;
1266 3636 1385 3701 πῶς
1416 3637 1472 3689 δὲ
1503 3640 1531 3692 6
1558 3638 1705 3692 δεῖνα
1739 3641 1847 3693 ἀπ-

246 3718 461 3787 έτυχεν,
489 3719 569 3780 είς
592 3718 719 3781 τοὺς
748 3719 1000 3789 πρώτους
1030 3717 1140 3771 τῶν
1168 3719 1525 3791 κληρονόμων
1566 3723 1849 3793 ἐγγραφή-

247 3800 442 3854 σεσθαι
474 3800 886 3871 προσδοκήσας;
936 3802 1032 3855 καὶ
1082 3802 1254 3857 πολλὰ
1280 3804 1444 3874 ἕτερα
1469 3806 1711 3860 τοιαῦτα.
1750 3808 1841 3879 Μὴ

244 3885 312 3955 δὴ
357 3884 425 3937 τὰ
470 3884 693 3938 τοιαῦτα
724 3885 1128 3957 διαλεγώμεθα.
1167 3888 1300 3958 μηδέ
1341 3888 1543 3959 ἑτέρων
1569 3891 1843 3959 διαλεγόν-

245 3988 359 4023 των
398 3969 750 4039 ἀνεχώμεθαο
786 3971 923 4024 άλλά
958 3971 1252 4042 σκοπῶμεν
1296 3972 1351 4025 τί
1384 3974 1694 4040 ποιοῦντας,
1722 3975 1754 4048 ἦ
1789 3977 1842 4031 τί

246 4055 508 4122 λέγοντας
545 4053 691 4106 ἐστιν
724 4054 923 4125 ἀρέσαι
952 4055 1091 4126 Θεῷ.
1121 4056 1288 4111 Πάλιν
1333 4057 1448 4111 ἔστι
1491 4060 1714 4131 σιγῆσαι
1754 4061 1842 4116 διὰ

245 4137 341 4190 τὸν
366 4136 518 4197 Θεὸν,
548 4135 921 4208 ὑϐριζόμενος,
952 4137 1380 4211 λοιδορούμενος,
1415 4142 1587 4211 μυρία
1618 4143 1841 4214 πάσχων

246 4220 418 4281 κακὲ,
454 4219 519 4272 ἂν
554 4220 727 4291 φέρῃς
760 4222 1043 4289 γενναίως,
1076 4224 1170 4287 καὶ
1207 4223 1373 4293 μηδὲν
1408 4224 1561 4295 ῥῆμα
1594 4224 1841 4297 βλάσφη-

250 4320 353 4373 μον
384 4303 674 4375 ὲξενέγκῃς
697 4306 774 4364 εἰς
796 4304 885 4356 τὸν
904 4305 1077 4357 ταῦτα
1102 4305 1379 4361 ποιοῦντα.
1414 4308 1528 4361 Οὐκ
1557 4310 1840 4364 ἐπαινέσαι

244 4386 303 4439 δὲ
341 4387 435 4440 καὶ
466 4387 625 4457 ψέξαι
659 4388 839 4457 μόνον,
872 4389 993 4442 οὐδὲ
1039 4389 1187 4442 ἔνδον
1224 4392 1406 4460 μεῖναι
1444 4394 1540 4445 καὶ
1576 4392 1836 4458 ἐξελθεῖν,

244 4471 371 4524 οὐδὲ
404 4471 741 4541 φθέγξασθαι
775 4475 867 4527 καὶ
894 4474 1140 4544 σιγῆσαι,
1169 4474 1302 4527 ἀλλὰ
1340 4476 1434 4528 καὶ
1466 4475 1701 4531 κλαῦσαι
1744 4480 1839 4533 καὶ

242 4554 577 4626 λυπηθῆναι,
607 4556 699 4608 καὶ
741 4557 973 4627 ἡσθῆναι
1018 4559 1110 4611 καὶ
1158 4559 1529 4631 εὐφρανθῆναι
1577 4559 1725 4613 ἐστιν
1760 4565 1839 4627 είς

236 4638 401 4704 δόξαν
431 4640 764 4693 Θεοῦ.”οταν
806 4642 915 4711 γὰρ
958 4642 1073 4713 ἴδῃς
1111 4643 1143 4713 ἢ
1171 4642 1398 4711 ἀδελφὸν
1427 4646 1835 4717 ἁμαρτάνοντα,

239 4722 275 4793 ἦ
311 4723 507 4776 σαυτὸν
542 4724 948 4794 παραπτώματι
984 4725 1373 4797 περιπεσόντα,
1417 4722 1536 4780 εἶτα
1577 4722 1838 4801 στενάξῃς

236 4810 340 4861 καὶ
388 4808 656 4881 λυπηθῇς,
684 4810 981 4881 ὲκέρδανας
1028 4808 1137 4862 ἀπὸ
1176 4810 1271 4880 τῆς
1330 4810 1508 4881 λύπης
1560 4815 1836 4883 σωτηρίαν

234 4892 679 4962 ἀμεταμέλητον,
730 4893 983 4963 καθάπερ
1030 4894 1058 4945 6
1103 4892 1314 4955 Παῦλός
1359 4911 1557 4965 φησιν’
1612 4896 1675 4948 Ἡ
1723 4902 1835 4965 γὰρ

237 4975 396 5031 κατὰ
431 4975 578 5030 Θεὸν
602 4977 767 5043 λύπη
801 4976 1107 5043 σωτηρίαν
1133 4976 1585 5045 ἀμεταμέλητον
1622 4997 1833 5047 κατερ-

232 5057 599 5131 τάζεται.”Λν
640 5060 754 5131 ίδῃς
778 5060 803 5098 δ
835 5060 1227 5131 εὐδοκιμοῦντα
1256 5062 1466 5132 ἕτερον,
1498 5058 1617 5116 εἶτα
1646 5065 1719 5137 μὴ
1744 5067 1837 5137 βα-

232 5144 471 5215 ακήνῃς,
506 5142 619 5197 ἀλλ’
653 5142 728 5205 ὡς
772 5144 863 5196 ἐπὶ
910 5144 1130 5207 οἰκείοις
1173 5144 1397 5212 ἀγαθοῖς
1431 5147 1834 5221 εὐχαρίστήσῃς

223 5226 316 5303 τῷ
357 5224 496 5297 Θεῷ,
526 5226 607 5296 τῷ
632 5227 919 5298 ποιήσαντι
946 5222 1197 5298 λαμπρόν
1226 5245 1319 5280 σου
1349 5230 1442 5282 τὸν
1472 5230 1722 5301 ἀδελφὸν,
1739 5234 1833 5287 καὶ

223 5312 340 5382 τῆς
368 5312 540 5382 χαρᾶς
563 5309 770 5382 ταύτης
810 5308 977 5363 πολὺν
1003 5310 1197 5375 ἔλαϐες
1219 5312 1310 5365 τὸν
1341 5313 1556 5385 μισθόν,

293 5634 313 5657 ³
347 5633 429 5710 Sic
465 5634 576 5710 Sav:
612 5638 766 5697 magis
798 5639 1182 5710 prqptiguquau!
1216 5640 1406 5710 Mongt,
1430 5631 1675 5710 qui_'legil
1711 5648 1826 5710 βάλ-

218 5698 462 5747 λεινάιαξε
495 5703 669 5745 nutans
701 5720 711 5745 :
750 5714 766 5744 ‹
800 5698 901 5747 ίκαὶί
931 5698 1118 5764 βάλλειν
1151 5704 1296 5753 deest
1332 5698 1631 5755 in'd'uobué'
1655 5698 1768 5757 ηιὲς.
1803 5726 1821 5757 ο

229 5801 251 5811 ”
289 5819 320 5858 b
347 5819 477 5892 ᾼιιιο
496 5822 599 5892 ἴδῃς
625 5822 793 5873 Morel.
816 5824 964 5881 habet
987 5827 1154 5882 οὕτως.
1172 5827 1280 5878 Mox
1302 5827 1501 5892 quidam
1526 5770 1730 5891 [ηεξ.ῡᾶ
1751 5834 1825 5882 ἐπὶ

214 5885 405 5938 κοινοῖς
430 5885 633 5946 ἀγαθοῖς.

1654 424 1725 483 IN
1758 420 2146 483 KALENDA'S.

2045 529 2176 584 ε’.Τί
2204 529 2399 599 γένοιτ’
2423 530 2489 585 ἂν
2512 526 2626 594 οῦν,
2657 530 2778 586 είπέ
2808 548 2920 604 μοι,
2943 530 3053 586 τῶν
3078 528 3367 603 βασκάνων
3396 528 3569 584 ἐλεει-

1966 614 2201 684 νότερον,
2220 613 2350 667 ὅταν
2377 614 2496 680 ἐξὸν
2528 616 2622 679 καὶ
2653 616 2861 687 χαίρειν
2893 615 2990 669 καὶ
3022 612 3327 685 κερδαίνειν
3354 611 3444 665 διὰ
3465 614 3566 683 τὴν

1964 698 2164 771 χαρὰν,
2196 698 2353 752 αὐτοὶ
2377 699 2471 753 καὶ
2500 699 2790 754 λυπεῖσθαι
2809 700 3074 770 αίρῶνται
3104 698 3306 771 μᾶλλον
3328 698 3423 752 ἐπὶ
3443 700 3566 762 ταῖς

1962 782 2072 835 τῶν
2104 782 2307 856 ἐτέρων
2347 783 2760 856 εὐδοκιμήσεσι,
2787 784 2884 839 καὶ
2936 782 3075 855 μετὰ
3118 784 3220 854 τῆς
3262 783 3441 854 λύπης
3482 782 3564 837 ἔτι

1963 865 2056 918 καὶ
2107 865 2330 919 κόλασιν
2381 867 2719 921 ἐπισπᾶσθαι
2764 866 2921 939 παρὰ
2953 865 3046 920 τοῦ
3078 865 3239 933 Θεοῦ,
3266 866 3363 921 καὶ
3390 883 3565 937 τιμω-

1964 948 2089 1021 ρίαν
2118 949 2424 1023 ἀφόρητον;
2459 951 2571 1005 Καὶ
2598 951 2652 1006 τί
2679 949 2787 1023 χρὴ
2814 948 2995 1020 λέγειν
3028 950 3304 1017 ἐπαίνους,
3336 949 3431 1004 καὶ
3464 948 3563 1019 ψό-

1962 1047 2117 1100 γους,
2151 1033 2248 1087 καὶ
2292 1033 2493 1099 λύπας,
2524 1034 2621 1089 καὶ
2665 1033 2859 1107 χαρὰς,
2887 1035 3022 1089 ὅπου
3065 1034 3271 1105 γε-καὶ
3320 1032 3429 1087 ἀπὸ
3453 1033 3564 1087 τῶν

1966 1117 2310 1187 μικροτάτων
2334 1118 2514 1172 αὐτῶν
2554 1118 2650 1173 καὶ
2690 1117 3090 1173 εὐτελεστάτων
3126 1116 3469 1191 πραγμάτων
3493 1116 3565 1171 τὰ

1965 1199 2178 1270 μέγιστ’
2217 1200 2335 1253 ἐστι
2385 1200 2808 1274 καρπώσασθαι,
2854 1201 2922 1256 ἂν
2960 1200 3049 1255 διὰ
3103 1199 3196 1257 τὸν
3242 1200 3376 1254 Θεὸν
3421 1198 3563 1254 αὐτὰ

1962 1285 2248 1357 ποιῶμεν;
2283 1286 2350 1339 Τί
2378 1286 2488 1358 γάρ
2515 1285 2613 1339 τοῦ
2644 1285 2937 1359 κείρασθαι
2965 1284 3383 1357 εὐτελεττερον;
3420 1283 3571 1356 Ἀλλ’⁸

1914 1384 1917 1387 ·
1961 1367 2079 1422 ἐστι
2127 1370 2223 1423 καὶ
2266 1368 2429 1424 τοῦτο
2461 1370 2690 1440 ποιῆσαι
2717 1369 2807 1424 διὰ
2838 1370 2931 1424 τὸν
2971 1369 3308 1425 Θεόν.”οταν
3341 1369 3452 1441 γὰρ
3482 1369 3560 1441 μὴ

1958 1454 2061 1524 τὴν
2102 1454 2279 1525 κόμην
2307 1454 2517 1527 διαθῇς,
2551 1454 2686 1526 μηδὲ
2719 1454 3073 1528 καλλωπίσῃς
3100 1454 3199 1531 τὴν
3238 1454 3384 1524 ὸψιν,
3421 1453 3559 1525 μηδὲ

1960 1536 2100 1609 πρὸς
2126 1537 2321 1610 δέλεαρ
2352 1539 2445 1592 καὶ
2484 1532 2703 1610 ἀπάτην
2739 1537 2849 1593 τῶν
2880 1538 3135 1611 ὁρώντων
3167 1538 3362 1591 σαυτὸν
3389 1555 3560 1591 κατα-

1959 1621 2280 1693 κοσμήσῃς,
2315 1622 2429 1676 ἀλλ’
2462 1620 2649 1685 ἀπλῶς
2696 1621 2791 1675 καὶ
2832 1620 2909 1685 ὼς
2961 1621 3121 1692 ἔτυχε
3194 1622 3290 1677 καὶ
3341 1622 3466 1675 ὅσον
3523 1623 3558 1693 ἠ

1957 1705 2120 1776 χρεία
2168 1707 2394 1760 ἀπαιτεῖ
2436 1706 2620 1777 μόνον,
2654 1705 2743 1759 διὰ
2774 1704 2865 1759 τὸν
2897 1705 3031 1760 Θεὸν
3070 1705 3231 1758 τοῦτο
3269 1704 3557 1776 ἐποίησας,

1958 1786 2053 1840 καὶ
2080 1787 2301 1854 πάντως
2334 1789 2477 1853 ἕξεις
2517 1788 2610 1842 τὸν
2647 1788 2861 1861 μισθὸν,
2896 1788 2979 1841 ὅτι
3026 1788 3325 1858 ἐπιθυμίαν
3367 1788 3561 1842 ἐκόλα-

1958 1886 2057 1934 σας
2103 1872 2367 1942 πονηρὰν,
2410 1873 2505 1926 καὶ
2548 1870 2861 1943 φιλοτιμίαν
2907 1871 3136 1943 ἄκαιρον
3170 1872 3456 1941 ἐνέκοψας.
3494 1872 3559 1925 Εί

1955 1953 2063 2025 γὰρ
2106 1956 2135 2008 6
2182 1954 2441 2026 ποτήριον
2494 1954 2654 2025 μόνον
2698 1953 2909 2026 ψυχροῦ
2953 1957 3078 2019 δοὺς
3130 1954 3221 2009 διὰ
3266 1956 3360 2009 τὸν
3399 1954 3554 2018 Θεὸν,

1958 2037 2238 2107 βασιλείαν
2286 2039 2537 2111 οὐρανῶν
2585 2040 3011 2113 κληρονομήσει,
3068 2041 3097 2093 6
3148 2038 3325 2093 πάντα
3383 2039 3559 2093 ποιῶν

1953 2120 2041 2175 διὰ
2068 2122 2158 2175 τὸν
2187 2121 2320 2176 Θεὸν
2341 2124 2595 2194 ἐννόησον
2628 2124 2804 2195 πόσης
2837 2121 3209 2191 ἀπολαύσεται
3253 2123 3355 2194 τῆς
3394 2125 3557 2193 ἀμοι-

1954 2205 2243 2276 6ἧς.Ἔστι
2293 2207 2389 2260 καὶ
2440 2206 2676 2277 βαδίζειν
2718 2206 2805 2261 διά
2857 2205 2947 2259 τὸν
3001 2206 3154 2271 Θεὸν,
3193 2207 3289 2261 καὶ
3335 2206 3555 2277 βλέπειν

1951 2291 2039 2345 διὰ
2080 2292 2172 2344 τὸν
2218 2290 2372 2346 Θεόν.
2401 2291 2527 2357 ῐΙῶς
2578 2291 2694 2346 ἐστι
2747 2290 2968 2362 βλέπειν
3010 2290 3100 2344 διὰ
3148 2291 3243 2345 τὸν
3269 2291 3428 2357 Θεὸν,
3458 2292 3554 2345 καὶ

1955 2373 2442 2444 βαδίζειν;.”οταν
2495 2374 2571 2447 μὴ
2623 2374 2762 2444 πρὸς
2816 2373 3086 2447 πονηρίαν
3143 2374 3367 2446 τρέχῃς,
3422 2374 3555 2428 ὅταν

1960 2457 2035 2529 μὴ
2092 2457 2434 2531 περιεργάζῃ
2488 2459 2557 2512 τὰ
2617 2458 2874 2526 ἀλλότρια
2948 2457 3119 2530 κάλλη
3154 2497 3169 2520 ,
3233 2458 3362 2510 ὅταν
3426 2456 3554 2512 ίδὼν

1951 2542 2180 2609 γυναῖκα
2217 2542 2566 2607 άπαντῶσαν,
2592 2540 2900 2613 χαλινώσῃς
2936 2540 3029 2594 τὸν
3057 2538 3359 2611 ὀφθαλμὸν,
3383 2539 3554 2609 τειχί-

1953 2640 2053 2693 σῃς
2076 2623 2173 2695 τὴν
2198 2623 2320 2693 ὄψιν
2344 2624 2421 2695 τῷ
2445 2623 2539 2677 τοῦ
2582 2623 2718 2678 Θεοῦ
2762 2624 2935 2695 φόϐῳ,
2967 2623 3059 2678 διὰ
3094 2622 3186 2677 τὸν
3229 2623 3364 2677 Θεὸν
3400 2623 3550 2677 τοῦτ’

1950 2707 2217 2778 ἐποίησας
2237 2726 2250 2738 ·
2279 2704 2409 2761 ὅταν
2433 2707 2501 2760 τὰ
2537 2706 2613 2779 μὴ
2666 2706 2960 2775 πολυτελῆ,
2992 2708 3087 2761 καὶ
3125 2706 3553 2779 μαλακωτέρους

1950 2792 2100 2862 ἡμᾶς
2144 2791 2439 2857 ποιοῦντα,
2494 2792 2631 2845 ἀλλὰ
2666 2792 2736 2844 τὰ
2779 2792 3059 2862 δυνάμενα
3102 2792 3250 2862 ἡμᾶς
3301 2790 3549 2856 σκέπειν,

1949 2875 2122 2929 ταῦτα
2161 2875 2621 2948 περιϐαλλιὶψεθα
2659 2874 2839 2946 μόνον.
2882 2877 3039 2928 Ἐστι
3068 2876 3161 2929 καὶ
3194 2874 3390 2946 μέχρις
3417 2875 3551 2932 ὐπο-

1962 2958 2222 3029 δημάτων
2239 2959 2426 3012 τοῦτον
2458 2960 2746 3028 ἐξαγαγεῖν
2762 2959 2851 3013 τὸν
2877 2959 3061 3030 νόμον.
3094 2960 3205 3012 Καὶ
3225 2960 3336 3031 γὰρ
3358 2958 3548 3012 πολλοὶ

1950 3046 2086 3117 πρὸς
2116 3046 2276 3100 τοῦτο
2308 3046 2568 3116 βλακείας
2598 3046 2694 3100 καὶ
2723 3047 2962 3110 ἀσωτίας
2997 3044 3312 3113 ὲξώλισθον,
3345 3046 3421 3109 ὼς
3452 3046 3548 3099 καὶ

1948 3131 2016 3182 τὰ
2041 3129 2364 3201 ὑποδήματα
2395 3129 2779 3195 καλλωπίζειν,
2831 3130 2925 3183 καὶ
2951 3130 3217 3184 πάντοθεν
3260 3128 3400 3182 αὐτά
3424 3147 3548 3182 ποι-

1950 3211 2174 3274 κίλλειν,
2211 3213 2308 3283 οὐχ
2341 3206 2506 3285 ἦττον
2548 3212 2580 3283 ἢ
2615 3214 2714 3277 τὰς
2746 3214 2898 3283 ὄψεις
2932 3213 3112 3286 ἕτεροι
3136 3230 3151 3243 ·
3188 3213 3326 3283 ὅπερ
3362 3211 3545 3283 ψυχῆς

1948 3298 2097 3349 ἐστιν
2119 3296 2434 3369 ἀκαθάρτου
2457 3298 2554 3350 καὶ
2581 3296 3008 3370 διεφθαρμένης.
3045 3298 3108 3351 El
3131 3298 3239 3369 γὰρ
3269 3298 3364 3351 καὶ
3411 3299 3546 3351 αὐτὸ

1951 3379 2147 3450 μικρὸν
2176 3376 2314 3433 εἶναι
2351 3381 2534 3445 δοκεῖ,
2584 3381 2723 3435 ἀλλὰ
2760 3380 3005 3452 μεγάλης
3039 3380 3298 3446 ἐξωλείας
3342 3380 3544 3451 δεῖγμα
3628 3428 3639 3439 ,

1946 3464 2041 3516 καὶ
2060 3463 2282 3534 ἔλεγχος
2301 3464 2368 3517 ἂν
2393 3464 2478 3535 είη
2496 3462 2676 3530 τοῦτο,
2697 3466 2790 3518 καὶ
2812 3466 2901 3518 ἐπ’
2925 3464 3246 3532 ἀνδρῶνκαὶ
3272 3462 3364 3517 ἐπὶ
3387 3464 3541 3536 [705]

1946 3547 2239 3615 γυναικῶν.
2282 3546 2497 3611 Ἔξεστι
2521 3547 2701 3601 τοίνυν
2728 3548 2824 3601 καὶ
2848 3548 3160 3619 ὑποδήμασι
3195 3548 3431 3620 χρῆσθαι
3452 3548 3544 3602 διά

1946 3631 2037 3683 τὸν
2063 3628 2215 3694 Θεὸν,
2242 3631 2370 3683 ὅταν
2400 3632 2676 3701 πανταχοῦ
2706 3632 3024 3703 τὴνχρείαν
3053 3633 3423 3704 ἐπιζητῶμεν,
3445 3634 3543 3686 καὶ

1945 3712 2104 3767 τοῦτο
2144 3714 2344 3783 μέτρον
2369 3714 2470 3783 τῆς
2500 3714 2857 3780 ἀπολαύσεως
2887 3715 3190 3787 ποιώμεθα.
3214 3718 3323 3769 Καὶ
3342 3719 3424 3771 ὅτι
3447 3717 3543 3772 καὶ

1945 3798 2034 3851 διὰ
2079 3798 2340 3869 βαδίσεως
2371 3800 2463 3851 καὶ
2486 3798 2575 3853 διὰ
2616 3800 2809 3871 στολῆς
2850 3800 2941 3853 έστ
2994 3800 3087 3854 τὸν
3113 3800 3246 3854 Θεὸν
3291 3800 3537 3865 δοξάσαι,

1946 3882 2180 3936 ἄκουσον
2201 3882 2254 3934 τί
2287 3900 2420 3952 φησι
2446 3883 2609 3953 σοφός
2640 3900 2725 3948 τις
2747 3884 2849 3954 άνή
2860 3901 2910 3955 ρ·
2929 3884 3268 3955 Στονίισμός
3294 3886 3537 3954 ἀνδρὸς,
3634 3942 3639 3943 ,

1946 3965 2045 4019 καί
2080 3964 2272 4035 γέλως
2304 3966 2590 4031 ὀδόντων,
2622 3967 2720 4021 καί
2756 3966 2931 4037 ,ϐῆμα
2956 3968 3145 4035 ποδὸς
3176 3970 3538 4039 ἀναγγέλλει

1944 4050 2017 4103 τὰ
2062 4051 2195 4118 περὶ
2257 4051 2467 4105 αὐτοῦ.
2515 4052 2686 4106 Ὅταν
2750 4053 2858 4124 γὰρ
2910 4054 3343 4124 κατεσταλμένοι
3401 4054 3538 4127 [καὶ

1946 4132 2183 4205 σεμνοῌ,
2210 4136 2303 4188 καὶ
2333 4135 2664 4206 σεμνότητος
2704 4138 2988 4209 γέμοντες,
3024 4139 3119 4193 καὶ
3150 4138 3350 4210 πολλὴν
3400 4157 3536 4192 παν-

1942 4218 2172 4289 ταχόθεν
2196 4219 2634 4291 ἐπιδεικνύμενοι
2666 4222 2764 4292 τὴν
2791 4223 3147 4294 σωφροσύνην
3177 4223 3497 4295 φαινώμεθα
3517 4242 3533 4259 ο

1942 4303 2039 4355 καὶ
2080 4302 2188 4356 ἀπὸ
2225 4302 2390 4374 ψιλῆς
2438 4304 2538 4374 τῆς
2583 4305 2873 4376 συντυχίας
2910 4308 3004 4360 καὶ
3036 4310 3064 4361 6
3088 4307 3349 4371 ἄπιστος,
3382 4308 3476 4362 καὶ
3507 4313 3537 4363 6

1943 4386 2262 4450 ἀκόλαστος,
2292 4388 2386 4441 καὶ
2418 4389 2445 4439 6
2473 4387 2788 4461 θορυϐώδης
2815 4390 2909 4443 τὸν
2940 4390 3184 4444 τοιοῦτον
3236 4391 3360 4446 ίδὼν
3407 4393 3537 4446 θαυ-

1946 4471 2085 4539 μάσε
2095 4489 2198 4532 ται,
2228 4470 2331 4524 κᾶν
2347 4471 2601 4524 ἁπάντων
2625 4473 2980 4545 ἀναισθητότε
2992 4470 3150 4547 ρος
3166 4475 3285 4529 Κᾶν
3302 4481 3537 4544 γυναῖκα

1942 4554 2228 4624 ἀγώμεθα,
2265 4554 2353 4608 διὰ
2385 4555 2476 4607 τὸν
2512 4554 2646 4608 Θεὸν
2674 4556 2831 4609 τοῦτο
2879 4557 3144 4627 ποιῶμεν,
3178 4558 3264 4610 ῖνα
3316 4577 3532 4629 σωφρο-

1942 4638 2140 4708 νῶμεν,
2172 4639 2271 4708 οὐχ
2302 4639 2387 4690 ἵνα
2412 4638 2512 4707 τὴν
2529 4638 2716 4691 οὐσίαν
2736 4642 3122 4712 εὐπορωτέραν
3143 4640 3531 4713 ἐργαζώμεθα,

1942 4720 2029 4773 ἵνα
2063 4720 2242 4791 ψυχῆς
2276 4721 2558 4788 εὐγένειαν
2588 4722 2967 4795 ἐπιζητῶμεν,
2995 4724 3069 4795 μὴ
3099 4727 3398 4795 χρημάτων
3430 4744 3531 4779 πε-

1942 4806 2210 4876 ριουσίαν,
2266 4806 2405 4874 μηδὲ
2428 4807 2711 4877 προγόνων
2737 4810 3118 4879 περιφάνειαν,
3148 4810 3283 4863 ἀλλὰ
3312 4812 3530 4882 τρόπων

1938 4889 2138 4960 ἀρετὴν
2164 4889 2257 4941 καὶ
2286 4889 2618 4943 ἐπιείκειαν·
2656 4893 3000 4964 συνέμπορον
3038 4894 3131 4946 τοῦ
3164 4893 3280 4963 βίου
3319 4896 3531 4966 λαμϐάο

1937 4990 2140 5041 νωμεν,
2172 4973 2294 5041 οὐχὶ
2329 4974 2635 5045 καπηλείας
2676 4978 2955 5029 κοινωνόν.
2988 4978 3095 5030 Καὶ
3123 4978 3177 5031 τί
3222 4978 3305 5032 δεῖ
3351 4982 3531 5036 πάντα

1938 5056 2304 5124 καταλέγειν;
2350 5057 2567 5121 Ἔξεστι
2602 5058 2712 5131 γὰρ
2764 5059 2952 5114 λοιπὸν
3008 5063 3140 5132 ἡμῖν
3193 5064 3257 5116 ἐκ
3312 5066 3419 5118 τῶν
3452 5069 3529 5119 εί-

1941 5157 2007 5212 ρη
2017 5140 2192 5211 μένων
2218 5139 2451 5194 ἕκαστον
2477 5143 2751 5212 ὲφοδεύειν
2780 5145 2891 5198 τῶν
2917 5147 3219 5217 γινομένων
3242 5151 3337 5204 καὶ
3360 5167 3529 5222 πρατο

1935 5223 2201 5293 τομένων,
2228 5224 2320 5276 καὶ
2339 5224 2515 5279 πάντα
2548 5226 2636 5281 διὰ
2658 5226 2749 5281 τὸν
2774 5229 2907 5289 Θεὸν
2923 5234 3117 5286 ποιεῖν.
3141 5234 3252 5285 Καὶ
3277 5234 3528 5307 καθάπερ

1936 5309 1987 5361 οί
2017 5306 2250 5378 ἔμποροι
2278 5309 2667 5379 περιπλέοντες
2702 5312 2764 5365 τὸ
2795 5314 3052 5382 πέλαγος,
3100 5319 3195 5372 καὶ
3222 5318 3302 5381 είς
3343 5306 3527 5385 πόλεις

1932 5390 2275 5479 ὁρμίζοντες,
2323 5394 2382 5479 οὐ
2414 5395 2683 5479 πρότερον
2733 5398 3088 5453 ἀποϐαίνουσι
3138 5401 3232 5455 τοῦ
3282 5402 3522 5479 λιμένος,

1932 5474 2055 5528 οὐδὲ
2086 5477 2165 5537 είς
2192 5476 2291 5548 τὴν
2318 5478 2526 5549 ἀγορὰν
2548 5480 2953 5548 ἀναϐαίνουσιν,
2985 5484 3092 5547 ἓως
3118 5484 3185 5538 ἂν
3221 5474 3523 5555 πύθωνται,

1931 5558 2014 5611 ὄτι
2046 5558 2235 5628 κέρδος
2257 5560 2371 5630 ἔχει
2399 5580 2451 5615 τι
2480 5564 2589 5617 τῶν
2616 5567 2733 5619 ἐκεῖ
2758 5569 3195 5639 ἀποτεθειμένων
3219 5588 3233 5600 ⁸
3260 5570 3401 5624 οὕτω
3429 5574 3525 5627 καὶ

1934 5644 2000 5731 σύ
2024 5643 2358 5731 μηδεν-μήτε
2387 5648 2622 5721 πράξῃς,
2642 5653 2765 5720 μήτ’
2793 5653 2974 5724 εἴπῃς,
3006 5654 3073 5708 ἂν
3100 5654 3174 5726 μὴ
3205 5656 3393 5729 κέρδος
3423 5658 3522 5731 ἔχῃ

1931 5724 1993 5778 τό
2017 5726 2157 5780 κατὰ
2183 5727 2339 5781 Θεόν.
2361 5731 2470 5784 Καὶ
2496 5734 2568 5803 μή
2599 5751 2689 5802 μοι
2718 5735 2841 5803 λέγε
2869 5738 2951 5790 ὅτι
2982 5738 3042 5789 οὐ
3076 5724 3299 5793 δυνατὸν
3320 5740 3409 5793 διὰ
3435 5724 3525 5794 τὸν

1932 5808 2065 5862 Θεὸν
2110 5811 2291 5867 πάντα
2321 5819 2513 5870 ποιεῖν.
2543 5817 2712 5872 Ὅταν
2738 5821 2847 5893 γάρ
2880 5823 3154 5887 ὑπόδεσις,
3190 5824 3281 5877 καὶ
3314 5826 3484 5895 κουρὲ
3505 5866 3520 5890 ,

1938 5893 2034 5947 καὶ
2056 5896 2287 5965 ἱματίων
2314 5900 2492 5974 στολὴ,
2520 5903 2612 5957 καὶ
2630 5894 2858 5975 βάδισις,
2888 5909 2981 5963 καὶ
2999 5908 3141 5981 ὄψις,
3169 5912 3260 5965 καὶ
3277 5893 3519 5983 ῥήματα,
