4142 6332
708 356 807 413 961

709 470 803 518 καὶ
842 465 1114 536 συνέδρια,
1153 465 1246 518 καὶ
1276 465 1470 518 εἴσοδοι
1507 467 1601 519 καὶ
1629 465 1815 531 ἔξοδοι,
1851 467 1944 518 καὶ
1976 465 2288 536 σκώμματα

709 549 802 602 καὶ
834 549 1065 609 ἔπαινοι,
1094 548 1187 601 καὶ
1223 547 1380 616 ψόγοι
1413 549 1506 600 καὶ
1537 548 1809 618 ἐγκώμια,
1844 549 1937 600 καὶ
1982 549 2153 615 φιλίαι
2195 551 2288 601 καὶ

707 631 896 701 ἔχθραι
921 631 1184 684 δύνωνται
1213 631 1299 682 διὰ
1324 630 1412 681 τὸν
1443 629 1574 682 Θεὸν
1598 630 1863 698 γίνεσθαι,
1886 631 1938 682 τί
1960 631 2072 684 ἔστι
2101 630 2289 685 λοιπὸν

707 714 736 766 6
762 713 835 784 μὴ
855 714 1079 767 δυνατὸν
1108 713 1360 781 γενέσθαι
1385 713 1472 765 διὰ
1511 714 1600 765 τὸν
1632 714 1784 775 Θεὸν,
1815 714 1879 767 ἂν
1916 713 2187 784 θέλωμενς
2223 714 2288 766 Τί

707 797 1118 866 δεσμοφύλακος
1146 801 1351 868 χεῖρονς
1389 799 1449 850 οὐ
1484 799 1700 852 πάντων
1732 799 1842 868 βίος
1870 800 1898 851 6
1925 797 2290 869 πονηρότατος

709 876 851 933 εἶναι
889 881 1062 942 δοκεῖ;
1131 881 1269 934 Ἀλλ’
1309 881 1486 947 ἔξεστι
1535 882 1612 952 τῷ
1668 880 1976 951 βουλομένῳ
2036 881 2290 933 κάκεῖθεν

710 964 991 1034 κερδᾶναι,
1022 965 1151 1017 ὅταν
1177 964 1283 1017 τῶν
1311 964 1610 1034 δεδεμένων
1641 966 1890 1035 φείδηται
1915 1004 1930 1029 ,
1985 965 2112 1016 ὅταν
2164 964 2291 1026 τοὺς

709 1047 914 1109 ἀδίκως
946 1046 1392 1117 ἐμϐεϐλημένους
1421 1047 1720 1120 θεραπεύῃ,
1752 1049 1880 1100 ὅταν
1918 1047 1993 1117 μὴ
2025 1062 2291 1117 πραγμα-

709 1130 934 1200 τεύηται
961 1131 1054 1182 ἀπ’
1081 1129 1369 1201 ἀλλοτρίας
1399 1133 1684 1201 συμφορᾶς
1711 1142 1759 1194 ο,
1786 1130 1914 1182 ὅταν
1950 1129 2128 1191 κοινὸς
2159 1143 2293 1199 προ·

709 1204 904 1284 κέηται
948 1213 1113 1283 λιμὴν
1142 1215 1257 1275 τοῖς
1290 1212 1563 1283 δεομένοις
1600 1213 1790 1266 ἅπασι.
1819 1212 2008 1276 υῦτως
2046 1215 2074 1265 6
2099 1211 2294 1280 δεσμο-

711 1298 886 1366 φύλαξ
915 1299 1122 1358 ἐκεῖνος
1162 1295 1340 1365 ἐσώθη
1374 1298 1401 1349 6
1441 1295 1535 1348 ἐπὶ
1583 1296 1795 1350 Παύλου
1817 1313 1828 1324 ·
1862 1295 1984 1349 ὅθεν
2008 1295 2182 1364 -δῆλον
2209 1295 2292 1347 ὃτι

712 1380 998 1445 πάντοθεν,
1022 1380 1087 1432 ἂν
1117 1379 1380 1449 θέλωμεν,
1417 1380 1692 1449 δυνάμεθα
1723 1377 2225 1451 πραγματεύεσθαι.

784 1464 939 1527 ς’.Τί
972 1463 1132 1532 φόνου
1165 1461 1568 1533 χαλεπώτερον,
1591 1463 1712 1516 εἰπέ
1737 1479 1860 1532 μοι;
1895 1461 2032 1514 Ἀλλ’
2052 1459 2290 1530 ἠδυνήθη

711 1547 843 1598 ποτὲ
867 1543 1213 1614 δικαιοσύνην
1243 1547 1423 1598 τεκεῖν
1449 1546 1525 1616 τῷ
1553 1549 1836 1614 ποιήσαντι
1853 1544 2010 1598 τοῦτο
2025 1544 2082 1596 τὸ
2099 1543 2296 1613 τόλμη-

717 1648 823 1700 μαο
859 1629 1110 1682 τοσοῦτόν
1139 1629 1257 1681 ἐστι
1282 1629 1342 1681 τὺ
1373 1627 1463 1682 διά
1491 1629 1582 1681 τὸν
1603 1628 1734 1681 Θεόν
1757 1647 1808 1682 τι
1833 1628 2152 1681 ποιεῖνυΚαὶ
2176 1626 2293 1690 πῶς

711 1712 948 1782 ἠδυνήθη
985 1710 1333 1781 δικαιοσύνην
1368 1711 1704 1782 ἐργάσασθαι
1741 1712 1929 1779 φόνος;
1978 1713 2040 1764 Οἰ
2083 1710 2294 1780 Μαδιη-

712 1798 852 1848 ναῖοι
894 1795 1022 1848 ποτέ
1055 1794 1365 1864 βουλόμενοι
1418 1795 1508 1847 τὸν
1561 1795 1694 1848 Θεὸν
1747 1794 2129 1865 ἐκπολεμῶσαι
2180 1796 2292 1856 τοῖς

724 1877 1024 1940 Ἰουδαίοις.
1053 1879 1145 1930 καὶ
1171 1877 1342 1948 ταύτῃ
1385 1878 1790 1949 προσδοκῶντες
1824 1878 2004 1932 αὐτῶν
2044 1877 2295 1947 περιέσεο

717 1960 864 2024 σθαι,
886 1963 934 2012 εἰ
950 1960 1049 2030 τῆς
1067 1961 1276 2023 εὐνοίας
1303 1961 1499 2023 αὐτοὺς
1527 1962 1962 2033 ἀποστερήσαιεν
1977 1960 2070 2014 τοῦ
2097 1960 2297 2013 Δεσπό-

712 2061 830 2106 του,
868 2044 1033 2113 κόρας
1080 2042 1557 2108 καλλωπίσαντες,
1626 2045 1720 2096 καὶ
1774 2043 1866 2097 τοῦ
1927 2043 2294 2116 στρατοπέδου

624 2173 672 2207 Α
716 2128 1123 2197 προστήσαντες
1146 2168 1158 2190 ,
1207 2126 1494 2181 ἐδελέασαν
1532 2128 1754 2197 αὐτοὺς,
1803 2126 1898 2180 καὶ
1927 2128 2006 2191 εἰς
2035 2126 2294 2195 πορνείαν

716 2212 944 2280 ἡγαγον,
977 2206 1094 2262 εἶτα
1113 2210 1320 2263 ἐκεῖθεν
1347 2213 1426 2272 εἰς
1447 2209 1723 2264 ἀσέϐειαν.
1746 2209 1919 2263 Τοῦτο
1947 2209 2068 2263 ἰδὼν
2090 2210 2293 2275 Φινεὲς,

720 2292 1240 2364 μεταχειρισάμενος
1267 2294 1436 2361 ξίφος,
1476 2293 1571 2346 καὶ
1606 2293 1969 2364 πορνεύοντας
2001 2293 2094 2346 δύο
2134 2311 2299 2348 κατα-

716 2377 916 2439 λαϐὼν,
949 2380 1006 2429 ἐν
1031 2380 1166 2448 αὐτῇ
1191 2380 1254 2448 τῇ
1289 2378 1534 2448 ἁμαρτίᾳ
1581 2377 1924 2449 ἀμφοτέρους
1953 2377 2293 2448 ἐξεκέντησε,

718 2465 810 2516 καὶ
837 2462 1030 2531 ἔστησε
1056 2460 1150 2513 τοῦ
1182 2460 1316 2513 Θεοῦ
1339 2460 1437 2531 τὴν
1458 2461 1628 2530 ὀργὴν
1659 2461 1766 2514 ἀπὸ
1789 2461 1889 2530 τῆς
1908 2461 2151 2531 γνώμης.
2185 2462 2298 2516 Καὶ

718 2546 780 2598 τὸ
806 2545 905 2614 μὲν
925 2544 1218 2613 γενόμενον
1237 2542 1387 2614 [706]
1413 2544 1572 2612 φόνος
1594 2539 1685 2614 ἦν,
1705 2544 1765 2596 τὸ
1787 2546 1842 2597 δὲ
1865 2545 2298 2615 κατορθούμενον

719 2627 779 2692 ἐξ
808 2627 1015 2680 ἐκείνου
1048 2628 1288 2698 σωτηρία
1311 2626 1420 2678 τῶν
1451 2627 1843 2698 ἀπολλυμένων
1874 2628 2149 2694 ἁπάντων,
2176 2629 2298 2682 ὅθεν

721 2710 815 2763 καὶ
837 2709 1184 2779 δικαιοσύνην
1212 2712 1409 2780 ἤνεγκε
1445 2710 1521 2781 τῷ
1555 2713 1865 2780 ποιήσαντι.
1896 2712 2007 2764 Καὶ
2043 2714 2104 2766 οὐ
2137 2714 2297 2783 μόνον

719 2794 820 2845 οὐκ
841 2793 1034 2862 ἐμίανε
1060 2793 1157 2855 τὰς
1188 2795 1398 2863 χεῖρας,
1427 2793 1561 2846 ἀλλά
1588 2795 1682 2846 καὶ
1699 2794 2090 2866 καθαρωτέρας
2113 2795 2298 2866 εἰργάο

723 2893 854 2930 σατο
878 2878 906 2929 6
941 2877 1099 2946 φόνος
1130 2878 1357 2942 ἐκεῖνος,
1386 2878 1478 2930 καί⁵
1509 2877 1653 2947 μάλα
1669 2878 1923 2941 εἰκότως·
1955 2880 2016 2932 οὐ
2046 2879 2154 2950 γὰρ
2173 2881 2300 2944 τοὺς

722 2960 1107 3030 ἀναιρεθέντας
1131 2960 1159 2998 ι)
1188 2960 1380 3030 μισῶν,
1425 2959 1560 3013 ἀλλὰ
1592 2959 1701 3013 τῶν
1732 2959 1934 3014 λοιπῶν
1986 2962 2300 3032 φειδόμενος

721 3042 869 3096 τοῦτ’
907 3043 1227 3113 εἰργάσατο·
1253 3043 1540 3096 ἀπέκτεινε
1563 3043 1675 3105 δύο,
1704 3045 1798 3097 καὶ
1831 3044 2000 3096 ἔσωσε
2034 3045 2302 3116 μυριάδας

722 3126 1005 3196 ἀπείρους.
1032 3126 1298 3197 Καθάπερ
1321 3126 1428 3198 γὰρ
1454 3129 1627 3197 ἰατροὶ
1655 3127 1867 3181 ποιοῦσι
1909 3127 1977 3182 τὰ
2025 3131 2303 3199 σεσηπότα

721 3210 832 3261 τῶν
861 3209 1038 3280 μελῶν
1071 3210 1453 3279 ἐκτέμνοντες,
1491 3210 1683 3280 ὀλόκλη
1694 3227 1783 3284 ρον
1807 3210 2034 3276 σώζουσι
2061 3211 2121 3265 τὸ
2145 3213 2304 3282 σῶμα

725 3291 841 3363 [καὶ
876 3291 1075 3363 ὑγιές]·
1104 3293 1245 3345 οὕτω
1283 3294 1535 3356 κάκεῖνος
1562 3294 1804 3363 ἐποίησε.
1833 3294 1932 3346 Διά
1958 3293 2116 3346 τοῦτό
2139 3313 2304 3367 φησιν

723 3379 752 3427 6
798 3375 1119 3445 ψαλμῳδός·
1158 3377 1349 3442 Ἔστη
1390 3376 1598 3442 Φινεὲς
1650 3377 1749 3430 καὶ
1807 3376 2155 3441 ἐξιλάσατο,
2204 3380 2304 3433 καὶ

723 3458 1033 3511 ἐκόπασεν
1061 3460 1098 3525 ὴ
1128 3458 1399 3525 θραῦσις,
1451 3459 1550 3512 καί
1588 3460 1875 3528 ἐλογίσθη
1919 3459 2080 3525 αὐτῷ
2103 3463 2190 3527 εἰς
2214 3461 2305 3515 δι-

727 3542 1064 3608 καιοσύνην
1090 3543 1177 3604 εὶς
1198 3541 1408 3610 γενεὰν
1425 3542 1523 3594 καί
1550 3542 1782 3611 γενεὰν,
1800 3542 1912 3608 ἕως
1933 3542 2039 3595 τοῦ
2068 3544 2304 3611 αἰῶνος.

739 3623 1031 3686 Ἀθάνατος
1061 3623 1192 3692 γοῦν
1223 3625 1254 3694 ἡ
1291 3627 1477 3695 μνήμη
1511 3625 1605 3678 τοῦ
1654 3623 2084 3698 κατορθώματος
2133 3627 2304 3698 μένει.

727 3707 899 3760 Πάλιν
939 3708 1125 3778 ἕτερος
1171 3706 1406 3776 ηὔξατο,
1459 3709 1553 3761 καὶ
1600 3709 1975 3779 προσέκρουσε
2023 3710 2102 3783 τῷ
2145 3711 2263 3782 Θεῷ
2294 3730 2308 3745 ο

727 3789 979 3842 τοσοῦτόν
1004 3793 1118 3843 ἐστι
1162 3791 1220 3842 τὸ
1257 3790 1329 3860 μὴ
1362 3793 1534 3844 ποιεῖν
1565 3809 1615 3844 τι
1639 3791 1726 3846 διὰ
1752 3793 1840 3847 τὸν
1877 3795 2009 3849 Θεόν
2031 3813 2044 3830 ο
2074 3797 2103 3848 6
2145 3797 2310 3867 Φαρι-

731 3876 881 3935 σαῖος
931 3873 1094 3940 λέγω.
1141 3873 1279 3925 Ἀλλ’
1316 3873 1504 3944 ῶσπερ
1537 3876 1721 3939 Φινεὲς
1765 3878 1924 3946 φόνον
1955 3880 2187 3951 ποιήσας
2217 3881 2310 3933 εὑ-

795 4016 812 4038 '
835 4017 960 4090 Tres
995 4031 1107 4066 mss.
1121 4019 1502 4091 πραγματεύηται
1512 4021 1593 4077 τὰς
1613 4024 1857 4091 ἀλλοτρίας
1877 4027 2134 4088 συμφοράς.
2159 4027 2312 4077 Paulo

795 4086 840 4126 st
858 4081 940 4128 alit
968 4084 1273 4130 πανταγοθεν.
1288 4083 1368 4128 alll
1392 4084 1630 4130 πάντοθεν.

731 4093 840 4144 post
858 4093 940 4128 am
968 4093 1273 4143 πανταχόθεν,
1288 4093 1368 4128 alll
1392 4093 1630 4132 πάντοθεν.

751 4203 766 4212 _
793 4140 822 4178 δ
842 4141 932 4212 Sic
949 4154 1119 4212 omnes
1144 4157 1256 4212 mss.
1284 4145 1455 4212 llorel.
1481 4157 1596 4212 vero
1619 4147 1992 4212 ἀναιρουμένους.
2015 4148 2088 4196 Ad
2113 4161 2310 4199 eorum-

734 4203 1015 4269 d_em_ti_dem
1041 4203 1164 4252 infra
1186 4203 1406 4269 ἀπείρους
1439 4219 1526 4266 pro
1554 4203 1739 4269 ἑτέρους
1767 4203 2036 4267 posuimus.
2062 4219 2114 4258 et
2139 4225 2309 4261 vocem

732 4264 1006 4335 ὁλοκλήρως
1027 4272 1137 4324 post
1347 4264 1642 4335 sequentem
1663 4264 2010 4331 expunximus.
2027 4271 2178 4321 Paulo
2201 4282 2312 4335 post

730 4326 928 4386 quidam
950 4338 1064 4374 mss.
1090 4327 1226 4388 φησὶν
1247 4328 1273 4375 ὁ
1295 4326 1496 4390 ψαλμήὸς,
1531 4330 1662 4387 ξστη.

1384 339 1444 392 S.
1481 335 1768 392 JOANNIS
1805 333 2293 392 CHRYSOSTOMI
2334 338 2657 397 ARCHIEP.
2700 341 3252 399 CONSTANTINGP.

3873 321 3979 378 96?.

2390 462 2706 534 δοκίμησεν,
2739 461 2882 515 οὕτω
2906 460 2999 513 καὶ
3031 452 3184 520 οὗτος
3208 455 3268 509 οὐ
3296 451 3448 524 παρά
3478 449 3581 519 τὴν
3612 445 3805 534 εὐχὴν,
3844 444 3974 498 ἀλ.λά

2390 531 2543 617 παρά
2562 531 2660 617 τὴν
2689 543 2935 615 γνώμην,
2979 541 3095 612 μεθ’
3135 536 3204 611 ἦς
3249 536 3471 608 ηὔξατο,
3503 531 3780 617 κατέπεσε
3809 545 3973 617 προσ-

2388 611 2652 699 κρούσας.
2704 611 2891 688 Οῦτως
2918 611 3046 678 ὅταν
3085 622 3160 693 μὴ
3203 621 3291 673 διά
3329 619 3419 671 τὸν
3451 616 3585 703 Θεὸνν
3622 611 3971 703 Δγίνητιιίτι,

2390 695 2496 764 κάν
2531 711 2901 781 πνευματικὸν
3015 706 3076 759 τὸ
3108 707 3415 775 γινόμενον,
3462 700 3530 752 τά
3553 695 3809 769 ’μέγιστα
3852 695 3973 781 βλΫ

2389 795 2570 864 ψειεν·
2614 779 2805 864 ὥσπερ
2841 779 3104 845 οὖνὸταν
3145 789 3234 842 διὰ
3272 788 3364 840 τὸν
3405 783 3537 837 Θεὸν
3578 783 3835 864 γίνηται,
3876 779 3972 864 κᾶν

2394 859 2646 948 βιωτικὸν
2726 859 2787 930 τό
2809 872 3209 945 γινόμενον,⁹τά
3236 871 3467 941 μέγιστα
3489 866 3692 951 ὠφελεῖ
3845 859 3972 951 μετά

2394 943 2643 1031 φιλοθέου
2671 943 2897 1031 γνώμης
2929 943 3208 1011 ποιοῦντα.
3240 955 3306 1008 Τί
3338 954 3449 1023 γὰρ
3481 949 3645 1020 φόνου
3671 949 3860 1017 χεῖρον
3886 943 3970 1031 uel

2393 1023 2819 1116 γαλεπώτερονξ
2851 1023 2992 1095 ’ἀλλ’
3053 1042 3202 1110 ὅμως
3256 1037 3464 1092 δίκαιον
3529 1023 3970 1116 εἰργάσατο-τὶν

2391 1105 2762 1198 ⁸τολμήσαντα.
2808 1105 2980 1180 Ποίαν
3026 1105 3119 1178 οὖν
3153 1123 3348 1192 ἐξομεν
3398 1115 3708 1198 ἀπολογίαν
3740 1111 3902 1182 ἡμεῖς

2393 1192 2666 1279 λέγοντες,
2703 1212 2802 1263 ὅτι
2832 1209 2895 1260 οὺ
2950 1207 3173 1261 δυνατὸν
3206 1203 3468 1258 πάντοθεν
3518 1196 3851 1279 κερδαίνειν,
3889 1192 3977 1244 καὶ

2395 1277 2574 1348 πάντα
2600 1293 2687 1346 διὰ
2714 1293 2806 1345 τὸν
2846 1290 2979 1344 Θεὸν
3008 1288 3338 1361 ἐργάζεσθαι
3363 1298 3412 1350 ⁸,
3457 1284 3588 1339 ὅταν
3637 1277 3843 1350 εὑρεθῇ
3897 1291 3977 1336 τις

2395 1378 2491 1431 καί⁸
2523 1377 2630 1430 ἀπὺ
2675 1376 2838 1446 φόνου
2874 1375 3174 1444 κερδάνας;
3210 1375 3307 1425 Ἂν
3342 1370 3616 1438 ἐθέλωμεν
3665 1361 3975 1446 προσέχειν.

2394 1461 2484 1515 διά
2509 1445 2709 1522 παντὸς
2734 1459 2828 1512 τοῦ
2862 1459 2976 1529 βίον
3004 1458 3103 1528 τὴν
3144 1453 3524 1526 πνευματικὴν
3561 1447 3772 1517 ταύτην
3806 1445 3979 1529 ἐμπο-

2400 1543 2704 1616 ρευσόμεθα
2741 1528 3151 1615 πραγματείαν,
3183 1539 3286 1593 κᾶν
3320 1533 3581 1609 πρίασθαί
3605 1550 3683 1592 τι,
3714 1529 3819 1584 κᾶν

2395 1611 2581 1679 δόσθαι
2610 1625 2741 1697 δέῃ’
2777 1611 3052 1678 οἰονίὸταν
3102 1621 3178 1694 μὴ
3229 1621 3390 1675 πλέον
3437 1619 3538 1688 τῆς
3586 1611 3980 1697 νενομισμένης

2401 1696 2724 1779 ἀπαιτῶμεν
2755 1709 2923 1779 τιμῆς
2942 1750 2955 1771 ,
2993 1708 3123 1762 ὅταν
3161 1705 3235 1777 μὴ
3265 1706 3391 1768 τοὺς
3413 1701 3655 1772 καιροὺς
3679 1696 3782 1766 τῆς
3814 1706 3984 1746 στενο·

2401 1793 2610 1863 Χωρίας
2641 1793 3070 1864 παρατηρῶμεν,
3104 1792 3202 1844 καὶ
3230 1790 3350 1842 τότε
3374 1789 3489 1848 τοῖς
3514 1783 3790 1864 δεομένοις
3817 1791 3978 1848 μεταο

2401 1874 2654 1945 διδῶμεν·
2685 1876 2747 1928 Ὀ
2894 1862 3258 1944 τιμιουλκῶν
3285 1871 3460 1924 σῖτον⁴
3473 1862 3980 1945 δημοκατάρατος.

2403 1943 2557 2030 φησίν.
2593 1959 2701 2012 Καὶ
2729 1959 2782 2012 τί
2948 1943 3077 2012 καθ’
3102 1958 3333 2010 ἕκαστον
3360 1954 3540 2022 λέγειν
3559 1992 3572 2012 ,
3623 1949 3745 2003 δέον
3771 1946 3838 2031 διέ

2403 2026 2924 2113 ὑποδείγματοςητδ
2961 2043 3070 2094 πᾶν
3120 2039 3432 2104 συλλαϐεῖν;
3467 2036 3737 2103 Καθάπερ
3783 2026 3982 2113 γάρᾉοὶ

2402 2111 2697 2197 οἰκοδόμοι,
2731 2127 2954 2180 ἐπειδὰν
2981 2125 3406 2196 μέλλωσιτοῖχον
3434 2119 3692 2190 ἐγείρειν,
3725 2111 3982 2184 σπαρτίον

2402 2211 2677 2274 τείναντες
2714 2210 2822 2264 ἀπὸ
2861 2210 3065 2279 γωνίας
3105 2210 3181 2271 εἰς
3217 2207 3443 2276 γωνίαν,
3486 2203 3663 2265 οὕτως
3699 2198 3982 2279 ὑφαίνούσί

2403 2295 2502 2365 τὴν
2547 2277 3041 2364 οί’κοδομὴν,ήῶστε
3075 2293 3149 2362 μὴ
3199 2290 3485 2360 ἀνώμαλον
3524 2288 3694 2356 αὐτῆς
3733 2277 3981 2365 γενέσθαι

2401 2363 2502 2448 τῆν
2532 2363 2854 2445 ἐπιφάνειαν
2875 2393 2889 2407 ·
2921 2377 3062 2430 οὕτω
3094 2377 3158 2446 δὴ
3185 2375 3279 2428 καὶ
3304 2376 3464 2446 ἡμεῖς
3497 2372 3616 2424 ἀντὶ
3641 2366 3905 2438 σπαρτίου
3927 2363 3981 2413 τὸ
4092 2363 4093 2424 1

2406 2462 2556 2532 ῥῆμα
2583 2460 2742 2514 τοῦτο
2769 2461 3044 2523 τείναντες
3073 2459 3134 2511 τὸ
3177 2459 3362 2527 λέγον·
3395 2458 3534 2512 Είτε
3567 2455 3801 2508 ἐσθίετε
3821 2493 3835 2511 ,
3871 2449 3981 2502 sits
4092 2527 4093 2530 η

2404 2545 2629 2608 πίνετε,
2659 2544 2780 2597 ειτε
2819 2561 2873 2596 τι
2921 2543 3129 2611 ἕτερον
3155 2541 3396 2605 ποιεῖτε,
3442 2538 3641 2592 πάντα
3683 2538 3772 2600 εἰς
3801 2533 3982 2595 δόξαν

2409 2629 2558 2683 Θεοῦ
2581 2628 2823 2682 ποιεῖτε.
2869 2630 2969 2682 Ἀν
2997 2645 3056 2681 τε
3083 2625 3391 2697 εὐχώμεθα.
3423 2626 3486 2678 ἄν
3526 2641 3586 2675 τε
3615 2619 3978 2691 νηστεύωμεν,

2405 2714 2470 2768 ἀν
2521 2729 2581 2766 τε
2636 2712 2988 2783 ἐγκαλῶμεν,
3038 2711 3103 2765 ἄν
3161 2727 3218 2762 τε
3265 2705 3753 2778 συγγινώσκωμεν.
3817 2703 3886 2756 ἀν
3931 2717 3982 2751 τε

2406 2795 2746 2866 ἐπαινῶμεν,
2796 2798 2862 2851 ἀν
2900 2785 2962 2849 τε
3001 2796 3281 2864 ψέγωμεν,
3308 2792 3373 2846 ἄν
3403 2809 3465 2845 τε
3503 2789 3783 2858 εἰσίωμεν,
3828 2787 3894 2840 ἄν
3931 2800 3982 2837 τε

2406 2878 2664 2947 ἐξίωμεν,
2693 2880 2760 2933 ἄν
2797 2895 2856 2930 τε
2898 2877 3190 2947 πωλῶμεν,
3227 2877 3292 2930 ἄν
3320 2892 3379 2927 τε
3416 2872 3805 2942 ἀγοράζωμεν,
3834 2868 3899 2921 ἂν
3929 2883 3983 2918 τε

2411 2959 2675 3031 σιγῶμεν,
2706 2961 2772 3015 ἀν
2800 2978 2858 3014 τε
2874 2958 3276 3028 διαλεγώμεθα,
3307 2958 3371 3012 ἀν
3389 2973 3446 3009 τε
3470 2955 3596 3010 ἄλλο
3618 2951 3798 3007 ότιοῦν
3823 2951 3984 3020 πράτο

2408 3047 2616 3116 τωμεν,
2646 3046 2728 3109 εἰς
2751 3044 2908 3109 δόξαν
2933 3043 3068 3097 Θεοῦ
3095 3043 3272 3097 πάντα
3307 3040 3570 3110 ποιῶμεν,
3595 3039 3699 3092 κᾶν
3730 3039 3808 3106 μή
3841 3054 3893 3088 τι
3917 3037 3985 3095 εἰς

2409 3129 2569 3194 δόξαν
2625 3127 2762 3181 Θεοῦ
2798 3128 3040 3198 γίνηται,
3091 3127 3226 3196 μηδέ
3259 3123 3514 3193 γινέσθω,
3570 3122 3703 3192 μηδὲ
3753 3117 3986 3187 λεγέσθω

2412 3214 2542 3283 παρ’
2572 3210 2752 3283 ἡμῶν
2772 3211 2890 3266 ἀλλ’
2915 3211 3037 3265 ἀντί
3068 3209 3372 3279 βακτηρίας
3405 3207 3669 3278 μεγάλης.
3696 3203 3817 3257 ἀνθ’
3835 3200 3986 3255 ὅπλου

2412 3297 2507 3349 καὶ
2538 3295 2868 3365 ἀσφαλείας,
2914 3294 3034 3350 ἀντὶ
3060 3291 3353 3363 θησαυρῶν
3379 3290 3622 3359 ἀφάτων,
3657 3288 3904 3356 ὅπουπερ
3933 3284 3989 3337 ἂν

2413 3374 2715 3451 ὧμεν,”τὸ
2768 3381 2920 3450 ῥῆμα
2962 3377 3121 3430 τοῦτο
3162 3376 3283 3448 μεθ’
3316 3375 3526 3428 ἑαυτῶν
3570 3373 3984 3444 περιφέρωμεν,

2413 3463 2790 3533 ἐγγράψαντες
2821 3465 2888 3532 τῇ
2922 3461 3152 3530 διανοίᾳ,
3197 3460 3286 3512 ἵνα
3336 3460 3512 3512 πάντα
3541 3459 3621 3519 εἰς
3652 3457 3814 3521 δόξαν
3863 3452 3987 3506 Θεοῦ

2413 3550 2509 3601 καὶ
2543 3548 2873 3615 ποιήσαντες
2895 3545 2988 3596 καὶ
3007 3544 3251 3602 εἰπόντες
3282 3542 3376 3595 καὶ
3408 3540 3984 3610 πραγματευσάμενοι,

2413 3631 2513 3700 τῆς
2548 3630 2679 3701 παρ’
2709 3627 2873 3682 αὐτοῦ
2899 3620 3157 3697 τιύχωμεν
3189 3625 3346 3695 δόξης
3371 3625 3464 3677 κάὶ
3485 3623 3723 3678 ἐνταῦθα
3745 3624 3844 3675 καὶ
3865 3620 3988 3693 μετὰ

2415 3716 2515 3785 τὴν
2545 3711 2794 3766 ἐντεῦθεν
2828 3710 3159 3782 ἀποδημίαν.
3188 3708 3335 3773 Τοὺς
3357 3708 3466 3778 γὰρ
3505 3705 3869 3772 δοξάζωτὰς
3899 3723 3983 3774 με.

2417 3798 2552 3867 φησί
2578 3795 2748 3868 [707],
2783 3794 3044 3859 δοξάσω.
3095 3792 3186 3862 Μὴ
3234 3792 3412 3844 τοίνυν
3442 3791 3704 3860 ῥήμασιν,
3739 3790 3874 3843 ἀλλὰ
3906 3791 3986 3842 καί

2418 3880 2505 3934 διὰ
2539 3879 2648 3932 τῶν
2679 3880 3025 3948 πραγμάτων
3072 3875 3236 3928 αὑτὸν
3264 3873 3578 3942 δοξάζωμεν
3619 3872 3859 3943 συνεχῶς
3902 3875 3985 3925 σὺν

2417 3961 2640 4033 Χριστῷ
2683 3961 2762 4032 τῷ
2798 3958 2917 4028 Θεῷ
2949 3960 3128 4029 ἡμῶν,
3165 3959 3246 4010 ὅτι
3272 3957 3420 4026 αὐτῷ
3446 3956 3646 4026 πρέπει
3672 3959 3822 4008 πᾶσα
3852 3956 3981 4018 δόξα,

2417 4046 2550 4117 τιμὴ
2572 4047 2668 4098 καὶ
2688 4043 3077 4115 προσκύνησις,
3096 4041 3188 4096 νῦν
3209 4042 3304 4094 καὶ
3333 4042 3420 4094 ἀεὶ
3445 4040 3540 4093 καὶ
3561 4041 3642 4103 εἰς
3655 4041 3782 4103 τοὺς
3796 4041 3982 4100 αἰῶνας

2417 4131 2526 4184 τῶν
2560 4128 2792 4182 αἰώνων.
2841 4128 2898 4180 Ἀ
2908 4130 3033 4197 μήν.

2484 4274 2507 4303 ³
2538 4271 2619 4319 Sic
2640 4273 2737 4318 duo
2761 4285 2871 4317 mss.
2898 4276 2950 4317 et
2981 4270 3093 4318 Sav.
3123 4276 3272 4330 atque
3297 4271 3362 4317 ita
3386 4269 3510 4329 legit
3534 4270 3804 4330 interpres.
3827 4267 3980 4318 Iorel.

2418 4347 2538 4383 vero
2563 4334 2616 4380 οῦ
2639 4333 2831 4382 δυνατὸν
2850 4332 3003 4378 πάντα
3023 4333 3086 4387 εἰς
3109 4333 3245 4386 δόξαν
3266 4330 3391 4378 Θεοῦ
3412 4332 3580 4379 ποιεῖν.

735 4530 746 4537 .
763 4530 3978 4560 *ο-Ψ-*ῌ-..ῇ--ψ--ρ--ι--οέἒ

1868 4607 1977 4716 Al)
2015 4655 2407 4722 HOMlLlAS
2457 4657 2562 4717 DE
2613 4654 2930 4716 LAZARO

827 4839 943 4908 Qua
974 4841 1101 4895 anni
1147 4851 1466 4911 tempestate
1495 4853 1550 4897 et
1581 4858 1686 4912 qua
1727 4841 1815 4897 die
1852 4842 2083 4912 primam
2120 4843 2186 4896 de
2223 4840 2327 4894 La-

753 4950 882 4988 zaro
915 4934 1196 4988 homiliam
1229 4934 1482 4988 habuerit
1523 4935 1970 5004 Cln-ysostomus,
2026 4950 2149 4987 cum
2210 4935 2326 5002 ipse

754 5023 943 5076 titulus
977 5023 1236 5090 declarat,
1269 5024 1404 5094 μετὰ
1434 5026 1532 5087 τὰς
1562 5025 1828 5087 καλάνδας
1853 5028 1918 5095 τῇ
1960 5025 2083 5094 ἐξῆς
2114 5027 2171 5077 ἐν
2217 5026 2327 5079 Ἀν-

752 5113 958 5183 τιοχείᾳ
1009 5113 1239 5183 λεχθείς,
1282 5113 1545 5169 Postridie
1577 5114 1847 5168 Kalendas
1891 5117 2188 5170 Antiochia:
2229 5117 2324 5168 ha.

753 5205 891 5255 bitus
931 5220 1144 5269 sermo;
1179 5214 1292 5258 tum
1332 5207 1496 5260 etiam
1537 5208 1640 5261 hoc
1690 5207 1972 5260 concionis
2035 5208 2317 5260 exordium

753 5291 1070 5348 Hesternum
1102 5297 1261 5357 diem.
1302 5315 1419 5351 cum
1451 5308 1583 5353 esset
1625 5299 1812 5368 festum
1843 5299 2083 5362 Satanw,
2123 5298 2325 5368 fecistis

751 5385 944 5451 festum
981 5387 1232 5457 Spiritus,
1256 5392 1388 5460 Quia
1417 5391 1584 5444 multo
1625 5409 1742 5445 cum
1769 5394 1934 5446 animi
1978 5393 2152 5445 studio
2183 5408 2326 5445 rece-

754 5479 902 5544 pistis
939 5496 1001 5533 ea
1031 5498 1148 5551 qum
1183 5500 1214 5535 a
1245 5483 1392 5537 nobis
1415 5485 1748 5549 dicebantur,
1779 5496 1882 5540 etc.
1935 5485 2087 5540 Unde
2119 5485 2321 5541 inferas

755 5569 983 5635 primam
1040 5572 1186 5626 illam
1231 5574 1296 5627 de
1335 5572 1546 5630 Lazaro
1584 5575 1862 5630 homiliam
1913 5577 2110 5630 dictam
2151 5577 2320 5632 fuisse

752 5667 998 5715 secundo
1027 5660 1274 5719 Januarii
1325 5665 1433 5732 die,
1499 5677 1620 5738 post
1659 5666 1858 5722 festum
1920 5665 2316 5735 Saturnalium,

752 5751 896 5818 quod
922 5767 1047 5811 vere
1080 5752 1280 5812 festum
1314 5755 1528 5815 Satanae
1548 5769 1684 5827 crat,
1721 5761 1810 5816 ubi
1841 5759 2194 5827 temulentiaz,
2224 5761 2321 5816 tri-

4091 4131 4093 4232 ἰ

2429 4843 2634 4913 pudiis,
2669 4843 3078 4910 saltationibus,
3121 4841 3639 4911 comessationibus,
3683 4842 3911 4911 aliisque
3931 4853 3982 4893 ex
4092 4869 4093 4876 η

2431 4935 2702 4990 Bacchico
2734 4936 2829 4989 illo
2857 4934 3043 4991 furore
3069 4935 3555 5005 consequentibus,
3593 4950 3813 5005 operam
3847 4931 3982 4986 dabat

2428 5043 2554 5097 pars
2610 5028 2848 5082 maxima
2904 5028 3163 5082 civitatis.
3224 5026 3562 5096 Videturque
3608 5026 3802 5080 eodem
3860 5038 3980 5079 anno

2429 5119 2611 5173 habita
2650 5135 2761 5188 quo
2802 5119 3025 5173 homilia
3062 5119 3113 5172 in
3150 5117 3441 5183 Kalendas,
3473 5118 3696 5187 quando
3740 5127 3798 5171 ut
3831 5118 3978 5171 disso-

2428 5211 2576 5265 lutos
2605 5226 2784 5265 mores
2812 5210 2862 5264 vi
2906 5220 3298 5279 compesceret,
3327 5219 3549 5264 strenue
3577 5218 3772 5264 contra
3802 5208 3972 5263 εαιαηὶι

2429 5321 2544 5358 cam
2572 5304 2714 5359 hanc
2751 5305 3206 5359 consuetudinem
3234 5302 3591 5358 concionatus
3658 5311 3745 5356 est
3787 5312 3976 5357 sanctus

2428 5398 2658 5461 doctor;
2689 5395 2928 5465 idipsum
2962 5395 3107 5449 enim
3139 5394 3382 5449 declarat
3412 5395 3465 5448 in
3500 5397 3731 5450 exordio
3772 5393 3975 5450 bomilia

2429 5487 2594 5554 hujus
2627 5486 2818 5556 primae
2843 5485 2911 5539 de
2942 5484 3166 5539 Lazaro.
3203 5485 3277 5538 De
3313 5500 3457 5540 anno
3483 5495 3667 5539 autem
3702 5501 3772 5540 ne
3812 5483 3972 5554 proba-

2429 5578 2523 5632 bili
2556 5578 2773 5647 quidem
2816 5575 3130 5643 conjectura
3175 5577 3458 5646 qnidpiam
3507 5586 3751 5630 statuere
3811 5589 3974 5645 possu-

2428 5685 2570 5725 mus.
2626 5668 2764 5724 Nam
2827 5684 2949 5740 quae
3004 5667 3356 5725 Hermantius
3412 5682 3573 5741 atque
3625 5668 3972 5723 Tillcnmunus

2427 5762 2640 5830 dicunt,
2678 5770 2738 5818 ut
2765 5765 2863 5820 has
2900 5763 3152 5820 bomilias
3207 5764 3261 5819 in
3299 5777 3502 5819 annum
3539 5762 3645 5818 '58?
3699 5760 3970 5839 coniuent,
