4160 6324
184 374 292 432 96f

181 515 298 564 sus,
331 507 600 569 aspectus,
629 495 791 551 verba
813 534 830 562 ,
856 507 1142 549 consessus
1161 534 1176 559 ,
1201 494 1474 562 ingressus
1502 534 1516 558 ,
1554 494 1730 549 exitus
1755 535 1776 564 ,

180 591 394 647 facetia:
421 630 438 652 ,
467 587 798 642 laudationes
817 626 832 653 ,
867 584 1314 654 vituperationes,
1361 584 1782 640 commendatio-

181 699 305 748 nes,
334 679 604 744 amicitite,
635 675 924 731 inimicitia.-
941 685 1166 744 possunt
1193 685 1413 744 propter
1439 676 1604 729 Deum
1631 676 1780 731 fieri:

178 774 311 843 quid
339 778 524 833 restat,
553 769 596 822 si
616 768 957 829 voluerimus,
979 765 1118 834 quod
1150 781 1254 818 non
1280 766 1545 833 possimus
1566 777 1786 834 propter

181 867 356 920 Deum
387 861 600 918 facere?
627 860 761 926 Quid
790 859 1023 912 carceris
1049 857 1361 911 custodibus
1387 857 1624 911 deterius
1665 871 1786 911 esse

179 957 400 1027 potest?
449 954 636 1008 Nonne
662 955 775 1005 haec
800 952 906 1004 vita
932 951 1171 1002 onmiuttt
1195 948 1522 1018 nequissima
1558 963 1679 1002 esse
1701 947 1784 1000 vi-

181 1048 380 1104 detur?
419 1047 568 1101 Licet
597 1055 774 1098 tamen
804 1044 850 1096 ei
882 1043 974 1112 qui
1015 1042 1142 1096 velit
1192 1041 1318 1096 inde
1349 1041 1556 1095 lucrum
1599 1054 1786 1111 repor-

177 1152 322 1201 tare,
340 1137 555 1208 quando
578 1135 767 1187 vinctis
780 1133 969 1201 parcit,
992 1130 1418 1201 quandoinjuste
1439 1131 1491 1185 in
1510 1146 1784 1186 carcerem

180 1229 457 1299 conjectos
479 1235 652 1289 enrat,
676 1233 730 1278 et
759 1225 810 1278 in
841 1223 1030 1277 alienis
1051 1222 1446 1286 calamitatibus
1471 1237 1579 1276 non
1618 1236 1786 1290 nego-

181 1322 349 1375 tiatur
387 1337 403 1372 :
432 1317 648 1388 quando
687 1313 988 1368 communis
1032 1314 1344 1382 proponitur
1372 1313 1621 1366 omnibus
1649 1311 1788 1365 affli-

181 1415 287 1468 ctis
323 1421 531 1481 portus.
576 1409 652 1462 Ita
691 1416 873 1461 custos
898 1405 1131 1461 carceris
1162 1405 1312 1458 Pauli
1343 1405 1569 1459 salutem
1596 1414 1785 1460 nactus

175 1514 269 1559 est
298 1504 322 1574 (
346 1504 459 1555 Act.
491 1501 578 1555 f6.
601 1501 692 1554 27.
723 1517 833 1572 sqq.
871 1501 926 1568 )z
961 1497 1102 1552 unde
1128 1499 1293 1566 liquet
1321 1513 1417 1551 nos
1442 1513 1509 1551 ex
1539 1498 1787 1552 omnibus

179 1597 371 1658 rebus,
408 1593 453 1647 si
477 1593 826 1657 voluerimus,
858 1590 1063 1644 lucrum
1096 1590 1271 1643 facere
1295 1603 1474 1657 posse.

257 1686 313 1740 6.
342 1683 507 1752 Quid,
535 1697 746 1753 qua-so,
777 1680 925 1736 etnde
950 1680 1217 1750 indignius
1239 1693 1360 1752 esse
1387 1677 1602 1748 potest?
1628 1680 1786 1733 Atta-

179 1792 312 1832 men
338 1774 597 1845 justitiam
627 1771 820 1827 afferre
850 1772 1020 1841 potuit
1043 1771 1205 1826 etiam
1235 1772 1335 1825 hoc
1364 1771 1586 1835 facinus,
1618 1770 1667 1825 ei
1696 1769 1788 1839 qui

185 1867 478 1930 admiserat
509 1883 521 1917 :
551 1863 682 1918 tanti
709 1872 792 1917 est
821 1873 1039 1932 propter
1068 1862 1235 1916 Deum
1265 1862 1555 1931 quidquam
1585 1860 1783 1915 facere:

185 1961 258 2014 At
285 1955 554 2028 quomodo
579 1953 938 2025 potuitcmdes
953 1952 1216 2021 justitiam
1234 1951 1462 2006 afferre?
1490 1951 1789 2004 Madianita:

180 2054 316 2108 olim
344 2050 593 2105 volebant
621 2047 887 2102 infensum
918 2047 1082 2101 Deum
1112 2035 1314 2100 Iudaeis
1345 2047 1522 2099 facere
1541 2086 1555 2107 ,
1585 2044 1685 2098 hac
1705 2045 1788 2096 via

179 2141 431 2196 arbitrati
459 2156 518 2194 se
549 2140 667 2193 illos
694 2153 945 2208 superare
977 2151 1134 2206 posse
1159 2178 1174 2203 ,
1213 2136 1256 2189 si
1290 2135 1661 2190 benevolentia
1695 2134 1790 2188 Dei

178 2234 314 2288 illos
348 2233 658 2302 privarent;
706 2229 912 2299 puellas
950 2237 1309 2292 exornantes,
1339 2236 1394 2281 et
1433 2227 1485 2279 in
1516 2226 1787 2281 exercitus

185 2333 484 2394 conspectu
505 2322 853 2385 collocantes,
885 2320 1326 2374 lenocinabantur
1356 2333 1470 2385 eos,
1505 2328 1559 2372 et
1583 2318 1647 2371 ad
1680 2327 1793 2371 stu-

187 2433 346 2488 prum
369 2419 564 2488 primo,
587 2415 782 2469 deinde
805 2415 966 2468 etiam
988 2413 1056 2468 ad
1078 2413 1403 2481 impietatem
1433 2412 1788 2466 adducebant.

183 2510 305 2567 Hoc
331 2525 452 2566 cum
475 2509 698 2563 vidisset
725 2506 954 2562 Phinees
980 2548 995 2573 ,
1032 2506 1166 2560 duos
1205 2507 1257 2559 in
1299 2507 1413 2574 ipsa
1441 2505 1793 2560 fornicatione

188 2601 636 2672 deprehendens,
680 2599 923 2654 districto
964 2598 1139 2669 gladio
1185 2607 1440 2667 utrosque
1471 2598 1790 2659 transfodit,

187 2696 394 2764 Deique
423 2694 558 2746 iram
588 2708 617 2745 a
649 2692 913 2746 destinata
939 2693 1204 2744 sententia
1227 2689 1442 2742 deduvit
1464 2686 1654 2758 (Num.
1674 2687 1792 2757 â€˜25).

190 2789 271 2842 Ac
299 2787 502 2840 facinus
527 2784 744 2854 quidem
775 2784 948 2854 ipsum
976 2783 1152 2852 cmdes
1187 2781 1285 2836 fuit
1317 2800 1331 2836 :
1365 2781 1571 2835 fructus
1611 2791 1790 2835 autem

190 2880 355 2943 illius,
383 2879 618 2932 omnium
645 2875 1036 2946 perdettdorum
1066 2874 1211 2928 salus
1241 2890 1253 2926 :
1286 2873 1426 2927 unde
1454 2881 1509 2926 et
1529 2872 1791 2942 justitiam

191 2971 373 3025 attulit
391 2970 461 3034 ei,
495 2968 584 3037 qui
612 2967 713 3019 hoc
741 2966 886 3020 fecit.
919 2964 990 3019 Et
1015 2979 1119 3017 non
1150 2963 1308 3017 modo
1333 2978 1440 3016 non
1471 2977 1658 3015 manus
1682 2961 1798 3016 lucc

188 3059 373 3115 caedes
412 3058 709 3127 inquinavit
740 3095 755 3117 ,
798 3056 894 3108 sed
938 3054 1108 3107 multo
1151 3053 1312 3107 etiam
1357 3051 1601 3121 puriores
1644 3048 1793 3104 fecit.

192 3156 373 3223 Atque
398 3151 450 3204 id
472 3150 595 3220 jure
618 3148 831 3219 quidem
857 3163 871 3199 :
901 3161 1008 3200 non
1036 3145 1179 3200 enim
1205 3159 1272 3199 ex
1296 3158 1483 3198 eorum
1508 3143 1634 3198 odio
1662 3157 1798 3213 quos

190 3242 488 3309 interfecit,
513 3254 564 3296 et
594 3240 809 3304 invidia,
841 3238 938 3294 sed
969 3247 1026 3292 ut
1051 3251 1257 3298 eorum,
1282 3236 1373 3306 qui
1399 3234 1795 3304 superfuerant,

192 3335 358 3391 saluti
396 3334 735 3398 consuleret,
770 3331 869 3385 hoc
898 3329 1155 3400 suscepit.
1209 3327 1352 3382 Duos
1396 3322 1704 3391 interfecit,
1746 3333 1802 3378 et

196 3430 461 3484 infinitam
513 3426 787 3481 hominum
834 3422 1224 3477 multitudinem
1273 3421 1524 3476 servavit.
1570 3417 1801 3474 Perinde

194 3531 381 3575 autem
412 3518 538 3573 fecit
564 3533 627 3572 ac
653 3515 849 3571 medici
877 3515 1074 3580 solent,
1102 3513 1190 3583 qui
1225 3523 1401 3581 partes
1425 3509 1667 3578 corporis
1700 3523 1800 3579 pn-

196 3619 499 3667 trescentes
518 3607 861 3678 amputando,
889 3607 1151 3676 integrum
1173 3613 1227 3658 et
1246 3605 1435 3656 sanum
1457 3614 1651 3670 corpus
1672 3615 1804 3654 con-

193 3712 466 3762 servant:
500 3701 579 3755 sic
605 3709 660 3755 et
702 3700 791 3754 ille
830 3697 975 3752 fecit.
1023 3697 1315 3764 Propterea
1359 3693 1639 3748 Psalmista
1679 3692 1754 3744 ait
1787 3709 1799 3744 :

199 3795 357 3850 Stetit
386 3792 606 3847 Phinees
625 3834 641 3858 ,
674 3801 718 3845 et
752 3790 968 3860 placavit
988 3829 1002 3852 ,
1032 3799 1076 3842 et
1105 3788 1313 3841 cessavit
1339 3785 1617 3856 quassatio,
1641 3793 1688 3837 et
1715 3799 1800 3836 res

201 3898 438 3960 putatum
455 3897 525 3940 est
548 3887 625 3940 illi
650 3885 718 3937 ad
731 3885 1009 3952 justitiam,
1038 3898 1068 3933 Î±
1098 3881 1419 3952 generatione
1441 3878 1508 3931 ad
1532 3877 1808 3949 generatio-

201 3996 322 4033 nem
343 4019 357 4043 ,
389 3993 545 4048 usque
586 3977 638 4028 in
674 3974 1032 4042 sempiternum
1059 3973 1079 4043 (
1112 3971 1256 4026 Psal.
1289 3970 1410 4024 105.
1442 3969 1511 4023 50
1537 3967 1554 4039 )
1583 3986 1595 4020 :
1630 3968 1808 4036 itaque

201 4067 524 4125 immortalis
541 4066 698 4135 hujus
717 4075 860 4120 recte
878 4065 996 4118 facti
1017 4064 1268 4117 memoria
1289 4068 1581 4132 permanet.
1605 4059 1808 4112 Rursus

203 4160 342 4213 alius
378 4157 550 4211 oravit
574 4166 629 4210 et
652 4156 922 4211 lacessivit
958 4155 1121 4212 Deum
1152 4171 1167 4207 :
1195 4154 1327 4207 adeo
1356 4161 1439 4206 est
1466 4148 1666 4220 aliquid
1702 4163 1808 4202 non

205 4246 428 4324 propter
458 4253 628 4306 Deum
673 4250 851 4305 facere
884 4269 898 4305 :
931 4249 1258 4304 Pharisannn
1301 4247 1422 4301 dico
1471 4245 1641 4318 (Luc.
1674 4243 1807 4313 18).

200 4343 314 4402 Sed
339 4342 791 4414 quemadmodum
820 4340 1049 4396 Phinees
1078 4339 1238 4394 etiam
1263 4353 1385 4392 cum
1414 4336 1614 4391 caedem
1643 4334 1805 4388 fecisâ€”

229 4597 419 4607 ..-

1204 381 1519 439 Î—ÎŸÎœÎ á¾¸á¾¹Îž
1562 383 1650 438 DE
1689 383 1989 440 LAZARO.
2019 415 2087 427 --
2118 383 2467 443 MONITUM.

3384 397 3490 452 962

1884 505 2005 563 set,
2036 499 2301 567 gratiosus
2328 501 2470 570 apud
2513 502 2682 559 Deum
2727 503 2862 560 fuit:
2893 505 2973 560 sic
3000 514 3055 561 et
3099 507 3201 562 iste
3243 523 3352 563 non
3391 524 3488 578 per

1891 589 2252 658 precationem
2273 593 2514 661 offendit,
2541 595 2636 649 sed
2663 609 2760 664 per
2784 597 2947 650 anitni
2971 597 3326 665 affectionem,
3353 615 3488 667 qna-

1890 693 2012 733 cum
2040 682 2379 749 precabatur,
2408 685 2688 754 prolapsus
2713 694 2815 740 est.
2845 688 2920 740 lta
2945 687 3106 742 etiant
3135 689 3180 741 si
3210 688 3489 756 spirituafe

1891 769 2086 838 aliquid
2112 771 2308 839 fuerit,
2339 773 2385 826 si
2418 784 2594 829 tamen
2623 785 2844 844 propter
2872 776 3040 830 Deum
3071 793 3176 831 non
3208 778 3335 844 fiat,
3363 792 3489 833 cum

1892 861 2080 927 primis
2108 863 2255 916 illum
2285 862 2460 929 laedit,
2491 867 2582 934 qui
2625 868 2766 920 facit.
2801 867 3264 932 Quemadmodum
3299 870 3345 923 si
3384 871 3489 924 ali-

1891 951 2016 1020 quid
2057 954 2314 1008 swculare
2354 967 2572 1024 propter
2611 957 2774 1012 Deum
2814 961 2922 1025 fiat,
2952 958 3240 1014 admodum
3275 959 3492 1029 adjuvat

1892 1053 2036 1107 eum,
2065 1043 2153 1111 qui
2197 1058 2317 1098 cum
2359 1047 2604 1116 religiosa
2650 1047 2703 1101 id
2748 1047 2874 1103 facit
2920 1060 3119 1103 mente.
3165 1050 3302 1115 Quid
3344 1051 3489 1104 enim

1891 1134 2038 1188 caede
2066 1137 2276 1204 gravius
2304 1148 2396 1192 aut
2431 1139 2744 1195 horribilius
2773 1155 2892 1195 esse
2923 1142 3138 1210 potest?
3166 1142 3374 1196 Justutn
3407 1153 3488 1196 ta-

1892 1239 2014 1278 men
2045 1225 2221 1281 cfl'ecit
2245 1243 2368 1282 eum
2397 1229 2488 1298 qui
2532 1229 2583 1283 id
2614 1245 2774 1285 ausus
2800 1241 2901 1285 est.
2925 1232 3147 1298 Qualem
3174 1247 3301 1302 ergo
3327 1247 3490 1286 excu-

1890 1316 2150 1372 sationem
2178 1320 2494 1375 habebimus
2517 1337 2614 1376 nos
2634 1364 2649 1388 ,
2673 1323 2763 1393 qui
2781 1324 3006 1378 dicimus
3032 1340 3094 1378 ex
3122 1325 3371 1378 omnibus
3400 1340 3488 1379 reâ€”

1892 1407 1993 1461 bus
2013 1407 2325 1464 lucrifacere
2348 1421 2403 1464 et
2422 1413 2601 1466 omnia
2629 1423 2848 1482 propter
2872 1414 3038 1467 Deum
3067 1428 3165 1467 nos
3185 1416 3359 1468 facere
3381 1429 3490 1470 non

1893 1510 2052 1565 posse
2071 1539 2086 1562 ,
2113 1514 2236 1553 cum
2277 1500 2612 1557 inveniamus
2639 1503 2799 1556 etiam
2828 1503 2918 1572 qui
2939 1519 2970 1556 e
3001 1503 3148 1558 ctede
3178 1505 3384 1558 lucrum
3415 1505 3492 1559 [Ï…Ï‚

1892 1590 2119 1643 cerunt?
2147 1589 2203 1644 Si
2225 1591 2461 1645 animum
2482 1593 2763 1647 advertere
2794 1594 3138 1659 voluerimus,
3161 1594 3275 1648 sive
3299 1609 3491 1649 emen-

1893 1680 2054 1746 dum,
2083 1681 2198 1736 sive
2240 1683 2580 1737 vendendum
2623 1685 2728 1750 sit,
2779 1685 2833 1738 in
2873 1693 2982 1738 tota
3019 1687 3124 1738 vita
3156 1685 3489 1756 spiritualem

1895 1771 2034 1826 hanc
2059 1784 2412 1828 mercaturam
2441 1774 2700 1830 faciemus
2732 1793 2745 1828 :
2780 1786 2838 1830 ut
2866 1776 2909 1830 si
2941 1776 3176 1846 legitimo
3205 1777 3378 1846 pretio
3407 1777 3492 1830 tti-

1895 1859 1970 1914 hil
1997 1863 2225 1932 amplius
2253 1865 2609 1934 requiramus,
2637 1865 3006 1920 difficultatem
3034 1882 3263 1921 annona:
3289 1883 3492 1938 nequa-

1894 1969 2054 2022 quam
2071 1954 2438 2023 observemus,
2462 1965 2517 2010 et
2541 1966 2649 2011 tum
2668 1958 2949 2027 egentibus
2969 1957 3342 2012 divendamus.
3371 1957 3492 2012 ÎœÎ±-

1897 2045 2107 2100 ledicta:
2133 2049 2266 2099 enim
2284 2087 2298 2110 ,
2325 2047 2515 2117 inquit,
2547 2049 2653 2112 ille,
2681 2049 2769 2118 qui
2794 2049 3036 2119 frumenti
3061 2051 3320 2101 caritatth
3345 2059 3497 2118 auget

1898 2138 1916 2206 (
1947 2135 2100 2191 Prov.
2130 2138 2216 2193 11.
2239 2137 2366 2210 26).
2395 2139 2500 2194 Sed
2527 2139 2652 2208 quid
2678 2148 2888 2207 Oportet
2914 2139 3122 2209 singula
3148 2154 3493 2208 percensere.

1898 2229 2018 2286 Uno
2045 2232 2292 2300 exemplo
2328 2231 2507 2286 omnia
2537 2232 2838 2302 colligenda
2874 2233 3104 2287 fuerant.
3141 2233 3496 2301 Quemadmo-

1896 2325 2023 2380 dum
2052 2326 2195 2379 enim
2220 2325 2576 2380 aedificatores
2603 2340 2724 2379 cum
2757 2341 2968 2380 murum
2992 2325 3317 2380 exstructuri
3346 2333 3496 2388 sunt,

1897 2417 2152 2471 amussim
2179 2416 2247 2472 ab
2268 2416 2462 2487 angulo
2482 2417 2549 2470 ad
2575 2417 2826 2486 angulum
2849 2417 3070 2480 ducunt,
3097 2426 3259 2486 atque
3287 2416 3358 2470 ita
3383 2431 3500 2470 mu-

1899 2525 2018 2564 rum
2045 2517 2380 2573 construunt,
2409 2517 2466 2562 ut
2493 2508 2712 2562 minime
2740 2508 3020 2576 inmquafis
3047 2507 3162 2576 ejus
3188 2506 3501 2576 superï¬cies

1900 2602 2124 2656 exsistat
2155 2601 2270 2654 :sie
2297 2608 2351 2654 et
2378 2614 2476 2653 nos
2503 2614 2600 2668 pro
2623 2599 2824 2652 amussi
2849 2598 3073 2653 verbum
3107 2598 3209 2651 hoc
3237 2596 3499 2652 adhibea-

1901 2708 2020 2747 mus
2045 2692 2184 2763 quod
2211 2691 2350 2761 apud
2366 2687 2678 2758 Apostolum
2709 2694 2791 2744 est
2815 2706 2829 2742 :
2853 2688 2972 2744 Sive
2997 2691 3165 2756 editis,
3187 2689 3290 2743 sive
3311 2687 3498 2754 bibitis,

1899 2786 2003 2840 sive
2043 2785 2165 2856 quid
2201 2785 2342 2838 aliud
2387 2785 2554 2856 facitis
2584 2824 2598 2848 ,
2644 2784 2813 2837 omnia
2847 2784 2914 2836 ad
2952 2783 3169 2854 gloriam
3212 2782 3307 2835 Dei
3353 2782 3505 2852 facile

1904 2877 1923 2948 (
1950 2879 1996 2930 f.
2027 2876 2145 2930 Cor.
2168 2875 2252 2929 10.
2276 2871 2388 2946 51).
2417 2874 2539 2930 Sive
2555 2889 2683 2944 ergo
2705 2888 3006 2942 precemur,
3035 2872 3148 2926 sive
3173 2872 3503 2942 jejunemus,

1902 2971 2016 3025 sive
2040 2982 2372 3032 accusemus,
2395 2966 2506 3021 sive
2526 2965 2914 3031 condonemus,
2953 2965 3066 3019 sive
3086 2964 3365 3018 laudemus
3395 2963 3509 3017 sive

1905 3063 2308 3130 vituperemus,
2352 3059 2466 3113 sive
2511 3055 2875 3128 ingrediamur
2916 3056 3029 3110 sive
3056 3069 3348 3118 exeamus,
3394 3052 3510 3108 sive

1907 3152 2204 3207 vendamus
2239 3152 2354 3205 sive
2393 3162 2654 3215 emamus,
2691 3149 2804 3202 sive
2833 3155 3106 3202 taceamus
3130 3145 3243 3199 sive
3268 3143 3511 3213 dispute-

1907 3259 2047 3311 mus,
2079 3244 2191 3299 sive
2211 3241 2350 3296 aliud
2377 3240 2504 3311 quitl
2531 3240 2825 3294 faciamus:
2855 3238 3036 3292 omnia
3058 3236 3123 3289 ad
3151 3235 3378 3306 gloriam
3409 3234 3511 3288 Dei

1909 3336 2199 3399 faciamus,
2233 3334 2359 3389 etsi
2403 3332 2529 3402 quid
2559 3332 2626 3386 ad
2655 3331 2879 3402 gloriam
2922 3330 3013 3383 Dei
3057 3343 3165 3382 non
3203 3327 3505 3397 pertineat,

1909 3427 2039 3483 illud
2069 3419 2240 3496 neque
2268 3425 2410 3479 facto
2429 3465 2445 3492 ,
2474 3439 2645 3492 neque
2665 3423 2809 3480 dicto
2833 3436 2862 3473 a
2891 3421 3044 3474 nobis
3070 3427 3387 3488 usurpetur;
3416 3415 3512 3472 sed

1911 3537 2009 3592 pro
2039 3520 2226 3575 baculo
2256 3531 2469 3587 magno,
2501 3531 2599 3587 pro
2628 3515 2816 3580 armis,
2845 3528 2942 3583 pro
2971 3511 3242 3582 przesidio,
3268 3527 3364 3581 pro
3394 3509 3514 3564 tlte-

1910 3612 2084 3667 sauris
2107 3608 2403 3673 immensis,
2421 3606 2745 3676 ubicumque
2770 3604 2957 3669 simus,
2984 3602 3088 3656 hoc
3111 3601 3312 3656 dictum
3333 3600 3514 3653 animo

1915 3702 2268 3760 inscribentes
2287 3742 2304 3767 ,
2338 3699 2616 3755 nobiscum
2642 3695 3085 3751 circumferamus
3105 3736 3120 3759 ,
3152 3702 3210 3746 ut
3237 3691 3414 3746 omnia
3445 3689 3515 3744 ad

1911 3795 2133 3867 gloriam
2168 3793 2262 3847 Dei
2300 3791 2586 3853 facientes,
2619 3789 2898 3857 loquentes
2922 3826 2937 3849 ,
2973 3783 3363 3867 suscipientes,
3399 3792 3515 3835 tum

1917 3864 2022 3951 hic,
2055 3899 2165 3942 tum
2193 3897 2314 3956 post
2340 3884 2496 3954 hujus
2526 3884 2650 3937 vita
2681 3864 3166 3951 peregrinatiOnetn
3197 3877 3421 3947 gloriam
3447 3875 3517 3929 ab

1915 3997 1981 4036 eo
2009 3992 2422 4046 consequamur.
2455 3975 2542 4028 Ait
2567 3973 2710 4027 enim
2742 3989 2754 4024 :
2790 3970 2968 4025 Gloria
2988 3969 3258 4040 allicientes
3283 3984 3382 4033 me,
3413 3967 3517 4037 glo-

1915 4073 1995 4126 ria
2016 4071 2232 4141 nï¬iciam
2257 4069 2329 4140 (1.
2356 4066 2485 4136 Reg.
2507 4066 2562 4118 2.
2595 4064 2710 4135 50).
2733 4062 2850 4116 Non
2878 4061 3035 4116 dictis
3060 4074 3210 4130 ergo,
3235 4058 3332 4113 sed
3361 4058 3518 4112 factis

1919 4164 2048 4232 ipsis
2069 4163 2216 4216 illum
2241 4158 2452 4212 assidue
2476 4157 2643 4226 gloria
2667 4154 2963 4208 afficiamus
3001 4167 3123 4206 cum
3144 4150 3359 4206 Christo
3406 4149 3521 4204 Deo

1920 4267 2104 4312 nostro
2137 4271 2150 4306 :
2183 4254 2304 4324 quia
2338 4253 2485 4306 illum
2511 4249 2666 4305 decet
2691 4247 2870 4303 omnis
2895 4245 3086 4316 gloria,
3118 4243 3295 4298 honor
3316 4241 3522 4297 etado-

1921 4351 2079 4412 ratio,
2103 4360 2244 4401 nunc
2261 4353 2318 4400 et
2334 4357 2549 4413 semper
2577 4349 2631 4395 et
2657 4340 2712 4395 in
2735 4338 2932 4395 smcula
2952 4336 3293 4393 saaculorum.
3319 4333 3518 4389 Amen.

2543 4581 2607 4587 __-
2625 4577 2827 4586 _â€”_â€”-
2855 4581 2894 4586 -..
2915 4575 3496 4590 ,.__â€”._.â€”â€”â€”â€”-â€”_.-~â€”.

1660 4733 2057 4795 MONlTUM.

226 4942 463 5001 prorsus
498 4925 647 4979 nulla
694 4937 817 4978 esse
863 4921 1215 4993 probavimus
1261 4936 1316 4974 tn
1360 4919 1566 4974 Monito
1615 4930 1820 4986 praece-

231 5019 384 5074 denti
416 5016 484 5071 ad
521 5015 806 5069 bomiliam
835 5014 890 5065 in
922 5012 1214 5074 Kalendas,
1244 5011 1336 5065 ubi
1371 5009 1493 5063 vide
1533 5008 1631 5062 sis.

305 5105 488 5162 Hasce
510 5118 643 5156 vero
683 5101 980 5155 conciones
1014 5110 1413 5168 consequenter
1451 5098 1660 5162 habuit,
1688 5113 1824 5166 pau-

231 5200 453 5268 cisque-
482 5195 824 5265 interpositis
869 5193 1010 5248 inter
1054 5192 1299 5262 singulas
1352 5191 1565 5245 diebus.
1617 5188 1821 5244 Earum

233 5305 406 5362 porro
445 5303 670 5343 cursum
725 5288 1065 5356 intercepere
1096 5285 1234 5340 festa
1284 5285 1459 5338 sancti
1489 5283 1724 5354 Babylae,
1771 5292 1826 5338 et

232 5392 558 5440 sanctorum
589 5379 868 5435 Juventini
895 5390 951 5433 et
979 5377 1264 5432 Maximini
1305 5389 1632 5448 martyrum,
1680 5392 1822 5446 quo-

230 5493 357 5532 rum
386 5477 636 5531 encomia
665 5483 725 5529 ut
749 5474 1051 5528 celebraret
1077 5472 1529 5544 Chrysostomus,
1563 5480 1818 5539 quartam

228 5569 300 5623 de
327 5567 539 5622 Lazaro
565 5567 852 5621 hontiliam
879 5566 1090 5636 aliquot
1123 5565 1316 5620 diebus
1357 5563 1568 5619 tardius
1607 5563 1818 5631 habuit,

233 5669 295 5714 ut
325 5660 443 5729 ipse
491 5666 676 5713 monet
712 5657 872 5711 initio
919 5666 1151 5727 quartae.
1217 5655 1364 5711 Cave
1425 5663 1607 5708 autem
1663 5665 1821 5725 putes

237 5752 410 5816 illaut,
437 5765 602 5822 quam
628 5751 831 5809 ibidem
861 5757 1153 5817 memorat,
1189 5749 1245 5806 in
1274 5757 1526 5806 sanctum
1561 5746 1820 5821 Babyloni

1916 4918 2263 4981 concionem,
2299 4930 2422 4971 esse
2447 4914 2647 4970 librum
2672 4912 2824 4966 illum
2855 4912 3127 4983 prolixum
3169 4912 3222 4967 in
3253 4923 3503 4968 sanctum

1918 5013 2181 5083 Babylam
2231 5019 2285 5065 et
2329 5018 2524 5063 contra
2562 5005 2813 5074 gentiles,
2848 5014 2909 5058 ut
2956 5004 3292 5058 existimavit
3337 5010 3390 5055 et
3452 5003 3505 5055 in

1920 5105 2170 5173 margine
2195 5101 2406 5156 notavit
2442 5097 2648 5152 Fronto
2695 5096 2945 5150 bucinus.
3006 5093 3142 5147 Nam
3189 5101 3248 5146 ut
3301 5094 3354 5146 in
3390 5093 3508 5146 llo-

1922 5195 2037 5249 uilo
2064 5193 2131 5247 ad
2167 5191 2450 5246 bomiliam
2477 5188 2532 5242 in
2560 5187 2815 5258 Babylam
2839 5195 2893 5240 et
2913 5186 2977 5239 ad
3003 5199 3278 5238 annexum
3306 5183 3508 5236 librutn

1923 5287 2194 5352 dicemus,
2223 5285 2314 5339 hic
2361 5282 2478 5352 ipse
2508 5281 2642 5334 liber
2672 5294 2953 5346 nunquam
2983 5276 3086 5332 fuit
3131 5278 3186 5331 in
3214 5284 3361 5331 coetu
3411 5275 3515 5329 Î•ÏÎ¼-

1926 5379 2114 5434 clesiaz
2166 5375 2594 5448 pronuntiatus;
2632 5387 2733 5426 nec
2775 5372 2846 5426 ob
2883 5370 3254 5440 prolixitatem
3292 5369 3513 5438 potuit:

1925 5470 2020 5526 sed
2053 5469 2233 5539 agitur
2268 5467 2378 5521 illic
2408 5468 2476 5520 de
2511 5464 2738 5518 homilia
2783 5465 2837 5516 in
2880 5461 3162 5534 Babylatn,
3216 5469 3279 5516 ut
3311 5461 3515 5530 cuique

1924 5577 2040 5617 rem
2080 5559 2390 5630 inspicienti
2425 5557 2602 5626 palam
2644 5556 2770 5609 erit.

2002 5653 2252 5719 Quatuor
2275 5651 2519 5721 priorum
2571 5649 2639 5703 de
2681 5647 2890 5703 Lazaro
2940 5645 3296 5701 homiliarum
3343 5646 3519 5700 inter-

1928 5743 2162 5816 pretatio
2202 5752 2282 5798 cst
2322 5739 2559 5808 Erasmi,
2594 5739 2805 5811 aliquot
2839 5739 2893 5795 in
2935 5739 3071 5796 locis
3092 5737 3403 5794 emendata.
