4142 6332
787 351 891 407 Oli?»

760 720 2041 743 W

1535 379 1591 440 S.
1631 382 1905 442 JOANNIS
1942 383 2408 443 CllRYSOSTOMl
2447 385 2764 444 ARClﬂEP.
2809 386 3350 445 CONSTANTINOP.
3977 385 4058 440 96$

762 1083 1029 1128 υοκίιιΑ
1073 1085 1407 1129 Ροετιιιοιιζ
1449 1087 1778 1132 ιλιεηως
1818 1084 2182 1133 ANTIOCHIB
2243 1085 2298 1134 Β.

2407 1092 2480 1135 I'A
2537 1089 2620 1134 DE
2665 1087 2769 1147 IIS,
2815 1092 2923 1146 QUI
2992 1093 3466 1148 INEBBIANTUR,
3513 1095 3728 1148 DEQUB
3773 1097 3860 1141 IIS
3929 1098 4029 1152 QUI

839 1164 1189 1207 COMMEANT
1218 1167 1302 1207 ΔΙ)
1344 1165 1661 1210 CAUPONAS
1688 1193 1704 1222 ,
1753 1167 1989 1220 QUIQUE
2043 1170 2328 1213 CHOREAS
2374 1168 2630 1214 DUCUNT
2673 1174 2791 1214 PER
2835 1172 3182 1217 CIVITATEM
3229 1177 3243 1216 2

3294 1174 3642 1218 PRAETEREA
3685 1177 3864 1228 oooo
3912 1178 4028 1220 non

839 1243 1168 1298 ΟΡΟΙΠῈΛΤ
1210 1244 1680 1288 PRECEP’I‘OBEM
1723 1247 2090 1290 DESPERARE
2134 1250 2215 1290 DE
2261 1249 2629 1305 DISCIPULIS,
2663 1249 2918 1294 ETIAMSI
2964 1253 3025 1295 IN
3058 1253 3343 1297 PBBSENS
3381 1253 3502 1297 NON
3531 1254 4025 1300 OBTEMPERBNT:

843 1321 1171 1364 POSTREMO
1216 1324 1295 1364 DE
1340 1323 1577 1366 LAZARO
1620 1325 1913 1368 MENDICO.
1971 1327 2047 1370 AC
2091 1329 2173 1369 DE
2216 1327 2455 1371 DIVITE.

1275 1653 1458 1694 ctmcm
1497 1655 1650 1693 PRIMA
1684 1648 1728 1711 (ι.
1745 1641 1786 1704 ).

805 1729 855 1784 l.
901 1730 1212 1784 llestcrnum
1242 1729 1402 1798 diem,
1429 1747 1548 1786 cum
1580 1742 1724 1786 esset
1753 1735 1940 1786 festum
1970 1733 2198 1798 Satanze,
2232 1731 2307 1788 fe-

731 1823 877 1877 cistis
909 1825 1098 1879 festum
1131 1825 1358 1894 Spiritus
1383 1867 1399 1890 ,
1435 1825 1555 1894 quia
1588 1825 1754 1879 multo
1780 1840 1900 1880 cum
1941 1825 2103 1879 animi
2132 1821 2308 1879 studio

733 1914 1005 1980 recepistis
1048 1930 1131 1980 ea,
1175 1933 1291 1985 qua:
1321 1931 1351 1969 a
1378 1917 1530 1971 nobis
1555 1916 1885 1984 dicebantur,
1917 1917 2308 1986 maximamque

729 2005 834 2058 diei
865 2016 1063 2074 partem
1095 2008 1143 2059 in
1167 2023 1231 2062 eo
1255 2007 1676 2077 consumpsistis,
1697 1988 1824 2062 ebrii
1846 2009 2151 2063 temulentia
2174 2025 2308 2077 qua-

730 2096 853 2148 dam
896 2096 1198 2150 sobrietatis
1229 2097 1379 2166 plena
1405 2139 1420 2163 ,
1450 2113 1676 2168 cumque
1707 2098 1869 2153 Paulo
1894 2098 2150 2153 ducentes
2177 2099 2307 2152 clio-

729 2200 868 2238 reas.
897 2185 1007 2251 Qua
1034 2186 1244 2255 quidem
1275 2203 1339 2241 ex
1377 2203 1435 2242 re
1461 2189 1610 2243 vobis
1644 2189 1909 2258 geminum
1951 2192 2179 2245 accrevit
2221 2193 2307 2246 lu~

728 2290 898 2340 erunt,
929 2277 1154 2344 primum
1183 2275 1321 2346 quod
1349 2279 1415 2331 ab
1443 2279 1688 2334 indecora
1715 2279 2122 2336 temulentorum
2149 2283 2308 2336 salta-

730 2368 871 2422 tione
903 2368 1230 2423 abstinuistis
1253 2410 1267 2434 ,
1315 2367 1507 2425 deinde
1541 2372 1680 2440 quod
1721 2369 2044 2441 spiiixalibus
2072 2372 2306 2429 saltastis

729 2459 990 2526 tripudiis,
1014 2459 1201 2530 quibus
1223 2458 1505 2529 plurimum
1523 2463 1672 2516 adest
1692 2462 1900 2517 decoris
1917 2479 1980 2519 ac
2006 2465 2301 2522 modestitc.

730 2551 807 2604 Ad
841 2551 954 2605 lnee
981 2553 1120 2621 quod
1150 2554 1370 2608 crateris
1397 2555 1679 2624 participes
1717 2554 1892 2610 fuistis
1916 2597 1930 2618 ,
1972 2573 2075 2611 non
2117 2571 2264 2612 mero
2286 2599 2301 2623 ,

729 2641 824 2702 sed
865 2643 1086 2712 spiritali
1131 2643 1371 2699 doctrina
1417 2645 1800 2712 redundantis;
1847 2657 2003 2718 atque
2043 2650 2140 2719 ipsi
2177 2647 2305 2705 tibia

727 2733 1034 2803 citharaque
1080 2733 1250 2789 fuistis
1296 2734 1510 2804 Spiritui
1556 2748 1742 2792 sancto
1792 2755 1806 2792 :
1846 2753 2072 2808 cumque
2122 2742 2302 2795 caeteri

727 2825 920 2877 choros
956 2825 1206 2880 ducerent
1250 2827 1463 2881 diabolo
1489 2869 1503 2892 ,
1549 2843 1645 2882 vos
1683 2843 1747 2882 eo
1773 2830 1912 2899 quod
1955 2828 2055 2885 hoc
2090 2829 2140 2884 in
2185 2830 2305 2884 loco

724 2917 1096 2983 versabamini,
1121 2918 1414 2986 praebuistis
1437 2933 1528 2972 vos
1557 2919 1696 2988 ipsos
1717 2935 1911 2989 organa
1941 2937 2171 2990 vasaque
2197 2921 2304 2991 spi-

725 3009 918 3075 ritalia,
949 3009 1363 3079 cxhibnistisque
1395 3010 1597 3066 animas
1628 3021 1830 3066 vestras
1861 3028 1956 3068 ceu
1989 3015 2186 3069 musica
2221 3015 2301 3068 in-

723 3111 1037 3167 strumenta,
1069 3119 1187 3173 qua:
1210 3101 1438 3173 Spiritus
1461 3115 1674 3159 sanctus
1702 3105 1954 3174 pulsaret,
1981 3116 2035 3162 et
2062 3109 2111 3160 in
2139 3107 2300 3161 corda

723 3203 896 3246 vestra
942 3196 1163 3264 gratiam
1210 3210 1358 3249 Suam
1415 3195 1715 3266 inspiraret.
1771 3197 1921 3252 Unde
1974 3198 2300 3253 modulatum

721 3292 1032 3337 concentum
1057 3285 1375 3348 reddidistis,
1406 3303 1510 3340 non
1539 3288 1705 3340 solum
1735 3287 1974 3342 homines
1996 3287 2301 3345 demulcen-

723 3384 850 3439 tem,
883 3393 1062 3429 verum
1091 3378 1248 3431 etiam
1279 3377 1544 3447 supernas
1565 3381 1782 3433 virtutes
1819 3379 2189 3435 dilectantem.

797 3466 925 3519 Muli
955 3485 1050 3520 non
1079 3470 1382 3536 infantundi,
1412 3470 1499 3523 sed
1516 3471 1816 3540 corrigendi.
1835 3472 2015 3540 —-Agc
2039 3473 2214 3540 itaque
2242 3479 2297 3527 et

726 3558 881 3612 hodie
934 3559 1192 3613 adversus
1244 3559 1553 3614 ebrietatem
1609 3576 1878 3614 armemus
1909 3562 2174 3632 linguam,
2221 3565 2296 3618 is-

723 3660 935 3717 tatnqne
962 3652 1118 3704 vitam
1144 3651 1404 3706 madidam
1436 3667 1498 3706 ac
1527 3652 1834 3705 dissolutum
1863 3665 2255 3720 Irostcrnamus
2280 3673 2294 3708 :

723 3744 1086 3810 vitupercmus
1127 3744 1254 3797 istos
1281 3747 1368 3812 qui
1399 3746 1448 3798 in
1494 3760 1556 3798 ea
1591 3746 1713 3798 totis
1741 3745 1928 3799 diebus
1981 3757 2293 3814 versantur,

725 3848 828 3884 non
859 3842 913 3884 ut
940 3833 1057 3887 illos
1089 3834 1484 3902 pudefaciamus
1506 3878 1520 3901 ,
1549 3835 1640 3889 sed
1673 3846 1727 3889 ut
1770 3851 1864 3890 eos
1911 3837 1978 3889 ab
2009 3838 2295 3907 ignominia

719 3925 1038 3978 liberemus:
1072 3941 1174 3979 non
1206 3935 1262 3979 ut
1292 3929 1407 3979 illos
1431 3929 1633 3995 probris
1659 3928 1971 3995 afﬁciamus,
2006 3931 2098 3985 sed
2127 3941 2181 3985 ut
2203 3945 2296 3986 eos

719 4017 1047 4083 eoi-rigantus
1081 4034 1095 4070 :
1123 4033 1226 4070 non
1261 4029 1316 4071 ut
1344 4019 1459 4072 illos
1492 4021 1828 4074 traducamus
1849 4062 1864 4087 ,
1897 4023 1988 4076 sed
2020 4010 2091 4077 "ut
2119 4026 2183 4077 ab
2211 4025 2293 4079 in-

719 4107 840 4160 fami
875 4109 1206 4164 traductione
1233 4151 1248 4175 ,
1299 4119 1352 4165 et
1393 4127 1420 4164 a
1448 4113 1642 4167 diaboli
1693 4115 1938 4168 manibus
1982 4117 2289 4185 eripiamus.

715 4201 965 4267 Quisquis
991 4203 1131 4253 enim
1163 4201 1213 4253 in
1247 4203 1549 4256 temulentia
1584 4213 1723 4257 totos
1754 4207 1862 4272 agit
1888 4207 2031 4272 dies,
2055 4209 2294 4277 quisquis

716 4291 765 4341 in
798 4289 1001 4344 deliciis
1029 4300 1081 4343 et
1110 4291 1517 4361 ingurgitatione
1541 4336 1555 4358 ,
1584 4295 1683 4348 sub
1709 4295 1901 4350 diaboli
1954 4300 2291 4368 tyrannidem

718 4381 963 4435 redactus
1007 4392 1109 4436 est.
1144 4385 1316 4452 Atque
1346 4386 1544 4438 utinam
1570 4389 1740 4441 oratio
1792 4400 1972 4443 nostra
2023 4390 2290 4459 profectus

711 4474 905 4542 aliquid
934 4474 1137 4528 all'erat.
1169 4475 1318 4542 Quod
1348 4478 1390 4530 si
1419 4487 1534 4546 post
1579 4489 1813 4533 nostram
1855 4482 2014 4536 etiam
2050 4483 2292 4538 admoni-

711 4567 908 4618 tionem
935 4565 984 4618 in
1011 4566 1195 4620 iisdem
1219 4569 1356 4623 vitiis
1381 4574 1852 4640 perseveraverint,
1883 4589 1950 4628 ne
1976 4575 2052 4628 sic
2075 4576 2286 4645 quidem

712 4672 808 4707 nos
856 4655 1177 4710 desisteutus
1227 4658 1333 4712 illis
1378 4661 1516 4729 quod
1588 4673 1787 4716 rectum
1843 4676 1923 4717 est
1969 4669 2284 4733 consulere;

708 4747 1134 4816 quandoquidem
1159 4760 1210 4801 et
1237 4763 1490 4818 aquarum
1524 4769 1703 4819 venae,
1737 4755 1941 4808 etiamsi
1989 4758 2164 4812 nullus
2197 4775 2286 4814 ve-

711 4837 816 4888 niat
847 4847 1136 4906 aquatum,
1184 4851 1400 4896 manant
1452 4852 1625 4897 tamen
1659 4861 1672 4896 :
1704 4856 1756 4899 et
1795 4845 1998 4912 fontes,
2046 4851 2287 4918 quamvis

715 4927 922 4980 hauriat
946 4944 1100 4982 nemo
1124 4971 1139 4994 ,
1171 4938 1347 4986 tamen
1379 4935 1645 4988 scatebras
1673 4937 1919 4990 emittunt
1947 4956 1960 4992 :
1991 4948 2044 4992 et
2064 4955 2247 4996 amnes
2267 4985 2281 5008 ,

705 5019 910 5071 etiamsi
932 5034 1084 5073 nemo
1107 5021 1269 5088 bibat,
1293 5023 1455 5076 nihilo
1483 5025 1654 5078 secius
1679 5028 1863 5080 linunt:
1891 5028 1968 5082 sic
1997 5042 2200 5097 oportet
2231 5043 2285 5086 et

706 5108 852 5160 illum
878 5108 965 5176 qui
987 5112 1358 5178 concionatur,
1387 5118 1622 5182 quamvis
1654 5117 1829 5171 nullus
1867 5122 2165 5188 auscultet,
2201 5133 2282 5177 ta-

708 5217 827 5253 men
856 5212 1108 5268 pra-stare
1135 5206 1386 5275 quidquid
1416 5209 1466 5260 in
1499 5208 1613 5276 ipso
1640 5210 1795 5263 situm
1824 5221 1923 5263 est.

785 5290 928 5344 Verbi
949 5295 1170 5348 minister
1185 5314 1454 5366 numquam
1473 5315 1666 5352 cessare
1685 5302 1823 5354 debet
1843 5305 1902 5356 ab
1915 5304 2092 5373 oﬂicio.
2119 5287 2282 5361 -;Si-

702 5387 913 5454 quidem
965 5387 1081 5442 btec
1111 5389 1196 5443 lex
1236 5391 1388 5445 nobis
1411 5432 1426 5458 ,
1458 5392 1544 5460 qui
1576 5394 1712 5446 sacri
1757 5396 2018 5450 sermonis
2057 5398 2281 5453 admini-

701 5480 1013 5534 strationem
1046 5483 1393 5551 suscepimus,
1421 5499 1447 5536 a
1471 5485 1696 5554 benigno
1720 5491 2022 5557 pra-scripta
2043 5501 2123 5544 est
2147 5491 2274 5555 Deo,

702 5585 769 5622 nc
798 5586 1044 5645 umquam
1076 5573 1214 5642 quod
1246 5575 1455 5643 quidem
1487 5576 1536 5629 in
1570 5579 1720 5632 nobis
1751 5579 1905 5633 fuerit
1931 5581 2101 5636 facere
2126 5583 2277 5636 defa-

701 5663 1087 5728 tigemurzncc
1136 5668 1245 5719 ullo
1303 5676 1538 5737 tempore
1591 5670 1879 5738 sileamus,
1928 5674 2037 5727 sive
2065 5675 2132 5727 sit
2185 5676 2270 5744 qni

761 5784 834 5856 to)
856 5784 1031 5856 Collata
1055 5800 1163 5856 cum
1187 5795 1290 5837 Mss.
1307 5792 1463 5856 negtiis
1483 5791 1618 5856 1819.
1651 5793 1781 5853 1832,
1815 5794 1948 5853 1952,
1979 5795 2113 5854 1060,
2139 5796 2276 5856 1963,

698 5847 834 5909 1967,
864 5848 1145 5900 uolbertiu'ts
1173 5865 1286 5900 vero
1311 5847 1385 5909 49,
1413 5855 1522 5910 δυι,
1553 5856 1687 5903 1030.

2422 1639 2725 1701 auscultet,
2757 1634 2870 1694 sive
2903 1635 2977 1693 slt
3007 1637 3101 1708 qui
3139 1649 3514 1714 prmtercurrat
3557 1639 3833 1711 negligens
3867 1644 3996 1709 quid

2419 1725 2633 1786 dicitur.
2663 1730 2792 1785 Nam
2824 1740 2879 1786 et
2911 1717 3204 1799 J‘ercmias,
3237 1747 3358 1786 cum
3401 1730 3599 1786 Judzcis
3631 1733 3797 1785 multa
3847 1733 3997 1784 lltiltt-

2418 1834 2535 1879 tans
2557 1866 2573 1892 ,
2603 1826 2845 1895 malaque
2889 1825 3216 1880 imminentia
3245 1824 3536 1895 prmdicens
3560 1865 3575 1890 ,
3621 1823 3690 1878 ab
3732 1825 3997 1879 audienti.

2419 1917 2517 1970 bus
2540 1915 2962 1972 subsannaretur
2983 1958 2999 1982 ,
3047 1927 3261 1987 totoque
3291 1915 3376 1972 die
3402 1915 3666 1971 rideretur
3687 1959 3702 1984 ,
3735 1918 3999 1987 cogitabat

2417 2011 2484 2062 ab
2516 2010 2604 2063 illa
2635 2009 2912 2078 prophetia
2959 1990 3218 2064 desistere
3238 2049 3254 2075 ,
3303 2009 3554 2062 nimirum
3583 2007 3818 2062 humano
3868 2025 3996 2079 qun-

2416 2097 2536 2153 dam
2564 2100 2754 2152 alTectn
2787 2101 2958 2154 victus
2983 2140 2997 2164 ,
3051 2113 3244 2153 sannas
3275 2098 3392 2153 illas
3436 2106 3490 2153 et
3535 2099 3773 2153 convicia
3802 2102 3995 2169 perpetl

2417 2205 2522 2245 non
2552 2190 2731 2243 valens
2756 2232 2769 2254 ,
2797 2191 2971 2259 aitque
3005 2208 3017 2243 :
3053 2187 3240 2243 Factus
3269 2205 3381 2242 sum
3420 2188 3668 2243 ridiculus
3712 2198 3816 2242 toto
3871 2191 3984 2255 die,

2418 2280 2526 2334 dixi
2559 2295 2578 2334 :
2600 2298 2697 2334 non
2724 2281 2901 2350 loquar
2925 2322 2939 2344 ,
2969 2296 3124 2350 neque
3154 2274 3420 2332 nominabo
3464 2296 3645 2333 nomen
3685 2277 3924 2344 Domini,
3956 2289 3994 2331 ει

2419 2374 2587 2442 factus
2608 2383 2677 2426 est
2719 2371 2772 2425 in
2817 2389 2897 2426 me
2921 2371 3052 2425 velut
3098 2369 3229 2442 ignis
3257 2370 3442 2424 ardens
3465 2411 3480 2434 ,
3529 2377 3678 2441 atque
3701 2382 3922 2424 mtuam
3949 2375 3992 2424 in

2418 2461 2611 2517 ossibus
2657 2465 2779 2516 meis
2826 2479 2844 2517 :
2896 2462 3141 2516 dissolvor
3191 2462 3412 2530 undique
3462 2477 3554 2515 nec
3611 2478 3818 2532 possum
3876 2461 3993 2530 [me

2415 2552 2548 2624 (θεν.
2575 2553 2667 2609 20.
2684 2554 2734 2610 7.
2759 2553 2832 2622 9).
2855 2553 3005 2621 Quod
3031 2562 3206 2607 autem
3230 2553 3378 2617 dicit,
3398 2552 3541 2607 hunc
3559 2553 3720 2608 habet
3747 2568 3955 2607 sensum
3979 2567 3990 2605 :

2415 2647 2686 2708 volebam,
2725 2645 2928 2714 inquit,
2975 2661 3004 2698 a
3037 2644 3381 2714 pra'dictione
3425 2644 3706 2709 desistere,
3757 2655 3989 2714 propter-

2415 2751 2476 2790 ea
2494 2735 2631 2805 quod
2651 2749 2752 2789 non
2781 2735 3143 2789 auscultabant
3160 2734 3325 2789 Judmi
3345 2753 3357 2786 :
3373 2742 3425 2789 et
3449 2735 3602 2788 simul
3620 2743 3780 2804 atque
3797 2735 3894 2788 hoc
3907 2750 3990 2788 Cu-

2412 2829 2663 2897 gitassem
2689 2866 2704 2892 ,
2739 2827 2891 2881 irruit
2918 2826 2971 2880 in
3003 2827 3234 2880 animam
3263 2839 3434 2881 meam
3460 2826 3680 2895 spiritus
3706 2827 3788 2881 vis
3813 2869 3828 2893 ,
3855 2825 3990 2880 velut

2415 2920 2552 2988 ignis
2577 2959 2593 2985 ,
2623 2920 2903 2988 omniaque
2953 2917 3134 2972 intima
3163 2933 3279 2972 mea
3327 2917 3632 2983 succendit,
3683 2931 3989 2972 consumens

2413 3009 2626 3078 insuper
2648 3050 2662 3074 ,
2697 3017 2750 3063 et
2778 3009 3014 3064 exedens
3035 3021 3155 3062 ossa
3187 3017 3326 3072 mea,
3350 3007 3482 3062 adeo
3512 3017 3568 3062 ut
3600 3009 3899 3063 incendium
3929 3008 3988 3060 ilo

2413 3099 2500 3153 lud
2532 3101 2666 3154 ferre
2690 3115 2792 3152 non
2820 3113 3053 3168 possem.
3078 3096 3230 3166 Quod
3271 3098 3314 3152 si
3347 3097 3601 3167 prepbcta
3633 3100 3722 3168 qui
3764 3099 3987 3169 quotidie

2413 3191 2642 3246 ludibrio
2672 3191 2988 3256 habebatur,
3031 3191 3267 3260 quotidie
3307 3190 3561 3245 conviciis
3593 3192 3983 3252 incessebatur.

2412 3282 2490 3336 sic
2536 3282 2886 3336 discruciatus
2929 3291 3041 3346 est,
3089 3295 3156 3336 eo
3184 3282 3322 3351 quod
3360 3290 3614 3336 statuerat
3662 3283 3820 3338 silere
3851 3301 3865 3336 :
3893 3298 3984 3352 qua

2411 3372 2620 3427 tandem
2651 3389 2748 3428 nos
2770 3373 2918 3428 venia
2941 3373 3079 3442 digiti
3102 3372 3453 3437 censebimur,
3473 3373 3515 3426 si
3537 3373 3626 3442 qui
3653 3374 3882 3428 nondum
3913 3383 3981 3426 ta.

2411 3464 2461 3520 le
2487 3465 2770 3534 quidquam
2812 3466 3046 3534 perpessi
3077 3481 3261 3518 sumus
3288 3506 3301 3529 ,
3343 3473 3518 3519 tamen
3549 3466 3618 3519 ob
3644 3467 3979 3534 quorumdam

2411 3555 2784 3626 negligentiam
2823 3555 3136 3624 dejiciamus
3177 3556 3410 3608 animum
3436 3595 3451 3620 ,
3492 3565 3545 3608 et
3589 3555 3658 3608 ab
3698 3556 3979 3609 exhibenda

2412 3646 2517 3701 illis
2549 3646 2788 3700 doctrina
2817 3659 3090 3700 cessemus
3109 3687 3123 3712 ,
3151 3647 3378 3700 maxime
3403 3661 3530 3700 vero
3551 3661 3673 3700 cum
3704 3656 3810 3699 tam
3840 3648 3979 3700 multi

2409 3739 2515 3794 sint
2543 3782 2557 3806 ,
2591 3739 2681 3808 qui
2712 3753 2772 3794 se
2801 3738 3039 3809 przebent
3066 3737 3345 3792 attentos?

2476 3827 2529 3884 2.
2562 3827 2674 3884 Non
2707 3830 2819 3883 haec
2866 3829 3053 3899 loquor
3104 3828 3207 3883 mei
3242 3828 3548 3883 consolandi
3597 3827 3976 3897 deliniendique

2404 3923 2591 3994 gratia.
2622 3922 2752 3978 Nam
2782 3937 2900 3976 meo
2929 3923 3140 3992 quidem
3174 3923 3337 3990 ipsius
3373 3923 3551 3975 animo
3583 3923 3816 3990 persuasi
3837 3963 3853 3988 ,
3883 3939 3975 3991 quo

2404 4015 2784 4083 adspiravero,
2821 4022 2876 4067 et
2916 4013 3086 4067 donec
3131 4014 3353 4066 Domino
3395 4016 3563 4067 visum
3605 4012 3764 4067 fuerit
3794 4029 3887 4067 nos
3930 4015 3971 4065 in

2406 4105 2654 4174 prcesenti
2709 4106 2811 4158 vita
2845 4103 3079 4168 versari,
3111 4103 3211 4157 hoc
3253 4104 3473 4172 implere
3505 4104 3856 4157 ministerium
3884 4145 3896 4160 .
3927 4114 3971 4155 et

2402 4197 2514 4250 sive
2539 4197 2656 4266 quis
2683 4197 2920 4251 attendat
2941 4237 2956 4260 ,
2998 4196 3109 4250 sive
3133 4210 3235 4248 non
3273 4195 3508 4249 attendat
3528 4233 3545 4261 ,
3577 4194 3751 4249 facere
3782 4209 3839 4247 ea
3867 4210 3968 4263 qua:

2401 4289 2800 4359 prmcipiuntur.
2850 4288 3044 4341 Verum
3089 4288 3338 4354 quoniam
3388 4296 3511 4340 sunt
3565 4287 3837 4351 nonnulli,
3889 4286 3962 4352 qui

2401 4383 2688 4436 tnultorum
2737 4395 2927 4434 manus
2971 4379 3304 4445 dissolvunt,
3347 4395 3516 4449 neque
3564 4381 3798 4434 contenti
3841 4378 3962 4448 quod

2399 4473 2497 4541 ipsi
2532 4472 2660 4528 nihil
2704 4471 2944 4525 utilitatis
2975 4471 3204 4525 afferunt
3232 4471 3354 4524 vita:
3384 4480 3582 4524 nostra:
3605 4513 3618 4535 ,
3661 4470 3819 4525 etiam
3852 4471 3964 4524 alio-

2397 4582 2515 4620 rum
2546 4565 2777 4618 studium
2813 4579 2874 4618 ac
2902 4563 3164 4618 fervorem
3190 4564 3499 4633 refrigerant
3525 4564 3708 4618 sannis
3735 4579 3797 4616 ac
3816 4563 3963 4616 dicte-

2397 4657 2489 4710 riis
2516 4698 2530 4722 ,
2561 4657 2686 4710 dum
2714 4657 2860 4709 aiunt
2887 4672 2899 4708 :
2924 4655 3107 4710 desine
3134 4655 3267 4709 bene
3297 4655 3577 4709 consulere
3597 4697 3610 4721 ,
3635 4654 3830 4709 desiste
3855 4668 3958 4707 meo

2397 4763 2558 4812 nere,
2593 4747 2777 4802 nolunt
2826 4747 2916 4801 tibi
2961 4749 3298 4810 auscultare;
3350 4763 3415 4801 ne
3446 4747 3570 4816 quid
3620 4747 3688 4801 sit
3732 4747 3820 4800 tibi
3854 4761 3959 4799 cum

2396 4841 2504 4895 illis
2530 4841 2832 4894 commercii
2861 4858 2873 4892 :
2915 4840 3163 4909 quoniam
3194 4855 3320 4909 ergo
3350 4850 3474 4892 sunt
3517 4839 3730 4908 quidam
3778 4841 3869 4893 ista
3899 4839 3959 4889 lo-

2397 4941 2624 5002 quentes
2649 4972 2661 4995 ,
2689 4931 3034 4985 inhumanam
3081 4929 3216 4984 hanc
3264 4930 3582 4983 sententiam
3607 4969 3624 4995 ,
3658 4929 3959 4996 insidiasque

2392 5023 2680 5077 diabolicas
2711 5031 2963 5076 excutere
3009 5021 3196 5074 volens
3222 5035 3252 5074 e
3284 5021 3568 5073 multorum
3603 5021 3822 5085 animis,
3857 5019 3956 5088 pln-

2392 5116 2537 5169 ribus
2565 5113 2662 5168 hac
2691 5114 2757 5169 de
2786 5129 2842 5168 re
2872 5115 3098 5167 dissero.
3127 5113 3396 5183 Siquidem
3421 5123 3473 5166 et
3493 5112 3606 5166 beri
3636 5115 3755 5167 novi
3786 5114 3955 5165 mullos

2391 5206 2478 5275 qui
2534 5206 2653 5258 talia
2704 5205 2862 5259 verba
2915 5204 3263 5274 protulerint,
3313 5204 3562 5273 quicum
3604 5207 3956 5274 conspicerent

2391 5299 2596 5367 aliquos
2623 5298 2673 5350 in
2705 5313 2942 5367 caupona
2971 5296 3253 5352 detrivisse
3279 5305 3517 5366 tempus,
3565 5312 3686 5350 cum
3711 5299 3818 5351 risu
3851 5311 3953 5350 san-

2391 5392 2576 5460 nisque
2598 5391 2842 5445 dicebant
2875 5409 2888 5444 :
2923 5392 3128 5446 scilicet
3155 5391 3376 5445 omnino
3419 5391 3659 5459 persuasi
3691 5399 3845 5454 sunt;
3878 5403 3951 5441 nc-

2390 5501 2477 5539 mo
2495 5501 2712 5556 prorsus
2739 5501 3030 5556 cauponam
3050 5488 3314 5558 ingressus
3333 5496 3433 5551 est;
3459 5501 3648 5540 omnes
3668 5487 3824 5541 sobrii
3850 5493 3948 5539 sunt

2390 5579 2604 5633 redditi.

2471 5669 2683 5722 Verbum
2714 5686 2908 5738 semper
2952 5670 3003 5722 in
3051 5670 3223 5740 aliquo
3272 5670 3565 5740 fructi/iret.
3591 5666 3812 5737 —-Quid
3849 5665 3938 5724 ais.

2391 5759 2595 5811 homo?
2631 5755 2885 5813 Videlicet
2938 5763 3070 5814 istuc
3100 5762 3315 5829 polliciti
3363 5776 3550 5815 sumus
3578 5802 3593 5825 ,
3628 5777 3726 5814 nos
3756 5772 3850 5813 uno
3880 5755 3940 5805 die

2389 5867 2575 5907 omnes
2603 5853 2717 5906 illos
2745 5854 2841 5908 reti
2871 5855 3156 5925 capturos?
3200 5853 3329 5910 Nam
3355 5855 3396 5908 si
3425 5852 3614 5909 decem
3665 5854 3815 5908 modo
3852 5858 3932 5920 per
