4160 6324
308 406 414 461 965

306 515 452 572 suasi
511 514 737 578 fuerint,
770 515 813 568 si
864 509 1096 587 quinque
1140 524 1374 574 tantum,
1419 515 1458 564 si
1511 530 1691 579 unus;
1724 529 1902 568 nonne

312 608 468 662 nobis
500 606 604 660 hoc
632 604 832 659 sufﬁcit
857 605 923 657 ad
951 604 1415 659 consolationem?
1440 605 1550 674 Ego
1581 619 1705 658 vero
1725 604 1899 658 dicam

309 699 565 770 quiddam
594 698 696 752 hoc
721 697 880 750 etiam
910 695 1300 749 vehementius.
1333 695 1476 748 Pone
1503 696 1770 756 neminem
1799 710 1896 748 noo

307 788 436 841 stris
451 786 607 840 dictis
626 783 788 839 fuisse
818 798 1157 854 persuasum;
1177 799 1493 852 quamquam
1525 784 1574 837 id
1599 783 1712 838 fieri
1731 800 1898 838 num-

307 891 470 945 quam
493 883 691 944 potest,
708 874 953 928 nimirum
970 882 1027 927 ut
1039 888 1217 928 sermo
1232 873 1282 925 in
1301 881 1405 926 tam
1425 872 1616 927 multas
1633 888 1790 926 aures
1801 872 1904 926 dis-

306 965 603 1021 aetiiinatus
626 973 778 1019 vacet
797 965 939 1020 omni
963 964 1133 1019 fructu
1159 981 1173 1017 :
1202 974 1567 1019 verumtamen
1601 977 1741 1033 pone
1766 964 1901 1017 istuc

305 1070 430 1110 esse
453 1094 472 1122 ,
498 1070 568 1110 ne
589 1055 669 1110 sic
709 1054 924 1123 quidem
953 1054 1107 1109 nobis
1150 1052 1283 1108 nihil
1320 1052 1524 1107 adferet
1550 1053 1682 1108 lucri
1722 1067 1901 1108 sermo

310 1155 520 1200 noster.

387 1233 590 1288 Gradus
613 1233 685 1287 ad
710 1234 943 1288 virtutem
968 1243 1039 1288 est
1058 1233 1223 1286 minus
1246 1232 1564 1304 impudenter
1587 1249 1812 1303 peccare.
1831 1259 1903 1272 —-

310 1324 446 1380 Nam
476 1324 688 1379 etiamsi
721 1323 963 1378 nonnulli
1013 1324 1236 1394 ingressi
1267 1319 1390 1378 sunt
1428 1338 1759 1391 cauponam,
1793 1339 1897 1376 non

305 1426 490 1470 tamen
521 1431 643 1470 cum
670 1415 784 1486 pari
813 1431 913 1484 qua
939 1416 1114 1470 solent
1141 1409 1468 1484 impudentia
1497 1426 1622 1469 suttt
1654 1415 1896 1484 ingressi,

303 1506 404 1560 sed
433 1505 499 1559 ad
544 1506 714 1575 ipsam
758 1507 919 1559 etiam
950 1520 1188 1559 mensam
1217 1506 1408 1561 crebro
1451 1516 1752 1560 nostrorum
1783 1521 1902 1558 ver-

312 1600 504 1652 borum
529 1597 790 1653 recordati
820 1605 965 1664 sunt,
997 1598 1158 1656 subiit
1183 1598 1286 1652 illis
1317 1607 1496 1651 nostra
1525 1596 1892 1666 reprehensio,

311 1689 469 1743 rediit
495 1688 547 1742 in
577 1688 889 1746 memoriam
914 1696 1093 1740 nostra
1116 1687 1444 1757 obiurgatio,
1469 1702 1532 1743 ac
1556 1687 1900 1742 recordantes

315 1779 511 1835 rubore
537 1780 723 1832 suffusi
751 1788 908 1846 sunt,
953 1781 1286 1834 erubuerunt
1330 1781 1488 1839 tacita
1534 1781 1895 1851 cogitatione,

313 1886 415 1925 nec
438 1870 596 1925 simili
625 1871 949 1939 impudentia
977 1870 1216 1926 fecerunt
1243 1887 1304 1924 ea
1336 1887 1453 1941 qure
1493 1873 1756 1927 solebant.
1787 1873 1900 1927 lloc

313 1973 498 2018 autem
539 1965 745 2016 initium
794 1973 877 2018 est
903 1964 1088 2018 salutis
1117 1965 1438 2034 optitnteque
1461 1965 1802 2029 mutationis,
1853 1966 1898 2018 si

268 2056 272 2058 ⁷
309 2069 476 2122 quem
506 2053 716 2122 penitus
746 2054 828 2108 sui
869 2054 1101 2123 pudeat,
1148 2057 1190 2108 si
1220 2056 1339 2124 quis
1367 2070 1586 2124 prorsus
1628 2054 1767 2110 facta
1805 2072 1897 2111 sua

304 2145 554 2199 damnet.
600 2145 736 2212 Quin
767 2159 833 2199 ex
867 2145 968 2200 hoc
997 2145 1215 2215 insuper
1238 2155 1292 2204 et
1334 2147 1478 2200 aliud
1510 2147 1665 2201 nobis
1690 2148 1897 2202 lucrum
1943 2207 1950 2210 ν

311 2251 425 2290 non
459 2238 636 2290 minus
664 2230 1231 2303 nascitur.‘Quodn'am
1277 2232 1419 2290 hoc?
1462 2237 1724 2291 Nimirum
1771 2237 1898 2291 illud

313 2325 463 2392 quod
513 2339 610 2378 eos
657 2326 745 2394 qui
779 2325 1124 2380 sobrietatem
1153 2327 1584 2395 amplectuntur,
1627 2327 1900 2382 reddimus

311 2416 676 2492 modestiores
701 2419 974 2487 magisque
1010 2421 1336 2488 compositos
1361 2462 1376 2487 ,
1416 2421 1540 2474 dum
1568 2437 1634 2475 ex
1660 2422 1901 2476 oratione

307 2518 497 2563 nostra
527 2510 862 2575 declaratur,
904 2511 1045 2580 quod
1079 2511 1294 2580 optimis
1333 2512 1594 2567 ducantur
1631 2514 1914 2594 consiliis,_

304 2602 402 2671 qui
442 2616 546 2655 non
571 2602 902 2656 abducantur
926 2605 1171 2673 exemplo
1196 2604 1570 2658 multitudinis.
1602 2605 1718 2660 Non
1751 2607 1898 2660 erexi

307 2692 531 2761 quidem
557 2700 878 2763 mgrotantes
904 2735 919 2760 ,
942 2704 1176 2750 attamen
1203 2711 1296 2750 eos
1326 2697 1413 2765 qui
1442 2685 1623 2751 valent
1645 2737 1660 2762 ,
1694 2697 1897 2752 reddidi

306 2784 618 2848 ﬁrmiores;
648 2800 756 2837 non
799 2784 1022 2839 abduxit
1061 2786 1319 2855 quosdam
1364 2801 1391 2838 a
1424 2787 1552 2840 vitio
1587 2803 1766 2841 sermo
1806 2803 1900 2841 uo-

308 2887 426 2927 ster
449 2916 461 2935 ,
506 2874 599 2928 sed
632 2884 808 2929 tamen
855 2890 949 2929 eos
975 2877 1063 2945 qui
1114 2891 1237 2930 cum
1269 2877 1462 2931 virtute
1495 2877 1656 2929 vitam
1698 2886 1898 2946 agunt,

308 2966 546 3020 reddidit
565 2969 897 3022 attentiorcs.
925 2970 1003 3022 Ad
1029 2969 1144 3024 lure
1164 2970 1411 3040 quiddam
1434 2970 1623 3026 addam
1649 2972 1860 3026 tertium
1884 2977 1919 3025 ε’

311 3057 477 3111 hodie
507 3073 611 3111 non
647 3058 923 3127 persuasi,
948 3061 1040 3114 sed
1068 3075 1186 3114 cras
1212 3061 1438 3116 fortasse
1457 3063 1777 3132 persuadere
1799 3076 1894 3131 po-

309 3158 453 3201 tero.
498 3147 650 3214 Quod
695 3149 741 3202 si
772 3149 949 3203 minus
997 3165 1150 3216 cras,
1201 3160 1434 3206 attamen
1470 3153 1764 3221 perendie,
1810 3161 1902 3206 aut

309 3249 506 3308 quarto
552 3239 620 3293 ab
662 3239 787 3294 hinc
813 3240 901 3294 die
946 3240 1186 3296 fortassis
1227 3256 1568 3310 persuaseru.
1599 3247 1701 3310 Qut
1745 3244 1901 3297 hodie

307 3329 456 3397 quod
479 3328 679 3382 audivit
703 3330 928 3397 repulit,
956 3345 1074 3384 cras
1097 3330 1338 3384 fortassis
1357 3332 1536 3385 audiet
1560 3347 1622 3385 ac
1647 3331 1899 3401 recipiet:

309 3428 428 3472 tum
456 3418 545 3488 qui
574 3419 833 3473 hodierno
849 3421 1290 3490 crastinoquedie
1333 3423 1748 3491 contempserit,
1797 3423 1904 3477 for-

309 3510 474 3563 tassis
502 3517 622 3578 post
645 3511 761 3562 dies
804 3512 1108 3579 complures
1139 3512 1397 3581 praebebit
1424 3514 1659 3566 animum
1691 3514 1756 3567 iis
1782 3529 1902 3585 qua:

311 3600 584 3654 dicuntur.
617 3600 1055 3670 Quandoquidem
1096 3618 1240 3672 sccpe
1281 3605 1548 3673 piscator,
1577 3607 1666 3675 qui
1696 3623 1790 3676 per
1820 3617 1901 3660 to-

294 3703 428 3745 ‘tum
447 3692 586 3745 diem
606 3707 827 3746 vacuum
846 3694 1062 3746 attraxit
1087 3702 1200 3748 rete
1221 3736 1236 3760 ,
1262 3696 1361 3748 sub
1386 3707 1597 3750 noctem
1617 3698 1728 3766 jam
1755 3690 1903 3753 abire

311 3797 540 3852 parans,
573 3781 763 3851 capto,
790 3785 877 3850 qui
911 3785 1078 3851 ipsum
1113 3800 1205 3852 per
1235 3795 1400 3840 totum
1435 3787 1696 3842 fefellerat
1725 3790 1896 3856 diem,

311 3874 500 3940 pisce,
529 3873 777 3927 discedit.
806 3873 957 3940 Quod
988 3876 1032 3928 si
1073 3875 1193 3929 ideo
1231 3877 1424 3930 victuri
1445 3890 1636 3929 sumus
1672 3878 1724 3931 in
1753 3879 1899 3945 otio,

307 3974 372 4018 et
393 3963 463 4016 ab
487 3964 735 4017 omnibus
767 3964 1066 4018 actionibus
1092 3965 1356 4021 videbitur
1380 3969 1752 4023 abstinendum
1776 4010 1794 4036 ,
1835 3985 1902 4024 eo

309 4056 458 4126 quod
483 4069 696 4124 semper
734 4057 945 4120 evenit,
983 4067 1037 4110 ut
1083 4058 1276 4112 alicubi
1315 4058 1635 4136 frustremur
1671 4063 1898 4131 optatis,

310 4149 564 4203 universa
614 4148 769 4202 nobis
810 4151 1028 4218 perierit
1058 4153 1162 4203 vita
1195 4168 1212 4203 :
1242 4165 1341 4205 nec
1374 4152 1668 4221 spiritualia
1704 4154 1900 4220 modo,

311 4253 500 4291 verum
528 4240 688 4291 etiam
716 4239 802 4291 illa
833 4254 952 4308 qua:
993 4239 1060 4293 ad
1094 4241 1214 4294 vita:
1244 4242 1522 4308 prasentis
1562 4248 1718 4297 usum
1743 4244 1906 4310 perti-

310 4339 484 4394 nent,
537 4330 698 4384 simul
742 4331 1042 4385 interierint
1081 4331 1283 4386 Omnia.
1327 4333 1537 4387 Etenim
1581 4335 1626 4390 si
1673 4337 1902 4404 agricola

312 4422 560 4491 protinus
598 4421 666 4474 ab
716 4422 1036 4490 agricultura
1077 4424 1320 4490 resiliat,
1366 4425 1506 4494 quod
1533 4426 1699 4480 semel
1743 4436 1904 4496 atque

314 4515 510 4566 iterum
542 4521 636 4565 aut
659 4515 855 4582 sapius
883 4513 1138 4569 acciderit
1177 4517 1318 4570 aeris
1347 4517 1712 4585 inaequalitas,
1755 4518 1902 4573 brevi

314 4602 466 4656 fame
493 4603 787 4671 peribimus
816 4618 1026 4660 omnes.
1077 4605 1206 4660 ltem
1247 4606 1293 4660 si
1321 4609 1605 4662 nauclerus
1631 4608 1701 4662 ob
1736 4611 1902 4664 semel

311 4706 477 4763 atque
515 4695 706 4750 iterum
734 4737 749 4761 ,
783 4706 875 4750 aut
913 4697 1108 4766 saepius
1135 4699 1375 4752 obortam
1418 4708 1784 4767 tempestatem
1818 4700 1904 4755 fu—

307 4787 424 4856 giat
471 4801 656 4852 mare,
702 4786 935 4841 futurum
977 4801 1087 4849 est,
1120 4798 1179 4842 ut
1222 4805 1382 4844 nemo
1409 4793 1635 4844 vehatur
1680 4795 1901 4863 pelago,

309 4887 473 4946 atque
495 4879 616 4933 hinc
657 4895 868 4933 rursum
919 4883 1167 4948 peribunt
1215 4883 1368 4937 nobis
1393 4885 1570 4938 omnia
1600 4887 1902 4964 vitze'com-

312 4969 494 5023 modo.
547 4971 700 5037 Quod
741 4973 784 5025 si
823 4987 919 5040 per
945 4973 1176 5042 singulas
1218 4987 1359 5031 artes
1411 4994 1755 5045 percurrens,
1806 4979 1904 5035 ista

309 5077 436 5131 quae
483 5078 581 5116 nos
623 5063 798 5118 facere
843 5066 960 5131 vis,
1005 5068 1263 5128 suadeas.
1313 5084 1673 5140 moneasque,
1713 5083 1905 5127 cuncta

311 5151 553 5206 funditus
592 5154 917 5218 interibunt,
969 5165 1214 5226 terraque
1238 5153 1441 5213 carebit
1484 5161 1691 5216 incolis.
1725 5162 1905 5232 Itaque

313 5256 442 5293 cum
470 5240 587 5294 luce
616 5257 807 5297 omnes
852 5245 1061 5310 sciant,
1091 5247 1299 5300 etiamsi
1329 5251 1494 5302 semel
1523 5259 1684 5319 atque
1713 5251 1902 5305 iterum

310 5340 410 5383 aut
457 5334 652 5400 sazpius
708 5333 945 5389 frustrati
994 5337 1189 5392 fuerint
1235 5351 1418 5408 Optato
1463 5345 1799 5412 negotiorum
1853 5347 1903 5400 in

309 5416 513 5493 quibus
555 5437 846 5502 versantur
884 5412 1032 5484 exitu
1065 5448 1078 5485 :
1113 5431 1289 5486 denuo
1320 5433 1434 5502 pari
1475 5449 1596 5488 cum
1632 5436 1905 5492 alacritate

307 5513 542 5568 redeunt
565 5516 630 5569 ad
654 5518 863 5573 eadem.

279 5594 286 5598 ’
401 5602 455 5658 '5.
482 5603 614 5674 Qua:
636 5621 756 5661 cum
787 5609 940 5662 nobis
961 5612 1119 5665 etiam
1153 5622 1277 5666 nota
1305 5615 1412 5668 sint
1436 5615 1611 5668 omnia
1629 5657 1643 5680 ,
1674 5615 1908 5671 dilectis-

307 5695 470 5758 simi,
524 5712 592 5750 ne
629 5713 812 5766 qumso
866 5701 1200 5770 proferamus
1250 5705 1344 5758 ista
1374 5747 1387 5769 ,
1442 5722 1574 5760 neve
1623 5706 1903 5772 dicamus,

286 5782 446 5853 quid
480 5787 631 5841 nobis
662 5799 742 5842 est
771 5801 845 5844 tot
876 5793 1049 5846 verbis
1078 5794 1246 5862 opus?
1273 5795 1424 5849 Nulla
1471 5812 1532 5848 ex
1565 5796 1665 5850 hoc
1695 5812 1902 5851 sermo-

1553 404 1639 458 υΕ
1680 398 1956 459 LAZARO
1991 397 2242 457 CONCIO
2275 404 2316 456 l.

3499 392 3603 454 966

2011 530 2078 568 ne
2109 524 2387 583 promanat
2419 514 2636 569 utilitas.
2663 517 2792 568 Nam
2827 523 2880 567 et
2904 514 3155 584 agricola,
3189 514 3275 567 ubi
3322 519 3488 572 semel
3519 528 3607 570 att-

2007 619 2113 673 que
2145 605 2335 658 iterum
2385 605 2690 676 aes-rpius
2737 619 2921 658 semen
2976 621 3104 657 arvo
3149 603 3457 670 commisit,
3495 622 3600 662 nec

2010 694 2148 748 votis
2185 693 2464 762 respondit
2500 704 2785 761 proventus
2810 735 2825 759 ,
2873 708 3057 748 rursus
3097 692 3344 748 eamdem
3385 703 3603 748 exercet

2010 794 2243 854 segetem
2272 772 2445 852 neque
2489 799 2613 838 raro
2640 783 2726 848 fit,
2757 795 2812 836 ιιι
2843 785 3008 836 totius
3053 783 3310 852 temporis
3337 782 3602 851 jacturaut

2008 891 2115 930 uno
2140 876 2336 929 sarciat
2379 890 2541 936 anno.
2573 875 2659 929 Sic
2693 884 2745 928 ιιι
2776 876 3075 944 negotiator
3112 890 3434 943 quamquam
3481 889 3601 928 cre-

2009 967 2108 1021 bro
2138 966 2263 1021 fecit
2291 966 2632 1035 naufragium
2655 1007 2670 1030 ,
2705 983 2807 1019 non
2848 975 3031 1020 tamen
3078 965 3310 1020 abstinet
3336 981 3364 1017 a
3396 973 3552 1034 portu
3581 1006 3599 1030 ,

2006 1042 2100 1112 sed
2128 1067 2182 1112 ct
2227 1065 2574 1127 posteaquam
2623 1059 2796 1110 navim
2829 1057 3099 1122 detraxit,
3151 1066 3204 1109 et
3256 1065 3442 1108 nautas
3467 1069 3601 1108 con-

2006 1149 2196 1214 duxit,
2251 1150 2493 1218 pecuniis
2539 1155 2724 1202 mutuo
2756 1147 3022 1215 acceptis,
3052 1146 3240 1200 eadem
3293 1145 3603 1216 aggreditur

2005 1239 2248 1308 negotia,
2281 1239 2438 1308 idque
2465 1255 2585 1294 cum
2615 1239 2783 1294 nihilo
2824 1239 2992 1308 magis
3025 1248 3150 1292 tunc
3175 1239 3307 1292 sciat
3332 1237 3607 1308 quomodo

2005 1345 2281 1384 eessurmn
2307 1330 2406 1397 sit,
2441 1346 2598 1400 quam
2638 1331 2834 1384 scierat
2861 1339 3038 1385 antea.
3083 1331 3320 1400 Denique
3359 1331 3604 1400 quicum-

2006 1438 2108 1491 que
2136 1422 2312 1476 solent
2349 1422 2566 1491 aggredi
2591 1437 2704 1476 rem
2732 1436 3123 1491 quamcumque
3144 1462 3157 1485 ,
3187 1422 3257 1475 ita
3279 1415 3600 1475 facere‘cou-

2006 1521 2291 1567 Suevcrunt
2315 1555 2330 1580 ,
2360 1513 2810 1584 quemadmodum
2859 1511 3058 1568 faciunt
3086 1514 3317 1584 agricola
3348 1528 3413 1568 ac
3435 1529 3602 1582 nego-

2008 1607 2182 1658 tiator.
2211 1604 2276 1658 Et
2312 1615 2431 1674 post
2458 1604 2721 1660 ha‘c'cum
2755 1605 2825 1659 illi
2866 1614 3063 1658 tantam
3096 1604 3383 1679 adhibeant
3416 1619 3598 1661 curam

2006 1697 2352 1765 studiumque
2381 1696 2520 1750 circa
2551 1711 2640 1751 res
2681 1695 2745 1750 ad
2786 1697 3059 1764 praesentis
3092 1711 3244 1749 usum
3277 1697 3399 1750 vita:
3441 1697 3602 1765 pcrzi-

2005 1796 2192 1840 nentes
2211 1827 2226 1850 ,
2258 1787 2381 1840 licet
2403 1787 2575 1840 exitus
2597 1787 2665 1839 sit
2697 1786 2929 1839 incertus
2961 1802 2975 1840 :
3007 1800 3104 1845 nos
3124 1786 3166 1838 si
3196 1786 3473 1855 loquentes
3494 1773 3606 1848 non.

2005 1877 2167 1930 auditi
2191 1877 2444 1955 fuerimus
2465 1918 2482 1942 ,
2509 1877 2649 1930 illico
2679 1875 3023 1930 desinemus?
3053 1877 3121 1930 Et
3147 1892 3305 1946 quam
3340 1876 3600 1955 obtinebi-

2007 1983 2126 2021 mus
2155 1948 2365 2022 veniam
2382 1968 2407 2020 ?
2431 1966 2565 2034 Quid
2589 1967 2946 2022 excusationis
2971 1967 3297 2020 afferemus?
3327 1968 3390 2021 Et
3422 1948 3598 2020 iamen

2008 2058 2112 2111 illis
2135 2097 2150 2122 ,
2184 2049 2226 2111 si
2259 2071 2364 2111 nou
2397 2057 2746 2124 successerit,
2780 2056 2953 2110 nullus
2983 2067 3064 2111 est
3106 2057 3194 2126 qui
3226 2056 3480 2110 damnum
3507 2072 3596 2110 ac-

2007 2159 2216 2219 ceptum
2253 2149 2416 2205 leniat
2452 2167 2467 2202 :
2501 2149 2662 2202 veluti
2702 2148 2747 2202 si
2777 2164 2924 2202 mare
2951 2149 3128 2202 navim
3158 2147 3405 2203 ﬂuctibus
3435 2150 3598 2203 obru-

2005 2241 2140 2305 erit,
2175 2254 2333 2293 nemo
2381 2238 2677 2293 medebitur
2724 2238 2917 2307 inopiae
2961 2237 3248 2309 naufragi:
3281 2240 3324 2293 si
3366 2239 3448 2292 vis
3493 2241 3600 2293 im—

2008 2333 2176 2386 brium
2211 2331 2374 2386 eﬂ'usa
2401 2331 2452 2384 in
2482 2346 2666 2383 arvum
2696 2330 2993 2398 praefocarit
3021 2340 3313 2384 sementem
3340 2372 3353 2392 ,
3385 2330 3594 2400 cogitur

2006 2423 2237 2492 agricola
2263 2424 2450 2480 vacuis,
2471 2423 2717 2476 manibus
2762 2422 2910 2477 abire
2936 2421 3173 2477 domum.
3202 2421 3391 2474 Nostra
3426 2437 3553 2476 vero
3573 2464 3590 2486 ,

2007 2531 2126 2570 cum
2139 2496 2405 2584 loquimur
2417 2522 2506 2567 aut
2522 2515 2887 2578 exhortamur,
2908 2524 3105 2567 noueSt
3123 2513 3311 2567 eadem
3336 2513 3593 2567 conditio.

2082 2605 2316 2659 Ministro
2374 2603 2541 2667 verbi,
2573 2606 2722 2656 etiam
2759 2603 2806 2656 si
2848 2611 3017 2672 pereat
3057 2619 3241 2672 opera,
3281 2619 3380 2655 non
3429 2612 3596 2654 tamen

2009 2698 2156 2767 periit
2185 2712 2393 2750 merces.
2419 2725 2491 2734 —
2517 2695 2630 2749 lmo
2658 2695 2702 2748 si
2741 2710 2924 2749 semen
2959 2710 3056 2765 per
3085 2704 3137 2748 te
3162 2694 3361 2764 jactum
3393 2695 3602 2749 auditor

2007 2803 2114 2842 non
2154 2787 2450 2856 receperit,
2484 2801 2593 2839 nee
2609 2783 2928 2840 obedientice
2957 2784 3186 2840 fructum
3217 2785 3462 2839 retulerit
3487 2828 3500 2845 .
3534 2800 3599 2846 tu

2007 2885 2185 2931 tamen
2227 2874 2602 2929 communicati
2645 2874 2851 2928 consilii
2889 2873 3188 2928 mercedem
3229 2873 3407 2929 fersla
3448 2875 3556 2928 Deo
3580 2910 3596 2934 ,

2009 2982 2109 3021 nec
2136 2967 2311 3020 minus
2347 2965 2580 3034 accipies
2609 2965 2812 3034 praemii
2845 2980 2951 3025 non
2990 2965 3221 3029 auditus,
3253 2981 3412 3035 quant
3441 2980 3590 3020 acce-

2009 3066 2348 3124 pturuseras
2372 3096 2387 3121 ,
2423 3055 2469 3108 si
2499 3054 2590 3108 ille
2627 3054 3067 3123 obtemperasset.
3095 3054 3246 3123 Quod
3280 3068 3392 3110 erat
3422 3057 3474 3109 in
3505 3067 3558 3110 te
3578 3095 3595 3118 .

2007 3147 2300 3218 praestitisti
2331 3163 2344 3198 :
2373 3155 2623 3200 caeterum
2651 3145 2719 3199 ad
2746 3145 2795 3199 id
2815 3186 2830 3212 ,
2861 3155 2918 3199 ut
2947 3147 3361 3215 persuadeamus
3385 3149 3598 3202 audito-

2007 3231 2155 3292 ribus
2173 3279 2188 3303 ,
2216 3252 2322 3291 non
2351 3250 2537 3291 sumus
2561 3236 2832 3301 obstricti,
2861 3236 2953 3289 sed
2982 3245 3188 3290 tantum
3219 3247 3274 3291 ut
3303 3238 3594 3293 admonea-

2006 3345 2144 3384 mus.
2181 3329 2388 3384 Nostra:
2414 3329 2627 3399 quidem
2665 3340 2846 3398 partes
2871 3339 2995 3383 sunt
3017 3330 3308 3385 admonere
3332 3331 3594 3396 ,-illorutn

2008 3437 2138 3476 vero
2179 3421 2570 3490 obtemperare.
2603 3419 2672 3474 Et
2710 3420 3155 3490 quemadmodum
3200 3421 3246 3475 si
3282 3437 3381 3476 nos
3409 3409 3606 3476 admo-i

2009 3514 2168 3568 nendi
2214 3512 2393 3568 oftlcio
2437 3512 2603 3566 functi
2643 3527 2748 3567 non
2780 3511 3038 3566 fuerimus
3062 3552 3078 3577 ,
3107 3513 3314 3567 etiamsi
3345 3524 3601 3568 sexcenta

2010 3606 2083 3658 illi
2123 3604 2262 3660 bona
2304 3619 2466 3673 opera
2507 3604 2802 3670 ediderint,
2846 3604 2975 3673 ipsis
3019 3604 3146 3657 solis
3181 3605 3603 3682 repositunrest

2008 3696 2286 3766 prtemium
2311 3737 2327 3760 ,
2357 3695 2424 3748 ad
2456 3709 2552 3749 nos
2580 3695 2708 3749 nihil
2741 3694 2933 3749 redibit
2971 3695 3136 3760 lucri,
3170 3694 3599 3764 quandoquidem

2009 3803 2115 3841 non
2154 3786 2398 3841 dedimus
2433 3785 2712 3840 consilium
2747 3802 2759 3837 :
2791 3787 2860 3838 ita
2902 3785 2944 3839 si
2992 3785 3145 3839 nobis
3188 3784 3600 3839 admonentibus

2010 3879 2084 3933 illi
2131 3892 2235 3931 non
2281 3877 2654 3945 auscultarint,
2698 3876 2766 3930 ad
2811 3878 2954 3946 ipsos
2995 3879 3138 3930 solos
3181 3877 3377 3931 redibit
3423 3879 3601 3931 omnis

2010 3971 2178 4034 ultio,
2225 3968 2379 4022 nobis
2422 3979 2598 4022 autem
2645 3968 2777 4021 nihil
2823 3968 3210 4036 imputabitur,
3254 3968 3381 4038 quin
3425 3969 3602 4038 potius

2007 4059 2222 4128 c0piosa
2255 4073 2462 4112 merces
2490 4057 2642 4112 nobis
2670 4058 2852 4111 veniet
2889 4048 2918 4110 Ξι
2953 4058 3080 4111 Deo.
3129 4057 3400 4126 Siquidem
3442 4058 3600 4127 quid-

2007 4148 2132 4218 quid
2177 4149 2228 4202 in
2279 4149 2434 4202 nobis
2472 4158 2588 4202 erat
2624 4148 2817 4211 situm,
2867 4149 3226 4217 prtestitimus.
3271 4147 3414 4202 Nihil
3457 4149 3604 4204 aliud

2004 4241 2287 4308 jubemur.
2316 4256 2474 4309 quam
2510 4239 2650 4308 apud
2689 4241 2985 4294 mensarios
3023 4240 3292 4308 deponere
3318 4241 3600 4310 pecuniam

2009 4329 2219 4401 (Matth.
2246 4330 2338 4384 25.
2362 4330 2479 4401 Ἦ),
2508 4331 2660 4401 loqui
2678 4340 2732 4385 et
2757 4330 3058 4385 consulere.
3091 4331 3338 4399 Loquere
3363 4331 3524 4400 igitur
3547 4341 3603 4387 et

2009 4421 2238 4475 admone
2267 4420 2508 4475 fratrem.
2536 4421 2731 4474 Verum
2761 4435 2863 4475 non
2890 4421 3110 4476 audivit.
3134 4421 3213 4475 Tu
3240 4421 3404 4476 nihilo
3429 4422 3608 4476 secius
3627 4433 3643 4447 ‘

2013 4512 2179 4567 habes
2218 4521 2454 4581 paratam
2490 4515 2824 4576 mercedem,
2866 4515 2911 4568 si
2951 4530 3056 4567 non
3093 4515 3384 4581 destiteris,
3426 4518 3604 4586 prius-

2008 4617 2166 4669 quam
2192 4603 2534 4671 persuadeas,
2555 4604 2725 4657 donec
2748 4606 2989 4674 spiritum
3015 4604 3298 4660 efﬂaveris.
3322 4596 3604 4660 Tcrmiuud

2010 4693 2261 4746 monendi
2297 4695 2366 4746 sit
2394 4694 2696 4747 obcdientia
2725 4696 3072 4748 mouitionem
3103 4706 3245 4748 tuam
3274 4697 3600 4765 recipientis.

2013 4784 2264 4840 Diabolus
2287 4787 2670 4841 circumcursat
2700 4788 2961 4842 obsistere
2986 4788 3207 4856 cupiens
3236 4799 3438 4842 nostrae
3462 4790 3605 4844 salu-

2014 4874 2050 4927 ti
2072 4913 2088 4936 ,
2121 4887 2225 4928 non
2250 4874 2424 4929 solum
2454 4876 2566 4943 ipse
2591 4876 2720 4928 nihil
2752 4876 2876 4930 hinc
2903 4877 3032 4930 lucri
3063 4889 3344 4945 reportans
3367 4920 3381 4942 ,
3416 4895 3603 4934 verum

2008 4964 2169 5017 etiam
2195 4979 2291 5018 suo
2310 4965 2485 5019 studio
2504 4968 2814 5035 gravissima
2832 4968 3144 5021 detrimenta
3170 4970 3267 5022 sibi
3290 4971 3604 5025 concilians.

2012 5055 2061 5108 ls
2089 5064 2264 5110 tamen
2293 5072 2459 5126 usque
2483 5057 2620 5112 adeo
2645 5073 2872 5113 vesanus
2897 5069 2999 5127 est,
3025 5070 3079 5112 ut
3109 5060 3416 5128 frequenter
3439 5071 3493 5117 et
3517 5064 3602 5116 illa

2008 5156 2218 5213 tentet,
2248 5164 2367 5217 (tua:
2397 5147 2510 5202 fieri
2551 5164 2655 5202 non
2685 5159 2908 5218 possunt
2935 5168 2946 5202 :
2976 5165 3077 5204 nec
3117 5151 3235 5205 illos
3263 5152 3438 5206 solum
3468 5155 3604 5207 ado-

2011 5239 2201 5303 riatur,
2234 5253 2369 5306 quos
2394 5240 2613 5293 omnino
2640 5241 2858 5292 conlidit
2883 5256 2941 5294 se
2972 5242 3428 5309 supplantaturum
3454 5243 3606 5312 deje-

2010 5339 2343 5407 clurumque.
2373 5346 2558 5383 verum
2586 5332 2745 5384 etiam
2770 5347 2883 5396 eos,
2909 5347 3040 5400 quos
3068 5335 3339 5401 probabile
3361 5344 3447 5389 est
3471 5337 3604 5389 arti-

2014 5421 2110 5474 bus
2130 5421 2297 5490 ipsius
2323 5421 2431 5475 fore
2451 5423 2770 5490 superiores.
2797 5423 2980 5491 Itaque
2997 5438 3116 5476 cum
3138 5425 3344 5479 audiret
3367 5426 3570 5481 laudari
3585 5429 3600 5460 '

2008 5513 2108 5568 Job
2142 5515 2208 5568 ab
2233 5529 2299 5569 eo
2323 5555 2337 5576 ,
2367 5514 2454 5582 qui
2497 5515 2640 5567 novit
2682 5529 2874 5566 arcana
2902 5515 3079 5568 omnia
3104 5557 3122 5582 ,
3151 5512 3397 5569 nimirum
3443 5518 3555 5571 Deo
3577 5559 3597 5584 ,

2011 5606 2255 5675 sperabat
2284 5606 2416 5668 fore,
2449 5614 2504 5658 ut
2532 5620 2650 5659 eum
2678 5605 2992 5659 subvertere
3021 5616 3198 5673 posset
3230 5624 3241 5658 :
3270 5621 3367 5660 nec
3395 5605 3605 5662 destitit

2012 5698 2188 5749 omnia
2217 5712 2432 5751 movere
2459 5698 2756 5765 molirique,
2787 5711 2893 5765 quo
2919 5699 3282 5766 supplantaret
3305 5697 3599 5766 hominem,

2081 5815 2090 5840 '
2133 5811 2215 5857 alii
2242 5818 2366 5873 post,
2393 5809 2617 5867 laudari,
2646 5809 2843 5870 addunt,
2871 5808 3332 5874 adndratianemque
3355 5805 3584 5861 obtinere.
