4160 6324
605 398 713 455 9ϋ7
1324 406 1378 459 S.
1422 400 1701 461 JOANM?)
1740 404 2217 459 lLlIIiYE'US'l'Olll
2265 403 2581 459 ARiIlill‘J‘.
2626 403 3165 465 CUNSTANTINUI‘.
3810 400 3925 457 963

606 530 709 569 nec
749 516 1055 585 desperavit
1097 519 1335 589 impurus
1378 518 1465 573 ille
1504 536 1565 573 ac.
1604 518 2050 574 sceleratissimus
2090 520 2199 573 dm-

607 604 733 658 μηδ..
771 625 783 659 :
818 608 971 677 idque
1004 624 1121 661 cmu
1159 610 1297 665 Deus
1337 612 1478 677 justo
1511 610 1580 663 illi
1626 619 1828 663 tantum
1870 611 2079 665 virtutis
2108 627 2204 661 Hm

603 695 859 765 saifragio
893 701 1183 753 tribuis~et.
1235 702 1297 754 Iit
1340 712 1455 769 post
1498 702 1610 754 lnrc
1656 718 1759 754 non
1804 702 2200 761 erubescimus,

612 802 785 851 neque
816 790 1019 856 pudore
1050 790 1424 855 suffundimur,
1455 793 1539 846 dic
1571 794 1719 855 mihi,
1747 794 1788 845 si
1815 784 1937 845 cum
1966 793 2206 845 diabolus

612 897 896 949 numquam
923 882 1035 951 des;
1058 894 1170 938 cret
1198 895 1430 937 nostram
1457 886 1767 955 perniciem,
1792 886 1882 938 sed
1911 886 2207 937 indesim-n-

610 980 688 1023 ter
709 988 825 1024 eam
850 985 1140 1042 exspectet,
1169 990 1263 1028 nos
1283 975 1502 1030 fratrum
1523 977 1748 1030 salutem
1772 976 2208 1044 desperabimus?

604 1061 668 1113 lit
706 1071 878 1115 tamen
923 1065 1068 1119 illum
1106 1066 1365 1136 decebat;
1408 1067 1569 1121 etiam
1616 1069 1921 1135 priusquam
1957 1080 2208 1134 expertus

609 1164 773 1217 esset,
804 1171 831 1207 e
864 1156 1001 1209 luela
1030 1156 1300 1212 abstinere
1331 1176 1344 1212 :
1378 1175 1497 1212 nam
1534 1159 1669 1211 Deus
1698 1170 1811 1211 erat
1840 1160 1925 1227 qui
1959 1160 2203 1211 testimo-

596 1244 748 1303 ,nium
794 1231 993 1299 ferebat
1024 1247 1089 1300 de
1125 1248 1253 1315 justi
1294 1250 1509 1303 virtute.
1558 1248 1666 1303 Nec
1703 1259 1876 1303 tamen
1910 1250 2157 1302 abstinuit
2187 1293 2201 1313 ,

617 1335 708 1388 sed
736 1352 843 1403 prre
867 1338 1030 1391 nimio
1056 1338 1254 1404 furore,
1282 1356 1388 1409 quo
1412 1342 1579 1396 fertur
1600 1341 1882 1395 adversum
1907 1358 2024 1408 nos,
2049 1345 2208 1395 etiam

616 1437 733 1495 post
764 1429 852 1483 Dei
888 1431 1245 1485 testimonium
1274 1434 1522 1502 sperabat
1554 1434 1809 1501 futurum,
1838 1444 1893 1487 ut
1920 1436 2057 1488 illius
2085 1444 2212 1487 arta-

617 1520 685 1571 tis
726 1524 1166 1587 prmstantissinio
1208 1524 1320 1577 viro
1348 1526 1593 1592 superior
1632 1525 1900 1579 evaderet.
1946 1524 2208 1578 Czrterum

614 1611 745 1663 nihil
778 1621 859 1664 est
892 1614 992 1665 tate
1020 1655 1032 1674 ,
1070 1614 1210 1682 quod
1243 1630 1337 1668 nos
1372 1616 1421 1667 iu
1454 1616 1884 1684 desperationem
1916 1615 2131 1684 adigat,
2162 1625 2214 1667 et

612 1710 789 1754 tamen
819 1701 1144 1756 desistimus.
1176 1707 1251 1757 Ac
1281 1705 1523 1757 diabolus
1553 1705 1763 1773 quidem
1808 1714 2021 1757 Velalttc
2055 1706 2162 1757 Deo
2195 1746 2209 1769 ,

611 1808 716 1844 non
746 1792 969 1846 discedit
1004 1810 1030 1846 a
1064 1809 1234 1863 pugni
1268 1794 1549 1847 adversum
1582 1811 1675 1846 nos
1703 1802 1949 1865 suscepta
1986 1810 1997 1845 :
2034 1804 2085 1845 tu
2120 1809 2210 1847 ve-

607 1896 665 1933 ro
691 1898 811 1934 eum
843 1883 978 1936 Deus
1008 1883 1221 1937 mandet
1254 1884 1667 1953 exstimuletque
1690 1884 1752 1937 ad
1783 1885 2211 1939 subveniendum

608 1974 766 2043 lapsis
792 2017 805 2034 ,
841 1976 1014 2028 resilis
1054 1974 1391 2045 refugisque.
1414 1977 1669 2031 Audierat
1696 1978 1941 2031 diabolus
1974 1979 2199 2046 loquen-

609 2074 711 2118 tem
737 2066 922 2127 Deum,
948 2066 1116 2119 Homo
1130 2071 1320 2138 justus,
1338 2082 1519 2131 verax,
1546 2071 1723 2121 timens
1749 2070 1930 2132 Deum,
1954 2070 2207 2122 abstinens

610 2161 669 2209 ob
697 2160 831 2211 aulai
859 2176 1006 2226 opere
1035 2161 1167 2213 malo
1199 2160 1338 2228 (Joh.
1375 2162 1421 2214 Ι.
1454 2162 1513 2229 8)
1541 2202 1554 2226 ,
1583 2163 1833 2231 quodque
1866 2164 2040 2217 nullus
2066 2175 2204 2218 esset

612 2250 683 2301 illi
713 2249 904 2302 similis
924 2266 986 2302 ex
1015 2250 1099 2315 iis,
1123 2253 1212 2319 qui
1238 2261 1363 2306 sunt
1382 2255 1543 2321 super
1566 2262 1760 2305 terram
1778 2296 1789 2314 ,
1815 2262 1868 2306 et
1890 2264 2063 2307 tamen
2095 2264 2210 2321 po~t

617 2351 761 2395 tanta
811 2342 1040 2411 taliaque
1085 2343 1281 2410 judicia
1331 2345 1689 2412 perseveravit
1731 2343 1959 2399 dicere:
1996 2345 2121 2414 quid
2174 2347 2214 2399 si

616 2431 831 2497 quando
856 2433 1206 2499 perpetuitate
1235 2433 1700 2502 magnitudineque
1724 2434 1984 2487 malorum
2014 2435 2219 2487 irruen-

624 2522 751 2573 tium
798 2522 1000 2575 valeam
1033 2521 1180 2575 illum
1209 2538 1463 2592 superare
1488 2564 1502 2587 ,
1534 2535 1581 2577 et
1616 2522 1751 2577 lnmc
1781 2524 2047 2577 excelsam
2080 2525 2214 2591 deji-

620 2627 741 2664 cere
774 2612 962 2666 turrim
981 2612 1002 2664 ?

692 2703 745 2755 4.
779 2701 909 2769 Quis
938 2701 1097 2771 igitur
1123 2702 1225 2756 erit
1250 2704 1403 2757 nobis
1435 2706 1603 2758 venia:
1637 2705 1818 2771 locus,
1850 2706 2217 2771 dilectissimi,

614 2804 706 2847 aut
736 2794 865 2863 quid
892 2795 1285 2862 excusabimus,
1314 2798 1355 2850 si
1386 2812 1505 2850 cum
1538 2808 1679 2851 tanta
1710 2798 1775 2850 sit
1809 2799 1931 2850 mali
1960 2799 2221 2852 dauuouis

615 2890 665 2940 in
702 2896 943 2942 nostrum
968 2887 1277 2941 insanientis
1319 2889 1537 2941 exitium
1565 2888 1833 2957 vigilantia
1860 2932 1873 2952 ,
1900 2905 1997 2942 nos
2023 2906 2087 2943 ne
2114 2900 2216 2942 tau-

616 2981 779 3033 tnlmn
808 2980 1023 3049 quidem
1047 2980 1235 3035 similis
1282 2980 1569 3049 diligentiie
1592 2980 1875 3035 affet-amns
1896 2982 1960 3034 ad
1987 2983 2211 3035 Salutem

623 3074 846 3126 fratrum
880 3082 1182 3125 nostrorum
1206 3113 1220 3137 ,
1252 3072 1543 3141 pra-sertim
1572 3088 1691 3125 cum
1732 3073 1897 3125 Deum
1931 3071 2220 3126 habeamus

622 3163 1028 3218 auxiliatorem?
1050 3162 1228 3233 Itaque
1245 3180 1364 3217 cum
1387 3164 1581 3217 videris
1602 3162 1817 3217 fratrem
1840 3173 1984 3217 tuum
2006 3164 2218 3230 durum,

617 3254 865 3323 rigidum,
893 3254 1215 3326 minimeque
1244 3264 1529 3322 attentum,
1563 3256 1650 3309 dic
1675 3255 1811 3324 apud
1847 3257 2181 3324 temetipsum
2208 3275 2217 3309 :

620 3346 745 3413 quid
777 3346 820 3399 si
852 3330 1148 3417 progressu
1170 3349 1429 3415 temporis
1460 3346 1742 3414 aliquando
1776 3346 2045 3400 valeamus
2077 3348 2221 3400 illum

620 3434 874 3490 flectere?
905 3436 1016 3490 Hoc
1057 3436 1307 3490 nimirum
1352 3446 1405 3491 et
1446 3437 1641 3491 Paulus
1683 3438 1975 3505 praecepit:
2010 3436 2224 3489 Servum

623 3525 834 3579 Domini
881 3543 979 3580 non
1022 3538 1215 3597 oportet
1262 3532 1490 3599 litigare,
1536 3529 1625 3582 sed
1666 3530 1923 3597 placidum
1964 3545 2070 3583 esse
2106 3547 2225 3600 erga

620 3627 846 3681 cunctos,
882 3619 1189 3671 erudientem
1223 3634 1305 3672 eos
1331 3620 1417 3688 qui
1444 3620 1679 3672 resistunt
1710 3619 1925 3684 veritati,
1956 3620 2001 3673 si
2023 3622 2225 3686 quando

627 3708 709 3759 det
749 3706 851 3759 illis
887 3704 1028 3760 Deus
1070 3709 1411 3777 paenitentiam
1450 3709 1502 3761 in
1542 3709 1851 3777 agnitionem
1892 3709 2112 3762 veritatis
2145 3710 2224 3775 (2.

624 3795 753 3850 Tim.
776 3796 831 3850 2.
859 3797 948 3850 2L
976 3798 1088 3864 25).
1115 3800 1307 3852 Annon
1340 3799 1485 3852 vides
1512 3808 1779 3869 parentes,
1803 3786 2073 3869 quomodo
2100 3801 2222 3855 ﬁliis

623 3890 753 3953 suis,
775 3888 899 3943 licet
924 3887 1233 3959 frequenter
1249 3891 1563 3959 desperatis,
1586 3892 1820 3962 assident
1838 3893 2221 3963 laetymantes,

627 3978 1003 4039 lamentantes,
1030 3982 1420 4044 exosculantes,
1444 3981 1623 4033 omnia
1647 3997 1765 4050 quae
1793 3992 2015 4049 possunt
2038 3984 2223 4038 admo-

633 4079 823 4123 ventes
851 4069 918 4123 ad
958 4084 1265 4138 snprenunu
1298 4086 1461 4140 usque
1491 4071 1755 4127 halitum?
1787 4075 1897 4127 Hoc
1929 4079 1983 4128 fit
2016 4091 2229 4145 quoque

630 4160 791 4214 facito
824 4175 920 4229 pro
954 4159 1227 4215 fratribus.
1260 4163 1323 4215 lit
1360 4172 1534 4217 tamen
1566 4164 1637 4216 illi
1666 4180 1770 4219 non
1802 4178 2027 4235 possunt
2053 4168 2225 4236 lacry-

627 4249 728 4303 mis
751 4264 813 4304 ac
838 4250 1087 4303 lamentis
1111 4267 1283 4319 neque
1312 4253 1553 4307 morbum
1574 4254 1863 4325 depellere,
1888 4272 2063 4327 neque
2085 4273 2228 4311 mor-

626 4349 733 4393 tem
761 4340 1127 4395 imminentem
1160 4341 1394 4410 abigere.
1428 4344 1509 4398 Tu
1538 4361 1666 4400 vero
1695 4345 2004 4417 frequenter
2031 4351 2229 4417 poteris

582 4480 585 4483 .
626 4431 857 4483 animam
874 4429 1203 4499 deploratam
1221 4434 1529 4490 assiduitate
1545 4436 1899 4513 instantiaque
1918 4455 2012 4508 per
2030 4441 2221 4494 lamen-

627 4529 678 4573 ta
720 4535 974 4576 revoeare
1000 4537 1063 4577 ac
1082 4524 1363 4579 suscitare.
1397 4527 1596 4581 Dedisti
1623 4531 1907 4584 consilium
1930 4573 1943 4594 ,
1973 4547 2073 4586 nec
2100 4549 2222 4601 per-

634 4610 870 4675 suasisti,
901 4612 1193 4683 illacryma,
1227 4631 1399 4684 punge
1427 4616 1752 4685 frequenter,
1778 4636 1839 4674 ac
1864 4623 2071 4690 SUSplt'a
2103 4639 2231 4691 pau-

632 4700 795 4753 lulum
822 4742 837 4765 ,
878 4710 936 4754 ut
973 4711 1059 4756 tua
1094 4704 1395 4760 sollicitudo
1432 4707 1653 4762 incutiat
1694 4710 1765 4764 illi
1807 4713 2181 4766 verecundiam
2214 4754 2227 4777 ,

638 4789 814 4858 itaque
844 4806 903 4847 se
930 4804 1206 4849 convertat
1234 4796 1300 4849 ad
1333 4798 1585 4854 salutem.
1613 4800 1749 4867 Quid
1782 4818 1909 4871 ergo
1933 4805 2081 4859 solus
2115 4821 2233 4873 pos-

637 4897 748 4934 sem
790 4883 1044 4939 efﬁcere?
1083 4885 1263 4956 Neque
1308 4890 1449 4943 enim
1498 4892 1736 4959 quotidie
1785 4892 1936 4949 vobis
1984 4896 2235 4950 omnibus

636 4974 783 5025 solus
807 4974 996 5029 adesse
1029 4978 1177 5049 valeo
1204 5021 1216 5039 ,
1252 4995 1422 5047 neque
1452 4985 1683 5051 suppetit
1717 4985 1845 5038 mihi
1877 4985 2098 5040 facultas
2126 5030 2138 5053 ,
2175 4999 2230 5042 ut

635 5064 784 5119 solus
817 5081 939 5122 cum
972 5077 1115 5122 tanta
1146 5071 1409 5139 disputem
1444 5075 1801 5131 multitudine.

709 5152 895 5209 Frater
908 5157 1326 5237 Tralrenttrahat
1350 5164 1419 5214 ad
1439 5164 1671 5217 salutem.
1692 5168 2039 5223 —Czetcrtnn
2070 5172 2112 5223 si
2142 5187 2236 5225 vos

639 5246 812 5300 velitis
840 5247 979 5302 inter
1003 5265 1098 5305 vos
1124 5252 1242 5305 aliis
1269 5254 1492 5308 aliorum
1520 5258 1701 5324 partiri
1730 5273 1911 5312 curam
1940 5261 2145 5327 salutis,
2175 5278 2237 5315 ac

639 5346 873 5390 vestrum
891 5340 1116 5410 quisque
1138 5358 1296 5400 uinum
1321 5346 1591 5415 suscipere
1608 5348 1827 5402 fratrum
1847 5352 2232 5420 neglectorum,

637 5426 786 5483 illico
813 5430 967 5484 nobis
988 5444 1263 5488 cresceret
1284 5436 1587 5491 aediﬁcatio.
1614 5439 1679 5492 Et
1700 5440 1825 5508 quid
1851 5443 2039 5497 attinet
2060 5444 2237 5498 dicere

637 5520 705 5573 de
742 5521 840 5585 iis,
875 5524 964 5591 qui
1007 5535 1127 5593 post
1165 5528 1383 5581 multam
1423 5538 1479 5583 et
1516 5530 1776 5585 diutinam
1818 5534 2235 5591 admonitionem

640 5613 844 5680 seipsos
864 5615 931 5668 ad
953 5616 1231 5671 meliorem
1258 5618 1462 5690 frugem
1488 5622 1783 5691 recipiunt?
1803 5625 1984 5695 Neque
2006 5617 2154 5681 enini
2173 5630 2238 5681 ab

640 5702 780 5768 illis,
812 5705 969 5759 etiam
999 5708 1043 5761 si
1077 5712 1787 5777 tenerentur,immedicabili
1817 5718 2039 5783 morbo,
2074 5734 2236 5787 opor-

643 5807 777 5852 teret
803 5798 869 5853 de
890 5801 1062 5856 iStere
1084 5843 1099 5869 ,
1139 5820 1310 5874 neque
1340 5821 1522 5862 coram
1552 5800 1782 5877 abjicere
1805 5851 1819 5880 ,
1856 5812 2063 5867 etiamsi
2092 5823 2238 5869 certo

2316 522 2689 588 przescircmns
2714 521 2972 588 futurum,
3003 533 3059 576 ut
3085 532 3202 590 post
3229 523 3444 579 multam
3470 518 3923 588 sollicitudinem.

2316 612 2641 680 multamque
2672 613 2958 666 adhibitam
2988 614 3426 679 admonitionem,
3463 617 3630 671 nihilo
3663 623 3781 688 plus
3808 618 3923 672 sint

2314 696 2623 763 profecturi.
2657 696 2806 763 Quod
2848 699 2889 750 si
2924 700 3038 751 inec
3068 700 3237 751 oratio
3271 701 3419 754 vobis
3449 701 3659 758 videtur
3687 704 3917 757 incredi-

2317 786 2438 839 bilis
2464 825 2480 851 ,
2513 800 2609 855 age
2635 827 2649 849 ,
2679 801 2745 841 es
2777 786 2930 841 factis
2960 788 3223 858 dictisque
3252 789 3447 844 Christi
3479 791 3769 846 reddemus
3796 808 3919 847 cam

2315 878 2648 933 credibilem.
2675 878 2807 933 Nam
2834 894 2932 935 nos
2954 882 3167 951 quidem
3192 883 3360 951 ignari
3384 897 3568 936 sumus
3592 883 3914 937 futurorum.

2318 970 2461 1023 unde
2504 985 2604 1025 nec
2649 960 2940 1041 diiudicare
2983 987 3266 1043 possumus
3306 973 3373 1027 de
3415 974 3479 1027 iis
3518 977 3607 1044 qui
3651 976 3914 1035 audiunt,

2318 1072 2491 1113 tttrum
2532 1061 2948 1132 obtemperaturi
2994 1064 3103 1118 sint
3142 1063 3297 1117 dictis
3337 1066 3537 1129 nostris
3563 1106 3577 1129 ,
3612 1081 3676 1117 an
3712 1080 3866 1119 secus
3902 1083 3914 1115 :

2317 1151 2563 1205 Christus
2593 1161 2770 1205 autem
2803 1168 2922 1205 cum
2954 1153 3070 1209 hate
3099 1161 3325 1238 utraque
3354 1158 3520 1223 probe
3552 1165 3772 1222 nosset,
3810 1175 3916 1208 ιιι-ιι

2316 1236 2545 1298 Cessavit
2570 1246 2635 1298 ad
2664 1255 2961 1299 extremum
2992 1263 3157 1316 usque
3182 1236 3453 1317 corrigere
3482 1249 3627 1301 illum
3652 1291 3664 1311 ,
3698 1248 3788 1318 qui
3810 1246 3915 1299 sibi

2320 1354 2423 1389 non
2457 1347 2601 1390 esset
2628 1338 3040 1392 ausenltaturus.

2390 1426 2577 1480 Christi
2604 1445 2723 1499 erga
2749 1428 2941 1481 Judam
2972 1430 3170 1485 lenitas.
3192 1460 3265 1471 —
3282 1428 3463 1500 Itaque
3485 1446 3607 1485 cum
3636 1432 3801 1485 sciret
3821 1429 3915 1481 .lu-

2320 1518 2441 1570 dam
2468 1535 2573 1571 non
2607 1528 2913 1572 revocatum
2950 1520 3011 1573 iri
3037 1535 3065 1571 a
3101 1521 3421 1591 proditione,
3456 1538 3561 1575 non
3594 1534 3771 1575 tamen
3803 1536 3920 1573 ces-

2324 1610 2460 1661 savit
2510 1610 2735 1663 assiduis
2778 1612 3044 1673 consiliis,
3090 1613 3341 1679 monitis,
3390 1613 3685 1679 beneﬁciis,
3736 1616 3921 1676 minis,

2318 1698 2534 1753 demum
2562 1701 2706 1753 omni
2733 1700 2995 1754 doctrina:
3022 1701 3202 1771 specie
3226 1716 3255 1755 a
3282 1702 3583 1772 proditione
3614 1703 3917 1763 retrahere,

2321 1807 2420 1845 nec
2450 1791 2652 1846 destitit
2693 1792 2841 1847 illum
2870 1794 3023 1849 dictis
3052 1809 3149 1849 ceu
3196 1793 3349 1848 freno
3376 1796 3651 1850 cohibere.
3686 1796 3799 1849 Hoc
3826 1813 3925 1849 au-

2322 1893 2427 1935 tem
2467 1882 2588 1953 fecit
2620 1898 2717 1937 nos
2743 1885 3047 1950 instituens,
3082 1895 3140 1939 ut
3164 1886 3374 1940 etiamsi
3408 1887 3753 1955 priesciamus
3776 1888 3925 1939 futu—

2324 1992 2460 2039 rum,
2490 1986 2545 2029 ut
2586 1976 2777 2030 fratres
2807 1992 2914 2030 non
2941 1979 3333 2047 obtemperent,
3370 1988 3547 2033 tamen
3578 1979 3837 2049 quidquid
3870 1980 3929 2033 in

2324 2077 2503 2119 nostra
2539 2067 2695 2119 fuerit
2728 2066 2977 2122 facultate
3027 2073 3361 2137 pi'mstemus,
3420 2079 3692 2140 tamquam
3737 2082 3926 2139 parata

2325 2156 2480 2209 nobis
2539 2157 2919 2212 admonitionis
2971 2170 3168 2213 nostra:
3220 2160 3488 2215 mercede.
3560 2160 3694 2216 Vide
3744 2173 3926 2215 autem

2321 2260 2516 2317 quanta
2558 2250 2891 2315 assiduitate,
2924 2262 3229 2321 quantaque
3277 2253 3535 2319 sapientia
3580 2254 3729 2307 illum
3769 2256 3928 2306 cohi-

2324 2344 2517 2395 buerit.
2553 2342 2695 2397 Unus
2714 2354 2930 2396 vestrum
2957 2361 3034 2397 me
3054 2346 3349 2413 proditurus
3366 2356 3436 2397 est
3459 2344 3675 2415 (Matth.
3696 2345 3785 2399 26.
3806 2345 3869 2399 21
3884 2349 3927 2411 ).

2327 2436 2400 2487 Ac
2431 2451 2676 2487 rursum:
2717 2434 2835 2486 Non
2865 2436 2927 2486 de
2965 2435 3195 2487 onmibus
3235 2436 3369 2487 vobis
3412 2436 3612 2504 loquor,
3640 2437 3773 2489 novi
3801 2454 3932 2506 quos

2328 2526 2451 2593 elegi
2473 2524 2655 2590 (loon,
2708 2528 2791 2578 13.
2849 2526 2955 2595 18).
3002 2526 3071 2580 Et
3101 2544 3111 2578 :
3163 2526 3308 2579 Unus
3337 2544 3398 2579 ex
3426 2528 3563 2581 vobis
3595 2529 3831 2582 diabolus
3858 2542 3931 2579 est

2329 2614 2507 2683 (Joan.
2538 2617 2591 2669 6.
2625 2618 2735 2679 7|).
2770 2616 3032 2670 Sustinuit
3057 2604 3245 2669 omnes
3273 2618 3325 2669 in
3354 2634 3609 2687 angorem
3646 2618 3925 2681 inducere,

2326 2724 2391 2759 ne
2433 2708 2672 2776 vulgaret
2716 2707 3067 2785 proditorem,
3114 2722 3177 2762 ac
3226 2707 3501 2762 manifesta
3550 2690 3930 2779 redargutimne

2327 2797 2575 2851 redderet
2595 2799 2753 2851 etiam
2786 2798 3254 2867 impudentioren).
3279 2798 3409 2853 Nam
3430 2810 3485 2853 ut
3504 2799 3771 2869 intelligas
3786 2801 3933 2869 quod

2326 2890 2443 2942 aliis
2471 2890 2628 2941 etiam
2659 2905 2911 2958 angorem
2938 2898 2990 2943 et
3015 2898 3213 2944 metum
3238 2889 3517 2958 injecerint
3540 2889 3738 2944 Christi
3764 2890 3932 2949 dicta,

2327 2979 2451 3033 licet
2481 2980 2578 3033 sibi
2604 2980 2799 3033 nullius
2824 2980 2949 3033 mali
2976 2980 3228 3047 consciis,
3252 2980 3375 3035 audi
3403 2981 3672 3049 quomodo
3694 2982 3924 3049 quisque

2326 3071 2517 3124 anxius
2545 3071 2679 3125 dixit
2710 3090 2720 3123 :
2756 3070 2806 3123 N
2813 3073 3019 3141 nmquid
3045 3088 3135 3141 ego
3163 3089 3296 3136 smn,
3341 3071 3558 3126 Domine
3586 3072 3801 3143 (Matth.
3834 3074 3933 3126 2.1;.

2324 3162 2462 3233 22)?
2491 3164 2673 3232 Neque
2702 3180 2826 3217 vero
2858 3160 3011 3217 dictis
3042 3174 3266 3230 tantum,
3295 3180 3480 3219 verum
3515 3174 3566 3219 et
3600 3164 3755 3219 factis
3784 3168 3937 3219 illum

2328 3254 2603 3322 corripuit.
2647 3255 2779 3307 Cum
2825 3256 2965 3309 enim
3018 3256 3399 3324 benignitatem
3438 3271 3587 3309 suam
3621 3255 3939 3326 frequenter

2329 3361 2389 3398 ac
2433 3345 2609 3398 modis
2653 3345 2905 3400 onmibus
2949 3344 3292 3408 declarasset,
3332 3345 3575 3414 leprosos
3610 3346 3937 3409 emundans,

2330 3435 2602 3488 (homoncs
2632 3436 2871 3504 abigens,
2901 3444 3131 3504 mgrotos
3157 3450 3370 3499 sanans,
3401 3444 3643 3489 mortuos
3668 3438 3938 3503 excitans,

2334 3525 2651 3594 paralyticos
2684 3526 3003 3587 restituens;
3033 3525 3267 3580 breviter
3286 3541 3406 3579 cum
3430 3528 3681 3580 omnibus
3721 3527 3941 3581 benefe-

2331 3618 2516 3684 cisset,
2549 3618 2817 3670 nemiuem
2852 3626 3029 3670 tamen
3060 3616 3246 3683 puniit,
3271 3632 3484 3685 semper
3506 3616 3709 3671 habens
3739 3619 3789 3671 in
3812 3633 3935 3681 Ore,

2336 3705 2458 3759 Non
2488 3707 2599 3758 veni
2631 3716 2682 3757 ut
2700 3706 2926 3774 judirem
2971 3706 3239 3769 mundum,
3272 3705 3360 3758 sed
3388 3716 3443 3758 ut
3470 3722 3659 3758 servem
3688 3709 3942 3759 mundum

2334 3796 2513 3864 (Joan.
2541 3796 2624 3851 12.
2660 3798 2767 3863 47).
2797 3797 2873 3851 Ne
2898 3806 3107 3863 putaret
3133 3797 3317 3861 Judas,
3350 3798 3490 3866 quod
3517 3808 3721 3851 tantum
3751 3812 3943 3855 nosset

2334 3888 2673 3952 benefacere,
2706 3888 2894 3955 punire
2928 3901 3052 3941 vero
3084 3902 3437 3956 nequaquam,
3476 3898 3525 3941 et
3555 3888 3691 3942 hanc
3721 3880 3945 3960 quoque

2336 3987 2538 4046 partem
2573 3978 2743 4046 ipsum
2790 3976 2993 4041 docuit,
3040 3977 3291 4032 videlicet
3321 3978 3459 4047 quod
3502 3981 3688 4047 punire
3735 3994 3941 4049 pessel,

2334 4070 2700 4138 supplicioque
2726 4068 2941 4123 afﬁcere
2974 4078 3276 4137 peccantes.

2408 4161 2459 4215 5.
2508 4161 2677 4226 Quare
2702 4160 2932 4213 Christus
2959 4178 3072 4212 runt
3090 4161 3320 4213 onmibus
3348 4160 3659 4230 benrfererit,
3686 4164 3943 4216 nemiuem

2337 4251 2554 4320 punierit
2585 4251 2637 4301 in
2668 4250 2830 4303 terris.
2851 4280 2920 4289 —
2941 4252 3015 4302 Ae
3060 4250 3182 4303 vide
3219 4266 3377 4319 quam
3423 4252 3696 4318 sapienter
3720 4261 3776 4305 et
3802 4268 3943 4305 coii-

2337 4350 2591 4409 grueuter
2622 4342 2723 4393 hoc
2773 4340 2935 4393 etiam
2987 4340 3262 4394 docuerit:
3292 4355 3391 4394 nec
3438 4351 3614 4395 tamen
3656 4325 3944 4395 hominem

2338 4434 2641 4502 uuempiam
2675 4433 2922 4501 punierit,
2972 4432 3339 4501 supplicioque
3381 4430 3642 4487 aﬁ'ecerit.
3679 4435 3779 4502 Qui
3825 4438 3947 4487 sic?

2341 4525 2410 4579 Ut
2434 4526 2724 4594 discipulus
2754 4526 3005 4595 puniendi
3047 4524 3352 4580 facultatem
3397 4526 3449 4579 in
3478 4543 3541 4580 eo
3567 4543 3701 4596 cogn
3727 4543 3947 4583 tScerct.

2344 4619 2553 4673 Etenim
2578 4620 2619 4671 si
2642 4634 2797 4688 quem
2825 4619 3085 4687 punisset,
3102 4633 3282 4671 secum
3307 4634 3542 4687 pugnare
3564 4620 3711 4672 visus
3732 4618 3917 4673 fuisset
3942 4660 3957 4679 ,

2340 4710 2429 4779 qui
2457 4710 2695 4764 dixerat:
2729 4707 2849 4761 Non
2880 4710 2990 4761 veni
3022 4710 3319 4777 ntjudirem
3348 4710 3612 4773 mundum,
3645 4712 3731 4763 sed
3757 4723 3812 4763 ut
3840 4729 3949 4765 ser.

2340 4818 2448 4855 vem
2472 4801 2715 4853 mundum
2747 4799 2925 4871 (Joan'.
2958 4800 3043 4855 l2.
3074 4802 3185 4869 47).
3216 4801 3444 4854 Rursum
3470 4802 3513 4854 si
3540 4804 3809 4856 neminem
3844 4816 3917 4866 pu
3940 4837 3955 4846 .

2341 4890 2528 4955 uisset,
2559 4890 3565 4959 mansissetincorrigibilisdiscipulus,
3590 4891 3689 4946 nisi
3716 4904 3765 4945 et
3791 4888 3903 4942 fact
3934 4904 3962 4940 s

2342 4982 2832 5036 didicissetilliesse
2849 4982 3095 5049 puniendi
3126 4982 3449 5036 facultatem.
3472 4982 3737 5048 Quorsum
3753 4984 3953 5052 igitur?

2421 5072 2568 5125 Ficui
2595 5088 2751 5141 quare
2777 5074 3112 5126 nia/edixerit.
3140 5104 3206 5112 ——
3235 5073 3303 5128 Ut
3331 5074 3489 5128 simul
3521 5084 3572 5128 et
3605 5085 3834 5129 terreret
3862 5078 3951 5129 du

2346 5166 2631 5234 scipulum.
2662 5181 2725 5218 ne
2754 5180 2848 5232 per
2871 5159 3236 5233 contemptum
3268 5165 3420 5218 fieret
3445 5165 3699 5229 deterior,
3738 5183 3836 5222 nec
3863 5170 3953 5221 ulc

2347 5259 2428 5310 lus
2458 5270 2633 5309 tamen
2669 5256 2942 5309 hominum
2976 5255 3338 5325 afflictionem,
3364 5272 3599 5324 pmnam,
3628 5268 3720 5311 aut
3740 5260 3955 5329 supplic

2345 5351 2486 5403 cium
2518 5360 2805 5418 pateretur,
2836 5349 2885 5401 in
2912 5351 3065 5401 lit'llln
3092 5350 3336 5402 arborem
3360 5347 3603 5419 Christus
3631 5348 3768 5403 hanc
3796 5366 3954 5405 suam

2347 5452 2663 5511 potestatem
2697 5442 2954 5515 exercuit,
2987 5442 3206 5497 dicens:
3241 5440 3324 5494 Ne
3354 5442 3564 5507 posthac
3590 5457 3652 5494 ea:
3673 5450 3720 5493 te
3747 5441 3957 5511 fructus

2347 5544 2587 5586 nascatur
2620 5531 2831 5603 (Matth.
2859 5532 2950 5585 2|.
2988 5531 3097 5603 l9),
3123 5548 3351 5600 eamque
3380 5526 3499 5585 mo'x
3524 5531 3755 5601 simplici
3785 5532 3957 5587 verba

2348 5626 2587 5681 arefecit.
2624 5625 2735 5678 lloc
2764 5634 2918 5693 pacto
2951 5625 3141 5677 factum
3188 5633 3270 5677 est
3299 5624 3518 5693 pariter,
3548 5633 3605 5676 ut
3636 5621 3770 5677 nihil
3799 5639 3959 5677 nosse

2349 5720 2549 5772 rediret
2575 5718 2639 5771 ad
2672 5720 2835 5771 nllmn
2879 5718 3172 5783 hominem,
3221 5728 3276 5772 et
3320 5720 3431 5786 ipse
3472 5733 3621 5771 suam
3656 5722 3960 5785 potentiam

2355 5811 2671 5879 declararet,
2711 5812 2940 5868 vindicta
2988 5813 3039 5866 in
3084 5812 3330 5868 arborem
3364 5813 3611 5881 inpacta.
3651 5810 3964 5882 Discipulos
