4160 6324
600 384 704 440 9:39

596 501 769 554 λειανο
797 499 911 553 ἀλλ’
948 500 1096 569 ὅμως
1123 499 1242 552 οὐδὲ
1267 499 1749 574 οὔτω-διωρθώθη.
1778 504 1836 554 '0
1861 502 1919 556 66
1946 503 2181 573 Χριστὸς

600 582 898 637 καὶτοῦτο
936 583 1236 653 προειδὼς,
1290 583 1414 654 οὐχὶ
1464 583 1625 638 τοῦτο
1680 586 1862 659 μόνον,
1912 585 2052 638 ἀλλά
2091 587 2185 638 καὶ

598 667 789 737 ἕτερον
823 665 962 736 μετά
990 663 1182 718 τούτου
1237 667 1417 737 πολλῷ
1451 668 1638 737 μεῖζον
1675 669 1869 720 τούτου
1901 669 2182 736 ἐποίησεν.

600 750 730 803 Ὅτε
761 749 892 816 γοῦν
924 749 1177 802 ἐπέθεντο
1199 751 1348 820 αὐτῷ
1375 751 1424 803 οἰ
1454 741 1694 804 Ἰουδαῖοι
1722 751 1863 821 μετά
1899 751 2184 822 μαχαιρῶν

599 837 695 888 καὶ
720 834 894 901 ξύλων
925 835 1024 899 τάς
1059 839 1248 906 χεῖρας
1287 837 1612 899 ὁπλίσαντες
1657 837 1776 889 κατ’
1824 835 2023 899 αὐτοῦ,
2059 835 2184 887 τότε

601 921 810 984 πάντας
845 922 1041 982 αὐτοὺς
1094 921 1382 990 ἐπήρωσε·
1423 922 1482 972 τὸ
1517 921 1624 990 γάρ
1664 923 1838 972 εἰπεῖν
1860 959 1873 981 ,
1925 921 2065 972 Τίνα
2091 918 2186 986 ζη-

599 1004 785 1074 τεῖτε;
823 1005 981 1057 τοῦτο
1037 1003 1396 1074 ἐμφαίνοντος
1440 999 1528 1072 ἦν.
1588 1004 1804 1074 Ἐπειδὴ
1868 1003 1977 1073 γὰρ
2029 1003 2183 1069 ἔλεγε

602 1087 843 1157 συνεχῶς
872 1088 900 1140 6
937 1087 1157 1149 Ἰούδας·
1195 1089 1254 1141 Τί
1287 1086 1492 1141 θέλετέ
1533 1105 1634 1155 μοι
1662 1086 1896 1150 δοῦναι,
1937 1086 2035 1139 καί
2069 1085 2184 1154 ἐγὼ

600 1168 744 1236 ὑμῖν
775 1169 1108 1236 παραδώσω
1148 1172 1370 1233 αὐτόν;
1417 1169 1740 1240 βουλόμενος
1772 1171 1800 1221 6
1839 1159 2043 1240 Ι(ύᾷος
2089 1169 2184 1221 καὶ

599 1253 727 1315 τούς
762 1253 1048 1315 Ἰουδαίους
1087 1255 1306 1314 πεῖσαι,
1355 1254 1605 1306 κάκεῖνον
1639 1253 1881 1317 διδάξαι“,
1922 1255 2005 1305 δτι
2041 1251 2183 1304 ἐκὼν

603 1334 819 1404 ἔρχεται
850 1335 943 1388 ἐπὶ
973 1335 1035 1388 τὸ
1073 1336 1274 1399 πάθος,
1302 1337 1396 1388 καὶ
1422 1337 1482 1387 τὸ
1517 1338 1626 1388 πᾶν
1655 1336 1820 1388 αὐτοῦ
1853 1338 1998 1387 ἐστιν
2033 1346 2084 1394 ι,
2120 1335 2180 1387 οὐ

600 1416 700 1486 τῆς
728 1416 938 1468 ἐκείνου
965 1419 1302 1486 πανουργίας
1334 1418 1658 1488 δυνηθείσης
1698 1418 1869 1469 αὐτοῦ
1901 1417 2182 1487 περιγίνε-

602 1499 757 1560 σθαι,
791 1499 956 1552 αὐτοῦ
1011 1501 1105 1552 τοῦ
1153 1502 1413 1570 προδότου
1463 1501 1602 1571 μετὰ
1639 1501 1856 1552 πάντων
1909 1499 2180 1560 ἑστῶτος,

601 1582 754 1652 φησὶ,
791 1585 931 1636 Τίνα
962 1583 1182 1650 ζητεῖτε
1194 1601 1213 1647 ;
1237 1584 1407 1647 οὕτως
1438 1585 1539 1636 οὐκ
1565 1583 1678 1654 ᾔδει
1703 1583 1760 1634 δν
1784 1582 1976 1652 ἔμελλε
2007 1600 2185 1648 παρα-

597 1667 819 1730 διδόναι,
853 1667 968 1720 ἀλλ’
997 1669 1286 1738 ἐπήρωσεν
1320 1665 1486 1721 αὐτοῦ
1513 1668 1613 1737 τὴν
1642 1667 1782 1736 ὄψιν·
1818 1667 1912 1718 καὶ
1943 1667 2003 1717 οὐ
2025 1666 2184 1718 τοῦτο

601 1749 785 1819 μόνον,
824 1749 959 1802 ἀλλᾶ
1009 1751 1102 1802 καὶ
1159 1751 1382 1813 ὑπτίους
1438 1751 1681 1811 ἅπαντας
1727 1749 1918 1822 ἔρριψε
1967 1748 2056 1800 διὰ
2081 1749 2183 1817 τῆς

600 1833 784 1900 φωνῆς
807 1832 1033 1902 ταύτης.
1062 1834 1172 1885 Καὶ
1208 1834 1395 1903 ἐπειδὴ
1424 1833 1558 1902 μηδέ
1593 1833 1750 1885 τοῦτο
1783 1833 1982 1894 αὐτοὺς
2007 1834 2182 1883 ἐπιει-

598 1917 891 1985 κεστέρους
923 1917 1168 1985 ἐποίησε,
1198 1916 1334 1986 μηδέ
1360 1917 1450 1968 τὸν
1475 1916 1669 1985 μιαρὸν
1700 1917 1908 1968 ἐκεῖνον
1926 1914 2026 1982 τῆς
2050 1931 2184 1983 προ-

597 1997 779 2060 δοσίας
809 1997 1138 2070 ἀπέστησεν,
1175 1999 1290 2052 ἀλλ’
1319 1998 1510 2068 ἔμενεν
1535 1998 1749 2060 ἀνίατος
1778 1996 1875 2061 ῶν,
1894 1996 2015 2049 οὐδὲ
2040 1995 2183 2049 οὕτω

599 2081 762 2134 πάλιν
787 2085 814 2134 6
839 2081 1074 2152 Χριστὸς
1105 2082 1316 2151 ἀπέστη
1351 2084 1448 2151 τῆς
1485 2081 1615 2151 περὶ
1662 2081 1824 2134 αὐτὸν
1868 2080 2081 2143 εὐνοίας
2121 2098 2182 2133 τε

600 2165 693 2217 καὶ
727 2165 1062 2234 ἐπιμελείας
1096 2154 1344 2235 ἀλλ”δρα
1401 2164 1517 2225 πῶς
1559 2163 2040 2232 ἐντρεπτικώτατα
2085 2164 2184 2234 τῆς

598 2247 852 2313 ἀναιδοῦς
879 2249 1218 2302 καθάπτεται
1253 2248 1453 2317 ψυχῆς,
1505 2248 1599 2299 καὶ
1629 2247 1933 2316 φθέγγεται
1962 2249 2183 2317 ῥήματα

602 2331 762 2385 ἰκανὲ
791 2330 819 2369 b
845 2335 938 2385 καὶ
969 2331 1179 2401 λιθίνην
1211 2330 1450 2401 μαλάξαι
1496 2330 1758 2382 διάνοιαν.
1808 2330 2029 2400 Ἐπειδὴ
2074 2330 2184 2401 γάρ

599 2415 858 2486 ὥρμησεν
885 2416 1049 2470 αὐτὸν
1085 2416 1331 2486 φιλῆσαι,
1357 2415 1409 2467 τί
1435 2432 1632 2484 φησιν;
1665 2415 1869 2474 Ἰούδα,
1897 2413 2183 2482 φιλήματι

603 2502 710 2552 τὸν
752 2487 889 2552 Υίὸν
917 2499 1023 2553 τοῦ
1050 2498 1365 2567 ἀνθρώπου
1388 2497 1728 2566 παραδίδως
1748 2514 1764 2560 ;
1787 2498 1906 2550 οὐδέ
1930 2498 2060 2549 αὐτὸ
2086 2498 2183 2566 τῆς

602 2582 890 2651 προδοσίας
935 2582 1165 2654 αἰσχύνῃ
1210 2582 1270 2634 τὸ
1330 2583 1543 2650 σχῆμα;
1603 2573 1788 2632 Ταῦτα
1817 2580 1873 2632 66
1924 2579 2110 2646 ἔλεγεν
2157 2582 2185 2632 6

601 2663 835 2734 Χριστὸς
850 2664 1264 2735 καθαπτόμενος
1293 2665 1480 2726 αὐτοῦ,
1499 2665 1594 2716 καὶ
1624 2663 1722 2733 τῆς
1740 2662 2016 2734 προτέρας
2032 2663 2083 2734 [7
2097 2663 2113 2714 1
2127 2660 2183 2732 6]

602 2749 1037 2819 ἀναμιμνήσκων
1093 2748 1402 2818 συνηθείας.
1451 2748 1590 2800 Ἀλλ’
1633 2749 1782 2818 ὅμως
1823 2745 2183 2798 τοσαῦτατοῦ

602 2832 806 2902 Κυρίου
849 2833 943 2886 καὶ
980 2833 1306 2902 ποιήσαντος
1353 2834 1446 2885 καὶ
1501 2832 1778 2894 εἰπόντος,
1821 2831 1920 2882 οὐκ
1967 2830 2184 2897 ἐγένετο

603 2913 826 2983 βελτίων
854 2917 1094 2980 ἐκεῖνος,
1126 2917 1180 2968 οὐ
1226 2917 1376 2986 παρὰ
1400 2917 1500 2986 τὴν
1540 2917 1635 2968 τοῦ
1679 2914 2184 2984 συμϐουλεύσαντος

601 2996 908 3056 ἀσθένειαν.
945 2999 1082 3052 ἀλλὰ
1113 3001 1264 3068 παρά
1289 3000 1388 3070 τὴν
1418 3000 1584 3051 αὐτοῦ
1635 2998 1908 3069 ρᾳθυμίαν
1946 3009 1992 3048 ε.
2040 2997 2096 3048 Ὀ
2129 2996 2184 3049 δὲ

599 3079 855 3150 Χριστὸς,
889 3082 1066 3134 καίτοι
1105 3082 1280 3134 ταῦτα
1329 3082 1508 3134 πάντα
1540 3080 1826 3151 προειδὼς,
1857 3082 1916 3133 οὐ
1947 3080 2184 3133 διέλιπεν

601 3163 663 3228 ἐξ
690 3164 866 3234 ἀρχῆς
903 3164 1063 3235 μέχρι
1097 3163 1283 3227 τέλους
1317 3164 1385 3217 τά
1424 3164 1554 3235 παρ’
1585 3163 1781 3218 ἐαυτοῦ
1806 3163 2023 3217 ἅπαντα
2064 3165 2184 3215 ἐπι-

601 3247 970 3318 δεικνύμενος.
1008 3249 1188 3319 Ἂπερ
1221 3246 1314 3301 οὖν
1347 3251 1564 3304 ἅπαντα
1613 3251 1708 3301 καὶ
1750 3250 1898 3318 ἡμᾶς
1939 3248 2182 3312 εἰδότας,

601 3332 897 3401 ἀγαπητοὶ,
926 3332 1165 3402 συνεχῶς
1194 3335 1288 3384 καὶ
1325 3333 1618 3393 διαπαντὸς
1653 3333 1778 3395 τοὺς
1805 3332 2185 3402 ἡμελημένους

602 3415 711 3467 τῶν
753 3415 997 3484 ἀδελφῶν
1042 3415 1151 3467 τῶν
1202 3416 1486 3488 ἡμετέρων
1538 3415 1819 3486 ῥυθμίζειν
1867 3417 1957 3468 καὶ
2013 3415 2185 3483 φιλεῖν

604 3499 730 3570 χρὴ,
754 3500 856 3551 κᾶν
894 3500 1058 3568 μηδὲν
1092 3501 1156 3552 ἐκ
1184 3501 1281 3570 τῆς
1308 3517 1368 3552 συ
1380 3500 1618 3570 μϐουλῆς
1639 3499 1856 3568 γίνηται
1880 3499 2087 3570 κέρδος.
2122 3497 2185 3550 Εἰ

603 3583 712 3652 γάρ
744 3584 774 3634 6
802 3583 862 3635 τὸ
880 3584 1031 3645 τέλος
1054 3583 1208 3645 εἰδὼς
1228 3583 1472 3640 τοιοῦτον
1498 3584 1770 3652 ἐσόμενον,
1793 3583 2028 3652 τοσαύτῃ
2059 3584 2186 3652 περὶ

602 3666 694 3720 τὸν
723 3666 876 3720 οὐδὲν
909 3666 1170 3736 μέλλοντα
1198 3667 1542 3737 καρποῦσθαι
1572 3668 1637 3718 ἐκ
1674 3667 1772 3735 τῆς
1812 3667 2186 3740 παραινέσεως

601 3750 808 3820 ταύτης
837 3751 1110 3820 ἐχρήσατο
1140 3751 1385 3820 προνοίᾳ,
1413 3749 1572 3809 ποίας
1591 3749 1656 3801 ἂν
1673 3749 1864 3817 εἴημεν
1886 3747 2025 3812 ἀξιοι
2055 3766 2186 3816 συγ-

603 3832 834 3903 γνώμης
866 3833 1048 3902 ἡμεῖς,
1081 3835 1207 3886 ὅταν
1233 3834 1365 3904 μηδὲ
1393 3835 1491 3904 τὴν
1515 3820 1624 3886 τῶν
1653 3835 1995 3903 πραγμάτων
2026 3833 2189 3885 ἐκϐα-

606 3933 692 3975 σιν
728 3915 953 3979 εἰδότες,
988 3917 1131 3969 οὕτω
1165 3917 1263 3987 τῆς
1305 3916 1414 3969 τῶν
1445 3915 1676 3986 πλησίον
1719 3917 1993 3988 σωτηρίας
2022 3916 2185 3987 ῥᾳθυ-

610 3998 821 4071 μῶμεν,
858 4001 923 4054 ἐκ
961 3997 1184 4069 πρώτης
1209 3999 1306 4052 καὶ
1341 3999 1605 4070 δευτέρας
1639 4000 1837 4063 αὐτοὺς
1879 3999 2188 4070 συμϐουλῆς

607 4084 1210 4152 ἐγκαταλιμπάνοντες;
1236 4084 1388 4137 Μετά
1403 4085 1460 4138 δέ
1481 4086 1587 4138 τῶν
1604 4085 1910 4156 εἰρημένων
1935 4085 2189 4138 ἁπάντων

607 4167 703 4220 καὶ
730 4167 800 4219 τὰ
821 4165 954 4220 καθ’
986 4168 1133 4238 ἡμᾶς
1165 4168 1363 4230 αὐτοὺς
1399 4169 1764 4239 ἐννοήσωμεν,
1795 4169 1876 4221 ὅτι
1907 4167 2027 4220 καθ’
2058 4167 2188 4221 ἐκά-

609 4266 744 4321 στην
773 4250 988 4320 ἡμέραν
1020 4249 1116 4307 τοῦ
1162 4249 1298 4302 Θεοῦ
1330 4251 1467 4321 πρὸς
1499 4253 1646 4322 ἡμᾶς
1682 4251 2072 4322 διαλεγομένου
2103 4249 2191 4302 διά

605 4333 718 4388 τῶν
745 4334 1073 4406 προφητῶν,
1119 4333 1209 4387 διά
1256 4334 1366 4387 τῶν
1403 4336 1738 4400 ἀποστόλων,
1783 4335 1902 4390 καθ’
1951 4335 2190 4406 ἑκάστην

609 4418 1000 4490 παρακούομεν
1024 4418 1123 4490 τὴν
1157 4419 1398 4490 ἡμέραν
1436 4421 1530 4476 καὶ
1578 4421 1728 4491 ὅμως
1771 4421 1872 4473 οὐκ
1895 4421 2189 4490 ἀφίσταται

608 4505 705 4556 καὶ
725 4504 1108 4574 διαλεγόμενος
1126 4506 1219 4558 καὶ
1237 4504 1571 4576 παρακαλῶν
1591 4506 1678 4562 ἀεὶ
1699 4505 1826 4568 τοὺς
1843 4504 2189 4576 άφηνιῶντας

609 4589 705 4642 καὶ
735 4587 810 4659 μὴ
846 4573 1230 4659 προσέχοντας.
1265 4573 1374 4641 καὶ
1398 4588 1497 4660 βοᾷ
1523 4588 1732 4651 Παῦλος
1765 4573 1961 4656 λέγωνλ
2011 4573 2190 4656 Ὑπὲρ

608 4671 866 4741 Χριστοῦ
889 4673 1317 4741 πρεσϐεύομεν,
1357 4674 1436 4739 ὡς
1469 4673 1576 4727 τοῦ
1601 4673 1750 4726 Θεοῦ
1782 4673 2198 4742 ιιῐιιριυιαλοῦν-Δ

610 4773 713 4822 τος
734 4754 808 4808 δι’
827 4753 1015 4824 ἡμῶν,
1036 4755 1286 4825 δεόμεθα
1301 4757 1452 4824 ὑπὲρ
1474 4756 1755 4825 Χριστοῦ,
1774 4757 2192 4826 καταλλάγητε

609 4837 691 4905 τῷ
725 4837 868 4905 Θεῷ.
910 4839 972 4891 Εἰ
1012 4839 1121 4910 γάρ
1155 4841 1260 4911 χρή
1311 4857 1362 4892 τι
1411 4841 1505 4893 καὶ
1547 4841 1863 4912 θαυμαστὸν
1903 4842 2099 4908 εἰπεῖν,
2128 4844 2190 4897 ού

607 4921 877 4976 τοσούτων
907 4921 1145 4976 ἐπαίνων
1173 4923 1320 4990 ἄξιος
1349 4925 1377 4975 6
1404 4923 1687 4995 προειδὼς,
1723 4927 1806 4980 ὅτι
1835 4931 2191 5004 πεισθήσεται

609 5005 829 5088 πάντως
861 5006 889 5059 6
916 5005 1204 5076 δεχόμενος
1242 5007 1342 5077 τὴν
1383 5007 1717 5078 συμϐουλὴν,
1753 5013 1850 5066 καὶ
1882 5015 2026 5069 οὕτω
2054 5034 2193 5088 συμ-

609 5087 902 5152 ϐουλεύων,
920 5089 994 5151 ὡς
1011 5091 1038 5142 6
1058 5089 1322 5168 πολλάκις
1346 5091 1446 5162 μὲν
1473 5090 1644 5145 εἰπὼν
1661 5095 1756 5146 καὶ
1780 5113 1844 5148 συ
1853 5087 2192 5167 μϐουλεύσας

610 5174 707 5226 καὶ
731 5173 1042 5244 ἀποτυχὼν,
1072 5176 1172 5228 οὐκ
1199 5177 1568 5248 ἀφιστάμενος
1602 5177 1659 5232 δὲ
1686 5176 1806 5232 οὐδὲ
1839 5181 1999 5238 οὕτω.

682 5301 784 5354 Τδν
818 5302 918 5372 μὲν
953 5301 1063 5374 γὰρ
1091 5304 1362 5376 πρότερον
1387 5307 1422 5376 ἡ
1454 5305 1549 5359 τοῦ
1589 5307 1984 5380 πεισθήσεσθαι
2037 5311 2194 5375 ἐλπὶς

608 5385 701 5437 τὸν
727 5386 1011 5448 ἀκούοντα,
1051 5387 1156 5441 κᾶν
1198 5389 1455 5466 ἁπάντων
1484 5388 1820 5462 νωθέστερος
1852 5389 1909 5466 ᾖ,
1936 5393 2192 5465 διεγείρει

607 5468 747 5539 πρὸς
768 5468 865 5540 τὴν
888 5470 1229 5542 παραίνεσιν·
1247 5465 1403 5536 οὗτος
1424 5473 1481 5526 δὲ
1496 5475 1525 5526 ό
1541 5474 1783 5546 συνεχῶς
1807 5465 2192 5547 συμϐουλεύων

673 5705 698 5776 _‘
738 5703 975 5776 Ηξομκαὶ
993 5707 1059 5776 ’τὸ
1077 5714 1169 5776 πᾷν
1189 5709 1335 5758 αὐτοῦ
1359 5711 1503 5772 ἐστιν,
1529 5713 1708 5763 desum
1745 5710 1795 5763 in
1838 5713 2052 5776 quinque
2078 5727 2191 5763 mss.

631 5795 638 5822 .
669 5768 694 5835 lg
726 5768 821 5835 Appi
845 5771 1168 5835 ῥῆμα-ἱκανόν.

673 5833 694 5860 ⁸
725 5833 922 5888 Δίιίτῄν
945 5833 1088 5881 αὐτοῦ
1122 5834 1362 5898 πονηρίαν.

1313 391 1369 444 S.
1409 387 1701 444 JOA‘NNIS
1731 385 2222 444 CHRYSOSTOMI
2261 385 2581 446 ARCHIEP.
2627 391 3176 449 (IONSTANTINOP.

3781 392 3887 447 970

2296 502 2390 553 καὶ
2419 505 2886 576 παρακουδμενος,
2919 501 3038 560 εἶτα
3064 508 3166 560 οὐκ
3197 507 3587 577 ἀφιστάμενος,
3616 507 3887 577 θερμοτά-
3943 531 3952 534 ·

2293 606 2393 660 της
2413 592 2506 643 καὶ
2527 595 2906 665 γνησιωτάτης
2921 595 3142 664 ἀγάπης
3161 595 3461 665 τεκμήριον
3488 595 3882 660 ἐπιδείκνυται,

2294 677 2471 731 ἐλπίδι
2517 681 2616 749 μὲν
2664 683 2892 753 οὐδεμιᾷ
2933 683 3157 754 τοιαύτῃ
3198 682 3571 753 τρεφόμενος,
3619 683 3709 734 διὰ
3738 684 3795 735 δὲ
3823 687 3883 735 1:6

2296 767 2434 835 πρὸς
2463 768 2555 820 τὸν
2588 769 2857 822 ἀκούοντα
2887 771 3105 842 φίλτρον
3135 771 3293 839 μόνον
3326 770 3425 839 τῆς
3456 770 3586 840 περὶ
3613 770 3706 822 τὸν
3731 771 3884 824 ἀδελ-

2294 852 2392 922 φδν
2423 856 2524 908 οὐκ
2553 857 2924 928 ἀφιστάμενος
2956 859 3293 929 ἐπιμελείας.
3341 857 3484 910 Ἀλλ’
3521 861 3608 911 ὅτι
3640 861 3740 928 μὲν
3776 861 3880 929 χρὴ

2296 943 2566 1012 μηδέποτε
2599 946 2929 1013 ἀφίστασθαι
2958 946 3066 999 τῶν
3089 947 3479 1006 πεπτωκότων.
3511 943 3619 1000 κᾶν
3645 948 3892 1017 προειδό-

2293 1047 2385 1093 τες
2417 1026 2601 1101 ῶμεν,
2635 1032 2719 1084 ὅτι
2752 1034 2812 1085 οὐ
2847 1035 3234 1104 πεισθήσονται
3273 1036 3427 1104 ἡμῖν,
3464 1035 3668 1097 ἱκανῶς
3694 1033 3890 1087 ἀποδέ-

2291 1119 2522 1172 δεικται.
2548 1124 2640 1172 Δεῖ
2667 1120 2724 1172 δὲ
2747 1121 2931 1174 λοιπὸν
2963 1123 3056 1174 ἐπὶ
3087 1122 3186 1190 τὴν
3228 1122 3338 1175 τῶν
3379 1122 3714 1191 τρυφώντων
3757 1139 3889 1174 κατ-

2292 1208 2523 1279 ηγορίαν
2550 1207 2785 1277 βαδίσαι.
2816 1210 2960 1272 Ἕως
2985 1210 3093 1280 γάρ
3126 1210 3192 1263 ἂν
3225 1211 3434 1283 ἑστήκῃ
3458 1214 3492 1282 ἡ
3531 1211 3694 1281 ἐορτὴ
3721 1210 3883 1280 αῦτη,

2295 1297 2389 1348 καὶ
2409 1295 2479 1348 τὰ
2509 1296 2644 1364 ἐλκη
2674 1297 2776 1364 τῆς
2810 1296 2979 1366 μέθης
3010 1299 3068 1348 ἐν
3095 1299 3215 1360 ταῖς
3239 1297 3350 1350 τῶν
3382 1299 3695 1368 μεθυόντων
3715 1300 3884 1369 ἐργά-

2295 1386 2448 1448 ζεται
2479 1386 2679 1455 ψυχαῖς
2715 1388 2742 1438 6
2773 1386 3040 1450 διάϐολος,
3077 1388 3172 1439 καὶ
3201 1389 3349 1456 ἡμᾶς
3377 1387 3446 1439 τά
3467 1387 3741 1461 φάρμακα
3760 1390 3884 1441 ἐπι-

2292 1473 2496 1545 τιθέναι
2537 1477 2666 1546 χρή.

2365 1589 2440 1646 ς’.
2476 1583 2620 1647 Χθές
2645 1585 2742 1654 μὲν
2769 1580 2863 1637 οὖν
2896 1584 2988 1638 τὸν
3013 1584 3226 1638 Παῦλον
3250 1587 3434 1650 αὐτοῖς
3460 1587 3886 1656 ἐπετειχίσαμεν

2293 1671 2540 1739 λέγοντα
2563 1673 2700 1725 Ειτε
2725 1673 2978 1736 ἐσθίετε,
3002 1674 3122 1726 είτε
3147 1673 3372 1735 πίνετε,
3401 1673 3523 1726 εἴτε
3554 1691 3610 1726 τι
3639 1673 3886 1734 ποιεῖτε,

2292 1759 2493 1812 πάντα
2538 1763 2627 1826 εις
2665 1761 2856 1824 δόξαν
2900 1761 3050 1816 Θεοῦ
3098 1765 3337 1815 ποιεῖτε.
3389 1762 3642 1832 Σήμερον
3686 1761 3747 1814 δὲ
3793 1763 3888 1812 τὸν

2294 1847 2506 1899 Παύλου
2538 1849 2820 1919 Δεσπότην
2844 1849 3091 1918 δείξομεν
3118 1851 3322 1912 αὐτοῖς,
3351 1851 3473 1919 οὐχὶ
3510 1847 3890 1919 παραινοῦντα

2296 1935 2477 2004 μόνον,
2515 1935 2637 1988 οὐδὲ
2670 1936 3113 2006 συμϐουλεύοντα
3140 1937 3444 2006 ἀπέχεσθαι
3477 1936 3717 2006 τρυφῆς,
3751 1935 3891 1987 ἀλλά

2293 2025 2388 2076 καὶ
2405 2022 2703 2088 κολάζοντα
2721 2026 2811 2078 τὸν
2834 2029 3087 2097 ἐντρυφῇ
3112 2025 3312 2088 ζῶντα,
3332 2028 3427 2079 καὶ
3444 2027 3884 2096 τιμωρούμενον.

2305 2115 2370 2167 Ἡ
2404 2115 2511 2185 γάρ
2534 2114 2627 2167 τοῦ
2654 2115 2912 2168 πλουσίου
2944 2117 3036 2169 καὶ
3074 2115 3168 2168 τοῦ
3200 2115 3455 2180 Λαζάρου
3485 2115 3715 2168 καὶτῶν
3757 2117 3890 2168 ἐκα-

2293 2203 2474 2273 τέροις
2500 2204 2824 2273 συμϐάντων
2862 2205 3077 2275 ἱστορία
3104 2202 3258 2256 οὐδὲν
3297 2203 3484 2274 ἕτερον
3524 2205 3558 2274 ἦ
3609 2203 3769 2256 τοῦτο
3798 2206 3889 2256 ἐν-

2293 2291 2584 2346 δείκνυται.
2603 2293 2818 2346 Μᾶλλον
2841 2292 2917 2354 δὲ,
2937 2293 3024 2344 ἵνα
3047 2292 3122 2363 μὴ
3145 2293 3441 2365 παρέργως
3465 2291 3624 2344 τοῦτο
3654 2294 3888 2359 ποιήσιο-

2297 2396 2418 2448 μεν,
2437 2379 2648 2433 ἄνωθεν
2664 2381 2794 2450 ὑμῖν
2811 2380 2979 2450 αὐτὴν
3011 2377 3402 2449 ἀναγνώσομαι
3420 2380 3520 2450 τὴν
3544 2379 3887 2449 παραϐολήν.

2298 2469 2646 2535 Ἀνθρωπος
2687 2486 2778 2534 τις
2815 2465 2895 2538 ἦν
2945 2469 3273 2533 πλούσιος,
3318 2468 3415 2521 καί
3462 2467 3890 2520 ἐνεδιδύσκετο

2295 2557 2610 2624 πορφύραν
2633 2557 2729 2610 καὶ
2754 2559 3026 2622 βύσσον,
3072 2557 3548 2626 εὐφραινόμενος
3587 2556 3718 2610 καθ’
3745 2555 3890 2624 ἠμέ-

2287 2662 2408 2712 ραν
2429 2645 2735 2714 λαμπρῶς·
2752 2647 2988 2716 πτωχὸς
3009 2646 3076 2699 δέ
3106 2664 3190 2712 τις
3215 2643 3295 2716 ἦν
3319 2648 3566 2715 ὀνόματι
3599 2646 3888 2714 Λάζαρος,

2295 2735 2363 2799 ὃς
2389 2734 2671 2803 ἐϐέϐλητο
2701 2739 2788 2800 εἰς
2837 2737 2942 2788 τὸν
2981 2734 3234 2788 πυλῶνα
3275 2735 3464 2789 αὑτοῦ
3498 2734 3888 2802 ἡλκωμένος.

2295 2821 2391 2874 καὶ
2421 2822 2727 2891 ἐπιθυμῶν
2753 2821 3158 2890 χορτασθῆναι
3199 2823 3315 2875 ἀπὸ
3361 2820 3480 2874 τῶν
3513 2822 3738 2890 ψιχίων
3769 2819 3896 2873 τῶν

2295 2913 2636 2965 πιπτόντων
2665 2913 2784 2965 ἀπὸ
2809 2911 2916 2977 τῆς
2934 2909 3222 2980 τραπέζης
3253 2910 3359 2964 τοῦ
3381 2912 3704 2963 πλουσίοιν
3728 2909 3896 2962 ἀλλὰ

2295 2999 2391 3053 καὶ
2415 3003 2468 3053 οἰ
2497 3003 2679 3065 κύνες
2705 2999 2855 3072 [715]
2874 3001 3206 3068 ἐρχόμενοι,
3237 2999 3616 3067 περιέλειχον
3641 3000 3711 3052 τὰ
3735 2998 3892 3065 ἕλκη

2295 3088 2505 3142 αὑτοῦ.
2537 3089 2695 3150 Τίνος
2728 3087 2827 3157 μὲν
2861 3084 2954 3140 οὖν
2986 3087 3174 3140 ἐνεκεν
3201 3089 3258 3138 ἐν
3295 3085 3635 3156 παραϐολαῖς
3659 3086 3836 3140 ἐλάλει
3861 3090 3896 3141 6

2295 3178 2596 3248 Δεσπότης,
2639 3179 2732 3230 καὶ
2775 3179 2826 3229 τί
2880 3177 3079 3248 δήποτε
3125 3177 3235 3228 τῶν
3277 3175 3608 3245 παραϐολῶν
3657 3175 3755 3234 τάς
3789 3177 3899 3244 μὲν

2296 3267 2441 3329 ἔλυε,
2473 3267 2570 3330 τὰς
2594 3267 2649 3319 δὲ
2673 3267 2774 3319 οὐκ
2799 3267 2943 3330 ἔλυε,
2977 3266 3073 3319 καὶ
3096 3267 3148 3318 τί
3189 3265 3306 3317 πότ’
3340 3267 3490 3317 ἐστιν
3514 3268 3546 3335 ἡ
3578 3265 3895 3335 παραϐολὴ,

2297 3361 2390 3410 καὶ
2417 3361 2517 3410 ὅσα
2560 3359 2821 3418 τοιαῦτα,
2857 3360 2934 3420 εἰς
2977 3357 3167 3428 ἕτερον
3214 3356 3895 3430 καιρὺνπαμιευσόμεθα,

2295 3444 2436 3500 ὥστε
2467 3446 2542 3518 μὴ
2605 3446 2698 3499 τοῦ
2754 3447 3172 3514 κατεπείγοντος
3200 3445 3507 3515 ἀποστῆναι
3557 3445 3715 3512 λόγου
3761 3444 3893 3497 νῦν·

2297 3536 2473 3588 ἐκεῖνο
2503 3535 2561 3587 δὲ
2606 3535 2744 3598 τέως
2777 3535 2914 3604 πρὸς
2967 3537 3114 3605 ὑμᾶς
3155 3536 3390 3604 ἐροῦμεν
3418 3533 3600 3604 μόνον,
3648 3533 3730 3595 τίς
3775 3535 3898 3584 ἐστι

2296 3624 2404 3675 τῶν
2436 3623 2842 3692 εὐαγγελιστῶν
2862 3626 2890 3676 6
2915 3623 3012 3694 τὴν
3031 3622 3348 3694 παραϐολὴν
3373 3621 3577 3691 ταύτην
3607 3621 3897 3691 εἰρηκέναι

2295 3711 2388 3762 τὸν
2418 3712 2655 3781 Χριστὸν
2685 3710 2873 3764 εἰπών.
2909 3711 3005 3772 Τίς
3024 3707 3118 3763 οὖν
3152 3713 3332 3776 ἐστιν;
3376 3711 3434 3763 ’0
3455 3709 3670 3771 Λουκᾶς
3707 3708 3895 3778 μόνος.

2298 3803 2408 3855 Καὶ
2436 3802 2545 3873 γάρ
2574 3803 2668 3855 καὶ
2695 3803 2852 3854 τοῦτο
2879 3803 3175 3869 ἀναγκαῖον
3205 3800 3427 3861 εἰδέναι,
3477 3802 3559 3853 δτι
3597 3799 3706 3852 τῶν
3735 3803 3898 3870 εἰρη-

2301 3893 2480 3962 μένων
2519 3891 2588 3943 τὰ
2633 3892 2732 3960 μὲν
2769 3893 2818 3944 οἰ
2855 3891 3120 3960 τέσσαρες
3160 3885 3337 3953 εἶπον,
3384 3890 3450 3943 τά
3489 3890 3546 3943 66
3582 3889 3704 3942 κατ’
3751 3890 3895 3943 ἰδίαν

2298 3980 2530 4042 ἕκαστος
2562 3979 2871 4032 ἀπολαϐών.

2371 4095 2528 4158 Τίνος
2579 4095 2798 4161 ἓνεκεν;
2862 4096 2980 4148 Ἵνα
3032 4095 3125 4147 καὶ
3185 4093 3293 4146 τῶν
3343 4093 3548 4146 λοιπῶν
3617 4094 3914 4162 ἀναγκαία-

2299 4189 2430 4258 ἡμῖν
2471 4187 2504 4257 ἡ
2551 4185 2858 4251 ἀνάγνωσις
2908 4183 3154 4252 γένηται,
3197 4183 3292 4236 καὶ
3332 4182 3392 4235 τὺ
3434 4183 3533 4253 τῆς
3568 4185 3899 4254 συμφωνίας

2299 4276 2577 4347 ἐξαίρετον
2631 4274 2886 4344 διαφανῇ.
2951 4273 3012 4325 Εἰ
3084 4274 3182 4343 μὲν
3240 4273 3351 4344 γάρ
3408 4272 3612 4336 πάντες
3672 4274 3900 4328 ἅπαντα

2299 4362 2473 4428 εἷπον,
2514 4364 2614 4417 οὐκ
2655 4364 2722 4418 ἂν
2757 4365 2892 4415 πᾶσι
2929 4362 3068 4433 μετὰ
3097 4362 3335 4431 σπουδῆς
3362 4361 3753 4437 προσείχομεν,
3790 4365 3896 4436 ἀρ-

2299 4454 2523 4517 κοῦντος
2568 4454 2686 4516 ἐνὸς
2733 4451 2941 4517 διδάξαι
2983 4451 3044 4504 τὸ
3089 4451 3233 4503 πᾶν·
3270 4451 3318 4502 εἰ
3364 4449 3422 4503 δὲ
3471 4449 3676 4512 πάντες
3712 4454 3897 4507 πάντα

2301 4542 2677 4612 ἐξηλλαγμένα
2717 4535 2892 4603 εἶπον,
2927 4539 3027 4590 οὐκ
3065 4537 3132 4590 ἂν
3157 4538 3333 4606 ἐφάνη
3355 4536 3414 4590 τὸ
3439 4537 3541 4607 τῆς
3567 4543 3899 4609 συμφωνίας

2303 4634 2598 4704 ἐξαίρετον.
2637 4630 2735 4684 Διά
2760 4628 2920 4682 τοῦτο
2952 4629 3046 4681 καὶ
3085 4629 3238 4697 κοινῇ
3284 4626 3486 4689 πάντες
3523 4626 3696 4680 πολλά
3727 4629 3900 4702 ἐγρα-

2299 4721 2437 4790 qm,
2487 4721 2580 4776 καὶ
2617 4720 2735 4773 κατ’
2774 4709 2910 4786 ἰδίαν
2951 4716 3182 4777 ἕκαστος
3233 4715 3545 4770 ἀπολαϐών.
3578 4717 3760 4789 Ὀτπρ
3798 4717 3902 4775 οὖν

2301 4808 2534 4879 Χριστὸς
2583 4806 2672 4859 διὰ
2713 4806 2812 4876 τῆς
2856 4801 3175 4875 παραϐολῆς
3216 4802 3482 4867 διδάσκει,
3513 4803 3675 4858 τοῦτό
3717 4808 3894 4862 ἐστιν.

2304 4898 2626 4970 ’Ἄνθρωπός
2653 4913 2759 4958 τις,
2783 4896 2970 4964 φησὶν,
2999 4889 3347 4964 ἦν’πλούσιος
3388 4892 3562 4964 κακία
3585 4895 3754 4965 πολλῇ
3799 4915 3901 4949 συ-

2302 4987 2433 5051 ζῶν,
2461 4986 2721 5057 οὐδεμιᾶς
2744 4986 2938 5054 πεῖραν
2967 4981 3180 5052 ἐδέχετο
3210 4983 3520 5052 συμφορᾶς,
3547 4982 3684 5035 ἀλλά
3714 4985 3898 5050 πάντα

2301 5076 2451 5147 αὐτῷ
2483 5075 2674 5146 ὥσπερ
2697 5076 2760 5126 ἐκ
2783 5071 2974 5142 πηγῶν
3009 5069 3253 5142 ἐπέρρει.
3278 5071 3406 5124 Ὀτι
3449 5069 3560 5141 γάρ
3588 5072 3743 5125 οὐδὲν
3778 5075 3901 5130 τῶν

2303 5165 2582 5232 ἀδοκήτων
2611 5159 2925 5216 συνέϐαινεν
2966 5157 3116 5228 αὐτῷ
3134 5197 3148 5220 ,
3187 5157 3295 5211 οὐδ’
3322 5157 3566 5229 ἀθυμίας
3593 5159 3862 5227 ὑπόθεσις
3882 5204 3898 5226 ,

2301 5253 2414 5306 οὐδ’
2455 5250 2742 5320 ἀνωμαλία
2773 5266 2858 5311 τις
2895 5246 3145 5318 βιωτικὴ,
3186 5245 3319 5300 αὐτὸ
3350 5246 3513 5299 τοῦτο
3561 5247 3786 5317 ᾐνίξατο
3836 5251 3903 5304 τὸ

2303 5345 2477 5397 εἰπεῖν
2496 5341 2545 5406 ἀ,
2572 5341 2652 5393 ὅτι
2687 5337 3015 5410 ηὐφραίνετο
3056 5336 3178 5389 καθ’
3213 5334 3446 5408 ἡμέραν.
3474 5336 3592 5388 Ὀτι
3633 5336 3691 5388 δὲ
3725 5339 3901 5408 κακία

2306 5433 2528 5503 συνέζη,
2557 5431 2713 5501 δῆλον
2749 5430 2846 5500 μὲν
2872 5426 2965 5482 καὶ
3001 5429 3067 5482 ἐκ
3088 5426 3182 5481 τοῦ
3213 5426 3470 5496 λαχόντος
3496 5425 3646 5496 αὐτῷ
3670 5426 3870 5500 τέλους
3887 5467 3904 5488 ,

2304 5526 2400 5578 καὶ
2424 5524 2530 5594 πρὸ
2549 5521 2644 5574 τοῦ
2672 5521 2858 5582 τέλους
2893 5520 2950 5572 δέ
2977 5521 3042 5571 ἐκ
3084 5517 3186 5588 τῆς
3217 5518 3346 5588 περὶ
3379 5517 3470 5569 τὸν
3501 5517 3713 5586 πένητα
3744 5533 3903 5589 12w,-

2310 5614 2478 5684 μένης
2510 5610 2831 5681 ὑπεροψίας.
2864 5609 2987 5661 Ὅτι
3029 5604 3139 5678 γάρ
3178 5608 3238 5660 οὐ
3277 5605 3438 5676 μόνον
3467 5604 3677 5659 ἐκεῖνον
3714 5604 3811 5661 τὸν
3846 5606 3906 5660 ιν

2371 5836 2396 5877 ἀ
2420 5835 2567 5888 Savil.
2594 5836 2661 5899 τῷ
2691 5832 2849 5886 εἰπεῖν.
