4160 6324
124 128 399 150 Ίῑ“-““-“

189 432 313 493 959

194 554 385 600 autem
411 546 456 600 si
494 545 616 600 haec
645 544 1129 607 anuuadvertisset,
1160 549 1443 613 ,ingentem
1488 561 1551 600 ex
1585 544 1684 600 hac
1712 546 1795 599 ul-

192 636 358 692 tione
382 636 617 705 cepisset
646 634 942 689 utilitatem.
985 633 1090 689 Sed
1143 641 1319 688 tamen
1368 650 1436 688 ne
1479 634 1558 690 sic
1586 634 1798 703 quidem

198 734 489 781 correctus
518 733 623 781 est.
650 723 894 789 Christus
913 733 1093 781 autem
1124 724 1375 793 praescius
1389 733 1443 778 et
1458 724 1560 779 hoc
1578 736 1802 780 eventu-

200 830 358 884 rum,
390 831 497 871 non
526 817 629 870 hoc
670 824 894 879 tantum,
928 830 1115 870 verum
1145 816 1306 870 etiam
1332 815 1476 871 aliud
1502 816 1605 871 hoc
1635 817 1806 871 multo

201 906 393 977 majus
421 905 620 961 eﬂecit.
649 905 781 961 Cum
808 904 999 975 gladiis
1037 913 1091 958 et
1133 902 1362 959 fustibus
1399 904 1589 959 armati
1618 917 1810 960 manus

204 997 268 1051 in
304 997 477 1067 ipsum
521 1004 773 1069 parareqt
816 994 1038 1064 injicere
1075 994 1265 1060 Judaei,
1300 1003 1409 1049 tum
1458 996 1579 1050 illos
1622 1008 1816 1050 omnes

205 1086 533 1141 exemeavit.
566 1087 619 1141 Id
651 1085 792 1141 enim
841 1085 1152 1151 declaravit,
1197 1100 1319 1139 eum
1361 1085 1564 1139 diceret
1599 1098 1615 1140 :
1650 1083 1812 1150 Quem

205 1178 446 1243 queritis
490 1175 669 1247 (Joan.
722 1176 811 1231 18.
842 1174 937 1245 4)ἳ
980 1175 1110 1230 Cum
1142 1177 1283 1231 enim
1313 1175 1478 1230 Judas
1510 1177 1814 1246 frequenter

206 1270 478 1324 dixisset:
514 1266 651 1333 Quid
688 1268 835 1322 vultis
880 1269 1004 1322 mihi
1043 1268 1185 1333 dare,
1229 1280 1276 1322 et
1316 1285 1407 1338 ego
1449 1268 1586 1323 vobis
1613 1268 1814 1322 tradam

208 1376 334 1412 eum
364 1357 578 1431 (Matth.
608 1357 699 1413 26.
729 1358 857 1428 15)?
896 1358 985 1415 ille
1017 1360 1204 1414 volens
1232 1358 1429 1414 Iudaeis
1470 1358 1810 1429 persuadere,

208 1448 648 1518 discipulumque
668 1448 888 1515 docere,
912 1464 972 1505 se
1000 1449 1266 1504 volentem
1284 1449 1350 1503 ad
1379 1460 1603 1503 mortem
1631 1450 1731 1514 ire,
1762 1458 1817 1504 et

210 1540 406 1594 omnia
437 1540 602 1611 ipsius
627 1554 770 1606 esse,
802 1555 901 1596 nec
928 1539 1080 1597 Iuda:
1107 1540 1307 1595 malitia
1335 1542 1529 1595 victum
1554 1541 1657 1596 huc
1677 1540 1815 1610 adigi

212 1633 485 1702 potuisse,
529 1634 647 1702 ipso
691 1634 964 1703 proditore
1004 1649 1125 1688 eum
1175 1634 1385 1688 czeteris
1427 1634 1677 1689 omnibus
1718 1634 1816 1687 ad-

213 1732 421 1789 stante,
445 1723 624 1791 Quem,
651 1724 838 1794 inquit,
860 1725 1122 1795 qtueritis?
1140 1724 1284 1779 Itane
1302 1740 1406 1778 non
1424 1706 1645 1779 noverint
1662 1739 1819 1794 quem

214 1825 346 1871 erat
374 1817 718 1886 proditurus?
746 1818 855 1873 Sed
906 1819 1162 1873 Dominus
1207 1819 1503 1873 obcaecarat
1530 1819 1669 1873 illius
1693 1833 1822 1873 ocu-

219 1908 331 1972 los,
363 1922 460 1961 nec
484 1907 533 1961 id
561 1906 757 1971 solum,
779 1924 963 1962 verum
988 1908 1147 1963 etiam
1172 1923 1360 1963 omnes
1389 1908 1489 1963 hac
1512 1924 1644 1963 voce
1672 1923 1823 1963 resu-

222 1997 444 2067 pinatos
468 1996 664 2066 dejecit
706 1999 759 2052 in
791 2007 1010 2053 terram.
1058 1998 1159 2054 Ubi
1204 2015 1334 2053 vero
1361 2014 1461 2054 nec
1488 2015 1551 2054 ea
1586 2015 1673 2054 res
1704 1999 1822 2053 illos

226 2088 470 2144 reddidit
512 2089 876 2152 humaniores.
912 2105 1086 2161 neque
1114 2091 1432 2146 sceleratum
1463 2091 1610 2145 illum
1634 2105 1661 2143 a
1695 2106 1822 2161 pro.

221 2178 437 2235 ditione
464 2182 752 2247 revocavit,
772 2181 868 2236 sed
894 2181 1271 2250 perseverabat
1296 2181 1626 2248 insanabilis,
1659 2196 1725 2236 ne
1745 2181 1825 2235 sic

224 2271 450 2339 quidem
476 2270 739 2327 alienatus
764 2281 847 2327 est
875 2273 1148 2338 Dominus,
1183 2287 1290 2344 quo
1326 2272 1504 2328 minus
1534 2288 1722 2328 rursus
1748 2272 1824 2327 illi

226 2374 348 2417 tum
374 2364 827 2428 benevolentiam,
861 2374 971 2419 tum
998 2379 1182 2419 curant
1211 2365 1566 2434 impenderet.
1590 2363 1694 2419 Sed
1728 2354 1826 2434 age

225 2455 539 2522 considera,
573 2471 731 2525 quam
769 2466 1067 2525 opportune
1111 2457 1475 2527 impudentem
1505 2464 1685 2526 tangat
1708 2457 1823 2508 aui-

225 2562 402 2619 mum,
429 2555 485 2601 et
511 2561 576 2601 ea
601 2546 865 2617 loquatur,
894 2564 1012 2618 qua:
1037 2548 1119 2602 vel
1146 2563 1360 2603 saxeam
1381 2557 1610 2603 mentem
1630 2555 1829 2617 queant

227 2639 504 2695 emollire.
559 2639 770 2694 Etenim
814 2640 973 2694 simul
1019 2648 1181 2709 atque
1220 2640 1384 2695 ludas
1414 2640 1735 2694 accessisset
1760 2638 1827 2691 ad

227 2749 359 2789 cum
389 2732 748 2796 osculattlrus,
774 2731 901 2802 quid
930 2732 1040 2787 ait?
1060 2732 1225 2801 Iuda,
1252 2731 1427 2787 osculo
1442 2731 1635 2787 Filium
1660 2732 1827 2785 homi-

229 2825 320 2878 nis
348 2822 521 2893 prodis
547 2821 699 2893 (Luc.
719 2822 811 2885 22.
839 2822 970 2894 48)?
999 2822 1109 2879 Nec
1137 2824 1248 2892 ipsa
1277 2823 1595 2894 proditionis
1624 2824 1830 2893 species

229 2902 505 2983 pudorem
521 2913 745 2967 incutit?
768 2904 895 2968 Bazc
919 2923 1099 2969 autem
1128 2914 1340 2969 dicebat
1380 2923 1568 2968 taxans
1600 2929 1663 2969 ac
1691 2930 1827 2983 pun«

229 3019 370 3073 gens
396 3002 565 3069 illum,
607 3004 951 3074 pristinazque
980 3005 1466 3061 commonefaciens
1488 3004 1831 3060 consuetudi-

232 3096 344 3148 nis.
374 3097 623 3149 Attamen
655 3109 775 3148 cum
819 3094 1063 3150 Christus
1091 3103 1199 3149 tam
1244 3097 1417 3156 multa
1452 3105 1563 3151 tum
1583 3097 1827 3163 fecisset,

233 3198 353 3239 tum
383 3186 626 3250 dixisset,
662 3187 750 3241 ille
780 3196 956 3241 tamen
986 3186 1151 3242 nihilo
1174 3180 1343 3242 factus
1372 3196 1456 3242 est
1480 3188 1691 3255 melior,
1723 3203 1831 3243 non

234 3279 385 3348 quod
415 3295 600 3349 parum
630 3290 775 3334 esset
801 3288 993 3352 potens
1013 3281 1100 3350 qui
1131 3282 1402 3348 monebat,
1437 3282 1532 3337 sed
1573 3282 1714 3353 quod
1746 3283 1833 3337 ille

237 3386 452 3427 vecors.
503 3371 752 3427 Christus
792 3383 972 3428 autem
1018 3388 1139 3428 cum
1170 3374 1285 3429 hare
1312 3376 1490 3429 omnia
1538 3376 1829 3446 praesciret,

237 3479 349 3518 non
377 3462 533 3518 desiit
561 3473 740 3518 tamen
764 3464 832 3518 ab
861 3464 1013 3520 initio
1042 3482 1209 3535 usque
1234 3466 1299 3519 ad
1323 3467 1481 3521 tinent
1510 3482 1660 3520 suam
1686 3466 1837 3521 exhi-

238 3556 373 3611 bere
399 3555 803 3625 benignitatem.
833 3556 900 3609 Et
925 3570 1022 3610 nos
1052 3557 1210 3627 igitur
1232 3536 1352 3611 cum
1373 3556 1486 3611 haec
1508 3558 1833 3622 noverimus,

237 3647 611 3714 dilectissimi,
661 3647 919 3703 debemus
959 3648 1371 3720 infatigabiliter,
1429 3664 1492 3704 ac
1540 3665 1636 3720 per
1679 3660 1838 3764 olnne

243 3749 455 3764 ἈΜ-ιι...
479 3739 668 3764 0...---
689 3750 901 3764 ...ιρι--.-
925 3741 1190 3764 _-._I--.--
1219 3743 1478 3764 2_-a_._-_-
1509 3757 1568 3764 ,Α
1596 3757 1810 3764 _..-._-_-

241 3749 457 3809 tempus
478 3739 670 3795 fratres
689 3750 903 3795 nostros
924 3741 1194 3812 neglectos
1219 3743 1483 3797 instruere
1506 3757 1570 3797 ac
1594 3739 1835 3811 mon'ere,

241 3832 454 3885 etiamsi
500 3832 629 3885 nihil
674 3847 740 3887 ex
770 3832 1136 3889 admonitione
1177 3834 1381 3889 fructus
1420 3834 1492 3889 sit
1518 3834 1836 3889 redituram.

248 3924 460 3978 Etenim
491 3925 536 3979 si
563 3924 820 3979 Dominus
849 3926 940 3996 qui
972 3936 1313 3995 promoverat
1359 3926 1663 3997 hujusmodi
1690 3926 1836 3981 futu-

246 4030 368 4070 rum
395 4026 668 4083 eventum,
697 4015 799 4097 hac
826 4032 954 4072 usus
996 4026 1079 4073 est
1118 4018 1478 4073 sollicitudine
1519 4033 1647 4089 erga
1692 4034 1837 4083 eum,

248 4108 342 4179 qui
390 4108 521 4163 nihil
564 4108 768 4165 fructus
797 4110 1002 4165 laturus
1027 4120 1144 4166 erat
1192 4126 1257 4166 ex
1303 4111 1708 4166 admonitione:
1737 4127 1839 4183 qua

248 4200 468 4257 tandem
495 4201 664 4264 venia,
681 4201 827 4273 digni
858 4202 1116 4258 fuerimus
1142 4218 1257 4268 nos,
1284 4203 1349 4268 si,
1373 4218 1494 4257 cum
1519 4204 1752 4259 incertus
1773 4205 1844 4259 sit

250 4290 409 4346 nobis
437 4306 619 4346 rerum
661 4290 905 4356 eventus,
950 4291 1086 4346 adeo
1131 4292 1385 4346 socordes
1414 4292 1673 4347 fuerimus
1698 4293 1842 4349 circa

251 4384 481 4454 proximi
526 4383 776 4447 salutem,
805 4392 924 4452 post
949 4398 1108 4438 unam
1140 4391 1301 4454 atque
1342 4384 1565 4438 alteram
1595 4384 1840 4439 admoni-

254 4479 454 4533 tionem
484 4491 580 4532 eos
606 4475 950 4531 deserentes?
993 4476 1232 4547 Denique
1274 4484 1473 4545 prseter
1523 4476 1639 4532 haec
1666 4476 1843 4531 omnia

253 4585 375 4640 qua:
396 4568 536 4624 dicta
565 4580 713 4635 sunt,
740 4570 902 4625 etiam
932 4569 1060 4639 quid
1092 4570 1143 4623 in
1174 4569 1327 4624 nobis
1348 4569 1477 4639 ipsis
1491 4570 1847 4625 accidatcon-

256 4659 577 4726 sideremus,
609 4668 918 4730 reputantes
937 4660 1077 4730 quod
1098 4676 1218 4715 cum
1244 4661 1408 4715 Deum
1432 4662 1586 4716 nobis
1606 4662 1847 4732 quotidie

258 4750 575 4820 loquentem
597 4765 694 4821 per
712 4750 1021 4821 prophetas,
1042 4766 1136 4820 per
1154 4752 1426 4820 apostolos
1448 4753 1740 4809 oscitanter
1754 4769 1849 4809 au-

256 4843 489 4909 diamus,
518 4842 659 4897 haud
688 4852 865 4923 tamen
892 4843 1090 4899 desinit
1114 4845 1197 4899 vel
1223 4844 1516 4913 appellare,
1546 4846 1628 4900 vel
1652 4845 1849 4901 docere

260 4936 489 4991 rebelles
519 4951 812 5006 parumque
851 4945 1105 4991 attentos.
1138 4936 1279 5005 Quin
1309 4946 1365 4992 et
1393 4936 1589 4992 Paulus
1630 4938 1849 5004 clamat,-

259 5030 445 5083 dicens
469 5045 484 5082 :
511 5026 617 5081 Pro
639 5026 839 5082 Christo
865 5026 1113 5098 legatione
1142 5027 1423 5099 fungimur,
1455 5038 1711 5099 tamquam
1740 5026 1851 5083 Deo

262 5134 351 5190 per
370 5104 461 5173 nos
482 5118 791 5184 obsecrante,
819 5134 1058 5189 rogamus
1082 5135 1173 5189 pro
1198 5118 1415 5185 Christo,
1457 5118 1853 5173 reconciliantini

262 5210 373 5264 Deo
396 5208 477 5278 (2.
505 5209 624 5263 Cor.
651 5209 706 5264 5.
734 5207 850 5281 20),.
875 5208 1029 5276 Quod
1054 5210 1097 5264 si
1123 5209 1408 5265 dicendum
1430 5210 1628 5280 aliquid
1647 5224 1851 5265 novum

262 5309 319 5357 et
334 5299 725 5367 admirandum,
740 5300 883 5356 haud
905 5301 1231 5357 tantumdem
1250 5301 1422 5357 laudis
1442 5312 1677 5359 meretur
1700 5302 1747 5357 is
1762 5302 1853 5373 qui

265 5395 479 5466 praiscit
503 5393 760 5463 futurum,
791 5404 849 5449 ut
888 5396 933 5450 is
961 5396 1051 5467 qui
1080 5396 1364 5451 consilium
1410 5396 1602 5466 accipit
1640 5396 1852 5451 obtem-

266 5492 435 5558 peret,
464 5494 626 5556 atque
650 5486 722 5539 ita
751 5486 803 5539 in
832 5485 1163 5541 consulendo
1185 5495 1511 5556 perseverat,
1534 5495 1790 5557 quantum
1808 5486 1855 5540 is

258 5576 355 5650 ‘qui
379 5578 690 5648 frequenter
730 5577 1004 5648 loquutus,
1049 5578 1357 5649 frequenter
1401 5580 1636 5635 adhibita
1676 5580 1855 5635 moni-

269 5669 432 5734 tione,
463 5669 752 5724 frustratus
780 5678 883 5736 est,
916 5684 1016 5725 nec
1041 5670 1120 5724 sic
1141 5679 1319 5725 tamen
1346 5670 1573 5727 destitit.

341 5758 468 5815 Plus
483 5770 704 5823 uteretur
727 5761 812 5832 qui
836 5772 982 5815 curat
1007 5762 1358 5816 insanabilem.
1376 5792 1447 5802 —
1466 5762 1599 5818 Nam
1622 5763 1855 5832 priorem

264 5848 415 5905 illum
443 5864 571 5921 spes
594 5851 787 5909 futura:
810 5852 1067 5910 auditoris
1094 5854 1479 5925 obsequentia,
1519 5854 1730 5912 etiamsi
1758 5857 1853 5912 ‘se-

1439 434 1522 487 DE
1546 432 1821 488 LAZARO
1858 430 2102 485 CONClO
2140 430 2184 483 Ι.

3387 426 3490 481 970

1906 548 2197 615 gnissimus
2229 548 2406 612 fuerit,
2429 546 2627 601 excitat
2656 544 2721 598 ad
2747 542 2979 598 ofﬁcium
2996 542 3347 598 admonendi:
3368 557 3495 597 cou-

1908 652 1987 694 tra
2020 640 2105 693 hic
2131 653 2253 693 cum
2283 637 2496 691 assidue
2526 645 2761 699 moneat,
2793 650 2891 689 nec
2918 634 3186 701 audiatur,
3214 648 3312 689 nec
3337 648 3403 689 eo
3421 643 3499 687 ta-

1909 750 2032 788 men
2060 732 2303 795 desistat,
2344 728 2718 784 fervidissimm
2766 726 3045 796 cujusdam
3094 741 3159 783 ac
3206 725 3499 780 verissima:

1910 825 2150 881 caritatis
2197 829 2571 891 argumentum
2604 819 2822 888 przcbet,
2857 818 2947 888 qui
2992 804 3114 872 cum
3144 816 3288 870 nulla
3337 814 3497 869 simili

1912 932 2008 987 spe
2036 917 2227 977 alatur,
2260 922 2437 967 tamen
2467 910 2538 965 ob
2578 910 2684 963 vim
2723 908 2921 962 amoris
2962 921 3087 975 erga
3136 904 3354 959 fratrem
3399 920 3503 957 non

1913 1008 2111 1063 desinit
2138 1006 2279 1060 illius
2308 1018 2465 1074 agere
2493 1015 2699 1056 curam.
2728 998 2925 1053 Verum
2972 1012 3076 1052 non
3118 1006 3367 1066 oportere
3408 1008 3507 1047 nos

1918 1113 2169 1168 umquam
2197 1095 2457 1150 desistere
2486 1108 2516 1147 a
2545 1106 2672 1146 cura
2697 1091 2991 1160 lapsorum,
3019 1087 3227 1143 etiamsi
3261 1084 3508 1156 praescia-

1918 1182 2037 1244 mus
2061 1187 2189 1243 illos
2214 1187 2368 1241 nobis
2397 1200 2503 1240 non
2530 1185 3016 1252 obtemperaturos,
3048 1177 3258 1235 abunde
3279 1176 3507 1232 demon-

1919 1290 2143 1335 stratum
2170 1288 2274 1333 est.
2302 1276 2562 1346 Superest
2588 1281 2646 1327 ut
2689 1272 2754 1326 ad
2800 1284 2986 1327 eorum
3029 1267 3509 1339 reprehensionem

1919 1382 2275 1432 transeamus,
2303 1368 2391 1437 qui
2419 1363 2627 1421 deliciis
2657 1362 2949 1432 indulgent.
2981 1361 3158 1413 Donec
3181 1358 3322 1413 enim
3351 1357 3509 1411 dura-

1921 1464 1989 1516 rit
2032 1462 2132 1514 hoc
2181 1458 2397 1522 festum,
2432 1456 2616 1519 donec
2660 1452 2936 1509 ebrietatis
2982 1450 3201 1505 vulnera
3247 1449 3513 1503 mentibus

1920 1553 2255 1607 ebriosorum
2290 1548 2544 1603 inﬂixerit
2571 1546 2836 1611 diabolus,
2863 1552 3078 1614 Oportet
3109 1551 3166 1597 et
3195 1557 3292 1597 nos
3318 1540 3507 1595 admo-

1922 1661 2049 1700 vere
2078 1643 2331 1698 remedia.

1996 1736 2048 1791 6.
2074 1734 2217 1789 rllcri
2239 1732 2452 1804 quidem
2477 1731 2696 1786 Paulum
2720 1729 2826 1784 illis
2849 1728 3196 1797 Opposuintus
3224 1726 3511 1804 dicentem:

1927 1827 2047 1881 Sive
2074 1802 2376 1890 editispsive
2402 1821 2590 1887 bibitis,
2620 1821 2723 1875 sive
2749 1820 2891 1872 aliud
2920 1818 3104 1889 facitis,
3130 1818 3299 1870 omnia
3321 1816 3372 1868 in
3402 1802 3514 1884 gld-

1925 1920 2056 1971 riam
2086 1917 2178 1970 Dei
2218 1916 2369 1985 facile
2398 1915 2473 1985 (l.
2519 1913 2638 1967 Cor.
2678 1912 2765 1987 10.
2811 1912 2927 1980 51).
2978 1909 3146 1963 llodic
3175 1921 3302 1962 vero
3345 1907 3517 1975 ipsum

1930 2011 2078 2065 Pauli
2111 2009 2394 2065 Dominum
2423 2007 2528 2062 illis
2558 2006 2913 2076 proferemus,
2962 2017 3070 2057 non
3120 2000 3281 2055 modo
3328 2014 3520 2053 consu-

1930 2105 2126 2159 lentem
2175 2111 2268 2156 aut
2313 2109 2620 2155 monentem
2661 2113 2693 2152 a
2739 2096 2943 2151 deliciis
2990 2093 3282 2158 abstinere,
3332 2107 3520 2146 verum

1930 2197 2088 2251 etiam
2122 2195 2465 2248 insultantem
2493 2206 2556 2245 ac
2597 2189 2903 2259 punientem
2933 2201 3077 2250 eum,
3113 2184 3204 2254 qui
3232 2183 3284 2237 in
3316 2181 3523 2237 deliciis

1930 2291 2161 2344 vixerat.
2186 2286 2319 2342 Nam
2347 2285 2571 2339 historia
2600 2283 2670 2337 de
2699 2281 2866 2336 divite
2892 2295 2955 2334 ac
2994 2278 3214 2339 Lazaro,
3257 2275 3432 2344 deque
3460 2274 3524 2328 iis

1931 2379 2288 2451 qiuc‘utriquc
2315 2375 2646 2437 acciderunt,
2677 2372 2811 2431 nihil
2838 2369 2981 2425 aliud
3010 2384 3170 2439 quam
3203 2366 3305 2419 hoc
3334 2364 3523 2419 decla-

1876 2512 1879 2515 μ
1932 2481 2034 2526 rat.
2063 2470 2200 2536 Quin
2243 2468 2439 2538 potius,
2482 2480 2550 2520 ne
2592 2464 2786 2519 leviter
2828 2462 2932 2516 hoc
2960 2468 3051 2513 aut
3079 2458 3255 2513 obiter
3280 2470 3524 2526 agamus,

1932 2566 2123 2620 ordine
2166 2563 2317 2616 vobis
2365 2561 2532 2629 ipsam
2581 2555 2887 2627 parabolam
2935 2551 3316 2608 recitabimus:
3356 2547 3528 2601 Homo

1933 2657 2139 2721 quidam
2186 2662 2292 2707 erat
2338 2652 2498 2715 dives,
2528 2657 2574 2703 et
2601 2647 2903 2701 induebatur
2928 2658 3157 2715 purpura
3193 2657 3252 2693 ac
3281 2640 3449 2709 bysso,
3478 2646 3526 2691 et

1934 2751 2235 2822 epulabatur
2282 2745 2504 2818 quotidie
2544 2739 2828 2813 splendide.
2874 2738 3002 2792 Erat
3046 2745 3214 2789 autem
3270 2732 3527 2785 mendicus

1934 2842 2142 2912 quidam
2184 2838 2388 2893 nomine
2414 2834 2661 2898 Lazarus,
2694 2832 2780 2903 qui
2797 2828 3004 2901 jaccbat
3044 2829 3097 2880 in
3125 2823 3366 2880 uestibulo
3392 2824 3529 2876 illius

1933 2934 2211 2998 ulcerosus,
2238 2930 2543 3000 cupiensque
2577 2922 2802 2978 saturari
2833 2922 2894 2974 de
2919 2919 3061 2973 micis
3090 2933 3204 2987 qua:
3234 2914 3529 2969 decidebant

1936 3043 1963 3079 ε
1990 3040 2162 3078 mensa
2191 3020 2380 3074 divitis.
2410 3016 2517 3074 Sed
2541 3026 2591 3071 et
2621 3030 2769 3068 canes
2797 3012 3055 3074 adeuntes,
3085 3004 3529 3076 circumlingebant

1938 3117 2109 3172 ulcera
2146 3131 2258 3184 ejus
2296 3111 2451 3183 (Luc.
2482 3109 2569 3165 16.
2604 3105 2717 3180 19).
2746 3103 2909 3175 Cujus
2934 3102 3101 3173 gratia
3147 3098 3405 3153 Dominus
3437 3110 3531 3164 per

1938 3208 2217 3281 parabolas
2262 3206 2511 3275 loquutus
2540 3201 2631 3268 sit,
2677 3207 2733 3254 ct
2767 3204 2936 3268 quam’
2955 3193 3187 3249 tamdem
3219 3190 3289 3244 ob
3314 3203 3529 3281 causam

1938 3279 2009 3358 ex
2037 3297 2304 3371 parabolis
2320 3292 2689 3363 alias‘quidem
2706 3285 3074 3358 explicat-erit,
3096 3282 3230 3337 alias
3251 3296 3357 3333 non
3381 3279 3531 3371 item:

1940 3402 1994 3447 ct
2025 3369 2278 3461 quidnam
2312 3386 2383 3443 sit
2409 3382 2680 3455 parabole,
2708 3390 2763 3436 et
2791 3380 2834 3433 si
2864 3392 2963 3448 qua
2990 3384 3115 3431 sunt
3139 3374 3296 3443 hujus
3323 3369 3534 3440 generis

1941 3487 2065 3551 alia,
2100 3484 2152 3537 in
2184 3478 2326 3534 aliud
2359 3489 2569 3546 tempus
2596 3470 3012 3534 reservabimus,
3036 3480 3101 3520 ne
3121 3465 3190 3519 ab
3218 3470 3535 3532 argumento

1942 3592 2086 3631 nunc
2109 3580 2329 3644 urgente
2349 3554 2730 3638 digrediamur.
2752 3561 3017 3616 thterum
3044 3556 3171 3612 illud
3201 3555 3361 3609 modo
3386 3553 3536 3607 vobis

1942 3668 2183 3722 dicemus
2223 3664 2274 3717 in
2306 3658 2612 3732 prmsentia,
2643 3654 2763 3726 quis
2796 3650 3240 3721 evangelistarum
3267 3644 3538 3715 scripserit

1945 3759 2082 3814 hanc
2110 3753 2416 3827 parabolam
2442 3766 2471 3805 a
2498 3748 2717 3805 Christo
2742 3746 2907 3800 fuisse
2925 3738 3277 3814 propositam?
3292 3736 3421 3804 Quis
3440 3736 3505 3805 igi
3525 3768 3539 3776 -

1947 3863 2032 3905 Iur
2060 3851 2104 3905 is
2141 3848 2257 3903 est?
2286 3844 2549 3900 Nimirum
2592 3840 2766 3895 Lucas
2809 3830 3443 3905 soluszquandoquidem
3487 3836 3540 3882 et

1946 3943 2051 4039 {ioc
2069 3942 2208 3997 scire
2229 3937 2414 4002 refert,
2436 3932 2579 4006 quod
2602 3933 2741 3987 inter
2760 3946 2822 3985 ea
2844 3944 2964 4001 qua:
2985 3926 3287 3983 referuntur
3303 3923 3369 3978 ab
3387 3938 3539 3976 evan.

2015 4034 2045 4039 -·
2104 4032 2117 4039 ⁸
2230 4030 2263 4039 ··
2344 4028 2374 4039 η
2488 4036 2497 4039 -
2596 4035 2616 4039 -
2700 4030 2764 4039 η·
2818 4037 2829 4039 ς
2847 4037 2868 4039 η
2906 4016 3253 4039 --μμ----ξυι-
3298 4013 3396 4039 ηιξ..
3421 4027 3514 4039 MM.

1946 4013 2171 4104 gelistis,
2197 4030 2297 4083 alia
2324 4028 2571 4083 dicantur
2592 4035 2624 4077 a
2641 4030 2871 4095 quatuor
2897 4016 3274 4082 communiter,
3297 4013 3401 4068 alia
3421 4027 3541 4082 spe-

1949 4124 2129 4180 ciatim
2152 4137 2181 4174 a
2210 4120 2456 4190 singulis.

2027 4212 2364 4283 Evangelistaz
2372 4224 2467 4263 cur
2477 4223 2581 4262 non
2595 4206 2774 4261 omnia
2787 4203 3093 4271 scripserint
3107 4196 3481 4264 eadem—Qua
3491 4212 3541 4249 m

1949 4309 2020 4363 ob
2046 4303 2302 4362 causam?
2348 4301 2416 4358 Ut
2446 4300 2605 4356 simul
2632 4307 2690 4356 et
2723 4297 2877 4353 nobis
2914 4302 3061 4352 esset
3086 4290 3385 4349 necessaria
3415 4290 3543 4344 rel}-

1951 4414 2179 4469 (piorum
2204 4411 2355 4451 sacra
2375 4394 2555 4459 lectio,
2578 4402 2633 4447 et
2653 4390 2928 4447 evidenter
2948 4386 3225 4457 perspicua
3248 4386 3398 4438 fieret
3420 4382 3540 4435 illo-

1953 4506 2071 4545 rum
2093 4488 2235 4543 inter
2258 4488 2401 4557 ipsos
2419 4482 2787 4540 consonantia.
2821 4479 3031 4534 Etenim
3066 4477 3112 4532 si
3149 4489 3336 4530 omnes
3364 4472 3541 4527 omnia

1951 4581 2227 4643 dixissent,
2260 4590 2599 4647 nequaquam
2635 4572 2703 4628 ad
2732 4580 2920 4627 omnes
2954 4584 3076 4624 cum
3102 4566 3281 4623 studio
3310 4564 3543 4618 animum

1954 4669 2358 4739 adjecissemus,
2391 4680 2513 4721 cum
2544 4678 2682 4718 unus
2723 4662 2790 4717 ad
2828 4660 3006 4716 omnia
3032 4657 3270 4715 docenda
3308 4654 3546 4711 suffecis-

1952 4769 2063 4829 Set;
2104 4762 2185 4816 sin
2224 4770 2403 4815 autem
2444 4770 2633 4814 omnes
2677 4755 2889 4810 diversa
2930 4752 3108 4808 omnia
3149 4759 3310 4820 atque
3347 4747 3547 4801 variata

1953 4852 2318 4927 protulissent,
2351 4862 2684 4919 nequaquam
2712 4843 2935 4916 insignis
2976 4842 3185 4897 illorum
3216 4838 3546 4910 apparuisset

1954 4926 2259 4999 concordia.
2312 4940 2652 5009 Quapropter
2690 4944 2746 4992 et
2787 4949 2976 4991 omnes
3002 4930 3359 4989 communiter
3384 4926 3548 4981 multa

1954 5035 2305 5104 scripserunt.
2333 5041 2389 5085 et
2402 5030 2501 5085 sibi
2533 5029 2757 5100 quisque
2780 5025 2993 5097 preprie
3022 5023 3249 5093 sumpsit
3270 5018 3547 5074 nonnulla.

1957 5125 2071 5180 Hoc
2087 5123 2244 5194 igitur
2260 5120 2389 5176 illud
2406 5119 2654 5191 est,quod
2676 5134 2768 5188 per
2786 5115 3089 5187 parabolam
3106 5114 3265 5168 docet
3284 5110 3549 5166 Christus.

1957 5216 2129 5272 llomo
2151 5213 2368 5285 quidam
2395 5222 2511 5267 erat
2536 5211 2688 5266 dives
2709 5252 2723 5275 ,
2754 5210 2908 5278 cujus
2934 5206 3038 5263 vita
3068 5206 3231 5261 variis
3271 5204 3412 5258 vitiis
3438 5210 3553 5257 erat

1956 5306 2227 5378 inquinata
2249 5347 2265 5370 ,
2307 5318 2406 5360 nec
2438 5304 2553 5374 ipse
2579 5314 2754 5358 tamen
2791 5302 2954 5355 ullam
2989 5299 3255 5353 sentiebat
3282 5296 3555 5360 calamita-

1959 5409 2102 5463 tem,
2150 5412 2335 5451 verum
2379 5396 2453 5449 illi
2490 5402 2680 5449 cuncta
2718 5393 2864 5448 velut
2900 5406 2934 5447 e
2975 5390 3208 5446 fontibus
3241 5386 3551 5441 affluebant.
3596 5428 3597 5431 η

1958 5488 2113 5558 Quod
2137 5489 2281 5544 enim
2302 5487 2377 5541 illi
2400 5486 2531 5541 nihil
2554 5484 2809 5541 acciderit
2828 5483 3063 5538 subitum
3090 5492 3180 5535 aut
3200 5480 3552 5549 inopinatum,

1961 5598 2061 5637 nec
2089 5582 2193 5636 ulla
2222 5579 2425 5635 doloris
2453 5577 2698 5652 materia.
2742 5590 2844 5630 uer.
2860 5574 3027 5630 ullum
3055 5575 3106 5627 in
3140 5572 3301 5627 rebus
3330 5569 3554 5623 munda-

1963 5672 2047 5728 nis
2072 5670 2489 5734 incommodum,
2523 5669 2626 5724 hoc
2656 5668 2831 5739 ipsum
2870 5664 3295 5736 speruitLueas,
3332 5661 3550 5716 dicens:

1962 5762 2241 5818 leuabatur
2265 5772 2320 5816 et
2354 5759 2620 5831 gaudebat
2647 5758 2904 5829 quotidie.
2937 5754 3201 5811 Caeterum
3231 5752 3373 5824 quod
3398 5752 3553 5806 vitio-

1964 5871 2078 5912 sam
2106 5856 2274 5927 egerit
2312 5855 2495 5919 vitam,
2524 5853 2862 5924 perspicuum
2890 5859 2969 5906 cst
2995 5865 3061 5905 ex
3094 5850 3208 5919 ipso
3232 5855 3354 5902 vute
3385 5848 3554 5910 exitu,
