  <div class='ocr_page' id='page_1' title='image "/cluster/home/n/w/nwhite01/storage/ocr_20150623/48/pst.000005712458/457.png"; bbox 0 0 4160 6324; ppageno 0'>
   <div class='ocr_carea' id='block_1_1' title="bbox 691 350 3201 427">
    <p class='ocr_par' dir='ltr' id='par_1_1' title="bbox 691 350 3201 427">
     <span class='ocr_line' id='line_1_1' title="bbox 691 350 3201 427; baseline 0.006 -22"><span class='ocrx_word' id='word_1_1' title='bbox 691 350 783 406; x_wconf 66' lang='grc' dir='ltr'><strong>9η</strong></span> <span class='ocrx_word' id='word_1_2' title='bbox 1418 352 1475 410; x_wconf 86' lang='lat' dir='ltr'><strong>S.</strong></span> <span class='ocrx_word' id='word_1_3' title='bbox 1506 354 1781 413; x_wconf 71' lang='lat' dir='ltr'><strong>JOANNiS</strong></span> <span class='ocrx_word' id='word_1_4' title='bbox 1816 359 2287 417; x_wconf 78' lang='lat' dir='ltr'><strong>CHRYSOSTOMI</strong></span> <span class='ocrx_word' id='word_1_5' title='bbox 2316 362 2635 417; x_wconf 83' lang='lat' dir='ltr'><strong>ARCIIIEP.</strong></span> <span class='ocrx_word' id='word_1_6' title='bbox 2669 364 3201 427; x_wconf 74' lang='lat' dir='ltr'><strong>CONSTANTINOI’.</strong></span> 
     </span>
    </p>
   </div>
   <div class='ocr_carea' id='block_1_2' title="bbox 688 457 2266 538">
    <p class='ocr_par' dir='ltr' id='par_1_2' title="bbox 688 457 2266 538">
     <span class='ocr_line' id='line_1_2' title="bbox 688 457 2266 538; baseline 0.009 -29"><span class='ocrx_word' id='word_1_7' title='bbox 688 472 844 525; x_wconf 99' lang='lat' dir='ltr'><strong>quem</strong></span> <span class='ocrx_word' id='word_1_8' title='bbox 861 457 1082 513; x_wconf 81' lang='lat' dir='ltr'><strong>sortitus</strong></span> <span class='ocrx_word' id='word_1_9' title='bbox 1100 468 1198 525; x_wconf 90' lang='lat' dir='ltr'><strong>cst,</strong></span> <span class='ocrx_word' id='word_1_10' title='bbox 1220 470 1273 518; x_wconf 89' lang='lat' dir='ltr'><strong>et</strong></span> <span class='ocrx_word' id='word_1_11' title='bbox 1297 460 1420 517; x_wconf 88' lang='lat' dir='ltr'><strong>item</strong></span> <span class='ocrx_word' id='word_1_12' title='bbox 1443 473 1564 520; x_wconf 88' lang='lat' dir='ltr'><strong>ante</strong></span> <span class='ocrx_word' id='word_1_13' title='bbox 1592 465 1713 520; x_wconf 85' lang='lat' dir='ltr'><strong>vitae</strong></span> <span class='ocrx_word' id='word_1_14' title='bbox 1738 468 1935 521; x_wconf 84' lang='lat' dir='ltr'><strong>exitum</strong></span> <span class='ocrx_word' id='word_1_15' title='bbox 1955 484 2017 522; x_wconf 81' lang='lat' dir='ltr'><strong>ex</strong></span> <span class='ocrx_word' id='word_1_16' title='bbox 2040 484 2104 524; x_wconf 86' lang='lat' dir='ltr'><strong>eo</strong></span> <span class='ocrx_word' id='word_1_17' title='bbox 2125 469 2266 538; x_wconf 88' lang='lat' dir='ltr'><strong>quod</strong></span> 
     </span>
    </p>
   </div>
   <div class='ocr_carea' id='block_1_3' title="bbox 685 547 2268 630">
    <p class='ocr_par' dir='ltr' id='par_1_3' title="bbox 685 547 2268 630">
     <span class='ocr_line' id='line_1_3' title="bbox 685 547 2268 630; baseline 0.01 -30"><span class='ocrx_word' id='word_1_18' title='bbox 685 547 765 602; x_wconf 78' lang='lat' dir='ltr'><strong>sic</strong></span> <span class='ocrx_word' id='word_1_19' title='bbox 809 548 1060 605; x_wconf 88' lang='lat' dir='ltr'><strong>fastidivit</strong></span> <span class='ocrx_word' id='word_1_20' title='bbox 1088 565 1393 622; x_wconf 82' lang='lat' dir='ltr'><strong>pauperem.</strong></span> <span class='ocrx_word' id='word_1_21' title='bbox 1436 554 1570 611; x_wconf 86' lang='lat' dir='ltr'><strong>Nam</strong></span> <span class='ocrx_word' id='word_1_22' title='bbox 1600 558 1695 612; x_wconf 88' lang='lat' dir='ltr'><strong>ista</strong></span> <span class='ocrx_word' id='word_1_23' title='bbox 1723 574 1809 613; x_wconf 90' lang='lat' dir='ltr'><strong>res</strong></span> <span class='ocrx_word' id='word_1_24' title='bbox 1834 559 2085 627; x_wconf 78' lang='lat' dir='ltr'><strong>declarat,</strong></span> <span class='ocrx_word' id='word_1_25' title='bbox 2128 564 2268 630; x_wconf 90' lang='lat' dir='ltr'><strong>quod</strong></span> 
     </span>
    </p>
   </div>
   <div class='ocr_carea' id='block_1_4' title="bbox 688 638 2269 716">
    <p class='ocr_par' dir='ltr' id='par_1_4' title="bbox 688 638 2269 716">
     <span class='ocr_line' id='line_1_4' title="bbox 688 638 2269 716; baseline 0.012 -27"><span class='ocrx_word' id='word_1_26' title='bbox 688 652 793 691; x_wconf 90' lang='lat' dir='ltr'><strong>non</strong></span> <span class='ocrx_word' id='word_1_27' title='bbox 828 638 983 709; x_wconf 86' lang='lat' dir='ltr'><strong>hujus</strong></span> <span class='ocrx_word' id='word_1_28' title='bbox 1004 642 1177 696; x_wconf 90' lang='lat' dir='ltr'><strong>solum</strong></span> <span class='ocrx_word' id='word_1_29' title='bbox 1206 646 1291 715; x_wconf 86' lang='lat' dir='ltr'><strong>qui</strong></span> <span class='ocrx_word' id='word_1_30' title='bbox 1319 645 1524 714; x_wconf 81' lang='lat' dir='ltr'><strong>iacebat</strong></span> <span class='ocrx_word' id='word_1_31' title='bbox 1561 649 1611 702; x_wconf 93' lang='lat' dir='ltr'><strong>in</strong></span> <span class='ocrx_word' id='word_1_32' title='bbox 1637 650 1921 716; x_wconf 88' lang='lat' dir='ltr'><strong>vestibulo,</strong></span> <span class='ocrx_word' id='word_1_33' title='bbox 1961 668 2143 707; x_wconf 91' lang='lat' dir='ltr'><strong>verum</strong></span> <span class='ocrx_word' id='word_1_34' title='bbox 2172 670 2269 708; x_wconf 69' lang='lat' dir='ltr'><strong>nec</strong></span> 
     </span>
    </p>
   </div>
   <div class='ocr_carea' id='block_1_5' title="bbox 682 728 2267 802">
    <p class='ocr_par' dir='ltr' id='par_1_5' title="bbox 682 728 2267 802">
     <span class='ocr_line' id='line_1_5' title="bbox 682 728 2267 802; baseline 0.011 -22"><span class='ocrx_word' id='word_1_35' title='bbox 682 728 901 783; x_wconf 78' lang='lat' dir='ltr'><strong>alterius</strong></span> <span class='ocrx_word' id='word_1_36' title='bbox 924 731 1231 802; x_wconf 84' lang='lat' dir='ltr'><strong>cujusquam</strong></span> <span class='ocrx_word' id='word_1_37' title='bbox 1254 734 1342 790; x_wconf 90' lang='lat' dir='ltr'><strong>ille</strong></span> <span class='ocrx_word' id='word_1_38' title='bbox 1364 736 1611 793; x_wconf 87' lang='lat' dir='ltr'><strong>misertus</strong></span> <span class='ocrx_word' id='word_1_39' title='bbox 1631 738 1806 795; x_wconf 91' lang='lat' dir='ltr'><strong>fuerit.</strong></span> <span class='ocrx_word' id='word_1_40' title='bbox 1832 743 2037 796; x_wconf 84' lang='lat' dir='ltr'><strong>Etenim</strong></span> <span class='ocrx_word' id='word_1_41' title='bbox 2059 744 2101 797; x_wconf 88' lang='lat' dir='ltr'><strong>si</strong></span> <span class='ocrx_word' id='word_1_42' title='bbox 2121 744 2267 798; x_wconf 88' lang='lat' dir='ltr'><strong>illum</strong></span> 
     </span>
    </p>
   </div>
   <div class='ocr_carea' id='block_1_6' title="bbox 688 821 2267 901">
    <p class='ocr_par' dir='ltr' id='par_1_6' title="bbox 688 821 2267 901">
     <span class='ocr_line' id='line_1_6' title="bbox 688 821 2267 901; baseline 0.012 -31"><span class='ocrx_word' id='word_1_43' title='bbox 688 829 944 887; x_wconf 85' lang='lat' dir='ltr'><strong>perpetuo</strong></span> <span class='ocrx_word' id='word_1_44' title='bbox 982 821 1035 875; x_wconf 90' lang='lat' dir='ltr'><strong>in</strong></span> <span class='ocrx_word' id='word_1_45' title='bbox 1069 823 1327 877; x_wconf 85' lang='lat' dir='ltr'><strong>vestibulo</strong></span> <span class='ocrx_word' id='word_1_46' title='bbox 1354 837 1694 894; x_wconf 90' lang='lat' dir='ltr'><strong>prostratum,</strong></span> <span class='ocrx_word' id='word_1_47' title='bbox 1726 846 1883 899; x_wconf 87' lang='lat' dir='ltr'><strong>quem</strong></span> <span class='ocrx_word' id='word_1_48' title='bbox 1918 833 2152 901; x_wconf 86' lang='lat' dir='ltr'><strong>quotidie</strong></span> <span class='ocrx_word' id='word_1_49' title='bbox 2177 849 2267 889; x_wconf 90' lang='lat' dir='ltr'><strong>se-</strong></span> 
     </span>
    </p>
   </div>
   <div class='ocr_carea' id='block_1_7' title="bbox 685 907 2266 989">
    <p class='ocr_par' dir='ltr' id='par_1_7' title="bbox 685 907 2266 989">
     <span class='ocr_line' id='line_1_7' title="bbox 685 907 2266 989; baseline 0.013 -30"><span class='ocrx_word' id='word_1_50' title='bbox 685 907 792 961; x_wconf 88' lang='lat' dir='ltr'><strong>mel</strong></span> <span class='ocrx_word' id='word_1_51' title='bbox 836 918 992 977; x_wconf 86' lang='lat' dir='ltr'><strong>atque</strong></span> <span class='ocrx_word' id='word_1_52' title='bbox 1026 910 1214 966; x_wconf 83' lang='lat' dir='ltr'><strong>iterum</strong></span> <span class='ocrx_word' id='word_1_53' title='bbox 1262 929 1323 973; x_wconf 84' lang='lat' dir='ltr'><strong>ac</strong></span> <span class='ocrx_word' id='word_1_54' title='bbox 1349 917 1544 983; x_wconf 67' lang='lat' dir='ltr'><strong>smpius</strong></span> <span class='ocrx_word' id='word_1_55' title='bbox 1573 919 1752 974; x_wconf 86' lang='lat' dir='ltr'><strong>videre</strong></span> <span class='ocrx_word' id='word_1_56' title='bbox 1777 922 2081 989; x_wconf 89' lang='lat' dir='ltr'><strong>cogebatur,</strong></span> <span class='ocrx_word' id='word_1_57' title='bbox 2127 925 2266 980; x_wconf 83' lang='lat' dir='ltr'><strong>foras</strong></span> 
     </span>
    </p>
   </div>
   <div class='ocr_carea' id='block_1_8' title="bbox 688 996 2267 1078">
    <p class='ocr_par' dir='ltr' id='par_1_8' title="bbox 688 996 2267 1078">
     <span class='ocr_line' id='line_1_8' title="bbox 688 996 2267 1078; baseline 0.012 -28"><span class='ocrx_word' id='word_1_58' title='bbox 688 996 938 1065; x_wconf 90' lang='lat' dir='ltr'><strong>prodiens</strong></span> <span class='ocrx_word' id='word_1_59' title='bbox 964 1015 1026 1055; x_wconf 92' lang='lat' dir='ltr'><strong>ac</strong></span> <span class='ocrx_word' id='word_1_60' title='bbox 1054 1000 1269 1056; x_wconf 90' lang='lat' dir='ltr'><strong>domum</strong></span> <span class='ocrx_word' id='word_1_61' title='bbox 1294 1004 1504 1059; x_wconf 84' lang='lat' dir='ltr'><strong>rediens</strong></span> <span class='ocrx_word' id='word_1_62' title='bbox 1534 1026 1547 1060; x_wconf 88' lang='lat'><strong>:</strong></span> <span class='ocrx_word' id='word_1_63' title='bbox 1595 1024 1701 1062; x_wconf 91' lang='lat' dir='ltr'><strong>non</strong></span> <span class='ocrx_word' id='word_1_64' title='bbox 1728 1011 1868 1064; x_wconf 89' lang='lat' dir='ltr'><strong>enim</strong></span> <span class='ocrx_word' id='word_1_65' title='bbox 1902 1014 1951 1065; x_wconf 92' lang='lat' dir='ltr'><strong>in</strong></span> <span class='ocrx_word' id='word_1_66' title='bbox 1979 1013 2137 1078; x_wconf 90' lang='lat' dir='ltr'><strong>bivio,</strong></span> <span class='ocrx_word' id='word_1_67' title='bbox 2169 1032 2267 1070; x_wconf 92' lang='lat' dir='ltr'><strong>nec</strong></span> 
     </span>
    </p>
   </div>
   <div class='ocr_carea' id='block_1_9' title="bbox 686 1088 2264 1174">
    <p class='ocr_par' dir='ltr' id='par_1_9' title="bbox 686 1088 2264 1174">
     <span class='ocr_line' id='line_1_9' title="bbox 686 1088 2264 1174; baseline 0.014 -35"><span class='ocrx_word' id='word_1_68' title='bbox 686 1088 739 1139; x_wconf 91' lang='lat' dir='ltr'><strong>in</strong></span> <span class='ocrx_word' id='word_1_69' title='bbox 768 1090 1043 1158; x_wconf 86' lang='lat' dir='ltr'><strong>angiportu</strong></span> <span class='ocrx_word' id='word_1_70' title='bbox 1070 1134 1085 1157; x_wconf 94' lang='lat'><strong>,</strong></span> <span class='ocrx_word' id='word_1_71' title='bbox 1131 1094 1405 1150; x_wconf 84' lang='lat' dir='ltr'><strong>occultove</strong></span> <span class='ocrx_word' id='word_1_72' title='bbox 1448 1097 1564 1151; x_wconf 92' lang='lat' dir='ltr'><strong>loco</strong></span> <span class='ocrx_word' id='word_1_73' title='bbox 1606 1100 1994 1168; x_wconf 88' lang='lat' dir='ltr'><strong>decumbebat,</strong></span> <span class='ocrx_word' id='word_1_74' title='bbox 2041 1106 2134 1159; x_wconf 91' lang='lat' dir='ltr'><strong>sed</strong></span> <span class='ocrx_word' id='word_1_75' title='bbox 2164 1122 2264 1174; x_wconf 86' lang='lat' dir='ltr'><strong>qua</strong></span> 
     </span>
    </p>
   </div>
   <div class='ocr_carea' id='block_1_10' title="bbox 686 1180 2265 1258">
    <p class='ocr_par' dir='ltr' id='par_1_10' title="bbox 686 1180 2265 1258">
     <span class='ocr_line' id='line_1_10' title="bbox 686 1180 2265 1258; baseline 0.013 -29"><span class='ocrx_word' id='word_1_76' title='bbox 686 1180 992 1248; x_wconf 82' lang='lat' dir='ltr'><strong>frequenter</strong></span> <span class='ocrx_word' id='word_1_77' title='bbox 1019 1185 1195 1239; x_wconf 80' lang='lat' dir='ltr'><strong>exibat</strong></span> <span class='ocrx_word' id='word_1_78' title='bbox 1220 1188 1553 1257; x_wconf 84' lang='lat' dir='ltr'><strong>intrahatque</strong></span> <span class='ocrx_word' id='word_1_79' title='bbox 1579 1190 1727 1245; x_wconf 87' lang='lat' dir='ltr'><strong>dives</strong></span> <span class='ocrx_word' id='word_1_80' title='bbox 1750 1234 1765 1258; x_wconf 91' lang='lat'><strong>,</strong></span> <span class='ocrx_word' id='word_1_81' title='bbox 1789 1193 1863 1246; x_wconf 85' lang='lat' dir='ltr'><strong>sic</strong></span> <span class='ocrx_word' id='word_1_82' title='bbox 1886 1204 1941 1246; x_wconf 92' lang='lat' dir='ltr'><strong>ut</strong></span> <span class='ocrx_word' id='word_1_83' title='bbox 1968 1196 2053 1249; x_wconf 88' lang='lat' dir='ltr'><strong>vel</strong></span> <span class='ocrx_word' id='word_1_84' title='bbox 2082 1198 2265 1250; x_wconf 85' lang='lat' dir='ltr'><strong>uolens</strong></span> 
     </span>
    </p>
   </div>
   <div class='ocr_carea' id='block_1_11' title="bbox 685 1273 2262 1350">
    <p class='ocr_par' dir='ltr' id='par_1_11' title="bbox 685 1273 2262 1350">
     <span class='ocr_line' id='line_1_11' title="bbox 685 1273 2262 1350; baseline 0.011 -28"><span class='ocrx_word' id='word_1_85' title='bbox 685 1273 922 1339; x_wconf 76' lang='lat' dir='ltr'><strong>aspicere</strong></span> <span class='ocrx_word' id='word_1_86' title='bbox 960 1286 1273 1344; x_wconf 80' lang='lat' dir='ltr'><strong>cogeretur;</strong></span> <span class='ocrx_word' id='word_1_87' title='bbox 1320 1278 1365 1332; x_wconf 89' lang='lat' dir='ltr'><strong>si</strong></span> <span class='ocrx_word' id='word_1_88' title='bbox 1392 1280 1548 1343; x_wconf 89' lang='lat' dir='ltr'><strong>hunc,</strong></span> <span class='ocrx_word' id='word_1_89' title='bbox 1596 1280 1828 1350; x_wconf 88' lang='lat' dir='ltr'><strong>inquam,</strong></span> <span class='ocrx_word' id='word_1_90' title='bbox 1862 1300 1965 1337; x_wconf 90' lang='lat' dir='ltr'><strong>non</strong></span> <span class='ocrx_word' id='word_1_91' title='bbox 1997 1295 2079 1339; x_wconf 81' lang='lat' dir='ltr'><strong>est</strong></span> <span class='ocrx_word' id='word_1_92' title='bbox 2116 1302 2262 1339; x_wconf 82' lang='lat' dir='ltr'><strong>cont—</strong></span> 
     </span>
    </p>
   </div>
   <div class='ocr_carea' id='block_1_12' title="bbox 684 1362 2266 1443">
    <p class='ocr_par' dir='ltr' id='par_1_12' title="bbox 684 1362 2266 1443">
     <span class='ocr_line' id='line_1_12' title="bbox 684 1362 2266 1443; baseline 0.009 -29"><span class='ocrx_word' id='word_1_93' title='bbox 684 1362 990 1431; x_wconf 81' lang='lat' dir='ltr'><strong>miseratus,</strong></span> <span class='ocrx_word' id='word_1_94' title='bbox 1036 1375 1175 1419; x_wconf 90' lang='lat' dir='ltr'><strong>tanta</strong></span> <span class='ocrx_word' id='word_1_95' title='bbox 1206 1368 1455 1423; x_wconf 78' lang='lat' dir='ltr'><strong>afﬂictum</strong></span> <span class='ocrx_word' id='word_1_96' title='bbox 1489 1372 1821 1438; x_wconf 66' lang='lat' dir='ltr'><strong>aegritudine,</strong></span> <span class='ocrx_word' id='word_1_97' title='bbox 1855 1374 1905 1427; x_wconf 91' lang='lat' dir='ltr'><strong>in</strong></span> <span class='ocrx_word' id='word_1_98' title='bbox 1939 1385 2172 1443; x_wconf 86' lang='lat' dir='ltr'><strong>egestate</strong></span> <span class='ocrx_word' id='word_1_99' title='bbox 2203 1392 2266 1429; x_wconf 88' lang='lat' dir='ltr'><strong>ac</strong></span> 
     </span>
    </p>
   </div>
   <div class='ocr_carea' id='block_1_13' title="bbox 686 1454 2265 1533">
    <p class='ocr_par' dir='ltr' id='par_1_13' title="bbox 686 1454 2265 1533">
     <span class='ocr_line' id='line_1_13' title="bbox 686 1454 2265 1533; baseline 0.01 -27"><span class='ocrx_word' id='word_1_100' title='bbox 686 1455 904 1519; x_wconf 88' lang='lat' dir='ltr'><strong>penuria</strong></span> <span class='ocrx_word' id='word_1_101' title='bbox 943 1456 1099 1509; x_wconf 89' lang='lat' dir='ltr'><strong>vitam</strong></span> <span class='ocrx_word' id='word_1_102' title='bbox 1133 1454 1412 1527; x_wconf 83' lang='lat' dir='ltr'><strong>degentem</strong></span> <span class='ocrx_word' id='word_1_103' title='bbox 1440 1501 1455 1526; x_wconf 91' lang='lat'><strong>,</strong></span> <span class='ocrx_word' id='word_1_104' title='bbox 1497 1463 1581 1516; x_wconf 87' lang='lat' dir='ltr'><strong>vel</strong></span> <span class='ocrx_word' id='word_1_105' title='bbox 1630 1466 1803 1533; x_wconf 87' lang='lat' dir='ltr'><strong>potius</strong></span> <span class='ocrx_word' id='word_1_106' title='bbox 1842 1474 1952 1518; x_wconf 86' lang='lat' dir='ltr'><strong>toto</strong></span> <span class='ocrx_word' id='word_1_107' title='bbox 1986 1467 2107 1519; x_wconf 73' lang='lat' dir='ltr'><strong>viuc</strong></span> <span class='ocrx_word' id='word_1_108' title='bbox 2154 1482 2265 1522; x_wconf 72' lang='lat' dir='ltr'><strong>Sua:</strong></span> 
     </span>
    </p>
   </div>
   <div class='ocr_carea' id='block_1_14' title="bbox 687 1546 2261 1624">
    <p class='ocr_par' dir='ltr' id='par_1_14' title="bbox 687 1546 2261 1624">
     <span class='ocr_line' id='line_1_14' title="bbox 687 1546 2261 1624; baseline 0.009 -26"><span class='ocrx_word' id='word_1_109' title='bbox 687 1557 924 1615; x_wconf 87' lang='lat' dir='ltr'><strong>tempore</strong></span> <span class='ocrx_word' id='word_1_110' title='bbox 954 1549 1139 1604; x_wconf 80' lang='lat' dir='ltr'><strong>morbo</strong></span> <span class='ocrx_word' id='word_1_111' title='bbox 1181 1561 1341 1621; x_wconf 88' lang='lat' dir='ltr'><strong>atque</strong></span> <span class='ocrx_word' id='word_1_112' title='bbox 1385 1546 1518 1607; x_wconf 91' lang='lat' dir='ltr'><strong>adeo</strong></span> <span class='ocrx_word' id='word_1_113' title='bbox 1546 1556 1862 1623; x_wconf 80' lang='lat' dir='ltr'><strong>gravissimo</strong></span> <span class='ocrx_word' id='word_1_114' title='bbox 1912 1556 2261 1624; x_wconf 79' lang='lat' dir='ltr'><strong>laborantem,</strong></span> 
     </span>
    </p>
   </div>
   <div class='ocr_carea' id='block_1_15' title="bbox 685 1638 2267 1717">
    <p class='ocr_par' dir='ltr' id='par_1_15' title="bbox 685 1638 2267 1717">
     <span class='ocr_line' id='line_1_15' title="bbox 685 1638 2267 1717; baseline 0.01 -26"><span class='ocrx_word' id='word_1_115' title='bbox 685 1638 959 1706; x_wconf 65' lang='lat' dir='ltr'><strong>Cuiusnam</strong></span> <span class='ocrx_word' id='word_1_116' title='bbox 988 1641 1127 1694; x_wconf 87' lang='lat' dir='ltr'><strong>obvii</strong></span> <span class='ocrx_word' id='word_1_117' title='bbox 1161 1642 1407 1697; x_wconf 89' lang='lat' dir='ltr'><strong>misertus</strong></span> <span class='ocrx_word' id='word_1_118' title='bbox 1435 1644 1618 1698; x_wconf 83' lang='lat' dir='ltr'><strong>esset?</strong></span> <span class='ocrx_word' id='word_1_119' title='bbox 1656 1646 1866 1700; x_wconf 88' lang='lat' dir='ltr'><strong>Etenim</strong></span> <span class='ocrx_word' id='word_1_120' title='bbox 1898 1658 1957 1703; x_wconf 92' lang='lat' dir='ltr'><strong>ut</strong></span> <span class='ocrx_word' id='word_1_121' title='bbox 1988 1651 2156 1717; x_wconf 92' lang='lat' dir='ltr'><strong>primo</strong></span> <span class='ocrx_word' id='word_1_122' title='bbox 2179 1652 2267 1707; x_wconf 90' lang='lat' dir='ltr'><strong>die</strong></span> 
     </span>
    </p>
   </div>
   <div class='ocr_carea' id='block_1_16' title="bbox 686 1732 2266 1811">
    <p class='ocr_par' dir='ltr' id='par_1_16' title="bbox 686 1732 2266 1811">
     <span class='ocr_line' id='line_1_16' title="bbox 686 1732 2266 1811; baseline 0.009 -28"><span class='ocrx_word' id='word_1_123' title='bbox 686 1732 997 1801; x_wconf 78' lang='lat' dir='ltr'><strong>neglexerit,</strong></span> <span class='ocrx_word' id='word_1_124' title='bbox 1040 1744 1183 1789; x_wconf 88' lang='lat' dir='ltr'><strong>certe</strong></span> <span class='ocrx_word' id='word_1_125' title='bbox 1222 1746 1633 1793; x_wconf 80' lang='lat' dir='ltr'><strong>consentaneum</strong></span> <span class='ocrx_word' id='word_1_126' title='bbox 1680 1752 1825 1807; x_wconf 88' lang='lat' dir='ltr'><strong>erat,</strong></span> <span class='ocrx_word' id='word_1_127' title='bbox 1863 1752 1920 1795; x_wconf 93' lang='lat' dir='ltr'><strong>ut</strong></span> <span class='ocrx_word' id='word_1_128' title='bbox 1966 1744 2266 1811; x_wconf 39' lang='lat' dir='ltr'><strong>altero\die</strong></span> 
     </span>
    </p>
   </div>
   <div class='ocr_carea' id='block_1_17' title="bbox 685 1823 2266 1902">
    <p class='ocr_par' dir='ltr' id='par_1_17' title="bbox 685 1823 2266 1902">
     <span class='ocr_line' id='line_1_17' title="bbox 685 1823 2266 1902; baseline 0.01 -29"><span class='ocrx_word' id='word_1_129' title='bbox 685 1823 903 1876; x_wconf 91' lang='lat' dir='ltr'><strong>sentiret</strong></span> <span class='ocrx_word' id='word_1_130' title='bbox 934 1824 1130 1893; x_wconf 90' lang='lat' dir='ltr'><strong>aliquid</strong></span> <span class='ocrx_word' id='word_1_131' title='bbox 1161 1826 1399 1881; x_wconf 80' lang='lat' dir='ltr'><strong>aﬂ&#39;cctus.</strong></span> <span class='ocrx_word' id='word_1_132' title='bbox 1442 1828 1591 1895; x_wconf 84' lang='lat' dir='ltr'><strong>Quod</strong></span> <span class='ocrx_word' id='word_1_133' title='bbox 1620 1832 1661 1883; x_wconf 91' lang='lat' dir='ltr'><strong>si</strong></span> <span class='ocrx_word' id='word_1_134' title='bbox 1696 1830 1796 1884; x_wconf 87' lang='lat' dir='ltr'><strong>hoc</strong></span> <span class='ocrx_word' id='word_1_135' title='bbox 1816 1847 2025 1902; x_wconf 91' lang='lat' dir='ltr'><strong>quoque</strong></span> <span class='ocrx_word' id='word_1_136' title='bbox 2052 1835 2135 1888; x_wconf 91' lang='lat' dir='ltr'><strong>die</strong></span> <span class='ocrx_word' id='word_1_137' title='bbox 2157 1835 2266 1889; x_wconf 88' lang='lat' dir='ltr'><strong>dis-</strong></span> 
     </span>
    </p>
   </div>
   <div class='ocr_carea' id='block_1_18' title="bbox 685 1913 2259 1994">
    <p class='ocr_par' dir='ltr' id='par_1_18' title="bbox 685 1913 2259 1994">
     <span class='ocr_line' id='line_1_18' title="bbox 685 1913 2259 1994; baseline 0.01 -29"><span class='ocrx_word' id='word_1_138' title='bbox 685 1913 970 1981; x_wconf 84' lang='lat' dir='ltr'><strong>simulavit,</strong></span> <span class='ocrx_word' id='word_1_139' title='bbox 1002 1927 1146 1975; x_wconf 83' lang='lat' dir='ltr'><strong>certe</strong></span> <span class='ocrx_word' id='word_1_140' title='bbox 1178 1920 1331 1975; x_wconf 90' lang='lat' dir='ltr'><strong>tertio</strong></span> <span class='ocrx_word' id='word_1_141' title='bbox 1356 1919 1462 1985; x_wconf 89' lang='lat' dir='ltr'><strong>die,</strong></span> <span class='ocrx_word' id='word_1_142' title='bbox 1495 1932 1639 1975; x_wconf 89' lang='lat' dir='ltr'><strong>certe</strong></span> <span class='ocrx_word' id='word_1_143' title='bbox 1656 1933 1865 1990; x_wconf 88' lang='lat' dir='ltr'><strong>quarto,</strong></span> <span class='ocrx_word' id='word_1_144' title='bbox 1886 1936 2033 1980; x_wconf 90' lang='lat' dir='ltr'><strong>certe</strong></span> <span class='ocrx_word' id='word_1_145' title='bbox 2057 1930 2259 1994; x_wconf 87' lang='lat' dir='ltr'><strong>quinto,</strong></span> 
     </span>
    </p>
   </div>
   <div class='ocr_carea' id='block_1_19' title="bbox 685 2006 2263 2085">
    <p class='ocr_par' dir='ltr' id='par_1_19' title="bbox 685 2006 2263 2085">
     <span class='ocr_line' id='line_1_19' title="bbox 685 2006 2263 2085; baseline 0.011 -29"><span class='ocrx_word' id='word_1_146' title='bbox 685 2012 775 2057; x_wconf 88' lang='lat' dir='ltr'><strong>aut</strong></span> <span class='ocrx_word' id='word_1_147' title='bbox 813 2006 936 2060; x_wconf 85' lang='lat' dir='ltr'><strong>huic</strong></span> <span class='ocrx_word' id='word_1_148' title='bbox 979 2010 1219 2077; x_wconf 80' lang='lat' dir='ltr'><strong>proximo</strong></span> <span class='ocrx_word' id='word_1_149' title='bbox 1259 2011 1343 2064; x_wconf 90' lang='lat' dir='ltr'><strong>die</strong></span> <span class='ocrx_word' id='word_1_150' title='bbox 1379 2027 1595 2079; x_wconf 84' lang='lat' dir='ltr'><strong>prorsus</strong></span> <span class='ocrx_word' id='word_1_151' title='bbox 1624 2015 1801 2067; x_wconf 89' lang='lat' dir='ltr'><strong>animo</strong></span> <span class='ocrx_word' id='word_1_152' title='bbox 1834 2015 1970 2071; x_wconf 90' lang='lat' dir='ltr'><strong>ﬂecti</strong></span> <span class='ocrx_word' id='word_1_153' title='bbox 2014 2018 2263 2085; x_wconf 85' lang='lat' dir='ltr'><strong>debebat,</strong></span> 
     </span>
    </p>
   </div>
   <div class='ocr_carea' id='block_1_20' title="bbox 685 2096 2268 2169">
    <p class='ocr_par' dir='ltr' id='par_1_20' title="bbox 685 2096 2268 2169">
     <span class='ocr_line' id='line_1_20' title="bbox 685 2096 2268 2169; baseline 0.012 -23"><span class='ocrx_word' id='word_1_154' title='bbox 685 2096 806 2151; x_wconf 83' lang='lat' dir='ltr'><strong>licet</strong></span> <span class='ocrx_word' id='word_1_155' title='bbox 836 2096 960 2153; x_wconf 90' lang='lat' dir='ltr'><strong>feris</strong></span> <span class='ocrx_word' id='word_1_156' title='bbox 987 2114 1195 2169; x_wconf 91' lang='lat' dir='ltr'><strong>quoque</strong></span> <span class='ocrx_word' id='word_1_157' title='bbox 1226 2100 1407 2156; x_wconf 84' lang='lat' dir='ltr'><strong>fuisset</strong></span> <span class='ocrx_word' id='word_1_158' title='bbox 1430 2104 1700 2158; x_wconf 90' lang='lat' dir='ltr'><strong>immitior.</strong></span> <span class='ocrx_word' id='word_1_159' title='bbox 1723 2104 1916 2159; x_wconf 86' lang='lat' dir='ltr'><strong>Verum</strong></span> <span class='ocrx_word' id='word_1_160' title='bbox 1940 2106 2069 2163; x_wconf 86' lang='lat' dir='ltr'><strong>nihil</strong></span> <span class='ocrx_word' id='word_1_161' title='bbox 2092 2108 2268 2164; x_wconf 76' lang='lat' dir='ltr'><strong>istius-</strong></span> 
     </span>
    </p>
   </div>
   <div class='ocr_carea' id='block_1_21' title="bbox 686 2186 2266 2266">
    <p class='ocr_par' dir='ltr' id='par_1_21' title="bbox 686 2186 2266 2266">
     <span class='ocr_line' id='line_1_21' title="bbox 686 2186 2266 2266; baseline 0.009 -28"><span class='ocrx_word' id='word_1_162' title='bbox 686 2186 827 2239; x_wconf 81' lang='lat' dir='ltr'><strong>modi</strong></span> <span class='ocrx_word' id='word_1_163' title='bbox 858 2189 1045 2253; x_wconf 89' lang='lat' dir='ltr'><strong>sensit,</strong></span> <span class='ocrx_word' id='word_1_164' title='bbox 1082 2189 1172 2243; x_wconf 86' lang='lat' dir='ltr'><strong>sed</strong></span> <span class='ocrx_word' id='word_1_165' title='bbox 1201 2189 1293 2243; x_wconf 90' lang='lat' dir='ltr'><strong>illo</strong></span> <span class='ocrx_word' id='word_1_166' title='bbox 1318 2206 1529 2261; x_wconf 87' lang='lat' dir='ltr'><strong>quoque</strong></span> <span class='ocrx_word' id='word_1_167' title='bbox 1550 2192 1749 2261; x_wconf 88' lang='lat' dir='ltr'><strong>judice,</strong></span> <span class='ocrx_word' id='word_1_168' title='bbox 1775 2195 1865 2263; x_wconf 90' lang='lat' dir='ltr'><strong>qui</strong></span> <span class='ocrx_word' id='word_1_169' title='bbox 1892 2211 2065 2266; x_wconf 89' lang='lat' dir='ltr'><strong>neque</strong></span> <span class='ocrx_word' id='word_1_170' title='bbox 2098 2198 2266 2253; x_wconf 92' lang='lat' dir='ltr'><strong>Deum</strong></span> 
     </span>
    </p>
   </div>
   <div class='ocr_carea' id='block_1_22' title="bbox 688 2279 2268 2358">
    <p class='ocr_par' dir='ltr' id='par_1_22' title="bbox 688 2279 2268 2358">
     <span class='ocr_line' id='line_1_22' title="bbox 688 2279 2268 2358; baseline 0.009 -28"><span class='ocrx_word' id='word_1_171' title='bbox 688 2279 972 2345; x_wconf 86' lang='lat' dir='ltr'><strong>metuebat,</strong></span> <span class='ocrx_word' id='word_1_172' title='bbox 1008 2294 1105 2334; x_wconf 89' lang='lat' dir='ltr'><strong>nec</strong></span> <span class='ocrx_word' id='word_1_173' title='bbox 1139 2280 1405 2336; x_wconf 86' lang='lat' dir='ltr'><strong>hominem</strong></span> <span class='ocrx_word' id='word_1_174' title='bbox 1444 2286 1800 2351; x_wconf 87' lang='lat' dir='ltr'><strong>reverebatur,</strong></span> <span class='ocrx_word' id='word_1_175' title='bbox 1830 2298 1883 2342; x_wconf 89' lang='lat' dir='ltr'><strong>et</strong></span> <span class='ocrx_word' id='word_1_176' title='bbox 1909 2289 2268 2358; x_wconf 90' lang='lat' dir='ltr'><strong>impudentior</strong></span> 
     </span>
    </p>
   </div>
   <div class='ocr_carea' id='block_1_23' title="bbox 685 2370 2265 2446">
    <p class='ocr_par' dir='ltr' id='par_1_23' title="bbox 685 2370 2265 2446">
     <span class='ocr_line' id='line_1_23' title="bbox 685 2370 2265 2446; baseline 0.011 -25"><span class='ocrx_word' id='word_1_177' title='bbox 685 2377 799 2422; x_wconf 81' lang='lat' dir='ltr'><strong>erat</strong></span> <span class='ocrx_word' id='word_1_178' title='bbox 826 2378 875 2423; x_wconf 90' lang='lat' dir='ltr'><strong>et</strong></span> <span class='ocrx_word' id='word_1_179' title='bbox 904 2370 1293 2426; x_wconf 74' lang='lat' dir='ltr'><strong>inexorabilior.</strong></span> <span class='ocrx_word' id='word_1_180' title='bbox 1322 2373 1452 2427; x_wconf 88' lang='lat' dir='ltr'><strong>Nam</strong></span> <span class='ocrx_word' id='word_1_181' title='bbox 1480 2376 1621 2429; x_wconf 90' lang='lat' dir='ltr'><strong>illum</strong></span> <span class='ocrx_word' id='word_1_182' title='bbox 1641 2378 1853 2446; x_wconf 85' lang='lat' dir='ltr'><strong>quidem</strong></span> <span class='ocrx_word' id='word_1_183' title='bbox 1880 2382 2048 2435; x_wconf 74' lang='lat' dir='ltr'><strong>vidua:</strong></span> <span class='ocrx_word' id='word_1_184' title='bbox 2071 2383 2265 2437; x_wconf 63' lang='lat' dir='ltr'><strong>instan»</strong></span> 
     </span>
    </p>
   </div>
   <div class='ocr_carea' id='block_1_24' title="bbox 689 2459 2265 2535">
    <p class='ocr_par' dir='ltr' id='par_1_24' title="bbox 689 2459 2265 2535">
     <span class='ocr_line' id='line_1_24' title="bbox 689 2459 2265 2535; baseline 0.011 -24"><span class='ocrx_word' id='word_1_185' title='bbox 689 2459 782 2526; x_wconf 87' lang='lat' dir='ltr'><strong>tia,</strong></span> <span class='ocrx_word' id='word_1_186' title='bbox 822 2463 1065 2529; x_wconf 85' lang='lat' dir='ltr'><strong>quamvis</strong></span> <span class='ocrx_word' id='word_1_187' title='bbox 1108 2464 1468 2522; x_wconf 72' lang='lat' dir='ltr'><strong>crudelenrct</strong></span> <span class='ocrx_word' id='word_1_188' title='bbox 1496 2483 1764 2535; x_wconf 84' lang='lat' dir='ltr'><strong>asperum,</strong></span> <span class='ocrx_word' id='word_1_189' title='bbox 1809 2484 1981 2527; x_wconf 85' lang='lat' dir='ltr'><strong>tamen</strong></span> <span class='ocrx_word' id='word_1_190' title='bbox 2016 2474 2161 2527; x_wconf 88' lang='lat' dir='ltr'><strong>ﬂexit</strong></span> <span class='ocrx_word' id='word_1_191' title='bbox 2200 2474 2265 2528; x_wconf 91' lang='lat' dir='ltr'><strong>ad</strong></span> 
     </span>
    </p>
   </div>
   <div class='ocr_carea' id='block_1_25' title="bbox 685 2554 2269 2631">
    <p class='ocr_par' dir='ltr' id='par_1_25' title="bbox 685 2554 2269 2631">
     <span class='ocr_line' id='line_1_25' title="bbox 685 2554 2269 2631; baseline 0.011 -29"><span class='ocrx_word' id='word_1_192' title='bbox 685 2554 1108 2619; x_wconf 87' lang='lat' dir='ltr'><strong>gratiiicandum,</strong></span> <span class='ocrx_word' id='word_1_193' title='bbox 1150 2558 1379 2626; x_wconf 87' lang='lat' dir='ltr'><strong>vicitque</strong></span> <span class='ocrx_word' id='word_1_194' title='bbox 1420 2560 1658 2614; x_wconf 88' lang='lat' dir='ltr'><strong>mulieris</strong></span> <span class='ocrx_word' id='word_1_195' title='bbox 1702 2565 2017 2631; x_wconf 81' lang='lat' dir='ltr'><strong>Supplicatio</strong></span> <span class='ocrx_word' id='word_1_196' title='bbox 2061 2583 2073 2618; x_wconf 88' lang='lat'><strong>:</strong></span> <span class='ocrx_word' id='word_1_197' title='bbox 2127 2566 2269 2621; x_wconf 91' lang='lat' dir='ltr'><strong>hunc</strong></span> 
     </span>
    </p>
   </div>
   <div class='ocr_carea' id='block_1_26' title="bbox 687 2646 2270 2721">
    <p class='ocr_par' dir='ltr' id='par_1_26' title="bbox 687 2646 2270 2721">
     <span class='ocr_line' id='line_1_26' title="bbox 687 2646 2270 2721; baseline 0.011 -27"><span class='ocrx_word' id='word_1_198' title='bbox 687 2659 814 2699; x_wconf 83' lang='lat' dir='ltr'><strong>vero</strong></span> <span class='ocrx_word' id='word_1_199' title='bbox 845 2662 908 2699; x_wconf 89' lang='lat' dir='ltr'><strong>ne</strong></span> <span class='ocrx_word' id='word_1_200' title='bbox 932 2646 1029 2700; x_wconf 90' lang='lat' dir='ltr'><strong>ista</strong></span> <span class='ocrx_word' id='word_1_201' title='bbox 1058 2647 1266 2716; x_wconf 86' lang='lat' dir='ltr'><strong>quidem</strong></span> <span class='ocrx_word' id='word_1_202' title='bbox 1298 2664 1382 2702; x_wconf 90' lang='lat' dir='ltr'><strong>res</strong></span> <span class='ocrx_word' id='word_1_203' title='bbox 1412 2649 1624 2706; x_wconf 89' lang='lat' dir='ltr'><strong>ﬂectere</strong></span> <span class='ocrx_word' id='word_1_204' title='bbox 1651 2654 1817 2721; x_wconf 89' lang='lat' dir='ltr'><strong>potuit</strong></span> <span class='ocrx_word' id='word_1_205' title='bbox 1846 2656 1909 2707; x_wconf 90' lang='lat' dir='ltr'><strong>ad</strong></span> <span class='ocrx_word' id='word_1_206' title='bbox 1951 2657 2270 2712; x_wconf 89' lang='lat' dir='ltr'><strong>subvenien-</strong></span> 
     </span>
    </p>
   </div>
   <div class='ocr_carea' id='block_1_27' title="bbox 686 2735 2265 2815">
    <p class='ocr_par' dir='ltr' id='par_1_27' title="bbox 686 2735 2265 2815">
     <span class='ocr_line' id='line_1_27' title="bbox 686 2735 2265 2815; baseline 0.009 -28"><span class='ocrx_word' id='word_1_207' title='bbox 686 2735 810 2789; x_wconf 87' lang='lat' dir='ltr'><strong>dum</strong></span> <span class='ocrx_word' id='word_1_208' title='bbox 843 2738 1079 2806; x_wconf 86' lang='lat' dir='ltr'><strong>pauperi.</strong></span> <span class='ocrx_word' id='word_1_209' title='bbox 1118 2737 1443 2809; x_wconf 80' lang='lat' dir='ltr'><strong>Quamquam</strong></span> <span class='ocrx_word' id='word_1_210' title='bbox 1472 2756 1576 2795; x_wconf 90' lang='lat' dir='ltr'><strong>non</strong></span> <span class='ocrx_word' id='word_1_211' title='bbox 1605 2753 1719 2796; x_wconf 90' lang='lat' dir='ltr'><strong>erat</strong></span> <span class='ocrx_word' id='word_1_212' title='bbox 1744 2744 1929 2799; x_wconf 81' lang='lat' dir='ltr'><strong>similis</strong></span> <span class='ocrx_word' id='word_1_213' title='bbox 1962 2748 2265 2815; x_wconf 89' lang='lat' dir='ltr'><strong>postulatio,</strong></span> 
     </span>
    </p>
   </div>
   <div class='ocr_carea' id='block_1_28' title="bbox 687 2825 2266 2901">
    <p class='ocr_par' dir='ltr' id='par_1_28' title="bbox 687 2825 2266 2901">
     <span class='ocr_line' id='line_1_28' title="bbox 687 2825 2266 2901; baseline 0.01 -26"><span class='ocrx_word' id='word_1_214' title='bbox 687 2825 779 2879; x_wconf 78' lang='lat' dir='ltr'><strong>sed</strong></span> <span class='ocrx_word' id='word_1_215' title='bbox 809 2825 983 2895; x_wconf 88' lang='lat' dir='ltr'><strong>hujus,</strong></span> <span class='ocrx_word' id='word_1_216' title='bbox 1017 2843 1206 2897; x_wconf 87' lang='lat' dir='ltr'><strong>nempe</strong></span> <span class='ocrx_word' id='word_1_217' title='bbox 1227 2828 1434 2897; x_wconf 82' lang='lat' dir='ltr'><strong>Lazari,</strong></span> <span class='ocrx_word' id='word_1_218' title='bbox 1460 2830 1627 2884; x_wconf 91' lang='lat' dir='ltr'><strong>multo</strong></span> <span class='ocrx_word' id='word_1_219' title='bbox 1654 2830 1751 2885; x_wconf 88' lang='lat' dir='ltr'><strong>fttit</strong></span> <span class='ocrx_word' id='word_1_220' title='bbox 1775 2842 1881 2886; x_wconf 91' lang='lat' dir='ltr'><strong>tum</strong></span> <span class='ocrx_word' id='word_1_221' title='bbox 1912 2834 2134 2901; x_wconf 76' lang='lat' dir='ltr'><strong>facilior,</strong></span> <span class='ocrx_word' id='word_1_222' title='bbox 2159 2846 2266 2891; x_wconf 91' lang='lat' dir='ltr'><strong>tum</strong></span> 
     </span>
    </p>
   </div>
   <div class='ocr_carea' id='block_1_29' title="bbox 684 2916 2267 2992">
    <p class='ocr_par' dir='ltr' id='par_1_29' title="bbox 684 2916 2267 2992">
     <span class='ocr_line' id='line_1_29' title="bbox 684 2916 2267 2992; baseline 0.011 -26"><span class='ocrx_word' id='word_1_223' title='bbox 684 2916 893 2985; x_wconf 84' lang='lat' dir='ltr'><strong>justior.</strong></span> <span class='ocrx_word' id='word_1_224' title='bbox 919 2917 1051 2972; x_wconf 88' lang='lat' dir='ltr'><strong>Nam</strong></span> <span class='ocrx_word' id='word_1_225' title='bbox 1084 2920 1233 2973; x_wconf 87' lang='lat' dir='ltr'><strong>vidua</strong></span> <span class='ocrx_word' id='word_1_226' title='bbox 1264 2921 1475 2990; x_wconf 89' lang='lat' dir='ltr'><strong>quidem</strong></span> <span class='ocrx_word' id='word_1_227' title='bbox 1501 2922 1643 2976; x_wconf 90' lang='lat' dir='ltr'><strong>illum</strong></span> <span class='ocrx_word' id='word_1_228' title='bbox 1671 2924 1987 2992; x_wconf 82' lang='lat' dir='ltr'><strong>implorabat</strong></span> <span class='ocrx_word' id='word_1_229' title='bbox 2013 2927 2267 2983; x_wconf 83' lang='lat' dir='ltr'><strong>adversus</strong></span> 
     </span>
    </p>
   </div>
   <div class='ocr_carea' id='block_1_30' title="bbox 690 3007 2271 3085">
    <p class='ocr_par' dir='ltr' id='par_1_30' title="bbox 690 3007 2271 3085">
     <span class='ocr_line' id='line_1_30' title="bbox 690 3007 2271 3085; baseline 0.009 -26"><span class='ocrx_word' id='word_1_230' title='bbox 690 3007 867 3063; x_wconf 86' lang='lat' dir='ltr'><strong>hostes</strong></span> <span class='ocrx_word' id='word_1_231' title='bbox 894 3024 1057 3064; x_wconf 86' lang='lat' dir='ltr'><strong>suos:</strong></span> <span class='ocrx_word' id='word_1_232' title='bbox 1090 3010 1176 3066; x_wconf 92' lang='lat' dir='ltr'><strong>hic</strong></span> <span class='ocrx_word' id='word_1_233' title='bbox 1206 3011 1335 3065; x_wconf 90' lang='lat' dir='ltr'><strong>nihil</strong></span> <span class='ocrx_word' id='word_1_234' title='bbox 1357 3014 1496 3067; x_wconf 86' lang='lat' dir='ltr'><strong>aliud</strong></span> <span class='ocrx_word' id='word_1_235' title='bbox 1526 3016 1756 3083; x_wconf 87' lang='lat' dir='ltr'><strong>petebat,</strong></span> <span class='ocrx_word' id='word_1_236' title='bbox 1790 3031 1947 3085; x_wconf 89' lang='lat' dir='ltr'><strong>quam</strong></span> <span class='ocrx_word' id='word_1_237' title='bbox 1978 3029 2031 3071; x_wconf 91' lang='lat' dir='ltr'><strong>ut</strong></span> <span class='ocrx_word' id='word_1_238' title='bbox 2058 3020 2271 3075; x_wconf 81' lang='lat' dir='ltr'><strong>sedaret</strong></span> 
     </span>
    </p>
   </div>
   <div class='ocr_carea' id='block_1_31' title="bbox 687 3099 2271 3180">
    <p class='ocr_par' dir='ltr' id='par_1_31' title="bbox 687 3099 2271 3180">
     <span class='ocr_line' id='line_1_31' title="bbox 687 3099 2271 3180; baseline 0.009 -29"><span class='ocrx_word' id='word_1_239' title='bbox 687 3099 904 3165; x_wconf 83' lang='lat' dir='ltr'><strong>famem,</strong></span> <span class='ocrx_word' id='word_1_240' title='bbox 940 3110 991 3154; x_wconf 92' lang='lat' dir='ltr'><strong>et</strong></span> <span class='ocrx_word' id='word_1_241' title='bbox 1021 3116 1087 3155; x_wconf 90' lang='lat' dir='ltr'><strong>ne</strong></span> <span class='ocrx_word' id='word_1_242' title='bbox 1113 3111 1477 3157; x_wconf 88' lang='lat' dir='ltr'><strong>contemneret</strong></span> <span class='ocrx_word' id='word_1_243' title='bbox 1513 3115 1839 3174; x_wconf 86' lang='lat' dir='ltr'><strong>pereuntem.</strong></span> <span class='ocrx_word' id='word_1_244' title='bbox 1886 3108 1973 3163; x_wconf 90' lang='lat' dir='ltr'><strong>Illa</strong></span> <span class='ocrx_word' id='word_1_245' title='bbox 2005 3110 2271 3180; x_wconf 85' lang='lat' dir='ltr'><strong>ﬂagitabat</strong></span> 
     </span>
    </p>
   </div>
   <div class='ocr_carea' id='block_1_32' title="bbox 686 3190 2271 3276">
    <p class='ocr_par' dir='ltr' id='par_1_32' title="bbox 686 3190 2271 3276">
     <span class='ocr_line' id='line_1_32' title="bbox 686 3190 2271 3276; baseline 0.011 -35"><span class='ocrx_word' id='word_1_246' title='bbox 686 3190 1019 3259; x_wconf 82' lang='lat' dir='ltr'><strong>obstrcpcns,</strong></span> <span class='ocrx_word' id='word_1_247' title='bbox 1047 3192 1132 3247; x_wconf 92' lang='lat' dir='ltr'><strong>hic</strong></span> <span class='ocrx_word' id='word_1_248' title='bbox 1149 3201 1324 3247; x_wconf 91' lang='lat' dir='ltr'><strong>autem</strong></span> <span class='ocrx_word' id='word_1_249' title='bbox 1350 3196 1544 3263; x_wconf 68' lang='lat' dir='ltr'><strong>sazpius</strong></span> <span class='ocrx_word' id='word_1_250' title='bbox 1571 3212 1675 3250; x_wconf 92' lang='lat' dir='ltr'><strong>uno</strong></span> <span class='ocrx_word' id='word_1_251' title='bbox 1696 3198 1787 3276; x_wconf 72' lang='lat' dir='ltr'><strong>die</strong></span> <span class='ocrx_word' id='word_1_252' title='bbox 1806 3200 1967 3254; x_wconf 79' lang='lat' dir='ltr'><strong>silens</strong></span> <span class='ocrx_word' id='word_1_253' title='bbox 1984 3204 2271 3271; x_wconf 82' lang='lat' dir='ltr'><strong>apparebat</strong></span> 
     </span>
    </p>
   </div>
   <div class='ocr_carea' id='block_1_33' title="bbox 686 3281 2268 3353">
    <p class='ocr_par' dir='ltr' id='par_1_33' title="bbox 686 3281 2268 3353">
     <span class='ocr_line' id='line_1_33' title="bbox 686 3281 2268 3353; baseline 0.008 -19"><span class='ocrx_word' id='word_1_254' title='bbox 686 3281 832 3335; x_wconf 86' lang='lat' dir='ltr'><strong>diviti</strong></span> <span class='ocrx_word' id='word_1_255' title='bbox 860 3284 1170 3353; x_wconf 89' lang='lat' dir='ltr'><strong>jaccnsque.</strong></span> <span class='ocrx_word' id='word_1_256' title='bbox 1219 3285 1329 3340; x_wconf 89' lang='lat' dir='ltr'><strong>lloc</strong></span> <span class='ocrx_word' id='word_1_257' title='bbox 1358 3297 1504 3343; x_wconf 89' lang='lat' dir='ltr'><strong>certe</strong></span> <span class='ocrx_word' id='word_1_258' title='bbox 1530 3290 1659 3342; x_wconf 87' lang='lat' dir='ltr'><strong>satis</strong></span> <span class='ocrx_word' id='word_1_259' title='bbox 1691 3299 1804 3344; x_wconf 86' lang='lat' dir='ltr'><strong>erat</strong></span> <span class='ocrx_word' id='word_1_260' title='bbox 1835 3291 1915 3345; x_wconf 87' lang='lat' dir='ltr'><strong>vel</strong></span> <span class='ocrx_word' id='word_1_261' title='bbox 1956 3293 2021 3346; x_wconf 91' lang='lat' dir='ltr'><strong>ad</strong></span> <span class='ocrx_word' id='word_1_262' title='bbox 2052 3310 2268 3348; x_wconf 77' lang='lat' dir='ltr'><strong>saveum</strong></span> 
     </span>
    </p>
   </div>
   <div class='ocr_carea' id='block_1_34' title="bbox 688 3374 2266 3448">
    <p class='ocr_par' dir='ltr' id='par_1_34' title="bbox 688 3374 2266 3448">
     <span class='ocr_line' id='line_1_34' title="bbox 688 3374 2266 3448; baseline 0.009 -22"><span class='ocrx_word' id='word_1_263' title='bbox 688 3388 781 3427; x_wconf 91' lang='lat' dir='ltr'><strong>cor</strong></span> <span class='ocrx_word' id='word_1_264' title='bbox 809 3374 1207 3429; x_wconf 82' lang='lat' dir='ltr'><strong>emolliendum.</strong></span> <span class='ocrx_word' id='word_1_265' title='bbox 1254 3376 1459 3433; x_wconf 85' lang='lat' dir='ltr'><strong>Etenim</strong></span> <span class='ocrx_word' id='word_1_266' title='bbox 1489 3380 1575 3448; x_wconf 88' lang='lat' dir='ltr'><strong>qui</strong></span> <span class='ocrx_word' id='word_1_267' title='bbox 1598 3380 1918 3447; x_wconf 89' lang='lat' dir='ltr'><strong>obtundunt,</strong></span> <span class='ocrx_word' id='word_1_268' title='bbox 1950 3384 1999 3436; x_wconf 92' lang='lat' dir='ltr'><strong>in</strong></span> <span class='ocrx_word' id='word_1_269' title='bbox 2032 3384 2130 3438; x_wconf 90' lang='lat' dir='ltr'><strong>hos</strong></span> <span class='ocrx_word' id='word_1_270' title='bbox 2164 3386 2266 3440; x_wconf 85' lang='lat' dir='ltr'><strong>fre-</strong></span> 
     </span>
    </p>
   </div>
   <div class='ocr_carea' id='block_1_35' title="bbox 687 3467 2271 3546">
    <p class='ocr_par' dir='ltr' id='par_1_35' title="bbox 687 3467 2271 3546">
     <span class='ocr_line' id='line_1_35' title="bbox 687 3467 2271 3546; baseline 0.01 -30"><span class='ocrx_word' id='word_1_271' title='bbox 687 3475 912 3533; x_wconf 88' lang='lat' dir='ltr'><strong>quenter</strong></span> <span class='ocrx_word' id='word_1_272' title='bbox 931 3467 1087 3520; x_wconf 90' lang='lat' dir='ltr'><strong>etiam</strong></span> <span class='ocrx_word' id='word_1_273' title='bbox 1111 3483 1466 3539; x_wconf 84' lang='lat' dir='ltr'><strong>provocamur</strong></span> <span class='ocrx_word' id='word_1_274' title='bbox 1494 3472 1589 3524; x_wconf 90' lang='lat' dir='ltr'><strong>ira.</strong></span> <span class='ocrx_word' id='word_1_275' title='bbox 1614 3472 1873 3527; x_wconf 61' lang='lat' dir='ltr'><strong>Caeterum</strong></span> <span class='ocrx_word' id='word_1_276' title='bbox 1902 3479 2106 3546; x_wconf 83' lang='lat' dir='ltr'><strong>quoties</strong></span> <span class='ocrx_word' id='word_1_277' title='bbox 2130 3496 2147 3528; x_wconf 65' lang='grc' dir='ltr'><strong>ι</strong></span> <span class='ocrx_word' id='word_1_278' title='bbox 2164 3480 2271 3532; x_wconf 80' lang='lat' dir='ltr'><strong>idc—</strong></span> 
     </span>
    </p>
   </div>
   <div class='ocr_carea' id='block_1_36' title="bbox 690 3556 2267 3636">
    <p class='ocr_par' dir='ltr' id='par_1_36' title="bbox 690 3556 2267 3636">
     <span class='ocr_line' id='line_1_36' title="bbox 690 3556 2267 3636; baseline 0.01 -28"><span class='ocrx_word' id='word_1_279' title='bbox 690 3571 809 3609; x_wconf 87' lang='lat' dir='ltr'><strong>mus</strong></span> <span class='ocrx_word' id='word_1_280' title='bbox 834 3556 1030 3612; x_wconf 87' lang='lat' dir='ltr'><strong>auxilio</strong></span> <span class='ocrx_word' id='word_1_281' title='bbox 1052 3559 1345 3629; x_wconf 83' lang='lat' dir='ltr'><strong>indigentes</strong></span> <span class='ocrx_word' id='word_1_282' title='bbox 1369 3603 1381 3624; x_wconf 95' lang='lat'><strong>,</strong></span> <span class='ocrx_word' id='word_1_283' title='bbox 1412 3564 1578 3617; x_wconf 90' lang='lat' dir='ltr'><strong>multo</strong></span> <span class='ocrx_word' id='word_1_284' title='bbox 1604 3578 1722 3617; x_wconf 90' lang='lat' dir='ltr'><strong>cum</strong></span> <span class='ocrx_word' id='word_1_285' title='bbox 1746 3566 1957 3620; x_wconf 87' lang='lat' dir='ltr'><strong>silentio</strong></span> <span class='ocrx_word' id='word_1_286' title='bbox 1978 3568 2267 3636; x_wconf 90' lang='lat' dir='ltr'><strong>adstantes,</strong></span> 
     </span>
    </p>
   </div>
   <div class='ocr_carea' id='block_1_37' title="bbox 690 3651 2273 3727">
    <p class='ocr_par' dir='ltr' id='par_1_37' title="bbox 690 3651 2273 3727">
     <span class='ocr_line' id='line_1_37' title="bbox 690 3651 2273 3727; baseline 0.01 -29"><span class='ocrx_word' id='word_1_287' title='bbox 690 3662 859 3717; x_wconf 89' lang='lat' dir='ltr'><strong>neque</strong></span> <span class='ocrx_word' id='word_1_288' title='bbox 910 3664 1091 3702; x_wconf 83' lang='lat' dir='ltr'><strong>vocem</strong></span> <span class='ocrx_word' id='word_1_289' title='bbox 1121 3651 1277 3703; x_wconf 87' lang='lat' dir='ltr'><strong>ullam</strong></span> <span class='ocrx_word' id='word_1_290' title='bbox 1323 3652 1573 3718; x_wconf 79' lang='lat' dir='ltr'><strong>edentes,</strong></span> <span class='ocrx_word' id='word_1_291' title='bbox 1624 3655 1728 3707; x_wconf 92' lang='lat' dir='ltr'><strong>imo</strong></span> <span class='ocrx_word' id='word_1_292' title='bbox 1772 3657 1929 3709; x_wconf 89' lang='lat' dir='ltr'><strong>etiam</strong></span> <span class='ocrx_word' id='word_1_293' title='bbox 1978 3658 2023 3711; x_wconf 90' lang='lat' dir='ltr'><strong>si</strong></span> <span class='ocrx_word' id='word_1_294' title='bbox 2062 3674 2273 3727; x_wconf 79' lang='lat' dir='ltr'><strong>semper</strong></span> 
     </span>
    </p>
   </div>
   <div class='ocr_carea' id='block_1_38' title="bbox 690 3737 2274 3823">
    <p class='ocr_par' dir='ltr' id='par_1_38' title="bbox 690 3737 2274 3823">
     <span class='ocr_line' id='line_1_38' title="bbox 690 3737 2274 3823; baseline 0.009 -34"><span class='ocrx_word' id='word_1_295' title='bbox 690 3737 1029 3805; x_wconf 79' lang='lat' dir='ltr'><strong>frustrentur,</strong></span> <span class='ocrx_word' id='word_1_296' title='bbox 1078 3757 1181 3795; x_wconf 90' lang='lat' dir='ltr'><strong>non</strong></span> <span class='ocrx_word' id='word_1_297' title='bbox 1228 3752 1401 3798; x_wconf 87' lang='lat' dir='ltr'><strong>tamen</strong></span> <span class='ocrx_word' id='word_1_298' title='bbox 1448 3746 1670 3799; x_wconf 88' lang='lat' dir='ltr'><strong>moleste</strong></span> <span class='ocrx_word' id='word_1_299' title='bbox 1696 3748 1964 3823; x_wconf 58' lang='lat' dir='ltr'><strong>furentes,</strong></span> <span class='ocrx_word' id='word_1_300' title='bbox 1997 3749 2089 3802; x_wconf 89' lang='lat' dir='ltr'><strong>sed</strong></span> <span class='ocrx_word' id='word_1_301' title='bbox 2120 3751 2274 3805; x_wconf 91' lang='lat' dir='ltr'><strong>tacite</strong></span> 
     </span>
    </p>
   </div>
   <div class='ocr_carea' id='block_1_39' title="bbox 688 3816 2274 3912">
    <p class='ocr_par' dir='ltr' id='par_1_39' title="bbox 688 3816 2274 3912">
     <span class='ocr_line' id='line_1_39' title="bbox 688 3816 2274 3912; baseline 0.009 -29"><span class='ocrx_word' id='word_1_302' title='bbox 688 3816 971 3886; x_wconf 81' lang='lat' dir='ltr'><strong>oﬂ&#39;ercntes</strong></span> <span class='ocrx_word' id='word_1_303' title='bbox 996 3848 1116 3889; x_wconf 87' lang='lat' dir='ltr'><strong>sese</strong></span> <span class='ocrx_word' id='word_1_304' title='bbox 1141 3844 1323 3889; x_wconf 91' lang='lat' dir='ltr'><strong>nostro</strong></span> <span class='ocrx_word' id='word_1_305' title='bbox 1350 3841 1676 3907; x_wconf 87' lang='lat' dir='ltr'><strong>conspectui,</strong></span> <span class='ocrx_word' id='word_1_306' title='bbox 1699 3843 1937 3909; x_wconf 86' lang='lat' dir='ltr'><strong>quamvis</strong></span> <span class='ocrx_word' id='word_1_307' title='bbox 1958 3843 2125 3897; x_wconf 84' lang='lat' dir='ltr'><strong>simus</strong></span> <span class='ocrx_word' id='word_1_308' title='bbox 2146 3844 2274 3912; x_wconf 85' lang='lat' dir='ltr'><strong>ipsis</strong></span> 
     </span>
    </p>
   </div>
   <div class='ocr_carea' id='block_1_40' title="bbox 693 3923 2276 3993">
    <p class='ocr_par' dir='ltr' id='par_1_40' title="bbox 693 3923 2276 3993">
     <span class='ocr_line' id='line_1_40' title="bbox 693 3923 2276 3993; baseline 0.011 -17"><span class='ocrx_word' id='word_1_309' title='bbox 693 3923 954 3993; x_wconf 87' lang='lat' dir='ltr'><strong>lapidibus</strong></span> <span class='ocrx_word' id='word_1_310' title='bbox 994 3926 1269 3990; x_wconf 89' lang='lat' dir='ltr'><strong>duriores,</strong></span> <span class='ocrx_word' id='word_1_311' title='bbox 1324 3939 1499 3985; x_wconf 90' lang='lat' dir='ltr'><strong>tamen</strong></span> <span class='ocrx_word' id='word_1_312' title='bbox 1528 3933 1891 3989; x_wconf 88' lang='lat' dir='ltr'><strong>admirabilem</strong></span> <span class='ocrx_word' id='word_1_313' title='bbox 1923 3936 2063 3989; x_wconf 86' lang='lat' dir='ltr'><strong>illam</strong></span> <span class='ocrx_word' id='word_1_314' title='bbox 2093 3940 2276 3993; x_wconf 86' lang='lat' dir='ltr'><strong>mode-</strong></span> 
     </span>
    </p>
   </div>
   <div class='ocr_carea' id='block_1_41' title="bbox 689 4017 2274 4083">
    <p class='ocr_par' dir='ltr' id='par_1_41' title="bbox 689 4017 2274 4083">
     <span class='ocr_line' id='line_1_41' title="bbox 689 4017 2274 4083; baseline 0.008 -13"><span class='ocrx_word' id='word_1_315' title='bbox 689 4017 845 4071; x_wconf 87' lang='lat' dir='ltr'><strong>stiam</strong></span> <span class='ocrx_word' id='word_1_316' title='bbox 887 4018 1100 4074; x_wconf 85' lang='lat' dir='ltr'><strong>reveriti</strong></span> <span class='ocrx_word' id='word_1_317' title='bbox 1133 4020 1409 4075; x_wconf 82' lang='lat' dir='ltr'><strong>ﬂcctimnr.</strong></span> <span class='ocrx_word' id='word_1_318' title='bbox 1456 4022 1571 4077; x_wconf 81' lang='lat' dir='ltr'><strong>Jam</strong></span> <span class='ocrx_word' id='word_1_319' title='bbox 1617 4034 1668 4078; x_wconf 90' lang='lat' dir='ltr'><strong>et</strong></span> <span class='ocrx_word' id='word_1_320' title='bbox 1697 4025 1837 4080; x_wconf 88' lang='lat' dir='ltr'><strong>aliud</strong></span> <span class='ocrx_word' id='word_1_321' title='bbox 1877 4027 2165 4082; x_wconf 87' lang='lat' dir='ltr'><strong>accedebat</strong></span> <span class='ocrx_word' id='word_1_322' title='bbox 2194 4028 2274 4083; x_wconf 91' lang='lat' dir='ltr'><strong>his</strong></span> 
     </span>
    </p>
   </div>
   <div class='ocr_carea' id='block_1_42' title="bbox 689 4108 2276 4187">
    <p class='ocr_par' dir='ltr' id='par_1_42' title="bbox 689 4108 2276 4187">
     <span class='ocr_line' id='line_1_42' title="bbox 689 4108 2276 4187; baseline 0.008 -27"><span class='ocrx_word' id='word_1_323' title='bbox 689 4122 810 4176; x_wconf 65' lang='lat' dir='ltr'><strong>qua</strong></span> <span class='ocrx_word' id='word_1_324' title='bbox 832 4108 937 4162; x_wconf 86' lang='lat' dir='ltr'><strong>dixi</strong></span> <span class='ocrx_word' id='word_1_325' title='bbox 961 4124 1062 4162; x_wconf 90' lang='lat' dir='ltr'><strong>non</strong></span> <span class='ocrx_word' id='word_1_326' title='bbox 1085 4110 1279 4170; x_wconf 87' lang='lat' dir='ltr'><strong>minus,</strong></span> <span class='ocrx_word' id='word_1_327' title='bbox 1310 4112 1551 4167; x_wconf 87' lang='lat' dir='ltr'><strong>videlicet</strong></span> <span class='ocrx_word' id='word_1_328' title='bbox 1570 4115 1707 4184; x_wconf 72' lang='lat' dir='ltr'><strong>quod</strong></span> <span class='ocrx_word' id='word_1_329' title='bbox 1736 4116 1847 4184; x_wconf 91' lang='lat' dir='ltr'><strong>ipsa</strong></span> <span class='ocrx_word' id='word_1_330' title='bbox 1878 4132 2087 4187; x_wconf 89' lang='lat' dir='ltr'><strong>quoque</strong></span> <span class='ocrx_word' id='word_1_331' title='bbox 2116 4117 2276 4172; x_wconf 87' lang='lat' dir='ltr'><strong>facies</strong></span> 
     </span>
    </p>
   </div>
   <div class='ocr_carea' id='block_1_43' title="bbox 694 4197 2277 4280">
    <p class='ocr_par' dir='ltr' id='par_1_43' title="bbox 694 4197 2277 4280">
     <span class='ocr_line' id='line_1_43' title="bbox 694 4197 2277 4280; baseline 0.009 -32"><span class='ocrx_word' id='word_1_332' title='bbox 694 4199 937 4267; x_wconf 86' lang='lat' dir='ltr'><strong>pauperis</strong></span> <span class='ocrx_word' id='word_1_333' title='bbox 963 4210 1078 4254; x_wconf 91' lang='lat' dir='ltr'><strong>erat</strong></span> <span class='ocrx_word' id='word_1_334' title='bbox 1113 4197 1451 4269; x_wconf 61' lang='lat' dir='ltr'><strong>miserabilis,</strong></span> <span class='ocrx_word' id='word_1_335' title='bbox 1486 4213 1664 4274; x_wconf 86' lang='lat' dir='ltr'><strong>utpote</strong></span> <span class='ocrx_word' id='word_1_336' title='bbox 1694 4208 1827 4262; x_wconf 75' lang='lat' dir='ltr'><strong>fame</strong></span> <span class='ocrx_word' id='word_1_337' title='bbox 1856 4209 2161 4280; x_wconf 90' lang='lat' dir='ltr'><strong>diutinaque</strong></span> <span class='ocrx_word' id='word_1_338' title='bbox 2187 4226 2277 4263; x_wconf 86' lang='lat' dir='ltr'><strong>va-</strong></span> 
     </span>
    </p>
   </div>
   <div class='ocr_carea' id='block_1_44' title="bbox 690 4290 2277 4372">
    <p class='ocr_par' dir='ltr' id='par_1_44' title="bbox 690 4290 2277 4372">
     <span class='ocr_line' id='line_1_44' title="bbox 690 4290 2277 4372; baseline 0.008 -29"><span class='ocrx_word' id='word_1_339' title='bbox 690 4290 926 4345; x_wconf 86' lang='lat' dir='ltr'><strong>letudine</strong></span> <span class='ocrx_word' id='word_1_340' title='bbox 963 4293 1221 4347; x_wconf 87' lang='lat' dir='ltr'><strong>confecta.</strong></span> <span class='ocrx_word' id='word_1_341' title='bbox 1257 4296 1499 4350; x_wconf 86' lang='lat' dir='ltr'><strong>Attamen</strong></span> <span class='ocrx_word' id='word_1_342' title='bbox 1543 4314 1640 4353; x_wconf 88' lang='lat' dir='ltr'><strong>nec</strong></span> <span class='ocrx_word' id='word_1_343' title='bbox 1680 4299 1865 4354; x_wconf 87' lang='lat' dir='ltr'><strong>harum</strong></span> <span class='ocrx_word' id='word_1_344' title='bbox 1908 4317 2085 4356; x_wconf 88' lang='lat' dir='ltr'><strong>rerum</strong></span> <span class='ocrx_word' id='word_1_345' title='bbox 2124 4304 2277 4372; x_wconf 83' lang='lat' dir='ltr'><strong>quid-</strong></span> 
     </span>
    </p>
   </div>
   <div class='ocr_carea' id='block_1_45' title="bbox 691 4383 1709 4453">
    <p class='ocr_par' dir='ltr' id='par_1_45' title="bbox 691 4383 1709 4453">
     <span class='ocr_line' id='line_1_45' title="bbox 691 4383 1709 4453; baseline 0.012 -20"><span class='ocrx_word' id='word_1_346' title='bbox 691 4398 847 4451; x_wconf 88' lang='lat' dir='ltr'><strong>quam</strong></span> <span class='ocrx_word' id='word_1_347' title='bbox 879 4383 1264 4453; x_wconf 84' lang='lat' dir='ltr'><strong>implacabilem</strong></span> <span class='ocrx_word' id='word_1_348' title='bbox 1297 4388 1440 4442; x_wconf 89' lang='lat' dir='ltr'><strong>illum</strong></span> <span class='ocrx_word' id='word_1_349' title='bbox 1468 4391 1709 4445; x_wconf 90' lang='lat' dir='ltr'><strong>emolliit.</strong></span> 
     </span>
    </p>
   </div>
   <div class='ocr_carea' id='block_1_46' title="bbox 766 4475 2272 4550">
    <p class='ocr_par' dir='ltr' id='par_1_46' title="bbox 766 4475 2272 4550">
     <span class='ocr_line' id='line_1_46' title="bbox 766 4475 2272 4550; baseline 0.008 -23"><span class='ocrx_word' id='word_1_350' title='bbox 766 4477 817 4527; x_wconf 85' lang='lat'><strong>7.</strong></span> <span class='ocrx_word' id='word_1_351' title='bbox 858 4475 969 4531; x_wconf 81' lang='lat' dir='ltr'><strong>Hoc</strong></span> <span class='ocrx_word' id='word_1_352' title='bbox 1004 4478 1160 4547; x_wconf 85' lang='lat' dir='ltr'><strong>igitur</strong></span> <span class='ocrx_word' id='word_1_353' title='bbox 1182 4480 1405 4548; x_wconf 86' lang='lat' dir='ltr'><strong>primum</strong></span> <span class='ocrx_word' id='word_1_354' title='bbox 1433 4482 1615 4536; x_wconf 90' lang='lat' dir='ltr'><strong>vitium</strong></span> <span class='ocrx_word' id='word_1_355' title='bbox 1640 4484 1924 4538; x_wconf 87' lang='lat' dir='ltr'><strong>crudelitas</strong></span> <span class='ocrx_word' id='word_1_356' title='bbox 1948 4495 2083 4550; x_wconf 88' lang='lat' dir='ltr'><strong>erat,</strong></span> <span class='ocrx_word' id='word_1_357' title='bbox 2112 4486 2272 4539; x_wconf 89' lang='lat' dir='ltr'><strong>inhu-</strong></span> 
     </span>
    </p>
   </div>
   <div class='ocr_carea' id='block_1_47' title="bbox 693 4566 2273 4641">
    <p class='ocr_par' dir='ltr' id='par_1_47' title="bbox 693 4566 2273 4641">
     <span class='ocr_line' id='line_1_47' title="bbox 693 4566 2273 4641; baseline 0.007 -22"><span class='ocrx_word' id='word_1_358' title='bbox 693 4568 1027 4637; x_wconf 89' lang='lat' dir='ltr'><strong>manitasque</strong></span> <span class='ocrx_word' id='word_1_359' title='bbox 1080 4570 1164 4623; x_wconf 93' lang='lat' dir='ltr'><strong>cui</strong></span> <span class='ocrx_word' id='word_1_360' title='bbox 1212 4570 1342 4624; x_wconf 90' lang='lat' dir='ltr'><strong>nihil</strong></span> <span class='ocrx_word' id='word_1_361' title='bbox 1389 4580 1595 4641; x_wconf 85' lang='lat' dir='ltr'><strong>poterat</strong></span> <span class='ocrx_word' id='word_1_362' title='bbox 1636 4573 1910 4629; x_wconf 88' lang='lat' dir='ltr'><strong>accedere.</strong></span> <span class='ocrx_word' id='word_1_363' title='bbox 1973 4566 2091 4630; x_wconf 72' lang='lat' dir='ltr'><strong>Ned‘</strong></span> <span class='ocrx_word' id='word_1_364' title='bbox 2134 4578 2273 4630; x_wconf 88' lang='lat' dir='ltr'><strong>enim</strong></span> 
     </span>
    </p>
   </div>
   <div class='ocr_carea' id='block_1_48' title="bbox 693 4659 2277 4737">
    <p class='ocr_par' dir='ltr' id='par_1_48' title="bbox 693 4659 2277 4737">
     <span class='ocr_line' id='line_1_48' title="bbox 693 4659 2277 4737; baseline 0.008 -26"><span class='ocrx_word' id='word_1_365' title='bbox 693 4659 867 4712; x_wconf 87' lang='lat' dir='ltr'><strong>simile</strong></span> <span class='ocrx_word' id='word_1_366' title='bbox 911 4671 1013 4726; x_wconf 89' lang='lat' dir='ltr'><strong>est,</strong></span> <span class='ocrx_word' id='word_1_367' title='bbox 1057 4663 1098 4715; x_wconf 92' lang='lat' dir='ltr'><strong>si</strong></span> <span class='ocrx_word' id='word_1_368' title='bbox 1144 4664 1206 4728; x_wconf 88' lang='lat' dir='ltr'><strong>is,</strong></span> <span class='ocrx_word' id='word_1_369' title='bbox 1235 4665 1322 4733; x_wconf 89' lang='lat' dir='ltr'><strong>qui</strong></span> <span class='ocrx_word' id='word_1_370' title='bbox 1356 4666 1407 4719; x_wconf 90' lang='lat' dir='ltr'><strong>in</strong></span> <span class='ocrx_word' id='word_1_371' title='bbox 1440 4666 1655 4733; x_wconf 89' lang='lat' dir='ltr'><strong>penuria</strong></span> <span class='ocrx_word' id='word_1_372' title='bbox 1684 4666 1826 4737; x_wconf 82' lang='lat' dir='ltr'><strong>degit</strong></span> <span class='ocrx_word' id='word_1_373' title='bbox 1857 4684 1961 4722; x_wconf 86' lang='lat' dir='ltr'><strong>non</strong></span> <span class='ocrx_word' id='word_1_374' title='bbox 2003 4679 2277 4723; x_wconf 87' lang='lat' dir='ltr'><strong>succurrat</strong></span> 
     </span>
    </p>
   </div>
   <div class='ocr_carea' id='block_1_49' title="bbox 694 4752 2276 4823">
    <p class='ocr_par' dir='ltr' id='par_1_49' title="bbox 694 4752 2276 4823">
     <span class='ocr_line' id='line_1_49' title="bbox 694 4752 2276 4823; baseline 0.007 -20"><span class='ocrx_word' id='word_1_375' title='bbox 694 4752 899 4820; x_wconf 81' lang='lat' dir='ltr'><strong>egenis,</strong></span> <span class='ocrx_word' id='word_1_376' title='bbox 940 4761 993 4805; x_wconf 90' lang='lat' dir='ltr'><strong>et</strong></span> <span class='ocrx_word' id='word_1_377' title='bbox 1032 4753 1074 4807; x_wconf 90' lang='lat' dir='ltr'><strong>si</strong></span> <span class='ocrx_word' id='word_1_378' title='bbox 1109 4756 1263 4808; x_wconf 83' lang='lat' dir='ltr'><strong>tantis</strong></span> <span class='ocrx_word' id='word_1_379' title='bbox 1289 4756 1513 4811; x_wconf 88' lang='lat' dir='ltr'><strong>afﬂuens</strong></span> <span class='ocrx_word' id='word_1_380' title='bbox 1540 4758 1764 4823; x_wconf 81' lang='lat' dir='ltr'><strong>deliciis,</strong></span> <span class='ocrx_word' id='word_1_381' title='bbox 1793 4760 1927 4813; x_wconf 92' lang='lat' dir='ltr'><strong>alios</strong></span> <span class='ocrx_word' id='word_1_382' title='bbox 1966 4761 2102 4814; x_wconf 80' lang='lat' dir='ltr'><strong>fame</strong></span> <span class='ocrx_word' id='word_1_383' title='bbox 2130 4761 2276 4815; x_wconf 90' lang='lat' dir='ltr'><strong>tabc-</strong></span> 
     </span>
    </p>
   </div>
   <div class='ocr_carea' id='block_1_50' title="bbox 694 4846 2273 4922">
    <p class='ocr_par' dir='ltr' id='par_1_50' title="bbox 694 4846 2273 4922">
     <span class='ocr_line' id='line_1_50' title="bbox 694 4846 2273 4922; baseline 0.005 -24"><span class='ocrx_word' id='word_1_384' title='bbox 694 4856 903 4899; x_wconf 79' lang='lat' dir='ltr'><strong>scentes</strong></span> <span class='ocrx_word' id='word_1_385' title='bbox 928 4846 1202 4915; x_wconf 83' lang='lat' dir='ltr'><strong>deSpiciat.</strong></span> <span class='ocrx_word' id='word_1_386' title='bbox 1240 4850 1466 4903; x_wconf 83' lang='lat' dir='ltr'><strong>Rursum</strong></span> <span class='ocrx_word' id='word_1_387' title='bbox 1494 4852 1664 4905; x_wconf 88' lang='lat' dir='ltr'><strong>simile</strong></span> <span class='ocrx_word' id='word_1_388' title='bbox 1689 4868 1793 4905; x_wconf 91' lang='lat' dir='ltr'><strong>non</strong></span> <span class='ocrx_word' id='word_1_389' title='bbox 1819 4862 1899 4907; x_wconf 91' lang='lat' dir='ltr'><strong>est</strong></span> <span class='ocrx_word' id='word_1_390' title='bbox 1920 4854 1962 4907; x_wconf 87' lang='lat' dir='ltr'><strong>si</strong></span> <span class='ocrx_word' id='word_1_391' title='bbox 1987 4869 2273 4922; x_wconf 89' lang='lat' dir='ltr'><strong>pauperem</strong></span> 
     </span>
    </p>
   </div>
   <div class='ocr_carea' id='block_1_51' title="bbox 695 4937 2274 5013">
    <p class='ocr_par' dir='ltr' id='par_1_51' title="bbox 695 4937 2274 5013">
     <span class='ocr_line' id='line_1_51' title="bbox 695 4937 2274 5013; baseline 0.006 -24"><span class='ocrx_word' id='word_1_392' title='bbox 695 4937 861 4991; x_wconf 88' lang='lat' dir='ltr'><strong>semel</strong></span> <span class='ocrx_word' id='word_1_393' title='bbox 890 4948 1047 5008; x_wconf 90' lang='lat' dir='ltr'><strong>atque</strong></span> <span class='ocrx_word' id='word_1_394' title='bbox 1069 4940 1255 4994; x_wconf 88' lang='lat' dir='ltr'><strong>iterum</strong></span> <span class='ocrx_word' id='word_1_395' title='bbox 1287 4952 1626 5011; x_wconf 89' lang='lat' dir='ltr'><strong>conspectum</strong></span> <span class='ocrx_word' id='word_1_396' title='bbox 1652 4954 2050 5013; x_wconf 69' lang='lat' dir='ltr'><strong>praetercurras,</strong></span> <span class='ocrx_word' id='word_1_397' title='bbox 2077 4956 2129 4999; x_wconf 91' lang='lat' dir='ltr'><strong>et</strong></span> <span class='ocrx_word' id='word_1_398' title='bbox 2157 4960 2274 4999; x_wconf 92' lang='lat' dir='ltr'><strong>cum</strong></span> 
     </span>
    </p>
   </div>
   <div class='ocr_carea' id='block_1_52' title="bbox 696 5029 2275 5109">
    <p class='ocr_par' dir='ltr' id='par_1_52' title="bbox 696 5029 2275 5109">
     <span class='ocr_line' id='line_1_52' title="bbox 696 5029 2275 5109; baseline 0.005 -27"><span class='ocrx_word' id='word_1_399' title='bbox 696 5029 933 5097; x_wconf 90' lang='lat' dir='ltr'><strong>quotidie</strong></span> <span class='ocrx_word' id='word_1_400' title='bbox 956 5031 1155 5095; x_wconf 87' lang='lat' dir='ltr'><strong>videas,</strong></span> <span class='ocrx_word' id='word_1_401' title='bbox 1196 5049 1259 5085; x_wconf 89' lang='lat' dir='ltr'><strong>ne</strong></span> <span class='ocrx_word' id='word_1_402' title='bbox 1292 5034 1369 5087; x_wconf 89' lang='lat' dir='ltr'><strong>sic</strong></span> <span class='ocrx_word' id='word_1_403' title='bbox 1397 5035 1703 5109; x_wconf 50' lang='lat' dir='ltr'><strong>quidem‘ex</strong></span> <span class='ocrx_word' id='word_1_404' title='bbox 1742 5036 1956 5089; x_wconf 71' lang='lat' dir='ltr'><strong>assiduo</strong></span> <span class='ocrx_word' id='word_1_405' title='bbox 1986 5048 2275 5105; x_wconf 81' lang='lat' dir='ltr'><strong>eonSpcctu</strong></span> 
     </span>
    </p>
   </div>
   <div class='ocr_carea' id='block_1_53' title="bbox 695 5121 2274 5199">
    <p class='ocr_par' dir='ltr' id='par_1_53' title="bbox 695 5121 2274 5199">
     <span class='ocr_line' id='line_1_53' title="bbox 695 5121 2274 5199; baseline 0.006 -29"><span class='ocrx_word' id='word_1_406' title='bbox 695 5121 943 5175; x_wconf 80' lang='lat' dir='ltr'><strong>excitaris</strong></span> <span class='ocrx_word' id='word_1_407' title='bbox 987 5121 1053 5175; x_wconf 90' lang='lat' dir='ltr'><strong>ad</strong></span> <span class='ocrx_word' id='word_1_408' title='bbox 1097 5124 1534 5199; x_wconf 56' lang='lat' dir='ltr'><strong>misericordiam.</strong></span> <span class='ocrx_word' id='word_1_409' title='bbox 1566 5126 1767 5181; x_wconf 88' lang='lat' dir='ltr'><strong>ltursus</strong></span> <span class='ocrx_word' id='word_1_410' title='bbox 1796 5126 1937 5179; x_wconf 79' lang='lat' dir='ltr'><strong>aﬂud</strong></span> <span class='ocrx_word' id='word_1_411' title='bbox 1965 5137 2065 5192; x_wconf 91' lang='lat' dir='ltr'><strong>est,</strong></span> <span class='ocrx_word' id='word_1_412' title='bbox 2108 5128 2149 5179; x_wconf 90' lang='lat' dir='ltr'><strong>si</strong></span> <span class='ocrx_word' id='word_1_413' title='bbox 2188 5128 2274 5196; x_wconf 92' lang='lat' dir='ltr'><strong>qui</strong></span> 
     </span>
    </p>
   </div>
   <div class='ocr_carea' id='block_1_54' title="bbox 695 5214 2277 5288">
    <p class='ocr_par' dir='ltr' id='par_1_54' title="bbox 695 5214 2277 5288">
     <span class='ocr_line' id='line_1_54' title="bbox 695 5214 2277 5288; baseline 0.003 -21"><span class='ocrx_word' id='word_1_414' title='bbox 695 5214 1084 5270; x_wconf 84' lang='lat' dir='ltr'><strong>calamitatibus</strong></span> <span class='ocrx_word' id='word_1_415' title='bbox 1134 5224 1188 5269; x_wconf 91' lang='lat' dir='ltr'><strong>et</strong></span> <span class='ocrx_word' id='word_1_416' title='bbox 1229 5218 1489 5285; x_wconf 80' lang='lat' dir='ltr'><strong>angustiis</strong></span> <span class='ocrx_word' id='word_1_417' title='bbox 1528 5220 1803 5286; x_wconf 88' lang='lat' dir='ltr'><strong>premitur,</strong></span> <span class='ocrx_word' id='word_1_418' title='bbox 1857 5219 2103 5288; x_wconf 87' lang='lat' dir='ltr'><strong>maleque</strong></span> <span class='ocrx_word' id='word_1_419' title='bbox 2150 5220 2277 5272; x_wconf 75' lang='lat' dir='ltr'><strong>aﬂ‘e-</strong></span> 
     </span>
    </p>
   </div>
   <div class='ocr_carea' id='block_1_55' title="bbox 694 5302 2275 5378">
    <p class='ocr_par' dir='ltr' id='par_1_55' title="bbox 694 5302 2275 5378">
     <span class='ocr_line' id='line_1_55' title="bbox 694 5302 2275 5378; baseline 0.003 -20"><span class='ocrx_word' id='word_1_420' title='bbox 694 5313 811 5358; x_wconf 84' lang='lat' dir='ltr'><strong>ctus</strong></span> <span class='ocrx_word' id='word_1_421' title='bbox 836 5314 916 5359; x_wconf 89' lang='lat' dir='ltr'><strong>est</strong></span> <span class='ocrx_word' id='word_1_422' title='bbox 941 5302 1139 5373; x_wconf 83' lang='lat' dir='ltr'><strong>animo,</strong></span> <span class='ocrx_word' id='word_1_423' title='bbox 1173 5323 1277 5362; x_wconf 92' lang='lat' dir='ltr'><strong>non</strong></span> <span class='ocrx_word' id='word_1_424' title='bbox 1310 5308 1595 5375; x_wconf 85' lang='lat' dir='ltr'><strong>epituletur</strong></span> <span class='ocrx_word' id='word_1_425' title='bbox 1623 5310 1867 5377; x_wconf 75' lang='lat' dir='ltr'><strong>proximo</strong></span> <span class='ocrx_word' id='word_1_426' title='bbox 1903 5328 1914 5363; x_wconf 92' lang='lat'>:</span> <span class='ocrx_word' id='word_1_427' title='bbox 1948 5310 2089 5363; x_wconf 83' lang='lat' dir='ltr'><strong>aliud</strong></span> <span class='ocrx_word' id='word_1_428' title='bbox 2121 5310 2275 5378; x_wconf 89' lang='lat' dir='ltr'><strong>siqui</strong></span> 
     </span>
    </p>
   </div>
   <div class='ocr_carea' id='block_1_56' title="bbox 697 5396 2277 5471">
    <p class='ocr_par' dir='ltr' id='par_1_56' title="bbox 697 5396 2277 5471">
     <span class='ocr_line' id='line_1_56' title="bbox 697 5396 2277 5471; baseline 0.004 -21"><span class='ocrx_word' id='word_1_429' title='bbox 697 5408 838 5450; x_wconf 86' lang='lat' dir='ltr'><strong>tanta</strong></span> <span class='ocrx_word' id='word_1_430' title='bbox 890 5396 1083 5454; x_wconf 92' lang='lat' dir='ltr'><strong>fruitur</strong></span> <span class='ocrx_word' id='word_1_431' title='bbox 1125 5401 1394 5469; x_wconf 87' lang='lat' dir='ltr'><strong>voluptate</strong></span> <span class='ocrx_word' id='word_1_432' title='bbox 1443 5412 1802 5471; x_wconf 85' lang='lat' dir='ltr'><strong>perpetuaque</strong></span> <span class='ocrx_word' id='word_1_433' title='bbox 1846 5402 2093 5457; x_wconf 86' lang='lat' dir='ltr'><strong>felicitate</strong></span> <span class='ocrx_word' id='word_1_434' title='bbox 2144 5403 2277 5457; x_wconf 87' lang='lat' dir='ltr'><strong>alios</strong></span> 
     </span>
    </p>
   </div>
   <div class='ocr_carea' id='block_1_57' title="bbox 695 5488 2276 5561">
    <p class='ocr_par' dir='ltr' id='par_1_57' title="bbox 695 5488 2276 5561">
     <span class='ocr_line' id='line_1_57' title="bbox 695 5488 2276 5561; baseline 0.001 -20"><span class='ocrx_word' id='word_1_435' title='bbox 695 5488 835 5542; x_wconf 87' lang='lat' dir='ltr'><strong>fame</strong></span> <span class='ocrx_word' id='word_1_436' title='bbox 860 5488 1195 5545; x_wconf 89' lang='lat' dir='ltr'><strong>tabescentes</strong></span> <span class='ocrx_word' id='word_1_437' title='bbox 1238 5492 1487 5561; x_wconf 84' lang='lat' dir='ltr'><strong>negligat,</strong></span> <span class='ocrx_word' id='word_1_438' title='bbox 1530 5492 1879 5559; x_wconf 89' lang='lat' dir='ltr'><strong>occludatque</strong></span> <span class='ocrx_word' id='word_1_439' title='bbox 1922 5494 2145 5557; x_wconf 86' lang='lat' dir='ltr'><strong>viscera,</strong></span> <span class='ocrx_word' id='word_1_440' title='bbox 2180 5507 2276 5546; x_wconf 90' lang='lat' dir='ltr'><strong>nec</strong></span> 
     </span>
    </p>
   </div>
   <div class='ocr_carea' id='block_1_58' title="bbox 695 5581 2275 5649">
    <p class='ocr_par' dir='ltr' id='par_1_58' title="bbox 695 5581 2275 5649">
     <span class='ocr_line' id='line_1_58' title="bbox 695 5581 2275 5649; baseline 0.004 -20"><span class='ocrx_word' id='word_1_441' title='bbox 695 5582 775 5634; x_wconf 88' lang='lat' dir='ltr'><strong>vel</strong></span> <span class='ocrx_word' id='word_1_442' title='bbox 817 5581 884 5635; x_wconf 88' lang='lat' dir='ltr'><strong>ab</strong></span> <span class='ocrx_word' id='word_1_443' title='bbox 929 5581 1039 5649; x_wconf 89' lang='lat' dir='ltr'><strong>ipsa</strong></span> <span class='ocrx_word' id='word_1_444' title='bbox 1092 5583 1271 5637; x_wconf 67' lang='lat' dir='ltr'><strong>lretitia</strong></span> <span class='ocrx_word' id='word_1_445' title='bbox 1324 5584 1573 5638; x_wconf 86' lang='lat' dir='ltr'><strong>reddatur</strong></span> <span class='ocrx_word' id='word_1_446' title='bbox 1626 5583 1924 5637; x_wconf 80' lang='lat' dir='ltr'><strong>humanior.</strong></span> <span class='ocrx_word' id='word_1_447' title='bbox 1973 5584 2102 5637; x_wconf 83' lang='lat' dir='ltr'><strong>Nam</strong></span> <span class='ocrx_word' id='word_1_448' title='bbox 2150 5583 2275 5637; x_wconf 89' lang='lat' dir='ltr'><strong>illud</strong></span> 
     </span>
    </p>
   </div>
   <div class='ocr_carea' id='block_1_59' title="bbox 696 5673 2277 5743">
    <p class='ocr_par' dir='ltr' id='par_1_59' title="bbox 696 5673 2277 5743">
     <span class='ocr_line' id='line_1_59' title="bbox 696 5673 2277 5743; baseline 0.003 -19"><span class='ocrx_word' id='word_1_449' title='bbox 696 5673 933 5741; x_wconf 88' lang='lat' dir='ltr'><strong>profecto</strong></span> <span class='ocrx_word' id='word_1_450' title='bbox 974 5674 1158 5735; x_wconf 84' lang='lat' dir='ltr'><strong>nostis,</strong></span> <span class='ocrx_word' id='word_1_451' title='bbox 1198 5674 1335 5743; x_wconf 81' lang='lat' dir='ltr'><strong>quod</strong></span> <span class='ocrx_word' id='word_1_452' title='bbox 1378 5676 1499 5729; x_wconf 83' lang='lat' dir='ltr'><strong>licet</strong></span> <span class='ocrx_word' id='word_1_453' title='bbox 1544 5676 1710 5729; x_wconf 90' lang='lat' dir='ltr'><strong>simus</strong></span> <span class='ocrx_word' id='word_1_454' title='bbox 1748 5678 1982 5729; x_wconf 88' lang='lat' dir='ltr'><strong>omnium</strong></span> <span class='ocrx_word' id='word_1_455' title='bbox 2030 5676 2277 5728; x_wconf 75' lang='lat' dir='ltr'><strong>immitis-</strong></span> 
     </span>
    </p>
   </div>
   <div class='ocr_carea' id='block_1_60' title="bbox 697 5764 2275 5836">
    <p class='ocr_par' dir='ltr' id='par_1_60' title="bbox 697 5764 2275 5836">
     <span class='ocr_line' id='line_1_60' title="bbox 697 5764 2275 5836; baseline 0.002 -19"><span class='ocrx_word' id='word_1_456' title='bbox 697 5764 835 5832; x_wconf 87' lang='lat' dir='ltr'><strong>siuti,</strong></span> <span class='ocrx_word' id='word_1_457' title='bbox 872 5774 1047 5820; x_wconf 82' lang='lat' dir='ltr'><strong>tamen</strong></span> <span class='ocrx_word' id='word_1_458' title='bbox 1076 5782 1329 5836; x_wconf 71' lang='lat' dir='ltr'><strong>prospero</strong></span> <span class='ocrx_word' id='word_1_459' title='bbox 1371 5783 1617 5822; x_wconf 81' lang='lat' dir='ltr'><strong>successu</strong></span> <span class='ocrx_word' id='word_1_460' title='bbox 1649 5784 1826 5822; x_wconf 87' lang='lat' dir='ltr'><strong>rerum</strong></span> <span class='ocrx_word' id='word_1_461' title='bbox 1862 5767 2098 5823; x_wconf 85' lang='lat' dir='ltr'><strong>mitiores</strong></span> <span class='ocrx_word' id='word_1_462' title='bbox 2123 5768 2275 5821; x_wconf 46' lang='lat' dir='ltr'><strong>hcui‘</strong></span> 
     </span>
    </p>
   </div>
   <div class='ocr_carea' id='block_1_61' title="bbox 3852 365 3963 419">
    <p class='ocr_par' dir='ltr' id='par_1_61' title="bbox 3852 365 3963 419">
     <span class='ocr_line' id='line_1_61' title="bbox 3852 365 3963 419; baseline 0.018 -2"><span class='ocrx_word' id='word_1_463' title='bbox 3852 365 3963 419; x_wconf 69' lang='lat'><strong>972</strong></span> 
     </span>
    </p>
   </div>
   <div class='ocr_carea' id='block_1_62' title="bbox 2381 470 3955 548">
    <p class='ocr_par' dir='ltr' id='par_1_62' title="bbox 2381 470 3955 548">
     <span class='ocr_line' id='line_1_62' title="bbox 2381 470 3955 548; baseline 0.006 -25"><span class='ocrx_word' id='word_1_464' title='bbox 2381 470 2701 541; x_wconf 86' lang='lat' dir='ltr'><strong>gnioresque</strong></span> <span class='ocrx_word' id='word_1_465' title='bbox 2745 472 2893 527; x_wconf 91' lang='lat' dir='ltr'><strong>reddi</strong></span> <span class='ocrx_word' id='word_1_466' title='bbox 2936 474 3327 528; x_wconf 90' lang='lat' dir='ltr'><strong>consuevimus.</strong></span> <span class='ocrx_word' id='word_1_467' title='bbox 3379 476 3448 529; x_wconf 80' lang='lat' dir='ltr'><strong>At</strong></span> <span class='ocrx_word' id='word_1_468' title='bbox 3490 476 3638 529; x_wconf 88' lang='lat' dir='ltr'><strong>illum</strong></span> <span class='ocrx_word' id='word_1_469' title='bbox 3684 493 3755 532; x_wconf 88' lang='lat' dir='ltr'><strong>ne</strong></span> <span class='ocrx_word' id='word_1_470' title='bbox 3803 472 3955 548; x_wconf 63' lang='lat' dir='ltr'><strong>eam</strong></span> 
     </span>
    </p>
   </div>
   <div class='ocr_carea' id='block_1_63' title="bbox 2372 563 3956 636">
    <p class='ocr_par' dir='ltr' id='par_1_63' title="bbox 2372 563 3956 636">
     <span class='ocr_line' id='line_1_63' title="bbox 2372 563 3956 636; baseline 0.006 -22"><span class='ocrx_word' id='word_1_471' title='bbox 2372 563 2585 631; x_wconf 90' lang='lat' dir='ltr'><strong>quidem</strong></span> <span class='ocrx_word' id='word_1_472' title='bbox 2616 578 2790 618; x_wconf 89' lang='lat' dir='ltr'><strong>rerum</strong></span> <span class='ocrx_word' id='word_1_473' title='bbox 2816 563 3071 620; x_wconf 83' lang='lat' dir='ltr'><strong>reddebat</strong></span> <span class='ocrx_word' id='word_1_474' title='bbox 3120 566 3416 631; x_wconf 89' lang='lat' dir='ltr'><strong>meliorem,</strong></span> <span class='ocrx_word' id='word_1_475' title='bbox 3455 567 3549 621; x_wconf 88' lang='lat' dir='ltr'><strong>sed</strong></span> <span class='ocrx_word' id='word_1_476' title='bbox 3579 569 3956 636; x_wconf 79' lang='lat' dir='ltr'><strong>perseverabat</strong></span> 
     </span>
    </p>
   </div>
   <div class='ocr_carea' id='block_1_64' title="bbox 2338 654 3952 725">
    <p class='ocr_par' dir='ltr' id='par_1_64' title="bbox 2338 654 3952 725">
     <span class='ocr_line' id='line_1_64' title="bbox 2338 654 3952 725; baseline 0.004 -19"><span class='ocrx_word' id='word_1_477' title='bbox 2338 672 2343 677; x_wconf 59' lang='grc'><strong>“</strong></span> <span class='ocrx_word' id='word_1_478' title='bbox 2373 666 2559 707; x_wconf 86' lang='lat' dir='ltr'><strong>versus</strong></span> <span class='ocrx_word' id='word_1_479' title='bbox 2585 656 2637 708; x_wconf 90' lang='lat' dir='ltr'><strong>in</strong></span> <span class='ocrx_word' id='word_1_480' title='bbox 2669 654 2854 717; x_wconf 88' lang='lat' dir='ltr'><strong>feram,</strong></span> <span class='ocrx_word' id='word_1_481' title='bbox 2902 658 3008 710; x_wconf 88' lang='lat' dir='ltr'><strong>imo</strong></span> <span class='ocrx_word' id='word_1_482' title='bbox 3036 658 3208 725; x_wconf 91' lang='lat' dir='ltr'><strong>potius</strong></span> <span class='ocrx_word' id='word_1_483' title='bbox 3233 658 3469 710; x_wconf 90' lang='lat' dir='ltr'><strong>omnium</strong></span> <span class='ocrx_word' id='word_1_484' title='bbox 3498 657 3730 712; x_wconf 90' lang='lat' dir='ltr'><strong>ferarum</strong></span> <span class='ocrx_word' id='word_1_485' title='bbox 3765 660 3952 714; x_wconf 85' lang='lat' dir='ltr'><strong>crude—</strong></span> 
     </span>
    </p>
   </div>
   <div class='ocr_carea' id='block_1_65' title="bbox 2374 746 3950 817">
    <p class='ocr_par' dir='ltr' id='par_1_65' title="bbox 2374 746 3950 817">
     <span class='ocr_line' id='line_1_65' title="bbox 2374 746 3950 817; baseline 0.003 -18"><span class='ocrx_word' id='word_1_486' title='bbox 2374 746 2572 799; x_wconf 90' lang='lat' dir='ltr'><strong>litatem</strong></span> <span class='ocrx_word' id='word_1_487' title='bbox 2615 755 2669 799; x_wconf 91' lang='lat' dir='ltr'><strong>et</strong></span> <span class='ocrx_word' id='word_1_488' title='bbox 2696 747 3130 802; x_wconf 88' lang='lat' dir='ltr'><strong>inhumanitatem</strong></span> <span class='ocrx_word' id='word_1_489' title='bbox 3171 748 3407 801; x_wconf 89' lang='lat' dir='ltr'><strong>moribus</strong></span> <span class='ocrx_word' id='word_1_490' title='bbox 3448 750 3737 817; x_wconf 87' lang='lat' dir='ltr'><strong>superavit.</strong></span> <span class='ocrx_word' id='word_1_491' title='bbox 3776 748 3844 802; x_wconf 88' lang='lat' dir='ltr'><strong>Et</strong></span> <span class='ocrx_word' id='word_1_492' title='bbox 3876 762 3950 803; x_wconf 82' lang='lat' dir='ltr'><strong>ta-</strong></span> 
     </span>
    </p>
   </div>
   <div class='ocr_carea' id='block_1_66' title="bbox 2372 835 3945 901">
    <p class='ocr_par' dir='ltr' id='par_1_66' title="bbox 2372 835 3945 901">
     <span class='ocr_line' id='line_1_66' title="bbox 2372 835 3945 901; baseline 0.001 -13"><span class='ocrx_word' id='word_1_493' title='bbox 2372 851 2495 889; x_wconf 90' lang='lat' dir='ltr'><strong>men</strong></span> <span class='ocrx_word' id='word_1_494' title='bbox 2545 835 2681 891; x_wconf 91' lang='lat' dir='ltr'><strong>hanc</strong></span> <span class='ocrx_word' id='word_1_495' title='bbox 2718 837 3035 891; x_wconf 88' lang='lat' dir='ltr'><strong>scclerosam</strong></span> <span class='ocrx_word' id='word_1_496' title='bbox 3080 844 3136 891; x_wconf 89' lang='lat' dir='ltr'><strong>et</strong></span> <span class='ocrx_word' id='word_1_497' title='bbox 3179 837 3514 892; x_wconf 87' lang='lat' dir='ltr'><strong>inhumanam</strong></span> <span class='ocrx_word' id='word_1_498' title='bbox 3560 839 3721 890; x_wconf 88' lang='lat' dir='ltr'><strong>vitam</strong></span> <span class='ocrx_word' id='word_1_499' title='bbox 3758 848 3945 901; x_wconf 76' lang='lat' dir='ltr'><strong>agens,</strong></span> 
     </span>
    </p>
   </div>
   <div class='ocr_carea' id='block_1_67' title="bbox 2372 926 3945 997">
    <p class='ocr_par' dir='ltr' id='par_1_67' title="bbox 2372 926 3945 997">
     <span class='ocr_line' id='line_1_67' title="bbox 2372 926 3945 997; baseline -0.001 -17"><span class='ocrx_word' id='word_1_500' title='bbox 2372 926 2516 980; x_wconf 90' lang='lat' dir='ltr'><strong>omni</strong></span> <span class='ocrx_word' id='word_1_501' title='bbox 2538 942 2712 981; x_wconf 90' lang='lat' dir='ltr'><strong>rerum</strong></span> <span class='ocrx_word' id='word_1_502' title='bbox 2736 928 3085 997; x_wconf 89' lang='lat' dir='ltr'><strong>prosperitate</strong></span> <span class='ocrx_word' id='word_1_503' title='bbox 3109 926 3381 982; x_wconf 87' lang='lat' dir='ltr'><strong>fruebatur</strong></span> <span class='ocrx_word' id='word_1_504' title='bbox 3407 946 3420 981; x_wconf 93' lang='lat'><strong>:</strong></span> <span class='ocrx_word' id='word_1_505' title='bbox 3443 927 3578 981; x_wconf 90' lang='lat' dir='ltr'><strong>alter</strong></span> <span class='ocrx_word' id='word_1_506' title='bbox 3597 942 3728 981; x_wconf 89' lang='lat' dir='ltr'><strong>vero</strong></span> <span class='ocrx_word' id='word_1_507' title='bbox 3751 929 3945 993; x_wconf 84' lang='lat' dir='ltr'><strong>justus,</strong></span> 
     </span>
    </p>
   </div>
   <div class='ocr_carea' id='block_1_68' title="bbox 2371 1016 3945 1072">
    <p class='ocr_par' dir='ltr' id='par_1_68' title="bbox 2371 1016 3945 1072">
     <span class='ocr_line' id='line_1_68' title="bbox 2371 1016 3945 1072; baseline 0 -3"><span class='ocrx_word' id='word_1_508' title='bbox 2371 1030 2435 1069; x_wconf 89' lang='lat' dir='ltr'><strong>ac</strong></span> <span class='ocrx_word' id='word_1_509' title='bbox 2470 1016 2682 1070; x_wconf 90' lang='lat' dir='ltr'><strong>virtutis</strong></span> <span class='ocrx_word' id='word_1_510' title='bbox 2729 1018 2999 1071; x_wconf 88' lang='lat' dir='ltr'><strong>studiosus</strong></span> <span class='ocrx_word' id='word_1_511' title='bbox 3037 1018 3089 1071; x_wconf 88' lang='lat' dir='ltr'><strong>in</strong></span> <span class='ocrx_word' id='word_1_512' title='bbox 3138 1020 3391 1072; x_wconf 81' lang='lat' dir='ltr'><strong>extremis</strong></span> <span class='ocrx_word' id='word_1_513' title='bbox 3436 1026 3555 1072; x_wconf 90' lang='lat' dir='ltr'><strong>erat</strong></span> <span class='ocrx_word' id='word_1_514' title='bbox 3596 1019 3769 1070; x_wconf 88' lang='lat' dir='ltr'><strong>malis.</strong></span> <span class='ocrx_word' id='word_1_515' title='bbox 3813 1017 3945 1070; x_wconf 83' lang='lat' dir='ltr'><strong>Nam</strong></span> 
     </span>
    </p>
   </div>
   <div class='ocr_carea' id='block_1_69' title="bbox 2370 1105 3946 1175">
    <p class='ocr_par' dir='ltr' id='par_1_69' title="bbox 2370 1105 3946 1175">
     <span class='ocr_line' id='line_1_69' title="bbox 2370 1105 3946 1175; baseline 0.002 -17"><span class='ocrx_word' id='word_1_516' title='bbox 2370 1105 2625 1159; x_wconf 83' lang='lat' dir='ltr'><strong>Lazarum</strong></span> <span class='ocrx_word' id='word_1_517' title='bbox 2655 1106 2817 1161; x_wconf 86' lang='lat' dir='ltr'><strong>fuisse</strong></span> <span class='ocrx_word' id='word_1_518' title='bbox 2840 1108 3061 1175; x_wconf 89' lang='lat' dir='ltr'><strong>justum,</strong></span> <span class='ocrx_word' id='word_1_519' title='bbox 3094 1108 3421 1162; x_wconf 88' lang='lat' dir='ltr'><strong>declaratum</strong></span> <span class='ocrx_word' id='word_1_520' title='bbox 3450 1118 3532 1162; x_wconf 90' lang='lat' dir='ltr'><strong>est</strong></span> <span class='ocrx_word' id='word_1_521' title='bbox 3555 1118 3663 1161; x_wconf 90' lang='lat' dir='ltr'><strong>tum</strong></span> <span class='ocrx_word' id='word_1_522' title='bbox 3692 1108 3836 1161; x_wconf 74' lang='lat' dir='ltr'><strong>exitu</strong></span> <span class='ocrx_word' id='word_1_523' title='bbox 3866 1109 3946 1161; x_wconf 70' lang='lat' dir='ltr'><strong>vi-</strong></span> 
     </span>
    </p>
   </div>
   <div class='ocr_carea' id='block_1_70' title="bbox 2371 1198 3951 1267">
    <p class='ocr_par' dir='ltr' id='par_1_70' title="bbox 2371 1198 3951 1267">
     <span class='ocr_line' id='line_1_70' title="bbox 2371 1198 3951 1267; baseline 0.002 -20"><span class='ocrx_word' id='word_1_524' title='bbox 2371 1204 2458 1260; x_wconf 68' lang='lat' dir='ltr'><strong>ur,</strong></span> <span class='ocrx_word' id='word_1_525' title='bbox 2493 1205 2603 1249; x_wconf 93' lang='lat' dir='ltr'><strong>tum</strong></span> <span class='ocrx_word' id='word_1_526' title='bbox 2644 1207 2697 1250; x_wconf 90' lang='lat' dir='ltr'><strong>et</strong></span> <span class='ocrx_word' id='word_1_527' title='bbox 2732 1207 2855 1251; x_wconf 88' lang='lat' dir='ltr'><strong>ante</strong></span> <span class='ocrx_word' id='word_1_528' title='bbox 2883 1198 3006 1251; x_wconf 68' lang='lat' dir='ltr'><strong>vita:</strong></span> <span class='ocrx_word' id='word_1_529' title='bbox 3048 1198 3205 1253; x_wconf 82' lang='lat' dir='ltr'><strong>finem</strong></span> <span class='ocrx_word' id='word_1_530' title='bbox 3238 1200 3347 1267; x_wconf 89' lang='lat' dir='ltr'><strong>ipsa</strong></span> <span class='ocrx_word' id='word_1_531' title='bbox 3386 1198 3613 1252; x_wconf 91' lang='lat' dir='ltr'><strong>hominis</strong></span> <span class='ocrx_word' id='word_1_532' title='bbox 3640 1199 3691 1251; x_wconf 91' lang='lat' dir='ltr'><strong>in</strong></span> <span class='ocrx_word' id='word_1_533' title='bbox 3723 1213 3951 1266; x_wconf 87' lang='lat' dir='ltr'><strong>pauper-</strong></span> 
     </span>
    </p>
   </div>
   <div class='ocr_carea' id='block_1_71' title="bbox 2371 1289 3948 1356">
    <p class='ocr_par' dir='ltr' id='par_1_71' title="bbox 2371 1289 3948 1356">
     <span class='ocr_line' id='line_1_71' title="bbox 2371 1289 3948 1356; baseline 0.002 -17"><span class='ocrx_word' id='word_1_534' title='bbox 2371 1295 2478 1342; x_wconf 89' lang='lat' dir='ltr'><strong>tate</strong></span> <span class='ocrx_word' id='word_1_535' title='bbox 2512 1289 2806 1342; x_wconf 87' lang='lat' dir='ltr'><strong>tolerantia.</strong></span> <span class='ocrx_word' id='word_1_536' title='bbox 2848 1289 3064 1356; x_wconf 66' lang='lat' dir='ltr'><strong>Quazso,</strong></span> <span class='ocrx_word' id='word_1_537' title='bbox 3109 1305 3285 1345; x_wconf 89' lang='lat' dir='ltr'><strong>nonne</strong></span> <span class='ocrx_word' id='word_1_538' title='bbox 3333 1290 3584 1344; x_wconf 87' lang='lat' dir='ltr'><strong>videmini</strong></span> <span class='ocrx_word' id='word_1_539' title='bbox 3618 1291 3734 1344; x_wconf 76' lang='lat' dir='ltr'><strong>hace</strong></span> <span class='ocrx_word' id='word_1_540' title='bbox 3780 1292 3948 1343; x_wconf 87' lang='lat' dir='ltr'><strong>oculis</strong></span> 
     </span>
    </p>
   </div>
   <div class='ocr_carea' id='block_1_72' title="bbox 2370 1380 3949 1452">
    <p class='ocr_par' dir='ltr' id='par_1_72' title="bbox 2370 1380 3949 1452">
     <span class='ocr_line' id='line_1_72' title="bbox 2370 1380 3949 1452; baseline 0.003 -21"><span class='ocrx_word' id='word_1_541' title='bbox 2370 1381 2605 1434; x_wconf 78' lang='lat' dir='ltr'><strong>intueri?</strong></span> <span class='ocrx_word' id='word_1_542' title='bbox 2634 1382 2787 1434; x_wconf 90' lang='lat' dir='ltr'><strong>Diviti</strong></span> <span class='ocrx_word' id='word_1_543' title='bbox 2814 1383 2963 1436; x_wconf 87' lang='lat' dir='ltr'><strong>navis</strong></span> <span class='ocrx_word' id='word_1_544' title='bbox 2993 1393 3105 1436; x_wconf 90' lang='lat' dir='ltr'><strong>erat</strong></span> <span class='ocrx_word' id='word_1_545' title='bbox 3130 1383 3281 1452; x_wconf 89' lang='lat' dir='ltr'><strong>plena</strong></span> <span class='ocrx_word' id='word_1_546' title='bbox 3311 1383 3591 1447; x_wconf 87' lang='lat' dir='ltr'><strong>mercium,</strong></span> <span class='ocrx_word' id='word_1_547' title='bbox 3622 1395 3687 1436; x_wconf 89' lang='lat' dir='ltr'><strong>ac</strong></span> <span class='ocrx_word' id='word_1_548' title='bbox 3711 1380 3949 1435; x_wconf 83' lang='lat' dir='ltr'><strong>secundo</strong></span> 
     </span>
    </p>
   </div>
   <div class='ocr_carea' id='block_1_73' title="bbox 2370 1470 3951 1543">
    <p class='ocr_par' dir='ltr' id='par_1_73' title="bbox 2370 1470 3951 1543">
     <span class='ocr_line' id='line_1_73' title="bbox 2370 1470 3951 1543; baseline 0.002 -21"><span class='ocrx_word' id='word_1_549' title='bbox 2370 1471 2653 1539; x_wconf 87' lang='lat' dir='ltr'><strong>navigabat</strong></span> <span class='ocrx_word' id='word_1_550' title='bbox 2686 1481 2861 1527; x_wconf 87' lang='lat' dir='ltr'><strong>vento.</strong></span> <span class='ocrx_word' id='word_1_551' title='bbox 2889 1473 3083 1527; x_wconf 82' lang='lat' dir='ltr'><strong>Verum</strong></span> <span class='ocrx_word' id='word_1_552' title='bbox 3112 1490 3178 1527; x_wconf 94' lang='lat' dir='ltr'><strong>ne</strong></span> <span class='ocrx_word' id='word_1_553' title='bbox 3208 1474 3331 1543; x_wconf 91' lang='lat' dir='ltr'><strong>quid</strong></span> <span class='ocrx_word' id='word_1_554' title='bbox 3373 1473 3602 1537; x_wconf 89' lang='lat' dir='ltr'><strong>mireris,</strong></span> <span class='ocrx_word' id='word_1_555' title='bbox 3644 1473 3711 1527; x_wconf 84' lang='lat' dir='ltr'><strong>ad</strong></span> <span class='ocrx_word' id='word_1_556' title='bbox 3744 1470 3951 1527; x_wconf 83' lang='lat' dir='ltr'><strong>naufra-</strong></span> 
     </span>
    </p>
   </div>
   <div class='ocr_carea' id='block_1_74' title="bbox 2368 1559 3947 1632">
    <p class='ocr_par' dir='ltr' id='par_1_74' title="bbox 2368 1559 3947 1632">
     <span class='ocr_line' id='line_1_74' title="bbox 2368 1559 3947 1632; baseline 0.002 -21"><span class='ocrx_word' id='word_1_557' title='bbox 2368 1559 2511 1626; x_wconf 86' lang='lat' dir='ltr'><strong>gium</strong></span> <span class='ocrx_word' id='word_1_558' title='bbox 2544 1560 2844 1627; x_wconf 88' lang='lat' dir='ltr'><strong>festinabat,</strong></span> <span class='ocrx_word' id='word_1_559' title='bbox 2880 1578 2945 1616; x_wconf 90' lang='lat' dir='ltr'><strong>eo</strong></span> <span class='ocrx_word' id='word_1_560' title='bbox 2969 1563 3109 1632; x_wconf 91' lang='lat' dir='ltr'><strong>quod</strong></span> <span class='ocrx_word' id='word_1_561' title='bbox 3138 1578 3272 1617; x_wconf 90' lang='lat' dir='ltr'><strong>onus</strong></span> <span class='ocrx_word' id='word_1_562' title='bbox 3314 1563 3527 1617; x_wconf 88' lang='lat' dir='ltr'><strong>nolebat</strong></span> <span class='ocrx_word' id='word_1_563' title='bbox 3552 1573 3704 1617; x_wconf 89' lang='lat' dir='ltr'><strong>caute</strong></span> <span class='ocrx_word' id='word_1_564' title='bbox 3728 1577 3947 1631; x_wconf 88' lang='lat' dir='ltr'><strong>ponere.</strong></span> 
     </span>
    </p>
   </div>
   <div class='ocr_carea' id='block_1_75' title="bbox 2373 1649 3951 1717">
    <p class='ocr_par' dir='ltr' id='par_1_75' title="bbox 2373 1649 3951 1717">
     <span class='ocr_line' id='line_1_75' title="bbox 2373 1649 3951 1717; baseline 0.002 -15"><span class='ocrx_word' id='word_1_565' title='bbox 2373 1649 2463 1702; x_wconf 79' lang='lat' dir='ltr'><strong>Vis</strong></span> <span class='ocrx_word' id='word_1_566' title='bbox 2494 1650 2585 1703; x_wconf 91' lang='lat' dir='ltr'><strong>tibi</strong></span> <span class='ocrx_word' id='word_1_567' title='bbox 2612 1664 3025 1705; x_wconf 90' lang='lat' dir='ltr'><strong>commemorem</strong></span> <span class='ocrx_word' id='word_1_568' title='bbox 3066 1662 3121 1706; x_wconf 92' lang='lat' dir='ltr'><strong>et</strong></span> <span class='ocrx_word' id='word_1_569' title='bbox 3162 1652 3302 1705; x_wconf 88' lang='lat' dir='ltr'><strong>aliud</strong></span> <span class='ocrx_word' id='word_1_570' title='bbox 3333 1654 3471 1706; x_wconf 91' lang='lat' dir='ltr'><strong>illius</strong></span> <span class='ocrx_word' id='word_1_571' title='bbox 3509 1653 3732 1706; x_wconf 80' lang='lat' dir='ltr'><strong>vitium?</strong></span> <span class='ocrx_word' id='word_1_572' title='bbox 3756 1652 3951 1717; x_wconf 85' lang='lat' dir='ltr'><strong>Quoti-</strong></span> 
     </span>
    </p>
   </div>
   <div class='ocr_carea' id='block_1_76' title="bbox 2370 1739 3952 1795">
    <p class='ocr_par' dir='ltr' id='par_1_76' title="bbox 2370 1739 3952 1795">
     <span class='ocr_line' id='line_1_76' title="bbox 2370 1739 3952 1795; baseline 0.003 -5"><span class='ocrx_word' id='word_1_573' title='bbox 2370 1739 2456 1792; x_wconf 90' lang='lat' dir='ltr'><strong>die</strong></span> <span class='ocrx_word' id='word_1_574' title='bbox 2487 1740 2706 1793; x_wconf 87' lang='lat' dir='ltr'><strong>vacabat</strong></span> <span class='ocrx_word' id='word_1_575' title='bbox 2731 1740 2933 1794; x_wconf 87' lang='lat' dir='ltr'><strong>deliciis</strong></span> <span class='ocrx_word' id='word_1_576' title='bbox 2963 1742 3078 1795; x_wconf 87' lang='lat' dir='ltr'><strong>sine</strong></span> <span class='ocrx_word' id='word_1_577' title='bbox 3108 1741 3217 1795; x_wconf 90' lang='lat' dir='ltr'><strong>ullo</strong></span> <span class='ocrx_word' id='word_1_578' title='bbox 3256 1752 3422 1795; x_wconf 90' lang='lat' dir='ltr'><strong>metu.</strong></span> <span class='ocrx_word' id='word_1_579' title='bbox 3452 1741 3584 1795; x_wconf 88' lang='lat' dir='ltr'><strong>Nam</strong></span> <span class='ocrx_word' id='word_1_580' title='bbox 3612 1752 3667 1795; x_wconf 92' lang='lat' dir='ltr'><strong>et</strong></span> <span class='ocrx_word' id='word_1_581' title='bbox 3704 1741 3807 1795; x_wconf 82' lang='lat' dir='ltr'><strong>hoc</strong></span> <span class='ocrx_word' id='word_1_582' title='bbox 3830 1752 3952 1795; x_wconf 84' lang='lat' dir='ltr'><strong>erat</strong></span> 
     </span>
    </p>
   </div>
   <div class='ocr_carea' id='block_1_77' title="bbox 2373 1828 3953 1900">
    <p class='ocr_par' dir='ltr' id='par_1_77' title="bbox 2373 1828 3953 1900">
     <span class='ocr_line' id='line_1_77' title="bbox 2373 1828 3953 1900; baseline 0.004 -21"><span class='ocrx_word' id='word_1_583' title='bbox 2373 1828 2577 1894; x_wconf 89' lang='lat' dir='ltr'><strong>vitium,</strong></span> <span class='ocrx_word' id='word_1_584' title='bbox 2617 1845 2720 1881; x_wconf 89' lang='lat' dir='ltr'><strong>non</strong></span> <span class='ocrx_word' id='word_1_585' title='bbox 2753 1829 2912 1883; x_wconf 91' lang='lat' dir='ltr'><strong>modo</strong></span> <span class='ocrx_word' id='word_1_586' title='bbox 2944 1831 3342 1900; x_wconf 70' lang='lat' dir='ltr'><strong>hoc&#39;tempore,</strong></span> <span class='ocrx_word' id='word_1_587' title='bbox 3383 1846 3503 1886; x_wconf 89' lang='lat' dir='ltr'><strong>cum</strong></span> <span class='ocrx_word' id='word_1_588' title='bbox 3534 1840 3678 1885; x_wconf 88' lang='lat' dir='ltr'><strong>tanta</strong></span> <span class='ocrx_word' id='word_1_589' title='bbox 3728 1847 3757 1884; x_wconf 92' lang='lat' dir='ltr'><strong>a</strong></span> <span class='ocrx_word' id='word_1_590' title='bbox 3797 1832 3953 1885; x_wconf 85' lang='lat' dir='ltr'><strong>nobis</strong></span> 
     </span>
    </p>
   </div>
   <div class='ocr_carea' id='block_1_78' title="bbox 2370 1917 3952 1988">
    <p class='ocr_par' dir='ltr' id='par_1_78' title="bbox 2370 1917 3952 1988">
     <span class='ocr_line' id='line_1_78' title="bbox 2370 1917 3952 1988; baseline 0.001 -15"><span class='ocrx_word' id='word_1_591' title='bbox 2370 1917 2597 1985; x_wconf 72' lang='lat' dir='ltr'><strong>exigitur</strong></span> <span class='ocrx_word' id='word_1_592' title='bbox 2629 1918 2984 1988; x_wconf 80' lang='lat' dir='ltr'><strong>phiIOSOphia,</strong></span> <span class='ocrx_word' id='word_1_593' title='bbox 3016 1936 3199 1975; x_wconf 90' lang='lat' dir='ltr'><strong>verum</strong></span> <span class='ocrx_word' id='word_1_594' title='bbox 3244 1922 3402 1976; x_wconf 89' lang='lat' dir='ltr'><strong>etiam</strong></span> <span class='ocrx_word' id='word_1_595' title='bbox 3444 1922 3594 1975; x_wconf 87' lang='lat' dir='ltr'><strong>initio</strong></span> <span class='ocrx_word' id='word_1_596' title='bbox 3633 1922 3731 1975; x_wconf 90' lang='lat' dir='ltr'><strong>sub</strong></span> <span class='ocrx_word' id='word_1_597' title='bbox 3768 1920 3952 1976; x_wconf 70' lang='lat' dir='ltr'><strong>Veteri</strong></span> 
     </span>
    </p>
   </div>
   <div class='ocr_carea' id='block_1_79' title="bbox 2371 2008 3953 2075">
    <p class='ocr_par' dir='ltr' id='par_1_79' title="bbox 2371 2008 3953 2075">
     <span class='ocr_line' id='line_1_79' title="bbox 2371 2008 3953 2075; baseline 0.004 -15"><span class='ocrx_word' id='word_1_598' title='bbox 2371 2008 2733 2075; x_wconf 79' lang='lat' dir='ltr'><strong>TcStamento,</strong></span> <span class='ocrx_word' id='word_1_599' title='bbox 2780 2025 2899 2064; x_wconf 93' lang='lat' dir='ltr'><strong>cum</strong></span> <span class='ocrx_word' id='word_1_600' title='bbox 2943 2012 3177 2065; x_wconf 91' lang='lat' dir='ltr'><strong>nondum</strong></span> <span class='ocrx_word' id='word_1_601' title='bbox 3216 2014 3371 2067; x_wconf 89' lang='lat' dir='ltr'><strong>nobis</strong></span> <span class='ocrx_word' id='word_1_602' title='bbox 3417 2023 3561 2067; x_wconf 90' lang='lat' dir='ltr'><strong>esset</strong></span> <span class='ocrx_word' id='word_1_603' title='bbox 3593 2022 3807 2068; x_wconf 86' lang='lat' dir='ltr'><strong>ostensa</strong></span> <span class='ocrx_word' id='word_1_604' title='bbox 3841 2022 3953 2066; x_wconf 75' lang='lat' dir='ltr'><strong>tam</strong></span> 
     </span>
    </p>
   </div>
   <div class='ocr_carea' id='block_1_80' title="bbox 2370 2100 3951 2173">
    <p class='ocr_par' dir='ltr' id='par_1_80' title="bbox 2370 2100 3951 2173">
     <span class='ocr_line' id='line_1_80' title="bbox 2370 2100 3951 2173; baseline 0.002 -20"><span class='ocrx_word' id='word_1_605' title='bbox 2370 2108 2553 2154; x_wconf 79' lang='lat' dir='ltr'><strong>exacta</strong></span> <span class='ocrx_word' id='word_1_606' title='bbox 2581 2100 2932 2170; x_wconf 89' lang='lat' dir='ltr'><strong>philosophia.</strong></span> <span class='ocrx_word' id='word_1_607' title='bbox 2964 2103 3101 2157; x_wconf 77' lang='lat' dir='ltr'><strong>Audi</strong></span> <span class='ocrx_word' id='word_1_608' title='bbox 3138 2104 3299 2173; x_wconf 91' lang='lat' dir='ltr'><strong>igitur</strong></span> <span class='ocrx_word' id='word_1_609' title='bbox 3327 2103 3451 2173; x_wconf 91' lang='lat' dir='ltr'><strong>quid</strong></span> <span class='ocrx_word' id='word_1_610' title='bbox 3480 2104 3623 2157; x_wconf 91' lang='lat' dir='ltr'><strong>dicat</strong></span> <span class='ocrx_word' id='word_1_611' title='bbox 3649 2102 3910 2173; x_wconf 84' lang='lat' dir='ltr'><strong>propheta</strong></span> <span class='ocrx_word' id='word_1_612' title='bbox 3936 2121 3951 2156; x_wconf 89' lang='lat'><strong>:</strong></span> 
     </span>
    </p>
   </div>
   <div class='ocr_carea' id='block_1_81' title="bbox 2381 2189 3955 2264">
    <p class='ocr_par' dir='ltr' id='par_1_81' title="bbox 2381 2189 3955 2264">
     <span class='ocr_line' id='line_1_81' title="bbox 2381 2189 3955 2264; baseline 0.002 -20"><span class='ocrx_word' id='word_1_613' title='bbox 2381 2189 2469 2244; x_wconf 77' lang='lat' dir='ltr'><strong>Va:</strong></span> <span class='ocrx_word' id='word_1_614' title='bbox 2500 2192 2655 2253; x_wconf 79' lang='lat' dir='ltr'><strong>vobis,</strong></span> <span class='ocrx_word' id='word_1_615' title='bbox 2695 2194 2781 2263; x_wconf 87' lang='lat' dir='ltr'><strong>qui</strong></span> <span class='ocrx_word' id='word_1_616' title='bbox 2806 2194 3000 2246; x_wconf 84' lang='lat' dir='ltr'><strong>venturi</strong></span> <span class='ocrx_word' id='word_1_617' title='bbox 3028 2194 3145 2247; x_wconf 86' lang='lat' dir='ltr'><strong>estis</strong></span> <span class='ocrx_word' id='word_1_618' title='bbox 3174 2196 3225 2248; x_wconf 83' lang='lat' dir='ltr'><strong>in</strong></span> <span class='ocrx_word' id='word_1_619' title='bbox 3255 2196 3385 2247; x_wconf 75' lang='lat' dir='ltr'><strong>diem</strong></span> <span class='ocrx_word' id='word_1_620' title='bbox 3412 2197 3622 2259; x_wconf 86' lang='lat' dir='ltr'><strong>malum,</strong></span> <span class='ocrx_word' id='word_1_621' title='bbox 3651 2196 3737 2259; x_wconf 80' lang='lat' dir='ltr'><strong>qui</strong></span> <span class='ocrx_word' id='word_1_622' title='bbox 3760 2212 3955 2264; x_wconf 76' lang='lat' dir='ltr'><strong>appro—</strong></span> 
     </span>
    </p>
   </div>
   <div class='ocr_carea' id='block_1_82' title="bbox 2367 2282 3952 2356">
    <p class='ocr_par' dir='ltr' id='par_1_82' title="bbox 2367 2282 3952 2356">
     <span class='ocr_line' id='line_1_82' title="bbox 2367 2282 3952 2356; baseline 0.003 -23"><span class='ocrx_word' id='word_1_623' title='bbox 2367 2282 2644 2351; x_wconf 70' lang='lat' dir='ltr'><strong>pinquans,</strong></span> <span class='ocrx_word' id='word_1_624' title='bbox 2688 2293 2735 2335; x_wconf 87' lang='lat' dir='ltr'><strong>et</strong></span> <span class='ocrx_word' id='word_1_625' title='bbox 2776 2284 2978 2353; x_wconf 85' lang='lat' dir='ltr'><strong>tangitis</strong></span> <span class='ocrx_word' id='word_1_626' title='bbox 3007 2285 3213 2338; x_wconf 79' lang='lat' dir='ltr'><strong>sabbata</strong></span> <span class='ocrx_word' id='word_1_627' title='bbox 3253 2286 3514 2339; x_wconf 81' lang='lat' dir='ltr'><strong>mendacia</strong></span> <span class='ocrx_word' id='word_1_628' title='bbox 3542 2288 3741 2354; x_wconf 81' lang='lat' dir='ltr'><strong>(Amos.</strong></span> <span class='ocrx_word' id='word_1_629' title='bbox 3784 2287 3836 2339; x_wconf 83' lang='lat'><strong>6.</strong></span> <span class='ocrx_word' id='word_1_630' title='bbox 3869 2287 3952 2356; x_wconf 79' lang='lat'><strong>5).</strong></span> 
     </span>
    </p>
   </div>
   <div class='ocr_carea' id='block_1_83' title="bbox 2371 2373 3457 2445">
    <p class='ocr_par' dir='ltr' id='par_1_83' title="bbox 2371 2373 3457 2445">
     <span class='ocr_line' id='line_1_83' title="bbox 2371 2373 3457 2445; baseline 0.007 -23"><span class='ocrx_word' id='word_1_631' title='bbox 2371 2373 2506 2439; x_wconf 87' lang='lat' dir='ltr'><strong>Quid</strong></span> <span class='ocrx_word' id='word_1_632' title='bbox 2536 2382 2635 2435; x_wconf 90' lang='lat' dir='ltr'><strong>est,</strong></span> <span class='ocrx_word' id='word_1_633' title='bbox 2670 2374 2901 2445; x_wconf 82' lang='lat' dir='ltr'><strong>Tangitis</strong></span> <span class='ocrx_word' id='word_1_634' title='bbox 2924 2374 3130 2429; x_wconf 82' lang='lat' dir='ltr'><strong>sabbata</strong></span> <span class='ocrx_word' id='word_1_635' title='bbox 3156 2377 3457 2430; x_wconf 80' lang='lat' dir='ltr'><strong>mendacia?</strong></span> 
     </span>
    </p>
   </div>
   <div class='ocr_carea' id='block_1_84' title="bbox 2443 2463 3954 2531">
    <p class='ocr_par' dir='ltr' id='par_1_84' title="bbox 2443 2463 3954 2531">
     <span class='ocr_line' id='line_1_84' title="bbox 2443 2463 3954 2531; baseline 0.001 -15"><span class='ocrx_word' id='word_1_636' title='bbox 2443 2463 2725 2517; x_wconf 85' lang='lat' dir='ltr'><strong>Sabbatum</strong></span> <span class='ocrx_word' id='word_1_637' title='bbox 2766 2481 2865 2516; x_wconf 83' lang='lat' dir='ltr'><strong>non</strong></span> <span class='ocrx_word' id='word_1_638' title='bbox 2908 2465 3017 2531; x_wconf 88' lang='lat' dir='ltr'><strong>atii,</strong></span> <span class='ocrx_word' id='word_1_639' title='bbox 3060 2465 3153 2518; x_wconf 83' lang='lat' dir='ltr'><strong>sed</strong></span> <span class='ocrx_word' id='word_1_640' title='bbox 3192 2466 3531 2519; x_wconf 78' lang='lat' dir='ltr'><strong>meditationis</strong></span> <span class='ocrx_word' id='word_1_641' title='bbox 3572 2482 3727 2517; x_wconf 78' lang='lat' dir='ltr'><strong>causa</strong></span> <span class='ocrx_word' id='word_1_642' title='bbox 3753 2465 3954 2517; x_wconf 83' lang='lat' dir='ltr'><strong>datum.</strong></span> 
     </span>
    </p>
   </div>
   <div class='ocr_carea' id='block_1_85' title="bbox 2370 2554 3956 2625">
    <p class='ocr_par' dir='ltr' id='par_1_85' title="bbox 2370 2554 3956 2625">
     <span class='ocr_line' id='line_1_85' title="bbox 2370 2554 3956 2625; baseline 0 -16"><span class='ocrx_word' id='word_1_643' title='bbox 2370 2554 2625 2609; x_wconf 75' lang='lat' dir='ltr'><strong>——Jud:ei</strong></span> <span class='ocrx_word' id='word_1_644' title='bbox 2655 2565 2841 2624; x_wconf 91' lang='lat' dir='ltr'><strong>putant</strong></span> <span class='ocrx_word' id='word_1_645' title='bbox 2881 2556 2979 2609; x_wconf 90' lang='lat' dir='ltr'><strong>sibi</strong></span> <span class='ocrx_word' id='word_1_646' title='bbox 3024 2556 3302 2611; x_wconf 84' lang='lat' dir='ltr'><strong>sabbatum</strong></span> <span class='ocrx_word' id='word_1_647' title='bbox 3332 2557 3422 2609; x_wconf 90' lang='lat' dir='ltr'><strong>otii</strong></span> <span class='ocrx_word' id='word_1_648' title='bbox 3466 2558 3635 2625; x_wconf 87' lang='lat' dir='ltr'><strong>gratia</strong></span> <span class='ocrx_word' id='word_1_649' title='bbox 3665 2556 3827 2611; x_wconf 77' lang='lat' dir='ltr'><strong>fuisse</strong></span> <span class='ocrx_word' id='word_1_650' title='bbox 3855 2557 3956 2610; x_wconf 86' lang='lat' dir='ltr'><strong>da-</strong></span> 
     </span>
    </p>
   </div>
   <div class='ocr_carea' id='block_1_86' title="bbox 2374 2647 3959 2717">
    <p class='ocr_par' dir='ltr' id='par_1_86' title="bbox 2374 2647 3959 2717">
     <span class='ocr_line' id='line_1_86' title="bbox 2374 2647 3959 2717; baseline 0.003 -20"><span class='ocrx_word' id='word_1_651' title='bbox 2374 2654 2505 2707; x_wconf 92' lang='lat' dir='ltr'><strong>tum,</strong></span> <span class='ocrx_word' id='word_1_652' title='bbox 2537 2661 2721 2699; x_wconf 88' lang='lat' dir='ltr'><strong>verum</strong></span> <span class='ocrx_word' id='word_1_653' title='bbox 2751 2662 2856 2700; x_wconf 90' lang='lat' dir='ltr'><strong>non</strong></span> <span class='ocrx_word' id='word_1_654' title='bbox 2901 2648 3000 2701; x_wconf 86' lang='lat' dir='ltr'><strong>ista</strong></span> <span class='ocrx_word' id='word_1_655' title='bbox 3046 2657 3128 2700; x_wconf 90' lang='lat' dir='ltr'><strong>est</strong></span> <span class='ocrx_word' id='word_1_656' title='bbox 3166 2662 3323 2701; x_wconf 87' lang='lat' dir='ltr'><strong>causa</strong></span> <span class='ocrx_word' id='word_1_657' title='bbox 3353 2664 3366 2699; x_wconf 92' lang='lat'><strong>:</strong></span> <span class='ocrx_word' id='word_1_658' title='bbox 3396 2647 3489 2701; x_wconf 90' lang='lat' dir='ltr'><strong>sed</strong></span> <span class='ocrx_word' id='word_1_659' title='bbox 3535 2650 3731 2717; x_wconf 88' lang='lat' dir='ltr'><strong>potius,</strong></span> <span class='ocrx_word' id='word_1_660' title='bbox 3779 2660 3836 2701; x_wconf 91' lang='lat' dir='ltr'><strong>ut</strong></span> <span class='ocrx_word' id='word_1_661' title='bbox 3861 2648 3959 2702; x_wconf 88' lang='lat' dir='ltr'><strong>ab-</strong></span> 
     </span>
    </p>
   </div>
   <div class='ocr_carea' id='block_1_87' title="bbox 2372 2734 3960 2806">
    <p class='ocr_par' dir='ltr' id='par_1_87' title="bbox 2372 2734 3960 2806">
     <span class='ocr_line' id='line_1_87' title="bbox 2372 2734 3960 2806; baseline 0.001 -18"><span class='ocrx_word' id='word_1_662' title='bbox 2372 2734 2511 2789; x_wconf 91' lang='lat' dir='ltr'><strong>ducti</strong></span> <span class='ocrx_word' id='word_1_663' title='bbox 2537 2751 2566 2789; x_wconf 93' lang='lat' dir='ltr'><strong>a</strong></span> <span class='ocrx_word' id='word_1_664' title='bbox 2611 2737 2751 2790; x_wconf 91' lang='lat' dir='ltr'><strong>curis</strong></span> <span class='ocrx_word' id='word_1_665' title='bbox 2798 2752 2975 2791; x_wconf 92' lang='lat' dir='ltr'><strong>rerum</strong></span> <span class='ocrx_word' id='word_1_666' title='bbox 3017 2738 3409 2806; x_wconf 87' lang='lat' dir='ltr'><strong>temporalium,</strong></span> <span class='ocrx_word' id='word_1_667' title='bbox 3442 2739 3607 2791; x_wconf 88' lang='lat' dir='ltr'><strong>otium</strong></span> <span class='ocrx_word' id='word_1_668' title='bbox 3638 2753 3797 2792; x_wconf 89' lang='lat' dir='ltr'><strong>omne</strong></span> <span class='ocrx_word' id='word_1_669' title='bbox 3822 2754 3960 2793; x_wconf 79' lang='lat' dir='ltr'><strong>cou-</strong></span> 
     </span>
    </p>
   </div>
   <div class='ocr_carea' id='block_1_88' title="bbox 2372 2827 3959 2899">
    <p class='ocr_par' dir='ltr' id='par_1_88' title="bbox 2372 2827 3959 2899">
     <span class='ocr_line' id='line_1_88' title="bbox 2372 2827 3959 2899; baseline 0.001 -22"><span class='ocrx_word' id='word_1_670' title='bbox 2372 2834 2647 2899; x_wconf 76' lang='lat' dir='ltr'><strong>sumerent</strong></span> <span class='ocrx_word' id='word_1_671' title='bbox 2696 2828 2746 2880; x_wconf 93' lang='lat' dir='ltr'><strong>in</strong></span> <span class='ocrx_word' id='word_1_672' title='bbox 2783 2827 3129 2895; x_wconf 83' lang='lat' dir='ltr'><strong>spiritalibus.</strong></span> <span class='ocrx_word' id='word_1_673' title='bbox 3179 2827 3330 2894; x_wconf 86' lang='lat' dir='ltr'><strong>Quod</strong></span> <span class='ocrx_word' id='word_1_674' title='bbox 3368 2828 3509 2883; x_wconf 89' lang='lat' dir='ltr'><strong>enim</strong></span> <span class='ocrx_word' id='word_1_675' title='bbox 3541 2828 3818 2881; x_wconf 86' lang='lat' dir='ltr'><strong>sabbatum</strong></span> <span class='ocrx_word' id='word_1_676' title='bbox 3851 2843 3959 2880; x_wconf 89' lang='lat' dir='ltr'><strong>non</strong></span> 
     </span>
    </p>
   </div>
   <div class='ocr_carea' id='block_1_89' title="bbox 2373 2917 3959 2986">
    <p class='ocr_par' dir='ltr' id='par_1_89' title="bbox 2373 2917 3959 2986">
     <span class='ocr_line' id='line_1_89' title="bbox 2373 2917 3959 2986; baseline 0.001 -16"><span class='ocrx_word' id='word_1_677' title='bbox 2373 2918 2487 2983; x_wconf 88' lang='lat' dir='ltr'><strong>otii,</strong></span> <span class='ocrx_word' id='word_1_678' title='bbox 2536 2917 2629 2972; x_wconf 90' lang='lat' dir='ltr'><strong>sed</strong></span> <span class='ocrx_word' id='word_1_679' title='bbox 2673 2919 2962 2986; x_wconf 89' lang='lat' dir='ltr'><strong>spiritualis</strong></span> <span class='ocrx_word' id='word_1_680' title='bbox 3007 2918 3233 2972; x_wconf 88' lang='lat' dir='ltr'><strong>actionis</strong></span> <span class='ocrx_word' id='word_1_681' title='bbox 3278 2920 3495 2972; x_wconf 88' lang='lat' dir='ltr'><strong>materia</strong></span> <span class='ocrx_word' id='word_1_682' title='bbox 3543 2920 3633 2983; x_wconf 83' lang='lat' dir='ltr'><strong>sit,</strong></span> <span class='ocrx_word' id='word_1_683' title='bbox 3665 2919 3959 2973; x_wconf 87' lang='lat' dir='ltr'><strong>dilucidum</strong></span> 
     </span>
    </p>
   </div>
   <div class='ocr_carea' id='block_1_90' title="bbox 2373 3008 3963 3079">
    <p class='ocr_par' dir='ltr' id='par_1_90' title="bbox 2373 3008 3963 3079">
     <span class='ocr_line' id='line_1_90' title="bbox 2373 3008 3963 3079; baseline -0.001 -16"><span class='ocrx_word' id='word_1_684' title='bbox 2373 3018 2456 3063; x_wconf 88' lang='lat' dir='ltr'><strong>est</strong></span> <span class='ocrx_word' id='word_1_685' title='bbox 2485 3026 2547 3063; x_wconf 81' lang='lat' dir='ltr'><strong>ex</strong></span> <span class='ocrx_word' id='word_1_686' title='bbox 2579 3010 2706 3079; x_wconf 92' lang='lat' dir='ltr'><strong>ipsis</strong></span> <span class='ocrx_word' id='word_1_687' title='bbox 2733 3009 2913 3063; x_wconf 87' lang='lat' dir='ltr'><strong>rebus.</strong></span> <span class='ocrx_word' id='word_1_688' title='bbox 2936 3009 3066 3063; x_wconf 89' lang='lat' dir='ltr'><strong>Nam</strong></span> <span class='ocrx_word' id='word_1_689' title='bbox 3096 3009 3348 3063; x_wconf 89' lang='lat' dir='ltr'><strong>sacerdos</strong></span> <span class='ocrx_word' id='word_1_690' title='bbox 3376 3023 3441 3063; x_wconf 87' lang='lat' dir='ltr'><strong>eo</strong></span> <span class='ocrx_word' id='word_1_691' title='bbox 3466 3009 3554 3062; x_wconf 91' lang='lat' dir='ltr'><strong>die</strong></span> <span class='ocrx_word' id='word_1_692' title='bbox 3580 3008 3800 3077; x_wconf 89' lang='lat' dir='ltr'><strong>duplum</strong></span> <span class='ocrx_word' id='word_1_693' title='bbox 3832 3008 3963 3061; x_wconf 72' lang='lat' dir='ltr'><strong>facit</strong></span> 
     </span>
    </p>
   </div>
   <div class='ocr_carea' id='block_1_91' title="bbox 2374 3098 3962 3170">
    <p class='ocr_par' dir='ltr' id='par_1_91' title="bbox 2374 3098 3962 3170">
     <span class='ocr_line' id='line_1_91' title="bbox 2374 3098 3962 3170; baseline 0.001 -19"><span class='ocrx_word' id='word_1_694' title='bbox 2374 3102 2571 3169; x_wconf 87' lang='lat' dir='ltr'><strong>operis,</strong></span> <span class='ocrx_word' id='word_1_695' title='bbox 2601 3102 2689 3170; x_wconf 89' lang='lat' dir='ltr'><strong>qui</strong></span> <span class='ocrx_word' id='word_1_696' title='bbox 2712 3100 2947 3170; x_wconf 88' lang='lat' dir='ltr'><strong>quotidie</strong></span> <span class='ocrx_word' id='word_1_697' title='bbox 2982 3115 3085 3154; x_wconf 91' lang='lat' dir='ltr'><strong>non</strong></span> <span class='ocrx_word' id='word_1_698' title='bbox 3118 3100 3215 3153; x_wconf 89' lang='lat' dir='ltr'><strong>nisi</strong></span> <span class='ocrx_word' id='word_1_699' title='bbox 3247 3100 3456 3154; x_wconf 86' lang='lat' dir='ltr'><strong>unicam</strong></span> <span class='ocrx_word' id='word_1_700' title='bbox 3494 3098 3725 3153; x_wconf 89' lang='lat' dir='ltr'><strong>hostiam</strong></span> <span class='ocrx_word' id='word_1_701' title='bbox 3755 3098 3962 3152; x_wconf 84' lang='lat' dir='ltr'><strong>oﬂ&#39;erre</strong></span> 
     </span>
    </p>
   </div>
   <div class='ocr_carea' id='block_1_92' title="bbox 2374 3189 3963 3259">
    <p class='ocr_par' dir='ltr' id='par_1_92' title="bbox 2374 3189 3963 3259">
     <span class='ocr_line' id='line_1_92' title="bbox 2374 3189 3963 3259; baseline -0.003 -14"><span class='ocrx_word' id='word_1_702' title='bbox 2374 3194 2580 3256; x_wconf 78' lang='lat' dir='ltr'><strong>Solitus,</strong></span> <span class='ocrx_word' id='word_1_703' title='bbox 2630 3192 2849 3245; x_wconf 90' lang='lat' dir='ltr'><strong>sabbato</strong></span> <span class='ocrx_word' id='word_1_704' title='bbox 2892 3191 3111 3259; x_wconf 87' lang='lat' dir='ltr'><strong>jubetur</strong></span> <span class='ocrx_word' id='word_1_705' title='bbox 3151 3190 3342 3245; x_wconf 83' lang='lat' dir='ltr'><strong>oﬂ&#39;crre</strong></span> <span class='ocrx_word' id='word_1_706' title='bbox 3390 3191 3677 3259; x_wconf 86' lang='lat' dir='ltr'><strong>geminam.</strong></span> <span class='ocrx_word' id='word_1_707' title='bbox 3716 3189 3867 3256; x_wconf 88' lang='lat' dir='ltr'><strong>Quod</strong></span> <span class='ocrx_word' id='word_1_708' title='bbox 3912 3191 3963 3241; x_wconf 77' lang='lat' dir='ltr'><strong>si</strong></span> 
     </span>
    </p>
   </div>
   <div class='ocr_carea' id='block_1_93' title="bbox 2375 3280 3962 3353">
    <p class='ocr_par' dir='ltr' id='par_1_93' title="bbox 2375 3280 3962 3353">
     <span class='ocr_line' id='line_1_93' title="bbox 2375 3280 3962 3353; baseline -0.004 -16"><span class='ocrx_word' id='word_1_709' title='bbox 2375 3298 2595 3353; x_wconf 89' lang='lat' dir='ltr'><strong>prorsus</strong></span> <span class='ocrx_word' id='word_1_710' title='bbox 2615 3292 2756 3337; x_wconf 88' lang='lat' dir='ltr'><strong>esset</strong></span> <span class='ocrx_word' id='word_1_711' title='bbox 2781 3283 2871 3335; x_wconf 92' lang='lat' dir='ltr'><strong>otii</strong></span> <span class='ocrx_word' id='word_1_712' title='bbox 2894 3282 3027 3344; x_wconf 90' lang='lat' dir='ltr'><strong>dies,</strong></span> <span class='ocrx_word' id='word_1_713' title='bbox 3057 3282 3337 3351; x_wconf 78' lang='lat' dir='ltr'><strong>oportebat</strong></span> <span class='ocrx_word' id='word_1_714' title='bbox 3361 3282 3693 3334; x_wconf 87' lang='lat' dir='ltr'><strong>sacerdotem</strong></span> <span class='ocrx_word' id='word_1_715' title='bbox 3720 3280 3962 3331; x_wconf 84' lang='lat' dir='ltr'><strong>omnium</strong></span> 
     </span>
    </p>
   </div>
   <div class='ocr_carea' id='block_1_94' title="bbox 2375 3370 3964 3444">
    <p class='ocr_par' dir='ltr' id='par_1_94' title="bbox 2375 3370 3964 3444">
     <span class='ocr_line' id='line_1_94' title="bbox 2375 3370 3964 3444; baseline -0.005 -15"><span class='ocrx_word' id='word_1_716' title='bbox 2375 3378 2602 3429; x_wconf 84' lang='lat' dir='ltr'><strong>maxime</strong></span> <span class='ocrx_word' id='word_1_717' title='bbox 2628 3376 2793 3427; x_wconf 86' lang='lat' dir='ltr'><strong>otium</strong></span> <span class='ocrx_word' id='word_1_718' title='bbox 2820 3389 2997 3444; x_wconf 85' lang='lat' dir='ltr'><strong>agere.</strong></span> <span class='ocrx_word' id='word_1_719' title='bbox 3026 3372 3282 3440; x_wconf 86' lang='lat' dir='ltr'><strong>Quoniam</strong></span> <span class='ocrx_word' id='word_1_720' title='bbox 3314 3373 3470 3441; x_wconf 90' lang='lat' dir='ltr'><strong>igitur</strong></span> <span class='ocrx_word' id='word_1_721' title='bbox 3497 3370 3665 3423; x_wconf 73' lang='lat' dir='ltr'><strong>Judmi</strong></span> <span class='ocrx_word' id='word_1_722' title='bbox 3707 3385 3964 3437; x_wconf 76' lang='lat' dir='ltr'><strong>Corpora-</strong></span> 
     </span>
    </p>
   </div>
   <div class='ocr_carea' id='block_1_95' title="bbox 2376 3444 3963 3528">
    <p class='ocr_par' dir='ltr' id='par_1_95' title="bbox 2376 3444 3963 3528">
     <span class='ocr_line' id='line_1_95' title="bbox 2376 3444 3963 3528; baseline -0.006 -10"><span class='ocrx_word' id='word_1_723' title='bbox 2376 3466 2503 3518; x_wconf 89' lang='lat' dir='ltr'><strong>lium</strong></span> <span class='ocrx_word' id='word_1_724' title='bbox 2536 3444 2714 3517; x_wconf 72' lang='lat' dir='ltr'><strong>reruni</strong></span> <span class='ocrx_word' id='word_1_725' title='bbox 2742 3467 2881 3517; x_wconf 87' lang='lat' dir='ltr'><strong>curis</strong></span> <span class='ocrx_word' id='word_1_726' title='bbox 2910 3464 3135 3527; x_wconf 86' lang='lat' dir='ltr'><strong>liberati,</strong></span> <span class='ocrx_word' id='word_1_727' title='bbox 3162 3478 3263 3515; x_wconf 86' lang='lat' dir='ltr'><strong>non</strong></span> <span class='ocrx_word' id='word_1_728' title='bbox 3306 3462 3560 3515; x_wconf 85' lang='lat' dir='ltr'><strong>vacabant</strong></span> <span class='ocrx_word' id='word_1_729' title='bbox 3606 3461 3963 3528; x_wconf 80' lang='lat' dir='ltr'><strong>spiritalibus,</strong></span> 
     </span>
    </p>
   </div>
   <div class='ocr_carea' id='block_1_96' title="bbox 2377 3555 3965 3624">
    <p class='ocr_par' dir='ltr' id='par_1_96' title="bbox 2377 3555 3965 3624">
     <span class='ocr_line' id='line_1_96' title="bbox 2377 3555 3965 3624; baseline 0 -15"><span class='ocrx_word' id='word_1_730' title='bbox 2377 3566 2500 3624; x_wconf 90' lang='lat' dir='ltr'><strong>puta</strong></span> <span class='ocrx_word' id='word_1_731' title='bbox 2544 3558 2838 3619; x_wconf 83' lang='lat' dir='ltr'><strong>sobrietati,</strong></span> <span class='ocrx_word' id='word_1_732' title='bbox 2886 3556 3183 3620; x_wconf 73' lang='lat' dir='ltr'><strong>modestizc,</strong></span> <span class='ocrx_word' id='word_1_733' title='bbox 3221 3566 3272 3608; x_wconf 92' lang='lat' dir='ltr'><strong>et</strong></span> <span class='ocrx_word' id='word_1_734' title='bbox 3316 3556 3591 3607; x_wconf 82' lang='lat' dir='ltr'><strong>audiendis</strong></span> <span class='ocrx_word' id='word_1_735' title='bbox 3618 3555 3813 3607; x_wconf 79' lang='lat' dir='ltr'><strong>divinis</strong></span> <span class='ocrx_word' id='word_1_736' title='bbox 3842 3569 3965 3609; x_wconf 81' lang='lat' dir='ltr'><strong>ser-</strong></span> 
     </span>
    </p>
   </div>
   <div class='ocr_carea' id='block_1_97' title="bbox 2377 3644 3965 3714">
    <p class='ocr_par' dir='ltr' id='par_1_97' title="bbox 2377 3644 3965 3714">
     <span class='ocr_line' id='line_1_97' title="bbox 2377 3644 3965 3714; baseline -0.003 -12"><span class='ocrx_word' id='word_1_737' title='bbox 2377 3649 2643 3713; x_wconf 87' lang='lat' dir='ltr'><strong>monibus,</strong></span> <span class='ocrx_word' id='word_1_738' title='bbox 2676 3648 2763 3701; x_wconf 88' lang='lat' dir='ltr'><strong>scd</strong></span> <span class='ocrx_word' id='word_1_739' title='bbox 2794 3648 3116 3701; x_wconf 74' lang='lat' dir='ltr'><strong>centrarium</strong></span> <span class='ocrx_word' id='word_1_740' title='bbox 3146 3648 3317 3714; x_wconf 87' lang='lat' dir='ltr'><strong>potius</strong></span> <span class='ocrx_word' id='word_1_741' title='bbox 3346 3645 3629 3704; x_wconf 81' lang='lat' dir='ltr'><strong>faciebant,</strong></span> <span class='ocrx_word' id='word_1_742' title='bbox 3663 3644 3965 3698; x_wconf 76' lang='lat' dir='ltr'><strong>servientes</strong></span> 
     </span>
    </p>
   </div>
   <div class='ocr_carea' id='block_1_98' title="bbox 2376 3734 3966 3807">
    <p class='ocr_par' dir='ltr' id='par_1_98' title="bbox 2376 3734 3966 3807">
     <span class='ocr_line' id='line_1_98' title="bbox 2376 3734 3966 3807; baseline -0.004 -16"><span class='ocrx_word' id='word_1_743' title='bbox 2376 3740 2567 3804; x_wconf 89' lang='lat' dir='ltr'><strong>ventri,</strong></span> <span class='ocrx_word' id='word_1_744' title='bbox 2602 3740 2932 3807; x_wconf 65' lang='lat' dir='ltr'><strong>indulgentes</strong></span> <span class='ocrx_word' id='word_1_745' title='bbox 2985 3738 3248 3799; x_wconf 87' lang='lat' dir='ltr'><strong>ebrietati,</strong></span> <span class='ocrx_word' id='word_1_746' title='bbox 3280 3735 3495 3789; x_wconf 90' lang='lat' dir='ltr'><strong>distenti</strong></span> <span class='ocrx_word' id='word_1_747' title='bbox 3525 3735 3677 3795; x_wconf 89' lang='lat' dir='ltr'><strong>cibis,</strong></span> <span class='ocrx_word' id='word_1_748' title='bbox 3704 3734 3966 3787; x_wconf 59' lang='lat' dir='ltr'><strong>delician-</strong></span> 
     </span>
    </p>
   </div>
   <div class='ocr_carea' id='block_1_99' title="bbox 2380 3810 3963 3898">
    <p class='ocr_par' dir='ltr' id='par_1_99' title="bbox 2380 3810 3963 3898">
     <span class='ocr_line' id='line_1_99' title="bbox 2380 3810 3963 3898; baseline -0.006 -12"><span class='ocrx_word' id='word_1_749' title='bbox 2380 3845 2490 3896; x_wconf 89' lang='lat' dir='ltr'><strong>tes,</strong></span> <span class='ocrx_word' id='word_1_750' title='bbox 2546 3830 2666 3885; x_wconf 88' lang='lat' dir='ltr'><strong>ideo</strong></span> <span class='ocrx_word' id='word_1_751' title='bbox 2725 3810 2841 3883; x_wconf 79' lang='lat' dir='ltr'><strong>illus</strong></span> <span class='ocrx_word' id='word_1_752' title='bbox 2899 3828 3242 3898; x_wconf 82' lang='lat' dir='ltr'><strong>reprehendit</strong></span> <span class='ocrx_word' id='word_1_753' title='bbox 3295 3827 3572 3897; x_wconf 78' lang='lat' dir='ltr'><strong>PrOphcta.</strong></span> <span class='ocrx_word' id='word_1_754' title='bbox 3624 3826 3762 3879; x_wconf 88' lang='lat' dir='ltr'><strong>Cum</strong></span> <span class='ocrx_word' id='word_1_755' title='bbox 3814 3827 3963 3878; x_wconf 87' lang='lat' dir='ltr'><strong>enim</strong></span> 
     </span>
    </p>
   </div>
   <div class='ocr_carea' id='block_1_100' title="bbox 2378 3916 3968 3989">
    <p class='ocr_par' dir='ltr' id='par_1_100' title="bbox 2378 3916 3968 3989">
     <span class='ocr_line' id='line_1_100' title="bbox 2378 3916 3968 3989; baseline -0.005 -14"><span class='ocrx_word' id='word_1_756' title='bbox 2378 3922 2618 3984; x_wconf 79' lang='lat' dir='ltr'><strong>dixisset,</strong></span> <span class='ocrx_word' id='word_1_757' title='bbox 2653 3918 2739 3973; x_wconf 71' lang='lat' dir='ltr'><strong>Va?</strong></span> <span class='ocrx_word' id='word_1_758' title='bbox 2760 3921 2841 3989; x_wconf 86' lang='lat' dir='ltr'><strong>qui</strong></span> <span class='ocrx_word' id='word_1_759' title='bbox 2870 3920 3043 3972; x_wconf 79' lang='lat' dir='ltr'><strong>venitis</strong></span> <span class='ocrx_word' id='word_1_760' title='bbox 3076 3920 3129 3972; x_wconf 86' lang='lat' dir='ltr'><strong>in</strong></span> <span class='ocrx_word' id='word_1_761' title='bbox 3159 3920 3286 3971; x_wconf 74' lang='lat' dir='ltr'><strong>diem</strong></span> <span class='ocrx_word' id='word_1_762' title='bbox 3314 3919 3501 3971; x_wconf 77' lang='lat' dir='ltr'><strong>malum</strong></span> <span class='ocrx_word' id='word_1_763' title='bbox 3528 3932 3545 3969; x_wconf 92' lang='lat'><strong><em>:</em></strong></span> <span class='ocrx_word' id='word_1_764' title='bbox 3569 3925 3625 3969; x_wconf 90' lang='lat' dir='ltr'><strong>et</strong></span> <span class='ocrx_word' id='word_1_765' title='bbox 3664 3931 3787 3969; x_wconf 90' lang='lat' dir='ltr'><strong>cum</strong></span> <span class='ocrx_word' id='word_1_766' title='bbox 3815 3916 3968 3969; x_wconf 83' lang='lat' dir='ltr'><strong>addi-</strong></span> 
     </span>
    </p>
   </div>
   <div class='ocr_carea' id='block_1_101' title="bbox 2378 4007 3965 4079">
    <p class='ocr_par' dir='ltr' id='par_1_101' title="bbox 2378 4007 3965 4079">
     <span class='ocr_line' id='line_1_101' title="bbox 2378 4007 3965 4079; baseline -0.004 -13"><span class='ocrx_word' id='word_1_767' title='bbox 2378 4012 2565 4077; x_wconf 89' lang='lat' dir='ltr'><strong>disset,</strong></span> <span class='ocrx_word' id='word_1_768' title='bbox 2596 4010 2696 4075; x_wconf 84' lang='lat' dir='ltr'><strong>Qui</strong></span> <span class='ocrx_word' id='word_1_769' title='bbox 2736 4011 2980 4079; x_wconf 80' lang='lat' dir='ltr'><strong>attingiu&#39;s</strong></span> <span class='ocrx_word' id='word_1_770' title='bbox 3021 4009 3225 4061; x_wconf 81' lang='lat' dir='ltr'><strong>sabbata</strong></span> <span class='ocrx_word' id='word_1_771' title='bbox 3269 4008 3547 4067; x_wconf 82' lang='lat' dir='ltr'><strong>mendacia,</strong></span> <span class='ocrx_word' id='word_1_772' title='bbox 3596 4007 3853 4060; x_wconf 88' lang='lat' dir='ltr'><strong>indicavit</strong></span> <span class='ocrx_word' id='word_1_773' title='bbox 3897 4022 3965 4060; x_wconf 79' lang='lat' dir='ltr'><strong>ex</strong></span> 
     </span>
    </p>
   </div>
   <div class='ocr_carea' id='block_1_102' title="bbox 2379 4098 3963 4170">
    <p class='ocr_par' dir='ltr' id='par_1_102' title="bbox 2379 4098 3963 4170">
     <span class='ocr_line' id='line_1_102' title="bbox 2379 4098 3963 4170; baseline -0.004 -15"><span class='ocrx_word' id='word_1_774' title='bbox 2379 4104 2669 4167; x_wconf 88' lang='lat' dir='ltr'><strong>additione,</strong></span> <span class='ocrx_word' id='word_1_775' title='bbox 2701 4117 2806 4170; x_wconf 91' lang='lat' dir='ltr'><strong>quo</strong></span> <span class='ocrx_word' id='word_1_776' title='bbox 2847 4111 3000 4169; x_wconf 88' lang='lat' dir='ltr'><strong>pacto</strong></span> <span class='ocrx_word' id='word_1_777' title='bbox 3046 4099 3319 4153; x_wconf 87' lang='lat' dir='ltr'><strong>mendacia</strong></span> <span class='ocrx_word' id='word_1_778' title='bbox 3368 4098 3469 4151; x_wconf 72' lang='lat' dir='ltr'><strong>illis</strong></span> <span class='ocrx_word' id='word_1_779' title='bbox 3509 4098 3728 4151; x_wconf 86' lang='lat' dir='ltr'><strong>sabbata</strong></span> <span class='ocrx_word' id='word_1_780' title='bbox 3758 4106 3963 4151; x_wconf 87' lang='lat' dir='ltr'><strong>essent.</strong></span> 
     </span>
    </p>
   </div>
   <div class='ocr_carea' id='block_1_103' title="bbox 2380 4189 3964 4264">
    <p class='ocr_par' dir='ltr' id='par_1_103' title="bbox 2380 4189 3964 4264">
     <span class='ocr_line' id='line_1_103' title="bbox 2380 4189 3964 4264; baseline -0.004 -15"><span class='ocrx_word' id='word_1_781' title='bbox 2380 4194 2660 4263; x_wconf 90' lang='lat' dir='ltr'><strong>Quomodo</strong></span> <span class='ocrx_word' id='word_1_782' title='bbox 2692 4195 2849 4264; x_wconf 90' lang='lat' dir='ltr'><strong>igitur</strong></span> <span class='ocrx_word' id='word_1_783' title='bbox 2890 4191 3258 4246; x_wconf 75' lang='lat' dir='ltr'><strong>camtcndacia</strong></span> <span class='ocrx_word' id='word_1_784' title='bbox 3305 4189 3639 4244; x_wconf 84' lang='lat' dir='ltr'><strong>reddebant?</strong></span> <span class='ocrx_word' id='word_1_785' title='bbox 3666 4190 3798 4242; x_wconf 92' lang='lat' dir='ltr'><strong>Dum</strong></span> <span class='ocrx_word' id='word_1_786' title='bbox 3827 4205 3964 4258; x_wconf 82' lang='lat' dir='ltr'><strong>ope-</strong></span> 
     </span>
    </p>
   </div>
   <div class='ocr_carea' id='block_1_104' title="bbox 2378 4282 3964 4357">
    <p class='ocr_par' dir='ltr' id='par_1_104' title="bbox 2378 4282 3964 4357">
     <span class='ocr_line' id='line_1_104' title="bbox 2378 4282 3964 4357; baseline -0.006 -13"><span class='ocrx_word' id='word_1_787' title='bbox 2378 4291 2632 4344; x_wconf 88' lang='lat' dir='ltr'><strong>rabantur</strong></span> <span class='ocrx_word' id='word_1_788' title='bbox 2671 4288 3023 4357; x_wconf 88' lang='lat' dir='ltr'><strong>iniquitatem,</strong></span> <span class='ocrx_word' id='word_1_789' title='bbox 3057 4284 3262 4337; x_wconf 87' lang='lat' dir='ltr'><strong>deliciis</strong></span> <span class='ocrx_word' id='word_1_790' title='bbox 3304 4291 3358 4335; x_wconf 90' lang='lat' dir='ltr'><strong>et</strong></span> <span class='ocrx_word' id='word_1_791' title='bbox 3399 4282 3639 4336; x_wconf 89' lang='lat' dir='ltr'><strong>ebrietati</strong></span> <span class='ocrx_word' id='word_1_792' title='bbox 3681 4290 3964 4346; x_wconf 82' lang='lat' dir='ltr'><strong>vacantes,</strong></span> 
     </span>
    </p>
   </div>
   <div class='ocr_carea' id='block_1_105' title="bbox 2379 4369 3967 4439">
    <p class='ocr_par' dir='ltr' id='par_1_105' title="bbox 2379 4369 3967 4439">
     <span class='ocr_line' id='line_1_105' title="bbox 2379 4369 3967 4439; baseline -0.008 -4"><span class='ocrx_word' id='word_1_793' title='bbox 2379 4391 2433 4435; x_wconf 90' lang='lat' dir='ltr'><strong>ct</strong></span> <span class='ocrx_word' id='word_1_794' title='bbox 2488 4388 2734 4434; x_wconf 81' lang='lat' dir='ltr'><strong>sexcenta</strong></span> <span class='ocrx_word' id='word_1_795' title='bbox 2780 4376 2879 4429; x_wconf 88' lang='lat' dir='ltr'><strong>alia</strong></span> <span class='ocrx_word' id='word_1_796' title='bbox 2936 4373 3228 4427; x_wconf 62' lang='lat' dir='ltr'><strong>foedissima</strong></span> <span class='ocrx_word' id='word_1_797' title='bbox 3284 4378 3668 4439; x_wconf 84' lang='lat' dir='ltr'><strong>perpetrantes.</strong></span> <span class='ocrx_word' id='word_1_798' title='bbox 3710 4369 3869 4438; x_wconf 89' lang='lat' dir='ltr'><strong>Quod</strong></span> <span class='ocrx_word' id='word_1_799' title='bbox 3911 4379 3967 4423; x_wconf 92' lang='lat' dir='ltr'><strong>ut</strong></span> 
     </span>
    </p>
   </div>
   <div class='ocr_carea' id='block_1_106' title="bbox 2380 4462 3966 4535">
    <p class='ocr_par' dir='ltr' id='par_1_106' title="bbox 2380 4462 3966 4535">
     <span class='ocr_line' id='line_1_106' title="bbox 2380 4462 3966 4535; baseline -0.006 -10"><span class='ocrx_word' id='word_1_800' title='bbox 2380 4487 2563 4525; x_wconf 91' lang='lat' dir='ltr'><strong>verum</strong></span> <span class='ocrx_word' id='word_1_801' title='bbox 2619 4483 2740 4523; x_wconf 86' lang='lat' dir='ltr'><strong>esse</strong></span> <span class='ocrx_word' id='word_1_802' title='bbox 2789 4466 3068 4535; x_wconf 85' lang='lat' dir='ltr'><strong>intelligas,</strong></span> <span class='ocrx_word' id='word_1_803' title='bbox 3116 4464 3236 4517; x_wconf 83' lang='lat' dir='ltr'><strong>audi</strong></span> <span class='ocrx_word' id='word_1_804' title='bbox 3284 4479 3403 4533; x_wconf 68' lang='lat' dir='ltr'><strong>qua:</strong></span> <span class='ocrx_word' id='word_1_805' title='bbox 3458 4462 3966 4531; x_wconf 54' lang='lat' dir='ltr'><strong>s~quuntur=quod</strong></span> 
     </span>
    </p>
   </div>
   <div class='ocr_carea' id='block_1_107' title="bbox 2380 4553 3967 4633">
    <p class='ocr_par' dir='ltr' id='par_1_107' title="bbox 2380 4553 3967 4633">
     <span class='ocr_line' id='line_1_107' title="bbox 2380 4553 3967 4633; baseline -0.003 -22"><span class='ocrx_word' id='word_1_806' title='bbox 2380 4579 2479 4633; x_wconf 80' lang='lat' dir='ltr'><strong>ego</strong></span> <span class='ocrx_word' id='word_1_807' title='bbox 2509 4562 2629 4616; x_wconf 86' lang='lat' dir='ltr'><strong>dico</strong></span> <span class='ocrx_word' id='word_1_808' title='bbox 2662 4576 2755 4629; x_wconf 91' lang='lat' dir='ltr'><strong>per</strong></span> <span class='ocrx_word' id='word_1_809' title='bbox 2778 4575 2838 4612; x_wconf 90' lang='lat' dir='ltr'><strong>ea</strong></span> <span class='ocrx_word' id='word_1_810' title='bbox 2870 4558 3087 4615; x_wconf 84' lang='lat' dir='ltr'><strong>indicat,</strong></span> <span class='ocrx_word' id='word_1_811' title='bbox 3112 4573 3227 4625; x_wconf 70' lang='lat' dir='ltr'><strong>ipim</strong></span> <span class='ocrx_word' id='word_1_812' title='bbox 3254 4557 3430 4609; x_wconf 83' lang='lat' dir='ltr'><strong>statim</strong></span> <span class='ocrx_word' id='word_1_813' title='bbox 3460 4554 3700 4621; x_wconf 84' lang='lat' dir='ltr'><strong>adjunxit</strong></span> <span class='ocrx_word' id='word_1_814' title='bbox 3731 4553 3922 4607; x_wconf 88' lang='lat' dir='ltr'><strong>dicens</strong></span> <span class='ocrx_word' id='word_1_815' title='bbox 3953 4572 3967 4607; x_wconf 91' lang='lat'>:</span> 
     </span>
    </p>
   </div>
   <div class='ocr_carea' id='block_1_108' title="bbox 2384 4644 3971 4723">
    <p class='ocr_par' dir='ltr' id='par_1_108' title="bbox 2384 4644 3971 4723">
     <span class='ocr_line' id='line_1_108' title="bbox 2384 4644 3971 4723; baseline -0.006 -15"><span class='ocrx_word' id='word_1_816' title='bbox 2384 4656 2484 4723; x_wconf 82' lang='lat' dir='ltr'><strong>Qui</strong></span> <span class='ocrx_word' id='word_1_817' title='bbox 2510 4654 2738 4707; x_wconf 80' lang='lat' dir='ltr'><strong>dormitis</strong></span> <span class='ocrx_word' id='word_1_818' title='bbox 2779 4656 2828 4705; x_wconf 86' lang='lat' dir='ltr'><strong>in</strong></span> <span class='ocrx_word' id='word_1_819' title='bbox 2877 4650 3013 4703; x_wconf 75' lang='lat' dir='ltr'><strong>lectis</strong></span> <span class='ocrx_word' id='word_1_820' title='bbox 3046 4648 3295 4710; x_wconf 78' lang='lat' dir='ltr'><strong>eburneis,</strong></span> <span class='ocrx_word' id='word_1_821' title='bbox 3338 4663 3397 4698; x_wconf 86' lang='lat' dir='ltr'><strong>ac</strong></span> <span class='ocrx_word' id='word_1_822' title='bbox 3438 4645 3676 4699; x_wconf 75' lang='lat' dir='ltr'><strong>lascivitis</strong></span> <span class='ocrx_word' id='word_1_823' title='bbox 3702 4644 3756 4697; x_wconf 83' lang='lat' dir='ltr'><strong>in</strong></span> <span class='ocrx_word' id='word_1_824' title='bbox 3793 4647 3971 4698; x_wconf 81' lang='lat' dir='ltr'><strong>stratis</strong></span> 
     </span>
    </p>
   </div>
   <div class='ocr_carea' id='block_1_109' title="bbox 2380 4736 3969 4812">
    <p class='ocr_par' dir='ltr' id='par_1_109' title="bbox 2380 4736 3969 4812">
     <span class='ocr_line' id='line_1_109' title="bbox 2380 4736 3969 4812; baseline -0.008 -11"><span class='ocrx_word' id='word_1_825' title='bbox 2380 4748 2572 4801; x_wconf 78' lang='lat' dir='ltr'><strong>vestris.</strong></span> <span class='ocrx_word' id='word_1_826' title='bbox 2609 4747 2706 4812; x_wconf 83' lang='lat' dir='ltr'><strong>Qui</strong></span> <span class='ocrx_word' id='word_1_827' title='bbox 2759 4744 3015 4798; x_wconf 84' lang='lat' dir='ltr'><strong>comeditis</strong></span> <span class='ocrx_word' id='word_1_828' title='bbox 3054 4741 3227 4795; x_wconf 74' lang='lat' dir='ltr'><strong>Itrrdos</strong></span> <span class='ocrx_word' id='word_1_829' title='bbox 3252 4757 3279 4794; x_wconf 85' lang='lat' dir='ltr'><strong>e</strong></span> <span class='ocrx_word' id='word_1_830' title='bbox 3308 4740 3490 4801; x_wconf 80' lang='lat' dir='ltr'><strong>caulis,</strong></span> <span class='ocrx_word' id='word_1_831' title='bbox 3532 4749 3581 4799; x_wconf 79' lang='lat' dir='ltr'><strong>et</strong></span> <span class='ocrx_word' id='word_1_832' title='bbox 3606 4738 3787 4791; x_wconf 70' lang='lat' dir='ltr'><strong>vitulos</strong></span> <span class='ocrx_word' id='word_1_833' title='bbox 3815 4753 3843 4789; x_wconf 87' lang='lat' dir='ltr'><strong>e</strong></span> <span class='ocrx_word' id='word_1_834' title='bbox 3872 4736 3969 4789; x_wconf 63' lang='lat' dir='ltr'><strong>bo.</strong></span> 
     </span>
    </p>
   </div>
   <div class='ocr_carea' id='block_1_110' title="bbox 2381 4828 3968 4902">
    <p class='ocr_par' dir='ltr' id='par_1_110' title="bbox 2381 4828 3968 4902">
     <span class='ocr_line' id='line_1_110' title="bbox 2381 4828 3968 4902; baseline -0.01 -9"><span class='ocrx_word' id='word_1_835' title='bbox 2381 4841 2563 4893; x_wconf 82' lang='lat' dir='ltr'><strong>vilibus</strong></span> <span class='ocrx_word' id='word_1_836' title='bbox 2593 4840 2848 4902; x_wconf 85' lang='lat' dir='ltr'><strong>lactentes,</strong></span> <span class='ocrx_word' id='word_1_837' title='bbox 2880 4836 2965 4902; x_wconf 86' lang='lat' dir='ltr'><strong>qui</strong></span> <span class='ocrx_word' id='word_1_838' title='bbox 2996 4834 3158 4887; x_wconf 82' lang='lat' dir='ltr'><strong>bibitis</strong></span> <span class='ocrx_word' id='word_1_839' title='bbox 3188 4832 3357 4884; x_wconf 80' lang='lat' dir='ltr'><strong>viuum</strong></span> <span class='ocrx_word' id='word_1_840' title='bbox 3399 4830 3719 4898; x_wconf 69' lang='lat' dir='ltr'><strong>defwcatunt,</strong></span> <span class='ocrx_word' id='word_1_841' title='bbox 3763 4844 3822 4879; x_wconf 84' lang='lat' dir='ltr'><strong>ac</strong></span> <span class='ocrx_word' id='word_1_842' title='bbox 3854 4828 3968 4895; x_wconf 80' lang='lat' dir='ltr'><strong>pri-</strong></span> 
     </span>
    </p>
   </div>
   <div class='ocr_carea' id='block_1_111' title="bbox 2382 4919 3971 5000">
    <p class='ocr_par' dir='ltr' id='par_1_111' title="bbox 2382 4919 3971 5000">
     <span class='ocr_line' id='line_1_111' title="bbox 2382 4919 3971 5000; baseline -0.008 -16"><span class='ocrx_word' id='word_1_843' title='bbox 2382 4933 2477 4984; x_wconf 84' lang='lat' dir='ltr'><strong>mis</strong></span> <span class='ocrx_word' id='word_1_844' title='bbox 2524 4930 2789 5000; x_wconf 77' lang='lat' dir='ltr'><strong>unguentis</strong></span> <span class='ocrx_word' id='word_1_845' title='bbox 2828 4926 3076 4996; x_wconf 83' lang='lat' dir='ltr'><strong>ungimiui</strong></span> <span class='ocrx_word' id='word_1_846' title='bbox 3128 4923 3325 4993; x_wconf 82' lang='lat' dir='ltr'><strong>(Amos.</strong></span> <span class='ocrx_word' id='word_1_847' title='bbox 3374 4922 3427 4976; x_wconf 80' lang='lat'><strong>6.</strong></span> <span class='ocrx_word' id='word_1_848' title='bbox 3472 4922 3526 4976; x_wconf 75' lang='grc' dir='ltr'><strong>ι.</strong></span> <span class='ocrx_word' id='word_1_849' title='bbox 3576 4919 3657 4991; x_wconf 76' lang='grc' dir='ltr'><strong>ὃ).</strong></span> <span class='ocrx_word' id='word_1_850' title='bbox 3699 4919 3971 4987; x_wconf 75' lang='lat' dir='ltr'><strong>Aceepisti</strong></span> 
     </span>
    </p>
   </div>
   <div class='ocr_carea' id='block_1_112' title="bbox 2382 5012 3971 5083">
    <p class='ocr_par' dir='ltr' id='par_1_112' title="bbox 2382 5012 3971 5083">
     <span class='ocr_line' id='line_1_112' title="bbox 2382 5012 3971 5083; baseline -0.01 -4"><span class='ocrx_word' id='word_1_851' title='bbox 2382 5025 2681 5083; x_wconf 79' lang='lat' dir='ltr'><strong>Sahhatum,</strong></span> <span class='ocrx_word' id='word_1_852' title='bbox 2711 5030 2770 5074; x_wconf 90' lang='lat' dir='ltr'><strong>ut</strong></span> <span class='ocrx_word' id='word_1_853' title='bbox 2798 5020 3027 5072; x_wconf 85' lang='lat' dir='ltr'><strong>animam</strong></span> <span class='ocrx_word' id='word_1_854' title='bbox 3062 5026 3203 5070; x_wconf 86' lang='lat' dir='ltr'><strong>tuam</strong></span> <span class='ocrx_word' id='word_1_855' title='bbox 3233 5016 3534 5068; x_wconf 85' lang='lat' dir='ltr'><strong>liberarcsa</strong></span> <span class='ocrx_word' id='word_1_856' title='bbox 3557 5012 3735 5065; x_wconf 90' lang='lat' dir='ltr'><strong>vitiis:</strong></span> <span class='ocrx_word' id='word_1_857' title='bbox 3758 5023 3810 5064; x_wconf 91' lang='lat' dir='ltr'><strong>tu</strong></span> <span class='ocrx_word' id='word_1_858' title='bbox 3834 5026 3971 5063; x_wconf 85' lang='lat' dir='ltr'><strong>vero</strong></span> 
     </span>
    </p>
   </div>
   <div class='ocr_carea' id='block_1_113' title="bbox 2384 5100 3971 5183">
    <p class='ocr_par' dir='ltr' id='par_1_113' title="bbox 2384 5100 3971 5183">
     <span class='ocr_line' id='line_1_113' title="bbox 2384 5100 3971 5183; baseline -0.009 -14"><span class='ocrx_word' id='word_1_859' title='bbox 2384 5126 2491 5169; x_wconf 90' lang='lat' dir='ltr'><strong>tum</strong></span> <span class='ocrx_word' id='word_1_860' title='bbox 2524 5114 2689 5183; x_wconf 82' lang='lat' dir='ltr'><strong>magis</strong></span> <span class='ocrx_word' id='word_1_861' title='bbox 2729 5113 2813 5167; x_wconf 89' lang='lat' dir='ltr'><strong>illa</strong></span> <span class='ocrx_word' id='word_1_862' title='bbox 2841 5109 3148 5165; x_wconf 88' lang='lat' dir='ltr'><strong>committis.</strong></span> <span class='ocrx_word' id='word_1_863' title='bbox 3181 5105 3319 5173; x_wconf 91' lang='lat' dir='ltr'><strong>Quid</strong></span> <span class='ocrx_word' id='word_1_864' title='bbox 3350 5106 3489 5158; x_wconf 91' lang='lat' dir='ltr'><strong>enim</strong></span> <span class='ocrx_word' id='word_1_865' title='bbox 3519 5118 3637 5157; x_wconf 89' lang='lat' dir='ltr'><strong>esse</strong></span> <span class='ocrx_word' id='word_1_866' title='bbox 3665 5100 3831 5171; x_wconf 75' lang='lat' dir='ltr'><strong>pOSSii</strong></span> <span class='ocrx_word' id='word_1_867' title='bbox 3862 5102 3971 5155; x_wconf 62' lang='grc' dir='ltr'><strong>ἰδία</strong></span> 
     </span>
    </p>
   </div>
   <div class='ocr_carea' id='block_1_114' title="bbox 2384 5194 3966 5276">
    <p class='ocr_par' dir='ltr' id='par_1_114' title="bbox 2384 5194 3966 5276">
     <span class='ocr_line' id='line_1_114' title="bbox 2384 5194 3966 5276; baseline -0.01 -13"><span class='ocrx_word' id='word_1_868' title='bbox 2384 5208 2604 5263; x_wconf 79' lang='lat' dir='ltr'><strong>mollitie</strong></span> <span class='ocrx_word' id='word_1_869' title='bbox 2648 5205 2893 5276; x_wconf 86' lang='lat' dir='ltr'><strong>nequius,</strong></span> <span class='ocrx_word' id='word_1_870' title='bbox 2938 5218 3094 5271; x_wconf 90' lang='lat' dir='ltr'><strong>quam</strong></span> <span class='ocrx_word' id='word_1_871' title='bbox 3143 5198 3436 5253; x_wconf 90' lang='lat' dir='ltr'><strong>iudormire</strong></span> <span class='ocrx_word' id='word_1_872' title='bbox 3475 5195 3627 5249; x_wconf 91' lang='lat' dir='ltr'><strong>lectis</strong></span> <span class='ocrx_word' id='word_1_873' title='bbox 3669 5194 3966 5249; x_wconf 83' lang='lat' dir='ltr'><strong>eburneis?</strong></span> 
     </span>
    </p>
   </div>
   <div class='ocr_carea' id='block_1_115' title="bbox 2384 5288 3972 5365">
    <p class='ocr_par' dir='ltr' id='par_1_115' title="bbox 2384 5288 3972 5365">
     <span class='ocr_line' id='line_1_115' title="bbox 2384 5288 3972 5365; baseline -0.011 -10"><span class='ocrx_word' id='word_1_874' title='bbox 2384 5302 2513 5355; x_wconf 82' lang='lat' dir='ltr'><strong>Nam</strong></span> <span class='ocrx_word' id='word_1_875' title='bbox 2540 5308 2729 5354; x_wconf 72' lang='lat' dir='ltr'><strong>cauera</strong></span> <span class='ocrx_word' id='word_1_876' title='bbox 2758 5296 2972 5365; x_wconf 87' lang='lat' dir='ltr'><strong>quidem</strong></span> <span class='ocrx_word' id='word_1_877' title='bbox 3006 5301 3221 5362; x_wconf 78' lang='lat' dir='ltr'><strong>peccata</strong></span> <span class='ocrx_word' id='word_1_878' title='bbox 3254 5290 3440 5346; x_wconf 88' lang='lat' dir='ltr'><strong>saltem</strong></span> <span class='ocrx_word' id='word_1_879' title='bbox 3462 5288 3691 5356; x_wconf 87' lang='lat' dir='ltr'><strong>aliquam</strong></span> <span class='ocrx_word' id='word_1_880' title='bbox 3718 5288 3972 5354; x_wconf 79' lang='lat' dir='ltr'><strong>exiguam</strong></span> 
     </span>
    </p>
   </div>
   <div class='ocr_carea' id='block_1_116' title="bbox 2384 5378 3973 5448">
    <p class='ocr_par' dir='ltr' id='par_1_116' title="bbox 2384 5378 3973 5448">
     <span class='ocr_line' id='line_1_116' title="bbox 2384 5378 3973 5448; baseline -0.011 -1"><span class='ocrx_word' id='word_1_881' title='bbox 2384 5391 2791 5447; x_wconf 87' lang='lat' dir='ltr'><strong>delectationem</strong></span> <span class='ocrx_word' id='word_1_882' title='bbox 2840 5387 3056 5448; x_wconf 88' lang='lat' dir='ltr'><strong>habent,</strong></span> <span class='ocrx_word' id='word_1_883' title='bbox 3088 5383 3248 5437; x_wconf 88' lang='lat' dir='ltr'><strong>veluti</strong></span> <span class='ocrx_word' id='word_1_884' title='bbox 3282 5378 3612 5437; x_wconf 83' lang='lat' dir='ltr'><strong>temulentia,</strong></span> <span class='ocrx_word' id='word_1_885' title='bbox 3658 5378 3879 5431; x_wconf 82' lang='lat' dir='ltr'><strong>avaritia</strong></span> <span class='ocrx_word' id='word_1_886' title='bbox 3919 5389 3973 5431; x_wconf 86' lang='lat' dir='ltr'><strong>et</strong></span> 
     </span>
    </p>
   </div>
   <div class='ocr_carea' id='block_1_117' title="bbox 2384 5469 3974 5539">
    <p class='ocr_par' dir='ltr' id='par_1_117' title="bbox 2384 5469 3974 5539">
     <span class='ocr_line' id='line_1_117' title="bbox 2384 5469 3974 5539; baseline -0.013 0"><span class='ocrx_word' id='word_1_887' title='bbox 2384 5484 2591 5539; x_wconf 72' lang='lat' dir='ltr'><strong>luxuria</strong></span> <span class='ocrx_word' id='word_1_888' title='bbox 2627 5491 2917 5535; x_wconf 73' lang='lat' dir='ltr'><strong>:czcterum</strong></span> <span class='ocrx_word' id='word_1_889' title='bbox 2949 5478 2999 5531; x_wconf 91' lang='lat' dir='ltr'><strong>in</strong></span> <span class='ocrx_word' id='word_1_890' title='bbox 3033 5469 3187 5530; x_wconf 77' lang='lat' dir='ltr'><strong>lectis</strong></span> <span class='ocrx_word' id='word_1_891' title='bbox 3213 5471 3466 5527; x_wconf 91' lang='lat' dir='ltr'><strong>eburneis</strong></span> <span class='ocrx_word' id='word_1_892' title='bbox 3505 5471 3765 5535; x_wconf 86' lang='lat' dir='ltr'><strong>dormire,</strong></span> <span class='ocrx_word' id='word_1_893' title='bbox 3810 5486 3974 5530; x_wconf 77' lang='lat' dir='ltr'><strong>quam</strong></span> 
     </span>
    </p>
   </div>
   <div class='ocr_carea' id='block_1_118' title="bbox 2385 5560 3973 5641">
    <p class='ocr_par' dir='ltr' id='par_1_118' title="bbox 2385 5560 3973 5641">
     <span class='ocr_line' id='line_1_118' title="bbox 2385 5560 3973 5641; baseline -0.009 -13"><span class='ocrx_word' id='word_1_894' title='bbox 2385 5577 2537 5629; x_wconf 82' lang='lat' dir='ltr'><strong>all&#39;crt</strong></span> <span class='ocrx_word' id='word_1_895' title='bbox 2580 5571 2942 5641; x_wconf 84' lang='lat' dir='ltr'><strong>voluptatem?</strong></span> <span class='ocrx_word' id='word_1_896' title='bbox 2989 5566 3133 5637; x_wconf 86' lang='lat' dir='ltr'><strong>quod</strong></span> <span class='ocrx_word' id='word_1_897' title='bbox 3180 5561 3467 5638; x_wconf 68' lang='lat' dir='ltr'><strong>solatium?</strong></span> <span class='ocrx_word' id='word_1_898' title='bbox 3508 5561 3642 5615; x_wconf 84' lang='lat' dir='ltr'><strong>Num</strong></span> <span class='ocrx_word' id='word_1_899' title='bbox 3696 5561 3826 5615; x_wconf 75' lang='lat' dir='ltr'><strong>loeti</strong></span> <span class='ocrx_word' id='word_1_900' title='bbox 3868 5560 3973 5629; x_wconf 88' lang='lat' dir='ltr'><strong>pul-</strong></span> 
     </span>
    </p>
   </div>
   <div class='ocr_carea' id='block_1_119' title="bbox 2385 5653 3976 5723">
    <p class='ocr_par' dir='ltr' id='par_1_119' title="bbox 2385 5653 3976 5723">
     <span class='ocr_line' id='line_1_119' title="bbox 2385 5653 3976 5723; baseline -0.011 0"><span class='ocrx_word' id='word_1_901' title='bbox 2385 5666 2628 5723; x_wconf 82' lang='lat' dir='ltr'><strong>chritudo</strong></span> <span class='ocrx_word' id='word_1_902' title='bbox 2657 5665 2829 5719; x_wconf 89' lang='lat' dir='ltr'><strong>reddit</strong></span> <span class='ocrx_word' id='word_1_903' title='bbox 2871 5663 3021 5715; x_wconf 85' lang='lat' dir='ltr'><strong>nobis</strong></span> <span class='ocrx_word' id='word_1_904' title='bbox 3047 5675 3290 5713; x_wconf 89' lang='lat' dir='ltr'><strong>somnum</strong></span> <span class='ocrx_word' id='word_1_905' title='bbox 3317 5655 3618 5712; x_wconf 81' lang='lat' dir='ltr'><strong>suaviorem</strong></span> <span class='ocrx_word' id='word_1_906' title='bbox 3646 5653 3976 5707; x_wconf 59' lang='lat' dir='ltr'><strong>duiciorem.</strong></span> 
     </span>
    </p>
   </div>
   <div class='ocr_carea' id='block_1_120' title="bbox 2386 5741 3977 5833">
    <p class='ocr_par' dir='ltr' id='par_1_120' title="bbox 2386 5741 3977 5833">
     <span class='ocr_line' id='line_1_120' title="bbox 2386 5741 3977 5833; baseline -0.012 -20"><span class='ocrx_word' id='word_1_907' title='bbox 2386 5780 2489 5833; x_wconf 76' lang='lat' dir='ltr'><strong>quc</strong></span> <span class='ocrx_word' id='word_1_908' title='bbox 2514 5764 2534 5815; x_wconf 70' lang='grc' dir='ltr'><strong>’ἶ</strong></span> <span class='ocrx_word' id='word_1_909' title='bbox 2569 5761 2676 5814; x_wconf 89' lang='lat' dir='ltr'><strong>ltno</strong></span> <span class='ocrx_word' id='word_1_910' title='bbox 2708 5758 3076 5829; x_wconf 81' lang='lat' dir='ltr'><strong>gravissimum</strong></span> <span class='ocrx_word' id='word_1_911' title='bbox 3117 5762 3199 5807; x_wconf 87' lang='lat' dir='ltr'><strong>est</strong></span> <span class='ocrx_word' id='word_1_912' title='bbox 3240 5748 3369 5807; x_wconf 84' lang='lat' dir='ltr'><strong>illud</strong></span> <span class='ocrx_word' id='word_1_913' title='bbox 3404 5741 3977 5815; x_wconf 68' lang='lat' dir='ltr'><strong>utolcstissiutumquc,</strong></span> 
     </span>
    </p>
   </div>
  </div>
