4160 6324
261 373 360 432 οτι

262 487 350 560 τῷ
375 486 602 550 πυλῶνι,
632 487 747 540 ἀλλ’
773 485 878 540 οὐδ’
904 485 1062 541 ἀλλον
1093 485 1216 540 τινὰ
1250 487 1420 555 ἡλέει,
1452 487 1616 549 αὐτὸς
1643 485 1849 546 ἐκεῖνος

262 577 426 630 τοῦτο
456 575 678 640 ἔδειξεν.
710 577 772 628 EE
794 577 902 648 γὰρ
925 575 1018 629 τὸν
1046 575 1104 630 ἐν
1131 575 1210 645 τῷ
1244 574 1450 628 πυλῶνι
1473 571 1734 644 διηνεκῶς
1761 573 1851 642 ἐρ-

216 679 235 686 ”
266 664 558 735 ριμμένον,
582 665 680 718 καὶ
709 664 814 736 πρὸ
862 663 972 717 τῶν
1003 663 1300 734 ὀφθαλμῶν
1333 662 1614 732 κείμενον,
1644 659 1702 712 6v
1727 657 1850 712 καθ’

264 749 508 820 ἑκάστην
531 750 768 822 ἡμέραν,
799 752 892 804 καὶ
911 751 1080 818 ἀπαξ,
1121 751 1216 804 καὶ
1253 751 1357 815 δίς,
1394 749 1489 802 καὶ
1524 746 1816 807 πλεονάκις
1835 781 1850 807 ,

263 837 404 907 ὁρᾷν
433 837 777 906 ἠναγκάζετο
809 836 994 890 εἰσιὼν
1026 838 1120 892 καὶ
1146 835 1332 900 ἐξιών·
1358 835 1420 888 οὐ
1436 833 1552 906 γὰρ
1582 833 1640 885 ἐν
1670 829 1852 900 ἀμφό-

261 923 366 993 δῳ,
409 925 517 978 οὐδ’
548 927 606 978 ἐν
655 925 884 997 κρυπτῷ
917 928 1010 982 καὶ
1058 925 1321 996 στενωπῷ
1367 923 1654 978 κατέκειτο
1679 921 1852 987 τόπῳ,

262 1014 386 1069 ἀλλ’
433 1014 562 1071 ἔνθα
619 1020 864 1087 συνεχεῖς
883 1017 1010 1080 ’16:;
1066 1017 1303 1079 εἰσόδους
1357 1015 1450 1068 καὶ
1503 1014 1603 1077 τὰς
1642 1010 1855 1076 ἐξόδους

264 1103 595 1175 ποιούμενος
621 1108 649 1158 6
671 1106 942 1171 πλούσιος,
969 1106 1120 1160 ἄκων
1155 1105 1317 1158 αὐτὸν
1335 1105 1467 1174 ὁρᾷν
1489 1099 1850 1173 ἠναγκάζετο·

261 1196 319 1248 εί
355 1196 534 1251 τοίνυν
557 1196 748 1250 τοῦτον
776 1199 876 1251 οὐκ
905 1199 1127 1270 ἡλέησε,
1163 1198 1255 1250 τὸν
1281 1199 1338 1250 ἐν
1361 1194 1603 1265 τοσούτῳ
1631 1189 1854 1265 χαλεπῷ

262 1283 432 1337 πάθει
459 1285 875 1356 κατακείμενον,
926 1285 1022 1339 καὶ¹
1061 1286 1267 1357 ἀπορίᾳ
1300 1286 1538 1358 τοσαύτῃ
1575 1282 1852 1348 συζῶντα,

268 1371 476 1443 μᾶλλον
497 1372 555 1426 δὲ
586 1373 676 1425 διά
720 1374 921 1438 παντὸς
953 1374 1049 1440 τοῦ
1094 1375 1209 1444 βίου
1249 1374 1533 1445 ἀρρωστίᾳ
1578 1373 1857 1426 ταλαιπω-

267 1459 492 1531 ροῦντα,
517 1462 611 1514 καὶ
637 1461 920 1534 ἀρρωστίᾳ
942 1462 1322 1535 χαλεπωτάτῃ·
1341 1463 1478 1532 πρὸς
1507 1462 1629 1516 τίνα
1655 1461 1723 1516 ἂν
1745 1461 1855 1515 τῶν

262 1547 709 1619 ἐντυγχανόντων
731 1549 1061 1620 ἐπεκάμφθη
1084 1551 1216 1602 ποτέ
1233 1569 1246 1616 ;
1271 1551 1382 1604 Καὶ
1396 1550 1504 1621 γὰρ
1520 1551 1600 1614 είς
1615 1549 1713 1621 τὴν
1731 1564 1859 1622 προ-

263 1636 438 1708 τέραν
470 1638 686 1709 ἡμέραν
717 1639 1060 1710 παρέδραμε,
1091 1639 1190 1710 τὴν
1232 1639 1491 1710 δευτέραν
1524 1638 1671 1703 εἰκὸς
1700 1634 1768 1710 ἦν
1800 1655 1856 1692 τι

267 1725 487 1779 παθεῖν·
511 1728 560 1778 εί
584 1726 641 1779 δὲ
667 1727 762 1781 καὶ
793 1729 853 1780 ἐν
881 1728 1050 1799 ταύτῃ
1071 1728 1346 1800 παρεῖδεν,
1367 1727 1502 1782 ἀλλά
1523 1729 1622 1799 τὴν
1641 1728 1854 1799 τρίτην,

267 1815 305 1886 ἦ
341 1814 440 1886 τὴν
468 1816 771 1887 τετάρτην,
809 1815 841 1886 ἢ
891 1815 990 1886 τὴν
1018 1818 1136 1887 μετ’
1164 1817 1402 1886 ἐκείνην,
1431 1816 1652 1880 πάντως
1693 1817 1856 1873 αὐτὸν

265 1908 688 1978 ἐπικαμφθῆναι
709 1907 835 1973 ἔδει,
860 1909 954 1962 καὶ
978 1910 1026 1961 εί
1047 1907 1155 1960 τῶν
1179 1907 1381 1979 θηρίων
1407 1907 1742 1979 ἀγριώτερος
1763 1903 1854 1979 ἦν.

264 1995 416 2048 Ἀλλ’
441 1996 592 2049 οὐδὲν
631 1995 802 2048 έπαθε
825 1995 1084 2048 τοιοῦτον·
1116 1995 1253 2050 ἀλλά
1286 1997 1379 2050 καὶ
1412 1997 1622 2050 ἐκείνου
1649 1996 1744 2050 τοῦ
1776 1996 1856 2050 δι-

265 2082 501 2146 καστοῦ,
523 2081 618 2136 τοῦ
646 2085 782 2154 μήτε
813 2083 908 2136 τὸν
934 2083 1067 2138 Θεὸν
1089 2083 1450 2151 φοϐουμένου,
1485 2086 1623 2155 μήτε
1652 2083 1859 2156 ἀνθρώ-

266 2188 411 2236 πους
429 2170 750 2242 αἰδουμένου
782 2173 874 2226 καὶ
897 2170 1232 2246 ἰταμώτερος
1254 2173 1354 2226 καὶ
1375 2171 1647 2242 ἀπηνέστε
1656 2189 1748 2243 ρος
1773 2171 1859 2240 γέ-

265 2276 452 2329 γονεν.
479 2261 719 2314 Ἐκεῖνον
752 2260 850 2331 μὲν
882 2260 992 2332 γὰρ
1032 2262 1065 2330 ἡ
1101 2261 1203 2330 τῆς
1247 2261 1420 2331 χήρας
1455 2260 1727 2330 συνέχεια,
1763 2261 1858 2314 καὶ

263 2347 446 2402 ταῦτα
473 2349 624 2420 ὠμὸν
643 2349 770 2402 ὄντα
795 2349 886 2402 καὶ
912 2349 1120 2419 ἀγριον,
1136 2347 1318 2402 δοῦναι
1345 2348 1444 2418 τὴν
1464 2349 1624 2418 χάριν
1647 2348 1855 2411 ἔπεισε,

267 2437 372 2492 καὶ
392 2437 526 2508 πρὸς
540 2436 640 2508 τὴν
672 2436 951 2508 ἱκετηρίαν
969 2436 1143 2492 ἐπέκα
1153 2437 1280 2506 μψε·
1298 2436 1486 2490 τοῦτον
1499 2437 1554 2490 δὲ
1571 2437 1690 2489 οὐδέ
1705 2435 1786 2507 [71
1800 2435 1856 2506 6]

265 2527 434 2582 τοῦτο
463 2527 682 2598 ἴσχυσεν
706 2525 1019 2595 ἐπικάμψαι
1047 2524 1185 2596 πρὸς
1200 2524 1299 2594 τὴν
1327 2524 1422 2577 τοῦ
1455 2525 1684 2595 πένητος
1706 2523 1857 2576 ἀντί-

266 2614 458 2686 ληψιν·
501 2614 678 2668 καίτοι
705 2629 767 2682 γε
806 2614 907 2666 οὐκ
957 2612 1046 2682 ἴση
1087 2607 1154 2682 ἦν
1194 2613 1226 2680 ἡ
1268 2610 1505 2680 αἴτησις,
1563 2611 1676 2664 ἀλλ’
1716 2610 1858 2681 αὐτη

265 2704 456 2775 πολλῷ
493 2703 838 2773 εὐκολωτέρα
868 2702 964 2754 καὶ
995 2701 1326 2774 δικαιοτέρα.
1355 2702 1419 2755 Ἠ
1455 2703 1553 2772 μὲν
1586 2703 1696 2772 γὰρ
1716 2701 1858 2755 κατά

263 2795 383 2848 τῶν
413 2793 623 2866 ἐχθρῶν
649 2792 809 2845 αὐτὸν
855 2790 1187 2860 παρεκάλει,
1229 2782 1385 2853 οὗτος
1416 2791 1472 2842 δὲ
1509 2790 1660 2859 ὴξίου
1698 2789 1859 2843 λῦσαι

263 2883 452 2962 λιμὸν.
478 2882 574 2934 καὶ
607 2882 682 2952 μὴ
727 2879 990 2950 περιιδεῖν
1019 2877 1399 2962 ἀπολλύμενον
1419 2894 1432 2907 ·
1486 2879 1711 2948 κάκείνη
1758 2878 1858 2950 μὲν

261 2959 504 3042 ἧνὼχλει
531 2965 944 3041 παρακαλοῦσα,
967 2959 1124 3042 οὗτος
1148 2965 1204 3019 δέ
1233 2964 1495 3030 πολλάκις
1530 2967 1627 3036 τῆς
1647 2969 1860 3042 ἡμέρας

265 3037 530 3129 ἐφαίνετο
554 3037 631 3127 τῶ
669 3054 908 3125 πλουσίῳ
945 3038 1072 3125 σιγῇ
1113 3052 1386 3123 κείμενος·
1443 3053 1576 3107 πολύ
1611 3053 1667 3106 δὲ
1701 3037 1860 3108 τούτο

266 3147 461 3202 ίκανδν
489 3143 724 3216 μαλάξαι
756 3141 956 3208 μᾶλλον
1014 3141 1109 3194 καὶ
1172 3139 1382 3210 λιθίνην
1441 3141 1700 3195 διάνοιαν.
1742 3144 1859 3195 Ἐν-

266 3234 590 3306 οχλούμενοι
613 3231 722 3301 γὰρ
745 3228 1003 3290 πολλάκις
1037 3228 1132 3280 καὶ
1174 3227 1614 3299 παροξυνόμεθα·
1648 3229 1775 3282 ὅταν
1805 3229 1860 3281 δὲ

265 3323 402 3379 τοὺς
439 3319 728 3390 δεομένους
777 3316 1031 3387 βοηθείας
1070 3315 1268 3380 ἴδωμεν
1315 3318 1440 3385 σιγῇ
1498 3315 1665 3384 πολλῇ
1721 3333 1861 3385 παρ-

267 3410 538 3472 εστῶτας.
557 3401 650 3461 καὶ
682 3405 847 3477 μηδὲν
871 3401 1300 3473 φθεγγομένους,
1328 3402 1440 3454 ἀλλ’
1459 3404 1861 3473 ἀποτυγχάνον-

267 3518 376 3563 τας
400 3499 500 3570 μὲν
527 3497 636 3559 ἀεὶ,
675 3495 749 3566 μὴ
772 3493 1225 3567 δυσχεραίνοντας
1251 3493 1329 3554 δὲ,
1350 3492 1485 3546 ἀλλά
1515 3497 1640 3564 σιγῇ
1676 3511 1862 3562 φαινο-

272 3589 477 3659 μένους
534 3586 692 3657 μόνον
737 3585 906 3654 ἡμῖν,
953 3581 1057 3634 κᾶν
1113 3580 1457 3634 αὐτῶν’τῶν
1499 3580 1661 3634 λίθων
1710 3577 1861 3650 ὦμεν

271 3676 739 3748 ἀναισθητότεροι,
778 3670 877 3744 τὴν
911 3669 1220 3741 ὑπερϐολὴν
1249 3669 1349 3738 τῆς
1377 3672 1680 3735 ἐπιεικείας
1720 3674 1863 3726 αἰδε-

272 3765 500 3828 σθέντες
551 3757 1081 3830 κατακαμπτόμεθα.
1129 3759 1242 3810 Καὶ
1290 3757 1479 3829 ἕτερον
1516 3759 1574 3812 δέ
1621 3778 1675 3814 τι
1726 3762 1862 3832 πρὸς

271 3853 487 3920 τούτοις
516 3850 719 3905 τούτων
745 3848 846 3901 οὐκ
861 3881 866 3886 -
881 3847 1102 3900 ἔλαττον
1121 3842 1211 3918 ἦν,
1232 3847 1293 3900 16
1313 3849 1407 3901 καὶ⁵
1423 3849 1524 3920 τὴν
1543 3849 1666 3918 ὄψιν
1693 3851 1862 3922 αὐτὴν

270 3943 516 4012 ἐλεεινὴν
579 3934 718 3992 εἶναι
766 3934 858 3990 τοῦ
913 3935 1179 4006 πένητος,
1226 3923 1370 4007 λιμῷ
1429 3937 1522 3990 καὶ
1577 3938 1863 4011 ἀρρωστία

274 4029 469 4102 μακρᾷ
488 4026 983 4098 κατεργασθεῖσαν.
1016 4023 1157 4078 Ἀλλ’
1179 4024 1330 4094 ὅμως
1361 4025 1514 4080 οὐδὲν
1545 4027 1750 4080 τούτων
1772 4029 1864 4082 τὸν

265 4119 378 4186 ἀνὴ
388 4134 452 4187 με
463 4133 552 4187 ρον
581 4116 789 4168 ἐκεῖνον
819 4112 1082 4182 ἐμάλαξε.

349 4229 414 4294 ζ’.
433 4226 630 4299 Πρώτη
665 4229 761 4297 μὲν
782 4223 874 4280 οὖν
896 4227 1065 4281 κακία
1092 4225 1231 4296 αὐτη
1251 4225 1554 4296 ὠμότητος,
1580 4230 1674 4279 καὶ
1695 4228 1862 4280 ἀπανν

269 4318 494 4392 θρωπία
527 4315 830 4389 ὑπερϐολὴν
860 4318 960 4370 οὐκ
990 4316 1203 4387 ἔχουσα.
1234 4318 1306 4371 υύ
1342 4317 1452 4389 γάρ
1480 4319 1626 4370 ἐστιν
1660 4317 1772 4370 ἴσον
1805 4319 1861 4370 ἐν

268 4407 440 4479 πενίᾳ
486 4405 664 4469 ζῶντα
703 4404 778 4475 μὴ
811 4404 1028 4476 βοηθεῖν
1069 4407 1180 4469 τοῖς
1208 4406 1506 4477 δεομένοις,
1551 4406 1641 4459 καὶ
1674 4405 1863 4458 τοσαύ-

266 4513 376 4566 της
417 4492 758 4547 ἀπολαύοντα
797 4493 1030 4563 τρυφῆς,
1069 4491 1214 4562 λιμῷ
1254 4495 1594 4564 τηκομένους
1642 4494 1863 4563 ἐτέρους

268 4585 563 4656 περιορᾷν.
618 4582 788 4637 Πάλιν
839 4583 939 4635 οὐκ
995 4581 1139 4635 ἔστιν
1190 4583 1320 4649 ἴσον,
1351 4583 1499 4647 ἅπαξ
1541 4583 1572 4655 ἢ
1610 4583 1862 4654 δεύτερον

274 4673 454 4728 ἰδόντα
479 4670 712 4741 πτωχὸν,
749 4659 1148 4740 παραδραμεῖν,
1186 4671 1279 4721 καὶ
1313 4670 1432 4722 καθ’
1463 4672 1700 4741 ἑκάστην
1729 4670 1866 4742 ἡμέ-

274 4777 381 4836 ραν
414 4759 674 4832 βλέποντα
712 4758 847 4829 μηδὲ
874 4759 979 4810 ὐπὺ
1009 4759 1109 4830 τῆς
1134 4757 1272 4811 κατά
1306 4759 1402 4828 τὴν
1431 4759 1554 4828 ὄψιν
1584 4760 1866 4829 συνεχείας

271 4848 416 4920 πρὸς
457 4847 547 4901 τὸν
583 4847 730 4901 ἔλεον
771 4847 866 4900 καὶ
904 4846 1004 4918 τὴν
1055 4845 1467 4917 φιλανθρωπίαν
1511 4848 1864 4919 διαναστῆναι

267 4936 504 5007 1ιταύτην.
534 4937 703 4991 Πάλιν
736 4937 836 4989 οὐκ
864 4936 1011 4988 ἐστιν
1044 4935 1156 4988 ἴσον
1193 4938 1249 4988 ἐν
1280 4940 1585 5007 συμφοραῖς
1613 4939 1739 4990 ὅντα
1771 4939 1866 4992 καὶ

269 5027 538 5099 ἀθυμίαις
569 5027 664 5080 καὶ
696 5026 884 5089 κακῶς
909 5026 1007 5096 τὴν
1039 5026 1217 5097 ψυχὴν
1246 5026 1589 5097 διακείμενον
1626 5028 1700 5099 μὴ
1737 5029 1866 5099 βοη-

273 5117 396 5172 θεῖν
438 5118 549 5180 τοῖς
579 5115 826 5185 πλησίον,
865 5116 959 5168 καὶ
987 5114 1256 5182 τοσαύτης
1288 5115 1632 5169 ἀπολαύοντα
1667 5119 1867 5188 εὐφρο-

277 5203 450 5275 σύνης
492 5204 585 5257 καὶ
634 5203 912 5273 διηνεκοῦς
964 5203 1290 5273 εὐπραγίας,
1339 5203 1482 5274 λιμῶ
1531 5205 1867 5276 τηκομένους

274 5297 504 5368 ἑτέρους
535 5297 818 5367 περιορᾷν,
859 5295 952 5347 καὶ
981 5297 1304 5348 ἀποκλεῖσαι
1343 5297 1411 5350 τά
1435 5298 1739 5367 σπλάγχνα,
1773 5299 1868 5352 καὶ

279 5385 420 5460 μηδὲ
464 5385 569 5438 ὐπὸ
601 5385 698 5454 τῆς
733 5385 906 5454 χαρᾶς
936 5384 1106 5452 αὐτῆς
1150 5384 1400 5447 γενέσθαι
1438 5385 1871 5460 φιλανθρωπότε-

276 5493 397 5548 ρον.
432 5475 577 5527 Ἰστε
611 5471 720 5543 γὰρ
749 5473 917 5543 δήπου
961 5472 1140 5537 τοῦτο,
1168 5473 1248 5526 ὅτι
1289 5472 1390 5526 κᾶν
1423 5474 1679 5528 ἁπάντων
1717 5471 1869 5546 ὦμεν

270 5560 628 5633 ἀγριώτεροι,
659 5563 775 5624 ταῖς
808 5560 1135 5628 εὐπραγίαις
1161 5561 1503 5632 ἡμερώτεροι
1531 5565 1870 5635 καὶχρηστό-

269 5665 428 5720 τεροι
470 5646 796 5717 πεφύκαμεν
849 5647 1114 5715 γίνεσθαι.
1165 5648 1287 5701 Ἀλλ
1343 5650 1551 5714 ἐκεῖνος
1599 5653 1718 5706 οὐδὲ
1765 5655 1870 5708 ὐπὸ

268 5740 380 5814 τῆς
408 5740 710 5812 εὐημερίας
748 5740 973 5808 βελτίων
1009 5742 1242 5810 ἐγένετο,
1277 5743 1392 5798 ἀλλ’
1415 5744 1605 5813 ἔμενεν
1639 5750 1867 5823 ἐκτεθη-

1467 356 1559 411 DE
1595 352 1878 411 LAZARO
1917 344 2168 411 CONCIO
2192 354 2244 413 J.

3436 369 3540 424 972

1960 487 2244 558 ριωμένος,
2279 488 2480 557 μᾶλλον
2507 490 2564 543 δὲ
2591 492 2687 544 καὶ
2709 490 2898 563 θηρίου
2931 487 3127 550 παντὸς
3155 487 3414 557 ὡμότητα
3443 488 3540 540 καὶ

1955 574 2350 646 ἀπανθρωπίαν
2376 579 2489 640 τοῖς
2523 578 2749 649 τρόποις
2777 577 3112 647 ἀπέκρυψεν.
3162 575 3302 630 Ἀλλ’
3334 577 3482 643 ὅμως
3510 577 3539 626 6

1961 663 2059 732 μὲν
2084 664 2142 715 ἐν
2165 665 2402 736 πονηρίᾳ
2425 664 2532 729 ζῶν
2555 665 2650 719 καὶ
2670 665 3036 736 ἀπανθρωπίᾳ
3059 663 3239 734 πάσης
3259 663 3556 733 ἀπὴλαυεν

1958 750 2286 820 εὐπραγίας.
2317 754 2345 805 6
2371 751 2428 805 δὲ
2455 753 2664 816 δίκαιος
2684 753 2779 804 καὶ
2802 753 3000 824 ἀρετῆς
3028 750 3456 822 ἐπιμελούμενος
3480 750 3540 800 ἐν

1957 838 2206 909 ἐσχάτοις
2246 831 2316 907 ἦν
2339 842 2546 904 κακοῖς.
2580 841 2703 893 ’Ότι
2735 839 2843 911 γὰρ
2879 840 3085 902 δίκαιος
3113 841 3142 892 6
3169 839 3420 910 Λάζαρος
3446 832 3538 908 ἦν.

1958 926 2123 980 πάλιν
2168 913 2264 979 καὶ
2299 927 2532 980 ἐνταῦθα
2577 928 2638 980 16
2677 928 2830 991 τέλος
2863 926 3132 992 ἀπέδειξε,
3171 927 3264 978 καὶ
3300 923 3407 994 πρὸ
3443 922 3538 976 τοῦ

1956 1013 2144 1076 τέλους
2171 1073 2176 1078 ,
2199 1011 2340 1086 αὐτὴ
2380 1017 2414 1086 ἡ
2455 1014 2598 1068 κατά
2639 1015 2738 1086 τὴν
2776 1015 2966 1069 πενίαν
3002 1015 3271 1084 ὐπομονὴ.
3299 1008 3444 1082 Ἆρα
3476 1009 3539 1062 οὐ

1957 1103 2167 1157 δοκεῖτε
2206 1104 2346 1156 αὐτά
2377 1104 2621 1175 παρόντα
2657 1104 2728 1157 16
2765 1105 3068 1172 πράγματα
3111 1104 3283 1173 ὁρᾷν;
3316 1101 3540 1170 Πλὴρης

1957 1191 2036 1263 τῷ
2070 1191 2310 1262 πλουσίῳ
2344 1194 2377 1263 ἡ
2408 1192 2540 1256 ναῦς
2567 1191 2668 1262 τῆς
2707 1192 2977 1264 ἐμπορίας
3018 1187 3107 1260 ἦν,
3137 1191 3231 1244 καὶ
3261 1190 3322 1254 ἐξ
3351 1187 3541 1259 οὐρίας

1959 1281 2130 1335 ἔπλει.
2177 1279 2337 1334 Ἀλλὰ
2371 1280 2446 1350 μὴ
2481 1280 2816 1350 θαυμάσητε·
2844 1282 2924 1344 είς
2949 1280 3208 1346 ναυάγιον
3235 1277 3344 1348 γὰρ
3377 1275 3542 1346 ἡπεί-

1959 1386 2106 1438 γετο,
2137 1368 2324 1438 ἐπειδὴ
2360 1368 2452 1421 τὸν
2487 1368 2684 1438 φόρτον
2713 1368 2813 1422 οὐκ
2844 1367 3076 1437 ἠθέλησε
3111 1365 3389 1419 διαθέσθαι
3422 1365 3541 1433 μετ’

1958 1457 2266 1522 εὐλαϐείας.
2293 1455 2483 1509 Βούλει
2513 1468 2595 1509 σοι
2622 1457 2715 1510 καὶ
2739 1457 2934 1528 ἑτέραν
2961 1456 3100 1509 είπω
3124 1453 3323 1508 κακίαν
3343 1451 3539 1514 αὐτοῦς

1959 1548 2033 1602 T6
2068 1548 2190 1601 καθ’
2216 1547 2454 1616 ἑκάστην
2483 1545 2697 1618 ἡμέραν
2716 1548 2928 1618 τρυφᾷν
2957 1545 3149 1607 ἀδεῶς.
3169 1544 3286 1599 Καὶ
3310 1542 3420 1612 γὰρ
3447 1542 3542 1594 καὶ

1958 1635 2119 1690 τοῦτο
2144 1637 2312 1690 κακία
2337 1619 2562 1707 ἐσχάτη,
2591 1636 2712 1706 οὐχὶ
2733 1635 2848 1702 νῦν,
2870 1636 2958 1688 ὅτε
2987 1633 3256 1702 τοσαύτην
3277 1629 3540 1684 ἀπαιτού-

1964 1723 2102 1795 μεθα
2132 1723 2469 1792 φιλοσοφίαν,
2500 1723 2635 1777 ἀλλὰ
2655 1723 2751 1776 καὶ
2774 1725 2832 1775 ἐν
2859 1723 3000 1793 ἀρχῇ
3028 1723 3119 1774 ἐπὶ
3146 1721 3245 1790 τῆς
3274 1719 3538 1782 Παλαιᾶς,

1959 1812 2049 1865 ὅτε
2089 1814 2151 1865 οὐ
2189 1811 2460 1882 τοσαύτης
2507 1803 2826 1882 φιλοσοφίας
2864 1809 3121 1874 ἐπίδειξις
3155 1805 3242 1878 ἦν.
3277 1809 3541 1860 Ἀκουσον

1959 1900 2091 1969 γοῦν
2133 1901 2186 1952 τί
2219 1917 2384 1970 φησιν
2421 1903 2450 1953 6
2489 1902 2796 1971 προφήτης·
2830 1898 2975 1953 Οὐαὶ
3021 1901 3074 1951 οἱ
3105 1896 3418 1966 ἐρχόμενοι
3455 1895 3545 1957 εἰς

1957 1988 2190 2058 ἡμέραν
2223 1989 2442 2056 κακὴν,
2471 1992 2526 2043 οἱ
2559 1987 2888 2058 ἐγγίζοντες
2913 1986 3012 2040 καί
3045 1986 3366 2054 ἁπτόμενοι
3399 1984 3546 2033 σαϐ-

1960 2075 2154 2130 ϐάτων
2187 2076 2448 2145 ψευδῶν.
2484 2077 2548 2130 Τί
2571 2077 2742 2142 ἐστιν,
2785 2078 2840 2128 οἱ
2873 2075 3195 2142 ἁπτόμενοι
3229 2068 3546 2125 σαϐϐάτων

1958 2163 2207 2232 ψευδῶν
2227 2180 2246 2228 ;

2031 2258 2105 2319 Οί
2148 2266 2384 2319 Ἰουδαῖοι
2419 2265 2753 2335 νομίζουσιν,
2787 2265 2872 2318 ὅτι
2915 2261 3226 2333 δι’ἀργίαν-
3253 2258 3545 2322 αὐτοῖς.τὺ

1961 2353 2229 2408 σάϐϐατον
2266 2351 2415 2425 [717]
2446 2353 2674 2407 δέδοται.
2728 2353 2842 2406 Οὐκ
2887 2351 3000 2405 ἔστι
3033 2351 3091 2405 δὲ
3132 2349 3270 2420 αὕτη
3301 2350 3335 2420 ἡ
3371 2347 3540 2413 αἰτία,

1961 2442 2075 2510 ἀλλ’
2122 2442 2209 2495 ἵνα
2253 2443 2362 2494 τῶν
2403 2441 2672 2510 βιωτικῶν
2714 2440 2942 2503 ἑαυτοὺς
2989 2432 3390 2506 ἀπαγαγόντες,
3441 2436 3544 2508 τὴν

1964 2531 2160 2601 σχολὴν
2192 2530 2410 2584 ἃπασαν
2433 2531 2511 2592 είς
2535 2528 2610 2582 16
2633 2527 2980 2599 πνευματικά
3009 2525 3391 2580 ἀναλίσκωσιν.
3421 2525 3544 2578 Ὅτι

1960 2617 2072 2688 γὰρ
2106 2633 2125 2654 ·
2163 2618 2263 2670 οὐκ
2307 2618 2503 2687 ἀργίας
2534 2617 2650 2669 ἐστὶ
2700 2615 2759 2668 16
2800 2614 3090 2676 σάϐϐατον,
3135 2613 3250 2666 ἀλλ’
3281 2611 3546 2683 ἐργασίας

1961 2706 2080 2758 ἐστὶ
2126 2707 2505 2775 πνευματικῆς
2533 2702 2809 2766 ὑπόθεσις,
2841 2702 2935 2754 ἀπ’
2960 2701 3139 2755 αὐτῶν
3160 2699 3268 2753 τῶν
3294 2697 3549 2770 πραγμά-

1959 2809 2071 2856 των
2096 2791 2278 2862 δῆλον.
2325 2791 2383 2844 Ὀ
2413 2791 2544 2859 γοῦν
2589 2792 2768 2861 ἱερεὺς
2808 2783 3028 2842 διπλοῦν
3067 2786 3224 2858 ἔργον
3265 2788 3322 2839 ἐν
3360 2784 3544 2854 ἐκείνῃ

1960 2883 2026 2952 τῇ
2053 2880 2235 2952 ἡμέρᾳ
2263 2882 2422 2933 ποιεῖ·
2447 2879 2541 2932 καὶ
2571 2878 2693 2932 καθ’
2719 2877 2957 2948 ἑκάστην
2985 2875 3198 2946 ἡμέραν
3229 2873 3403 2943 ἁπλῆς
3427 2874 3549 2925 ἀνα-

1962 2967 2271 3038 φερομένης
2307 2967 2516 3031 θυσίας,
2547 2965 2742 3036 διπλῆν
2765 2965 3058 3034 ἀναφέρειν
3093 2961 3373 3017 κελεύεται
3397 2961 3546 3017 τότε.

1961 3057 2025 3110 Εί
2057 3057 2114 3109 δὲ
2145 3054 2402 3120 καθάπαξ
2437 3055 2635 3125 ἀργίας
2659 3050 2726 3125 ἦν
2752 3054 2814 3107 16
2850 3052 3137 3112 σάϐϐατον,
3180 3051 3285 3121 πρὸ
3310 3049 3419 3102 τῶν
3449 3048 3544 3102 ἄλ-

1962 3145 2068 3197 λων
2110 3144 2203 3197 τὸν
2240 3144 2393 3214 ἱερέα
2428 3143 2617 3214 ἀργεῖν
2656 3143 2842 3212 ἐχρῆν.
2892 3140 3046 3193 Ἐπεὶ
3087 3136 3179 3193 οὖν
3209 3140 3257 3192 οί
3306 3137 3547 3191 Ἰουδαῖοι

1961 3233 2069 3285 τῶν
2101 3231 2371 3303 βιωτικῶν
2400 3231 2804 3298 ἀπαλλαγέντες
2845 3228 3206 3300 πραγμάτων,
3239 3228 3351 3289 τοῖς
3384 3243 3550 3278 πνευ-

1967 3325 2216 3394 ματικοῖς
2235 3322 2296 3374 οὐ
2333 3325 2645 3394 προσεῖχον,
2680 3319 3006 3393 σωφροσύνῃ
3035 3320 3130 3372 καὶ
3159 3315 3428 3386 ἐπιεικείᾳ.
3457 3317 3551 3368 καὶ

1963 3411 2226 3480 ἀκροάσει
2281 3410 2440 3463 θείων
2497 3410 2716 3477 λογίων.
2749 3407 2896 3461 ἀλλά
2947 3405 3253 3468 τούναντίον
3306 3404 3546 3464 ἐποίουν,

1962 3497 2400 3568 γαστριζόμενοι,
2440 3497 2748 3568 μεθύοντες,
2783 3495 3265 3566 διαρῤηγνύμενοι,
3296 3491 3549 3562 τρυφῶν-

1962 3602 2074 3650 τες,
2109 3586 2196 3640 διὰ
2230 3586 2388 3639 τοῦτο
2426 3585 2804 3657 κατηγόρησεν
2837 3583 3017 3636 αὐτῶν
3049 3585 3076 3636 6
3113 3582 3419 3652 προφήτης.
3455 3580 3548 3632 El-

1964 3672 2091 3753 mby
2115 3673 2247 3744 γὰρ,
2271 3672 2439 3748 ,Οὐαί
2491 3675 2545 3726 οὶ
2585 3673 2898 3742 ἐρχόμενοι
2929 3674 3016 3737 εὶς
3062 3668 3292 3738 ἡμέραν
3329 3667 3548 3734 κακὴν,

1964 3763 2057 3814 καὶ
2081 3760 2401 3829 ἐπαγαγὼν,
2431 3763 2495 3815 Οἱ
2519 3760 2917 3830 ἐφαπτόμενοι
2945 3756 3259 3810 σαϐϐάτων
3283 3753 3549 3823 ψευδῶν,

1963 3852 2131 3916 ἔδειξε
2163 3852 2252 3904 διὰ
2278 3853 2379 3922 τῆς
2410 3853 2728 3922 ἐπαγωγῆς,
2758 3850 2874 3913 πῶς
2901 3845 2971 3921 ἦν
2993 3848 3176 3911 αὐτοῖς
3209 3846 3278 3900 16
3305 3845 3552 3898 σάϐϐατα

1963 3943 2153 4020 ψευδῆ.
2186 3944 2311 4007 Πῶς
2344 3939 2436 3997 οὖν
2467 3943 2607 3996 αὐτά
2633 3941 2849 3995 ἐποίουν
2879 3939 3085 4011 ψευδῆ;
3117 3937 3207 4008 Τῷ
3235 3936 3434 3991 κακίαν
3463 3938 3554 4007 ἐρρ

1964 4033 2252 4102 γάζεσθαι,
2306 4031 2643 4105 τρυφῶντες,
2711 4029 3032 4101 μεθύοντες,
3092 4027 3189 4080 καϊ
3241 4027 3310 4080 τὰ
3381 4025 3555 4096 μυρία

1965 4119 2224 4192 αἴσχιστα
2286 4123 2381 4175 καὶ
2432 4120 2645 4191 χαλεπά
2690 4120 3045 4190 πράσσοντες.
3107 4116 3218 4170 Καὶ
3262 4116 3344 4168 ὅτι
3393 4113 3554 4179 τοῦτό

1965 4219 2116 4270 ἐστιν
2145 4214 2364 4285 ἀληθὲς,
2387 4212 2617 4266 ἄκουσον
2635 4209 2750 4263 ’τῶν
2775 4208 2920 4279 ἑξῆς.
2953 4207 3202 4260 Δείκνυσι
3223 4205 3332 4277 γάρ
3354 4205 3382 4258 ὃ
3404 4204 3555 4272 λέγω

1965 4307 2032 4361 δι’
2063 4300 2137 4361 ὧν
2171 4305 2332 4367 εὐθὺς
2362 4304 2556 4370 ἐπάγει
2599 4302 2691 4354 καὶ
2727 4299 2894 4368 λέγει·
2927 4300 2991 4354 Οἱ
3027 4296 3423 4360 καθεύδοντες
3453 4293 3554 4346 ἐπὶ

1968 4396 2195 4451 κλινῶν
2230 4393 2655 4463 ἐλεφαντίνων,
2700 4389 2800 4443 καὶ
2838 4385 3423 4449 κατασπαταλῶντες
3455 4381 3556 4434 ἐπὶ

1966 4487 2085 4542 τῶν
2125 4483 2452 4553 στρωμνῶν
2497 4479 2716 4544 αὐτῶν,
2752 4481 2805 4532 οί
2846 4479 3154 4542 ἐσθίοντες
3197 4476 3445 4544 ἐρίφους
3486 4473 3555 4526 ἐκ

1967 4577 2280 4646 ποιμνίων,
2313 4572 2411 4626 καί
2435 4568 2739 4640 μοσχάρια
2764 4568 2831 4620 ἐκ
2848 4566 3196 4632 βουκολίων
3221 4564 3554 4634 γαλαθηνὰ,

1967 4671 2021 4722 οἱ
2052 4667 2332 4727 πίνοντες
2364 4660 2472 4714 τὸν
2499 4655 2894 4724 διυλισμένον
2917 4651 3106 4719 οἶνον,
3131 4654 3229 4706 καὶ
3261 4655 3331 4706 τὰ
3355 4651 3558 4719 πρῶτα

1963 4759 2124 4828 μύρα
2152 4747 2716 4823 γριόμενοι.Ἐλαϐες
2736 4745 2796 4797 16
2831 4743 3120 4806 σάϐϐατον,
3155 4744 3241 4796 ἵνα
3265 4743 3362 4809 τῆς
3398 4759 3559 4811 πονηο

1972 4849 2095 4920 ρίας
2128 4841 2445 4911 ἀπαλλάξῃς
2465 4839 2562 4898 τὴν
2594 4836 2795 4906 ψυχήν·
2835 4835 2899 4886 σύ
2941 4834 2996 4886 δέ
3029 4833 3200 4904 αὐτὴν
3235 4831 3554 4902 κατεργάζῃ

1970 4935 2152 4990 πλέον.
2196 4931 2261 4984 Τί
2294 4930 2402 5000 γὰρ
2446 4927 2510 4982 ἂν
2541 4926 2750 4994 γένοιτο
2785 4925 2883 4993 τῆς
2924 4921 3182 4993 βλακείας
3215 4922 3416 4992 ταύτης
3441 4923 3559 4990 χεῖ-

1972 5045 2084 5097 ρον,
2117 5025 2151 5095 ἢ
2189 5021 2364 5075 τὸέπὶ
2399 5017 2597 5071 κλινῶν
2633 5013 2990 5083 ἐλεφαντίνων
3028 5011 3310 5065 καθεύδειν
3331 5030 3344 5077 ;
3369 5015 3432 5064 Αἰ
3468 5012 3560 5066 ἄλ-

1968 5114 2058 5167 λαι
2083 5108 2348 5183 ἁμαρτίαι
2385 5104 2490 5159 κᾶν
2517 5104 2718 5174 μικράν
2743 5119 2866 5154 τινα
2900 5101 3094 5171 ἡδονὴν
3129 5101 3346 5170 ἔχωσιν,
3378 5097 3489 5154 οἷον
3525 5105 3558 5172 ἡ

1975 5201 2135 5272 μέθη,
2165 5202 2198 5271 ὴ
2237 5195 2518 5258 πλεονεξία
2550 5193 2644 5245 καὶ
2674 5191 2900 5244 ἀσωτία·
2930 5190 2991 5243 16
3028 5191 3085 5242 δὲ
3119 5191 3211 5242 ἐπὶ
3232 5189 3428 5243 κλινῶν
3451 5191 3560 5243 ἐλε-

1973 5290 2246 5361 φαντίνων
2305 5282 2660 5352 καθευδῆσαι,
2716 5279 2877 5332 ποίαν
2942 5279 3134 5348 ἡδονὴν
3187 5279 3333 5349 ἔχεις
3398 5281 3561 5334 ποίαν

1976 5375 2359 5450 παραμυθίαν;
2390 5362 2484 5442 Μή
2514 5370 2624 5440 γὰρ
2658 5367 2791 5437 ἡδίω
2818 5366 2911 5420 καὶ
2940 5366 3273 5439 γλυκύτερον
3305 5370 3437 5439 ἡμῖν
3469 5371 3561 5423 τὸν

1974 5472 2141 5524 ὐπνον
2171 5463 2467 5536 ἐργάζεται
2498 5460 2595 5530 τῆς
2627 5457 2815 5527 κλίνης
2845 5456 2906 5509 16
2942 5455 3170 5522 κάλλος;
3215 5458 3565 5528 Φορτικώτα-

1973 5579 2063 5616 τον
2096 5556 2296 5629 μᾶλλον
2323 5552 2419 5623 μὲν
2447 5545 2541 5604 οὖν
2567 5548 2660 5602 καὶ
2682 5545 3084 5616 ἐπαχθέστατον
3115 5547 3292 5609 τοῦτο,
3317 5547 3413 5602 ἐὰν
3439 5549 3564 5602 νοῦν

2043 5758 2057 5777 ’
2085 5756 2168 5805 Sic
2195 5760 2299 5804 tres
2323 5765 2461 5806 mss.,
2488 5753 2540 5796 cl
2560 5750 2630 5798 sic
2654 5747 2782 5810 legit
2803 5746 3051 5799 Erasmus.
3083 5745 3180 5797 Alii
3206 5749 3277 5795 δτι
3307 5750 3374 5796 δέ,
