4142 6332
681 405 784 460 973

674 524 910 592 ἔχωμεν.
938 521 1103 574 Ὅταν
1151 520 1258 590 γὰρ
1307 522 1562 592 ἐννοήσῃς
1619 520 1722 584 ὅτι,

676 591 770 655 ἐπὶ
822 603 1012 672 κλίνης
1065 591 1440 672 ἐλεφαντίνης,
1487 603 1669 673 ’έτερος
1730 601 1839 654 οὐδ’
1886 600 2052 670 ἄρτου
2115 597 2253 667 μετὰ

674 685 857 742 ἀδείας
911 686 1205 739 ἀπολαύειν
1268 685 1400 756 ἔχει,
1449 686 1510 738 οὐ
1567 683 1974 752 καταγνώσεται
2036 699 2129 733 σου
2192 687 2253 733 τὸ

676 769 932 832 συνειδὸς,
961 772 1054 823 καὶ
1080 772 1517 839 ἐπαναστήσεται
1541 768 1879 839 κατηγοροῦν
1910 763 2012 835 τῆς
2039 767 2254 833 ἀνωμα-

669 853 791 916 λίας
817 854 1052 925 ταύτης;
1083 855 1144 906 Εἰ
1177 855 1233 907 δέ
1265 853 1324 905 τὸ
1354 854 1446 906 ἐπὶ
1479 852 1839 922 ἐλεφαντίνων
1878 849 2074 904 κλινῶν
2121 846 2252 900 καθ-

671 935 846 988 εύδειν
891 937 1159 1007 ἔγκλημα,
1197 939 1326 990 ὅταν
1374 937 1467 989 καὶ
1519 936 1746 1006 ἀργύρῳ
1788 932 2250 1006 περιϐεϐλημέναι

671 1018 936 1072 πάντοθεν
979 1015 1102 1083 ὦσι,
1137 1020 1295 1074 ποίαν
1324 1020 1516 1090 ἕξομεν
1541 1019 1870 1088 ἀπολογίαν;
1905 1015 2088 1069 Βούλει
2119 1013 2251 1068 κάλ-

669 1102 760 1166 λος
786 1103 974 1173 κλίνης
1012 1106 1166 1171 ίδεῖν;
1205 1104 1345 1173 Ἐγώ
1374 1121 1454 1157 σοι
1483 1104 1731 1174 δείκνυμι
1758 1097 1874 1166 νῦν,
1913 1101 2013 1154 οὐκ
2053 1101 2250 1154 ἰδιωτι-

668 1186 795 1253 κῆς.
838 1187 956 1240 οὐδὲ
1001 1190 1417 1259 στρατιωτικῆς,
1459 1188 1594 1241 ἀλλά
1624 1186 1905 1258 βασιλικῆς
1944 1183 2134 1254 κλίνης
2161 1183 2249 1236 εὐ·-

667 1268 957 1338 πρέπειαν.
990 1269 1108 1323 Κάν
1133 1272 1242 1341 γάρ
1271 1272 1682 1341 φιλοτιμότατος
1710 1266 1777 1343 ᾖς
1807 1269 2046 1331 πάντων,
2082 1263 2140 1319 εὖ
2175 1260 2247 1317 οἷ-

665 1350 732 1403 δα
771 1352 854 1404 ὃτι
891 1354 989 1422 τῆς
1026 1353 1119 1406 τοῦ
1160 1354 1422 1424 βασιλέως
1449 1353 1633 1422 κλίνης
1667 1354 1768 1405 οὐκ
1797 1352 2071 1422 ἐθελήσεις
2100 1349 2258 1418 ἐχειν·

665 1429 1134 1508 εὐπρεπεπέράνο
1181 1441 1274 1492 καὶ
1314 1439 1374 1491 τὸ
1417 1439 1482 1509 δὴ
1519 1439 1721 1508 μεῖξον,
1753 1438 1814 1490 οὐ
1851 1435 1944 1489 τοῦ
1991 1437 2245 1504 τυχόντος

667 1517 954 1585 βασιλέως.
992 1520 1132 1573 ἀλλά
1170 1520 1264 1574 τοῦ
1299 1522 1538 1593 πρώτου,
1579 1523 1673 1575 καὶ
1707 1512 1811 1573 τού
1843 1519 2059 1573 πάντων
2091 1517 2244 1587 βασι-

663 1600 801 1656 λέων
837 1603 1283 1678 βατιλικωτέρου,
1310 1608 1404 1660 καὶ
1438 1608 1600 1676 μέχρι
1632 1605 1723 1659 νῦν
1753 1605 2011 1676 ᾀδομένου
2042 1620 2243 1657 παντα-

662 1686 760 1755 χοῦ
780 1688 880 1757 τῆς
900 1689 1243 1753 οίκουμέντς
1263 1691 1511 1761 δείκνυμί
1533 1707 1614 1742 σοι
1631 1691 1818 1760 κλίνην
1834 1690 1933 1759 τὴν
1951 1689 2042 1741 τοῦ
2059 1706 2240 1758 μακα-

667 1772 782 1840 ρίου
823 1772 1006 1824 Δαυῖδ.
1045 1773 1269 1843 Ποταπὴ
1312 1775 1492 1826 τοίνυν
1520 1770 1586 1844 ἦν
1618 1774 1834 1843 ἐκείνη;
1864 1774 1976 1825 Οὐκ
2015 1771 2241 1842 ἀργύρῳ

662 1854 756 1905 καὶ
784 1853 989 1924 χρυσῷ,
1026 1855 1163 1908 ἀλλά
1191 1856 1419 1926 δάκρυσι
1454 1858 1547 1909 καὶ
1585 1855 2003 1926 ἐξομολογήσεσι
2045 1855 2242 1907 πάντο-

661 1936 752 2023 95v
802 1934 871 2009 ἦν
918 1939 1428 2012 κεκαλλωπισμένη.
1476 1942 1586 1993 Καὶ
1644 1940 1814 1993 ταῦτα
1860 1939 2018 2000 αὐτός
2077 1956 2241 2006 φησιν

659 2018 802 2072 οὕτω
838 2020 1031 2089 λέγων·
1061 2025 1276 2077 Λούσω
1300 2024 1425 2076 καθ’
1456 2024 1722 2090 ἑκάστην
1750 2024 1940 2075 νύκτα
1971 2020 2086 2088 τὴν
2114 2021 2240 2074 κλί-

657 2115 775 2170 νην
819 2122 957 2173 μου⁶
1019 2106 1089 2158 ἐν
1138 2105 1398 2174 δάκρυσί
1439 2124 1559 2174 μου
1611 2107 1724 2174 τὴν
1765 2105 2085 2174 στρωμνήν
2118 2123 2237 2173 μου

649 2187 872 2255 βρέξω.
900 2191 1112 2260 Ὥσπερ
1137 2192 1245 2261 γὰρ
1277 2195 1610 2261 μαργαρῖται
1634 2191 1701 2243 τά
1723 2191 1929 2260 δάκρυα
1959 2191 2098 2258 αὐτῇ
2145 2191 2241 2241 ἐπ-

657 2273 853 2343 επήγει
883 2274 1170 2326 πάντοθεν.

1767 518 1861 571 σοῦ
1897 514 2248 577 καθεύδοντος

731 2406 800 2469 η’.
833 2402 943 2454 Καὶ
977 2402 1168 2454 σκόπει
1201 2415 1290 2471 μοι
1323 2402 1565 2470 φιλόθεον
1595 2401 1791 2472 ψυχήν·
1820 2401 2006 2470 ἐπειδὴ
2036 2400 2146 2472 γὰρ
2178 2401 2236 2452 ἐν

657 2484 843 2554 ἡμέρᾳ
879 2485 1074 2537 πολλαὶ
1105 2487 1162 2537 αί
1200 2486 1480 2555 φροντίδες
1507 2486 1800 2556 ἀρχόντων,
1828 2483 1979 2556 [718]
2013 2485 2235 2555 ταξιαρ-

656 2566 787 2633 χῶν,
819 2567 1010 2632 ἐθνῶν,
1039 2569 1248 2637 δήμων,
1293 2568 1662 2638 στρατιωτῶν,
1690 2568 1960 2636 πολέμων,
1991 2570 2236 2638 εἰρήνης,

654 2648 764 2700 τῶν
806 2650 1098 2703 πολιτικῶν
1158 2654 1518 2720 πραγμάτων,
1561 2650 1668 2703 τῶν
1719 2652 1858 2703 κατά
1902 2652 2000 2720 τὴν
2037 2651 2235 2715 οίκίαν,

652 2732 765 2784 τῶν
813 2723 1113 2804 πόρρωθεν,
1165 2737 1273 2788 τῶν
1315 2736 1560 2806 πλησίον,
1597 2735 1922 2809 περιεῖλκον,
1949 2735 2109 2787 αὐτὸν
2145 2737 2238 2788 καὶ

649 2812 889 2886 ἀπῆγον·
922 2819 1021 2887 τὴν
1058 2819 1273 2889 σχολὴν,
1302 2821 1367 2887 ἢν
1401 2820 1601 2881 πάντες
1629 2821 1707 2880 εἰς
1735 2818 1795 2870 τὸ
1831 2818 2112 2872 καθεύδειν
2145 2821 2237 2871 ἀν-

653 2899 972 2969 αλίσκομεν,
1025 2903 1104 2963 είς
1159 2902 1542 2971 ἐξομολόγησιν
1577 2901 1671 2953 καὶ
1711 2902 1875 2970 εὐχὰς
1911 2903 2003 2953 καὶ
2029 2902 2236 2970 δάκρυα⁸

653 2981 943 3053 ἀνήλισκεν
1003 2983 1228 3045 ἐκεῖνος.
1283 2987 1392 3036 Καὶ
1437 2986 1556 3054 οὐχί
1615 2985 1742 3054 μίαν
1798 2985 1956 3036 τοῦτο
2013 2987 2235 3056 ἐποίησε

649 3066 844 3127 νύκτα,
868 3067 966 3137 τὴν
991 3067 1048 3119 δὲ
1073 3067 1330 3138 δευτέραν
1359 3069 1655 3133 ἐπαύσατο,
1686 3069 1808 3121 οὐδέ
1833 3069 1924 3121 δύο
1947 3073 2039 3122 καὶ
2064 3074 2231 3140 τρεῖς,

652 3151 752 3212 τὰς
798 3152 852 3204 δέ
903 3152 1107 3222 μεταξὺ
1150 3155 1406 3217 διέλιπεν,
1461 3153 1597 3206 ἀλλά
1629 3154 1748 3207 καθ’
1784 3155 2022 3224 ἑκάστην
2067 3155 2235 3208 νύκτα

649 3233 810 3286 τοῦτο
843 3236 1099 3305 ἔπραττε.
1146 3237 1361 3290 Λούσω
1400 3237 1508 3306 γὰρ
1553 3239 1678 3289 καθ’
1718 3237 1983 3304 ἑκάστην
2024 3240 2232 3304 νύκτα,

652 3317 807 3387 φησί,
839 3319 954 3384 τὴν
977 3319 1197 3386 κλίνην
1215 3338 1354 3389 μουο
1392 3322 1460 3373 ἐν
1492 3320 1753 3389 δάκρυσί
1768 3339 1886 3390 μου
1921 3321 2034 3390 τὴν
2057 3340 2236 3391 στρωα

646 3399 813 3469 μνήν
839 3417 954 3466 μου
991 3402 1213 3468 βρέξω,
1260 3405 1360 3472 τὴν
1391 3404 1669 3472 δαψίλειαν
1698 3405 1806 3457 τῶν
1844 3405 2097 3476 δακρύων
2140 3406 2236 3458 καὶ

649 3485 751 3554 τὴν
785 3487 1062 3556 συνέχειαν
1085 3487 1383 3556 ἐμφαίνων.
1422 3490 1645 3542 Πάντων
1684 3489 1793 3560 γὰρ
1828 3491 2231 3560 ἡσυχαζόντων,

653 3570 748 3621 καλ⁸
771 3571 826 3623 ἐν
847 3572 1052 3641 ἠρεμίᾳ
1084 3571 1273 3634 όντων,
1303 3573 1461 3641 μόνος
1492 3573 1567 3644 τῷ
1597 3575 1714 3644 Θεῷ
1741 3576 1859 3627 τότε
1885 3576 2231 3646 ἐνετύγχανε,

650 3654 749 3706 καὶ
777 3657 958 3725 παρῆν
980 3657 1007 3707 ό
1033 3655 1331 3725 ἀκοίμητος
1353 3655 1627 3725 ὀφθαλμὸς
1655 3657 1962 3728 ὀδυρομένῳ
1986 3661 2079 3712 καὶ
2105 3660 2235 3731 θρη-

652 3736 830 3790 νούντι
877 3739 970 3791 καὶ
1013 3739 1081 3790 τά
1127 3742 1302 3792 οἰκεῖα
1338 3740 1716 3808 ἐξαγγέλλοντι
1762 3745 1926 3797 κακά.
1968 3746 2234 3816 Τοιαύτην

652 3820 747 3871 καὶ
794 3823 857 3875 σὺ
895 3822 1302 3876 κατασκεύασον
1351 3824 1576 3895 κλίνην.’
1618 3826 1674 3878 '0
1709 3827 1810 3896 μὲν
1851 3828 1956 3899 γὰρ
1994 3831 2236 3901 ἄργυρος

652 3907 1034 3978 περικείμενος
1057 3906 1152 3958 καὶ
1177 3906 1368 3974 φθόνον
1391 3910 1543 3980 παρά
1566 3909 1866 3980 ἀνθρώπων
1892 3913 2115 3988 ἐγείρει,
2142 3916 2235 3967 καὶ

648 3993 820 4064 ὀργὴν
856 3991 1071 4044 ἐκκαίει
1100 3991 1195 4056 τὴν
1222 3990 1445 4044 ἄνωθεν.

723 4122 806 4176 Τά
831 4123 887 4176 δέ
912 4121 1135 4175 τοιαῦτα
1166 4121 1396 4190 δάκρυα,
1423 4118 1509 4175 οἷα
1537 4121 1607 4175 τὰ
1635 4121 1728 4174 τοῦ
1752 4124 1934 4187 Δαυῒδ,
1975 4127 2069 4178 καὶ
2101 4126 2232 4178 αὐτὸ

649 4208 711 4261 τὸ
741 4206 842 4274 τῆς
875 4207 1099 4276 γεέννης
1125 4201 1233 4258 οἶδε
1263 4205 1599 4258 κατασϐέσαι
1624 4205 1755 4277 πῦρ.
1793 4207 1981 4261 Βούλει
2017 4226 2099 4261 σοι
2137 4212 2234 4263 καὶ

651 4290 848 4362 ἑτέραν
878 4290 1038 4354 δείξω
1061 4289 1282 4360 κλίνην;
1314 4289 1414 4360 τὴν
1441 4287 1536 4341 τοῦ
1583 4289 1778 4343 Ἰακὼϐ
1801 4293 1964 4360 λέγω.
2001 4294 2234 4364 Ἐδαφος

647 4373 798 4446 εἶχεν
831 4375 1213 4443 ὑποκείμενον,
1263 4373 1356 4428 καὶ
1401 4373 1548 4427 λίθον
1591 4375 1693 4428 ὑπὸ
1733 4376 1834 4447 τὴν
1864 4378 2105 4450 κεφαλὴν
2139 4382 2234 4434 αὐ-

649 4461 766 4514 τοῦ’
813 4458 902 4512 διὰ
950 4457 1109 4512 τοῦτο
1159 4458 1254 4510 κα)⁵
1306 4457 1398 4510 τὸν
1443 4458 1630 4530 νοητὸν
1674 4459 1781 4512 εἶδε
1819 4461 1982 4527 λίθον,
2018 4465 2111 4516 καί¹
2137 4465 2233 4535 τὴν

652 4545 898 4615 κλίμακα
939 4543 1177 4613 ἐκείνην,
1219 4541 1285 4593 δι’
1324 4536 1392 4613 ἦς
1429 4543 1712 4597 ἀνέϐαινον
1763 4547 1857 4598 καὶ
1911 4548 2234 4602 κατέϐαινον

649 4628 893 4697 ἄγγελοι.
939 4625 1208 4687 Τοιαύτας
1239 4625 1544 4696 ἐπινοῶμεν
1578 4627 1764 4691 κλίνας
1807 4629 1902 4682 καὶ
1937 4631 2116 4700 ἡμεῖς,
2147 4633 2232 4684 ἵνα

651 4711 746 4766 καὶ
777 4710 1002 4764 τοιαῦτα
1033 4709 1318 4779 βλέπωμεν
1349 4709 1627 4781 ὀνείρατα.
1666 4712 1762 4764 Ἂν
1793 4711 1851 4765 δὲ
1891 4714 1984 4765 ἐπὶ
2009 4715 2110 4784 τῆς
2135 4717 2234 4786 ἀρ·-

651 4796 828 4866 γυρᾶς
851 4788 1000 4864 ὦμεν
1032 4792 1441 4862 κατακείμενοι,
1476 4794 1536 4844 οὐ
1563 4793 1720 4863 μόνον
1753 4796 2011 4866 οὐδεμίαν
2041 4798 2231 4869 ἡδονὴν

653 4877 1081 4948 καρπωσόμεθα,
1106 4875 1240 4929 ἀλλά
1263 4877 1358 4930 καὶ
1377 4875 1615 4947 ἀθυμίαν
1642 4879 2037 4950 ὑπομενοῦμεν.
2065 4881 2233 4936 Ὅταν

649 4963 761 5034 γὰρ
788 4963 1072 5034 ἐννοήσῃς,
1098 4962 1180 5014 ὅτι
1209 4962 1268 5014 ἐν
1298 4961 1495 5032 κρυμῷ
1523 4963 1757 5033 ἐσχάτῳ,
1790 4964 1850 5017 ἐν
1882 4967 2037 5018 νυκτὶ
2066 4968 2230 5040 μέσῃ,

652 5047 750 5102 σοῦ
782 5046 1133 5124 καθεύδοντος
1162 5044 1256 5097 ἐπὶ
1287 5044 1494 5116 κλίνης,
1515 5047 1544 5098 ό
1569 5046 1739 5118 πένης
1765 5049 1858 5100 ἐπὶ
1882 5049 2130 5115 στιϐάδος
2153 5053 2236 5124 £0-

656 5133 840 5201 ριπται
876 5132 933 5182 ἐν
965 5132 1076 5192 τοῖς
1096 5129 1216 5181 τῶν
1244 5127 1539 5198 βαλανείων
1565 5130 1940 5200 προπυλαίοις,
1978 5135 2236 5208 καλάμην

655 5214 1142 5288 περιϐεϐλημένος,
1188 5214 1428 5285 τρέμων,
1484 5214 1831 5286 πηγνύμενος
1878 5216 1958 5287 τῷ
2002 5218 2230 5289 κρύειι’

654 5301 958 5372 ἀγχόμενος
981 5299 1060 5370 τῷ
1081 5298 1244 5370 λιμῷ·
1280 5300 1383 5352 κᾶν
1412 5300 1665 5354 ἀπάντων
1695 5301 1896 5371 μᾶλλον
1919 5301 2116 5368 λίθινος
2144 5299 2232 5378 ᾗς,

655 5383 716 5439 εὖ
759 5380 896 5446 οῖδα,
926 5385 1004 5437 ὅτι
1060 5384 1385 5456 καταγνώσῃ
1440 5385 1660 5451 σαυτοῦ,
1703 5387 1766 5439 σὺ
1823 5387 1923 5458 μὲν
1967 5390 2108 5462 ὑπὲρ
2138 5392 2236 5462 τὴν

653 5470 844 5540 χρείαν
891 5469 1133 5539 τρυφῶν,
1180 5471 1384 5522 ἐκεῖνον
1431 5470 1487 5523 δέ
1535 5470 1669 5542 μηδέ
1718 5471 1826 5525 τῶν
1872 5473 2012 5527 κατὰ
2044 5476 2238 5547 χρείαν

651 5552 950 5607 ἀπολαύειν
991 5554 1171 5623 ἀφείς.
1194 5553 1384 5616 Οὐδεὶς
1423 5555 1868 5626 στρατευόμενος,
1906 5559 2092 5630 φησὶν,
2133 5562 2234 5628 ἐμ-

652 5635 916 5690 πλέκεται
943 5640 1064 5697 ταίς
1095 5637 1188 5690 τοῦ
1220 5637 1335 5707 βίου
1367 5639 1790 5710 πραγματείαις.
1819 5641 2162 5715 Στρατιώτης
2186 5643 2238 5698 εἷ

714 5828 736 5853 ⁸
760 5833 976 5898 Quatuor
1000 5850 1111 5889 mss.
1137 5839 1204 5901 τῷ
1224 5830 1403 5902 κρύμῷ.

1389 408 1444 461 S.
1477 407 1760 461 .IUANNIS
1789 399 2276 460 CIIIHSOS'I'OMI
2311 404 2628 463 ARCHIEP.
2669 403 3211 463 CONSTANTINOP.

2360 519 2744 589 πνευματικός
2788 516 3123 588 στρατιώτης
3162 516 3186 554 b
3215 510 3273 565 δὲ
3321 511 3566 575 τοιοῦτος
3599 510 3663 564 οὐ
3696 510 3942 564 καθεύδει

2356 601 2450 653 ἐπὶ
2474 603 2660 674 κλίνης
2687 601 3060 670 ἐλεφαντίνης,
3083 597 3220 652 ἀλλά
3239 598 3332 651 ἐπὶ
3358 597 3613 665 ἐδάφους·
3642 596 3708 648 οὐ
3734 594 3938 664 χρίεται

2358 683 2570 755 μύροις
2606 686 2715 739 τῶν
2757 686 2864 756 γὰρ
2907 682 3284 754 ἡταιρηκότων
3333 681 3426 732 καὶ
3464 678 3937 748 διεφθαρμένω-θη

2354 769 2578 839 τοιαύτη
2602 769 2829 848 σπουδὴ,
2853 767 2961 821 τῶν
2986 768 3079 819 ἐπὶ
3104 766 3202 836 τῆς
3228 763 3454 834 σκηνῆς,
3482 762 3591 815 τῶν
3623 763 3683 814 ἐν
3714 761 3941 830 ἀμελείᾳ

2354 858 2594 924 ζώντων·
2640 861 2700 913 σὲ
2753 857 2810 914 δέ
2851 859 2971 929 οὐχὶ
3023 857 3228 928 μύρων,
3268 854 3386 910 ἀλλ’
3421 854 3624 924 ἀρετῆς
3676 853 3939 905 ἀποπνεῖν

2352 942 2451 997 δεῖ.
2509 942 2674 996 Οὐδὲν
2721 943 2900 1013 ψυχῆς
2958 939 3419 1010 ἀκαθαρτότερον,
3482 937 3612 988 ὅταν
3669 934 3734 987 τὸ
3785 935 3937 1004 σῶμα

2351 1024 2605 1096 τοιαύτην
2659 1024 2757 1095 ἔχῃ
2808 1025 2907 1096 τὴν
2953 1023 3200 1076 εὐωδίαν.
3246 1022 3359 1091 Τῆς
3399 1019 3508 1090 γὰρ
3539 1017 3812 1080 δυσωδίας
3846 1018 3938 1083 τῆς

2351 1108 2499 1162 ἔνδον
2527 1110 2622 1163 καὶ
2645 1109 2746 1178 τῆς
2778 1107 3122 1178 ἀκαθαρσίας
3147 1107 3346 1175 δεῖγμα
3380 1105 3412 1174 ή
3443 1103 3536 1155 τοῦ
3567 1101 3828 1171 σώματος
3849 1100 3936 1152 καὶ

2349 1191 2458 1242 τῶν
2485 1192 2715 1260 ἱματίων
2736 1191 2932 1244 εὐωδία
2953 1189 3149 1259 γένοιτ’
3185 1188 3269 1242 ἄν.
3300 1187 3469 1240 Ὅταν
3495 1183 3606 1255 γὰρ
3641 1183 3887 1236 ἐπελθὼν
3909 1184 3937 1235 ό

2348 1274 2596 1338 διάϐολος
2621 1273 2892 1345 διαθρύψῃ
2919 1274 3018 1345 τὴν
3042 1271 3243 1343 ψυχὴν,
3266 1271 3360 1324 καὶ
3393 1269 3651 1339 βλακείας
3680 1268 3933 1338 ἐμπλήσῃ

2349 1357 2573 1428 πολλῆς,
2605 1359 2728 1410 τότε
2756 1359 2851 1410 καὶ
2880 1358 2960 1418 είς
2992 1358 3053 1409 τὸ
3077 1355 3234 1424 σῶμα
3265 1354 3365 1423 τῆς
3397 1351 3603 1415 οἰκείας
3637 1351 3934 1419 διαφθορᾶς

2347 1440 2454 1511 τὴν
2509 1441 2701 1511 κηλῖδα
2755 1440 3196 1509 ἐναπομάσσεται
3249 1436 3340 1490 διὰ
3385 1435 3495 1487 τῶν
3557 1433 3771 1504 μύρων.
3830 1433 3933 1484 Κειί

2347 1523 2599 1595 καθάπερ
2663 1525 2712 1575 οί
2771 1520 2980 1595 κορύζῃ
3035 1522 3141 1574 τινὶ
3202 1521 3298 1573 καὶ
3356 1518 3619 1589 κατάρρῳ
3669 1515 3933 1586 διηνεκῶς

2346 1607 2717 1677 ἁλισκόμενοι,
2751 1607 2843 1658 καὶ
2881 1605 2950 1658 τὰ
2991 1605 3185 1675 ίμάτια
3231 1604 3324 1656 καὶ
3352 1602 3450 1665 τὰς
3483 1603 3679 1670 χεῖρας
3713 1599 3810 1651 καὶ
3839 1597 3931 1667 τὴν

2344 1690 2466 1759 ὄψιν
2504 1690 2812 1760 μολύνουσι,
2853 1690 2916 1742 τὸ
2957 1689 3046 1743 διὰ
3071 1689 3180 1742 τῶν
3208 1687 3372 1758 ῥινῶν
3404 1685 3526 1757 ῥέον
3559 1684 3804 1753 συνεχῶς
3847 1684 3930 1733 ἐν-

2346 1765 2814 1844 απομασσόμενοῑ·
2867 1773 3010 1826 οὓτω
3048 1772 3114 1842 δὴ
3163 1772 3254 1825 καὶ
3295 1775 3328 1841 ή
3369 1769 3514 1840 ψυχὴ
3553 1767 3651 1821 τοῦ
3697 1766 3932 1836 πονηροῦ

2344 1858 2537 1911 τούτου
2571 1858 2842 1930 ῥεύματος
2866 1857 2965 1928 τὴν
3001 1856 3198 1910 κακίαν
3225 1857 3304 1918 είς
3335 1854 3397 1907 τὸ
3427 1853 3588 1922 σῶμα
3619 1851 3934 1917 ἐναπομάτ-

2347 1959 2518 1996 σεται.
2549 1942 2645 2005 Τίς
2683 1941 2794 2014 γὰρ
2844 1943 3089 2010 γενναῖόν
3126 1958 3178 1992 τι
3213 1941 3307 1992 καὶ
3331 1940 3570 2010 ’χρηστὸν
3599 1935 3931 2006 ὐπολήψται

2345 2027 2472 2095 περὶ
2499 2026 2592 2078 τοῦ
2631 2025 2816 2097 μύρων
2843 2036 2864 2063 ο
2891 2024 3103 2088 δζοντος
3126 2026 3219 2077 καὶ
3236 2023 3714 2092 γυναικιζομένου,
3737 2020 3931 2090 μᾶλλον

2342 2108 2399 2158 δὲ
2430 2107 2862 2177 ἐταιριζομένου,
2894 2109 2988 2161 καὶ
3009 2105 3334 2178 ὀρχηστικὸν
3360 2104 3761 2175 ἀναιρουμένου
3786 2102 3894 2171 βίον
3917 2118 3928 2164 ;

2345 2191 2494 2262 [719]
2527 2191 2735 2244 Πνείτω
2764 2210 2857 2244 σου
2895 2191 3273 2262 πνευματικῆς
3301 2189 3529 2250 εὐωδίας
3571 2190 3604 2258 ἡ
3645 2188 3816 2257 ψυχὴ,
3849 2187 3929 2238 ἵνα

2344 2276 2436 2327 καὶ
2459 2277 2651 2329 σαυτὸν
2679 2278 2772 2330 καὶ
2794 2276 2920 2339 τοὺς
2941 2273 3359 2344 συγγινομένους
3387 2271 3714 2340 σοιλώφελῇς
3738 2271 3810 2322 τὰ
3839 2271 3930 2340 μέε

2343 2373 2526 2424 γιρτα.

2413 2443 2582 2496 Οὐδὲν
2622 2442 2752 2513 γὰρ,
2782 2442 2934 2494 οὐδὲν
2966 2442 3178 2513 τρυφῆς
3219 2440 3623 2511 χαλεπώτερον.
3665 2440 3930 2491 Ἀκουσον

2342 2525 2392 2575 τί
2431 2528 2559 2596 περὶ
2603 2529 2772 2596 αὐτῆς
2816 2543 2949 2596 φησι
2996 2526 3159 2578 πάλιν
3200 2527 3228 2578 ὁ
3268 2524 3529 2594 Μωῦσῆς
3578 2522 3926 2583 Ἐλιπὼτΰη.

2341 2610 2673 2676 ἐπαχύνθη,
2705 2611 3073 2676 ἐπλατύνθη,
3120 2609 3217 2661 καὶ
3267 2608 3679 2662 ἀπελάκτισεν
3726 2610 3758 2659 ὀ
3791 2608 3929 2674 ἠγα-

2341 2691 2629 2760 πημένος.
2671 2693 2780 2744 Καὶ
2807 2693 2906 2745 οὐκ
2932 2688 3107 2756 εἶπεν,
3135 2693 3216 2744 ὅτι
3245 2692 3479 2761 ἀπέστη,
3505 2689 3642 2753 ἀλλ’,
3684 2689 3930 2742 Ἀπελὰ-

2343 2792 2551 2829 κτισεν
2590 2780 2622 2828 ό
2651 2777 3058 2845 ἠγαπημένος,
3096 2777 3156 2828 τὸ
3187 2776 3393 2846 γαῦρον
3431 2775 3524 2827 καὶ
3553 2775 3809 2843 δυσήνιον
3841 2773 3931 2824 αὐ-

2341 2859 2434 2912 τοῦ
2467 2851 2865 2930 παρεμφαίνων
2897 2864 3050 2932 ἡμῖν.
3086 2862 3196 2914 Καὶ
3236 2861 3398 2914 πάλιν
3425 2857 3682 2928 ἀλλαχοῦ·
3722 2858 3933 2924 Φατὼν

2341 2943 2439 2995 καὶ
2478 2944 2633 2994 πιὼν
2674 2944 2936 3013 πρόσεχε
2969 2943 3226 3009 σεαυτῷ,
3250 2943 3484 3011 μήποτε
3514 2940 3775 3006 ἐπιλάϐῃ
3815 2939 3930 2992 liv-

2332 3027 2470 3093 ρίου
2496 3026 2602 3078 τοῦ
2633 3028 2781 3080 Θεοῦ
2811 3043 2948 3081 σου.
2981 3027 3167 3090 Οὕτως
3200 3030 3231 3096 ἡ
3260 3027 3439 3107 τρυφὴ
3476 3026 3614 3095 πρὸς
3637 3025 3811 3094 λήθην
3847 3024 3930 3086 ἐξ·

2339 3109 2492 3175 ἀγειν
2530 3108 2708 3163 εῖωθε.
2754 3111 2865 3163 Καὶ
2910 3112 2974 3163 σὺ
3005 3110 3205 3171 τοίνυν,
3242 3109 3516 3178 ἀγαπητὲ,
3556 3109 3652 3159 ἐὰν
3697 3107 3932 3177 καθίσῃς

2340 3192 2429 3243 ἐπὶ
2460 3192 2559 3260 τῆς
2584 3191 2883 3263 τραπέζης,
2916 3194 3293 3263 ἀναμνήσθητι
3322 3194 3401 3244 ὅτι
3436 3190 3573 3262 μετά
3599 3190 3698 3260 τὴν
3726 3190 3932 3259 τράπε-

2339 3273 2439 3335 ζαν
2465 3273 2720 3344 εὔχεσθαί
2747 3293 2806 3328 σε
2839 3276 2938 3330 δεῖ·
2981 3277 3074 3328 καὶ
3109 3276 3250 3329 οὕτω
3287 3276 3619 3346 συμμέτρως
3648 3272 3932 3342 ἔμπλησον

2337 3359 2436 3426 τὴν
2467 3360 2733 3428 γαστέρα,
2768 3360 2854 3412 ἵνα
2897 3361 2972 3430 μὴ
3016 3361 3381 3431 βαρυνόμενος
3419 3360 3766 3428 ἀδυνατήσῃς
3799 3357 3930 3423 γόνυ

2339 3441 2537 3531 κλῖναι,
2573 3443 2666 3494 καὶ
2693 3443 2783 3496 τὸν
2806 3443 2939 3495 Θεὸν
2961 3444 3362 3515 παρακαλέσαι.
3387 3444 3498 3512 Οὐχ
3518 3444 3680 3513 δρᾶτε
3711 3441 3776 3494 τὰ
3805 3440 3932 3492 ὐποο

2340 3527 2523 3592 ζύγια,
2549 3528 2630 3580 ὅτι
2669 3527 2806 3598 μετά
2838 3528 2936 3598 τὴν
2967 3529 3176 3598 φάτνην
3206 3528 3515 3598 ὁδοιπορίας
3545 3528 3797 3589 ἅπτεται,
3836 3537 3928 3584 καὶ

2339 3613 2653 3682 ἀχθοφορεῖ,
2685 3613 2779 3665 καὶ
2801 3613 2900 3682 τὴν
2930 3614 3140 3664 οἰκείαν
3169 3614 3440 3666 διακονίαν
3471 3615 3818 3690 ἀποπληροί;
3860 3618 3928 3669 Συ

2337 3697 2391 3748 δὲ
2426 3696 2564 3766 μετά
2591 3697 2688 3765 τήν
2717 3697 2999 3766 τράπεζαν
3028 3696 3298 3766 ἄχρηστος
3336 3696 3471 3765 πρὸς
3500 3699 3608 3749 πᾶν
3639 3698 3799 3768 ἔργον
3839 3701 3929 3752 καὶ

2339 3779 2708 3850 ἀνεπιτήδειος
2749 3781 2893 3850 γίνῃ.
2929 3782 3037 3833 Καὶ
3079 3780 3194 3842 πῶς
3237 3782 3337 3833 οὐκ
3379 3780 3478 3853 ἔσῃ
3525 3782 3620 3833 καὶ
3653 3782 3761 3835 τῶν
3790 3784 3930 3834 δνων

2338 3863 2516 3916 αὐτῶν
2544 3863 2868 3933 ἀτιμότερος
2889 3880 2902 3927 ;
2926 3865 3098 3928 \Tlvog
3125 3865 3346 3929 ἐνεκεν;
3380 3866 3501 3917 Ὀτι
3531 3866 3652 3918 τότε
3692 3867 3928 3935 μάλιστα

2337 3949 2527 4016 νήφειν
2574 3947 2678 4016 χρὴ
2714 3949 2807 3999 καὶ
2831 3947 3213 4018 ἐγρηγορέναι.
3256 3947 3316 4000 ὐ
3350 3947 3459 4018 γὰρ
3493 3949 3631 4013 μετά
3660 3949 3758 4017 τὴν
3795 3952 3927 4019 τρά-

2337 4030 2508 4092 πεζαν
2546 4031 2736 4100 καιρὸς
2777 4030 3130 4101 εὐχαριστίας
3165 4031 3282 4083 ἐστὶ
3317 4032 3527 4102 καιρόςο
3559 4033 3651 4084 τὸν
3677 4033 3734 4085 δέ
3765 4033 3926 4102 εὐχα-

2340 4113 2624 4184 ριστοῦντα
2653 4113 2770 4182 οὐχί
2801 4113 3041 4182 μεθύειν,
3073 4113 3207 4166 ἀλλά
3237 4115 3428 4184 νήφειν
3452 4114 3535 4167 δεῖ
3563 4117 3660 4167 καὶ
3701 4117 3929 4186 ἐγρηγο-

2341 4197 2508 4268 ρέναι.
2546 4196 2678 4248 Ἀπὸ
2702 4197 2980 4266 τραπέζης
3010 4196 3084 4266 μὴ
3113 4197 3205 4248 ἐπὶ
3243 4196 3453 4267 κλίνην,
3489 4198 3608 4250 ἀλλ’
3641 4199 3728 4250 ἐπ’
3761 4200 3925 4268 εὐχὴν

2334 4279 2689 4350 τρεπώμεθα,
2742 4281 2829 4334 ἵνα
2889 4280 2965 4351 μὴ
3016 4279 3122 4332 τῶν
3185 4280 3397 4347 ἀλόγων
3455 4280 3789 4352 ἀλογώτεροι
3841 4300 3922 4351 γι-

2335 4362 2577 4433 νώμεθα.

2404 4446 2469 4499 θ’.
2494 4443 2626 4523 Οἶδα
2655 4445 2738 4499 ὅτι
2770 4445 2954 4499 πολλοὶ
2985 4445 3428 4516 καταγνώσονται
3460 4445 3570 4500 τῶν
3591 4447 3920 4518 λεγομένων,

2335 4531 2410 4594 ώς
2439 4533 2631 4603 καινήν
2661 4549 2784 4585 τινα
2808 4531 2903 4584 καὶ
2941 4530 3248 4604 παράδοξον
3278 4531 3569 4591 συνήθειαν
3589 4536 3924 4602 εἰσαγόντων

2334 4615 2412 4685 τῷ
2432 4615 2548 4686 βίῳ·
2571 4615 2685 4669 ἀλλ’
2703 4613 2814 4684 ἐγὼ
2835 4613 3098 4685 μειζόνως
3118 4616 3217 4686 τῆς
3237 4618 3480 4686 πονηρᾶς
3500 4618 3924 4691 καταγνώσομαι

2337 4698 2624 4769 συνηθείας
2647 4699 2745 4770 τῆς
2772 4699 2866 4752 νῦν
2892 4699 3230 4770 κατεχούσης
3261 4702 3410 4770 ἡμᾶς
3437 4699 3486 4753 ἀ.
3515 4701 3638 4754 Ὅτι
3657 4703 3767 4772 γὰρ
3790 4706 3923 4774 μετά

2334 4784 2542 4853 τροφὴν
2568 4784 2662 4835 καὶ
2691 4783 2972 4853 τράπεζαν
2999 4783 3098 4852 οὐχ
3121 4782 3286 4836 ὕπνον
3314 4783 3434 4836 οὐδὲ
3468 4784 3651 4856 εὐνὴν,
3689 4787 3804 4839 ἀλλ’
3832 4790 3923 4842 εὐ-

2336 4867 2435 4935 χάς
2456 4867 2550 4920 καὶ
2602 4867 2763 4921 θείων
2797 4867 3028 4939 Γραφῶν
3061 4866 3367 4935 ἀνάγνωσιν
3404 4867 3752 4938 διαδέχεσθαι
3798 4873 3922 4943 χρὴ,

2334 4948 2492 5002 τοῦτο
2517 4950 2849 5020 σαφέστερον
2873 4951 3143 5022 ἐδήλωσεν
3165 4952 3193 5004 ό
3217 4951 3474 5021 Χριστός.
3499 4951 3582 5004 Τά
3610 4952 3741 5020 γοῦν
3767 4955 3923 5009 ἀπει-

2337 5049 2406 5102 ρα
2437 5032 2614 5104 πλήθη
2639 5033 2760 5085 τότε
2796 5034 3054 5096 ἑστιάσας
3077 5034 3170 5087 ἐπὶ
3191 5036 3290 5104 τῆς
3318 5035 3549 5105 ἐρήμου,
3571 5036 3671 5088 οὐκ
3691 5039 3789 5091 ἐπὶ
3818 5039 3922 5092 κλί-

2335 5132 2433 5185 νην
2459 5116 2554 5169 καὶ
2583 5114 2750 5170 ὕπνον
2776 5117 2976 5180 αὐτοὺς
3001 5115 3269 5186 ἔπεμψεν,
3289 5117 3401 5170 ἀλλ’
3424 5119 3517 5171 ἐπὶ
3533 5118 3694 5172 θείων
3723 5121 3922 5192 ἀκρόα-

2339 5215 2424 5252 σιν
2453 5199 2680 5252 ἐκάλεσε
2734 5199 2952 5267 λογίων.
3000 5201 3074 5253 Οὐ
3104 5201 3214 5271 γὰρ
3265 5200 3554 5272 διέρρηξεν
3611 5203 3797 5258 αὐτῶν
3828 5205 3921 5269 τὰς

2336 5282 2630 5353 γαστέρας,
2654 5282 2776 5335 οὐδέ
2803 5285 2884 5346 είς
2915 5283 3089 5354 μέθην
3123 5283 3408 5350 ἐξέϐαλεν,
3454 5285 3592 5338 ἀλλὰ
3627 5287 3920 5359 πληρώσας

2336 5365 2516 5419 αὐτῶν
2558 5365 2656 5437 τὴν
2700 5368 2889 5439 χρείαν
2910 5409 2924 5432 ,
2972 5368 3111 5440 πρὸς
3137 5369 3237 5440 τὴν
3264 5369 3644 5441 πνευματικὴν
3667 5367 3774 5442 ἦγε
3802 5389 3922 5444 τρο-

2399 5539 2428 5577 b
2453 5539 2590 5608 Unps
2613 5553 2704 5608 ms:
2732 5542 3071 5608 πραγματείας,
3093 5543 3264 5608 ἵναέτῷ
3286 5544 3724 5605 στρατολογήσαντι
3759 5547 3923 5608 ἀρέσῃ.

2339 5601 2649 5662 Στρ’τιὼτης.
2692 5601 2815 5650 Inﬁ'a
2840 5610 2951 5663 post
2984 5607 3080 5650 τῶν
3123 5604 3199 5652 ἐπὶ
3240 5601 3324 5660 τῆς
3348 5601 3679 5663 ἡηνῆςύῑὶυδ
3703 5601 3805 5654 ms:
3835 5601 3922 5655 τιὶῖκ

2339 5663 2394 5730 ἐν.
2413 5664 2579 5730 εξοεξία
2603 5666 2808 5722 ζώντων,
2834 5666 2907 5712 sic
2949 5667 3208 5725 mendose,
3232 5664 3383 5715 Savil.
3412 5668 3462 5716 in
3484 5680 3640 5730 marg.
3665 5671 3765 5717 τῶν
3790 5669 3841 5718 ἐν
3859 5670 3916 5724 ἐξ

2338 5724 2483 5783 ωλείᾳ
2506 5725 2710 5776 ζώντων.

2402 5785 2425 5850 'f
2451 5785 2584 5850 υηυε
2607 5801 2693 5835 ms.
2727 5786 2874 5835 habet
2898 5788 3057 5850 μύρον,

2403 5847 2428 5884 d
2463 5845 2778 5909 Ἥμᾶςδόρεει
2799 5851 2846 5898 in
2870 5845 3160 5912 quibusdam
3185 5863 3301 5899 mss.

4043 116 4083 528 ί

3852 511 3942 558 Ξδει
4075 541 4080 558 .
