4142 6332
108 425 229 482 873

100 540 154 592 si
190 537 359 592 modo
379 534 667 605 sapiamus.
693 533 904 589 Etenim
930 534 973 591 si
999 533 1126 587 dum
1156 541 1215 585 tu
1242 530 1445 585 dormis
1472 532 1523 583 in
1551 530 1709 583 ebur-

101 645 221 684 neo
256 629 418 692 lecto,
462 637 636 682 tecum
661 635 898 696 reputes,
932 623 1072 694 quod
1113 624 1250 678 alius
1282 638 1350 677 ne
1375 635 1566 690 panem
1596 622 1712 690 qui-

99 721 238 775 dem
282 720 442 774 habet
464 733 570 788 quo
597 733 785 772 secure
809 725 1072 780 vescatur,
1106 728 1285 770 nonne
1306 722 1360 767 te
1391 723 1475 766 tua
1505 711 1710 765 conde-

106 812 333 865 mnabit
365 809 745 874 ~conscientia,
797 819 852 861 et
906 809 1144 876 insurget
1205 807 1258 860 in
1312 805 1711 858 accusationem

101 903 278 956 istius
305 900 718 970 inaequalitatis?
741 898 890 966 Quod
931 898 974 952 si
1005 900 1208 950 crimen
1245 905 1328 949 est
1353 894 1605 948 eburneis
1631 894 1712 946 in-

99 991 355 1046 dormire
395 992 567 1055 lectis,
612 1005 734 1044 cum
778 990 1012 1059 undique
1052 988 1212 1041 etiam
1255 996 1476 1055 argento
1515 983 1713 1038 fuerim

103 1085 427 1148 convestiti,
457 1097 616 1152 quam
653 1081 939 1136 aﬂeremus
978 1076 1422 1133 excusationem?
1467 1075 1559 1130 Vis
1588 1076 1710 1129 lecti

101 1175 302 1229 videre
344 1172 830 1243 pulchritudinem?
861 1172 972 1240 Ego
1010 1170 1103 1223 tibi
1153 1183 1294 1223 nunc
1319 1174 1706 1229 commonstro,

101 1280 220 1320 non
252 1265 469 1334 plebeii,
501 1280 673 1334 neque
712 1263 974 1327 militaris,
1003 1262 1094 1315 sed
1124 1261 1255 1328 regii
1285 1259 1406 1313 lecti
1437 1268 1705 1312 ornatum.

103 1358 332 1412 Etenim
359 1358 604 1426 quamvis
644 1357 806 1410 fueris
831 1355 1070 1409 omnium
1110 1352 1596 1416 ambitiosissimus,
1625 1359 1709 1404 sat

101 1450 249 1515 scio,
274 1465 382 1503 non
403 1449 614 1518 optabis
635 1450 729 1503 tibi
753 1450 948 1502 lectum
975 1445 1520 1516 pulchriorem—quam
1544 1443 1703 1511 regis,

105 1551 165 1595 et
201 1542 353 1612 quod
390 1541 563 1610 majus
589 1551 691 1606 est,
719 1541 859 1610 regis
887 1557 992 1593 non
1018 1538 1318 1608 cujuslibet,
1347 1537 1439 1591 sed
1469 1536 1707 1605 primarii

101 1647 411 1702 regumque
462 1633 696 1686 omnium
747 1631 983 1690 maximi,
1043 1630 1238 1697 quique
1288 1628 1340 1680 in
1390 1626 1706 1680 hodiernum

104 1738 287 1793 usque
299 1724 440 1778 diem
459 1723 763 1778 celebratur
781 1731 891 1775 toto
909 1728 1168 1774 terrarum
1187 1717 1334 1771 orbe.
1361 1717 1461 1781 En,
1481 1714 1704 1770 ostendo

106 1813 207 1867 tibi
231 1813 430 1868 lectum
460 1813 601 1867 beati
635 1813 868 1866 Davidis.
901 1811 1087 1878 Qualis
1115 1811 1274 1879 igitur
1292 1818 1407 1863 erat
1438 1809 1565 1863 ille?
1589 1808 1704 1862 Non

104 1912 344 1973 argento
373 1911 427 1958 et
452 1918 607 1968 auro,
635 1903 730 1957 sed
761 1902 992 1970 undique
1017 1902 1266 1972 lacrymis
1294 1909 1348 1955 et
1367 1900 1706 1954 confessione

101 2007 225 2049 erat
252 2005 559 2049 exornatus.
589 1995 713 2049 Ιίωο
742 1995 857 2064 ipse
886 1994 1081 2047 fatetur
1107 1994 1176 2046 ita
1205 1993 1427 2062 loquens
1457 2009 1468 2044 :
1505 1991 1704 2043 Lavabo

102 2103 200 2157 per
227 2088 459 2157 singulas
503 2098 672 2140 noctes
705 2089 888 2142 lectum
926 2064 1113 2155 meum,
1146 2087 1384 2156 lacrymis
1420 2085 1544 2138 meis
1576 2094 1706 2136 δῖνα.

101 2189 214 2233 tum
241 2197 410 2233 meum
433 2181 608 2250 rigabo
631 2179 802 2252 (Psal.
824 2179 878 2233 6.
910 2179 1008 2247 7.).
1041 2162 1222 2247 Itaque
1244 2178 1357 2232 vice
1382 2176 1696 2246 margarita-

101 2287 228 2325 rum
263 2272 495 2341 undique
523 2262 771 2342 lacrymis
798 2275 913 2325 erat
935 2270 1236 2324 distinctus.

176 2362 234 2417 8.
268 2363 363 2416 llic
381 2362 798 2416 mihiconsldera
817 2370 1046 2416 mentem
1062 2377 1242 2414 amore
1259 2359 1350 2414 Dei
1369 2346 1702 2428 flagrantem.

101 2455 244 2509 Nam
289 2457 538 2526 quoniam
577 2453 808 2509 interdiu
840 2454 1000 2508 variae
1031 2451 1414 2507 sollicitudines
1450 2465 1702 2518 curaeque

101 2547 431 2614 principum,
455 2545 671 2610 ducum,
691 2545 947 2613 gentium,
968 2544 1302 2612 populorum,
1322 2542 1572 2606 militum,
1600 2540 1705 2593 bel-

101 2636 304 2701 lorum,
322 2637 484 2704 pacis,
502 2635 736 2690 civilium
751 2650 814 2689 ac
826 2634 1240 2689 domesticorum
1256 2633 1606 2701 negotiorum,
1621 2647 1711 2685 eo-

102 2742 226 2780 rum
245 2741 363 2795 quae
381 2726 583 2794 procul,
602 2740 785 2779 eorum
803 2740 922 2794 quae
945 2739 1108 2794 prope
1124 2723 1489 2777 distrahebant
1506 2731 1556 2775 et
1577 2738 1706 2776 avo-

101 2818 301 2872 cabant
333 2818 623 2884 hominem,
649 2817 788 2886 quod
819 2818 912 2871 otii
935 2818 1114 2871 caateri
1143 2826 1463 2869 consumunt
1491 2831 1699 2877 somno,

105 2909 202 2962 ille
226 2909 278 2961 in
303 2908 656 2969 confessione,
690 2907 959 2978 lacrymis,
987 2922 1050 2960 ac
1075 2907 1316 2970 precibus
1341 2906 1698 2974 impendebat.

101 2999 292 3069 Neque
315 3000 364 3053 id
394 3005 462 3053 ita
487 3001 704 3054 faciebat
737 3018 830 3070 per
854 3016 1008 3054 uuam
1033 3009 1263 3065 noctem,
1291 3000 1529 3054 utaltcr‘a
1548 3002 1700 3069 quie-

103 3103 304 3153 sceret,
332 3106 501 3160 neque
523 3092 598 3144 sic
620 3107 714 3160 per
734 3092 866 3144 duas
887 3077 1082 3152 tresve.
1106 3098 1164 3144 ut
1185 3091 1393 3144 interim
1420 3091 1697 3159 deficeret,

105 3197 299 3235 verum
327 3183 543 3251 singulis
567 3182 810 3235 noctibus
832 3182 881 3234 id
911 3183 1136 3235 faciebat
1163 3181 1394 3235 :Lavabo
1423 3183 1586 3246 enim,
1619 3185 1700 3237 in-

104 3274 263 3341 quit,
303 3290 387 3336 per
433 3273 658 3338 singulas
707 3282 874 3326 noctes
921 3273 1101 3325 lectum
1152 3281 1407 3336 meum,“
1461 3273 1698 3344 lacrymis

103 3366 234 3419 mris
291 3376 498 3418 stratum
549 3382 712 3417 meum
766 3365 941 3435 rigabo
979 3380 997 3417 :
1037 3365 1287 3419 videlicet
1343 3363 1697 3436 lacrymarum

104 3459 406 3511 ubertatem
440 3457 766 3525 exprimens,
816 3457 975 3510 simul
1011 3465 1066 3510 et
1092 3457 1519 3525 perpetuitatem.
1562 3458 1696 3512 Cum

104 3565 298 3603 omnes
343 3549 578 3617 quietem
625 3557 678 3602 et
730 3548 896 3601 otium
942 3557 1180 3618 agerent,
1233 3548 1380 3601 solus
1435 3549 1521 3602 ille
1573 3556 1698 3602 tunc

105 3641 178 3695 De
195 3655 278 3692 om
313 3639 702 3708 interpellabat,
733 3649 788 3693 et
833 3639 1022 3692 aderat
1065 3639 1226 3708 sopiri
1261 3640 1474 3694 nescius
1510 3641 1698 3696 oculus

106 3731 337 3801 pioranti
368 3728 813 3800 lamen‘tanlique,
863 3746 1066 3800 sumque
1106 3731 1374 3799 profitenti
1404 3732 1564 3785 mala.
1601 3731 1698 3786 Ta-

110 3825 214 3876 ch
255 3829 306 3875 tu
352 3836 562 3890 quoque
611 3821 703 3874 tibi
753 3830 936 3889 parato
964 3821 1181 3875 lectum.
1227 3822 1360 3876 Nam
1406 3822 1574 3876 lectus
1620 3839 1697 3876 ar-

107 3923 270 3984 gento
301 3913 544 3967 obtectus
573 3927 695 3967 cum
727 3914 978 3967 invidiam
1026 3913 1302 3967 hominum
1333 3914 1550 3980 excitat,
1584 3923 1695 3968 tum

108 4007 241 4060 iram
271 4005 504 4075 supremi
533 4006 766 4059 numinis
789 4005 1110 4058 inflammat.

184 4097 447 4167 [Λα-φνας
472 4098 798 4167 mtinguunt
835 4097 1076 4166 gehennae
1098 4097 1406 4150 incendium.
1429 4127 1501 4137 —
1525 4098 1696 4152 Cmte-

111 4207 229 4247 rum
253 4191 384 4245 tales
405 4189 655 4261 lacrymze
682 4189 866 4257 quales
887 4198 1040 4242 erant
1069 4187 1301 4253 Davidis,
1333 4189 1502 4256 ipsum
1533 4190 1693 4243 etiam

111 4283 367 4352 gehenna:
417 4279 720 4335 incendium
778 4287 978 4334 norunt
1039 4279 1404 4348 exstinguere.
1461 4279 1553 4332 Vis
1600 4279 1695 4333 tibi

113 4376 274 4428 alium
312 4382 726 4429 commonstrem
772 4373 968 4427 lectum
999 4370 1207 4426 Jacob?
1243 4372 1426 4428 Solum
1468 4373 1696 4428 habebat

115 4465 462 4530 substratum,
492 4473 544 4518 et
575 4463 804 4533 lapidem
831 4465 990 4532 capiti
1031 4464 1387 4532 suppositum,
1419 4479 1588 4532 eoque
1615 4464 1694 4518 vi.

115 4557 353 4612 ditillum
385 4556 772 4626 intelligibilem
816 4555 1069 4626 lapidem,
1101 4572 1327 4626 eamque
1361 4557 1560 4610 scalam
1600 4573 1698 4626 per

118 4663 273 4719 quam
299 4649 660 4704 ascendebant
689 4663 752 4703 ac
777 4648 1176 4703 descendebant
1201 4648 1372 4717 angeli
1405 4646 1554 4716 (Gen.
1577 4647 1692 4718 28).

122 4741 428 4811 llujusmodi
476 4742 645 4796 lectos
680 4739 1064 4810 excogitemus,
1110 4748 1170 4794 ut
1209 4741 1471 4810 ejusmodi
1511 4741 1695 4794 videa-

121 4850 239 4892 mus
269 4835 493 4890 somnia.
526 4833 678 4902 Quod
718 4833 762 4888 si
790 4833 930 4887 lecto
955 4841 1208 4902 argenteo
1238 4833 1693 4907 indormierimus,

123 4944 228 4984 non
251 4927 407 4982 modo
428 4927 626 4982 nullam
656 4926 927 4995 capiemus
950 4924 1299 4992 voluptatem,
1329 4940 1512 4978 verum
1534 4924 1694 4979 etiam

123 5020 280 5076 animi
311 5018 608 5073 molestiam
639 5018 989 5086 perferemus.
1020 5014 1154 5069 Cum
1183 5016 1326 5069 enim
1363 5015 1456 5070 tibi
1481 5006 1696 5068 succur-

126 5112 213 5178 rit,
240 5110 374 5182 quod
408 5110 463 5166 in
490 5124 702 5164 summo
741 5108 919 5178 rigore
949 5107 1233 5176 mediaque
1271 5115 1450 5172 nocte,
1476 5107 1603 5162 dum
1641 5116 1697 5161 tu

125 5202 257 5257 lecto
281 5198 560 5266 indormis,
606 5214 810 5268 pauper
851 5198 903 5252 in
937 5197 1252 5252 balneorum
1279 5195 1576 5261 vestibulis,
1604 5212 1697 5265 pa-

127 5292 221 5347 leis
243 5291 521 5346 substratis
543 5289 779 5356 incubat,
805 5289 996 5343 culmis
1022 5289 1423 5352 circumtectus,
1457 5297 1698 5343 tremens

127 5397 190 5438 ac
215 5383 382 5452 rigore
405 5390 708 5446 concretus,
737 5379 879 5434 fame
905 5379 1209 5434 cruciatus:
1234 5379 1444 5434 etiamsi
1465 5380 1698 5433 maxime

129 5477 200 5531 sis
217 5473 469 5545 lapideus,
502 5483 585 5528 sat
627 5473 758 5536 scio,
787 5472 1168 5527 condemnabis
1199 5473 1450 5540 teipsum,
1479 5471 1608 5526 dum
1641 5482 1694 5526 tu

129 5569 261 5640 plus,
286 5582 442 5636 quam
463 5581 598 5637 opus
624 5576 738 5632 est,
756 5565 1041 5632 deliciaris,
1073 5581 1193 5620 cum
1221 5565 1298 5619 illi
1327 5579 1426 5620 nec
1453 5565 1518 5619 ad
1541 5581 1694 5620 usum

130 5669 380 5728 suppetat.
419 5659 626 5722 Nullus,
659 5658 851 5727 inquit,
883 5659 1119 5712 militans
1158 5658 1462 5727 implicatur
1492 5667 1695 5728 tempo-

130 5752 274 5808 rariis
297 5749 525 5820 negotiis
549 5767 562 5804 :
591 5750 742 5803 miles
766 5764 825 5804 cs
856 5749 1130 5818 spiritalis.
1163 5748 1311 5804 Talis
1335 5757 1514 5803 autem
1541 5750 1696 5804 miles

131 5858 228 5900 non
257 5841 444 5905 dormit
475 5843 528 5898 in
555 5841 690 5896 lecto
729 5842 985 5910 eburneo,
1026 5841 1119 5897 sed
1166 5840 1332 5897 humi.
1362 5839 1476 5896 Non
1504 5839 1692 5896 oblini-

1371 415 1460 470 ηε
1498 411 1774 470 LAZARO
1811 409 2057 467 CONCIO
2079 411 2141 496 ι.

3302 414 3405 474 978

1821 536 1908 582 tur
1931 529 2249 598 unguentis:
2281 544 2405 585 nam
2439 531 2537 587 ista
2565 546 2692 587 cura
2731 543 2815 588 cst
2844 535 3168 593 meretriciis
3201 540 3399 592 amori.

1813 622 1913 676 bus
1943 616 2330 690 implicatorum
2372 639 2436 677 ac
2465 621 2815 694 perditorum,
2851 627 3209 692 scenicorum,
3239 637 3419 697 atque

1814 711 1866 763 in
1897 710 2100 765 desidia
2132 711 2416 766 viventium
2450 714 2742 768 hominum.
2777 715 2852 769 Te
2886 731 3012 769 vero
3052 733 3156 770 non
3188 727 3401 783 oportet

1814 803 1962 858 olere
2007 816 2354 874 unguentum,
2414 806 2508 860 sed
2553 808 2756 875 spirare
2800 809 3068 862 virtutem.
3108 809 3249 862 Niliil
3294 811 3400 862 im-

1814 898 2065 952 mundius
2091 894 2287 966 aiiima,
2315 901 2522 968 quoties
2554 916 2748 969 corpus
2775 901 2935 956 talem
2963 903 3122 957 habet
3163 903 3400 972 fragran-

1815 990 1962 1043 tiam.
1990 989 2244 1061 Corporis
2271 992 2412 1046 enim
2448 1008 2511 1046 ac
2536 994 2762 1046 vestium
2805 994 3088 1064 fragrantia
3115 997 3288 1066 arguit
3318 998 3400 1050 in-

1816 1091 1899 1135 tus
1931 1082 2094 1138 latere
2121 1085 2356 1138 animum
2377 1086 2774 1156 graveolentem
2796 1097 2850 1141 et
2879 1088 3231 1142 immundum.
3259 1089 3395 1143 Cum

1813 1174 1956 1227 enim
1989 1174 2232 1228 diabolus
2257 1191 2556 1245 aggressus,
2589 1175 2793 1231 deliciis
2833 1181 3103 1233 enervarit
3141 1180 3396 1244 animam,

1813 1267 2064 1334 omnique
2095 1275 2307 1335 torpore
2346 1269 2716 1337 compleverit,
2759 1277 2870 1322 tum
2910 1281 2965 1323 et
3004 1285 3196 1339 corpus
3225 1271 3396 1340 ipsum

1813 1357 2168 1425 corruptionis
2213 1373 2323 1412 sua:
2371 1359 2619 1420 sordibus
2663 1375 2760 1428 per
2813 1371 3080 1430 unguenta
3139 1363 3308 1416 inficit
3345 1375 3401 1417 et

1811 1448 2157 1502 contaminat.
2200 1448 2308 1505 Nec
2350 1465 2504 1504 secus
2542 1461 2700 1521 atque
2727 1451 2780 1506 bi
2813 1454 2901 1522 qui
2946 1455 3129 1523 pituita
3169 1457 3280 1509 nasi
3311 1473 3372 1509 ca

1814 1539 2099 1610 tharroque
2124 1551 2384 1611 perpetuo
2413 1543 2674 1606 laborant,
2718 1553 2771 1598 et
2802 1555 2978 1599 vestes
3020 1556 3075 1600 et
3113 1563 3301 1602 manus
3346 1560 3400 1602 et

1811 1629 1999 1684 faciem
2031 1632 2416 1695 contaminant,
2446 1647 2511 1686 eo
2539 1633 2679 1702 quod
2707 1633 2934 1689 subinde
2965 1637 3171 1689 narium
3205 1638 3400 1704 proflu-

1812 1723 1955 1774 vium
1985 1722 2314 1791 abstergunt,
2353 1724 2529 1776 anima
2556 1739 2766 1793 quoque
2803 1725 2956 1779 istius
2981 1726 3127 1795 pravi
3156 1728 3400 1795 profluvii

1812 1813 2066 1866 malitiam
2111 1814 2160 1866 in
2193 1829 2385 1882 corpus
2428 1814 2700 1883 abstergit.
2733 1815 2864 1881 Quis
2901 1819 3043 1869 enim
3085 1819 3399 1885 prmclarum

1812 1902 2032 1970 aliquid,
2075 1911 2164 1955 aut
2190 1903 2340 1955 home
2367 1902 2532 1972 frugis
2559 1905 2864 1972 opinabitur
2887 1905 2954 1958 de
2994 1921 3060 1958 eo
3103 1908 3194 1976 qui
3231 1910 3401 1977 spirat

1812 2001 2102 2063 unguenta,
2144 1994 2232 2062 qui
2278 1995 2625 2048 muliebribus
2661 1994 2876 2063 gaudet,
2910 1997 2990 2049 vel
3023 1999 3195 2065 potius
3227 2014 3402 2053 mere-

1814 2086 1964 2140 tricie
1992 2101 2050 2140 se
2078 2087 2234 2154 gerit,
2259 2087 2346 2154 qui
2374 2085 2822 2140 saltatricularum
2849 2088 3009 2157 elegit
3050 2090 3252 2142 vitam?
3279 2091 3400 2159 Spi-

1812 2186 1894 2230 ret
1925 2176 2100 2229 anima
2147 2185 2231 2229 tua
2263 2176 2604 2246 fragrantiam
2639 2176 2986 2246 spiritualeni,
3019 2194 3124 2250 quo
3167 2191 3275 2235 tum
3308 2183 3400 2237 tibi

1812 2267 1932 2334 ipsi,
1963 2277 2071 2320 tum
2100 2267 2215 2319 aliis
2241 2276 2414 2321 tecum
2445 2268 2741 2322 viventibus
2762 2271 3046 2323 maximam
3074 2271 3267 2336 afferas
3298 2274 3399 2326 uti-

1815 2359 2034 2412 litatetn.

1882 2447 2092 2501 Daliriw
2115 2450 2568 2516 perniciosissimis.
2595 2479 2643 2492 ο-
2688 2448 2828 2509 nihil
2853 2461 2930 2505 est
2951 2451 3116 2519 enim,
3143 2454 3269 2508 nihil
3294 2468 3395 2523 est,

1812 2539 2046 2608 inquam,
2087 2540 2288 2594 deliciis
2327 2541 2695 2608 perniciostus.
2726 2544 2863 2596 Audi
2905 2559 3115 2597 rursum
3160 2547 3286 2614 quid
3331 2549 3403 2603 de

1813 2631 1914 2684 illis
1936 2631 2076 2684 dicat
2105 2630 2278 2684 Moses
2310 2649 2320 2682 :
2352 2629 2713 2700 lmpingua’tus
2737 2644 2829 2695 est,
2859 2634 3171 2688 inci-astutus
3192 2647 3286 2702 est,
3321 2639 3399 2690 di-

1811 2721 1995 2774 [alatus
2021 2731 2112 2785 est,
2146 2732 2190 2774 et
2221 2721 2552 2774 recalcitravit
2579 2723 2790 2776 dilectus
2817 2723 2993 2794 (Deut.
3027 2725 3117 2779 52.
3150 2727 3260 2798 i5).
3291 2730 3399 2785 Nec

1808 2813 1902 2875 ait,
1939 2814 2177 2876 recessit,
2219 2813 2330 2875 sed,
2379 2812 2736 2866 Recalcilravit
2769 2817 3002 2879 dilectus,
3050 2818 3187 2872 illius
3230 2822 3396 2874 intra-

1807 2904 2054 2956 ctabilem
2076 2904 2311 2956 animum
2341 2905 2492 2958 nobis
2557 2903 2850 2973 ignilicans.
2883 2908 3055 2975 Atque
3082 2910 3186 2962 alio
3213 2926 3396 2964 rursus

1807 2997 1965 3049 loco:
2004 2996 2102 3050 Ubi
2129 2998 2401 3049 comederis
2431 3013 2491 3049 ac
2536 2998 2736 3063 biberis,
2786 3015 2906 3051 cave
2943 3001 3048 3063 tibi,
3091 3019 3154 3054 ne
3193 3007 3397 3071 quando

1806 3086 2114 3140 obliviscaris
2173 3086 2382 3140 Domini
2441 3086 2539 3141 Dei
2583 3089 2655 3140 tui
2705 3087 2833 3162 (Id.
2864 3089 2918 3143 8.
2955 3091 3041 3146 10.
3074 3093 3197 3162 il).
3247 3094 3398 3148 Adeo

1805 3179 2012 3232 delicia:
2065 3180 2239 3251 solent
2300 3179 2366 3233 ad
2421 3181 2651 3234 numinis
2723 3182 3046 3236 oblivionem
3107 3185 3392 3241 adducere.

1805 3271 2034 3329 Rroinde
2065 3280 2118 3324 tu
2155 3286 2386 3340 quoque,
2417 3273 2713 3335 carissime,
2744 3286 2866 3328 eum
2913 3273 3117 3328 sederis
3147 3276 3212 3328 ad
3245 3292 3395 3330 men-

1804 3377 1938 3426 Sarn,
1991 3367 2260 3416 memento
2309 3363 2450 3432 quod
2497 3373 2615 3433 post
2655 3365 2957 3419 convivium
3006 3367 3266 3420 orandqu
3311 3379 3396 3423 est

1805 3454 1918 3507 tibi.
1964 3453 2037 3507 lta
2075 3453 2346 3507 moderate
2392 3464 2628 3508 ventrem
2675 3455 2851 3525 exple,
2883 3472 2950 3510 ne
2994 3471 3240 3528 gravatus
3287 3478 3394 3515 non

1801 3560 1965 3614 queas
1989 3559 2159 3614 genua
2201 3543 2434 3602 ﬂectere.
2480 3559 2542 3598 ac
2573 3547 2736 3599 Deum
2778 3547 3053 3601 invocare.
3089 3553 3282 3604 Annon
3311 3553 3390 3603 vi-

1802 3634 1962 3700 detis,
1991 3634 2130 3703 quod
2161 3635 2401 3703 jumenta
2425 3635 2611 3704 jugum
2643 3637 2886 3704 ferentia,
2936 3650 3279 3708 posteaquam
3325 3643 3393 3696 ad

1803 3744 2040 3798 praesepe
2063 3737 2210 3796 pasta
2238 3735 2381 3794 sunt,
2412 3730 2512 3782 iter
2537 3740 2718 3798 agunt,
2750 3746 2912 3785 onera
2947 3741 3169 3800 gestant,
3204 3750 3392 3786 suum-

1801 3839 1904 3892 que
1937 3822 2153 3891 explent
2179 3821 2567 3876 ministerium?
2593 3823 2672 3876 Tu
2695 3839 2820 3876 vero
2841 3825 2929 3893 qui
2957 3825 3158 3878 sublata
3184 3842 3388 3890 mensa,

1801 3917 1865 3969 ad
1883 3930 2040 3968 omne
2058 3930 2192 3983 opus
2210 3914 2406 3967 inutilis
2422 3929 2480 3968 es
2495 3923 2548 3969 et
2577 3915 2803 3983 ineptus,
2827 3932 2950 3968 num
2976 3919 3143 3970 vitare
3167 3920 3393 3986 poteris,

1801 4023 1905 4075 quo
1929 4007 2101 4060 minus
2122 4004 2350 4058 videaris
2370 4005 2533 4059 asinis
2549 4005 2818 4059 deterior?
2840 4007 3230 4073 Quamobrem?
3257 4009 3393 4076 Quia

1803 4108 1914 4153 tum
1957 4099 2188 4152 maxime
2225 4099 2474 4152 convenit
2517 4112 2635 4151 esse
2673 4097 2910 4151 sobrium
2946 4115 3009 4154 ac
3039 4101 3364 4169 vigilantem.

1873 4190 1914 4243 Α
1949 4190 2058 4243 cibo
2094 4199 2293 4259 sumpto
2319 4190 2664 4242 orandum.-—
2681 4189 2810 4243 Nam
2843 4199 3054 4261 tempus
3085 4203 3202 4261 post
3235 4209 3388 4247 men-

1801 4296 1912 4335 sam
1963 4280 2151 4351 agendi
2200 4282 2397 4350 gratias
2432 4289 2642 4350 tcmpus
2682 4292 2802 4335 est:
2853 4299 2956 4337 non
3007 4284 3160 4339 decet
3210 4297 3388 4341 autem

1801 4382 2044 4442 agentem
2087 4373 2286 4442 gratias
2327 4372 2531 4427 ebrium
2560 4388 2700 4437 esse,
2747 4374 2841 4426 sed
2886 4374 3124 4430 sobrium
3167 4391 3229 4430 ac
3260 4377 3390 4448 vigi-e

1802 4465 2020 4519 lantem.
2046 4466 2085 4517 A
2117 4478 2301 4518 mensa
2335 4479 2439 4517 non
2466 4463 2530 4516 ad
2553 4465 2772 4529 lectum,
2801 4465 2895 4518 sed
2925 4465 2989 4519 ad
3026 4468 3390 4534 precationem

1800 4569 2090 4621 vertanmr,
2133 4571 2199 4609 ne
2238 4554 2405 4609 brutis
2434 4554 2791 4609 animantibus
2831 4555 2998 4610 simus
3025 4559 3192 4628 magis
3222 4559 3385 4614 bruti.

1871 4647 1925 4701 9.
1966 4645 2099 4700 Novi
2129 4646 2240 4700 fore
2269 4647 2464 4699 multos
2489 4647 2576 4715 qui
2604 4645 2859 4700 damnent
2887 4660 2948 4700 ea
2979 4663 3097 4716 qua:
3136 4665 3276 4704 nunc
3299 4650 3385 4705 di-

1799 4749 2012 4804 cuntur,
2043 4727 2205 4793 veluii
2234 4754 2353 4808 qum
2391 4753 2581 4792 novam
2621 4738 2903 4807 quamdam
2935 4750 2991 4794 et
3033 4742 3222 4796 miram
3267 4744 3391 4800 vita

1800 4829 2237 4885 consuetudinem
2270 4829 2546 4884 invehant.
2575 4831 2641 4884 At
2668 4843 2769 4900 ego
2792 4831 2957 4900 magis
2981 4830 3246 4887 damnaho
3269 4850 3388 4903 pra-

1801 4937 1920 4977 vam
1941 4922 2402 4988 consuetudinem,
2431 4937 2550 4991 qua:
2573 4936 2713 4976 nunc
2729 4922 2977 4977 obtinuit.
3009 4923 3219 4978 Etenim
3245 4927 3388 4995 quod

1801 5027 1920 5087 post
1946 5017 2121 5071 cibum
2150 5031 2212 5071 ac
2237 5031 2475 5072 mensam
2505 5033 2611 5070 non
2638 5016 2706 5071 ad
2741 5033 2986 5073 somnum
3016 5027 3262 5091 oporteat
3285 5021 3384 5083 ire,

1802 5124 1903 5164 nec
1928 5108 1994 5163 ad
2016 5109 2210 5174 cubile,
2254 5108 2347 5162 sed
2376 5116 2620 5177 oporteat
2641 5109 2763 5162 cibo
2789 5125 2976 5178 preces
3002 5124 3066 5164 ac
3084 5110 3388 5168 divinarum

1801 5200 2192 5274 Scripturarum
2239 5199 2522 5254 lectionem
2569 5201 2876 5265 succedere,
2926 5201 3259 5257 manifestius
3289 5202 3386 5257 de-

1802 5291 2024 5346 claravit
2053 5293 2167 5361 ipse
2191 5291 2454 5352 Christus,
2479 5291 2566 5362 qui
2592 5307 2711 5346 cum
2743 5291 3058 5348 immensam
3082 5293 3389 5350 multitudi-

1805 5401 1926 5439 nem
1944 5385 2241 5453 excepisset
2255 5384 2498 5440 convivio
2516 5384 2569 5438 in
2584 5383 2817 5449 deserto,
2838 5401 2943 5438 non
2958 5401 3014 5443 re
3024 5385 3295 5440 vnisitillos
3319 5387 3387 5441 ad

1805 5477 1997 5531 lectum
2024 5485 2112 5529 aut
2142 5491 2385 5530 somnum
2404 5518 2419 5542 ,
2443 5476 2538 5531 sed
2580 5475 2648 5530 ad
2675 5476 2968 5531 audiendos
2993 5493 3274 5535 sermones
3302 5478 3390 5532 di-

1800 5569 1965 5624 vinos
2000 5567 2258 5621 invitavit.
2293 5566 2408 5620 Non
2451 5568 2594 5622 enim
2623 5567 2955 5622 distenderat
2997 5568 3384 5652 illorumlven-

1801 5669 1932 5722 tres,
1966 5674 2138 5728 neque
2182 5659 2246 5712 ad
2273 5660 2582 5714 ebrietatem
2625 5659 2927 5727 impulerat,
2955 5675 3137 5712 verum
3169 5659 3259 5713 ubi
3302 5673 3390 5713 sa-

1803 5759 2034 5805 turasset
2059 5750 2196 5814 illos,
2231 5760 2486 5820 quantum
2513 5750 2760 5820 exigebat
2796 5752 3104 5814 necessitas,
3132 5749 3198 5803 ad
3225 5749 3384 5818 spiri—

1809 5841 2004 5896 tualcm
2032 5839 2250 5896 adduxit
2282 5841 2608 5896 alimoniam.
2640 5840 2827 5896 Itidem
2855 5855 2951 5896 nos
2981 5855 3194 5911 quoque
3229 5834 3396 5891 fat-ia-
