  <div class='ocr_page' id='page_1' title='image "/cluster/home/n/w/nwhite01/storage/ocr_20150623/48/pst.000005712458/461.png"; bbox 0 0 4142 6332; ppageno 0'>
   <div class='ocr_carea' id='block_1_1' title="bbox 727 341 830 396">
    <p class='ocr_par' dir='ltr' id='par_1_1' title="bbox 727 341 830 396">
     <span class='ocr_line' id='line_1_1' title="bbox 727 341 830 396; baseline 0.058 -6"><span class='ocrx_word' id='word_1_1' title='bbox 727 341 830 396; x_wconf 73' lang='lat'><strong>97$</strong></span> 
     </span>
    </p>
   </div>
   <div class='ocr_carea' id='block_1_2' title="bbox 726 435 2301 518">
    <p class='ocr_par' dir='ltr' id='par_1_2' title="bbox 726 435 2301 518">
     <span class='ocr_line' id='line_1_2' title="bbox 726 435 2301 518; baseline -0.01 -14"><span class='ocrx_word' id='word_1_2' title='bbox 726 468 864 515; x_wconf 84' lang='lat' dir='ltr'><strong>mus,</strong></span> <span class='ocrx_word' id='word_1_3' title='bbox 894 465 1061 518; x_wconf 89' lang='lat' dir='ltr'><strong>eoque</strong></span> <span class='ocrx_word' id='word_1_4' title='bbox 1093 448 1251 502; x_wconf 90' lang='lat' dir='ltr'><strong>modo</strong></span> <span class='ocrx_word' id='word_1_5' title='bbox 1274 458 1686 501; x_wconf 75' lang='lat' dir='ltr'><strong>consuescamus</strong></span> <span class='ocrx_word' id='word_1_6' title='bbox 1713 456 1905 513; x_wconf 83' lang='lat' dir='ltr'><strong>capere</strong></span> <span class='ocrx_word' id='word_1_7' title='bbox 1931 441 2129 516; x_wconf 81' lang='lat' dir='ltr'><strong>cibum,</strong></span> <span class='ocrx_word' id='word_1_8' title='bbox 2160 447 2215 490; x_wconf 90' lang='lat' dir='ltr'><strong>ut</strong></span> <span class='ocrx_word' id='word_1_9' title='bbox 2235 435 2301 490; x_wconf 87' lang='lat' dir='ltr'><strong>ad</strong></span> 
     </span>
    </p>
   </div>
   <div class='ocr_carea' id='block_1_3' title="bbox 727 528 2306 598">
    <p class='ocr_par' dir='ltr' id='par_1_3' title="bbox 727 528 2306 598">
     <span class='ocr_line' id='line_1_3' title="bbox 727 528 2306 598; baseline -0.006 -7"><span class='ocrx_word' id='word_1_10' title='bbox 727 542 889 595; x_wconf 88' lang='lat' dir='ltr'><strong>vitam</strong></span> <span class='ocrx_word' id='word_1_11' title='bbox 921 538 1170 594; x_wconf 75' lang='lat' dir='ltr'><strong>tuendam</strong></span> <span class='ocrx_word' id='word_1_12' title='bbox 1198 537 1472 591; x_wconf 90' lang='lat' dir='ltr'><strong>dumtaxat</strong></span> <span class='ocrx_word' id='word_1_13' title='bbox 1495 534 1743 598; x_wconf 87' lang='lat' dir='ltr'><strong>sufliciat,</strong></span> <span class='ocrx_word' id='word_1_14' title='bbox 1786 548 1893 586; x_wconf 88' lang='lat' dir='ltr'><strong>non</strong></span> <span class='ocrx_word' id='word_1_15' title='bbox 1921 541 2102 585; x_wconf 83' lang='lat' dir='ltr'><strong>utnos</strong></span> <span class='ocrx_word' id='word_1_16' title='bbox 2132 528 2306 582; x_wconf 82' lang='lat' dir='ltr'><strong>valeat</strong></span> 
     </span>
    </p>
   </div>
   <div class='ocr_carea' id='block_1_4' title="bbox 726 629 1397 699">
    <p class='ocr_par' dir='ltr' id='par_1_4' title="bbox 726 629 1397 699">
     <span class='ocr_line' id='line_1_4' title="bbox 726 629 1397 699; baseline -0.004 -14"><span class='ocrx_word' id='word_1_17' title='bbox 726 629 1057 699; x_wconf 82' lang='lat' dir='ltr'><strong>disrumpere</strong></span> <span class='ocrx_word' id='word_1_18' title='bbox 1083 637 1139 683; x_wconf 90' lang='lat' dir='ltr'><strong>et</strong></span> <span class='ocrx_word' id='word_1_19' title='bbox 1157 643 1397 697; x_wconf 85' lang='lat' dir='ltr'><strong>gravare.</strong></span> 
     </span>
    </p>
   </div>
   <div class='ocr_carea' id='block_1_5' title="bbox 804 712 2300 777">
    <p class='ocr_par' dir='ltr' id='par_1_5' title="bbox 804 712 2300 777">
     <span class='ocr_line' id='line_1_5' title="bbox 804 712 2300 777; baseline -0.004 -5"><span class='ocrx_word' id='word_1_20' title='bbox 804 719 922 772; x_wconf 85' lang='lat' dir='ltr'><strong>Non</strong></span> <span class='ocrx_word' id='word_1_21' title='bbox 962 720 1106 772; x_wconf 89' lang='lat' dir='ltr'><strong>enim</strong></span> <span class='ocrx_word' id='word_1_22' title='bbox 1161 719 1216 770; x_wconf 90' lang='lat' dir='ltr'><strong>in</strong></span> <span class='ocrx_word' id='word_1_23' title='bbox 1263 718 1366 770; x_wconf 90' lang='lat' dir='ltr'><strong>hoc</strong></span> <span class='ocrx_word' id='word_1_24' title='bbox 1414 715 1523 768; x_wconf 90' lang='lat' dir='ltr'><strong>nati</strong></span> <span class='ocrx_word' id='word_1_25' title='bbox 1581 729 1769 768; x_wconf 89' lang='lat' dir='ltr'><strong>sumus</strong></span> <span class='ocrx_word' id='word_1_26' title='bbox 1821 727 1884 767; x_wconf 85' lang='lat' dir='ltr'><strong>ac</strong></span> <span class='ocrx_word' id='word_1_27' title='bbox 1936 712 2187 777; x_wconf 81' lang='lat' dir='ltr'><strong>vivimus,</strong></span> <span class='ocrx_word' id='word_1_28' title='bbox 2236 720 2300 766; x_wconf 90' lang='lat' dir='ltr'><strong>ut</strong></span> 
     </span>
    </p>
   </div>
   <div class='ocr_carea' id='block_1_6' title="bbox 734 803 2304 867">
    <p class='ocr_par' dir='ltr' id='par_1_6' title="bbox 734 803 2304 867">
     <span class='ocr_line' id='line_1_6' title="bbox 734 803 2304 867; baseline -0.003 -6"><span class='ocrx_word' id='word_1_29' title='bbox 734 811 957 864; x_wconf 84' lang='lat' dir='ltr'><strong>edamus</strong></span> <span class='ocrx_word' id='word_1_30' title='bbox 1004 824 1066 862; x_wconf 89' lang='lat' dir='ltr'><strong>ac</strong></span> <span class='ocrx_word' id='word_1_31' title='bbox 1105 808 1394 861; x_wconf 84' lang='lat' dir='ltr'><strong>bibamus:</strong></span> <span class='ocrx_word' id='word_1_32' title='bbox 1451 805 1544 859; x_wconf 89' lang='lat' dir='ltr'><strong>sed</strong></span> <span class='ocrx_word' id='word_1_33' title='bbox 1595 804 1716 858; x_wconf 86' lang='lat' dir='ltr'><strong>ideo</strong></span> <span class='ocrx_word' id='word_1_34' title='bbox 1758 803 1988 867; x_wconf 84' lang='lat' dir='ltr'><strong>edimus,</strong></span> <span class='ocrx_word' id='word_1_35' title='bbox 2040 811 2098 856; x_wconf 88' lang='lat' dir='ltr'><strong>ut</strong></span> <span class='ocrx_word' id='word_1_36' title='bbox 2152 803 2304 857; x_wconf 87' lang='lat' dir='ltr'><strong>viva-</strong></span> 
     </span>
    </p>
   </div>
   <div class='ocr_carea' id='block_1_7' title="bbox 701 879 2304 958">
    <p class='ocr_par' dir='ltr' id='par_1_7' title="bbox 701 879 2304 958">
     <span class='ocr_line' id='line_1_7' title="bbox 701 879 2304 958; baseline -0.001 -9"><span class='ocrx_word' id='word_1_37' title='bbox 701 933 704 936; x_wconf 44' lang='lat'><strong><em>.</em></strong></span> <span class='ocrx_word' id='word_1_38' title='bbox 735 913 874 950; x_wconf 90' lang='lat' dir='ltr'><strong>mus.</strong></span> <span class='ocrx_word' id='word_1_39' title='bbox 925 897 1006 950; x_wconf 83' lang='lat' dir='ltr'><strong>Ab</strong></span> <span class='ocrx_word' id='word_1_40' title='bbox 1038 896 1191 949; x_wconf 89' lang='lat' dir='ltr'><strong>initio</strong></span> <span class='ocrx_word' id='word_1_41' title='bbox 1224 911 1332 948; x_wconf 91' lang='lat' dir='ltr'><strong>non</strong></span> <span class='ocrx_word' id='word_1_42' title='bbox 1370 903 1486 948; x_wconf 88' lang='lat' dir='ltr'><strong>erat</strong></span> <span class='ocrx_word' id='word_1_43' title='bbox 1529 892 1632 947; x_wconf 89' lang='lat' dir='ltr'><strong>cibi</strong></span> <span class='ocrx_word' id='word_1_44' title='bbox 1681 879 1843 946; x_wconf 86' lang='lat' dir='ltr'><strong>causa</strong></span> <span class='ocrx_word' id='word_1_45' title='bbox 1881 893 2005 948; x_wconf 88' lang='lat' dir='ltr'><strong>data</strong></span> <span class='ocrx_word' id='word_1_46' title='bbox 2038 893 2162 958; x_wconf 89' lang='lat' dir='ltr'><strong>vita,</strong></span> <span class='ocrx_word' id='word_1_47' title='bbox 2210 894 2304 947; x_wconf 90' lang='lat' dir='ltr'><strong>sed</strong></span> 
     </span>
    </p>
   </div>
   <div class='ocr_carea' id='block_1_8' title="bbox 734 983 2308 1054">
    <p class='ocr_par' dir='ltr' id='par_1_8' title="bbox 734 983 2308 1054">
     <span class='ocr_line' id='line_1_8' title="bbox 734 983 2308 1054; baseline -0.001 -13"><span class='ocrx_word' id='word_1_48' title='bbox 734 988 860 1041; x_wconf 69' lang='lat' dir='ltr'><strong>vita:</strong></span> <span class='ocrx_word' id='word_1_49' title='bbox 901 1003 1062 1042; x_wconf 90' lang='lat' dir='ltr'><strong>causa</strong></span> <span class='ocrx_word' id='word_1_50' title='bbox 1093 987 1250 1050; x_wconf 89' lang='lat' dir='ltr'><strong>datus</strong></span> <span class='ocrx_word' id='word_1_51' title='bbox 1289 993 1373 1039; x_wconf 89' lang='lat' dir='ltr'><strong>est</strong></span> <span class='ocrx_word' id='word_1_52' title='bbox 1401 985 1570 1038; x_wconf 87' lang='lat' dir='ltr'><strong>cibus.</strong></span> <span class='ocrx_word' id='word_1_53' title='bbox 1605 983 1715 1038; x_wconf 88' lang='lat' dir='ltr'><strong>Nos</strong></span> <span class='ocrx_word' id='word_1_54' title='bbox 1749 1000 1877 1038; x_wconf 85' lang='lat' dir='ltr'><strong>vero</strong></span> <span class='ocrx_word' id='word_1_55' title='bbox 1896 985 2127 1053; x_wconf 78' lang='lat' dir='ltr'><strong>perinde</strong></span> <span class='ocrx_word' id='word_1_56' title='bbox 2156 986 2308 1054; x_wconf 90' lang='lat' dir='ltr'><strong>quasi</strong></span> 
     </span>
    </p>
   </div>
   <div class='ocr_carea' id='block_1_9' title="bbox 733 1073 2310 1147">
    <p class='ocr_par' dir='ltr' id='par_1_9' title="bbox 733 1073 2310 1147">
     <span class='ocr_line' id='line_1_9' title="bbox 733 1073 2310 1147; baseline -0.004 -13"><span class='ocrx_word' id='word_1_57' title='bbox 733 1081 804 1134; x_wconf 93' lang='lat' dir='ltr'><strong>ob</strong></span> <span class='ocrx_word' id='word_1_58' title='bbox 859 1081 960 1133; x_wconf 92' lang='lat' dir='ltr'><strong>hoc</strong></span> <span class='ocrx_word' id='word_1_59' title='bbox 1003 1079 1178 1147; x_wconf 92' lang='lat' dir='ltr'><strong>ipsum</strong></span> <span class='ocrx_word' id='word_1_60' title='bbox 1221 1078 1547 1133; x_wconf 79' lang='lat' dir='ltr'><strong>viveremus.</strong></span> <span class='ocrx_word' id='word_1_61' title='bbox 1603 1076 1673 1127; x_wconf 93' lang='lat' dir='ltr'><strong>ita</strong></span> <span class='ocrx_word' id='word_1_62' title='bbox 1722 1083 1915 1128; x_wconf 91' lang='lat' dir='ltr'><strong>cuncta</strong></span> <span class='ocrx_word' id='word_1_63' title='bbox 1968 1073 2019 1126; x_wconf 95' lang='lat' dir='ltr'><strong>in</strong></span> <span class='ocrx_word' id='word_1_64' title='bbox 2077 1075 2178 1128; x_wconf 91' lang='lat' dir='ltr'><strong>hoc</strong></span> <span class='ocrx_word' id='word_1_65' title='bbox 2227 1075 2310 1127; x_wconf 89' lang='lat' dir='ltr'><strong>in-</strong></span> 
     </span>
    </p>
   </div>
   <div class='ocr_carea' id='block_1_10' title="bbox 735 1165 2309 1224">
    <p class='ocr_par' dir='ltr' id='par_1_10' title="bbox 735 1165 2309 1224">
     <span class='ocr_line' id='line_1_10' title="bbox 735 1165 2309 1224; baseline -0.004 0"><span class='ocrx_word' id='word_1_66' title='bbox 735 1171 1020 1224; x_wconf 87' lang='lat' dir='ltr'><strong>sumimus.</strong></span> <span class='ocrx_word' id='word_1_67' title='bbox 1059 1170 1323 1223; x_wconf 68' lang='lat' dir='ltr'><strong>Caeterum</strong></span> <span class='ocrx_word' id='word_1_68' title='bbox 1358 1176 1415 1220; x_wconf 90' lang='lat' dir='ltr'><strong>ut</strong></span> <span class='ocrx_word' id='word_1_69' title='bbox 1459 1165 1828 1220; x_wconf 83' lang='lat' dir='ltr'><strong>vehementior</strong></span> <span class='ocrx_word' id='word_1_70' title='bbox 1877 1165 2042 1218; x_wconf 85' lang='lat' dir='ltr'><strong>etiam</strong></span> <span class='ocrx_word' id='word_1_71' title='bbox 2098 1166 2309 1218; x_wconf 80' lang='lat' dir='ltr'><strong>fiatde-</strong></span> 
     </span>
    </p>
   </div>
   <div class='ocr_carea' id='block_1_11' title="bbox 736 1238 2305 1330">
    <p class='ocr_par' dir='ltr' id='par_1_11' title="bbox 736 1238 2305 1330">
     <span class='ocr_line' id='line_1_11' title="bbox 736 1238 2305 1330; baseline -0.004 -15"><span class='ocrx_word' id='word_1_72' title='bbox 736 1262 977 1315; x_wconf 88' lang='lat' dir='ltr'><strong>lieiarum</strong></span> <span class='ocrx_word' id='word_1_73' title='bbox 1017 1238 1664 1330; x_wconf 20' lang='lat' dir='ltr'><strong>red-argntioiacriusque</strong></span> <span class='ocrx_word' id='word_1_74' title='bbox 1695 1265 1895 1326; x_wconf 87' lang='lat' dir='ltr'><strong>pungat</strong></span> <span class='ocrx_word' id='word_1_75' title='bbox 1938 1256 1993 1309; x_wconf 85' lang='lat' dir='ltr'><strong>in</strong></span> <span class='ocrx_word' id='word_1_76' title='bbox 2039 1255 2122 1308; x_wconf 94' lang='lat' dir='ltr'><strong>his</strong></span> <span class='ocrx_word' id='word_1_77' title='bbox 2147 1257 2305 1309; x_wconf 85' lang='lat' dir='ltr'><strong>vitam</strong></span> 
     </span>
    </p>
   </div>
   <div class='ocr_carea' id='block_1_12' title="bbox 735 1346 2306 1417">
    <p class='ocr_par' dir='ltr' id='par_1_12' title="bbox 735 1346 2306 1417">
     <span class='ocr_line' id='line_1_12' title="bbox 735 1346 2306 1417; baseline -0.003 -17"><span class='ocrx_word' id='word_1_78' title='bbox 735 1357 976 1416; x_wconf 76' lang='lat' dir='ltr'><strong>agentes.</strong></span> <span class='ocrx_word' id='word_1_79' title='bbox 1007 1363 1104 1416; x_wconf 85' lang='lat' dir='ltr'><strong>age</strong></span> <span class='ocrx_word' id='word_1_80' title='bbox 1138 1363 1325 1417; x_wconf 80' lang='lat' dir='ltr'><strong>rursus</strong></span> <span class='ocrx_word' id='word_1_81' title='bbox 1362 1348 1430 1401; x_wconf 92' lang='lat' dir='ltr'><strong>ad</strong></span> <span class='ocrx_word' id='word_1_82' title='bbox 1459 1347 1721 1398; x_wconf 81' lang='lat' dir='ltr'><strong>Lazarum</strong></span> <span class='ocrx_word' id='word_1_83' title='bbox 1759 1346 2054 1399; x_wconf 85' lang='lat' dir='ltr'><strong>referamus</strong></span> <span class='ocrx_word' id='word_1_84' title='bbox 2101 1360 2306 1396; x_wconf 81' lang='lat' dir='ltr'><strong>serum-</strong></span> 
     </span>
    </p>
   </div>
   <div class='ocr_carea' id='block_1_13' title="bbox 723 1418 2307 1506">
    <p class='ocr_par' dir='ltr' id='par_1_13' title="bbox 723 1418 2307 1506">
     <span class='ocr_line' id='line_1_13' title="bbox 723 1418 2307 1506; baseline -0.003 -14"><span class='ocrx_word' id='word_1_85' title='bbox 723 1418 880 1492; x_wconf 35' lang='lat' dir='ltr'><strong>‘nem.</strong></span> <span class='ocrx_word' id='word_1_86' title='bbox 926 1439 1039 1492; x_wconf 88' lang='lat' dir='ltr'><strong>lloc</strong></span> <span class='ocrx_word' id='word_1_87' title='bbox 1083 1438 1227 1493; x_wconf 90' lang='lat' dir='ltr'><strong>enim</strong></span> <span class='ocrx_word' id='word_1_88' title='bbox 1284 1447 1438 1506; x_wconf 86' lang='lat' dir='ltr'><strong>pacto</strong></span> <span class='ocrx_word' id='word_1_89' title='bbox 1490 1437 1600 1497; x_wconf 85' lang='lat' dir='ltr'><strong>fiet,</strong></span> <span class='ocrx_word' id='word_1_90' title='bbox 1635 1445 1693 1488; x_wconf 91' lang='lat' dir='ltr'><strong>ut</strong></span> <span class='ocrx_word' id='word_1_91' title='bbox 1731 1435 1884 1489; x_wconf 91' lang='lat' dir='ltr'><strong>nobis</strong></span> <span class='ocrx_word' id='word_1_92' title='bbox 1929 1436 1998 1490; x_wconf 87' lang='lat' dir='ltr'><strong>sit</strong></span> <span class='ocrx_word' id='word_1_93' title='bbox 2043 1435 2307 1489; x_wconf 79' lang='lat' dir='ltr'><strong>ellieacior</strong></span> 
     </span>
    </p>
   </div>
   <div class='ocr_carea' id='block_1_14' title="bbox 735 1519 2303 1596">
    <p class='ocr_par' dir='ltr' id='par_1_14' title="bbox 735 1519 2303 1596">
     <span class='ocr_line' id='line_1_14' title="bbox 735 1519 2303 1596; baseline -0.004 -13"><span class='ocrx_word' id='word_1_94' title='bbox 735 1530 1032 1583; x_wconf 82' lang='lat' dir='ltr'><strong>admonitio</strong></span> <span class='ocrx_word' id='word_1_95' title='bbox 1069 1519 1462 1596; x_wconf 77' lang='lat' dir='ltr'><strong>consiliumque</strong></span> <span class='ocrx_word' id='word_1_96' title='bbox 1494 1537 1753 1587; x_wconf 46' lang='lat' dir='ltr'><strong>nostrum,</strong></span> <span class='ocrx_word' id='word_1_97' title='bbox 1791 1542 1912 1579; x_wconf 88' lang='lat' dir='ltr'><strong>cum</strong></span> <span class='ocrx_word' id='word_1_98' title='bbox 1946 1526 2170 1579; x_wconf 78' lang='lat' dir='ltr'><strong>videatis</strong></span> <span class='ocrx_word' id='word_1_99' title='bbox 2197 1542 2303 1578; x_wconf 89' lang='lat' dir='ltr'><strong>non</strong></span> 
     </span>
    </p>
   </div>
   <div class='ocr_carea' id='block_1_15' title="bbox 736 1618 2306 1687">
    <p class='ocr_par' dir='ltr' id='par_1_15' title="bbox 736 1618 2306 1687">
     <span class='ocr_line' id='line_1_15' title="bbox 736 1618 2306 1687; baseline -0.003 -13"><span class='ocrx_word' id='word_1_100' title='bbox 736 1621 936 1683; x_wconf 88' lang='lat' dir='ltr'><strong>verbis,</strong></span> <span class='ocrx_word' id='word_1_101' title='bbox 984 1621 1077 1674; x_wconf 91' lang='lat' dir='ltr'><strong>sed</strong></span> <span class='ocrx_word' id='word_1_102' title='bbox 1134 1620 1286 1673; x_wconf 88' lang='lat' dir='ltr'><strong>factis</strong></span> <span class='ocrx_word' id='word_1_103' title='bbox 1335 1618 1529 1686; x_wconf 87' lang='lat' dir='ltr'><strong>corripi</strong></span> <span class='ocrx_word' id='word_1_104' title='bbox 1588 1619 1871 1687; x_wconf 88' lang='lat' dir='ltr'><strong>punirique</strong></span> <span class='ocrx_word' id='word_1_105' title='bbox 1917 1634 2032 1678; x_wconf 86' lang='lat' dir='ltr'><strong>eos.</strong></span> <span class='ocrx_word' id='word_1_106' title='bbox 2085 1619 2178 1686; x_wconf 92' lang='lat' dir='ltr'><strong>qui</strong></span> <span class='ocrx_word' id='word_1_107' title='bbox 2221 1618 2306 1670; x_wconf 86' lang='lat' dir='ltr'><strong>iii-</strong></span> 
     </span>
    </p>
   </div>
   <div class='ocr_carea' id='block_1_16' title="bbox 736 1709 2303 1780">
    <p class='ocr_par' dir='ltr' id='par_1_16' title="bbox 736 1709 2303 1780">
     <span class='ocr_line' id='line_1_16' title="bbox 736 1709 2303 1780; baseline -0.003 -14"><span class='ocrx_word' id='word_1_108' title='bbox 736 1712 957 1780; x_wconf 76' lang='lat' dir='ltr'><strong>dulgent</strong></span> <span class='ocrx_word' id='word_1_109' title='bbox 987 1711 1260 1780; x_wconf 88' lang='lat' dir='ltr'><strong>ingluviei.</strong></span> <span class='ocrx_word' id='word_1_110' title='bbox 1297 1711 1452 1764; x_wconf 89' lang='lat' dir='ltr'><strong>Dives</strong></span> <span class='ocrx_word' id='word_1_111' title='bbox 1493 1711 1654 1779; x_wconf 79' lang='lat' dir='ltr'><strong>igitur</strong></span> <span class='ocrx_word' id='word_1_112' title='bbox 1689 1710 1772 1764; x_wconf 92' lang='lat' dir='ltr'><strong>ille</strong></span> <span class='ocrx_word' id='word_1_113' title='bbox 1819 1726 1940 1763; x_wconf 91' lang='lat' dir='ltr'><strong>cum</strong></span> <span class='ocrx_word' id='word_1_114' title='bbox 1970 1720 2113 1764; x_wconf 89' lang='lat' dir='ltr'><strong>tanta</strong></span> <span class='ocrx_word' id='word_1_115' title='bbox 2158 1709 2303 1762; x_wconf 85' lang='lat' dir='ltr'><strong>vive-</strong></span> 
     </span>
    </p>
   </div>
   <div class='ocr_carea' id='block_1_17' title="bbox 738 1801 2306 1870">
    <p class='ocr_par' dir='ltr' id='par_1_17' title="bbox 738 1801 2306 1870">
     <span class='ocr_line' id='line_1_17' title="bbox 738 1801 2306 1870; baseline 0.001 -15"><span class='ocrx_word' id='word_1_116' title='bbox 738 1803 826 1856; x_wconf 89' lang='lat' dir='ltr'><strong>bat</strong></span> <span class='ocrx_word' id='word_1_117' title='bbox 864 1801 1225 1870; x_wconf 78' lang='lat' dir='ltr'><strong>improbitate,</strong></span> <span class='ocrx_word' id='word_1_118' title='bbox 1265 1802 1508 1868; x_wconf 79' lang='lat' dir='ltr'><strong>quotidie</strong></span> <span class='ocrx_word' id='word_1_119' title='bbox 1547 1801 1756 1855; x_wconf 90' lang='lat' dir='ltr'><strong>deliciis</strong></span> <span class='ocrx_word' id='word_1_120' title='bbox 1785 1816 2001 1865; x_wconf 91' lang='lat' dir='ltr'><strong>vacans,</strong></span> <span class='ocrx_word' id='word_1_121' title='bbox 2038 1802 2306 1870; x_wconf 87' lang='lat' dir='ltr'><strong>lautisque</strong></span> 
     </span>
    </p>
   </div>
   <div class='ocr_carea' id='block_1_18' title="bbox 737 1892 2304 1962">
    <p class='ocr_par' dir='ltr' id='par_1_18' title="bbox 737 1892 2304 1962">
     <span class='ocr_line' id='line_1_18' title="bbox 737 1892 2304 1962; baseline 0 -18"><span class='ocrx_word' id='word_1_122' title='bbox 737 1893 934 1962; x_wconf 87' lang='lat' dir='ltr'><strong>patinis</strong></span> <span class='ocrx_word' id='word_1_123' title='bbox 964 1892 1262 1957; x_wconf 76' lang='lat' dir='ltr'><strong>fruebatur,</strong></span> <span class='ocrx_word' id='word_1_124' title='bbox 1294 1901 1348 1946; x_wconf 90' lang='lat' dir='ltr'><strong>et</strong></span> <span class='ocrx_word' id='word_1_125' title='bbox 1371 1892 1668 1960; x_wconf 88' lang='lat' dir='ltr'><strong>splendidis</strong></span> <span class='ocrx_word' id='word_1_126' title='bbox 1690 1892 1929 1945; x_wconf 79' lang='lat' dir='ltr'><strong>vestibus</strong></span> <span class='ocrx_word' id='word_1_127' title='bbox 1961 1893 2304 1957; x_wconf 90' lang='lat' dir='ltr'><strong>induebatur,</strong></span> 
     </span>
    </p>
   </div>
   <div class='ocr_carea' id='block_1_19' title="bbox 738 1983 2307 2053">
    <p class='ocr_par' dir='ltr' id='par_1_19' title="bbox 738 1983 2307 2053">
     <span class='ocr_line' id='line_1_19' title="bbox 738 1983 2307 2053; baseline 0.002 -18"><span class='ocrx_word' id='word_1_128' title='bbox 738 1983 954 2053; x_wconf 83' lang='lat' dir='ltr'><strong>gravius</strong></span> <span class='ocrx_word' id='word_1_129' title='bbox 1003 1983 1104 2037; x_wconf 89' lang='lat' dir='ltr'><strong>sibi</strong></span> <span class='ocrx_word' id='word_1_130' title='bbox 1153 1983 1253 2051; x_wconf 89' lang='lat' dir='ltr'><strong>ipsi</strong></span> <span class='ocrx_word' id='word_1_131' title='bbox 1301 1983 1622 2052; x_wconf 88' lang='lat' dir='ltr'><strong>supplicium</strong></span> <span class='ocrx_word' id='word_1_132' title='bbox 1671 1998 1973 2048; x_wconf 72' lang='lat' dir='ltr'><strong>accersens,</strong></span> <span class='ocrx_word' id='word_1_133' title='bbox 2027 1984 2307 2052; x_wconf 83' lang='lat' dir='ltr'><strong>majusque</strong></span> 
     </span>
    </p>
   </div>
   <div class='ocr_carea' id='block_1_20' title="bbox 738 2072 2310 2142">
    <p class='ocr_par' dir='ltr' id='par_1_20' title="bbox 738 2072 2310 2142">
     <span class='ocr_line' id='line_1_20' title="bbox 738 2072 2310 2142; baseline 0.001 -17"><span class='ocrx_word' id='word_1_134' title='bbox 738 2089 947 2142; x_wconf 84' lang='lat' dir='ltr'><strong>parans</strong></span> <span class='ocrx_word' id='word_1_135' title='bbox 966 2073 1314 2138; x_wconf 87' lang='lat' dir='ltr'><strong>incendium,</strong></span> <span class='ocrx_word' id='word_1_136' title='bbox 1363 2089 1427 2127; x_wconf 88' lang='lat' dir='ltr'><strong>ac</strong></span> <span class='ocrx_word' id='word_1_137' title='bbox 1475 2072 1765 2126; x_wconf 84' lang='lat' dir='ltr'><strong>vindictam</strong></span> <span class='ocrx_word' id='word_1_138' title='bbox 1809 2073 1922 2126; x_wconf 89' lang='lat' dir='ltr'><strong>Dei-</strong></span> <span class='ocrx_word' id='word_1_139' title='bbox 1948 2075 2177 2128; x_wconf 89' lang='lat' dir='ltr'><strong>reddens</strong></span> <span class='ocrx_word' id='word_1_140' title='bbox 2212 2074 2310 2126; x_wconf 84' lang='lat' dir='ltr'><strong>iiii-</strong></span> 
     </span>
    </p>
   </div>
   <div class='ocr_carea' id='block_1_21' title="bbox 740 2163 2310 2241">
    <p class='ocr_par' dir='ltr' id='par_1_21' title="bbox 740 2163 2310 2241">
     <span class='ocr_line' id='line_1_21' title="bbox 740 2163 2310 2241; baseline 0.002 -26"><span class='ocrx_word' id='word_1_141' title='bbox 740 2163 1076 2232; x_wconf 89' lang='lat' dir='ltr'><strong>plaeabilem,</strong></span> <span class='ocrx_word' id='word_1_142' title='bbox 1106 2163 1365 2218; x_wconf 89' lang='lat' dir='ltr'><strong>ultionem</strong></span> <span class='ocrx_word' id='word_1_143' title='bbox 1387 2177 1732 2241; x_wconf 65' lang='lat' dir='ltr'><strong>exasperatis,</strong></span> <span class='ocrx_word' id='word_1_144' title='bbox 1757 2163 1835 2218; x_wconf 91' lang='lat' dir='ltr'><strong>sic</strong></span> <span class='ocrx_word' id='word_1_145' title='bbox 1868 2173 1926 2218; x_wconf 91' lang='lat' dir='ltr'><strong>ut</strong></span> <span class='ocrx_word' id='word_1_146' title='bbox 1955 2165 2126 2219; x_wconf 68' lang='lat' dir='ltr'><strong>veniae</strong></span> <span class='ocrx_word' id='word_1_147' title='bbox 2159 2165 2310 2219; x_wconf 89' lang='lat' dir='ltr'><strong>locus</strong></span> 
     </span>
    </p>
   </div>
   <div class='ocr_carea' id='block_1_22' title="bbox 737 2265 1054 2311">
    <p class='ocr_par' dir='ltr' id='par_1_22' title="bbox 737 2265 1054 2311">
     <span class='ocr_line' id='line_1_22' title="bbox 737 2265 1054 2311; baseline 0.003 -3"><span class='ocrx_word' id='word_1_148' title='bbox 737 2271 844 2310; x_wconf 92' lang='lat' dir='ltr'><strong>non</strong></span> <span class='ocrx_word' id='word_1_149' title='bbox 889 2265 1054 2311; x_wconf 88' lang='lat' dir='ltr'><strong>esset.</strong></span> 
     </span>
    </p>
   </div>
   <div class='ocr_carea' id='block_1_23' title="bbox 804 2341 2308 2415">
    <p class='ocr_par' dir='ltr' id='par_1_23' title="bbox 804 2341 2308 2415">
     <span class='ocr_line' id='line_1_23' title="bbox 804 2341 2308 2415; baseline -0.003 -17"><span class='ocrx_word' id='word_1_150' title='bbox 804 2344 1084 2414; x_wconf 79' lang='lat' dir='ltr'><strong>Paupertas</strong></span> <span class='ocrx_word' id='word_1_151' title='bbox 1116 2363 1215 2398; x_wconf 84' lang='lat' dir='ltr'><strong>non</strong></span> <span class='ocrx_word' id='word_1_152' title='bbox 1244 2343 1477 2415; x_wconf 81' lang='lat' dir='ltr'><strong>querula.</strong></span> <span class='ocrx_word' id='word_1_153' title='bbox 1505 2374 1575 2383; x_wconf 89' lang='lat'><strong><em>—</em></strong></span> <span class='ocrx_word' id='word_1_154' title='bbox 1609 2343 1811 2410; x_wconf 80' lang='lat' dir='ltr'><strong>Pauper</strong></span> <span class='ocrx_word' id='word_1_155' title='bbox 1841 2352 2014 2394; x_wconf 88' lang='lat' dir='ltr'><strong>autem</strong></span> <span class='ocrx_word' id='word_1_156' title='bbox 2044 2341 2308 2410; x_wconf 80' lang='lat' dir='ltr'><strong>projectus</strong></span> 
     </span>
    </p>
   </div>
   <div class='ocr_carea' id='block_1_24' title="bbox 727 2431 2306 2496">
    <p class='ocr_par' dir='ltr' id='par_1_24' title="bbox 727 2431 2306 2496">
     <span class='ocr_line' id='line_1_24' title="bbox 727 2431 2306 2496; baseline -0.003 -6"><span class='ocrx_word' id='word_1_157' title='bbox 727 2447 845 2490; x_wconf 80' lang='lat' dir='ltr'><strong>erat</strong></span> <span class='ocrx_word' id='word_1_158' title='bbox 871 2439 920 2490; x_wconf 91' lang='lat' dir='ltr'><strong>in</strong></span> <span class='ocrx_word' id='word_1_159' title='bbox 949 2437 1232 2496; x_wconf 85' lang='lat' dir='ltr'><strong>vestibulo,</strong></span> <span class='ocrx_word' id='word_1_160' title='bbox 1275 2451 1370 2488; x_wconf 88' lang='lat' dir='ltr'><strong>nec</strong></span> <span class='ocrx_word' id='word_1_161' title='bbox 1409 2445 1580 2486; x_wconf 88' lang='lat' dir='ltr'><strong>tamen</strong></span> <span class='ocrx_word' id='word_1_162' title='bbox 1609 2442 1723 2484; x_wconf 83' lang='lat' dir='ltr'><strong>erat</strong></span> <span class='ocrx_word' id='word_1_163' title='bbox 1749 2447 2009 2493; x_wconf 83' lang='lat' dir='ltr'><strong>morosus,</strong></span> <span class='ocrx_word' id='word_1_164' title='bbox 2040 2447 2137 2486; x_wconf 90' lang='lat' dir='ltr'><strong>nec</strong></span> <span class='ocrx_word' id='word_1_165' title='bbox 2163 2431 2306 2485; x_wconf 88' lang='lat' dir='ltr'><strong>dice-</strong></span> 
     </span>
    </p>
   </div>
   <div class='ocr_carea' id='block_1_25' title="bbox 729 2522 2308 2595">
    <p class='ocr_par' dir='ltr' id='par_1_25' title="bbox 729 2522 2308 2595">
     <span class='ocr_line' id='line_1_25' title="bbox 729 2522 2308 2595; baseline -0.005 -11"><span class='ocrx_word' id='word_1_166' title='bbox 729 2533 819 2584; x_wconf 89' lang='lat' dir='ltr'><strong>bat</strong></span> <span class='ocrx_word' id='word_1_167' title='bbox 845 2529 1102 2592; x_wconf 87' lang='lat' dir='ltr'><strong>convicia,</strong></span> <span class='ocrx_word' id='word_1_168' title='bbox 1146 2543 1242 2581; x_wconf 90' lang='lat' dir='ltr'><strong>nec</strong></span> <span class='ocrx_word' id='word_1_169' title='bbox 1287 2526 1674 2595; x_wconf 83' lang='lat' dir='ltr'><strong>indignabatur.</strong></span> <span class='ocrx_word' id='word_1_170' title='bbox 1707 2523 1818 2577; x_wconf 87' lang='lat' dir='ltr'><strong>Non</strong></span> <span class='ocrx_word' id='word_1_171' title='bbox 1845 2523 2055 2577; x_wconf 88' lang='lat' dir='ltr'><strong>dicebat</strong></span> <span class='ocrx_word' id='word_1_172' title='bbox 2084 2522 2220 2592; x_wconf 92' lang='lat' dir='ltr'><strong>apud</strong></span> <span class='ocrx_word' id='word_1_173' title='bbox 2249 2538 2308 2576; x_wconf 87' lang='lat' dir='ltr'><strong>se</strong></span> 
     </span>
    </p>
   </div>
   <div class='ocr_carea' id='block_1_26' title="bbox 728 2614 2309 2691">
    <p class='ocr_par' dir='ltr' id='par_1_26' title="bbox 728 2614 2309 2691">
     <span class='ocr_line' id='line_1_26' title="bbox 728 2614 2309 2691; baseline -0.003 -18"><span class='ocrx_word' id='word_1_174' title='bbox 728 2621 870 2691; x_wconf 87' lang='lat' dir='ltr'><strong>quod</strong></span> <span class='ocrx_word' id='word_1_175' title='bbox 900 2620 1082 2674; x_wconf 93' lang='lat' dir='ltr'><strong>dicunt</strong></span> <span class='ocrx_word' id='word_1_176' title='bbox 1127 2619 1465 2688; x_wconf 82' lang='lat' dir='ltr'><strong>complures:</strong></span> <span class='ocrx_word' id='word_1_177' title='bbox 1507 2616 1630 2685; x_wconf 89' lang='lat' dir='ltr'><strong>quid</strong></span> <span class='ocrx_word' id='word_1_178' title='bbox 1664 2616 1873 2669; x_wconf 88' lang='lat' dir='ltr'><strong>tandem</strong></span> <span class='ocrx_word' id='word_1_179' title='bbox 1913 2625 1995 2669; x_wconf 89' lang='lat' dir='ltr'><strong>est</strong></span> <span class='ocrx_word' id='word_1_180' title='bbox 2041 2614 2179 2668; x_wconf 88' lang='lat' dir='ltr'><strong>hoc?</strong></span> <span class='ocrx_word' id='word_1_181' title='bbox 2208 2615 2309 2668; x_wconf 90' lang='lat' dir='ltr'><strong>Iste</strong></span> 
     </span>
    </p>
   </div>
   <div class='ocr_carea' id='block_1_27' title="bbox 728 2705 2300 2779">
    <p class='ocr_par' dir='ltr' id='par_1_27' title="bbox 728 2705 2300 2779">
     <span class='ocr_line' id='line_1_27' title="bbox 728 2705 2300 2779; baseline -0.005 -17"><span class='ocrx_word' id='word_1_182' title='bbox 728 2711 817 2779; x_wconf 89' lang='lat' dir='ltr'><strong>qui</strong></span> <span class='ocrx_word' id='word_1_183' title='bbox 846 2709 1136 2778; x_wconf 88' lang='lat' dir='ltr'><strong>improbam</strong></span> <span class='ocrx_word' id='word_1_184' title='bbox 1156 2708 1528 2775; x_wconf 89' lang='lat' dir='ltr'><strong>crudelemque</strong></span> <span class='ocrx_word' id='word_1_185' title='bbox 1546 2706 1703 2758; x_wconf 90' lang='lat' dir='ltr'><strong>vitam</strong></span> <span class='ocrx_word' id='word_1_186' title='bbox 1732 2706 1837 2774; x_wconf 92' lang='lat' dir='ltr'><strong>agit</strong></span> <span class='ocrx_word' id='word_1_187' title='bbox 1866 2715 1919 2757; x_wconf 91' lang='lat' dir='ltr'><strong>et</strong></span> <span class='ocrx_word' id='word_1_188' title='bbox 1941 2705 2300 2767; x_wconf 82' lang='lat' dir='ltr'><strong>inhumanmn,</strong></span> 
     </span>
    </p>
   </div>
   <div class='ocr_carea' id='block_1_28' title="bbox 729 2795 2306 2869">
    <p class='ocr_par' dir='ltr' id='par_1_28' title="bbox 729 2795 2306 2869">
     <span class='ocr_line' id='line_1_28' title="bbox 729 2795 2306 2869; baseline -0.006 -13"><span class='ocrx_word' id='word_1_189' title='bbox 729 2801 977 2856; x_wconf 85' lang='lat' dir='ltr'><strong>Omnibus</strong></span> <span class='ocrx_word' id='word_1_190' title='bbox 1003 2815 1161 2869; x_wconf 89' lang='lat' dir='ltr'><strong>supra</strong></span> <span class='ocrx_word' id='word_1_191' title='bbox 1189 2815 1344 2869; x_wconf 90' lang='lat' dir='ltr'><strong>quam</strong></span> <span class='ocrx_word' id='word_1_192' title='bbox 1376 2813 1510 2867; x_wconf 85' lang='lat' dir='ltr'><strong>Opus</strong></span> <span class='ocrx_word' id='word_1_193' title='bbox 1549 2806 1631 2851; x_wconf 91' lang='lat' dir='ltr'><strong>est</strong></span> <span class='ocrx_word' id='word_1_194' title='bbox 1673 2795 1862 2849; x_wconf 81' lang='lat' dir='ltr'><strong>fruitur</strong></span> <span class='ocrx_word' id='word_1_195' title='bbox 1891 2795 2066 2857; x_wconf 87' lang='lat' dir='ltr'><strong>rebus,</strong></span> <span class='ocrx_word' id='word_1_196' title='bbox 2099 2809 2196 2848; x_wconf 90' lang='lat' dir='ltr'><strong>nec</strong></span> <span class='ocrx_word' id='word_1_197' title='bbox 2227 2795 2306 2847; x_wconf 76' lang='grc' dir='ltr'><strong>ιιι·</strong></span> 
     </span>
    </p>
   </div>
   <div class='ocr_carea' id='block_1_29' title="bbox 730 2886 2308 2958">
    <p class='ocr_par' dir='ltr' id='par_1_29' title="bbox 730 2886 2308 2958">
     <span class='ocr_line' id='line_1_29' title="bbox 730 2886 2308 2958; baseline -0.004 -12"><span class='ocrx_word' id='word_1_198' title='bbox 730 2892 834 2946; x_wconf 86' lang='lat' dir='ltr'><strong>lam</strong></span> <span class='ocrx_word' id='word_1_199' title='bbox 863 2892 1024 2946; x_wconf 86' lang='lat' dir='ltr'><strong>animi</strong></span> <span class='ocrx_word' id='word_1_200' title='bbox 1052 2892 1348 2944; x_wconf 86' lang='lat' dir='ltr'><strong>molestiam</strong></span> <span class='ocrx_word' id='word_1_201' title='bbox 1373 2890 1586 2958; x_wconf 91' lang='lat' dir='ltr'><strong>patitur,</strong></span> <span class='ocrx_word' id='word_1_202' title='bbox 1620 2903 1717 2942; x_wconf 88' lang='lat' dir='ltr'><strong>nec</strong></span> <span class='ocrx_word' id='word_1_203' title='bbox 1743 2887 1886 2940; x_wconf 88' lang='lat' dir='ltr'><strong>aliud</strong></span> <span class='ocrx_word' id='word_1_204' title='bbox 1915 2886 2308 2957; x_wconf 86' lang='lat' dir='ltr'><strong>quidquam’in-</strong></span> 
     </span>
    </p>
   </div>
   <div class='ocr_carea' id='block_1_30' title="bbox 729 2966 2308 3050">
    <p class='ocr_par' dir='ltr' id='par_1_30' title="bbox 729 2966 2308 3050">
     <span class='ocr_line' id='line_1_30' title="bbox 729 2966 2308 3050; baseline -0.004 -14"><span class='ocrx_word' id='word_1_205' title='bbox 729 2977 1024 3050; x_wconf 72' lang='lat' dir='ltr'><strong>opinatum,</strong></span> <span class='ocrx_word' id='word_1_206' title='bbox 1049 2982 1222 3050; x_wconf 85' lang='lat' dir='ltr'><strong>qualia</strong></span> <span class='ocrx_word' id='word_1_207' title='bbox 1256 2981 1418 3033; x_wconf 93' lang='lat' dir='ltr'><strong>multa</strong></span> <span class='ocrx_word' id='word_1_208' title='bbox 1445 2980 1617 3032; x_wconf 89' lang='lat' dir='ltr'><strong>solent</strong></span> <span class='ocrx_word' id='word_1_209' title='bbox 1656 2979 1706 3031; x_wconf 92' lang='lat' dir='ltr'><strong>in</strong></span> <span class='ocrx_word' id='word_1_210' title='bbox 1748 2979 1908 3033; x_wconf 85' lang='lat' dir='ltr'><strong>rebus</strong></span> <span class='ocrx_word' id='word_1_211' title='bbox 1949 2977 2192 3030; x_wconf 87' lang='lat' dir='ltr'><strong>humanis</strong></span> <span class='ocrx_word' id='word_1_212' title='bbox 2218 2966 2308 3030; x_wconf 83' lang='lat' dir='ltr'><strong>ac-</strong></span> 
     </span>
    </p>
   </div>
   <div class='ocr_carea' id='block_1_31' title="bbox 730 3069 2303 3140">
    <p class='ocr_par' dir='ltr' id='par_1_31' title="bbox 730 3069 2303 3140">
     <span class='ocr_line' id='line_1_31' title="bbox 730 3069 2303 3140; baseline -0.005 -12"><span class='ocrx_word' id='word_1_213' title='bbox 730 3075 928 3136; x_wconf 88' lang='lat' dir='ltr'><strong>cidere,</strong></span> <span class='ocrx_word' id='word_1_214' title='bbox 951 3073 1043 3127; x_wconf 89' lang='lat' dir='ltr'><strong>sed</strong></span> <span class='ocrx_word' id='word_1_215' title='bbox 1075 3087 1202 3140; x_wconf 90' lang='lat' dir='ltr'><strong>pura</strong></span> <span class='ocrx_word' id='word_1_216' title='bbox 1242 3073 1512 3138; x_wconf 87' lang='lat' dir='ltr'><strong>voluptate</strong></span> <span class='ocrx_word' id='word_1_217' title='bbox 1535 3070 1721 3122; x_wconf 91' lang='lat' dir='ltr'><strong>fruitur</strong></span> <span class='ocrx_word' id='word_1_218' title='bbox 1747 3087 1759 3121; x_wconf 92' lang='lat'><strong>:</strong></span> <span class='ocrx_word' id='word_1_219' title='bbox 1787 3069 1915 3122; x_wconf 91' lang='lat' dir='ltr'><strong>mihi</strong></span> <span class='ocrx_word' id='word_1_220' title='bbox 1946 3084 2072 3122; x_wconf 91' lang='lat' dir='ltr'><strong>vero</strong></span> <span class='ocrx_word' id='word_1_221' title='bbox 2099 3083 2164 3122; x_wconf 90' lang='lat' dir='ltr'><strong>ne</strong></span> <span class='ocrx_word' id='word_1_222' title='bbox 2191 3078 2303 3129; x_wconf 69' lang='lat' dir='ltr'><strong>tan,-</strong></span> 
     </span>
    </p>
   </div>
   <div class='ocr_carea' id='block_1_32' title="bbox 732 3163 2312 3234">
    <p class='ocr_par' dir='ltr' id='par_1_32' title="bbox 732 3163 2312 3234">
     <span class='ocr_line' id='line_1_32' title="bbox 732 3163 2312 3234; baseline -0.004 -14"><span class='ocrx_word' id='word_1_223' title='bbox 732 3177 842 3220; x_wconf 93' lang='lat' dir='ltr'><strong>tum</strong></span> <span class='ocrx_word' id='word_1_224' title='bbox 883 3165 1096 3234; x_wconf 86' lang='lat' dir='ltr'><strong>quidem</strong></span> <span class='ocrx_word' id='word_1_225' title='bbox 1131 3164 1432 3232; x_wconf 84' lang='lat' dir='ltr'><strong>impartitur</strong></span> <span class='ocrx_word' id='word_1_226' title='bbox 1469 3163 1752 3226; x_wconf 67' lang='lat' dir='ltr'><strong>alimonia),</strong></span> <span class='ocrx_word' id='word_1_227' title='bbox 1786 3173 2037 3231; x_wconf 89' lang='lat' dir='ltr'><strong>quantum</strong></span> <span class='ocrx_word' id='word_1_228' title='bbox 2082 3163 2312 3231; x_wconf 85' lang='lat' dir='ltr'><strong>postulat</strong></span> 
     </span>
    </p>
   </div>
   <div class='ocr_carea' id='block_1_33' title="bbox 732 3253 2304 3322">
    <p class='ocr_par' dir='ltr' id='par_1_33' title="bbox 732 3253 2304 3322">
     <span class='ocr_line' id='line_1_33' title="bbox 732 3253 2304 3322; baseline -0.003 -12"><span class='ocrx_word' id='word_1_229' title='bbox 732 3257 1043 3311; x_wconf 87' lang='lat' dir='ltr'><strong>necessitas.</strong></span> <span class='ocrx_word' id='word_1_230' title='bbox 1072 3255 1265 3309; x_wconf 76' lang='lat' dir='ltr'><strong>Verum</strong></span> <span class='ocrx_word' id='word_1_231' title='bbox 1300 3255 1383 3309; x_wconf 84' lang='lat' dir='ltr'><strong>isti</strong></span> <span class='ocrx_word' id='word_1_232' title='bbox 1413 3255 1499 3321; x_wconf 89' lang='lat' dir='ltr'><strong>qui</strong></span> <span class='ocrx_word' id='word_1_233' title='bbox 1531 3255 1581 3308; x_wconf 93' lang='lat' dir='ltr'><strong>in</strong></span> <span class='ocrx_word' id='word_1_234' title='bbox 1615 3255 1871 3322; x_wconf 84' lang='lat' dir='ltr'><strong>parasitus</strong></span> <span class='ocrx_word' id='word_1_235' title='bbox 1901 3264 1954 3308; x_wconf 89' lang='lat' dir='ltr'><strong>et</strong></span> <span class='ocrx_word' id='word_1_236' title='bbox 1982 3253 2304 3317; x_wconf 88' lang='lat' dir='ltr'><strong>adulatores,</strong></span> 
     </span>
    </p>
   </div>
   <div class='ocr_carea' id='block_1_34' title="bbox 731 3343 2313 3414">
    <p class='ocr_par' dir='ltr' id='par_1_34' title="bbox 731 3343 2313 3414">
     <span class='ocr_line' id='line_1_34' title="bbox 731 3343 2313 3414; baseline -0.003 -14"><span class='ocrx_word' id='word_1_237' title='bbox 731 3363 794 3400; x_wconf 86' lang='lat' dir='ltr'><strong>ac</strong></span> <span class='ocrx_word' id='word_1_238' title='bbox 835 3347 1195 3401; x_wconf 88' lang='lat' dir='ltr'><strong>temulentiam</strong></span> <span class='ocrx_word' id='word_1_239' title='bbox 1222 3344 1474 3414; x_wconf 86' lang='lat' dir='ltr'><strong>quidquid</strong></span> <span class='ocrx_word' id='word_1_240' title='bbox 1508 3344 1665 3397; x_wconf 89' lang='lat' dir='ltr'><strong>habet</strong></span> <span class='ocrx_word' id='word_1_241' title='bbox 1708 3345 1994 3409; x_wconf 89' lang='lat' dir='ltr'><strong>consumit,</strong></span> <span class='ocrx_word' id='word_1_242' title='bbox 2025 3359 2130 3397; x_wconf 93' lang='lat' dir='ltr'><strong>non</strong></span> <span class='ocrx_word' id='word_1_243' title='bbox 2159 3343 2313 3397; x_wconf 89' lang='lat' dir='ltr'><strong>aliter</strong></span> 
     </span>
    </p>
   </div>
   <div class='ocr_carea' id='block_1_35' title="bbox 731 3436 2307 3507">
    <p class='ocr_par' dir='ltr' id='par_1_35' title="bbox 731 3436 2307 3507">
     <span class='ocr_line' id='line_1_35' title="bbox 731 3436 2307 3507; baseline -0.002 -17"><span class='ocrx_word' id='word_1_244' title='bbox 731 3454 888 3507; x_wconf 86' lang='lat' dir='ltr'><strong>quam</strong></span> <span class='ocrx_word' id='word_1_245' title='bbox 942 3454 972 3492; x_wconf 93' lang='lat' dir='ltr'><strong>e</strong></span> <span class='ocrx_word' id='word_1_246' title='bbox 1005 3437 1148 3491; x_wconf 88' lang='lat' dir='ltr'><strong>fonte</strong></span> <span class='ocrx_word' id='word_1_247' title='bbox 1189 3447 1375 3491; x_wconf 90' lang='lat' dir='ltr'><strong>cuncta</strong></span> <span class='ocrx_word' id='word_1_248' title='bbox 1417 3437 1655 3490; x_wconf 83' lang='lat' dir='ltr'><strong>afﬂuunt.</strong></span> <span class='ocrx_word' id='word_1_249' title='bbox 1687 3437 1795 3505; x_wconf 81' lang='lat' dir='ltr'><strong>Ego</strong></span> <span class='ocrx_word' id='word_1_250' title='bbox 1822 3451 1980 3504; x_wconf 92' lang='lat' dir='ltr'><strong>porro</strong></span> <span class='ocrx_word' id='word_1_251' title='bbox 2009 3436 2093 3490; x_wconf 90' lang='lat' dir='ltr'><strong>hic</strong></span> <span class='ocrx_word' id='word_1_252' title='bbox 2133 3436 2307 3505; x_wconf 89' lang='lat' dir='ltr'><strong>jaceo,</strong></span> 
     </span>
    </p>
   </div>
   <div class='ocr_carea' id='block_1_36' title="bbox 733 3527 2310 3598">
    <p class='ocr_par' dir='ltr' id='par_1_36' title="bbox 733 3527 2310 3598">
     <span class='ocr_line' id='line_1_36' title="bbox 733 3527 2310 3598; baseline -0.003 -13"><span class='ocrx_word' id='word_1_253' title='bbox 733 3530 1035 3598; x_wconf 86' lang='lat' dir='ltr'><strong>exemplum</strong></span> <span class='ocrx_word' id='word_1_254' title='bbox 1066 3529 1129 3582; x_wconf 90' lang='lat' dir='ltr'><strong>iis</strong></span> <span class='ocrx_word' id='word_1_255' title='bbox 1158 3530 1246 3598; x_wconf 94' lang='lat' dir='ltr'><strong>qui</strong></span> <span class='ocrx_word' id='word_1_256' title='bbox 1276 3545 1360 3582; x_wconf 92' lang='lat' dir='ltr'><strong>me</strong></span> <span class='ocrx_word' id='word_1_257' title='bbox 1397 3529 1749 3598; x_wconf 83' lang='lat' dir='ltr'><strong>conspiciunt,</strong></span> <span class='ocrx_word' id='word_1_258' title='bbox 1789 3529 2040 3597; x_wconf 89' lang='lat' dir='ltr'><strong>probrum</strong></span> <span class='ocrx_word' id='word_1_259' title='bbox 2071 3543 2133 3582; x_wconf 89' lang='lat' dir='ltr'><strong>ac</strong></span> <span class='ocrx_word' id='word_1_260' title='bbox 2171 3527 2310 3581; x_wconf 93' lang='lat' dir='ltr'><strong>ludi-</strong></span> 
     </span>
    </p>
   </div>
   <div class='ocr_carea' id='block_1_37' title="bbox 736 3618 2310 3687">
    <p class='ocr_par' dir='ltr' id='par_1_37' title="bbox 736 3618 2310 3687">
     <span class='ocr_line' id='line_1_37' title="bbox 736 3618 2310 3687; baseline -0.002 -13"><span class='ocrx_word' id='word_1_261' title='bbox 736 3620 931 3685; x_wconf 89' lang='lat' dir='ltr'><strong>brium,</strong></span> <span class='ocrx_word' id='word_1_262' title='bbox 963 3619 1099 3674; x_wconf 89' lang='lat' dir='ltr'><strong>fame</strong></span> <span class='ocrx_word' id='word_1_263' title='bbox 1126 3619 1526 3674; x_wconf 89' lang='lat' dir='ltr'><strong>contabescens.</strong></span> <span class='ocrx_word' id='word_1_264' title='bbox 1551 3621 1630 3674; x_wconf 83' lang='lat' dir='ltr'><strong>An</strong></span> <span class='ocrx_word' id='word_1_265' title='bbox 1656 3618 1769 3672; x_wconf 74' lang='lat' dir='ltr'><strong>haec</strong></span> <span class='ocrx_word' id='word_1_266' title='bbox 1796 3628 1919 3672; x_wconf 90' lang='lat' dir='ltr'><strong>sunt</strong></span> <span class='ocrx_word' id='word_1_267' title='bbox 1943 3618 2310 3687; x_wconf 66' lang='lat' dir='ltr'><strong>providentiae?</strong></span> 
     </span>
    </p>
   </div>
   <div class='ocr_carea' id='block_1_38' title="bbox 737 3707 2309 3779">
    <p class='ocr_par' dir='ltr' id='par_1_38' title="bbox 737 3707 2309 3779">
     <span class='ocr_line' id='line_1_38' title="bbox 737 3707 2309 3779; baseline -0.001 -15"><span class='ocrx_word' id='word_1_268' title='bbox 737 3711 815 3764; x_wconf 76' lang='lat' dir='ltr'><strong>An</strong></span> <span class='ocrx_word' id='word_1_269' title='bbox 846 3709 953 3763; x_wconf 91' lang='lat' dir='ltr'><strong>ulla</strong></span> <span class='ocrx_word' id='word_1_270' title='bbox 993 3709 1195 3778; x_wconf 82' lang='lat' dir='ltr'><strong>justitia</strong></span> <span class='ocrx_word' id='word_1_271' title='bbox 1230 3709 1441 3779; x_wconf 83' lang='lat' dir='ltr'><strong>respicit</strong></span> <span class='ocrx_word' id='word_1_272' title='bbox 1473 3724 1557 3763; x_wconf 91' lang='lat' dir='ltr'><strong>res</strong></span> <span class='ocrx_word' id='word_1_273' title='bbox 1599 3707 1915 3777; x_wconf 73' lang='lat' dir='ltr'><strong>hominum?</strong></span> <span class='ocrx_word' id='word_1_274' title='bbox 1953 3707 2092 3762; x_wconf 88' lang='lat' dir='ltr'><strong>Nihil</strong></span> <span class='ocrx_word' id='word_1_275' title='bbox 2125 3708 2309 3763; x_wconf 91' lang='lat' dir='ltr'><strong>horum</strong></span> 
     </span>
    </p>
   </div>
   <div class='ocr_carea' id='block_1_39' title="bbox 736 3798 2313 3869">
    <p class='ocr_par' dir='ltr' id='par_1_39' title="bbox 736 3798 2313 3869">
     <span class='ocr_line' id='line_1_39' title="bbox 736 3798 2313 3869; baseline -0.001 -15"><span class='ocrx_word' id='word_1_276' title='bbox 736 3816 908 3869; x_wconf 89' lang='lat' dir='ltr'><strong>neque</strong></span> <span class='ocrx_word' id='word_1_277' title='bbox 935 3799 1087 3862; x_wconf 84' lang='lat' dir='ltr'><strong>dixit,</strong></span> <span class='ocrx_word' id='word_1_278' title='bbox 1115 3815 1285 3868; x_wconf 88' lang='lat' dir='ltr'><strong>neque</strong></span> <span class='ocrx_word' id='word_1_279' title='bbox 1313 3799 1578 3867; x_wconf 82' lang='lat' dir='ltr'><strong>cogitavit.</strong></span> <span class='ocrx_word' id='word_1_280' title='bbox 1607 3798 1758 3854; x_wconf 84' lang='lat' dir='ltr'><strong>Unde</strong></span> <span class='ocrx_word' id='word_1_281' title='bbox 1789 3799 1887 3852; x_wconf 87' lang='lat' dir='ltr'><strong>hoc</strong></span> <span class='ocrx_word' id='word_1_282' title='bbox 1918 3799 2116 3868; x_wconf 87' lang='lat' dir='ltr'><strong>liquet?</strong></span> <span class='ocrx_word' id='word_1_283' title='bbox 2149 3801 2221 3854; x_wconf 87' lang='lat' dir='ltr'><strong>Ex</strong></span> <span class='ocrx_word' id='word_1_284' title='bbox 2249 3816 2313 3853; x_wconf 87' lang='lat' dir='ltr'><strong>eo</strong></span> 
     </span>
    </p>
   </div>
   <div class='ocr_carea' id='block_1_40' title="bbox 736 3890 2310 3961">
    <p class='ocr_par' dir='ltr' id='par_1_40' title="bbox 736 3890 2310 3961">
     <span class='ocr_line' id='line_1_40' title="bbox 736 3890 2310 3961; baseline 0 -16"><span class='ocrx_word' id='word_1_285' title='bbox 736 3892 872 3961; x_wconf 88' lang='lat' dir='ltr'><strong>quod</strong></span> <span class='ocrx_word' id='word_1_286' title='bbox 895 3891 1063 3960; x_wconf 83' lang='lat' dir='ltr'><strong>angeli</strong></span> <span class='ocrx_word' id='word_1_287' title='bbox 1100 3891 1351 3960; x_wconf 90' lang='lat' dir='ltr'><strong>stipatum</strong></span> <span class='ocrx_word' id='word_1_288' title='bbox 1402 3891 1546 3943; x_wconf 91' lang='lat' dir='ltr'><strong>illum</strong></span> <span class='ocrx_word' id='word_1_289' title='bbox 1569 3890 1918 3956; x_wconf 87' lang='lat' dir='ltr'><strong>deduxerunt,</strong></span> <span class='ocrx_word' id='word_1_290' title='bbox 1952 3892 2110 3960; x_wconf 76' lang='lat' dir='ltr'><strong>inque</strong></span> <span class='ocrx_word' id='word_1_291' title='bbox 2137 3891 2310 3946; x_wconf 90' lang='lat' dir='ltr'><strong>sinum</strong></span> 
     </span>
    </p>
   </div>
   <div class='ocr_carea' id='block_1_41' title="bbox 737 3981 2313 4052">
    <p class='ocr_par' dir='ltr' id='par_1_41' title="bbox 737 3981 2313 4052">
     <span class='ocr_line' id='line_1_41' title="bbox 737 3981 2313 4052; baseline 0.001 -16"><span class='ocrx_word' id='word_1_292' title='bbox 737 3983 962 4036; x_wconf 79' lang='lat' dir='ltr'><strong>Abrahze</strong></span> <span class='ocrx_word' id='word_1_293' title='bbox 1008 3981 1244 4037; x_wconf 87' lang='lat' dir='ltr'><strong>delatum</strong></span> <span class='ocrx_word' id='word_1_294' title='bbox 1277 3981 1656 4051; x_wconf 89' lang='lat' dir='ltr'><strong>deposuerunt.</strong></span> <span class='ocrx_word' id='word_1_295' title='bbox 1697 3982 1846 4048; x_wconf 86' lang='lat' dir='ltr'><strong>Quod</strong></span> <span class='ocrx_word' id='word_1_296' title='bbox 1893 3983 1936 4036; x_wconf 90' lang='lat' dir='ltr'><strong>si</strong></span> <span class='ocrx_word' id='word_1_297' title='bbox 1969 3983 2313 4052; x_wconf 87' lang='lat' dir='ltr'><strong>blasphemus</strong></span> 
     </span>
    </p>
   </div>
   <div class='ocr_carea' id='block_1_42' title="bbox 737 4071 2307 4143">
    <p class='ocr_par' dir='ltr' id='par_1_42' title="bbox 737 4071 2307 4143">
     <span class='ocr_line' id='line_1_42' title="bbox 737 4071 2307 4143; baseline 0.001 -20"><span class='ocrx_word' id='word_1_298' title='bbox 737 4071 938 4135; x_wconf 85' lang='lat' dir='ltr'><strong>fuisset,</strong></span> <span class='ocrx_word' id='word_1_299' title='bbox 979 4088 1306 4142; x_wconf 85' lang='lat' dir='ltr'><strong>nequaquam</strong></span> <span class='ocrx_word' id='word_1_300' title='bbox 1355 4073 1428 4125; x_wconf 92' lang='lat' dir='ltr'><strong>illi</strong></span> <span class='ocrx_word' id='word_1_301' title='bbox 1477 4082 1676 4127; x_wconf 91' lang='lat' dir='ltr'><strong>tantum</strong></span> <span class='ocrx_word' id='word_1_302' title='bbox 1705 4074 2017 4143; x_wconf 90' lang='lat' dir='ltr'><strong>contigisset</strong></span> <span class='ocrx_word' id='word_1_303' title='bbox 2062 4074 2307 4128; x_wconf 87' lang='lat' dir='ltr'><strong>honoris.</strong></span> 
     </span>
    </p>
   </div>
   <div class='ocr_carea' id='block_1_43' title="bbox 739 4155 2316 4232">
    <p class='ocr_par' dir='ltr' id='par_1_43' title="bbox 739 4155 2316 4232">
     <span class='ocr_line' id='line_1_43' title="bbox 739 4155 2316 4232; baseline 0.002 -17"><span class='ocrx_word' id='word_1_304' title='bbox 739 4161 811 4216; x_wconf 89' lang='lat' dir='ltr'><strong>Ita</strong></span> <span class='ocrx_word' id='word_1_305' title='bbox 840 4163 1019 4215; x_wconf 72' lang='lat' dir='ltr'><strong>cmteri</strong></span> <span class='ocrx_word' id='word_1_306' title='bbox 1046 4163 1255 4232; x_wconf 86' lang='lat' dir='ltr'><strong>quidem</strong></span> <span class='ocrx_word' id='word_1_307' title='bbox 1283 4163 1350 4217; x_wconf 93' lang='lat' dir='ltr'><strong>ob</strong></span> <span class='ocrx_word' id='word_1_308' title='bbox 1379 4163 1479 4216; x_wconf 91' lang='lat' dir='ltr'><strong>hoc</strong></span> <span class='ocrx_word' id='word_1_309' title='bbox 1505 4163 1717 4217; x_wconf 92' lang='lat' dir='ltr'><strong>demum</strong></span> <span class='ocrx_word' id='word_1_310' title='bbox 1747 4172 2018 4232; x_wconf 86' lang='lat' dir='ltr'><strong>tantopere</strong></span> <span class='ocrx_word' id='word_1_311' title='bbox 2060 4155 2316 4218; x_wconf 84' lang='lat' dir='ltr'><strong>mirantur</strong></span> 
     </span>
    </p>
   </div>
   <div class='ocr_carea' id='block_1_44' title="bbox 734 4252 2316 4325">
    <p class='ocr_par' dir='ltr' id='par_1_44' title="bbox 734 4252 2316 4325">
     <span class='ocr_line' id='line_1_44' title="bbox 734 4252 2316 4325; baseline 0.001 -17"><span class='ocrx_word' id='word_1_312' title='bbox 734 4253 1004 4309; x_wconf 82' lang='lat' dir='ltr'><strong>hominem</strong></span> <span class='ocrx_word' id='word_1_313' title='bbox 1026 4252 1163 4322; x_wconf 83' lang='lat' dir='ltr'><strong>quod</strong></span> <span class='ocrx_word' id='word_1_314' title='bbox 1185 4254 1234 4306; x_wconf 91' lang='lat' dir='ltr'><strong>in</strong></span> <span class='ocrx_word' id='word_1_315' title='bbox 1251 4263 1554 4323; x_wconf 87' lang='lat' dir='ltr'><strong>paupertate</strong></span> <span class='ocrx_word' id='word_1_316' title='bbox 1573 4254 1780 4308; x_wconf 80' lang='lat' dir='ltr'><strong>vixerit.</strong></span> <span class='ocrx_word' id='word_1_317' title='bbox 1807 4255 1917 4325; x_wconf 85' lang='lat' dir='ltr'><strong>Ego</strong></span> <span class='ocrx_word' id='word_1_318' title='bbox 1931 4271 2056 4310; x_wconf 90' lang='lat' dir='ltr'><strong>vero</strong></span> <span class='ocrx_word' id='word_1_319' title='bbox 2071 4255 2236 4310; x_wconf 89' lang='lat' dir='ltr'><strong>doceo</strong></span> <span class='ocrx_word' id='word_1_320' title='bbox 2259 4256 2316 4309; x_wconf 80' lang='lat' dir='ltr'><strong>il-</strong></span> 
     </span>
    </p>
   </div>
   <div class='ocr_carea' id='block_1_45' title="bbox 740 4341 2312 4416">
    <p class='ocr_par' dir='ltr' id='par_1_45' title="bbox 740 4341 2312 4416">
     <span class='ocr_line' id='line_1_45' title="bbox 740 4341 2312 4416; baseline 0.004 -21"><span class='ocrx_word' id='word_1_321' title='bbox 740 4341 844 4396; x_wconf 89' lang='lat' dir='ltr'><strong>lum</strong></span> <span class='ocrx_word' id='word_1_322' title='bbox 866 4359 1051 4398; x_wconf 89' lang='lat' dir='ltr'><strong>novem</strong></span> <span class='ocrx_word' id='word_1_323' title='bbox 1075 4346 1331 4415; x_wconf 89' lang='lat' dir='ltr'><strong>supplicia</strong></span> <span class='ocrx_word' id='word_1_324' title='bbox 1355 4346 1650 4414; x_wconf 86' lang='lat' dir='ltr'><strong>pertulisse,</strong></span> <span class='ocrx_word' id='word_1_325' title='bbox 1674 4362 1776 4400; x_wconf 92' lang='lat' dir='ltr'><strong>non</strong></span> <span class='ocrx_word' id='word_1_326' title='bbox 1789 4362 1892 4416; x_wconf 91' lang='lat' dir='ltr'><strong>quo</strong></span> <span class='ocrx_word' id='word_1_327' title='bbox 1911 4347 2202 4416; x_wconf 87' lang='lat' dir='ltr'><strong>puniretur,</strong></span> <span class='ocrx_word' id='word_1_328' title='bbox 2222 4350 2312 4402; x_wconf 91' lang='lat' dir='ltr'><strong>sed</strong></span> 
     </span>
    </p>
   </div>
   <div class='ocr_carea' id='block_1_46' title="bbox 739 4439 2310 4510">
    <p class='ocr_par' dir='ltr' id='par_1_46' title="bbox 739 4439 2310 4510">
     <span class='ocr_line' id='line_1_46' title="bbox 739 4439 2310 4510; baseline 0.002 -20"><span class='ocrx_word' id='word_1_329' title='bbox 739 4453 843 4506; x_wconf 88' lang='lat' dir='ltr'><strong>quo</strong></span> <span class='ocrx_word' id='word_1_330' title='bbox 871 4439 1063 4491; x_wconf 91' lang='lat' dir='ltr'><strong>clarior</strong></span> <span class='ocrx_word' id='word_1_331' title='bbox 1094 4439 1439 4504; x_wconf 88' lang='lat' dir='ltr'><strong>redderetur;</strong></span> <span class='ocrx_word' id='word_1_332' title='bbox 1489 4440 1628 4509; x_wconf 91' lang='lat' dir='ltr'><strong>quod</strong></span> <span class='ocrx_word' id='word_1_333' title='bbox 1673 4440 1884 4510; x_wconf 90' lang='lat' dir='ltr'><strong>quidem</strong></span> <span class='ocrx_word' id='word_1_334' title='bbox 1912 4441 2072 4495; x_wconf 90' lang='lat' dir='ltr'><strong>etiam</strong></span> <span class='ocrx_word' id='word_1_335' title='bbox 2116 4444 2310 4496; x_wconf 84' lang='lat' dir='ltr'><strong>evenit.</strong></span> 
     </span>
    </p>
   </div>
   <div class='ocr_carea' id='block_1_47' title="bbox 812 4527 2314 4602">
    <p class='ocr_par' dir='ltr' id='par_1_47' title="bbox 812 4527 2314 4602">
     <span class='ocr_line' id='line_1_47' title="bbox 812 4527 2314 4602; baseline 0.005 -23"><span class='ocrx_word' id='word_1_336' title='bbox 812 4527 1095 4596; x_wconf 76' lang='lat' dir='ltr'><strong>Paupertas</strong></span> <span class='ocrx_word' id='word_1_337' title='bbox 1136 4531 1301 4599; x_wconf 77' lang='lat' dir='ltr'><strong>gravis</strong></span> <span class='ocrx_word' id='word_1_338' title='bbox 1331 4530 1438 4583; x_wconf 81' lang='lat' dir='ltr'><strong>sine</strong></span> <span class='ocrx_word' id='word_1_339' title='bbox 1467 4529 1808 4600; x_wconf 79' lang='lat' dir='ltr'><strong>p/iilosOphia.</strong></span> <span class='ocrx_word' id='word_1_340' title='bbox 1831 4561 1902 4570; x_wconf 92' lang='lat'><strong>—</strong></span> <span class='ocrx_word' id='word_1_341' title='bbox 1926 4530 2056 4585; x_wconf 80' lang='lat' dir='ltr'><strong>Nam</strong></span> <span class='ocrx_word' id='word_1_342' title='bbox 2085 4547 2314 4602; x_wconf 88' lang='lat' dir='ltr'><strong>pauper-</strong></span> 
     </span>
    </p>
   </div>
   <div class='ocr_carea' id='block_1_48' title="bbox 741 4621 2316 4692">
    <p class='ocr_par' dir='ltr' id='par_1_48' title="bbox 741 4621 2316 4692">
     <span class='ocr_line' id='line_1_48' title="bbox 741 4621 2316 4692; baseline 0.002 -18"><span class='ocrx_word' id='word_1_343' title='bbox 741 4630 820 4674; x_wconf 89' lang='lat' dir='ltr'><strong>tas</strong></span> <span class='ocrx_word' id='word_1_344' title='bbox 847 4621 1058 4690; x_wconf 86' lang='lat' dir='ltr'><strong>quidem</strong></span> <span class='ocrx_word' id='word_1_345' title='bbox 1086 4637 1168 4674; x_wconf 90' lang='lat' dir='ltr'><strong>res</strong></span> <span class='ocrx_word' id='word_1_346' title='bbox 1194 4631 1273 4675; x_wconf 91' lang='lat' dir='ltr'><strong>est</strong></span> <span class='ocrx_word' id='word_1_347' title='bbox 1303 4636 1424 4675; x_wconf 87' lang='lat' dir='ltr'><strong>vere</strong></span> <span class='ocrx_word' id='word_1_348' title='bbox 1449 4623 1665 4675; x_wconf 86' lang='lat' dir='ltr'><strong>molesta</strong></span> <span class='ocrx_word' id='word_1_349' title='bbox 1691 4639 1705 4674; x_wconf 94' lang='lat'><strong>:</strong></span> <span class='ocrx_word' id='word_1_350' title='bbox 1731 4621 1832 4677; x_wconf 91' lang='lat' dir='ltr'><strong>hoc</strong></span> <span class='ocrx_word' id='word_1_351' title='bbox 1858 4633 2052 4676; x_wconf 91' lang='lat' dir='ltr'><strong>norunt</strong></span> <span class='ocrx_word' id='word_1_352' title='bbox 2077 4626 2316 4692; x_wconf 84' lang='lat' dir='ltr'><strong>quicum-</strong></span> 
     </span>
    </p>
   </div>
   <div class='ocr_carea' id='block_1_49' title="bbox 743 4711 2313 4786">
    <p class='ocr_par' dir='ltr' id='par_1_49' title="bbox 743 4711 2313 4786">
     <span class='ocr_line' id='line_1_49' title="bbox 743 4711 2313 4786; baseline 0.004 -22"><span class='ocrx_word' id='word_1_353' title='bbox 743 4727 842 4780; x_wconf 79' lang='lat' dir='ltr'><strong>que</strong></span> <span class='ocrx_word' id='word_1_354' title='bbox 871 4721 994 4765; x_wconf 92' lang='lat' dir='ltr'><strong>sunt</strong></span> <span class='ocrx_word' id='word_1_355' title='bbox 1016 4712 1242 4780; x_wconf 82' lang='lat' dir='ltr'><strong>experti.</strong></span> <span class='ocrx_word' id='word_1_356' title='bbox 1275 4711 1382 4766; x_wconf 85' lang='lat' dir='ltr'><strong>Nec</strong></span> <span class='ocrx_word' id='word_1_357' title='bbox 1411 4713 1550 4767; x_wconf 89' lang='lat' dir='ltr'><strong>enim</strong></span> <span class='ocrx_word' id='word_1_358' title='bbox 1580 4714 1682 4766; x_wconf 89' lang='lat' dir='ltr'><strong>ulla</strong></span> <span class='ocrx_word' id='word_1_359' title='bbox 1718 4714 1886 4768; x_wconf 88' lang='lat' dir='ltr'><strong>oratio</strong></span> <span class='ocrx_word' id='word_1_360' title='bbox 1918 4715 2084 4784; x_wconf 89' lang='lat' dir='ltr'><strong>possit</strong></span> <span class='ocrx_word' id='word_1_361' title='bbox 2107 4718 2313 4786; x_wconf 90' lang='lat' dir='ltr'><strong>assequi</strong></span> 
     </span>
    </p>
   </div>
   <div class='ocr_carea' id='block_1_50' title="bbox 741 4803 2280 4875">
    <p class='ocr_par' dir='ltr' id='par_1_50' title="bbox 741 4803 2280 4875">
     <span class='ocr_line' id='line_1_50' title="bbox 741 4803 2280 4875; baseline 0.005 -19"><span class='ocrx_word' id='word_1_362' title='bbox 741 4803 1049 4869; x_wconf 85' lang='lat' dir='ltr'><strong>cruciatum,</strong></span> <span class='ocrx_word' id='word_1_363' title='bbox 1082 4818 1239 4872; x_wconf 87' lang='lat' dir='ltr'><strong>quem</strong></span> <span class='ocrx_word' id='word_1_364' title='bbox 1270 4803 1530 4857; x_wconf 75' lang='lat' dir='ltr'><strong>susunent</strong></span> <span class='ocrx_word' id='word_1_365' title='bbox 1578 4805 1608 4857; x_wconf 93' lang='lat' dir='ltr'><strong>ii</strong></span> <span class='ocrx_word' id='word_1_366' title='bbox 1637 4805 1726 4874; x_wconf 91' lang='lat' dir='ltr'><strong>qui</strong></span> <span class='ocrx_word' id='word_1_367' title='bbox 1760 4806 1809 4858; x_wconf 92' lang='lat' dir='ltr'><strong>in</strong></span> <span class='ocrx_word' id='word_1_368' title='bbox 1858 4815 2167 4875; x_wconf 88' lang='lat' dir='ltr'><strong>paupertate</strong></span> <span class='ocrx_word' id='word_1_369' title='bbox 2212 4809 2280 4863; x_wconf 90' lang='lat' dir='ltr'><strong>de</strong></span> 
     </span>
    </p>
   </div>
   <div class='ocr_carea' id='block_1_51' title="bbox 741 4893 2315 4964">
    <p class='ocr_par' dir='ltr' id='par_1_51' title="bbox 741 4893 2315 4964">
     <span class='ocr_line' id='line_1_51' title="bbox 741 4893 2315 4964; baseline 0.003 -17"><span class='ocrx_word' id='word_1_370' title='bbox 741 4903 889 4964; x_wconf 88' lang='lat' dir='ltr'><strong>gunt,</strong></span> <span class='ocrx_word' id='word_1_371' title='bbox 923 4893 967 4947; x_wconf 89' lang='lat' dir='ltr'><strong>si</strong></span> <span class='ocrx_word' id='word_1_372' title='bbox 995 4895 1233 4948; x_wconf 89' lang='lat' dir='ltr'><strong>nesciant</strong></span> <span class='ocrx_word' id='word_1_373' title='bbox 1261 4895 1335 4948; x_wconf 90' lang='lat' dir='ltr'><strong>uti</strong></span> <span class='ocrx_word' id='word_1_374' title='bbox 1366 4895 1721 4964; x_wconf 84' lang='lat' dir='ltr'><strong>philosophia.</strong></span> <span class='ocrx_word' id='word_1_375' title='bbox 1753 4895 1806 4950; x_wconf 88' lang='lat' dir='ltr'><strong>In</strong></span> <span class='ocrx_word' id='word_1_376' title='bbox 1835 4896 2033 4951; x_wconf 85' lang='lat' dir='ltr'><strong>Lazaro</strong></span> <span class='ocrx_word' id='word_1_377' title='bbox 2061 4914 2186 4952; x_wconf 90' lang='lat' dir='ltr'><strong>vero</strong></span> <span class='ocrx_word' id='word_1_378' title='bbox 2212 4915 2315 4952; x_wconf 92' lang='lat' dir='ltr'><strong>nou</strong></span> 
     </span>
    </p>
   </div>
   <div class='ocr_carea' id='block_1_52' title="bbox 745 4984 2284 5060">
    <p class='ocr_par' dir='ltr' id='par_1_52' title="bbox 745 4984 2284 5060">
     <span class='ocr_line' id='line_1_52' title="bbox 745 4984 2284 5060; baseline 0.003 -23"><span class='ocrx_word' id='word_1_379' title='bbox 745 4984 839 5038; x_wconf 88' lang='lat' dir='ltr'><strong>ista</strong></span> <span class='ocrx_word' id='word_1_380' title='bbox 868 4993 1067 5038; x_wconf 88' lang='lat' dir='ltr'><strong>tantum</strong></span> <span class='ocrx_word' id='word_1_381' title='bbox 1107 4996 1220 5038; x_wconf 91' lang='lat' dir='ltr'><strong>erat</strong></span> <span class='ocrx_word' id='word_1_382' title='bbox 1245 4985 1537 5060; x_wconf 80' lang='lat' dir='ltr'><strong>calamitas,</strong></span> <span class='ocrx_word' id='word_1_383' title='bbox 1568 5002 1748 5040; x_wconf 90' lang='lat' dir='ltr'><strong>verum</strong></span> <span class='ocrx_word' id='word_1_384' title='bbox 1777 4989 1934 5041; x_wconf 91' lang='lat' dir='ltr'><strong>etiam</strong></span> <span class='ocrx_word' id='word_1_385' title='bbox 1975 4987 2196 5043; x_wconf 86' lang='lat' dir='ltr'><strong>adversa</strong></span> <span class='ocrx_word' id='word_1_386' title='bbox 2225 5005 2284 5041; x_wconf 92' lang='lat' dir='ltr'><strong>va</strong></span> 
     </span>
    </p>
   </div>
   <div class='ocr_carea' id='block_1_53' title="bbox 746 5076 2320 5150">
    <p class='ocr_par' dir='ltr' id='par_1_53' title="bbox 746 5076 2320 5150">
     <span class='ocr_line' id='line_1_53' title="bbox 746 5076 2320 5150; baseline 0.004 -20"><span class='ocrx_word' id='word_1_387' title='bbox 746 5076 924 5132; x_wconf 91' lang='lat' dir='ltr'><strong>letudo</strong></span> <span class='ocrx_word' id='word_1_388' title='bbox 967 5086 1083 5130; x_wconf 89' lang='lat' dir='ltr'><strong>erat</strong></span> <span class='ocrx_word' id='word_1_389' title='bbox 1107 5076 1288 5140; x_wconf 84' lang='lat' dir='ltr'><strong>affixa,</strong></span> <span class='ocrx_word' id='word_1_390' title='bbox 1316 5085 1496 5146; x_wconf 83' lang='lat' dir='ltr'><strong>eaque</strong></span> <span class='ocrx_word' id='word_1_391' title='bbox 1538 5094 1695 5147; x_wconf 89' lang='lat' dir='ltr'><strong>supra</strong></span> <span class='ocrx_word' id='word_1_392' title='bbox 1726 5080 1938 5134; x_wconf 90' lang='lat' dir='ltr'><strong>modum</strong></span> <span class='ocrx_word' id='word_1_393' title='bbox 1965 5083 2157 5150; x_wconf 87' lang='lat' dir='ltr'><strong>gravis.</strong></span> <span class='ocrx_word' id='word_1_394' title='bbox 2190 5082 2320 5136; x_wconf 72' lang='lat' dir='ltr'><strong>Vide</strong></span> 
     </span>
    </p>
   </div>
   <div class='ocr_carea' id='block_1_54' title="bbox 745 5167 2321 5240">
    <p class='ocr_par' dir='ltr' id='par_1_54' title="bbox 745 5167 2321 5240">
     <span class='ocr_line' id='line_1_54' title="bbox 745 5167 2321 5240; baseline 0.003 -19"><span class='ocrx_word' id='word_1_395' title='bbox 745 5167 1002 5236; x_wconf 89' lang='lat' dir='ltr'><strong>siquidem</strong></span> <span class='ocrx_word' id='word_1_396' title='bbox 1035 5167 1478 5237; x_wconf 90' lang='lat' dir='ltr'><strong>quemadmodum</strong></span> <span class='ocrx_word' id='word_1_397' title='bbox 1501 5167 1734 5224; x_wconf 78' lang='lat' dir='ltr'><strong>declarat</strong></span> <span class='ocrx_word' id='word_1_398' title='bbox 1755 5180 2029 5240; x_wconf 85' lang='lat' dir='ltr'><strong>utramque</strong></span> <span class='ocrx_word' id='word_1_399' title='bbox 2051 5171 2321 5226; x_wconf 83' lang='lat' dir='ltr'><strong>calamita-</strong></span> 
     </span>
    </p>
   </div>
   <div class='ocr_carea' id='block_1_55' title="bbox 747 5258 2318 5333">
    <p class='ocr_par' dir='ltr' id='par_1_55' title="bbox 747 5258 2318 5333">
     <span class='ocr_line' id='line_1_55' title="bbox 747 5258 2318 5333; baseline 0.003 -21"><span class='ocrx_word' id='word_1_400' title='bbox 747 5269 852 5313; x_wconf 88' lang='lat' dir='ltr'><strong>tem</strong></span> <span class='ocrx_word' id='word_1_401' title='bbox 881 5258 945 5313; x_wconf 86' lang='lat' dir='ltr'><strong>ad</strong></span> <span class='ocrx_word' id='word_1_402' title='bbox 971 5274 1232 5313; x_wconf 90' lang='lat' dir='ltr'><strong>summum</strong></span> <span class='ocrx_word' id='word_1_403' title='bbox 1260 5259 1590 5328; x_wconf 86' lang='lat' dir='ltr'><strong>pervenisse.</strong></span> <span class='ocrx_word' id='word_1_404' title='bbox 1618 5261 1746 5315; x_wconf 88' lang='lat' dir='ltr'><strong>Nam</strong></span> <span class='ocrx_word' id='word_1_405' title='bbox 1775 5263 1914 5331; x_wconf 92' lang='lat' dir='ltr'><strong>quod</strong></span> <span class='ocrx_word' id='word_1_406' title='bbox 1944 5278 2153 5317; x_wconf 90' lang='lat' dir='ltr'><strong>omnem</strong></span> <span class='ocrx_word' id='word_1_407' title='bbox 2185 5279 2318 5333; x_wconf 74' lang='lat' dir='ltr'><strong>pau-</strong></span> 
     </span>
    </p>
   </div>
   <div class='ocr_carea' id='block_1_56' title="bbox 749 5347 2320 5422">
    <p class='ocr_par' dir='ltr' id='par_1_56' title="bbox 749 5347 2320 5422">
     <span class='ocr_line' id='line_1_56' title="bbox 749 5347 2320 5422; baseline 0.001 -20"><span class='ocrx_word' id='word_1_408' title='bbox 749 5359 1003 5418; x_wconf 87' lang='lat' dir='ltr'><strong>pertatem</strong></span> <span class='ocrx_word' id='word_1_409' title='bbox 1033 5349 1216 5404; x_wconf 86' lang='lat' dir='ltr'><strong>Lazari</strong></span> <span class='ocrx_word' id='word_1_410' title='bbox 1248 5347 1528 5420; x_wconf 76' lang='lat' dir='ltr'><strong>paupertas</strong></span> <span class='ocrx_word' id='word_1_411' title='bbox 1561 5359 1670 5405; x_wconf 92' lang='lat' dir='ltr'><strong>tum</strong></span> <span class='ocrx_word' id='word_1_412' title='bbox 1699 5354 2043 5422; x_wconf 81' lang='lat' dir='ltr'><strong>sopcraverit,</strong></span> <span class='ocrx_word' id='word_1_413' title='bbox 2080 5354 2320 5408; x_wconf 82' lang='lat' dir='ltr'><strong>declara-</strong></span> 
     </span>
    </p>
   </div>
   <div class='ocr_carea' id='block_1_57' title="bbox 747 5442 2323 5517">
    <p class='ocr_par' dir='ltr' id='par_1_57' title="bbox 747 5442 2323 5517">
     <span class='ocr_line' id='line_1_57' title="bbox 747 5442 2323 5517; baseline 0.004 -23"><span class='ocrx_word' id='word_1_414' title='bbox 747 5445 816 5495; x_wconf 92' lang='lat' dir='ltr'><strong>vit</strong></span> <span class='ocrx_word' id='word_1_415' title='bbox 851 5443 1050 5507; x_wconf 91' lang='lat' dir='ltr'><strong>dicens,</strong></span> <span class='ocrx_word' id='word_1_416' title='bbox 1075 5442 1214 5511; x_wconf 89' lang='lat' dir='ltr'><strong>quod</strong></span> <span class='ocrx_word' id='word_1_417' title='bbox 1246 5458 1310 5496; x_wconf 93' lang='lat' dir='ltr'><strong>ne</strong></span> <span class='ocrx_word' id='word_1_418' title='bbox 1339 5444 1490 5497; x_wconf 89' lang='lat' dir='ltr'><strong>micis</strong></span> <span class='ocrx_word' id='word_1_419' title='bbox 1526 5445 1740 5512; x_wconf 85' lang='lat' dir='ltr'><strong>quidem</strong></span> <span class='ocrx_word' id='word_1_420' title='bbox 1773 5448 1924 5515; x_wconf 91' lang='lat' dir='ltr'><strong>potiri</strong></span> <span class='ocrx_word' id='word_1_421' title='bbox 1956 5447 2178 5510; x_wconf 86' lang='lat' dir='ltr'><strong>licuerit,</strong></span> <span class='ocrx_word' id='word_1_422' title='bbox 2206 5464 2323 5517; x_wconf 72' lang='lat' dir='ltr'><strong>qua:</strong></span> 
     </span>
    </p>
   </div>
   <div class='ocr_carea' id='block_1_58' title="bbox 746 5532 2320 5608">
    <p class='ocr_par' dir='ltr' id='par_1_58' title="bbox 746 5532 2320 5608">
     <span class='ocr_line' id='line_1_58' title="bbox 746 5532 2320 5608; baseline 0.006 -25"><span class='ocrx_word' id='word_1_423' title='bbox 746 5532 1006 5586; x_wconf 67' lang='lat' dir='ltr'><strong>cadebant</strong></span> <span class='ocrx_word' id='word_1_424' title='bbox 1035 5533 1100 5585; x_wconf 91' lang='lat' dir='ltr'><strong>de</strong></span> <span class='ocrx_word' id='word_1_425' title='bbox 1128 5550 1308 5586; x_wconf 89' lang='lat' dir='ltr'><strong>mensa</strong></span> <span class='ocrx_word' id='word_1_426' title='bbox 1334 5534 1510 5587; x_wconf 84' lang='lat' dir='ltr'><strong>divitis</strong></span> <span class='ocrx_word' id='word_1_427' title='bbox 1539 5535 1688 5603; x_wconf 83' lang='lat' dir='ltr'><strong>(Luc.</strong></span> <span class='ocrx_word' id='word_1_428' title='bbox 1720 5538 1803 5590; x_wconf 76' lang='lat' dir='ltr'><strong>l6.</strong></span> <span class='ocrx_word' id='word_1_429' title='bbox 1833 5537 1890 5590; x_wconf 71' lang='lat' dir='ltr'><strong>2i</strong></span> <span class='ocrx_word' id='word_1_430' title='bbox 1910 5539 1944 5606; x_wconf 90' lang='lat'><strong>).</strong></span> <span class='ocrx_word' id='word_1_431' title='bbox 1977 5539 2141 5592; x_wconf 84' lang='lat' dir='ltr'><strong>Porro</strong></span> <span class='ocrx_word' id='word_1_432' title='bbox 2184 5539 2320 5608; x_wconf 89' lang='lat' dir='ltr'><strong>quod</strong></span> 
     </span>
    </p>
   </div>
   <div class='ocr_carea' id='block_1_59' title="bbox 749 5624 2320 5699">
    <p class='ocr_par' dir='ltr' id='par_1_59' title="bbox 749 5624 2320 5699">
     <span class='ocr_line' id='line_1_59' title="bbox 749 5624 2320 5699; baseline 0.005 -23"><span class='ocrx_word' id='word_1_433' title='bbox 749 5625 995 5679; x_wconf 82' lang='lat' dir='ltr'><strong>valetudo</strong></span> <span class='ocrx_word' id='word_1_434' title='bbox 1024 5640 1234 5694; x_wconf 91' lang='lat' dir='ltr'><strong>quoque</strong></span> <span class='ocrx_word' id='word_1_435' title='bbox 1261 5624 1324 5678; x_wconf 86' lang='lat' dir='ltr'><strong>ad</strong></span> <span class='ocrx_word' id='word_1_436' title='bbox 1345 5625 1585 5680; x_wconf 82' lang='lat' dir='ltr'><strong>eamdem</strong></span> <span class='ocrx_word' id='word_1_437' title='bbox 1611 5644 1909 5682; x_wconf 84' lang='lat' dir='ltr'><strong>mensuram</strong></span> <span class='ocrx_word' id='word_1_438' title='bbox 1939 5632 2232 5699; x_wconf 79' lang='lat' dir='ltr'><strong>pervenerit</strong></span> <span class='ocrx_word' id='word_1_439' title='bbox 2258 5631 2320 5684; x_wconf 89' lang='lat' dir='ltr'><strong>ad</strong></span> 
     </span>
    </p>
   </div>
   <div class='ocr_carea' id='block_1_60' title="bbox 749 5715 2322 5793">
    <p class='ocr_par' dir='ltr' id='par_1_60' title="bbox 749 5715 2322 5793">
     <span class='ocr_line' id='line_1_60' title="bbox 749 5715 2322 5793; baseline 0.004 -24"><span class='ocrx_word' id='word_1_440' title='bbox 749 5733 905 5784; x_wconf 86' lang='lat' dir='ltr'><strong>quam</strong></span> <span class='ocrx_word' id='word_1_441' title='bbox 931 5727 1231 5787; x_wconf 84' lang='lat' dir='ltr'><strong>paupertas,</strong></span> <span class='ocrx_word' id='word_1_442' title='bbox 1263 5715 1396 5771; x_wconf 85' lang='lat' dir='ltr'><strong>ultra</strong></span> <span class='ocrx_word' id='word_1_443' title='bbox 1424 5732 1578 5787; x_wconf 84' lang='lat' dir='ltr'><strong>quam</strong></span> <span class='ocrx_word' id='word_1_444' title='bbox 1612 5735 1719 5774; x_wconf 88' lang='lat' dir='ltr'><strong>non</strong></span> <span class='ocrx_word' id='word_1_445' title='bbox 1752 5733 1926 5791; x_wconf 74' lang='lat' dir='ltr'><strong>posset</strong></span> <span class='ocrx_word' id='word_1_446' title='bbox 1954 5722 2180 5793; x_wconf 87' lang='lat' dir='ltr'><strong>amplius</strong></span> <span class='ocrx_word' id='word_1_447' title='bbox 2202 5737 2322 5793; x_wconf 84' lang='lat' dir='ltr'><strong>pro—</strong></span> 
     </span>
    </p>
   </div>
   <div class='ocr_carea' id='block_1_61' title="bbox 1431 323 3947 388">
    <p class='ocr_par' dir='ltr' id='par_1_61' title="bbox 1431 323 3947 388">
     <span class='ocr_line' id='line_1_61' title="bbox 1431 323 3947 388; baseline -0.004 0"><span class='ocrx_word' id='word_1_448' title='bbox 1431 335 1484 388; x_wconf 86' lang='lat' dir='ltr'><strong>S.</strong></span> <span class='ocrx_word' id='word_1_449' title='bbox 1527 327 1801 386; x_wconf 66' lang='lat' dir='ltr'><strong>JUANNIS</strong></span> <span class='ocrx_word' id='word_1_450' title='bbox 1838 325 2302 382; x_wconf 71' lang='lat' dir='ltr'><strong>CllllYSOSTOMI</strong></span> <span class='ocrx_word' id='word_1_451' title='bbox 2342 323 2652 379; x_wconf 71' lang='lat' dir='ltr'><strong>AllCllllil&#39;.</strong></span> <span class='ocrx_word' id='word_1_452' title='bbox 2693 324 3220 379; x_wconf 70' lang='lat' dir='ltr'><strong>CONS&#39;I‘ANTINOP.</strong></span> <span class='ocrx_word' id='word_1_453' title='bbox 3889 328 3947 380; x_wconf 66' lang='lat'><strong>97$</strong></span> 
     </span>
    </p>
   </div>
   <div class='ocr_carea' id='block_1_62' title="bbox 2417 436 3948 506">
    <p class='ocr_par' dir='ltr' id='par_1_62' title="bbox 2417 436 3948 506">
     <span class='ocr_line' id='line_1_62' title="bbox 2417 436 3948 506; baseline 0.002 -17"><span class='ocrx_word' id='word_1_454' title='bbox 2417 437 2594 499; x_wconf 66' lang='lat' dir='ltr'><strong>ferri,-</strong></span> <span class='ocrx_word' id='word_1_455' title='bbox 2615 446 2667 490; x_wconf 91' lang='lat' dir='ltr'><strong>et</strong></span> <span class='ocrx_word' id='word_1_456' title='bbox 2707 436 2757 489; x_wconf 90' lang='lat' dir='ltr'><strong>id</strong></span> <span class='ocrx_word' id='word_1_457' title='bbox 2801 452 3013 506; x_wconf 85' lang='lat' dir='ltr'><strong>quoque</strong></span> <span class='ocrx_word' id='word_1_458' title='bbox 3041 453 3223 491; x_wconf 91' lang='lat' dir='ltr'><strong>rursus</strong></span> <span class='ocrx_word' id='word_1_459' title='bbox 3260 437 3576 502; x_wconf 79' lang='lat' dir='ltr'><strong>declaravit,</strong></span> <span class='ocrx_word' id='word_1_460' title='bbox 3613 437 3821 500; x_wconf 86' lang='lat' dir='ltr'><strong>dicens,</strong></span> <span class='ocrx_word' id='word_1_461' title='bbox 3859 443 3948 506; x_wconf 61' lang='lat' dir='ltr'><strong>qn</strong></span> 
     </span>
    </p>
   </div>
   <div class='ocr_carea' id='block_1_63' title="bbox 2410 526 3946 597">
    <p class='ocr_par' dir='ltr' id='par_1_63' title="bbox 2410 526 3946 597">
     <span class='ocr_line' id='line_1_63' title="bbox 2410 526 3946 597; baseline -0.001 -16"><span class='ocrx_word' id='word_1_462' title='bbox 2410 542 2570 581; x_wconf 90' lang='lat' dir='ltr'><strong>canes</strong></span> <span class='ocrx_word' id='word_1_463' title='bbox 2596 527 2862 596; x_wconf 85' lang='lat' dir='ltr'><strong>lingebant</strong></span> <span class='ocrx_word' id='word_1_464' title='bbox 2884 528 3057 582; x_wconf 88' lang='lat' dir='ltr'><strong>ulcera</strong></span> <span class='ocrx_word' id='word_1_465' title='bbox 3089 527 3205 597; x_wconf 87' lang='lat' dir='ltr'><strong>ejus</strong></span> <span class='ocrx_word' id='word_1_466' title='bbox 3230 544 3243 580; x_wconf 93' lang='lat'><strong>:</strong></span> <span class='ocrx_word' id='word_1_467' title='bbox 3273 526 3410 581; x_wconf 89' lang='lat' dir='ltr'><strong>adeo</strong></span> <span class='ocrx_word' id='word_1_468' title='bbox 3428 526 3762 581; x_wconf 70' lang='lat' dir='ltr'><strong>eranractis</strong></span> <span class='ocrx_word' id='word_1_469' title='bbox 3786 528 3946 592; x_wconf 69' lang='lat' dir='ltr'><strong>viribus,</strong></span> 
     </span>
    </p>
   </div>
   <div class='ocr_carea' id='block_1_64' title="bbox 2412 619 3958 689">
    <p class='ocr_par' dir='ltr' id='par_1_64' title="bbox 2412 619 3958 689">
     <span class='ocr_line' id='line_1_64' title="bbox 2412 619 3958 689; baseline 0 -17"><span class='ocrx_word' id='word_1_470' title='bbox 2412 629 2468 672; x_wconf 90' lang='lat' dir='ltr'><strong>ut</strong></span> <span class='ocrx_word' id='word_1_471' title='bbox 2498 635 2565 674; x_wconf 91' lang='lat' dir='ltr'><strong>ne</strong></span> <span class='ocrx_word' id='word_1_472' title='bbox 2593 635 2756 673; x_wconf 88' lang='lat' dir='ltr'><strong>canes</strong></span> <span class='ocrx_word' id='word_1_473' title='bbox 2783 620 2998 688; x_wconf 88' lang='lat' dir='ltr'><strong>quidem</strong></span> <span class='ocrx_word' id='word_1_474' title='bbox 3029 628 3208 688; x_wconf 83' lang='lat' dir='ltr'><strong>posset</strong></span> <span class='ocrx_word' id='word_1_475' title='bbox 3233 619 3468 689; x_wconf 82' lang='lat' dir='ltr'><strong>abigere,</strong></span> <span class='ocrx_word' id='word_1_476' title='bbox 3501 619 3598 674; x_wconf 86' lang='lat' dir='ltr'><strong>sed</strong></span> <span class='ocrx_word' id='word_1_477' title='bbox 3633 620 3814 673; x_wconf 84' lang='lat' dir='ltr'><strong>vivum</strong></span> <span class='ocrx_word' id='word_1_478' title='bbox 3839 621 3958 673; x_wconf 50' lang='lat' dir='ltr'><strong>rain»</strong></span> 
     </span>
    </p>
   </div>
   <div class='ocr_carea' id='block_1_65' title="bbox 2414 710 3948 779">
    <p class='ocr_par' dir='ltr' id='par_1_65' title="bbox 2414 710 3948 779">
     <span class='ocr_line' id='line_1_65' title="bbox 2414 710 3948 779; baseline 0.001 -17"><span class='ocrx_word' id='word_1_479' title='bbox 2414 725 2508 764; x_wconf 87' lang='lat' dir='ltr'><strong>ver</strong></span> <span class='ocrx_word' id='word_1_480' title='bbox 2531 710 2758 777; x_wconf 86' lang='lat' dir='ltr'><strong>jaeebat,</strong></span> <span class='ocrx_word' id='word_1_481' title='bbox 2788 711 2975 763; x_wconf 90' lang='lat' dir='ltr'><strong>videns</strong></span> <span class='ocrx_word' id='word_1_482' title='bbox 3013 710 3225 779; x_wconf 87' lang='lat' dir='ltr'><strong>quidem</strong></span> <span class='ocrx_word' id='word_1_483' title='bbox 3252 725 3345 764; x_wconf 89' lang='lat' dir='ltr'><strong>eos</strong></span> <span class='ocrx_word' id='word_1_484' title='bbox 3385 723 3766 772; x_wconf 83' lang='lat' dir='ltr'><strong>accurrentes,</strong></span> <span class='ocrx_word' id='word_1_485' title='bbox 3801 728 3948 779; x_wconf 64' lang='lat' dir='ltr'><strong>nequa.</strong></span> 
     </span>
    </p>
   </div>
   <div class='ocr_carea' id='block_1_66' title="bbox 2411 801 3949 872">
    <p class='ocr_par' dir='ltr' id='par_1_66' title="bbox 2411 801 3949 872">
     <span class='ocr_line' id='line_1_66' title="bbox 2411 801 3949 872; baseline 0.001 -19"><span class='ocrx_word' id='word_1_486' title='bbox 2411 817 2566 871; x_wconf 91' lang='lat' dir='ltr'><strong>quam</strong></span> <span class='ocrx_word' id='word_1_487' title='bbox 2594 811 2767 856; x_wconf 88' lang='lat' dir='ltr'><strong>tamen</strong></span> <span class='ocrx_word' id='word_1_488' title='bbox 2799 801 2980 856; x_wconf 87' lang='lat' dir='ltr'><strong>valens</strong></span> <span class='ocrx_word' id='word_1_489' title='bbox 2999 801 3266 870; x_wconf 86' lang='lat' dir='ltr'><strong>depellere</strong></span> <span class='ocrx_word' id='word_1_490' title='bbox 3291 819 3310 865; x_wconf 91' lang='lat'><strong>:_</strong></span> <span class='ocrx_word' id='word_1_491' title='bbox 3333 818 3504 872; x_wconf 90' lang='lat' dir='ltr'><strong>usque</strong></span> <span class='ocrx_word' id='word_1_492' title='bbox 3534 804 3677 855; x_wconf 88' lang='lat' dir='ltr'><strong>adeo</strong></span> <span class='ocrx_word' id='word_1_493' title='bbox 3723 804 3800 855; x_wconf 90' lang='lat' dir='ltr'><strong>illi</strong></span> <span class='ocrx_word' id='word_1_494' title='bbox 3829 821 3949 857; x_wconf 76' lang='lat' dir='ltr'><strong>inem-</strong></span> 
     </span>
    </p>
   </div>
   <div class='ocr_carea' id='block_1_67' title="bbox 2412 894 3949 962">
    <p class='ocr_par' dir='ltr' id='par_1_67' title="bbox 2412 894 3949 962">
     <span class='ocr_line' id='line_1_67' title="bbox 2412 894 3949 962; baseline 0.002 -16"><span class='ocrx_word' id='word_1_495' title='bbox 2412 894 2504 947; x_wconf 89' lang='lat' dir='ltr'><strong>bra</strong></span> <span class='ocrx_word' id='word_1_496' title='bbox 2535 902 2688 948; x_wconf 89' lang='lat' dir='ltr'><strong>erant</strong></span> <span class='ocrx_word' id='word_1_497' title='bbox 2716 894 3105 962; x_wconf 55' lang='lat' dir='ltr'><strong>solium-usque</strong></span> <span class='ocrx_word' id='word_1_498' title='bbox 3149 895 3283 947; x_wconf 90' lang='lat' dir='ltr'><strong>adeo</strong></span> <span class='ocrx_word' id='word_1_499' title='bbox 3323 904 3477 948; x_wconf 89' lang='lat' dir='ltr'><strong>erant</strong></span> <span class='ocrx_word' id='word_1_500' title='bbox 3519 894 3759 948; x_wconf 80' lang='lat' dir='ltr'><strong>arefacta</strong></span> <span class='ocrx_word' id='word_1_501' title='bbox 3794 899 3949 956; x_wconf 73' lang='lat' dir='ltr'><strong>ttturlr&#39;t,</strong></span> 
     </span>
    </p>
   </div>
   <div class='ocr_carea' id='block_1_68' title="bbox 2413 984 3954 1054">
    <p class='ocr_par' dir='ltr' id='par_1_68' title="bbox 2413 984 3954 1054">
     <span class='ocr_line' id='line_1_68' title="bbox 2413 984 3954 1054; baseline -0.001 -15"><span class='ocrx_word' id='word_1_502' title='bbox 2413 1000 2578 1054; x_wconf 86' lang='lat' dir='ltr'><strong>usque</strong></span> <span class='ocrx_word' id='word_1_503' title='bbox 2608 985 2739 1038; x_wconf 84' lang='lat' dir='ltr'><strong>adeo</strong></span> <span class='ocrx_word' id='word_1_504' title='bbox 2768 995 3078 1053; x_wconf 81' lang='lat' dir='ltr'><strong>causumpta</strong></span> <span class='ocrx_word' id='word_1_505' title='bbox 3103 995 3251 1037; x_wconf 82' lang='lat' dir='ltr'><strong>erant</strong></span> <span class='ocrx_word' id='word_1_506' title='bbox 3276 984 3583 1038; x_wconf 83' lang='lat' dir='ltr'><strong>afflictione.</strong></span> <span class='ocrx_word' id='word_1_507' title='bbox 3637 984 3802 1051; x_wconf 71' lang='lat' dir='ltr'><strong>Vides</strong></span> <span class='ocrx_word' id='word_1_508' title='bbox 3841 987 3954 1038; x_wconf 67' lang='lat' dir='ltr'><strong>rebv-</strong></span> 
     </span>
    </p>
   </div>
   <div class='ocr_carea' id='block_1_69' title="bbox 2413 1077 3954 1146">
    <p class='ocr_par' dir='ltr' id='par_1_69' title="bbox 2413 1077 3954 1146">
     <span class='ocr_line' id='line_1_69' title="bbox 2413 1077 3954 1146; baseline 0.001 -17"><span class='ocrx_word' id='word_1_509' title='bbox 2413 1087 2618 1130; x_wconf 89' lang='lat' dir='ltr'><strong>mentcr</strong></span> <span class='ocrx_word' id='word_1_510' title='bbox 2656 1092 2919 1146; x_wconf 87' lang='lat' dir='ltr'><strong>supraque</strong></span> <span class='ocrx_word' id='word_1_511' title='bbox 2950 1077 3163 1129; x_wconf 87' lang='lat' dir='ltr'><strong>modum</strong></span> <span class='ocrx_word' id='word_1_512' title='bbox 3188 1084 3242 1129; x_wconf 88' lang='lat' dir='ltr'><strong>et</strong></span> <span class='ocrx_word' id='word_1_513' title='bbox 3283 1086 3682 1145; x_wconf 84' lang='lat' dir='ltr'><strong>paupertatem,</strong></span> <span class='ocrx_word' id='word_1_514' title='bbox 3712 1089 3766 1131; x_wconf 89' lang='lat' dir='ltr'><strong>et</strong></span> <span class='ocrx_word' id='word_1_515' title='bbox 3799 1081 3954 1130; x_wconf 75' lang='lat' dir='ltr'><strong>valetu-</strong></span> 
     </span>
    </p>
   </div>
   <div class='ocr_carea' id='block_1_70' title="bbox 2411 1166 3956 1236">
    <p class='ocr_par' dir='ltr' id='par_1_70' title="bbox 2411 1166 3956 1236">
     <span class='ocr_line' id='line_1_70' title="bbox 2411 1166 3956 1236; baseline 0.001 -17"><span class='ocrx_word' id='word_1_516' title='bbox 2411 1167 2587 1220; x_wconf 88' lang='lat' dir='ltr'><strong>dinem</strong></span> <span class='ocrx_word' id='word_1_517' title='bbox 2613 1176 3006 1236; x_wconf 85' lang='lat' dir='ltr'><strong>oppugnantem</strong></span> <span class='ocrx_word' id='word_1_518' title='bbox 3052 1182 3244 1235; x_wconf 85' lang='lat' dir='ltr'><strong>corpus</strong></span> <span class='ocrx_word' id='word_1_519' title='bbox 3292 1166 3467 1220; x_wconf 79' lang='lat' dir='ltr'><strong>illius?</strong></span> <span class='ocrx_word' id='word_1_520' title='bbox 3504 1166 3664 1234; x_wconf 84' lang='lat' dir='ltr'><strong>Quod</strong></span> <span class='ocrx_word' id='word_1_521' title='bbox 3714 1168 3763 1222; x_wconf 86' lang='lat' dir='ltr'><strong>si</strong></span> <span class='ocrx_word' id='word_1_522' title='bbox 3812 1167 3956 1222; x_wconf 82' lang='lat' dir='ltr'><strong>horum</strong></span> 
     </span>
    </p>
   </div>
   <div class='ocr_carea' id='block_1_71' title="bbox 2413 1256 3958 1328">
    <p class='ocr_par' dir='ltr' id='par_1_71' title="bbox 2413 1256 3958 1328">
     <span class='ocr_line' id='line_1_71' title="bbox 2413 1256 3958 1328; baseline -0.001 -17"><span class='ocrx_word' id='word_1_523' title='bbox 2413 1258 2826 1328; x_wconf 88' lang='lat' dir='ltr'><strong>unumquodque</strong></span> <span class='ocrx_word' id='word_1_524' title='bbox 2859 1272 2951 1326; x_wconf 88' lang='lat' dir='ltr'><strong>per</strong></span> <span class='ocrx_word' id='word_1_525' title='bbox 2971 1271 3029 1312; x_wconf 88' lang='lat' dir='ltr'><strong>se</strong></span> <span class='ocrx_word' id='word_1_526' title='bbox 3047 1256 3378 1310; x_wconf 80' lang='lat' dir='ltr'><strong>intolerabile</strong></span> <span class='ocrx_word' id='word_1_527' title='bbox 3403 1265 3488 1310; x_wconf 83' lang='lat' dir='ltr'><strong>est</strong></span> <span class='ocrx_word' id='word_1_528' title='bbox 3507 1267 3562 1310; x_wconf 92' lang='lat' dir='ltr'><strong>et</strong></span> <span class='ocrx_word' id='word_1_529' title='bbox 3580 1259 3857 1321; x_wconf 79' lang='lat' dir='ltr'><strong>acer-hum,</strong></span> <span class='ocrx_word' id='word_1_530' title='bbox 3873 1274 3958 1311; x_wconf 81' lang='lat' dir='ltr'><strong>cum</strong></span> 
     </span>
    </p>
   </div>
   <div class='ocr_carea' id='block_1_72' title="bbox 2412 1348 3961 1419">
    <p class='ocr_par' dir='ltr' id='par_1_72' title="bbox 2412 1348 3961 1419">
     <span class='ocr_line' id='line_1_72' title="bbox 2412 1348 3961 1419; baseline 0 -17"><span class='ocrx_word' id='word_1_531' title='bbox 2412 1349 2568 1402; x_wconf 90' lang='lat' dir='ltr'><strong>simul</strong></span> <span class='ocrx_word' id='word_1_532' title='bbox 2606 1348 3000 1417; x_wconf 85' lang='lat' dir='ltr'><strong>conglomerata</strong></span> <span class='ocrx_word' id='word_1_533' title='bbox 3029 1348 3240 1411; x_wconf 90' lang='lat' dir='ltr'><strong>fuerint,</strong></span> <span class='ocrx_word' id='word_1_534' title='bbox 3271 1363 3448 1401; x_wconf 91' lang='lat' dir='ltr'><strong>annon</strong></span> <span class='ocrx_word' id='word_1_535' title='bbox 3485 1348 3711 1401; x_wconf 86' lang='lat' dir='ltr'><strong>adamas</strong></span> <span class='ocrx_word' id='word_1_536' title='bbox 3737 1351 3961 1419; x_wconf 81' lang='lat' dir='ltr'><strong>quispiam</strong></span> 
     </span>
    </p>
   </div>
   <div class='ocr_carea' id='block_1_73' title="bbox 2413 1437 3966 1512">
    <p class='ocr_par' dir='ltr' id='par_1_73' title="bbox 2413 1437 3966 1512">
     <span class='ocr_line' id='line_1_73' title="bbox 2413 1437 3966 1512; baseline -0.001 -21"><span class='ocrx_word' id='word_1_537' title='bbox 2413 1439 2591 1512; x_wconf 85' lang='lat' dir='ltr'><strong>fuerit,</strong></span> <span class='ocrx_word' id='word_1_538' title='bbox 2623 1439 2711 1509; x_wconf 89' lang='lat' dir='ltr'><strong>qui</strong></span> <span class='ocrx_word' id='word_1_539' title='bbox 2756 1438 2869 1492; x_wconf 63' lang='lat' dir='ltr'><strong>haec</strong></span> <span class='ocrx_word' id='word_1_540' title='bbox 2913 1437 3178 1506; x_wconf 83' lang='lat' dir='ltr'><strong>perferat?</strong></span> <span class='ocrx_word' id='word_1_541' title='bbox 3209 1437 3354 1490; x_wconf 84' lang='lat' dir='ltr'><strong>Multi</strong></span> <span class='ocrx_word' id='word_1_542' title='bbox 3399 1437 3713 1506; x_wconf 86' lang='lat' dir='ltr'><strong>frequenter</strong></span> <span class='ocrx_word' id='word_1_543' title='bbox 3760 1439 3966 1491; x_wconf 77' lang='lat' dir='ltr'><strong>laborant</strong></span> 
     </span>
    </p>
   </div>
   <div class='ocr_carea' id='block_1_74' title="bbox 2411 1528 3996 1597">
    <p class='ocr_par' dir='ltr' id='par_1_74' title="bbox 2411 1528 3996 1597">
     <span class='ocr_line' id='line_1_74' title="bbox 2411 1528 3996 1597; baseline -0.001 -16"><span class='ocrx_word' id='word_1_544' title='bbox 2411 1531 2630 1583; x_wconf 88' lang='lat' dir='ltr'><strong>adversa</strong></span> <span class='ocrx_word' id='word_1_545' title='bbox 2677 1528 2992 1590; x_wconf 87' lang='lat' dir='ltr'><strong>valetudine,</strong></span> <span class='ocrx_word' id='word_1_546' title='bbox 3041 1536 3292 1581; x_wconf 75' lang='lat' dir='ltr'><strong>cmterum</strong></span> <span class='ocrx_word' id='word_1_547' title='bbox 3322 1542 3425 1580; x_wconf 93' lang='lat' dir='ltr'><strong>non</strong></span> <span class='ocrx_word' id='word_1_548' title='bbox 3452 1538 3611 1597; x_wconf 90' lang='lat' dir='ltr'><strong>egent</strong></span> <span class='ocrx_word' id='word_1_549' title='bbox 3657 1529 3743 1584; x_wconf 91' lang='lat' dir='ltr'><strong>iis.</strong></span> <span class='ocrx_word' id='word_1_550' title='bbox 3782 1547 3894 1595; x_wconf 77' lang='lat' dir='ltr'><strong>qua:</strong></span> <span class='ocrx_word' id='word_1_551' title='bbox 3917 1531 3962 1580; x_wconf 76' lang='lat' dir='ltr'><strong>ad</strong></span> <span class='ocrx_word' id='word_1_552' title='bbox 3994 1528 3996 1560; x_wconf 68' lang='grc' dir='ltr'><em>έ</em></span> 
     </span>
    </p>
   </div>
   <div class='ocr_carea' id='block_1_75' title="bbox 2414 1617 3968 1686">
    <p class='ocr_par' dir='ltr' id='par_1_75' title="bbox 2414 1617 3968 1686">
     <span class='ocr_line' id='line_1_75' title="bbox 2414 1617 3968 1686; baseline 0.001 -16"><span class='ocrx_word' id='word_1_553' title='bbox 2414 1620 2606 1672; x_wconf 89' lang='lat' dir='ltr'><strong>victum</strong></span> <span class='ocrx_word' id='word_1_554' title='bbox 2638 1626 2762 1672; x_wconf 93' lang='lat' dir='ltr'><strong>sunt</strong></span> <span class='ocrx_word' id='word_1_555' title='bbox 2790 1618 3110 1671; x_wconf 89' lang='lat' dir='ltr'><strong>necessaria.</strong></span> <span class='ocrx_word' id='word_1_556' title='bbox 3144 1617 3246 1670; x_wconf 85' lang='lat' dir='ltr'><strong>Alii</strong></span> <span class='ocrx_word' id='word_1_557' title='bbox 3279 1617 3575 1686; x_wconf 87' lang='lat' dir='ltr'><strong>paupertati</strong></span> <span class='ocrx_word' id='word_1_558' title='bbox 3598 1627 3858 1672; x_wconf 67' lang='lat' dir='ltr'><strong>extremm</strong></span> <span class='ocrx_word' id='word_1_559' title='bbox 3877 1632 3968 1672; x_wconf 69' lang='lat' dir='ltr'><strong>Sunt</strong></span> 
     </span>
    </p>
   </div>
   <div class='ocr_carea' id='block_1_76' title="bbox 2413 1707 3967 1776">
    <p class='ocr_par' dir='ltr' id='par_1_76' title="bbox 2413 1707 3967 1776">
     <span class='ocr_line' id='line_1_76' title="bbox 2413 1707 3967 1776; baseline 0.001 -15"><span class='ocrx_word' id='word_1_560' title='bbox 2413 1709 2649 1772; x_wconf 76' lang='lat' dir='ltr'><strong>obnoxii,</strong></span> <span class='ocrx_word' id='word_1_561' title='bbox 2682 1725 2865 1763; x_wconf 90' lang='lat' dir='ltr'><strong>verum</strong></span> <span class='ocrx_word' id='word_1_562' title='bbox 2897 1709 3166 1776; x_wconf 90' lang='lat' dir='ltr'><strong>potiuntur</strong></span> <span class='ocrx_word' id='word_1_563' title='bbox 3192 1707 3328 1761; x_wconf 90' lang='lat' dir='ltr'><strong>bona</strong></span> <span class='ocrx_word' id='word_1_564' title='bbox 3359 1709 3684 1773; x_wconf 86' lang='lat' dir='ltr'><strong>valetudine,</strong></span> <span class='ocrx_word' id='word_1_565' title='bbox 3717 1711 3795 1764; x_wconf 85' lang='lat' dir='ltr'><strong>sic</strong></span> <span class='ocrx_word' id='word_1_566' title='bbox 3829 1723 3879 1763; x_wconf 91' lang='lat' dir='ltr'><strong>ut</strong></span> <span class='ocrx_word' id='word_1_567' title='bbox 3911 1714 3967 1763; x_wconf 81' lang='lat' dir='ltr'><strong>al-</strong></span> 
     </span>
    </p>
   </div>
   <div class='ocr_carea' id='block_1_77' title="bbox 2415 1796 3969 1865">
    <p class='ocr_par' dir='ltr' id='par_1_77' title="bbox 2415 1796 3969 1865">
     <span class='ocr_line' id='line_1_77' title="bbox 2415 1796 3969 1865; baseline 0.002 -13"><span class='ocrx_word' id='word_1_568' title='bbox 2415 1796 2523 1854; x_wconf 86' lang='lat' dir='ltr'><strong>tera</strong></span> <span class='ocrx_word' id='word_1_569' title='bbox 2555 1815 2642 1854; x_wconf 91' lang='lat' dir='ltr'><strong>res</strong></span> <span class='ocrx_word' id='word_1_570' title='bbox 2678 1801 2898 1854; x_wconf 85' lang='lat' dir='ltr'><strong>alterius</strong></span> <span class='ocrx_word' id='word_1_571' title='bbox 2936 1800 3006 1854; x_wconf 91' lang='lat' dir='ltr'><strong>sit</strong></span> <span class='ocrx_word' id='word_1_572' title='bbox 3045 1801 3316 1865; x_wconf 88' lang='lat' dir='ltr'><strong>solatium,</strong></span> <span class='ocrx_word' id='word_1_573' title='bbox 3370 1801 3493 1855; x_wconf 89' lang='lat' dir='ltr'><strong>huic</strong></span> <span class='ocrx_word' id='word_1_574' title='bbox 3523 1818 3650 1856; x_wconf 89' lang='lat' dir='ltr'><strong>vero</strong></span> <span class='ocrx_word' id='word_1_575' title='bbox 3679 1805 3839 1857; x_wconf 85' lang='lat' dir='ltr'><strong>ambo</strong></span> <span class='ocrx_word' id='word_1_576' title='bbox 3867 1820 3969 1857; x_wconf 77' lang='lat' dir='ltr'><strong>coa-</strong></span> 
     </span>
    </p>
   </div>
   <div class='ocr_carea' id='block_1_78' title="bbox 2413 1891 4018 1963">
    <p class='ocr_par' dir='ltr' id='par_1_78' title="bbox 2413 1891 4018 1963">
     <span class='ocr_line' id='line_1_78' title="bbox 2413 1891 4018 1963; baseline 0.002 -19"><span class='ocrx_word' id='word_1_577' title='bbox 2413 1891 2698 1945; x_wconf 84' lang='lat' dir='ltr'><strong>currehant</strong></span> <span class='ocrx_word' id='word_1_578' title='bbox 2747 1891 2902 1944; x_wconf 89' lang='lat' dir='ltr'><strong>mala.</strong></span> <span class='ocrx_word' id='word_1_579' title='bbox 2952 1892 3063 1961; x_wconf 86' lang='lat' dir='ltr'><strong>Age</strong></span> <span class='ocrx_word' id='word_1_580' title='bbox 3109 1906 3293 1960; x_wconf 88' lang='lat' dir='ltr'><strong>posses</strong></span> <span class='ocrx_word' id='word_1_581' title='bbox 3336 1892 3465 1945; x_wconf 90' lang='lat' dir='ltr'><strong>mihi</strong></span> <span class='ocrx_word' id='word_1_582' title='bbox 3497 1893 3780 1948; x_wconf 73' lang='lat' dir='ltr'><strong>nominare</strong></span> <span class='ocrx_word' id='word_1_583' title='bbox 3810 1910 3970 1963; x_wconf 64' lang='lat' dir='ltr'><strong>quem.</strong></span> 
     </span>
    </p>
   </div>
   <div class='ocr_carea' id='block_1_79' title="bbox 2414 1981 3972 2052">
    <p class='ocr_par' dir='ltr' id='par_1_79' title="bbox 2414 1981 3972 2052">
     <span class='ocr_line' id='line_1_79' title="bbox 2414 1981 3972 2052; baseline 0.001 -17"><span class='ocrx_word' id='word_1_584' title='bbox 2414 1984 2574 2052; x_wconf 89' lang='lat' dir='ltr'><strong>piam,</strong></span> <span class='ocrx_word' id='word_1_585' title='bbox 2605 1981 2763 2034; x_wconf 86' lang='lat' dir='ltr'><strong>simul</strong></span> <span class='ocrx_word' id='word_1_586' title='bbox 2793 1990 2846 2035; x_wconf 91' lang='lat' dir='ltr'><strong>et</strong></span> <span class='ocrx_word' id='word_1_587' title='bbox 2875 1981 3113 2035; x_wconf 85' lang='lat' dir='ltr'><strong>adversae</strong></span> <span class='ocrx_word' id='word_1_588' title='bbox 3160 1981 3443 2035; x_wconf 90' lang='lat' dir='ltr'><strong>valetudini</strong></span> <span class='ocrx_word' id='word_1_589' title='bbox 3474 1993 3526 2036; x_wconf 89' lang='lat' dir='ltr'><strong>et</strong></span> <span class='ocrx_word' id='word_1_590' title='bbox 3572 1987 3873 2051; x_wconf 81' lang='lat' dir='ltr'><strong>paupertati</strong></span> <span class='ocrx_word' id='word_1_591' title='bbox 3896 1985 3972 2039; x_wconf 81' lang='lat' dir='ltr'><strong>eb-</strong></span> 
     </span>
    </p>
   </div>
   <div class='ocr_carea' id='block_1_80' title="bbox 2415 2053 4018 2140">
    <p class='ocr_par' dir='ltr' id='par_1_80' title="bbox 2415 2053 4018 2140">
     <span class='ocr_line' id='line_1_80' title="bbox 2415 2053 4018 2140; baseline -0.002 -15"><span class='ocrx_word' id='word_1_592' title='bbox 2415 2073 2626 2126; x_wconf 81' lang='lat' dir='ltr'><strong>noxium</strong></span> <span class='ocrx_word' id='word_1_593' title='bbox 2642 2073 2664 2124; x_wconf 85' lang='lat'><strong>?</strong></span> <span class='ocrx_word' id='word_1_594' title='bbox 2678 2071 2780 2126; x_wconf 86' lang='lat' dir='ltr'><strong>Sed</strong></span> <span class='ocrx_word' id='word_1_595' title='bbox 2802 2087 2904 2124; x_wconf 91' lang='lat' dir='ltr'><strong>non</strong></span> <span class='ocrx_word' id='word_1_596' title='bbox 2923 2087 3089 2140; x_wconf 88' lang='lat' dir='ltr'><strong>usque</strong></span> <span class='ocrx_word' id='word_1_597' title='bbox 3115 2072 3246 2125; x_wconf 83' lang='lat' dir='ltr'><strong>adeo</strong></span> <span class='ocrx_word' id='word_1_598' title='bbox 3264 2072 3559 2125; x_wconf 90' lang='lat' dir='ltr'><strong>desolatum</strong></span> <span class='ocrx_word' id='word_1_599' title='bbox 3581 2089 3643 2126; x_wconf 90' lang='lat' dir='ltr'><strong>ac</strong></span> <span class='ocrx_word' id='word_1_600' title='bbox 3662 2073 3971 2127; x_wconf 85' lang='lat' dir='ltr'><strong>destitutum.</strong></span> <span class='ocrx_word' id='word_1_601' title='bbox 4014 2053 4018 2109; x_wconf 57' lang='grc' dir='ltr'><strong><em>ῖ</em></strong></span> 
     </span>
    </p>
   </div>
   <div class='ocr_carea' id='block_1_81' title="bbox 2415 2163 3976 2234">
    <p class='ocr_par' dir='ltr' id='par_1_81' title="bbox 2415 2163 3976 2234">
     <span class='ocr_line' id='line_1_81' title="bbox 2415 2163 3976 2234; baseline 0 -16"><span class='ocrx_word' id='word_1_602' title='bbox 2415 2164 2544 2218; x_wconf 83' lang='lat' dir='ltr'><strong>Nam</strong></span> <span class='ocrx_word' id='word_1_603' title='bbox 2574 2165 2662 2218; x_wconf 92' lang='lat' dir='ltr'><strong>ille</strong></span> <span class='ocrx_word' id='word_1_604' title='bbox 2707 2163 2923 2233; x_wconf 86' lang='lat' dir='ltr'><strong>quidem</strong></span> <span class='ocrx_word' id='word_1_605' title='bbox 2963 2179 3278 2233; x_wconf 88' lang='lat' dir='ltr'><strong>quamquam</strong></span> <span class='ocrx_word' id='word_1_606' title='bbox 3312 2179 3414 2216; x_wconf 91' lang='lat' dir='ltr'><strong>non</strong></span> <span class='ocrx_word' id='word_1_607' title='bbox 3463 2179 3530 2217; x_wconf 89' lang='lat' dir='ltr'><strong>ex</strong></span> <span class='ocrx_word' id='word_1_608' title='bbox 3575 2179 3701 2219; x_wconf 89' lang='lat' dir='ltr'><strong>sese</strong></span> <span class='ocrx_word' id='word_1_609' title='bbox 3749 2182 3918 2234; x_wconf 86' lang='lat' dir='ltr'><strong>neque</strong></span> <span class='ocrx_word' id='word_1_610' title='bbox 3955 2183 3976 2218; x_wconf 69' lang='grc' dir='ltr'><strong><em>λ</em></strong></span> 
     </span>
    </p>
   </div>
   <div class='ocr_carea' id='block_1_82' title="bbox 2415 2254 3973 2322">
    <p class='ocr_par' dir='ltr' id='par_1_82' title="bbox 2415 2254 3973 2322">
     <span class='ocr_line' id='line_1_82' title="bbox 2415 2254 3973 2322; baseline -0.002 -14"><span class='ocrx_word' id='word_1_611' title='bbox 2415 2255 2739 2317; x_wconf 89' lang='lat' dir='ltr'><strong>domesticis,</strong></span> <span class='ocrx_word' id='word_1_612' title='bbox 2790 2265 2965 2308; x_wconf 90' lang='lat' dir='ltr'><strong>tamen</strong></span> <span class='ocrx_word' id='word_1_613' title='bbox 2996 2254 3062 2306; x_wconf 91' lang='lat' dir='ltr'><strong>ab</strong></span> <span class='ocrx_word' id='word_1_614' title='bbox 3107 2254 3190 2318; x_wconf 86' lang='lat' dir='ltr'><strong>iis,</strong></span> <span class='ocrx_word' id='word_1_615' title='bbox 3237 2254 3326 2322; x_wconf 90' lang='lat' dir='ltr'><strong>qui</strong></span> <span class='ocrx_word' id='word_1_616' title='bbox 3371 2254 3573 2320; x_wconf 89' lang='lat' dir='ltr'><strong>vident,</strong></span> <span class='ocrx_word' id='word_1_617' title='bbox 3625 2256 3973 2310; x_wconf 65' lang='lat' dir='ltr'><strong>misericordia</strong></span> 
     </span>
    </p>
   </div>
   <div class='ocr_carea' id='block_1_83' title="bbox 2416 2343 3978 2413">
    <p class='ocr_par' dir='ltr' id='par_1_83' title="bbox 2416 2343 3978 2413">
     <span class='ocr_line' id='line_1_83' title="bbox 2416 2343 3978 2413; baseline 0 -14"><span class='ocrx_word' id='word_1_618' title='bbox 2416 2345 2566 2399; x_wconf 80' lang='lat' dir='ltr'><strong>ﬂexis</strong></span> <span class='ocrx_word' id='word_1_619' title='bbox 2609 2343 2870 2398; x_wconf 90' lang='lat' dir='ltr'><strong>sublevari</strong></span> <span class='ocrx_word' id='word_1_620' title='bbox 2914 2353 3106 2412; x_wconf 86' lang='lat' dir='ltr'><strong>potest,</strong></span> <span class='ocrx_word' id='word_1_621' title='bbox 3158 2343 3209 2395; x_wconf 90' lang='lat' dir='ltr'><strong>in</strong></span> <span class='ocrx_word' id='word_1_622' title='bbox 3243 2343 3475 2396; x_wconf 90' lang='lat' dir='ltr'><strong>medium</strong></span> <span class='ocrx_word' id='word_1_623' title='bbox 3525 2348 3844 2413; x_wconf 80' lang='lat' dir='ltr'><strong>projectus:</strong></span> <span class='ocrx_word' id='word_1_624' title='bbox 3879 2347 3978 2399; x_wconf 82' lang='lat' dir='ltr'><strong>huic</strong></span> 
     </span>
    </p>
   </div>
   <div class='ocr_carea' id='block_1_84' title="bbox 2416 2434 3980 2503">
    <p class='ocr_par' dir='ltr' id='par_1_84' title="bbox 2416 2434 3980 2503">
     <span class='ocr_line' id='line_1_84' title="bbox 2416 2434 3980 2503; baseline 0.002 -17"><span class='ocrx_word' id='word_1_625' title='bbox 2416 2451 2540 2489; x_wconf 91' lang='lat' dir='ltr'><strong>vero</strong></span> <span class='ocrx_word' id='word_1_626' title='bbox 2584 2435 2855 2489; x_wconf 91' lang='lat' dir='ltr'><strong>molestias</strong></span> <span class='ocrx_word' id='word_1_627' title='bbox 2882 2449 2992 2497; x_wconf 87' lang='lat' dir='ltr'><strong>eas,</strong></span> <span class='ocrx_word' id='word_1_628' title='bbox 3026 2448 3157 2503; x_wconf 82' lang='lat' dir='ltr'><strong>quas</strong></span> <span class='ocrx_word' id='word_1_629' title='bbox 3182 2445 3335 2488; x_wconf 90' lang='lat' dir='ltr'><strong>antea</strong></span> <span class='ocrx_word' id='word_1_630' title='bbox 3361 2434 3615 2498; x_wconf 88' lang='lat' dir='ltr'><strong>diximus,</strong></span> <span class='ocrx_word' id='word_1_631' title='bbox 3665 2437 3980 2490; x_wconf 63' lang='lat' dir='ltr'><strong>molestiora</strong></span> 
     </span>
    </p>
   </div>
   <div class='ocr_carea' id='block_1_85' title="bbox 2418 2524 4036 2594">
    <p class='ocr_par' dir='ltr' id='par_1_85' title="bbox 2418 2524 4036 2594">
     <span class='ocr_line' id='line_1_85' title="bbox 2418 2524 4036 2594; baseline 0 -16"><span class='ocrx_word' id='word_1_632' title='bbox 2418 2526 2689 2589; x_wconf 83' lang='lat' dir='ltr'><strong>reddebat,</strong></span> <span class='ocrx_word' id='word_1_633' title='bbox 2722 2525 2861 2594; x_wconf 90' lang='lat' dir='ltr'><strong>quod</strong></span> <span class='ocrx_word' id='word_1_634' title='bbox 2908 2535 3052 2579; x_wconf 88' lang='lat' dir='ltr'><strong>esset</strong></span> <span class='ocrx_word' id='word_1_635' title='bbox 3090 2524 3158 2578; x_wconf 87' lang='lat' dir='ltr'><strong>ab</strong></span> <span class='ocrx_word' id='word_1_636' title='bbox 3191 2524 3436 2579; x_wconf 81' lang='lat' dir='ltr'><strong>omnibus</strong></span> <span class='ocrx_word' id='word_1_637' title='bbox 3465 2526 3717 2579; x_wconf 86' lang='lat' dir='ltr'><strong>desertus</strong></span> <span class='ocrx_word' id='word_1_638' title='bbox 3747 2545 3761 2580; x_wconf 96' lang='lat'><strong>:</strong></span> <span class='ocrx_word' id='word_1_639' title='bbox 3791 2538 3845 2581; x_wconf 91' lang='lat' dir='ltr'><strong>ct</strong></span> <span class='ocrx_word' id='word_1_640' title='bbox 3869 2529 3981 2579; x_wconf 83' lang='lat' dir='ltr'><strong>hanc</strong></span> <span class='ocrx_word' id='word_1_641' title='bbox 4034 2524 4036 2594; x_wconf 70' lang='grc' dir='ltr'><strong>ξ</strong></span> 
     </span>
    </p>
   </div>
   <div class='ocr_carea' id='block_1_86' title="bbox 2418 2614 3980 2686">
    <p class='ocr_par' dir='ltr' id='par_1_86' title="bbox 2418 2614 3980 2686">
     <span class='ocr_line' id='line_1_86' title="bbox 2418 2614 3980 2686; baseline -0.001 -17"><span class='ocrx_word' id='word_1_642' title='bbox 2418 2618 2582 2685; x_wconf 91' lang='lat' dir='ltr'><strong>ipsam</strong></span> <span class='ocrx_word' id='word_1_643' title='bbox 2612 2616 2950 2670; x_wconf 90' lang='lat' dir='ltr'><strong>solitudinem</strong></span> <span class='ocrx_word' id='word_1_644' title='bbox 2972 2631 3180 2669; x_wconf 90' lang='lat' dir='ltr'><strong>rursum</strong></span> <span class='ocrx_word' id='word_1_645' title='bbox 3208 2614 3568 2668; x_wconf 89' lang='lat' dir='ltr'><strong>molestiorem</strong></span> <span class='ocrx_word' id='word_1_646' title='bbox 3592 2616 3843 2678; x_wconf 79' lang='lat' dir='ltr'><strong>faciebat,</strong></span> <span class='ocrx_word' id='word_1_647' title='bbox 3860 2617 3980 2686; x_wconf 81' lang='lat' dir='ltr'><strong>quod</strong></span> 
     </span>
    </p>
   </div>
   <div class='ocr_carea' id='block_1_87' title="bbox 2418 2707 3982 2777">
    <p class='ocr_par' dir='ltr' id='par_1_87' title="bbox 2418 2707 3982 2777">
     <span class='ocr_line' id='line_1_87' title="bbox 2418 2707 3982 2777; baseline -0.001 -17"><span class='ocrx_word' id='word_1_648' title='bbox 2418 2709 2467 2760; x_wconf 80' lang='lat' dir='ltr'><strong>in</strong></span> <span class='ocrx_word' id='word_1_649' title='bbox 2501 2709 2762 2762; x_wconf 84' lang='lat' dir='ltr'><strong>vestibulo</strong></span> <span class='ocrx_word' id='word_1_650' title='bbox 2783 2707 2960 2761; x_wconf 88' lang='lat' dir='ltr'><strong>divitis</strong></span> <span class='ocrx_word' id='word_1_651' title='bbox 2982 2707 3203 2777; x_wconf 87' lang='lat' dir='ltr'><strong>jaceret.</strong></span> <span class='ocrx_word' id='word_1_652' title='bbox 3233 2707 3438 2760; x_wconf 84' lang='lat' dir='ltr'><strong>Etenim</strong></span> <span class='ocrx_word' id='word_1_653' title='bbox 3469 2708 3512 2761; x_wconf 92' lang='lat' dir='ltr'><strong>si</strong></span> <span class='ocrx_word' id='word_1_654' title='bbox 3543 2709 3594 2760; x_wconf 88' lang='lat' dir='ltr'><strong>in</strong></span> <span class='ocrx_word' id='word_1_655' title='bbox 3623 2719 3768 2762; x_wconf 84' lang='lat' dir='ltr'><strong>terra</strong></span> <span class='ocrx_word' id='word_1_656' title='bbox 3796 2709 3982 2764; x_wconf 80' lang='lat' dir='ltr'><strong>deserta</strong></span> 
     </span>
    </p>
   </div>
   <div class='ocr_carea' id='block_1_88' title="bbox 2418 2799 3986 2872">
    <p class='ocr_par' dir='ltr' id='par_1_88' title="bbox 2418 2799 3986 2872">
     <span class='ocr_line' id='line_1_88' title="bbox 2418 2799 3986 2872; baseline 0.004 -21"><span class='ocrx_word' id='word_1_657' title='bbox 2418 2800 2681 2868; x_wconf 79' lang='lat' dir='ltr'><strong>nullisque</strong></span> <span class='ocrx_word' id='word_1_658' title='bbox 2713 2800 2942 2852; x_wconf 89' lang='lat' dir='ltr'><strong>habitata</strong></span> <span class='ocrx_word' id='word_1_659' title='bbox 2986 2800 3169 2867; x_wconf 85' lang='lat' dir='ltr'><strong>jaccns</strong></span> <span class='ocrx_word' id='word_1_660' title='bbox 3201 2799 3314 2854; x_wconf 74' lang='lat' dir='ltr'><strong>hzec</strong></span> <span class='ocrx_word' id='word_1_661' title='bbox 3355 2814 3542 2868; x_wconf 91' lang='lat' dir='ltr'><strong>passus</strong></span> <span class='ocrx_word' id='word_1_662' title='bbox 3575 2801 3795 2866; x_wconf 88' lang='lat' dir='ltr'><strong>fuisset,</strong></span> <span class='ocrx_word' id='word_1_663' title='bbox 3832 2803 3986 2872; x_wconf 66' lang='lat' dir='ltr'><strong>negle-</strong></span> 
     </span>
    </p>
   </div>
   <div class='ocr_carea' id='block_1_89' title="bbox 2416 2888 3986 2960">
    <p class='ocr_par' dir='ltr' id='par_1_89' title="bbox 2416 2888 3986 2960">
     <span class='ocr_line' id='line_1_89' title="bbox 2416 2888 3986 2960; baseline 0.003 -18"><span class='ocrx_word' id='word_1_664' title='bbox 2416 2901 2636 2960; x_wconf 89' lang='lat' dir='ltr'><strong>ctusquc</strong></span> <span class='ocrx_word' id='word_1_665' title='bbox 2662 2888 2935 2958; x_wconf 77' lang='lat' dir='ltr'><strong>jacuisse&#39;t,</strong></span> <span class='ocrx_word' id='word_1_666' title='bbox 2969 2906 3071 2944; x_wconf 91' lang='lat' dir='ltr'><strong>non</strong></span> <span class='ocrx_word' id='word_1_667' title='bbox 3103 2900 3304 2944; x_wconf 88' lang='lat' dir='ltr'><strong>tantum</strong></span> <span class='ocrx_word' id='word_1_668' title='bbox 3337 2891 3629 2945; x_wconf 88' lang='lat' dir='ltr'><strong>doluisset:</strong></span> <span class='ocrx_word' id='word_1_669' title='bbox 3662 2910 3790 2948; x_wconf 88' lang='lat' dir='ltr'><strong>nam</strong></span> <span class='ocrx_word' id='word_1_670' title='bbox 3819 2895 3863 2947; x_wconf 92' lang='lat' dir='ltr'><strong>si</strong></span> <span class='ocrx_word' id='word_1_671' title='bbox 3888 2898 3986 2947; x_wconf 90' lang='lat' dir='ltr'><strong>nul-</strong></span> 
     </span>
    </p>
   </div>
   <div class='ocr_carea' id='block_1_90' title="bbox 2419 2981 3988 3051">
    <p class='ocr_par' dir='ltr' id='par_1_90' title="bbox 2419 2981 3988 3051">
     <span class='ocr_line' id='line_1_90' title="bbox 2419 2981 3988 3051; baseline 0 -17"><span class='ocrx_word' id='word_1_672' title='bbox 2419 2983 2500 3034; x_wconf 93' lang='lat' dir='ltr'><strong>lus</strong></span> <span class='ocrx_word' id='word_1_673' title='bbox 2529 2983 2684 3039; x_wconf 83' lang='lat' dir='ltr'><strong>adsit.</strong></span> <span class='ocrx_word' id='word_1_674' title='bbox 2716 2981 2815 3034; x_wconf 90' lang='lat' dir='ltr'><strong>hoc</strong></span> <span class='ocrx_word' id='word_1_675' title='bbox 2842 2982 3010 3049; x_wconf 90' lang='lat' dir='ltr'><strong>ipsum</strong></span> <span class='ocrx_word' id='word_1_676' title='bbox 3043 2983 3200 3035; x_wconf 85' lang='lat' dir='ltr'><strong>etiam</strong></span> <span class='ocrx_word' id='word_1_677' title='bbox 3233 2981 3428 3036; x_wconf 90' lang='lat' dir='ltr'><strong>nolenti</strong></span> <span class='ocrx_word' id='word_1_678' title='bbox 3453 2982 3763 3051; x_wconf 86' lang='lat' dir='ltr'><strong>persuadet,</strong></span> <span class='ocrx_word' id='word_1_679' title='bbox 3788 2996 3845 3037; x_wconf 91' lang='lat' dir='ltr'><strong>ut</strong></span> <span class='ocrx_word' id='word_1_680' title='bbox 3873 2985 3988 3037; x_wconf 68' lang='lat' dir='ltr'><strong>ferat</strong></span> 
     </span>
    </p>
   </div>
   <div class='ocr_carea' id='block_1_91' title="bbox 2417 3072 3989 3142">
    <p class='ocr_par' dir='ltr' id='par_1_91' title="bbox 2417 3072 3989 3142">
     <span class='ocr_line' id='line_1_91' title="bbox 2417 3072 3989 3142; baseline 0.001 -18"><span class='ocrx_word' id='word_1_681' title='bbox 2417 3089 2532 3142; x_wconf 82' lang='lat' dir='ltr'><strong>quc</strong></span> <span class='ocrx_word' id='word_1_682' title='bbox 2553 3073 2817 3126; x_wconf 85' lang='lat' dir='ltr'><strong>accidunt.</strong></span> <span class='ocrx_word' id='word_1_683' title='bbox 2842 3072 3103 3126; x_wconf 67' lang='lat' dir='ltr'><strong>Caeterum</strong></span> <span class='ocrx_word' id='word_1_684' title='bbox 3134 3073 3272 3141; x_wconf 89' lang='lat' dir='ltr'><strong>quod</strong></span> <span class='ocrx_word' id='word_1_685' title='bbox 3298 3073 3347 3124; x_wconf 92' lang='lat' dir='ltr'><strong>in</strong></span> <span class='ocrx_word' id='word_1_686' title='bbox 3377 3074 3552 3126; x_wconf 91' lang='lat' dir='ltr'><strong>medio</strong></span> <span class='ocrx_word' id='word_1_687' title='bbox 3577 3083 3684 3126; x_wconf 87' lang='lat' dir='ltr'><strong>tam</strong></span> <span class='ocrx_word' id='word_1_688' title='bbox 3715 3075 3989 3128; x_wconf 81' lang='lat' dir='ltr'><strong>multorum</strong></span> 
     </span>
    </p>
   </div>
   <div class='ocr_carea' id='block_1_92' title="bbox 2411 3162 3991 3232">
    <p class='ocr_par' dir='ltr' id='par_1_92' title="bbox 2411 3162 3991 3232">
     <span class='ocr_line' id='line_1_92' title="bbox 2411 3162 3991 3232; baseline 0.003 -19"><span class='ocrx_word' id='word_1_689' title='bbox 2411 3163 2617 3232; x_wconf 81' lang='lat' dir='ltr'><strong>jacens,</strong></span> <span class='ocrx_word' id='word_1_690' title='bbox 2649 3164 2889 3217; x_wconf 89' lang='lat' dir='ltr'><strong>ebrietati</strong></span> <span class='ocrx_word' id='word_1_691' title='bbox 2922 3162 3322 3232; x_wconf 86' lang='lat' dir='ltr'><strong>indulgentium,</strong></span> <span class='ocrx_word' id='word_1_692' title='bbox 3356 3164 3591 3217; x_wconf 90' lang='lat' dir='ltr'><strong>suaviter</strong></span> <span class='ocrx_word' id='word_1_693' title='bbox 3629 3165 3943 3229; x_wconf 85' lang='lat' dir='ltr'><strong>viventium,</strong></span> <span class='ocrx_word' id='word_1_694' title='bbox 3969 3183 3991 3217; x_wconf 75' lang='grc' dir='ltr'><strong>ι</strong></span> 
     </span>
    </p>
   </div>
   <div class='ocr_carea' id='block_1_93' title="bbox 2418 3254 3994 3324">
    <p class='ocr_par' dir='ltr' id='par_1_93' title="bbox 2418 3254 3994 3324">
     <span class='ocr_line' id='line_1_93' title="bbox 2418 3254 3994 3324; baseline 0.001 -17"><span class='ocrx_word' id='word_1_695' title='bbox 2418 3255 2628 3308; x_wconf 63' lang='lat' dir='ltr'><strong>nemine</strong></span> <span class='ocrx_word' id='word_1_696' title='bbox 2646 3256 2728 3309; x_wconf 88' lang='lat' dir='ltr'><strong>vel</strong></span> <span class='ocrx_word' id='word_1_697' title='bbox 2749 3255 3017 3324; x_wconf 87' lang='lat' dir='ltr'><strong>vulgarem</strong></span> <span class='ocrx_word' id='word_1_698' title='bbox 3037 3269 3217 3307; x_wconf 88' lang='lat' dir='ltr'><strong>curam</strong></span> <span class='ocrx_word' id='word_1_699' title='bbox 3241 3254 3660 3320; x_wconf 84' lang='lat' dir='ltr'><strong>nancisceretur,</strong></span> <span class='ocrx_word' id='word_1_700' title='bbox 3678 3256 3729 3308; x_wconf 90' lang='lat' dir='ltr'><strong>id</strong></span> <span class='ocrx_word' id='word_1_701' title='bbox 3747 3257 3994 3311; x_wconf 76' lang='lat' dir='ltr'><strong>reddebat</strong></span> 
     </span>
    </p>
   </div>
   <div class='ocr_carea' id='block_1_94' title="bbox 2417 3345 3997 3414">
    <p class='ocr_par' dir='ltr' id='par_1_94' title="bbox 2417 3345 3997 3414">
     <span class='ocr_line' id='line_1_94' title="bbox 2417 3345 3997 3414; baseline 0.001 -18"><span class='ocrx_word' id='word_1_702' title='bbox 2417 3360 2631 3398; x_wconf 88' lang='lat' dir='ltr'><strong>sensum</strong></span> <span class='ocrx_word' id='word_1_703' title='bbox 2659 3345 2900 3399; x_wconf 87' lang='lat' dir='ltr'><strong>dolorum</strong></span> <span class='ocrx_word' id='word_1_704' title='bbox 2931 3346 3213 3409; x_wconf 90' lang='lat' dir='ltr'><strong>acriorem,</strong></span> <span class='ocrx_word' id='word_1_705' title='bbox 3245 3346 3514 3414; x_wconf 85' lang='lat' dir='ltr'><strong>magisque</strong></span> <span class='ocrx_word' id='word_1_706' title='bbox 3543 3346 3872 3400; x_wconf 88' lang='lat' dir='ltr'><strong>incendebat</strong></span> <span class='ocrx_word' id='word_1_707' title='bbox 3891 3353 3997 3399; x_wconf 83' lang='lat' dir='ltr'><strong>ai.i-</strong></span> 
     </span>
    </p>
   </div>
   <div class='ocr_carea' id='block_1_95' title="bbox 2419 3435 3996 3506">
    <p class='ocr_par' dir='ltr' id='par_1_95' title="bbox 2419 3435 3996 3506">
     <span class='ocr_line' id='line_1_95' title="bbox 2419 3435 3996 3506; baseline 0 -18"><span class='ocrx_word' id='word_1_708' title='bbox 2419 3437 2487 3488; x_wconf 90' lang='lat' dir='ltr'><strong>mi</strong></span> <span class='ocrx_word' id='word_1_709' title='bbox 2520 3435 2906 3506; x_wconf 78' lang='lat' dir='ltr'><strong>:egritudincm.</strong></span> <span class='ocrx_word' id='word_1_710' title='bbox 2937 3435 3050 3488; x_wconf 86' lang='lat' dir='ltr'><strong>Non</strong></span> <span class='ocrx_word' id='word_1_711' title='bbox 3079 3435 3220 3488; x_wconf 90' lang='lat' dir='ltr'><strong>enim</strong></span> <span class='ocrx_word' id='word_1_712' title='bbox 3249 3435 3467 3504; x_wconf 90' lang='lat' dir='ltr'><strong>perinde</strong></span> <span class='ocrx_word' id='word_1_713' title='bbox 3490 3435 3534 3489; x_wconf 88' lang='lat' dir='ltr'><strong>si</strong></span> <span class='ocrx_word' id='word_1_714' title='bbox 3560 3435 3737 3490; x_wconf 87' lang='lat' dir='ltr'><strong>absint</strong></span> <span class='ocrx_word' id='word_1_715' title='bbox 3762 3437 3854 3504; x_wconf 91' lang='lat' dir='ltr'><strong>qui</strong></span> <span class='ocrx_word' id='word_1_716' title='bbox 3881 3451 3996 3488; x_wconf 84' lang='lat' dir='ltr'><strong>sue-</strong></span> 
     </span>
    </p>
   </div>
   <div class='ocr_carea' id='block_1_96' title="bbox 2417 3525 3997 3596">
    <p class='ocr_par' dir='ltr' id='par_1_96' title="bbox 2417 3525 3997 3596">
     <span class='ocr_line' id='line_1_96' title="bbox 2417 3525 3997 3596; baseline -0.001 -17"><span class='ocrx_word' id='word_1_717' title='bbox 2417 3535 2652 3590; x_wconf 90' lang='lat' dir='ltr'><strong>currant,</strong></span> <span class='ocrx_word' id='word_1_718' title='bbox 2679 3534 2836 3594; x_wconf 90' lang='lat' dir='ltr'><strong>atque</strong></span> <span class='ocrx_word' id='word_1_719' title='bbox 2865 3526 2908 3578; x_wconf 92' lang='lat' dir='ltr'><strong>si</strong></span> <span class='ocrx_word' id='word_1_720' title='bbox 2933 3525 3110 3579; x_wconf 83' lang='lat' dir='ltr'><strong>adsint</strong></span> <span class='ocrx_word' id='word_1_721' title='bbox 3135 3525 3369 3594; x_wconf 89' lang='lat' dir='ltr'><strong>quidem,</strong></span> <span class='ocrx_word' id='word_1_722' title='bbox 3405 3525 3498 3578; x_wconf 86' lang='lat' dir='ltr'><strong>sed</strong></span> <span class='ocrx_word' id='word_1_723' title='bbox 3528 3526 3700 3579; x_wconf 92' lang='lat' dir='ltr'><strong>nolint</strong></span> <span class='ocrx_word' id='word_1_724' title='bbox 3728 3529 3997 3596; x_wconf 84' lang='lat' dir='ltr'><strong>porrigere</strong></span> 
     </span>
    </p>
   </div>
   <div class='ocr_carea' id='block_1_97' title="bbox 2418 3615 3994 3686">
    <p class='ocr_par' dir='ltr' id='par_1_97' title="bbox 2418 3615 3994 3686">
     <span class='ocr_line' id='line_1_97' title="bbox 2418 3615 3994 3686; baseline 0 -17"><span class='ocrx_word' id='word_1_725' title='bbox 2418 3632 2652 3680; x_wconf 89' lang='lat' dir='ltr'><strong>manum,</strong></span> <span class='ocrx_word' id='word_1_726' title='bbox 2674 3615 2916 3669; x_wconf 89' lang='lat' dir='ltr'><strong>mordere</strong></span> <span class='ocrx_word' id='word_1_727' title='bbox 2942 3615 3075 3668; x_wconf 87' lang='lat' dir='ltr'><strong>solet</strong></span> <span class='ocrx_word' id='word_1_728' title='bbox 3101 3616 3332 3668; x_wconf 89' lang='lat' dir='ltr'><strong>animum</strong></span> <span class='ocrx_word' id='word_1_729' title='bbox 3357 3617 3406 3668; x_wconf 90' lang='lat' dir='ltr'><strong>in</strong></span> <span class='ocrx_word' id='word_1_730' title='bbox 3429 3616 3840 3680; x_wconf 83' lang='lat' dir='ltr'><strong>calamitatibus,</strong></span> <span class='ocrx_word' id='word_1_731' title='bbox 3863 3618 3994 3686; x_wconf 85' lang='lat' dir='ltr'><strong>quod</strong></span> 
     </span>
    </p>
   </div>
   <div class='ocr_carea' id='block_1_98' title="bbox 2418 3704 3994 3774">
    <p class='ocr_par' dir='ltr' id='par_1_98' title="bbox 2418 3704 3994 3774">
     <span class='ocr_line' id='line_1_98' title="bbox 2418 3704 3994 3774; baseline 0.002 -18"><span class='ocrx_word' id='word_1_732' title='bbox 2418 3706 2630 3774; x_wconf 88' lang='lat' dir='ltr'><strong>quidem</strong></span> <span class='ocrx_word' id='word_1_733' title='bbox 2670 3715 2775 3758; x_wconf 91' lang='lat' dir='ltr'><strong>tum</strong></span> <span class='ocrx_word' id='word_1_734' title='bbox 2810 3708 2928 3759; x_wconf 89' lang='lat' dir='ltr'><strong>huic</strong></span> <span class='ocrx_word' id='word_1_735' title='bbox 2958 3706 3168 3760; x_wconf 91' lang='lat' dir='ltr'><strong>accidit.</strong></span> <span class='ocrx_word' id='word_1_736' title='bbox 3209 3704 3394 3759; x_wconf 86' lang='lat' dir='ltr'><strong>Nullus</strong></span> <span class='ocrx_word' id='word_1_737' title='bbox 3424 3715 3538 3759; x_wconf 90' lang='lat' dir='ltr'><strong>erat</strong></span> <span class='ocrx_word' id='word_1_738' title='bbox 3565 3707 3654 3774; x_wconf 92' lang='lat' dir='ltr'><strong>qui</strong></span> <span class='ocrx_word' id='word_1_739' title='bbox 3683 3706 3843 3761; x_wconf 83' lang='lat' dir='ltr'><strong>dictis</strong></span> <span class='ocrx_word' id='word_1_740' title='bbox 3871 3723 3994 3761; x_wconf 87' lang='lat' dir='ltr'><strong>con-</strong></span> 
     </span>
    </p>
   </div>
   <div class='ocr_carea' id='block_1_99' title="bbox 2418 3795 3993 3865">
    <p class='ocr_par' dir='ltr' id='par_1_99' title="bbox 2418 3795 3993 3865">
     <span class='ocr_line' id='line_1_99' title="bbox 2418 3795 3993 3865; baseline 0.002 -17"><span class='ocrx_word' id='word_1_741' title='bbox 2418 3796 2698 3858; x_wconf 89' lang='lat' dir='ltr'><strong>solaretur,</strong></span> <span class='ocrx_word' id='word_1_742' title='bbox 2749 3796 2924 3849; x_wconf 91' lang='lat' dir='ltr'><strong>nullus</strong></span> <span class='ocrx_word' id='word_1_743' title='bbox 2974 3797 3060 3864; x_wconf 90' lang='lat' dir='ltr'><strong>qui</strong></span> <span class='ocrx_word' id='word_1_744' title='bbox 3109 3797 3258 3849; x_wconf 82' lang='lat' dir='ltr'><strong>factis</strong></span> <span class='ocrx_word' id='word_1_745' title='bbox 3304 3795 3521 3852; x_wconf 72' lang='lat' dir='ltr'><strong>afferret</strong></span> <span class='ocrx_word' id='word_1_746' title='bbox 3564 3797 3840 3865; x_wconf 88' lang='lat' dir='ltr'><strong>solatium,</strong></span> <span class='ocrx_word' id='word_1_747' title='bbox 3896 3816 3993 3854; x_wconf 90' lang='lat' dir='ltr'><strong>non</strong></span> 
     </span>
    </p>
   </div>
   <div class='ocr_carea' id='block_1_100' title="bbox 2418 3889 3995 3958">
    <p class='ocr_par' dir='ltr' id='par_1_100' title="bbox 2418 3889 3995 3958">
     <span class='ocr_line' id='line_1_100' title="bbox 2418 3889 3995 3958; baseline 0.003 -18"><span class='ocrx_word' id='word_1_748' title='bbox 2418 3889 2641 3953; x_wconf 89' lang='lat' dir='ltr'><strong>amicus,</strong></span> <span class='ocrx_word' id='word_1_749' title='bbox 2681 3903 2785 3941; x_wconf 91' lang='lat' dir='ltr'><strong>non</strong></span> <span class='ocrx_word' id='word_1_750' title='bbox 2830 3889 3055 3953; x_wconf 88' lang='lat' dir='ltr'><strong>vicinus,</strong></span> <span class='ocrx_word' id='word_1_751' title='bbox 3099 3902 3203 3941; x_wconf 92' lang='lat' dir='ltr'><strong>non</strong></span> <span class='ocrx_word' id='word_1_752' title='bbox 3246 3899 3524 3958; x_wconf 89' lang='lat' dir='ltr'><strong>cognatus,</strong></span> <span class='ocrx_word' id='word_1_753' title='bbox 3567 3905 3673 3944; x_wconf 91' lang='lat' dir='ltr'><strong>non</strong></span> <span class='ocrx_word' id='word_1_754' title='bbox 3705 3891 3995 3946; x_wconf 88' lang='lat' dir='ltr'><strong>videntium</strong></span> 
     </span>
    </p>
   </div>
   <div class='ocr_carea' id='block_1_101' title="bbox 2419 3979 3902 4051">
    <p class='ocr_par' dir='ltr' id='par_1_101' title="bbox 2419 3979 3902 4051">
     <span class='ocr_line' id='line_1_101' title="bbox 2419 3979 3902 4051; baseline 0.003 -19"><span class='ocrx_word' id='word_1_755' title='bbox 2419 3980 2695 4049; x_wconf 91' lang='lat' dir='ltr'><strong>quisquam</strong></span> <span class='ocrx_word' id='word_1_756' title='bbox 2721 3997 2734 4033; x_wconf 86' lang='lat'><strong>:</strong></span> <span class='ocrx_word' id='word_1_757' title='bbox 2765 3981 2897 4034; x_wconf 90' lang='lat' dir='ltr'><strong>adeo</strong></span> <span class='ocrx_word' id='word_1_758' title='bbox 2926 3989 3040 4034; x_wconf 90' lang='lat' dir='ltr'><strong>erat</strong></span> <span class='ocrx_word' id='word_1_759' title='bbox 3072 3989 3176 4034; x_wconf 88' lang='lat' dir='ltr'><strong>tota</strong></span> <span class='ocrx_word' id='word_1_760' title='bbox 3203 3979 3378 4034; x_wconf 88' lang='lat' dir='ltr'><strong>divitis</strong></span> <span class='ocrx_word' id='word_1_761' title='bbox 3401 3993 3652 4051; x_wconf 82' lang='lat' dir='ltr'><strong>corrupta</strong></span> <span class='ocrx_word' id='word_1_762' title='bbox 3682 3982 3902 4037; x_wconf 88' lang='lat' dir='ltr'><strong>familia.</strong></span> 
     </span>
    </p>
   </div>
   <div class='ocr_carea' id='block_1_102' title="bbox 2492 4072 3992 4146">
    <p class='ocr_par' dir='ltr' id='par_1_102' title="bbox 2492 4072 3992 4146">
     <span class='ocr_line' id='line_1_102' title="bbox 2492 4072 3992 4146; baseline 0.002 -20"><span class='ocrx_word' id='word_1_763' title='bbox 2492 4073 2577 4128; x_wconf 82' lang='grc'><strong>10.</strong></span> <span class='ocrx_word' id='word_1_764' title='bbox 2619 4073 2697 4126; x_wconf 82' lang='lat' dir='ltr'><strong>Ad</strong></span> <span class='ocrx_word' id='word_1_765' title='bbox 2730 4072 2842 4126; x_wconf 62' lang='lat' dir='ltr'><strong>haec</strong></span> <span class='ocrx_word' id='word_1_766' title='bbox 2867 4073 3022 4126; x_wconf 84' lang='lat' dir='ltr'><strong>aliam</strong></span> <span class='ocrx_word' id='word_1_767' title='bbox 3043 4073 3242 4128; x_wconf 92' lang='lat' dir='ltr'><strong>doloris</strong></span> <span class='ocrx_word' id='word_1_768' title='bbox 3263 4075 3624 4129; x_wconf 89' lang='lat' dir='ltr'><strong>accessionem</strong></span> <span class='ocrx_word' id='word_1_769' title='bbox 3651 4074 3992 4146; x_wconf 76' lang='lat' dir='ltr'><strong>adjungehut.</strong></span> 
     </span>
    </p>
   </div>
   <div class='ocr_carea' id='block_1_103' title="bbox 2421 4163 3992 4234">
    <p class='ocr_par' dir='ltr' id='par_1_103' title="bbox 2421 4163 3992 4234">
     <span class='ocr_line' id='line_1_103' title="bbox 2421 4163 3992 4234; baseline 0.002 -18"><span class='ocrx_word' id='word_1_770' title='bbox 2421 4163 2559 4233; x_wconf 89' lang='lat' dir='ltr'><strong>quod</strong></span> <span class='ocrx_word' id='word_1_771' title='bbox 2607 4163 2830 4217; x_wconf 88' lang='lat' dir='ltr'><strong>altertnn</strong></span> <span class='ocrx_word' id='word_1_772' title='bbox 2886 4163 3031 4217; x_wconf 90' lang='lat' dir='ltr'><strong>illum</strong></span> <span class='ocrx_word' id='word_1_773' title='bbox 3080 4164 3133 4217; x_wconf 93' lang='lat' dir='ltr'><strong>in</strong></span> <span class='ocrx_word' id='word_1_774' title='bbox 3186 4163 3435 4219; x_wconf 88' lang='lat' dir='ltr'><strong>felicitate</strong></span> <span class='ocrx_word' id='word_1_775' title='bbox 3461 4166 3847 4234; x_wconf 81' lang='lat' dir='ltr'><strong>eonSpiciebat,</strong></span> <span class='ocrx_word' id='word_1_776' title='bbox 3894 4182 3992 4219; x_wconf 87' lang='lat' dir='ltr'><strong>non</strong></span> 
     </span>
    </p>
   </div>
   <div class='ocr_carea' id='block_1_104' title="bbox 2421 4255 3998 4327">
    <p class='ocr_par' dir='ltr' id='par_1_104' title="bbox 2421 4255 3998 4327">
     <span class='ocr_line' id='line_1_104' title="bbox 2421 4255 3998 4327; baseline 0.004 -19"><span class='ocrx_word' id='word_1_777' title='bbox 2421 4255 2559 4325; x_wconf 87' lang='lat' dir='ltr'><strong>quod</strong></span> <span class='ocrx_word' id='word_1_778' title='bbox 2590 4255 2799 4310; x_wconf 85' lang='lat' dir='ltr'><strong>invidus</strong></span> <span class='ocrx_word' id='word_1_779' title='bbox 2826 4263 2970 4310; x_wconf 89' lang='lat' dir='ltr'><strong>esset</strong></span> <span class='ocrx_word' id='word_1_780' title='bbox 2989 4271 3051 4310; x_wconf 91' lang='lat' dir='ltr'><strong>ac</strong></span> <span class='ocrx_word' id='word_1_781' title='bbox 3081 4271 3294 4326; x_wconf 86' lang='lat' dir='ltr'><strong>pravus,</strong></span> <span class='ocrx_word' id='word_1_782' title='bbox 3318 4257 3412 4312; x_wconf 88' lang='lat' dir='ltr'><strong>sed</strong></span> <span class='ocrx_word' id='word_1_783' title='bbox 3441 4258 3582 4327; x_wconf 88' lang='lat' dir='ltr'><strong>quod</strong></span> <span class='ocrx_word' id='word_1_784' title='bbox 3611 4274 3799 4314; x_wconf 89' lang='lat' dir='ltr'><strong>omnes</strong></span> <span class='ocrx_word' id='word_1_785' title='bbox 3826 4262 3998 4315; x_wconf 81' lang='lat' dir='ltr'><strong>solent</strong></span> 
     </span>
    </p>
   </div>
   <div class='ocr_carea' id='block_1_105' title="bbox 2422 4348 3993 4417">
    <p class='ocr_par' dir='ltr' id='par_1_105' title="bbox 2422 4348 3993 4417">
     <span class='ocr_line' id='line_1_105' title="bbox 2422 4348 3993 4417; baseline 0.003 -16"><span class='ocrx_word' id='word_1_786' title='bbox 2422 4349 2474 4402; x_wconf 91' lang='lat' dir='ltr'><strong>in</strong></span> <span class='ocrx_word' id='word_1_787' title='bbox 2506 4348 2730 4401; x_wconf 90' lang='lat' dir='ltr'><strong>aliorum</strong></span> <span class='ocrx_word' id='word_1_788' title='bbox 2775 4350 3130 4417; x_wconf 89' lang='lat' dir='ltr'><strong>prosperitate</strong></span> <span class='ocrx_word' id='word_1_789' title='bbox 3177 4351 3354 4404; x_wconf 90' lang='lat' dir='ltr'><strong>acrius</strong></span> <span class='ocrx_word' id='word_1_790' title='bbox 3383 4365 3506 4405; x_wconf 90' lang='lat' dir='ltr'><strong>suas</strong></span> <span class='ocrx_word' id='word_1_791' title='bbox 3538 4353 3740 4406; x_wconf 90' lang='lat' dir='ltr'><strong>sentire</strong></span> <span class='ocrx_word' id='word_1_792' title='bbox 3778 4353 3993 4406; x_wconf 85' lang='lat' dir='ltr'><strong>calami-</strong></span> 
     </span>
    </p>
   </div>
   <div class='ocr_carea' id='block_1_106' title="bbox 2425 4439 3999 4512">
    <p class='ocr_par' dir='ltr' id='par_1_106' title="bbox 2425 4439 3999 4512">
     <span class='ocr_line' id='line_1_106' title="bbox 2425 4439 3999 4512; baseline 0.001 -18"><span class='ocrx_word' id='word_1_793' title='bbox 2425 4451 2578 4495; x_wconf 90' lang='lat' dir='ltr'><strong>tates.</strong></span> <span class='ocrx_word' id='word_1_794' title='bbox 2608 4439 2663 4494; x_wconf 88' lang='lat' dir='ltr'><strong>ln</strong></span> <span class='ocrx_word' id='word_1_795' title='bbox 2685 4441 2849 4495; x_wconf 87' lang='lat' dir='ltr'><strong>divite</strong></span> <span class='ocrx_word' id='word_1_796' title='bbox 2871 4451 3047 4496; x_wconf 91' lang='lat' dir='ltr'><strong>autem</strong></span> <span class='ocrx_word' id='word_1_797' title='bbox 3071 4450 3188 4496; x_wconf 90' lang='lat' dir='ltr'><strong>erat</strong></span> <span class='ocrx_word' id='word_1_798' title='bbox 3211 4443 3408 4512; x_wconf 90' lang='lat' dir='ltr'><strong>aliquid</strong></span> <span class='ocrx_word' id='word_1_799' title='bbox 3435 4444 3603 4512; x_wconf 84' lang='lat' dir='ltr'><strong>majus</strong></span> <span class='ocrx_word' id='word_1_800' title='bbox 3629 4444 3692 4497; x_wconf 92' lang='lat' dir='ltr'><strong>ad</strong></span> <span class='ocrx_word' id='word_1_801' title='bbox 3728 4445 3869 4498; x_wconf 88' lang='lat' dir='ltr'><strong>illius</strong></span> <span class='ocrx_word' id='word_1_802' title='bbox 3888 4446 3999 4498; x_wconf 81' lang='lat' dir='ltr'><strong>ani-</strong></span> 
     </span>
    </p>
   </div>
   <div class='ocr_carea' id='block_1_107' title="bbox 2424 4534 3999 4606">
    <p class='ocr_par' dir='ltr' id='par_1_107' title="bbox 2424 4534 3999 4606">
     <span class='ocr_line' id='line_1_107' title="bbox 2424 4534 3999 4606; baseline 0.003 -21"><span class='ocrx_word' id='word_1_803' title='bbox 2424 4549 2566 4586; x_wconf 91' lang='lat' dir='ltr'><strong>mum</strong></span> <span class='ocrx_word' id='word_1_804' title='bbox 2597 4534 3031 4588; x_wconf 82' lang='lat' dir='ltr'><strong>exulcerandum.</strong></span> <span class='ocrx_word' id='word_1_805' title='bbox 3073 4535 3187 4588; x_wconf 87' lang='lat' dir='ltr'><strong>Non</strong></span> <span class='ocrx_word' id='word_1_806' title='bbox 3235 4536 3375 4589; x_wconf 90' lang='lat' dir='ltr'><strong>enim</strong></span> <span class='ocrx_word' id='word_1_807' title='bbox 3419 4536 3591 4589; x_wconf 90' lang='lat' dir='ltr'><strong>solum</strong></span> <span class='ocrx_word' id='word_1_808' title='bbox 3642 4552 3790 4590; x_wconf 92' lang='lat' dir='ltr'><strong>suam</strong></span> <span class='ocrx_word' id='word_1_809' title='bbox 3837 4539 3999 4606; x_wconf 82' lang='lat' dir='ltr'><strong>ipsius</strong></span> 
     </span>
    </p>
   </div>
   <div class='ocr_carea' id='block_1_108' title="bbox 2419 4612 3997 4698">
    <p class='ocr_par' dir='ltr' id='par_1_108' title="bbox 2419 4612 3997 4698">
     <span class='ocr_line' id='line_1_108' title="bbox 2419 4612 3997 4698; baseline 0.001 -21"><span class='ocrx_word' id='word_1_810' title='bbox 2419 4612 2773 4678; x_wconf 85' lang='lat' dir='ltr'><strong>calamitatem</strong></span> <span class='ocrx_word' id='word_1_811' title='bbox 2817 4641 2936 4679; x_wconf 92' lang='lat' dir='ltr'><strong>cum</strong></span> <span class='ocrx_word' id='word_1_812' title='bbox 2979 4619 3119 4680; x_wconf 86' lang='lat' dir='ltr'><strong>illius</strong></span> <span class='ocrx_word' id='word_1_813' title='bbox 3147 4627 3493 4696; x_wconf 88' lang='lat' dir='ltr'><strong>prosperitate</strong></span> <span class='ocrx_word' id='word_1_814' title='bbox 3536 4626 3839 4693; x_wconf 89' lang='lat' dir='ltr'><strong>conferens,</strong></span> <span class='ocrx_word' id='word_1_815' title='bbox 3881 4643 3997 4698; x_wconf 75' lang='lat' dir='ltr'><strong>gra-</strong></span> 
     </span>
    </p>
   </div>
   <div class='ocr_carea' id='block_1_109' title="bbox 2424 4706 3994 4784">
    <p class='ocr_par' dir='ltr' id='par_1_109' title="bbox 2424 4706 3994 4784">
     <span class='ocr_line' id='line_1_109' title="bbox 2424 4706 3994 4784; baseline 0 -16"><span class='ocrx_word' id='word_1_816' title='bbox 2424 4717 2624 4768; x_wconf 90' lang='lat' dir='ltr'><strong>viorem</strong></span> <span class='ocrx_word' id='word_1_817' title='bbox 2666 4715 2918 4770; x_wconf 89' lang='lat' dir='ltr'><strong>reddebat</strong></span> <span class='ocrx_word' id='word_1_818' title='bbox 2961 4732 3178 4771; x_wconf 89' lang='lat' dir='ltr'><strong>suorum</strong></span> <span class='ocrx_word' id='word_1_819' title='bbox 3215 4717 3474 4770; x_wconf 81' lang='lat' dir='ltr'><strong>malorum</strong></span> <span class='ocrx_word' id='word_1_820' title='bbox 3521 4732 3771 4784; x_wconf 79' lang='lat' dir='ltr'><strong>sensum,</strong></span> <span class='ocrx_word' id='word_1_821' title='bbox 3815 4706 3994 4772; x_wconf 63' lang='lat' dir='ltr'><strong>verum</strong></span> 
     </span>
    </p>
   </div>
   <div class='ocr_carea' id='block_1_110' title="bbox 2425 4807 3993 4878">
    <p class='ocr_par' dir='ltr' id='par_1_110' title="bbox 2425 4807 3993 4878">
     <span class='ocr_line' id='line_1_110' title="bbox 2425 4807 3993 4878; baseline 0.002 -20"><span class='ocrx_word' id='word_1_822' title='bbox 2425 4808 2582 4859; x_wconf 78' lang='lat' dir='ltr'><strong>etiam</strong></span> <span class='ocrx_word' id='word_1_823' title='bbox 2632 4807 2964 4877; x_wconf 88' lang='lat' dir='ltr'><strong>perpendens</strong></span> <span class='ocrx_word' id='word_1_824' title='bbox 3007 4808 3146 4878; x_wconf 92' lang='lat' dir='ltr'><strong>quod</strong></span> <span class='ocrx_word' id='word_1_825' title='bbox 3180 4809 3268 4863; x_wconf 89' lang='lat' dir='ltr'><strong>ille</strong></span> <span class='ocrx_word' id='word_1_826' title='bbox 3297 4810 3456 4862; x_wconf 89' lang='lat' dir='ltr'><strong>vitam</strong></span> <span class='ocrx_word' id='word_1_827' title='bbox 3499 4807 3701 4862; x_wconf 88' lang='lat' dir='ltr'><strong>ducens</strong></span> <span class='ocrx_word' id='word_1_828' title='bbox 3729 4809 3993 4864; x_wconf 88' lang='lat' dir='ltr'><strong>crudelem</strong></span> 
     </span>
    </p>
   </div>
   <div class='ocr_carea' id='block_1_111' title="bbox 2426 4899 3997 4969">
    <p class='ocr_par' dir='ltr' id='par_1_111' title="bbox 2426 4899 3997 4969">
     <span class='ocr_line' id='line_1_111' title="bbox 2426 4899 3997 4969; baseline 0 -16"><span class='ocrx_word' id='word_1_829' title='bbox 2426 4910 2480 4953; x_wconf 89' lang='lat' dir='ltr'><strong>et</strong></span> <span class='ocrx_word' id='word_1_830' title='bbox 2509 4899 2869 4964; x_wconf 88' lang='lat' dir='ltr'><strong>inhumanam,</strong></span> <span class='ocrx_word' id='word_1_831' title='bbox 2901 4899 2952 4952; x_wconf 92' lang='lat' dir='ltr'><strong>in</strong></span> <span class='ocrx_word' id='word_1_832' title='bbox 2982 4899 3236 4953; x_wconf 85' lang='lat' dir='ltr'><strong>omnibus</strong></span> <span class='ocrx_word' id='word_1_833' title='bbox 3269 4910 3694 4967; x_wconf 87' lang='lat' dir='ltr'><strong>prosperaretur,</strong></span> <span class='ocrx_word' id='word_1_834' title='bbox 3725 4901 3837 4969; x_wconf 90' lang='lat' dir='ltr'><strong>ipse</strong></span> <span class='ocrx_word' id='word_1_835' title='bbox 3873 4916 3997 4954; x_wconf 80' lang='lat' dir='ltr'><strong>vero</strong></span> 
     </span>
    </p>
   </div>
   <div class='ocr_carea' id='block_1_112' title="bbox 2428 4989 3994 5058">
    <p class='ocr_par' dir='ltr' id='par_1_112' title="bbox 2428 4989 3994 5058">
     <span class='ocr_line' id='line_1_112' title="bbox 2428 4989 3994 5058; baseline 0.002 -19"><span class='ocrx_word' id='word_1_836' title='bbox 2428 4990 2672 5042; x_wconf 85' lang='lat' dir='ltr'><strong>virtutem</strong></span> <span class='ocrx_word' id='word_1_837' title='bbox 2703 5005 2763 5042; x_wconf 91' lang='lat' dir='ltr'><strong>ac</strong></span> <span class='ocrx_word' id='word_1_838' title='bbox 2791 4989 3105 5043; x_wconf 87' lang='lat' dir='ltr'><strong>modestiam</strong></span> <span class='ocrx_word' id='word_1_839' title='bbox 3136 4989 3434 5058; x_wconf 82' lang='lat' dir='ltr'><strong>amplexus,</strong></span> <span class='ocrx_word' id='word_1_840' title='bbox 3465 4999 3704 5043; x_wconf 75' lang='lat' dir='ltr'><strong>extrema</strong></span> <span class='ocrx_word' id='word_1_841' title='bbox 3735 5000 3994 5058; x_wconf 65' lang='lat' dir='ltr'><strong>pateretur</strong></span> 
     </span>
    </p>
   </div>
   <div class='ocr_carea' id='block_1_113' title="bbox 2427 5080 4000 5146">
    <p class='ocr_par' dir='ltr' id='par_1_113' title="bbox 2427 5080 4000 5146">
     <span class='ocr_line' id='line_1_113' title="bbox 2427 5080 4000 5146; baseline 0.001 -12"><span class='ocrx_word' id='word_1_842' title='bbox 2427 5080 2598 5146; x_wconf 84' lang='lat' dir='ltr'><strong>mala,</strong></span> <span class='ocrx_word' id='word_1_843' title='bbox 2664 5081 3098 5134; x_wconf 83' lang='lat' dir='ltr'><strong>ineonsolabilem</strong></span> <span class='ocrx_word' id='word_1_844' title='bbox 3173 5081 3334 5134; x_wconf 90' lang='lat' dir='ltr'><strong>animi</strong></span> <span class='ocrx_word' id='word_1_845' title='bbox 3390 5081 3690 5135; x_wconf 83' lang='lat' dir='ltr'><strong>molestiam</strong></span> <span class='ocrx_word' id='word_1_846' title='bbox 3760 5092 3813 5135; x_wconf 91' lang='lat' dir='ltr'><strong>et</strong></span> <span class='ocrx_word' id='word_1_847' title='bbox 3881 5082 4000 5135; x_wconf 80' lang='lat' dir='ltr'><strong>hinc</strong></span> 
     </span>
    </p>
   </div>
   <div class='ocr_carea' id='block_1_114' title="bbox 2427 5170 3974 5241">
    <p class='ocr_par' dir='ltr' id='par_1_114' title="bbox 2427 5170 3974 5241">
     <span class='ocr_line' id='line_1_114' title="bbox 2427 5170 3974 5241; baseline 0 -16"><span class='ocrx_word' id='word_1_848' title='bbox 2427 5172 2692 5225; x_wconf 82' lang='lat' dir='ltr'><strong>Sustinuit.</strong></span> <span class='ocrx_word' id='word_1_849' title='bbox 2751 5171 2880 5225; x_wconf 86' lang='lat' dir='ltr'><strong>Nam</strong></span> <span class='ocrx_word' id='word_1_850' title='bbox 2931 5173 2976 5224; x_wconf 92' lang='lat' dir='ltr'><strong>si</strong></span> <span class='ocrx_word' id='word_1_851' title='bbox 3025 5172 3103 5226; x_wconf 86' lang='lat' dir='ltr'><strong>vir</strong></span> <span class='ocrx_word' id='word_1_852' title='bbox 3142 5171 3314 5241; x_wconf 88' lang='lat' dir='ltr'><strong>justus</strong></span> <span class='ocrx_word' id='word_1_853' title='bbox 3361 5170 3546 5226; x_wconf 83' lang='lat' dir='ltr'><strong>fuisset</strong></span> <span class='ocrx_word' id='word_1_854' title='bbox 3575 5172 3746 5237; x_wconf 90' lang='lat' dir='ltr'><strong>dives,</strong></span> <span class='ocrx_word' id='word_1_855' title='bbox 3797 5174 3838 5225; x_wconf 87' lang='lat' dir='ltr'><strong>si</strong></span> <span class='ocrx_word' id='word_1_856' title='bbox 3888 5189 3974 5225; x_wconf 90' lang='lat' dir='ltr'><strong>mo</strong></span> 
     </span>
    </p>
   </div>
   <div class='ocr_carea' id='block_1_115' title="bbox 2427 5260 3992 5330">
    <p class='ocr_par' dir='ltr' id='par_1_115' title="bbox 2427 5260 3992 5330">
     <span class='ocr_line' id='line_1_115' title="bbox 2427 5260 3992 5330; baseline -0.001 -16"><span class='ocrx_word' id='word_1_857' title='bbox 2427 5262 2628 5325; x_wconf 85' lang='lat' dir='ltr'><strong>destus,</strong></span> <span class='ocrx_word' id='word_1_858' title='bbox 2677 5262 2721 5314; x_wconf 90' lang='lat' dir='ltr'><strong>si</strong></span> <span class='ocrx_word' id='word_1_859' title='bbox 2772 5260 3160 5330; x_wconf 88' lang='lat' dir='ltr'><strong>suspiciendus,</strong></span> <span class='ocrx_word' id='word_1_860' title='bbox 3207 5263 3251 5314; x_wconf 90' lang='lat' dir='ltr'><strong>si</strong></span> <span class='ocrx_word' id='word_1_861' title='bbox 3297 5262 3440 5314; x_wconf 92' lang='lat' dir='ltr'><strong>omni</strong></span> <span class='ocrx_word' id='word_1_862' title='bbox 3481 5261 3680 5314; x_wconf 87' lang='lat' dir='ltr'><strong>virtute</strong></span> <span class='ocrx_word' id='word_1_863' title='bbox 3725 5262 3992 5330; x_wconf 66' lang='lat' dir='ltr'><strong>pra‘ditus,</strong></span> 
     </span>
    </p>
   </div>
   <div class='ocr_carea' id='block_1_116' title="bbox 2429 5331 3993 5422">
    <p class='ocr_par' dir='ltr' id='par_1_116' title="bbox 2429 5331 3993 5422">
     <span class='ocr_line' id='line_1_116' title="bbox 2429 5331 3993 5422; baseline -0.001 -16"><span class='ocrx_word' id='word_1_864' title='bbox 2429 5367 2763 5422; x_wconf 90' lang='lat' dir='ltr'><strong>nequaquam</strong></span> <span class='ocrx_word' id='word_1_865' title='bbox 2815 5351 2888 5406; x_wconf 87' lang='lat' dir='ltr'><strong>illi</strong></span> <span class='ocrx_word' id='word_1_866' title='bbox 2936 5353 3155 5422; x_wconf 90' lang='lat' dir='ltr'><strong>perinde</strong></span> <span class='ocrx_word' id='word_1_867' title='bbox 3201 5331 3478 5407; x_wconf 63' lang='lat' dir='ltr'><strong>doluisset.</strong></span> <span class='ocrx_word' id='word_1_868' title='bbox 3513 5350 3666 5405; x_wconf 83' lang='lat' dir='ltr'><strong>Nmic</strong></span> <span class='ocrx_word' id='word_1_869' title='bbox 3719 5367 3840 5405; x_wconf 82' lang='lat' dir='ltr'><strong>vero</strong></span> <span class='ocrx_word' id='word_1_870' title='bbox 3878 5366 3993 5405; x_wconf 89' lang='lat' dir='ltr'><strong>eum</strong></span> 
     </span>
    </p>
   </div>
   <div class='ocr_carea' id='block_1_117' title="bbox 2428 5443 3994 5512">
    <p class='ocr_par' dir='ltr' id='par_1_117' title="bbox 2428 5443 3994 5512">
     <span class='ocr_line' id='line_1_117' title="bbox 2428 5443 3994 5512; baseline 0.001 -18"><span class='ocrx_word' id='word_1_871' title='bbox 2428 5443 2577 5496; x_wconf 86' lang='lat' dir='ltr'><strong>dives</strong></span> <span class='ocrx_word' id='word_1_872' title='bbox 2603 5453 2764 5507; x_wconf 88' lang='lat' dir='ltr'><strong>esset,</strong></span> <span class='ocrx_word' id='word_1_873' title='bbox 2795 5443 3155 5512; x_wconf 63' lang='lat' dir='ltr'><strong>improbaeque</strong></span> <span class='ocrx_word' id='word_1_874' title='bbox 3177 5445 3318 5508; x_wconf 57' lang='lat' dir='ltr'><strong>vitai,</strong></span> <span class='ocrx_word' id='word_1_875' title='bbox 3345 5455 3396 5498; x_wconf 87' lang='lat' dir='ltr'><strong>et</strong></span> <span class='ocrx_word' id='word_1_876' title='bbox 3423 5443 3486 5496; x_wconf 90' lang='lat' dir='ltr'><strong>ad</strong></span> <span class='ocrx_word' id='word_1_877' title='bbox 3516 5456 3817 5498; x_wconf 72' lang='lat' dir='ltr'><strong>eXIremum</strong></span> <span class='ocrx_word' id='word_1_878' title='bbox 3842 5459 3994 5511; x_wconf 75' lang='lat' dir='ltr'><strong>usque</strong></span> 
     </span>
    </p>
   </div>
   <div class='ocr_carea' id='block_1_118' title="bbox 2430 5535 3994 5604">
    <p class='ocr_par' dir='ltr' id='par_1_118' title="bbox 2430 5535 3994 5604">
     <span class='ocr_line' id='line_1_118' title="bbox 2430 5535 3994 5604; baseline -0.001 -17"><span class='ocrx_word' id='word_1_879' title='bbox 2430 5535 2642 5587; x_wconf 77' lang='lat' dir='ltr'><strong>malitia:</strong></span> <span class='ocrx_word' id='word_1_880' title='bbox 2672 5544 2972 5604; x_wconf 86' lang='lat' dir='ltr'><strong>provectus,</strong></span> <span class='ocrx_word' id='word_1_881' title='bbox 3022 5546 3075 5588; x_wconf 90' lang='lat' dir='ltr'><strong>et</strong></span> <span class='ocrx_word' id='word_1_882' title='bbox 3111 5543 3308 5588; x_wconf 88' lang='lat' dir='ltr'><strong>tantam</strong></span> <span class='ocrx_word' id='word_1_883' title='bbox 3342 5535 3786 5588; x_wconf 89' lang='lat' dir='ltr'><strong>inhumanitatem</strong></span> <span class='ocrx_word' id='word_1_884' title='bbox 3832 5545 3994 5588; x_wconf 71' lang='lat' dir='ltr'><strong>osten-</strong></span> 
     </span>
    </p>
   </div>
   <div class='ocr_carea' id='block_1_119' title="bbox 2431 5627 3992 5697">
    <p class='ocr_par' dir='ltr' id='par_1_119' title="bbox 2431 5627 3992 5697">
     <span class='ocr_line' id='line_1_119' title="bbox 2431 5627 3992 5697; baseline 0 -17"><span class='ocrx_word' id='word_1_885' title='bbox 2431 5627 2582 5691; x_wconf 90' lang='lat' dir='ltr'><strong>dens,</strong></span> <span class='ocrx_word' id='word_1_886' title='bbox 2628 5638 2681 5681; x_wconf 92' lang='lat' dir='ltr'><strong>ct</strong></span> <span class='ocrx_word' id='word_1_887' title='bbox 2723 5627 2969 5682; x_wconf 89' lang='lat' dir='ltr'><strong>hostilem</strong></span> <span class='ocrx_word' id='word_1_888' title='bbox 3014 5627 3250 5681; x_wconf 88' lang='lat' dir='ltr'><strong>animum</strong></span> <span class='ocrx_word' id='word_1_889' title='bbox 3282 5643 3493 5697; x_wconf 86' lang='lat' dir='ltr'><strong>gerens.</strong></span> <span class='ocrx_word' id='word_1_890' title='bbox 3525 5643 3626 5682; x_wconf 90' lang='lat' dir='ltr'><strong>nec</strong></span> <span class='ocrx_word' id='word_1_891' title='bbox 3663 5643 3820 5684; x_wconf 69' lang='lat' dir='ltr'><strong>secus</strong></span> <span class='ocrx_word' id='word_1_892' title='bbox 3846 5641 3992 5696; x_wconf 79' lang='lat' dir='ltr'><strong>atque</strong></span> 
     </span>
    </p>
   </div>
   <div class='ocr_carea' id='block_1_120' title="bbox 2433 5720 3990 5790">
    <p class='ocr_par' dir='ltr' id='par_1_120' title="bbox 2433 5720 3990 5790">
     <span class='ocr_line' id='line_1_120' title="bbox 2433 5720 3990 5790; baseline 0.001 -16"><span class='ocrx_word' id='word_1_893' title='bbox 2433 5720 2658 5790; x_wconf 85' lang='lat' dir='ltr'><strong>lapidem</strong></span> <span class='ocrx_word' id='word_1_894' title='bbox 2702 5721 2872 5790; x_wconf 88' lang='lat' dir='ltr'><strong>ipsum</strong></span> <span class='ocrx_word' id='word_1_895' title='bbox 2908 5731 3341 5790; x_wconf 68' lang='lat' dir='ltr'><strong>prmtcrcurrcus,</strong></span> <span class='ocrx_word' id='word_1_896' title='bbox 3375 5721 3488 5777; x_wconf 90' lang='lat' dir='ltr'><strong>sine</strong></span> <span class='ocrx_word' id='word_1_897' title='bbox 3519 5725 3864 5790; x_wconf 83' lang='lat' dir='ltr'><strong>verecundia,</strong></span> <span class='ocrx_word' id='word_1_898' title='bbox 3891 5724 3990 5777; x_wconf 72' lang='lat' dir='ltr'><strong>sine</strong></span> 
     </span>
    </p>
   </div>
   <div class='ocr_carea' id='block_1_121' title="bbox 3950 41 4054 1762">
    <p class='ocr_par' dir='ltr' id='par_1_121' title="bbox 3950 1186 3996 1671">
     <span class='ocr_line' id='line_1_121' title="bbox 3950 1186 3956 1220; baseline 0 0"><span class='ocrx_word' id='word_1_899' title='bbox 3950 1186 3956 1220; x_wconf 84' lang='lat' dir='ltr'><strong>t</strong></span> 
     </span>
     <span class='ocr_line' id='line_1_122' title="bbox 3950 1277 3958 1308; baseline 0 0"><span class='ocrx_word' id='word_1_900' title='bbox 3950 1277 3958 1308; x_wconf 96' lang='lat' dir='ltr'><strong>I</strong></span> 
     </span>
     <span class='ocr_line' id='line_1_123' title="bbox 3950 1367 3961 1400; baseline 0 0"><span class='ocrx_word' id='word_1_901' title='bbox 3950 1367 3961 1400; x_wconf 79' lang='lat' dir='ltr'><strong>t</strong></span> 
     </span>
     <span class='ocr_line' id='line_1_124' title="bbox 3953 1451 3966 1489; baseline 0 0"><span class='ocrx_word' id='word_1_902' title='bbox 3953 1451 3966 1489; x_wconf 82' lang='grc' dir='ltr'>ι</span> 
     </span>
     <span class='ocr_line' id='line_1_125' title="bbox 3950 1531 3996 1580; baseline 0 -42"><span class='ocrx_word' id='word_1_903' title='bbox 3950 1531 3962 1580; x_wconf 55' lang='grc'><strong>1</strong></span> <span class='ocrx_word' id='word_1_904' title='bbox 3994 1535 3996 1538; x_wconf 76' lang='grc'>,</span> 
     </span>
     <span class='ocr_line' id='line_1_126' title="bbox 3957 1632 3968 1671; baseline 0 0"><span class='ocrx_word' id='word_1_905' title='bbox 3957 1632 3968 1671; x_wconf 86' lang='grc' dir='ltr'>ι</span> 
     </span>
    </p>
   </div>
  </div>
