4160 6324
743 356 842 409 977

737 471 989 541 ἐννόησον
1032 471 1153 533 πῶς
1185 473 1330 532 εἰκὸς
1379 467 1468 540 ἧι,
1496 472 1691 538 ὥσπερ
1735 473 2058 539 ἐπαλλήλοις
2107 471 2316 539 κύμασι

740 559 1024 630 βαπτίζειν
1044 561 1206 613 αὑτὸν
1231 561 1324 612 τοῦ
1351 565 1580 629 πένητος
1596 562 1693 632 τὴν
1719 563 1918 631 ψυχήν
1953 560 2205 629 ἐννόησον
2229 557 2319 608 τὸν

737 647 1008 717 Λάζαρον,
1059 645 1170 700 οἷον
1225 649 1374 710 είκὸς
1405 643 1473 718 ἦν
1499 645 1662 712 εἶναι,
1713 649 1923 719 ὁρῶντα
1966 646 2316 718 παρασίτους,

739 735 1001 798 κόλακας,
1025 737 1240 798 οίκέτας
1257 737 1669 799 ἀναϐαίνοντας,
1693 725 2141 796 καταϐαίνοντας,
2161 719 2322 794 ἐξιόνί

737 840 856 886 τας,
892 825 1180 888 εἰσιόντας,
1210 825 1664 894 κατατρέχοντας,
1689 824 2068 894 θορυϐοῦντας,
2095 821 2321 891 μεθύον-

738 928 856 974 τας,
895 912 1203 981 πηδῶντας,
1250 915 1345 965 καὶ
1385 915 1564 964 πᾶσαν
1587 912 1754 981 ἀλλην
1797 911 2084 977 ἀσέλγειαν
2122 907 2324 960 ἐπιδει-

739 1001 1060 1069 κνυμένους.
1117 1001 1329 1071 Ὥσπερ
1379 1001 1490 1071 γάρ
1520 1001 1586 1054 δι’
1625 1001 1757 1052 αὑτὸ
1803 998 1960 1051 τοῦτο
1993 996 2182 1059 ἐλθὼν,
2233 996 2322 1048 ἵνα

741 1087 953 1157 μάρτυς
1051 1087 1162 1138 τῶν
1182 1087 1478 1158 ἀλλοτρίων
1511 1086 1749 1153 ἀγαθῶν.
1785 1084 1958 1147 οῦτως
1993 1085 2073 1146 είς
2103 1083 2194 1135 τὸν
2220 1099 2324 1132 πυ-

738 1174 891 1252 λῶνα⁹
933 1162 1190 1244 ἔρριπτο,
1219 1175 1475 1228 τοσοῦτον
1516 1174 1642 1238 ζῶν,
1679 1175 1800 1226 ὅσον
1832 1169 2181 1226 αἰσθάνεσθαι
2209 1165 2321 1238 εἶχε

738 1263 846 1316 τῶν
871 1263 1086 1314 οἰκείων
1117 1262 1302 1314 κακῶν
1329 1263 1510 1332 μόνον,
1528 1263 1588 1314 ἐν
1617 1261 1793 1329 λιμένι
1825 1259 2081 1326 ναυάγιον
2115 1256 2323 1325 ὑπομέ-

729 1367 864 1411 νων,
902 1351 1133 1422 πλησίον
1159 1351 1352 1420 ’πηγῆς
1379 1349 1507 1420 δίψῃ
1533 1348 1894 1421 χαλεπωτάτῃ
1921 1344 2211 1418 τὴνψυχὴν
2233 1344 2324 1412 ἀγ-

739 1438 992 1507 χὸμενος.

809 1525 962 1576 Εῐπω
993 1543 1046 1577 τι
1074 1525 1168 1578 καὶ
1189 1525 1386 1594 ἓτερον
1574 1522 1785 1584 τούτοις
1814 1521 2013 1585 κακόν;
2038 1520 2153 1573 υύκ
2175 1515 2322 1587 εῖχεν

737 1612 817 1673 εἰς
846 1611 1035 1680 ἕτερον
1057 1609 1208 1682 [722]
1240 1609 1494 1680 Λάζαρον
1523 1611 1670 1663 ἰδεῖν.
1717 1611 1907 1678 Ἡμεῖς
1940 1607 2037 1678 μὲν
2075 1605 2184 1676 γάρ
2217 1606 2323 1658 κάν

742 1699 911 1767 μυρία
933 1698 1196 1768 πάθωμεν
1213 1701 1380 1761 κακά,
1409 1698 1524 1750 ἀλλ’
1541 1698 1738 1767 ἔχομεν
1766 1699 1845 1759 εἰς
1866 1698 2073 1749 ἐκεῖνον
2103 1693 2321 1759 ἰδόντες,

742 1776 934 1855 ἱκανὴν
965 1785 1216 1854 δέχεσθαι
1263 1784 1632 1855 παράκλησιν,
1676 1771 1770 1836 καὶ
1796 1783 1996 1853 πολλῆς
2021 1782 2322 1835 ἀπολαῦσαι

737 1873 837 1942 τῆς
871 1873 1249 1948 παραμυθίας.
1302 1873 1376 1924 Τὸ
1423 1872 1533 1944 γάρ
1571 1873 1862 1934 κοινωνοὺς
1905 1870 2182 1941 εὑρίσκειν
2214 1868 2322 1921 τῶν

738 1961 955 2012 οἰκείων
978 1961 1164 2014 κακῶν
1195 1961 1228 2030 ἢ
1249 1963 1306 2013 ὲν
1325 1962 1664 2031 πράγμασιν,
1696 1960 1729 2028 ἢ
1751 1961 1808 2012 ὲν
1840 1960 2168 2029 διηγήμασι,
2195 1957 2325 2012 πολ-

737 2048 834 2118 λὴν
867 2049 1022 2118 φέρει
1049 2051 1162 2110 τοῖς
1193 2048 1554 2118 ὀδυνωμένοις
1583 2047 1950 2118 παράκλησιν.
2004 2046 2238 2108 Ἐκεῖνος
2266 2045 2321 2097 δὲ

734 2135 928 2187 ούδένα
957 2136 1142 2205 ἓτερον
1178 2131 1323 2204 εῖχεν
1355 2135 1485 2187 ἰδεῖν
1514 2133 1607 2187 τὸν
1638 2135 1708 2186 τά
1757 2134 1897 2186 αὑτά
1938 2133 2087 2204 αύτῷ
2128 2150 2325 2186 πεπον·

737 2222 867 2275 θότα
883 2241 895 2251 ·
924 2223 1125 2292 μᾶλλον
1147 2222 1204 2274 δὲ
1227 2223 1336 2274 οὐδ’
1365 2220 1596 2274 ἀκοῦσαί
1621 2239 1766 2284 τινος
1785 2221 2008 2277 ἐπὶτῶν
2042 2219 2322 2290 προγόνων

733 2310 844 2362 τῶν
873 2309 1069 2366 ἑαυτοῦ
1091 2309 1329 2363 τοσαῦτα
1363 2310 1777 2379 ὑπομείναντος.
1827 2308 2034 2361 Ἱκανὸν
2081 2307 2137 2360 δὲ
2165 2307 2323 2361 τοῦτο

737 2400 1005 2452 σκοτῶσαι
1021 2399 1219 2470 ψυχήν.
1237 2400 1396 2451 Ἐστι
1416 2399 1717 2470 καὶ,ἓτερον
1734 2399 1871 2470 πρὸς
1893 2399 2102 2461 τούτοις
2125 2398 2318 2461 εἰπεῖν,

732 2487 815 2538 ὅτι
842 2486 994 2538 οὐδέν
1032 2501 1086 2538 τι
1130 2488 1258 2557 περὶ
1303 2485 1657 2548 ἀναστάσεως
1705 2486 2016 2554 φιλοσοφεῖν
2066 2484 2317 2554 ἠδύνατο,

733 2574 1068 2643 ἀλλά-μέχρι
1095 2574 1187 2627 τοῦ
1234 2574 1501 2643 παρόντος
1555 2574 1670 2643 βίου
1707 2573 1776 2628 τά
1817 2574 2062 2644 παρόντα
2103 2571 2336 2643 ἐνόμιζε,

736 2662 1156 2731 συγκεκλεῖσθαι
1188 2665 1518 2733 πράγματα⁸
1555 2662 1664 2717 τῶν
1695 2661 1802 2732 γὰρ
1828 2662 1935 2732 πρὸ
1957 2660 2060 2732 τῆς
2097 2661 2320 2731 χάριτος

732 2747 822 2824 ἦν.
859 2754 922 2804 Εἰ
945 2752 1002 2805 δὲ
1034 2751 1130 2804 νῦν
1152 2753 1237 2819 ἐφ’
1266 2749 1426 2820 ἡμῶν
1477 2749 1618 2820 μετά
1666 2748 1934 2818 τοσαύτην
1967 2747 2315 2814 θεογνωσίαν,

735 2844 832 2895 καί⁸
859 2842 958 2903 τάς
989 2840 1234 2911 χρηστάς
1276 2840 1380 2909 τῆς
1418 2838 1770 2901 ἀναστάσεως
1808 2837 2028 2897 ἐλπίδας
2050 2877 2064 2901 ,
2099 2835 2192 2888 καὶ
2219 2835 2321 2897 τὰς

735 2931 997 3001 κειμένας
1036 2933 1153 2992 τοῖς
1201 2929 1579 3000 ἁμαρτάνουσι
1617 2927 2060 2999 τιμωρίαςὲκεῖ,
2103 2923 2197 2976 καὶ
2248 2922 2319 2979 τὰ

731 3019 1116 3090 ήτοιμασμένα
1143 3019 1257 3079 τοῖς
1283 3015 1640 3086 κατορθοῦσιν
1664 3013 2022 3083 ἀγαθά,οῦτω
2057 3009 2317 3081 μικροψύ-

734 3124 846 3176 χως
879 3107 1022 3169 τινὲς
1045 3108 1141 3161 καὶ
1163 3103 1524 3174 ταλαιπώρως
1555 3103 1886 3166 διάκεινται,
1923 3102 1998 3163 ὡς
2036 3099 2169 3170 μηδὲ
2195 3100 2317 3151 ταύ-

734 3212 855 3257 ταις
878 3194 1226 3264 διορθοῦσθαι
1254 3196 1372 3257 ταῖς
1409 3193 1785 3262 προσδοκίαις·
1824 3191 1877 3242 τί
1907 3191 2135 3259 πάσχειν
2169 3188 2318 3251 εἰκὸς

731 3279 802 3352 ἦν
836 3286 1043 3336 ἐκεῖνον
1073 3285 1166 3335 καὶ
1199 3282 1404 3352 ταύτης
1427 3280 1873 3349 ἀπεστερημένον
1897 3278 1996 3347 τῆς
2030 3276 2313 3347 ἀγκύρας;

747 3373 984 3433 Ἐκεῖνος
1017 3371 1127 3440 γάρ
1155 3369 1306 3422 οὐδὲν
1345 3368 1554 3422 οὐδέπω
1577 3367 1817 3430 τοιοῦτον
1849 3364 2317 3434 φιλοσοφεῖν-ἠδύ-

735 3477 863 3512 νατο
887 3459 976 3510 διὰ
1006 3459 1068 3511 :0
1109 3457 1334 3528 μηδέπω
1376 3457 1467 3508 τὸν
1490 3456 1679 3524 καιρὸν
1709 3456 1917 3506 τούτων
1945 3454 2172 3522 ἀφῖχθαι
2205 3452 2316 3504 τῶν

732 3547 1099 3617 διδαγμάτων.
1125 3537 1236 3601 Ἦν
1257 3561 1309 3600 τι
1325 3532 1418 3596 καὶ
1446 3545 1580 3614 πρὸς
1602 3543 1813 3605 τούτοις
1828 3543 1975 3607 ἀλλο,
2004 3542 2066 3594 :0
2095 3544 2189 3593 καὶ
2215 3542 2315 3612 τὴν

733 3634 895 3698 δόξαν
933 3631 1100 3686 αὑτοῦ
1141 3632 1527 3700 διαϐεϐλῆσθαι
1551 3631 1717 3702 ,παρά
1759 3634 1872 3693 τοῖς
1913 3631 2160 3701 ἀνοήτοις
2205 3631 2316 3682 τῶν

733 3726 832 3779 ἀνθ
839 3724 1060 3795 ρώπων.

806 3816 916 3867 Καὶ
951 3812 1062 3884 γάρ
1099 3812 1354 3864 εἰώθασιν
1379 3813 1430 3863 οἱ
1474 3811 1685 3870 πολλοὶ,
1713 3808 1942 3884 Δἐπειδὰν
1977 3811 2128 3864 ῖδωσί
2161 3827 2315 3873 τινας

731 3908 792 3956 ὲν
809 3879 1082 3974 λιμῷξκαὶ
1107 3903 1247 3970 νόσῳ
1258 3901 1496 3970 διηνεκεῖ
1523 3901 1618 3955 καὶ
1629 3879 1740 3960 τοῖς
1764 3898 2015 3966 ἐσχάτοις
2042 3898 2201 3960 ὄντας
2223 3915 2316 3957 κα-

732 3995 873 4056 κοῖς,
905 3991 1038 4060 μηδὲ
1073 3989 1318 4059 χρηστὴν
1341 3987 1468 4056 περὶ
1483 3985 1662 4038 αὑτῶν
1689 3985 1844 4048 δόξαν
1870 3985 2182 4054 ἕχειν,,ἀλλ’
2207 3987 2315 4039 ἀπὸ

729 4083 830 4149 τῆς
862 4079 1148 4148 συμφορᾶς
1175 4075 1246 4127 τὰ
1270 4074 1413 4127 κατὰ
1442 4073 1534 4124 τὸν
1567 4072 1680 4141 βίον
1711 4073 1938 4141 κρίνειν,
1974 4075 2068 4128 καὶ
2100 4073 2190 4126 διὰ
2220 4091 2316 4126 πο-

731 4167 927 4238 νηρίαν
957 4163 1201 4234 νομίζειν
1218 4163 1436 4223 πάντως
1455 4161 1650 4222 αὑτοὺς
1671 4160 1812 4212 οὕτω
1827 4160 2309 4230 ταλαιπωρεῖσθαιο

735 4258 829 4308 καὶ
865 4254 1037 4308 πολλὰ
1083 4251 1216 4305 ἄλλα
1268 4248 1491 4303 τοιαῦτα
1542 4249 1681 4319 πρὸς
1730 4249 1992 4318 ἀλλήλους
2041 4249 2310 4316 λέγουσιν,

733 4345 976 4413 ἀνοήτως
996 4341 1116 4411 μὲν,
1146 4333 1364 4406 λέγουσι
1385 4336 1441 4388 δὲ
1461 4338 1630 4406 ὅμως
1670 4337 1753 4390 ὅτι
1780 4332 1955 4400 οὗτος,
1979 4340 2028 4391 εἰ
2069 4337 2147 4406 τῷ
2195 4337 2314 4406 Θεῷ

734 4432 884 4499 φίλος
905 4426 993 4502 ἦν,
1017 4429 1118 4482 οὑκ
1137 4426 1204 4481 ἂν
1238 4427 1418 4478 είασεν
1441 4425 1602 4477 αὑτὸν
1621 4426 1677 4476 ὲν
1696 4424 1873 4494 πενίᾳ,
1895 4425 1987 4476 καὶ
2007 4428 2116 4487 τοῖς
2133 4425 2312 4488 ἄλλοις

733 4525 924 4584 κακοῖς
972 4532 997 4559 ⁸
1027 4513 1514 4585 ταλαιπωρεῖσθαι.
1555 4513 1711 4566 Οῦτω
1749 4513 1881 4581 γοῦν
1928 4514 2020 4566 καὶ
2066 4515 2159 4566 ἐπὶ
2218 4515 2309 4566 τοῦ

697 4608 704 4616 ’
744 4609 889 4671 Ἰὼϐ,
919 4609 1014 4663 κα).
1040 4607 1136 4662 ἐπὶ
1165 4602 1258 4661 τοῦ
1288 4593 1518 4656 ’Παύλου
1567 4600 1785 4668 συνέϐη.
1826 4602 1933 4652 Καὶ
1978 4602 2086 4670 γὰρ
2119 4602 2312 4672 ἐκείνῳ

733 4699 940 4765 ἔλεγον,
989 4694 1087 4760 Μὴ
1148 4689 1448 4754 πολλάκις
1504 4703 1602 4740 σοι
1638 4687 1969 4755 λελάληται
2019 4690 2090 4742 ὲν
2124 4691 2308 4757 κόπῳ,

730 4788 919 4855 ἰσχὺν
953 4785 1022 4836 δὲ
1051 4781 1336 4851 ῥημάτων
1365 4796 1481 4832 σου
1522 4777 1615 4842 τίς
1652 4780 1930 4842 ὐποίσει;
1979 4781 2049 4831 Ei
2079 4781 2190 4847 γὰρ
2229 4781 2310 4833 σὺ

731 4873 1139 4940 ἐνουθέτησας
1164 4868 1455 4932 πολλοὺς,
1488 4867 1586 4922 καί
1619 4865 1820 4936 χεῖρας
1855 4867 2132 4933 ἀσθενεῖς
2171 4883 2311 4936 παρ-

731 4965 1054 5027 εκάλεσας,
1080 4958 1492 5021 ἀσθενοῦντας
1522 4955 1589 5007 δὲ
1614 4955 2033 5022 ἐξανέστησας
2051 4955 2306 5024 ῥήμασι,

733 5055 949 5120 γόνασι
963 5049 1030 5100 δὲ
1046 5043 1412 5115 ἀδυνατοῦσι
1431 5041 1784 5109 περιέθηκας
1807 5042 2048 5110 θάρσοςο
2085 5045 2221 5096 νιννί
2241 5045 2308 5096 δὲ

735 5142 866 5208 ἥκει
892 5137 990 5190 ἐπὶ
1016 5135 1090 5188 σὲ
1102 5134 1306 5198 πόνος,
1321 5131 1402 5184 σὺ
1413 5130 1481 5182 δὲ
1492 5129 1896 5194 ἐσπούδακας.
1912 5131 2173 5199 Πότερον
2193 5135 2307 5201 οὐχ

733 5230 769 5281 ὁ
793 5227 975 5296 φόϐος
1004 5223 1120 5275 σού
1143 5220 1313 5272 ἐστιν
1327 5219 1396 5271 ὲν
1416 5218 1764 5285 ἀφροσύνῃ
1784 5220 1847 5271 Ὃ
1868 5218 1924 5269 δὲ
1953 5218 2121 5286 λέγει,
2141 5219 2306 5272 τοιοῦ-

732 5316 824 5367 τόν
859 5316 1024 5364 ἐστιν·
1060 5307 1189 5360 Είτί
1209 5322 1311 5368 σοι,
1342 5307 1527 5376 φησιν,
1558 5306 1760 5373 ἀγαθὸν
1792 5302 1860 5376 ἦν
1895 5309 2302 5377 πεπραγμένον,

729 5405 832 5457 οὐκ
850 5401 913 5453 ἆν
943 5398 1114 5452 ταῦτα
1131 5394 1332 5457 ἔπαθες
1351 5393 1495 5461 άπερ
1513 5393 1734 5456 ἔπαθες
1761 5394 1874 5446 ἀλλ’
1891 5396 2305 5465 ἁμαρτημάτων

729 5492 894 5550 τίνεις
916 5488 1072 5547 δίκας
1105 5484 1198 5536 καὶ
1217 5481 1585 5552 παρανομίας.
1603 5482 1708 5534 Καὶ
1741 5482 1900 5534 τοῦτο
1922 5479 1988 5552 ἦν
2013 5481 2040 5533 ὃ
2071 5483 2304 5552 μάλιστα

731 5580 921 5633 ἔδακνε
959 5574 1050 5626 τὸν
1087 5570 1355 5642 μακάριον
1393 5568 1534 5622 Ἰώϐ.
1579 5569 1687 5622 Καὶ
1719 5569 1959 5638 περὶτοῦ
2001 5570 2216 5624 Παύλου
2247 5573 2304 5626 δὲ

791 5747 810 5772 ⁸
834 5745 931 5796 Alii
954 5747 1032 5794 καὶ
1055 5747 1298 5798 τοσούτοις
1315 5743 1492 5796 κακοῖς.

1450 338 1508 391 S-
1555 343 1830 403 'UAM‘ES
1866 351 2358 406 CHRYSOSTCMI
2401 357 2725 420 ARCIHEP.
2761 367 3316 424 CONSTANTINOP.

3917 365 4013 422 979

2421 469 2468 520 οί
2493 469 2760 542 βάρϐαροι
2792 474 2951 528 τοῦτο
2986 477 3190 545 ἔλεγον·
3222 481 3412 550 ἐπειδὴ
3452 480 3563 550 γάρ
3592 477 3738 534 εἶδον
3777 488 3875 551 την
3907 482 4011 550 ἔχιν

2421 558 2848 630 ἐκκρεμαμένην
2874 565 3040 618 αὑτοῦ
3076 567 3176 635 τῆς
3196 569 3399 639 χειρὸς,
3425 571 3577 622 οὐδὲν
3613 569 3856 641 χρηστὸν
3891 571 4011 637 περὶ

2420 644 2585 696 αὑτοῦ
2610 647 2918 718 ὑπενόησαν
2951 652 2997 715 b,
3030 653 3166 711 ἀλλά
3194 655 3305 708 τῶν
3328 656 3396 708 τά
3427 656 3636 726 ἔσχατα
3669 656 3819 710 κακά
3840 673 4012 708 τετολ-

2423 732 2680 801 μηκότων
2705 736 2871 788 αὐτὸν
2895 735 3032 790 εἶναι
3062 742 3334 811 ἐνόμιζον·
3378 745 3475 795 καὶ
3501 743 3664 811 δῆλον
3699 745 3762 807 ἐξ
3787 741 3863 796 ὧν
3903 743 4012 795 ελε-

2421 834 2536 885 γον.
2570 819 2796 875 Τοῦτον
2819 825 2948 893 γὰρ,
2975 827 3161 894 φασὶν,
3183 829 3251 881 ἐκ
3266 828 3379 896 τῆς
3404 830 3724 897 θαλάσσης
3747 829 4010 884 σωθέντα

2423 908 2462 974 ὴ
2495 907 2634 975 δίκη
2663 907 2772 977 ζῇν
2800 915 2913 966 οὐκ
2941 915 3174 968 είασεν.
3211 917 3326 987 Ούχ
3354 917 3432 980 ὡς
3448 917 3609 989 ἔτυχε
3637 920 3698 970 δὲ
3733 920 3832 971 καὶ
3856 918 4008 972 τοῦτο

2419 997 2571 1064 ἡμᾶς
2601 997 2758 1050 εἴωθε
2787 1000 3059 1070 θορυϐεῖν.
3080 1003 3219 1054 Ἀλλ’
3246 1005 3398 1074 ὅμως
3423 1005 3702 1058 τοσούτων
3723 1007 3895 1057 ὄντων
3909 1006 4007 1057 τῶν

2423 1085 2704 1151 κυμάτων,
2739 1087 2834 1138 καὶ
2860 1087 3182 1158 ἐπαλλήλων
3226 1092 3547 1161 φερομένων
3609 1091 3672 1142 οὑ
3695 1093 4008 1142 κατεποντίς

2401 1169 2526 1238 ¹σθη
2560 1171 2622 1222 :0
2662 1173 2892 1242 σκάφος·
2934 1174 3050 1228 ἀλλ’
3077 1176 3155 1238 ὡς
3189 1179 3249 1229 ὲν
3277 1178 3496 1247 καμίνῳ
3537 1178 3816 1248 κείμενος,
3845 1178 4006 1229 καθά-

2423 1273 2531 1325 περ
2577 1258 2770 1326 δρόσου
2823 1261 3105 1330 διηνεκοῦς
3160 1263 3484 1329 ἀπολαύων,
3539 1265 3718 1328 οὕτως
3769 1265 4007 1333 ἐφιλοσό-

2424 1361 2533 1412 φει.

2498 1437 2668 1489 ια’.οὑ
2688 1437 2797 1507 γὰρ
2811 1434 2935 1490 εἷπε
2953 1440 3091 1508 πρὸς
3107 1441 3302 1494 ἑαυτὸν
3315 1441 3467 1494 οὐδὲν
3483 1439 3746 1501 τοιοῦτον,
3765 1435 3879 1494 οἷον
3894 1437 4011 1491 πολ-

2423 1523 2546 1586 λοὺς
2578 1524 2758 1591 λέγειν
2777 1525 2944 1592 εἰκὸς,
2970 1527 3052 1579 ότι
3080 1520 3237 1590 οὗτος
3263 1530 3293 1581 ό
3319 1527 3596 1593 πλούσιος,
3628 1527 3696 1580 ἂν
3735 1527 3837 1596 μὲν
3852 1524 4011 1579 ἀπελ-

2425 1610 2534 1664 θὼν
2551 1614 2668 1664 ἐκεῖ
2684 1613 2923 1682 κολασθῇ
2945 1616 3038 1667 καὶ
3053 1614 3128 1684 δῷ
3143 1615 3440 1686 τιμωρίαν,
3458 1614 3516 1667 ἓν
3534 1614 3592 1667 ἓν
3607 1615 3856 1682 γέγονεν·
3880 1612 3944 1665 ἂν
3959 1612 4012 1666 δὲ

2425 1701 2587 1752 κάκεῖ
2613 1699 2723 1752 τῶν
2745 1701 2927 1754 αὑτῶν
2954 1702 3244 1775 ἀπολαύσῃ
3261 1703 3460 1772 τιμῶν,
3491 1702 3644 1774 [725]
3673 1702 3770 1755 δύο
3795 1701 4011 1769 γέγονεν

2424 1789 2597 1842 οὐδέν.
2634 1791 2704 1842 Ἣ
2726 1790 2788 1842 ού
2807 1789 2985 1845 ταῦτα
3007 1793 3336 1863 περιφέρετε
3360 1794 3418 1845 ὲν
3444 1795 3563 1856 ταῖς
3591 1793 3824 1862 ἀγοραῖς
3861 1791 4011 1859 ὑμεῖς

2425 1879 2472 1929 οἱ
2501 1876 2796 1941 πολλοὶ,τά
2824 1877 2934 1937 ἀπὸ
2948 1881 3049 1949 τῆς
3079 1881 3446 1954 ἱπποδρομίας
3487 1883 3584 1934 καὶ
3615 1879 3724 1933 τῶν
3758 1880 3866 1946 ἔξω
3892 1877 4010 1930 θεά-

2412 1982 2570 2034 ιτρων
2602 1967 2682 2028 είς
2709 1966 2808 2038 τὴν
2831 1967 3128 2038 ἐκκλησίαν
3166 1969 3508 2037 είσάγοντες;
3547 1967 3889 2037 Αἰσχύνομαι
3919 1964 4013 2034 μὲν

2424 2051 2518 2108 οὖν
2537 2056 2618 2118 εἰς
2648 2057 2813 2126 μέσον
2826 2057 3000 2110 ταῦτα
3019 2058 3298 2128 προτιθεὶς
3313 2059 3382 2111 τά
3405 2060 3630 2130 ῥήματα
3645 2058 3738 2110 καὶ
3753 2054 4011 2126 ἐρυθριῶ·

2427 2142 2566 2214 πλὴν
2583 2143 2696 2195 ἀλλ’
2708 2144 2924 2215 ἀνάγκη
2938 2144 3113 2198 ταῦτα
3128 2147 3303 2197 εἰπεῖν
3317 2186 3331 2208 ,
3352 2145 3440 2196 ἵνα
3469 2146 3629 2213 ὑμεῖς
3662 2141 4012 2208 ἀπαλλαγῆτέ

2431 2229 2518 2282 τοῦ
2541 2231 2780 2286 ἀτάκτου
2791 2232 3035 2303 πέλωτος
3048 2231 3144 2284 καὶ
3157 2232 3260 2303 τῆς
3288 2231 3550 2301 αἰσχύνης
3573 2230 3790 2298 καὶτῆς
3813 2227 4012 2297 βλάϐης

2423 2316 2523 2386 τῆς
2553 2317 2661 2370 ἀπὸ
2681 2318 2788 2371 τῶν
2814 2319 3078 2389 ῥημάτων
3099 2317 3326 2372 τούτων.
3342 2318 3530 2370 Ταῦτα
3549 2317 3738 2370 πολλοὶ⁸
3754 2316 4012 2376 πολλάκις

2423 2405 2689 2473 γελῶντες
2702 2406 2972 2474 λέγουσιν·
3003 2407 3138 2460 ἀλλά
3154 2406 3419 2460 καὶτοῦτο
3434 2405 3750 2474 διαϐολικῆς
3781 2420 4011 2472 κακουρ-

2422 2496 2549 2562 γίας
2575 2495 2749 2559 ἐστὶν,
2795 2497 2854 2548 ὲν
2882 2496 3034 2561 τάξει
3071 2497 3332 2568 ῥημάτων
3377 2497 3610 2568 ἀστείων
3638 2494 4012 2564 διεφθαρμένα

2416 2583 2608 2651 ἐἰσάγε
2616 2603 2662 2638 ιν
2675 2586 2754 2646 εἰς
2766 2583 2856 2635 τὸν
2871 2584 2985 2652 βίον
3181 2563 3639 2654 δόγματαῧΐαῦτὶ
3652 2582 3726 2651 γά
3731 2601 3762 2654 ρ
3777 2563 4012 2651 συνεχῶς

2423 2671 2515 2724 καὶ
2531 2673 2589 2724 ἐν
2611 2673 3016 2744 ἐργαστηρίοις,
3053 2673 3146 2726 καὶ
3178 2673 3272 2726 ἐπὶ
3300 2673 3399 2742 τῆς
3427 2673 3667 2741 ἀγορᾶς,
3693 2672 3790 2722 καὶ
3819 2671 3878 2721 ὲν
3901 2671 4013 2728 ταῖς

2420 2759 2621 2822 οἰκίαις
2650 2759 2834 2812 πολλοὶ
2859 2759 3272 2829 περιφέρουσιν
3316 2759 3453 2829 ὅπερ
3486 2757 3732 2826 ,ἐσχάτης
3758 2755 4012 2817 ἀπιστίας

2421 2849 2539 2900 ἐστὶ
2563 2849 2657 2900 καὶ
2706 2849 3010 2918 παρανοίας
3045 2849 3139 2901 καὶ
3158 2848 3398 2915 γέλωτος
3428 2847 3598 2910 ὅντως
3635 2847 3731 2897 καὶ
3754 2843 4013 2910 παιδικῆς

2419 2933 2676 2996 διανοίας.
2723 2935 2799 2985 Τὸ
2836 2935 2933 3004 μὲν
2961 2935 3072 3002 γάρ
3118 2934 3316 3001 λέγειν,
3343 2935 3425 2986 ὅτι
3453 2932 3549 2985 ἐὰν
3577 2931 3913 2993 ἀπελθόντες
3969 2931 4014 2981 οἰ

2421 3024 2650 3094 πονηροὶ
2677 3023 3004 3086 κολασθῶσι,
3051 3025 3147 3078 καὶ
3192 3023 3266 3092 μὴ
3293 3023 3496 3093 σφόδρα
3539 3021 3863 3074 πεπεικέναι
3887 3022 4012 3071 ἑαυ-

2417 3111 2566 3173 τοὺς,
2604 3112 2685 3162 ὅτι
2718 3111 3148 3180 κολασθήσονται
3188 3111 3430 3173 πάντως,
3469 3109 3848 3162 ἀπιστούντων
3899 3109 4017 3158 ἐστὶ

2420 3198 2514 3249 καὶ
2536 3195 3099 3268 διαμφισϐητούντων·
3126 3199 3188 3250 :0
3222 3199 3303 3260 δὲ,
3349 3201 3399 3250 εί
3425 3197 3518 3250 καὶ
3550 3188 3709 3248 τόῦτο
3742 3194 4014 3264 συμϐαίη,

2418 3287 2554 3356 ὅπερ
2583 3284 2678 3340 οὖν
2707 3288 2801 3340 καὶ
2833 3287 3203 3363 συμϐήσεται,
3226 3287 3468 3356 νομίζειν
3508 3285 3608 3354 τῆς
3641 3286 3763 3353 ἴσης
3809 3284 4018 3344 αὐτοὺς

2417 3378 2529 3437 τοῖς
2591 3376 2822 3438 δικαίοις
2876 3372 3287 3437 ἀνταποδόσεως
3352 3373 3801 3435 ἀπολελαυκέναι,
3855 3370 4018 3424 τοῦτο

2418 3464 2655 3533 ἐσχάτης
2683 3464 2892 3527 ἀνοίας.

2511 3561 2577 3613 Τί
2621 3561 2801 3634 λέγεις
2829 3602 2844 3626 ,
2881 3564 3002 3617 εἰπέ
3023 3580 3145 3633 μοις
3168 3565 3263 3617 ὲάν
3284 3563 3534 3616 ἀπελθὼν
3561 3565 3591 3616 ό
3618 3562 3879 3625 πλούσιος
3903 3564 4019 3615 ἐκεῖ

2417 3655 2730 3723 κολάζηται,
2774 3654 2832 3707 ἒν
2887 3654 2945 3707 ἓν
2990 3654 3217 3720 γέγονε;
3269 3653 3364 3707 καὶ
3409 3652 3527 3714 πῶς
3571 3652 3638 3705 ἂν
3670 3651 3782 3721 ἔχοι
3812 3651 4030 3723 λόγονςῆ

2418 3745 2568 3799 Πόσα
2592 3743 2701 3814 γὰρ
2723 3743 2890 3798 αὑτὸν
2919 3743 3153 3795 ἐνταῦθα
3177 3742 3355 3811 βούλει
3384 3742 3555 3794 θεῖναι
3581 3740 4014 3796 ἀπολελαυκέναι

2413 3832 2526 3884 τῶν
2562 3833 2864 3902 χρημάτων
2892 3832 3017 3903 ἔτη;
3049 3832 3231 3900 βούλει
3266 3831 3450 3899 θῶμεν
3481 3829 3708 3893 ὲκατόνς
3755 3827 3906 3895 Ἐγὼ
3961 3829 4014 3880 δὲ

2418 3919 2512 3970 καὶ
2535 3918 2784 3970 διακόσια
2812 3919 3030 3986 τίθημι,
3063 3918 3158 3971 καὶ
3195 3918 3486 3988 τριακόσια
3520 3916 3617 3972 καὶ
3640 3915 3721 3979 δὶς
3740 3916 4007 3976 τοσαῦτα,

2418 4007 2532 4069 καὶ,
2564 4008 2612 4057 εί
2646 4006 2846 4076 βούλει,
2900 4008 2991 4059 καὶ
3033 4005 3200 4075 χίλια.
3230 4007 3370 4075 ὅπερ
3397 4004 3766 4057 ἀδύνατονἈὶ
3794 4003 4011 4071 ἡμέραι

2416 4093 2545 4162 ατὰρ,
2580 4095 2732 4163 φησὶ,
2794 4092 2914 4145 τῶν
2969 4092 3120 4146 ἐτῶν
3169 4092 3356 4160 ἡμῶν,
3408 4090 3780 4159 ὀγδοήκοντα
3816 4100 3839 4126 ε
3881 4090 4005 4155 ἐτη·

2417 4184 2557 4252 πλὴν
2588 4183 2723 4235 άλλά
2744 4182 2943 4235 κείσθω
2961 4183 3052 4235 καὶ
3081 4182 3248 4250 χίλια.
3275 4181 3366 4250 Μὴ
3387 4181 3533 4249 ζωὴν
3562 4179 3726 4249 ἔχεις,
3750 4178 3879 4229 εἰπέ
3895 4194 4002 4247 μοι,

2417 4271 2649 4344 ἐνταῦθα
2671 4271 2842 4338 δεῖξαι
2868 4271 3018 4331 τέλος
3034 4271 3134 4322 ούκ
3154 4270 3406 4338 ἔχουσαν,
3439 4268 3560 4320 οὑδὲ
3577 4267 3748 4338 πέρας
3779 4270 4004 4319 ἐπιστα-

2418 4363 2607 4431 μένην,
2643 4363 2837 4432 οῖαπερ
2862 4363 3010 4413 ἐστὶν
3043 4364 3076 4428 ἡ
3112 4360 3220 4412 τῶν
3254 4360 3481 4412 δικαίων
3509 4360 3656 4423 ὲκεῖ;
3679 4357 3747 4409 Εἴ
3771 4375 3860 4420 τις
3894 4353 3999 4416 οὖν,

2413 4448 2534 4501 εἰπέ
2568 4438 2678 4518 μοῖ,
2703 4452 2761 4503 ὲν
2783 4450 2960 4502 ἐτεσιν
2979 4449 3175 4502 ἑκατὸν
3210 4448 3339 4518 μίαν
3358 4453 3528 4500 νύκτα
3555 4445 3688 4515 ὄναρ
3718 4444 3846 4497 ἰδὼν
3877 4463 4004 4515 χρη·

2416 4537 2560 4599 στὸν,
2593 4537 2688 4591 καὶ
2721 4536 2919 4605 πολλῆς
2952 4536 3075 4588 καθ’
3105 4535 3307 4597 ῦπνους
3338 4534 3652 4595 ἀπολαύσας
3680 4533 4001 4602 τρυφῆς,τά

2414 4625 2607 4678 ἑκατὸν
2635 4625 2727 4692 ἔτη
2751 4625 3056 4687 κολάζοιτο,
3082 4620 3192 4694 ἆρα
3212 4625 3416 4694 δυνήσῃ
3449 4623 3630 4690 λέγειν
3661 4623 3754 4672 ὲπὶ
3806 4621 3998 4689 τούτῳ,

2413 4713 2470 4766 ἓν
2502 4714 2594 4764 καὶ
2615 4713 2693 4776 ἓν,
2729 4715 2823 4765 καὶ
2857 4713 2955 4780 τὴν
2978 4712 3106 4784 μίαν
3130 4711 3302 4764 νύκτα
3329 4706 3438 4762 τῶν
3461 4710 3753 4779 ὀνειράτων
3777 4710 3999 4759 ἐκείνων

2411 4805 2523 4863 τοῖς
2543 4802 2739 4852 ἑκατὸν
2759 4800 2935 4851 ἔτεσιν
2963 4799 3292 4870 ἀντίρροπον
3341 4798 3649 4862 ποιεῖσθαι;
3696 4798 3816 4848 Οὑκ
3857 4797 3996 4848 ἐστιν

2413 4893 2607 4942 εἰπεῖν.
2633 4890 2807 4942 Τοῦτο
2831 4889 2898 4958 δὴ
2924 4891 3017 4941 καλ¹
3047 4892 3175 4957 περὶ
3221 4889 3324 4957 τῆς
3351 4887 3653 4959 μελλούσης
3669 4885 3821 4956 ζωῆς
3859 4886 3996 4952 λογί-

2413 4978 2528 5040 ζου.
2564 4979 2741 5048 Ὅπερ
2760 4979 2870 5047 γάρ
2896 4980 3044 5028 ἐστιν
3073 4976 3206 5048 ὄναρ
3233 4977 3290 5028 ἓν
3307 4977 3443 5044 πρὸς
3473 4976 3669 5028 ἑκατὸν
3699 4975 3820 5044 ἔτη,
3845 4972 3995 5028 τοῦτό

2411 5070 2558 5117 ἐστιν
2598 5068 2626 5116 ὁ
2656 5065 2846 5134 παρὼν
2884 5065 2997 5133 βίος
3025 5065 3160 5135 πρὸς
3201 5064 3298 5133 τὴν
3331 5064 3633 5133 μέλλουσαν
3666 5063 3836 5131 ζωήν’
3863 5061 3993 5131 μάλ-

2409 5155 2498 5207 λον
2527 5154 2584 5206 δὲ
2607 5156 2703 5206 καὶ
2732 5154 2914 5224 πολλῷ
2945 5154 3127 5206 πλέον·
3146 5155 3270 5206 ὅσον
3288 5152 3406 5208 ἐστὶ
3428 5151 3645 5219 σταγὼν
3670 5151 3847 5222 μικρὰ
3869 5150 3994 5218 πρὸς

2412 5243 2645 5309 πέλαγος
2696 5243 2945 5312 ἄπειρον,
2975 5242 3228 5295 τοσοῦτόν
3255 5243 3372 5293 ἐστι
3408 5239 3555 5309 χίλια
3585 5240 3679 5310 ἔτη
3722 5239 3860 5308 πρὸς
3902 5239 3993 5305 τὴν

2411 5334 2713 5401 μέλλουσαν
2743 5333 2900 5398 δόξαν
2937 5333 3152 5402 ἐκείνην
3184 5333 3279 5385 καὶ
3319 5331 3641 5384 ἀπόλαυσιν.
3680 5331 3790 5381 Καὶ
3819 5328 3873 5379 τί
3893 5328 3992 5395 γάρ

2406 5424 2472 5476 ἂν
2503 5425 2614 5493 ἔχοι
2641 5442 2725 5487 τις
2759 5423 2920 5477 πλέον
2948 5423 3196 5494 εἰπεῖν,ἢ
3229 5427 3311 5477 ὅτι
3333 5421 3506 5490 πέρας
3533 5421 3635 5474 οὐκ
3663 5420 3779 5490 ἔχει
3803 5418 3899 5473 καὶ
3917 5418 3994 5470 τέ-

2406 5510 2495 5575 λος
2527 5513 2625 5564 οὐκ
2659 5508 2790 5574 οἶδε,
2823 5513 2915 5565 καὶ
2940 5513 3065 5565 ὅσον
3093 5512 3210 5565 ἐστὶ
3232 5510 3293 5564 :0
3324 5510 3488 5581 μέσον
3520 5510 3752 5580 ὀνείρων
3781 5508 3879 5563 καὶ
3909 5502 3996 5572 τῆς

2473 5689 2500 5726 δ
2527 5690 2622 5738 Alii
2656 5691 2932 5745 ἐπενόησαν.

2471 5755 2496 5783 ε
2518 5755 2557 5802 Α
2568 5753 2613 5799 lii
2632 5753 2969 5809 ἑϐδομήκοντα.
