4160 6324
281 363 381 416 9γῖ

272 469 669 535 misericordia,
694 467 925 537 denique
939 481 1097 534 snpcr
1123 465 1237 518 ha'c
1263 464 1463 528 omnia,
1489 472 1631 517 tanta
1656 465 1866 531 potiens

274 579 457 619 rerum
485 563 664 632 copia,
692 559 866 628 cogita
892 572 1051 627 quam
1085 556 1360 624 probabile
1400 558 1492 619 sit,
1512 554 1668 607 velut
1696 552 1864 607 alter-

272 655 358 708 nis
386 652 635 707 ﬂuctibus
664 650 970 704 demersum
999 646 1246 716 pauperis
1275 644 1510 698 animum
1546 643 1732 698 fuisse.
1764 643 1865 697 Co-

268 746 382 813 gita
424 744 654 813 qualiter
681 739 930 795 aﬂectum
958 738 1129 793 fuisse
1153 737 1412 792 Lazarum
1447 745 1863 791 consentaneum

267 838 363 900 sit,
384 851 506 891 cum
526 833 734 889 videret
764 832 1045 902 parasitos,
1068 830 1399 896 adulatores,
1420 828 1647 882 famulos
1675 842 1865 882 ascen-

265 932 479 990 dentes,
508 924 930 986 descendentes,
962 921 1317 991 egredientes,
1349 919 1728 989 ingredientes,
1757 917 1866 973 cir-

263 1025 693 1078 cumcursantes,
730 1013 1136 1073 tumultuantes,
1161 1010 1356 1075 ebrios,
1390 1010 1668 1071 salientes,
1702 1023 1863 1063 oume

268 1109 501 1164 lascivia:
520 1122 689 1179 genus
707 1106 1019 1161 exhibentes
1036 1104 1212 1174 :quasi
1232 1104 1373 1156 enim
1400 1109 1619 1172 pr0pter
1646 1101 1748 1156 huc
1770 1116 1864 1156 ve-

265 1199 457 1263 nisset,
476 1207 535 1252 ut
556 1205 701 1252 esset
724 1197 1022 1250 alienorum
1043 1195 1303 1248 honorum
1337 1193 1509 1258 testis,
1529 1193 1599 1251 ita
1621 1192 1672 1246 in
1698 1193 1864 1245 vesti-

265 1291 399 1346 bulo
422 1291 692 1361 projectus
713 1299 845 1353 erat,
863 1288 1034 1342 solum
1057 1288 1401 1341 vitaztantum
1430 1286 1654 1353 habens,
1684 1295 1742 1339 ut
1763 1299 1859 1339 sua

265 1383 409 1437 mala
430 1383 631 1437 sentire
656 1389 855 1451 posset,
878 1382 931 1434 in
958 1388 1113 1449 portu
1137 1379 1336 1432 faciens
1363 1377 1715 1447 naufragium,
1734 1375 1861 1446 jux-

266 1483 322 1528 ta
341 1475 540 1527 fantem
569 1472 949 1526 molestissima
975 1470 1063 1525 siti
1092 1468 1445 1523 discruciatus
1472 1467 1673 1521 animo.

342 1563 693 1631 Proverbium,
720 1565 774 1616 in
803 1572 950 1632 portu
975 1560 1400 1632 naufragium.—
1422 1558 1605 1612 Dicam
1633 1564 1689 1611 et
1710 1555 1858 1610 aliud

265 1656 535 1726 quoddam
559 1664 755 1724 praztcr
776 1654 889 1708 haec
909 1652 1140 1707 malum:
1167 1667 1271 1705 non
1292 1659 1498 1720 poterat
1513 1649 1742 1703 alterum
1772 1650 1857 1701 vi-

263 1751 398 1806 dere
439 1750 719 1805 Lazarum.
760 1747 893 1802 Nam
926 1760 1024 1801 nos
1057 1744 1263 1799 etiamsi
1293 1745 1569 1812 innumera
1595 1742 1858 1811 patiamur

265 1841 430 1907 mala,
453 1840 710 1894 habemus
733 1847 908 1891 tamen
937 1836 1007 1890 ad
1027 1836 1174 1890 illum
1196 1844 1522 1905 spectantes,
1545 1832 1688 1888 unde
1707 1832 1856 1886 suffi-

262 1932 495 1985 cientem
519 1928 845 1998 accipiamus
864 1925 1301 1988 consolationem,
1333 1937 1689 1993 magnumque
1719 1921 1857 1976 fera-

261 2036 386 2075 mus
416 2019 673 2075 molestia:
700 2018 1126 2073 delinimentum.
1171 2015 1304 2069 Nam
1346 2014 1609 2068 malorum
1640 2002 1853 2066 nostro-

260 2128 383 2166 rum
425 2110 659 2180 reperire
685 2117 1000 2175 consortes,
1028 2107 1139 2161 sive
1169 2107 1222 2160 in
1253 2103 1426 2169 factis,
1457 2105 1570 2159 sive
1600 2104 1652 2157 in
1674 2101 1851 2168 dictis,

262 2205 492 2257 multum
520 2202 680 2258 affert
710 2201 885 2255 solatii
913 2199 1237 2270 lugentibus.
1268 2197 1363 2253 ille
1410 2211 1539 2252 vero
1584 2195 1852 2263 neminem

258 2294 425 2347 alium
450 2292 697 2357 habebat,
716 2289 784 2344 ad
801 2304 961 2360 quem
987 2289 1279 2357 respiceret
1294 2286 1480 2353 eadem
1497 2301 1616 2340 cum
1634 2285 1724 2340 illo
1741 2300 1856 2355 pas-

258 2400 405 2451 sum,
436 2386 543 2439 imo
571 2399 641 2439 ne
664 2384 850 2438 audire
872 2382 1086 2453 quidem
1113 2390 1322 2450 poterat
1349 2380 1416 2434 de
1442 2394 1732 2450 quoquam,
1759 2380 1851 2448 qni

258 2477 526 2547 majorum
552 2477 717 2545 ipsius
734 2485 890 2530 aetate
908 2484 1015 2528 tam
1035 2473 1226 2539 acerba
1244 2472 1608 2547 sustinuisset.
1632 2472 1744 2527 Hoc
1759 2487 1853 2525 au-

259 2578 372 2622 tem
390 2568 517 2621 satis
535 2576 615 2621 est
634 2565 701 2619 ad
728 2564 1087 2620 inducendum
1108 2564 1288 2617 animo
1307 2564 1609 2634 caliginem.
1626 2564 1851 2618 Possum

256 2667 319 2710 et
334 2656 474 2710 aliud
510 2656 592 2711 his
612 2655 859 2709 omnibus
884 2653 1103 2720 addere,
1130 2652 1379 2707 videlicet
1406 2653 1548 2723 quod
1577 2669 1646 2709 ne
1672 2653 1740 2709 de
1767 2670 1853 2707 re-

256 2747 591 2801 surrectione
625 2745 838 2814 quidem
869 2745 1157 2814 quidquam
1189 2744 1423 2804 potuerit
1446 2744 1846 2814 philosophari,

258 2836 362 2897 sed
387 2838 544 2906 hujus
568 2838 691 2891 vita:
720 2853 805 2891 res
832 2836 1078 2891 crederet
1101 2834 1256 2905 hujus
1278 2836 1399 2889 vita:
1424 2836 1529 2890 [ine
1548 2836 1844 2890 terminari.

257 2928 389 2982 Erat
418 2927 562 2982 enim
590 2942 654 2981 ex
682 2941 867 2981 eorum
901 2939 1126 2979 numero
1145 2966 1161 2991 ,
1196 2926 1285 2995 qui
1314 2925 1537 2993 gratiam
1574 2926 1847 2996 Evangelii

264 3024 679 3085 praecesserunt.
706 3015 858 3083 Qubd
888 3014 934 3069 si
956 3031 1097 3087 nunc
1123 3014 1203 3069 his
1231 3015 1557 3084 temporibus
1580 3025 1700 3085 post
1725 3025 1848 3070 tan-

255 3118 371 3160 tam
393 3108 483 3162 Dei
499 3108 879 3177 cognitionem,
895 3117 1015 3176 post
1029 3107 1267 3177 egregias
1280 3108 1684 3161 resurrectiOnis
1701 3123 1844 3179 spes,

256 3207 384 3267 post
424 3198 531 3252 illic
559 3199 789 3267 reposita
830 3198 1172 3267 peccantibus
1197 3198 1478 3266 supplicia,
1509 3206 1630 3267 post
1666 3209 1846 3267 parata

253 3290 328 3343 iis
365 3290 450 3358 qui
478 3300 627 3364 reete
652 3291 904 3343 vixerunt
932 3290 1091 3352 bona,
1137 3287 1274 3341 adeo
1314 3288 1537 3356 dejectis
1564 3289 1756 3343 animis
1783 3304 1849 3343 ac

253 3380 472 3434 miseris
500 3388 626 3449 sunt
648 3381 909 3445 nonnulli,
940 3389 999 3433 ut
1028 3395 1096 3433 ne
1116 3378 1307 3433 horum
1334 3379 1552 3448 quidem
1573 3389 1845 3449 exspecta-

256 3474 406 3526 tione
432 3472 768 3540 corrigantur
792 3487 808 3536 ;
837 3472 963 3540 quid
990 3468 1203 3525 tandem
1230 3478 1313 3524 est
1339 3470 1628 3538 putandum
1658 3471 1735 3525 illi
1758 3486 1847 3525 ac-

251 3562 471 3628 cidisse,
524 3563 686 3617 etiam
738 3560 838 3615 hac
866 3560 1121 3615 destituto
1166 3561 1401 3614 ancora?
1440 3560 1571 3615 Nam
1603 3561 1694 3616 ille
1742 3562 1845 3616 tale

253 3653 389 3707 nihil
416 3667 666 3722 umquam
712 3650 1074 3721 plliiOSOpilal‘i
1106 3652 1296 3718 potuit,
1322 3665 1389 3705 eo
1418 3651 1560 3721 quod
1607 3651 1842 3706 nondum

253 3742 561 3795 advenisset
603 3749 814 3812 tempus
856 3741 1117 3810 ejusmodi
1165 3742 1493 3811 dogmatum.
1526 3742 1607 3796 Ad
1639 3743 1753 3797 haec
1790 3752 1846 3798 et

251 3832 397 3886 aliud
419 3834 668 3901 quiddam
698 3834 942 3896 accessit,
975 3834 1115 3901 quod
1143 3843 1195 3887 et
1223 3832 1361 3888 fama
1391 3835 1558 3903 ipsius
1580 3835 1720 3904 apud
1738 3835 1841 3891 ho-

253 3922 430 3975 mines
459 3922 795 3990 impudentes
826 3922 1212 3977 traduceretur.

329 4009 605 4065 Catamitus
629 4012 753 4081 facit
778 4013 1049 4066 obnoxium
1072 4014 1349 4083 suspicioni
1367 4015 1593 4069 malititz.
1614 4016 1842 4072 —Solct

249 4105 399 4159 enim
446 4105 720 4158 hominum
753 4105 963 4174 vulgus,
1015 4104 1104 4159 ubi
1150 4119 1284 4174 quos
1330 4107 1561 4161 viderint
1603 4108 1656 4161 in
1704 4108 1842 4163 fame

251 4204 616 4265 perpetuoque
657 4196 847 4266 morbo
888 4206 942 4250 et
982 4198 1236 4250 extremis
1262 4208 1477 4266 agentes
1520 4199 1694 4265 malis,
1742 4214 1841 4255 nec

247 4288 559 4355 opinionem
591 4264 667 4340 de‘
688 4287 767 4341 eis
795 4286 994 4340 habere
1022 4288 1237 4353 bonam,
1267 4287 1360 4341 sed
1381 4286 1450 4341 ex
1481 4289 1591 4356 ipsa
1618 4290 1837 4343 calami—

250 4386 365 4430 tate
393 4377 661 4431 arstimare
688 4377 870 4438 vitam,
897 4386 950 4431 et
975 4356 1196 4430 omnino
1217 4376 1459 4445 judicare
1488 4379 1606 4433 illos
1626 4380 1696 4432 ob
1727 4394 1840 4432 ma-

247 4466 419 4519 litiam
447 4466 524 4519 sic
567 4465 767 4536 afﬂigi:
810 4467 1019 4535 aliaque
1048 4467 1209 4520 multa
1240 4466 1397 4536 hujus
1435 4469 1648 4537 generis
1701 4469 1840 4525 inter

244 4571 315 4612 se
342 4557 649 4625 loquuntur,
682 4557 842 4610 stulte
881 4556 1094 4625 quidem
1146 4556 1245 4621 illi,
1290 4556 1581 4626 loquuntur
1615 4567 1790 4615 tamen
1820 4578 1835 4613 :

244 4646 340 4701 hic
383 4647 429 4699 si
479 4646 588 4699 Deo
613 4661 769 4700 carus
793 4655 956 4709 esset,
988 4662 1320 4716 nequaquam
1352 4648 1524 4716 ipsum
1557 4648 1610 4702 in
1659 4650 1840 4717 hujus-

244 4735 393 4789 modi
424 4735 580 4789 malis
604 4750 725 4790 esse
769 4744 1056 4804 pateretur.
1092 4736 1201 4789 lloc
1229 4746 1283 4790 et
1304 4737 1356 4790 in
1382 4737 1483 4791 Job
1511 4747 1565 4792 et
1591 4738 1643 4792 in
1671 4739 1838 4793 Paulo

245 4842 350 4880 usu
372 4828 535 4881 venit.
568 4826 699 4880 Nam
728 4836 783 4882 et
811 4828 883 4881 illi
904 4813 1155 4882 dicebant
1181 4846 1193 4880 :
1225 4827 1415 4882 Nonne
1439 4833 1725 4901 frequenter
1748 4831 1838 4885 tibi

243 4919 440 4971 dictant
468 4930 541 4972 est
570 4920 622 4973 in
663 4920 858 4985 labore,
887 4921 986 4973 vim
1013 4930 1181 4972 autem
1208 4921 1469 4973 verborum
1498 4930 1701 4975 tuorum
1720 4923 1836 4989 quis

242 5011 510 5065 sustinebit
534 5010 560 5062 Ρ
589 5010 650 5064 Si
679 5011 811 5062 enim
841 5018 895 5063 tu
923 5012 1193 5064 erudiisses
1218 5012 1424 5073 multos,
1463 5021 1510 5064 et
1536 5015 1717 5066 manus
1754 5013 1837 5067 in-

241 5103 424 5170 ﬁrmas
451 5102 742 5155 consolatus
772 5119 921 5167 esses,
964 5114 1011 5156 et
1042 5119 1126 5155 eos
1150 5104 1235 5170 qui
1261 5102 1652 5170 inﬁrmabantur
1677 5103 1837 5157 verbis

240 5197 510 5267 eruisses,
532 5194 837 5263 genibusque
860 5195 1077 5262 infirmis
1098 5195 1382 5248 addidisses
1403 5195 1642 5262 ﬁduciam
1663 5213 1681 5249 :
1701 5214 1837 5251 nunc

243 5300 367 5339 vero
412 5286 634 5354 pervenit
662 5286 715 5338 in
743 5295 790 5339 te
818 5285 980 5348 labor,
1012 5295 1065 5337 tu
1092 5302 1206 5339 vero
1234 5288 1440 5340 curasti.
1493 5286 1681 5343 Nonne
1720 5297 1836 5343 tuus

227 5379 397 5455 ἐξῆκον
420 5387 493 5429 εει
517 5376 568 5428 in
594 5377 809 5429 stultitia
829 5374 972 5443 (Job.
1001 5377 1054 5429 4.
1076 5376 1129 5431 2.
1162 5377 1219 5444 6)
1243 5377 1265 5429 ?
1287 5376 1485 5431 Horum
1507 5388 1688 5447 autem
1711 5393 1830 5432 vcr-

241 5467 435 5520 borum
481 5466 567 5520 hic
597 5482 788 5522 sensus
831 5475 954 5522 ese:
981 5467 1027 5521 si
1057 5467 1183 5537 quid
1213 5468 1323 5534 tibi,
1354 5469 1545 5538 inquit,
1572 5469 1729 5526 bonae
1755 5471 1835 5525 rei

238 5565 454 5628 gestum
484 5556 690 5618 fuisset,
725 5557 1133 5627 haudquaquam
1162 5558 1259 5611 ista
1285 5560 1566 5627 patereris,
1594 5558 1690 5614 sed
1713 5574 1838 5628 pec-

237 5656 486 5701 catorum
517 5656 572 5701 et
600 5647 896 5717 iniquitatis
940 5648 1040 5704 luis
1066 5662 1272 5718 poenas.
1310 5649 1379 5703 Et
1405 5650 1507 5705 hoc
1534 5658 1653 5705 erat
1691 5650 1833 5720 quod

238 5739 473 5803 maxime
505 5739 781 5794 mordebat
810 5740 1045 5794 animum
1073 5740 1193 5795 Job.
1224 5742 1298 5795 Ac
1328 5741 1395 5795 de
1423 5741 1584 5797 Paulo
1623 5741 1833 5796 barbari

1536 353 1621 405 Ι)Ιοί
1663 349 1935 406 LAZARO
1969 348 2210 403 CONCIO
2250 350 2288 403 ι.

3458 348 3561 404 978

1978 456 2293 526 hocqipsum
2339 454 2623 521 dicebant:
2670 470 2791 509 cum
2840 458 2982 510 enim
3034 457 3274 511 viderent
3327 459 3569 526 viperam

1974 548 2294 617 pendentem
2326 548 2394 602 de
2441 562 2599 601 manu
2649 548 2812 609 illius,
2845 547 2975 601 nihil
3004 547 3128 601 boui
3171 548 3239 603 de
3268 548 3359 602 illo
3386 554 3561 619 suspi-

1968 628 2251 703 Cabantur,
2299 639 2394 692 sed
2442 639 2819 694 existimabant
2848 656 2969 694 eum
3002 639 3275 697 hominem
3324 658 3447 700 esse
3494 645 3560 699 de

1972 746 2194 786 numero
2220 748 2429 797 eorum,
2461 734 2551 803 qui
2579 742 3220 806 extremaperpetrarunt
3247 737 3473 792 scelera.
3508 740 3560 793 ld

1972 824 2309 892 perspicuum
2338 834 2421 879 est
2440 839 2505 879 ex
2529 825 2613 879 his
2628 842 2749 894 qua:
2775 824 3025 881 dicebant
3048 843 3064 880 :
3090 826 3269 896 Hunc,
3294 830 3561 899 inquiunt,

1968 930 2000 965 a
2024 913 2155 967 mari
2175 923 2449 981 servatum,
2473 917 2600 969 ultio
2622 932 2723 969 non
2748 933 2899 986 passa
2920 927 2993 971 est
3020 920 3183 973 vivere
3199 920 3337 990 (Act.
3360 921 3452 976 28.
3479 922 3558 988 Δ).

1969 1003 2082 1060 Hoc
2111 1002 2297 1061 autem
2328 1022 2435 1060 non
2481 1008 2825 1063 mediocriter
2852 1025 2953 1065 nos
2985 1027 3200 1082 quoque
3236 1015 3561 1069 conturbare

1964 1097 2263 1152 consuevit.
2315 1100 2565 1154 Attamen
2613 1114 2735 1155 cum
2781 1101 2973 1156 fluctus
2998 1114 3180 1159 essent
3222 1115 3329 1160 tam
3379 1108 3555 1171 multi.

1964 1178 2308 1258 vicissimque
2356 1190 2446 1245 alii
2495 1207 2660 1262 super
2698 1194 2832 1248 alios
2861 1194 3011 1249 illum
3058 1198 3401 1268 impetereut,
3450 1216 3558 1254 non

1966 1288 2140 1333 tamen
2171 1280 2474 1335 demersum
2505 1291 2589 1337 est
2615 1284 2904 1355 navigium,
2935 1287 3032 1342 sed
3063 1287 3305 1357 perinde,
3339 1305 3402 1346 ac
3429 1290 3474 1344 si
3502 1290 3556 1342 in

1965 1368 2181 1426 fornace
2224 1374 2429 1441 positus
2469 1374 2630 1429 veluti
2675 1387 2935 1446 perpetuo
2974 1394 3100 1435 rore
3145 1379 3557 1450 refocillaretur,

1964 1460 2037 1516 ita
2068 1462 2567 1533 philosophabatur.

2037 1552 2123 1606 ii.
2160 1552 2487 1609 Proverbium
2526 1558 2736 1626 impium
2756 1601 2772 1623 ,
2800 1563 2938 1630 quod
2983 1563 3205 1633 explicat
3249 1566 3551 1638 Cliryeosto-

1961 1658 2094 1696 mus.
2122 1674 2194 1683 —
2221 1643 2336 1700 Non
2367 1648 2511 1702 enim
2550 1649 2764 1706 dicebat
2791 1655 2929 1723 apud
2960 1670 3078 1712 sese
3107 1658 3399 1730 quidquam
3428 1663 3552 1727 tale,

1960 1732 2119 1800 quale
2142 1734 2327 1804 vulgus
2355 1737 2533 1793 dicere
2559 1742 2845 1798 verisimile
2884 1754 2967 1800 est
2999 1765 3011 1799 :
3045 1747 3144 1803 iste
3165 1749 3316 1806 dives
3337 1752 3382 1807 si
3411 1769 3555 1809 mor-

1962 1831 2084 1879 tuus
2131 1826 2241 1880 illic
2287 1831 2503 1896 punitur
2547 1832 2743 1903 datque
2788 1852 2993 1905 poenas.
3033 1857 3195 1897 unum
3245 1844 3443 1901 factum
3471 1860 3555 1904 est

1962 1929 2166 1968 unum:
2197 1918 2241 1971 si
2284 1934 2412 1975 vero
2460 1922 2568 2000 illic
2615 1926 2802 1981 iisdem
2848 1931 3047 1998 potilur
3086 1932 3398 2005 honoribus,
3444 1940 3553 1996 duo

1959 2003 2097 2061 facta
2122 2021 2247 2064 sunt
2277 2010 2426 2067 nihil.
2458 2016 2649 2073 Annon
2676 2019 2791 2074 haec
2820 2036 2915 2090 per
2936 2024 3048 2078 fora
3071 2003 3428 2086 circumfertis
3455 2050 3553 2089 vos

1958 2097 2221 2168 plerique,
2252 2116 2319 2163 ex
2361 2104 2510 2160 circo
2554 2111 2859 2181 exterisque
2902 2113 3125 2172 theatris
3167 2118 3222 2173 in
3251 2121 3551 2184 Ecclesiam

1961 2188 2355 2282 importantcs?
2384 2196 2553 2252 Pudet
2583 2216 2669 2255 me
2697 2204 2910 2271 quidem
2940 2222 3003 2262 ac
3026 2210 3223 2267 rubore
3249 2214 3549 2282 sulfundor.

1960 2281 2048 2349 qui
2079 2283 2200 2337 talia
2232 2286 2392 2340 verba
2441 2290 2493 2342 in
2538 2292 2772 2348 medium
2818 2298 3114 2366 proferam,
3148 2303 3248 2360 nisi
3279 2307 3419 2374 quod
3452 2324 3551 2363 ne-

1957 2387 2109 2467 cesso
2135 2385 2217 2429 est
2245 2376 2360 2432 hazc
2385 2379 2586 2445 dicere,
2620 2393 2673 2437 ut
2699 2400 2792 2439 vos
2816 2403 2845 2440 a
2876 2389 2984 2443 risu
3011 2391 3387 2463 incomposito,
3425 2415 3547 2467 pro-

1957 2462 2075 2529 bro,
2124 2474 2180 2519 et
2208 2468 2442 2536 pernicie
2486 2470 2675 2526 horum
2715 2475 2996 2532 verborum
3042 2462 3325 2555 noxiisque
3370 2462 3549 2545 verbis

1956 2554 2279 2611 liberemini.
2324 2558 2450 2614 Haec
2490 2563 2640 2617 multi
2688 2564 2995 2636 frequenter
3034 2554 3498 2634 dicuntiridentes
3531 2597 3545 2631 :

1955 2657 2139 2698 verum
2166 2646 2269 2701 hoc
2292 2664 2507 2719 quoque
2527 2650 2804 2710 diabolicae
2829 2662 3077 2715 versutia:
3097 2673 3200 2727 est,
3226 2664 3348 2732 loco
3370 2668 3541 2723 dicto-

1955 2748 2072 2787 rum
2099 2735 2334 2791 civilium
2361 2747 2416 2794 et
2447 2741 2773 2798 urbanorum
2825 2749 3120 2815 perniciosa
3172 2754 3225 2806 in
3252 2756 3413 2810 vitam
3444 2776 3544 2812 no-

1955 2832 2118 2879 stram
2189 2827 2443 2888 inducere
2515 2830 2783 2902 dogmata.
2841 2837 2966 2895 llmc
3024 2840 3332 2911 frequenter
3386 2856 3441 2903 et
3493 2851 3546 2907 in

1952 2915 2181 2974 officinis
2208 2930 2262 2975 et
2292 2922 2345 2976 in
2392 2922 2531 2991 foro,
2574 2935 2627 2979 et
2670 2927 2721 2980 in
2755 2928 2958 2986 tedibus
2988 2932 3226 3004 plerique
3264 2938 3545 2996 circumfe-

1951 3019 2096 3076 runt,
2128 3028 2248 3080 qua:
2293 3028 2381 3069 res
2424 3025 2678 3073 extrema:
2727 3029 2812 3077 est
2854 3024 3239 3100 incredulitatis
3279 3037 3334 3083 et
3362 3046 3547 3086 amen-

1953 3101 2076 3167 tiae,
2120 3102 2345 3159 ridicula
2388 3107 2658 3178 animique
2708 3113 2947 3179 puerilis.
2991 3114 3123 3171 Nam
3170 3118 3383 3184 dicere,
3417 3140 3545 3178 num

1953 3189 2078 3247 hinc
2119 3191 2343 3261 profecti
2390 3198 2512 3255 mali
2553 3201 2861 3268 puniantur,
2906 3220 3005 3259 nec
3045 3206 3149 3261 hoc
3194 3198 3547 3268 vehementer

1952 3278 2152 3339 habere
2201 3298 2537 3355 persuasum,
2582 3290 2725 3359 quod
2752 3295 2970 3347 omnino
3001 3298 3251 3364 puniendi
3283 3311 3428 3369 sunt,
3456 3304 3542 3358 in-

1954 3369 2189 3425 fidelium
2218 3385 2300 3427 cst
2323 3390 2387 3431 ac
2412 3376 2790 3439 dubitantitnn.
2839 3376 2965 3438 lll‘ud
2998 3402 3144 3453 vero,
3173 3386 3413 3459 quamvis
3440 3393 3546 3450 hoc

1950 3462 2210 3530 evenerit,
2232 3467 2681 3539 quemadmodum
2708 3473 2865 3533 etiam
2892 3486 3203 3533 eventurum
3233 3490 3334 3549 est,
3356 3494 3544 3552 putare

1950 3552 2120 3607 malos
2158 3556 2364 3625 aequale
2417 3561 2694 3628 praemium
2743 3579 2863 3619 cum
2897 3565 3057 3635 justis
3098 3582 3395 3641 reportare,
3444 3591 3540 3631 ex-

1950 3650 2133 3697 trema:
2158 3646 2440 3703 dementlte
2469 3659 2570 3705 est.

2023 3731 2189 3787 Nulla
2240 3743 2553 3806 comparatio
2617 3742 2749 3797 inter
2794 3746 2948 3805 vitam
2997 3748 3129 3802 hanc
3184 3762 3255 3823 et
3286 3757 3536 3824 futuram.

1945 3822 2154 3890 —-Quid
2176 3840 2368 3915 quaeso
2387 3828 2565 3890 dicis?
2594 3833 2646 3886 Si
2672 3832 2823 3889 dives
2844 3836 2968 3895 illuc
2998 3840 3270 3907 profectus
3288 3822 3540 3915 punitur,

1948 3927 2109 3966 unum
2164 3914 2359 3969 factum
2400 3928 2483 3972 est
2522 3923 2728 3975 unum?
2770 3924 2836 3978 Et
2879 3931 3149 3994 quomodo
3195 3914 3332 3988 istuc
3371 3940 3540 4005 possit

1945 4003 2272 4059 consistere?
2288 4007 2428 4072 Quot
2442 4011 2584 4063 enim
2598 4013 2750 4067 annis
2766 4015 2849 4073 vis.
2861 4017 3005 4071 illum
3022 4020 3107 4074 hic
3120 4026 3358 4091 pecuniis
3376 4003 3539 4087 fuisse

1945 4090 2208 4148 fruitnm?
2238 4095 2330 4151 Vis
2359 4112 2619 4166 ponamus
2647 4107 2906 4159 centum?
2936 4108 3049 4177 Ego
3084 4126 3213 4166 vero
3242 4115 3403 4171 etiam
3434 4119 3538 4174 du-

1945 4195 2132 4242 centos
2161 4204 2324 4258 pono,
2358 4206 2500 4260 pono
2526 4204 2813 4261 trecentos,
2860 4214 3000 4267 pono
3028 4200 3110 4256 bis
3156 4213 3381 4272 tantum,
3413 4221 3466 4264 et
3490 4211 3537 4265 si

1944 4279 2026 4332 vis
2054 4278 2218 4344 mille,
2251 4280 2393 4348 quod
2422 4298 2553 4339 sane
2585 4285 2697 4339 ﬁeri
2725 4302 2830 4341 non
2874 4294 3085 4357 potuit:
3119 4293 3237 4350 Dies
3263 4299 3417 4363 enim,
3452 4302 3534 4353 in-

1944 4371 2078 4439 quit,
2101 4388 2349 4427 annorum
2377 4384 2660 4430 nostrorum
2684 4380 2937 4448 octoginta
2956 4385 3079 4436 anui
3102 4384 3268 4453 (Psal.
3299 4390 3387 4444 89.
3421 4393 3536 4463 10):

1943 4471 2179 4518 attamen
2208 4477 2471 4533 ponantur
2491 4469 2634 4524 mille
2663 4486 2676 4520 :
2702 4486 2834 4524 unum
2864 4482 3034 4541 potes,
3063 4491 3245 4545 quaso
3274 4487 3347 4544 te,
3373 4481 3535 4537 vitam

1943 4554 2225 4609 ostendere
2253 4570 2371 4624 qua:
2417 4556 2573 4611 linem
2622 4574 2727 4613 non
2775 4561 2985 4626 habeat,
3028 4581 3091 4619 ac
3134 4569 3417 4625 terminum
3442 4588 3536 4627 ne-

1942 4644 2095 4709 sciat,
2126 4646 2299 4715 qualis
2338 4656 2421 4701 est
2462 4648 2569 4703 illic
2593 4640 2856 4717 jnstorum
2879 4653 2903 4705 ?
2930 4655 3044 4723 Age
3086 4656 3262 4726 igitur,
3303 4662 3457 4729 cedo,
3486 4666 3535 4720 si

1942 4736 2063 4804 quis
2093 4737 2145 4790 in
2165 4738 2319 4791 annis
2347 4748 2560 4793 centum
2592 4741 2808 4797 vidisset
2840 4759 2934 4813 per
2954 4744 3112 4801 unam
3134 4758 3346 4805 noctem
3372 4768 3535 4811 suave

1941 4821 2206 4883 somnium
2234 4870 2251 4894 ,
2304 4830 2588 4901 multisque
2635 4833 2838 4889 deliciis
2892 4852 2990 4907 per
3030 4842 3294 4896 somnium
3327 4833 3535 4901 'fruitus

1942 4927 2105 4984 esset,
2136 4934 2199 4973 ac
2242 4930 2456 4975 centum
2500 4912 2653 4977 annis
2703 4927 3015 4994 puniretur:
3062 4946 3189 4984 num
3234 4933 3278 4987 is
3326 4933 3537 4999 dehoe

1941 5009 2123 5065 dicere
2148 5022 2345 5080 posset,
2378 5029 2540 5068 unum
2572 5024 2627 5070 et
2655 5032 2839 5083 unum,
2870 5027 2925 5073 et
2950 5021 3159 5077 unicam
3198 5034 3409 5079 noctem
3430 5042 3535 5096 qua

1941 5101 2245 5167 somniavit,
2291 5112 2505 5158 centum
2548 5107 2702 5161 annis
2742 5108 3110 5178 aequiparare?
3151 5113 3304 5169 Dictu
3348 5116 3538 5171 absur-

1939 5190 2088 5244 dum.
2119 5191 2231 5246 Iloc
2252 5191 2363 5260 jam
2400 5202 2454 5249 et
2483 5194 2551 5249 de
2574 5194 2747 5250 futura
2778 5198 2883 5253 vita
2908 5202 3102 5270 cogita.
3131 5201 3261 5257 Nam
3292 5206 3432 5275 quod
3454 5218 3537 5263 est

1942 5284 2208 5337 somnium
2238 5299 2401 5345 unum
2440 5286 2507 5340 ad
2551 5301 2722 5343 annos
2769 5300 3006 5357 centum,
3045 5293 3147 5348 hoc
3174 5306 3258 5349 est
3302 5312 3537 5366 prtesens

1942 5374 2049 5426 vita
2076 5374 2142 5447 ad
2170 5376 2331 5429 vitam
2360 5376 2609 5445 futuram,
2629 5377 2735 5434 imo
2758 5381 2933 5448 potius
2961 5382 3130 5439 multo
3157 5386 3353 5440 minus.
3384 5387 3534 5455 Quod

1941 5474 2023 5517 est
2069 5466 2257 5535 exigua
2302 5475 2449 5535 gutta
2493 5468 2561 5523 ad
2611 5469 2827 5539 pelagus
2879 5472 3219 5540 immensum,
3267 5476 3369 5531 hoc
3415 5490 3539 5535 sunt

1940 5557 2067 5609 anni
2115 5556 2261 5613 mille
2289 5558 2355 5611 ad
2404 5557 2633 5613 futuram
2668 5560 2809 5617 illam
2839 5562 3061 5631 gloriam
3104 5575 3159 5619 et
3207 5566 3535 5625 fruitionem.

1944 5647 2011 5701 Et
2047 5646 2175 5715 quid
2225 5648 2437 5702 tandem
2486 5661 2647 5718 queat
2692 5651 2882 5721 aliquis
2934 5654 3163 5723 amplius
3205 5656 3405 5720 dicere,
3437 5660 3538 5715 nisi

1942 5738 2082 5808 quod
2112 5739 2395 5794 terminum
2424 5757 2529 5795 non
2559 5742 2734 5807 habet,
2755 5754 2807 5798 ct
2836 5744 2995 5800 linem
3026 5748 3192 5801 nescit
3220 5766 3232 5799 ε
3259 5762 3535 5819 quantum-
