4160 6324
652 377 757 432 979

652 514 760 568 que
806 497 1032 552 interest
1082 494 1220 547 inter
1250 494 1451 546 somnia
1504 502 1556 545 et
1602 507 1689 545 res
1722 505 1892 555 veras,
1930 499 2131 543 tantum
2162 489 2265 576 in-_

662 598 829 643 terest
874 589 1011 640 inter
1043 586 1197 653 hujus
1221 584 1343 637 vitae
1370 593 1565 636 statum
1593 594 1645 635 et
1676 583 1835 634 illius.

731 678 799 731 Et
819 679 899 729 hic
925 674 1477 746 puniuntur-impii.~—
1497 672 1632 738 Quin
1664 682 1715 725 et
1746 672 2246 739 alioqui-antemnam

656 772 765 825 illic
822 770 1125 838 puniantur,
1153 767 1261 834 jam
1295 782 1435 817 nunc
1478 766 1565 833 qui
1615 764 1854 831 improbe
1880 774 2059 831 agunt,
2092 771 2250 828 atque

655 865 706 919 in
738 864 968 933 peccatis
996 863 1196 923 vivunt,
1234 860 1541 926 punimitur.
1572 857 1680 911 Nec
1708 858 1849 909 enim
1896 855 2021 907 mihi
2051 854 2251 907 dixeris

652 958 801 1014 illum
838 969 1019 1008 mensa
1046 962 1351 1020 sumptuosa
1400 946 1523 1014 frui,
1557 949 1791 1003 vestibus
1818 947 2133 1001 circumdari
2162 960 2247 998 se-

654 1048 800 1113 ricis,
830 1045 1215 1114 mancipiorum
1259 1056 1446 1112 greges
1476 1041 1839 1106 circumferre,
1863 1040 1996 1092 alios
2030 1038 2251 1092 submo-

653 1154 782 1193 vere
836 1138 887 1191 in
921 1135 1037 1190 foro
1067 1153 1079 1187 :
1113 1135 1205 1188 sed
1240 1134 1443 1203 explica
1489 1132 1619 1185 mihi
1650 1132 1800 1184 istius
1827 1128 2208 1184 conscientiam
2236 1168 2249 1187 .

653 1242 709 1286 et
736 1230 941 1285 videbis
967 1229 1109 1282 intus
1138 1242 1354 1297 gravem
1385 1234 1721 1294 peccatorum
1748 1221 2050 1285 tumultum,
2072 1219 2251 1289 jugem

653 1333 876 1387 metum,
927 1330 1319 1389 tempestatem,
1352 1318 1703 1373 turbationem
1744 1333 1756 1367 :
1789 1314 1991 1368 videbis
2029 1313 2169 1366 velut
2200 1313 2250 1365 in

650 1415 855 1485 judicio
883 1424 1113 1471 mentem
1146 1411 1208 1464 ad
1236 1413 1483 1464 thronum
1506 1407 1846 1463 conscienti-.e
1875 1403 2252 1459 conscendisse

655 1507 917 1576 regalem,
948 1514 998 1559 et
1035 1514 1302 1572 tamquam
1328 1500 1561 1571 judicent
1607 1500 1904 1569 quempiam
1937 1496 2207 1551 sedentem
2233 1531 2250 1559 ,

654 1609 709 1655 et
735 1596 1081 1667 cogitationes
1111 1595 1229 1648 loco
1254 1591 1563 1647 carnificum
1614 1588 1976 1652 adhibentem,
2013 1586 2248 1639 animum

657 1689 1101 1759 suspendentem,
1154 1701 1247 1755 pro
1281 1684 1510 1753 peccatis
1539 1682 1879 1741 lacerantem,
1911 1678 2253 1732 vehementer

660 1782 1061 1841 inclamantem,
1094 1792 1215 1830 cum
1264 1788 1422 1828 nemo
1474 1773 1627 1835 sciat,
1675 1771 1773 1823 nisi
1805 1770 1950 1823 solus
1983 1769 2119 1822 Deus
2162 1767 2252 1836 qui

656 1871 773 1924 huic
825 1870 1107 1936 conspicit.
1161 1868 1370 1921 Etenim
1421 1866 1511 1935 qui
1557 1862 1837 1917 committit
1889 1860 2249 1923 adulterium,

654 1963 866 2018 etiamsi
920 1961 1115 2014 millies
1146 1959 1298 2013 fuerit
1344 1960 1511 2022 dives,
1557 1956 1767 2012 etiamsi
1815 1955 2019 2009 nullum
2063 1955 2255 2007 haheat

656 2064 1043 2114 accusatorem,
1075 2066 1177 2104 non
1207 2049 1402 2103 desinit
1446 2058 1621 2101 tamen
1652 2048 1792 2101 intus
1829 2047 2065 2115 seipsum
2095 2060 2254 2099 accu-

656 2158 777 2197 sare
810 2161 823 2196 :
853 2153 907 2197 et
937 2142 1179 2209 voluptas
1209 2138 1421 2209 quidem
1452 2138 1772 2217 temporaria
1802 2147 1904 2201 est,
1939 2136 2089 2189 dolor
2124 2151 2251 2189 vero

658 2244 971 2303 perpetuus,
1004 2234 1163 2285 timor
1207 2231 1442 2298 undique
1469 2245 1531 2283 ac
1563 2240 1779 2292 tremor,
1814 2228 2046 2296 suSpicio
2076 2236 2128 2281 ct
2155 2242 2251 2279 an-

656 2317 1197 2384 xietaszangiportus
1238 2312 1462 2385 metuit,
1514 2313 1727 2366 umbras
1773 2312 1915 2380 ipsas
1960 2310 2247 2376 ferinidat,

655 2422 783 2462 suos
830 2406 993 2474 ipsius
1041 2403 1298 2469 famulos,
1330 2404 1594 2467 conseios,
1643 2404 1858 2465 inscios,
1893 2402 2035 2455 illam
2081 2402 2249 2469 ipsam

655 2514 815 2569 quam
845 2496 1101 2565 corrupit,
1153 2504 1209 2549 et
1250 2495 1424 2548 virum
1467 2510 1625 2563 quem
1670 2493 1843 2547 affecit
1885 2492 2246 2546 contumelia:

654 2588 969 2644 obambulat
1008 2601 1245 2639 amarum
1293 2596 1655 2638 accusatorem
1700 2583 2077 2637 circumferens
2117 2599 2249 2637 con-

654 2680 953 2741 scientiam,
978 2692 1097 2730 cum
1117 2677 1183 2729 sit
1205 2690 1302 2730 suo
1322 2674 1700 2743 ipsiusjudicio
1716 2673 2017 2737 damnatus,
2050 2690 2146 2728 nec
2168 2675 2251 2728 vel

653 2770 719 2823 ad
750 2770 911 2823 breve
931 2778 1138 2835 tempus
1165 2766 1330 2835 possit
1356 2765 1637 2833 respirare.
1664 2762 1794 2816 Nam
1822 2774 1875 2816 et
1902 2765 1952 2815 in
1978 2764 2113 2817 lecto
2131 2764 2248 2818 etin

654 2837 861 2925 mensa,
891 2869 943 2913 et
974 2861 1023 2912 in
1053 2858 1167 2912 foro
1194 2868 1248 2911 et
1276 2860 1328 2910 in
1356 2858 1535 2921 domo,
1570 2864 1624 2910 et
1654 2857 1881 2911 interdiu
1908 2867 1960 2909 et
1985 2865 2163 2918 noctu,
2197 2864 2251 2908 et

658 2954 711 3006 in
743 2953 871 3020 ipsis
913 2950 1220 3020 frequenter
1248 2950 1468 3003 somniis
1497 2949 1611 3005 htec
1648 2950 1937 3018 iniquitatis
1966 2948 2248 3002 simulacra

654 3042 821 3105 videt,
856 3041 1125 3111 ipsiusque
1151 3040 1281 3094 Cain
1314 3030 1475 3093 vitam
1503 3039 1650 3104 vivit,
1678 3053 1895 3108 gemens
1924 3054 1985 3091 ac
2017 3049 2249 3111 tremens

652 3148 815 3201 super
858 3144 1079 3198 terram,
1110 3147 1229 3184 cum
1259 3146 1415 3184 nemo
1446 3130 1579 3183 sciat
1609 3127 1760 3201 (Gen.
1791 3128 1871 3198 4),
1904 3129 2044 3182 intus
2074 3139 2248 3182 tatnen

656 3224 817 3276 habet
848 3224 1022 3291 ignem
1066 3237 1277 3289 semper
1302 3230 1692 3275 coacervatum.
1726 3219 1869 3275 idem
1898 3222 2168 3290 patiuntur
2194 3232 2248 3275 et

654 3314 744 3381 qui
774 3313 1012 3379 rapinam
1045 3322 1313 3384 exercent,
1361 3320 1414 3365 et
1441 3311 1530 3380 qui
1560 3310 1748 3365 fraude
1776 3310 1981 3363 lucrum
2010 3308 2245 3366 faciunt:

654 3404 833 3459 hocet
872 3404 1088 3467 ebriosi,
1146 3403 1197 3456 in
1249 3417 1458 3457 summa
1506 3411 1765 3471 quotquot
1793 3402 1845 3455 in
1897 3404 2124 3470 peccatis
2170 3404 2250 3456 vi—

653 3506 803 3550 vunt.
850 3495 1034 3563 Neque
1063 3494 1203 3548 enim
1236 3494 1339 3546 ulla
1382 3494 1589 3547 ratione
1620 3492 1879 3560 judicium
1911 3493 2036 3547 illud
2076 3504 2249 3563 potest

652 3586 942 3653 corrumpi.
987 3584 1095 3638 lmo
1124 3584 1332 3637 etiamsi
1361 3598 1465 3636 non
1492 3593 1762 3647 sectemur
1801 3582 2066 3647 virtutem,
2099 3583 2249 3637 dole-

653 3691 773 3729 mus
797 3685 970 3729 tamen
998 3690 1063 3729 eo
1085 3674 1226 3743 quod
1252 3688 1371 3727 eam
1393 3690 1494 3728 non
1522 3673 1859 3742 assequimur
1885 3680 1898 3727 ξ
1929 3685 1981 3728 et
2007 3674 2131 3729 licet
2149 3675 2245 3728 im-

652 3765 971 3835 probitatem
1001 3774 1290 3831 sectemur,
1319 3757 1493 3817 tamet'i
1516 3772 1761 3818 cessante
1798 3764 2063 3833 voluptate
2088 3781 2243 3833 quam

652 3870 717 3908 ex
766 3863 988 3924 peccato
1036 3854 1395 3923 percipimus,
1447 3855 1708 3909 sentintus
1755 3854 2015 3909 dolorem.
2066 3855 2245 3924 Itaque

652 3963 719 4001 ne
744 3946 1033 4001 dixerimus
1062 3945 1130 3999 de
1170 3944 1420 3998 divitibus
1446 3943 1533 3999 hic
1575 3945 1814 4014 improbe
1842 3946 2159 4021 viventibus,
2192 3956 2247 4001 et

653 4038 723 4093 de
767 4039 926 4109 justis
970 4039 1077 4093 illic
1116 4036 1370 4090 felicitate
1417 4036 1730 4100 fruentibus,
1777 4037 1916 4106 quod
1966 4054 2128 4091 unum
2177 4038 2245 4092 sit

654 4145 836 4195 unum,
868 4128 962 4182 sed
988 4126 1131 4196 quod
1160 4127 1266 4181 duo
1307 4127 1412 4181 sint
1438 4127 1587 4180 nihil.
1615 4128 2050 4197 Quandoquidem
2088 4130 2244 4199 justis

651 4231 705 4275 et
729 4236 789 4273 ea
817 4234 936 4288 quae
965 4217 1074 4272 illic
1097 4227 1241 4279 sunt,
1270 4227 1323 4270 et
1350 4232 1410 4270 ea
1435 4233 1554 4287 qua:
1580 4217 1667 4271 hic
1692 4228 1834 4283 sunt,
1859 4221 2075 4273 inultam
2109 4237 2244 4289 pra:-

651 4314 779 4367 bent
809 4311 1130 4379 voluptatem
1159 4326 1171 4362 :
1201 4310 1288 4378 qui
1342 4325 1466 4363 vero
1493 4310 1544 4362 in
1592 4311 1824 4379 nequitia
1854 4321 1907 4365 et
1950 4312 2130 4367 fraude
2161 4315 2242 4367 vi-

652 4416 758 4459 tam
782 4415 961 4475 agunt,
981 4413 1035 4458 et
1064 4403 1148 4457 hic
1175 4415 1226 4457 et
1255 4404 1359 4457 illic
1386 4404 1674 4472 puniuntur
1701 4421 1713 4455 :
1751 4404 1835 4458 hic
1851 4404 2237 4459 discruciantur

649 4495 1047 4564 exspectatione
1074 4494 1314 4562 supplicii
1346 4494 1452 4547 illic
1479 4493 1658 4556 futuri,
1689 4492 1881 4548 deinde
1919 4496 2056 4549 mala
2082 4511 2242 4565 quam

649 4589 717 4643 ab
760 4586 1006 4644 omnibus
1050 4585 1225 4639 ferunt
1266 4585 1535 4653 opinione,
1582 4595 1835 4652 prtetetea
1877 4586 2017 4654 quod
2067 4586 2239 4656 ipsum

649 4678 809 4732 etiam
838 4687 1107 4746 peccatum
1128 4676 1358 4729 animam
1383 4675 1614 4743 ipsorum
1643 4676 1935 4745 corrumpit
1968 4695 1980 4731 :
2012 4677 2241 4747 denique

652 4777 928 4837 postquam
944 4768 1067 4821 hinc
1087 4765 1306 4836 profecti
1322 4774 1465 4827 sunt,
1499 4766 1849 4822 intolerabilia
1874 4771 2241 4839 perpetiuntur
2297 4770 2301 4773 ⁷

650 4857 929 4927 supplicia.
959 4858 1185 4911 Rursum
1213 4856 1338 4925 justi
1383 4857 1589 4909 etiamsi
1622 4856 1708 4909 hic
1739 4858 2014 4914 innumera
2040 4876 2239 4930 perpe-

650 4948 849 5001 tiantur
864 4947 1075 5011 acerba,
1095 4946 1343 5015 quoniam
1368 4946 1505 4999 bona
1527 4962 1649 5015 spes
1669 4948 1761 5001 alit
1780 4949 1919 5011 illos.
1938 4950 2240 5022 habentque

649 5040 973 5107 voluptatem
1004 5052 1210 5105 puram,
1246 5037 1474 5100 firmam,
1502 5050 1556 5092 et
1602 5039 1867 5106 Stabilem,
1916 5043 2074 5096 etiam
2121 5057 2240 5114 post

651 5133 784 5195 haec,
812 5130 1087 5184 innumera
1129 5131 1247 5201 illos
1275 5130 1545 5199 excipiunt
1590 5132 1745 5194 bona,
1791 5134 2237 5201 quemadmodum

654 5236 708 5283 et
729 5224 931 5277 Lazaro
956 5222 1166 5276 accidit.
1199 5221 1307 5276 Nec
1332 5224 1475 5277 enim
1515 5223 1689 5277 isthuc
1718 5225 1844 5278 mihi
1872 5226 2091 5290 dixeris,
2124 5237 2240 5282 erat

648 5317 944 5379 ulcerosus,
975 5329 1159 5369 verum
1190 5313 1319 5387 illud
1366 5314 1661 5378 considera,
1692 5318 1832 5385 quod
1875 5320 2065 5387 quovis
2109 5337 2237 5374 auro

649 5407 1018 5477 pretiosiorem
1051 5407 1193 5461 intus
1222 5395 1450 5462 habebat
1488 5408 1755 5474 animam,
1790 5410 1897 5464 imo
1924 5412 2102 5466 verius
2132 5429 2236 5467 non

646 5500 878 5555 animam
911 5508 1134 5561 tantum,
1164 5512 1350 5552 verum
1395 5499 1555 5553 etiam
1600 5515 1793 5570 corpus
1840 5502 2023 5572 ipsius.
2059 5503 2237 5558 Virtus

647 5594 790 5646 enim
817 5590 1054 5660 corporis
1084 5605 1189 5644 non
1216 5600 1299 5645 est
1321 5590 1555 5645 obesitas
1577 5590 1818 5661 bonaque
1848 5592 2118 5660 habitudo,
2141 5597 2235 5650 sed

648 5694 823 5739 tantos
870 5698 931 5737 ac
959 5684 1092 5739 tales
1121 5683 1259 5738 ferre
1304 5686 1588 5738 cruciatus.
1616 5685 1731 5739 Non
1771 5687 1911 5741 enim
1954 5690 1997 5742 si
2023 5690 2140 5758 quis
2184 5691 2237 5743 in

646 5790 871 5846 corpore
901 5784 1068 5846 gestet
1111 5776 1230 5833 talia
1258 5775 1471 5831 vulnera
1500 5777 1881 5833 abominandus
1925 5791 2023 5845 est,
2055 5796 2235 5835 verum

1030 5899 1058 5918 κ

1429 375 1483 430 5.
1525 373 1799 431 ,ΙΟΑΝΝΙΞ
1834 368 2308 427 CHRYSOSTOMI
2348 369 2665 433 ARCIIIER.
2708 371 3279 443 CONSTANTINOP._

3854 370 3960 425 980

2365 487 2407 539 si
2433 488 2551 557 quis
2579 490 2629 541 in
2656 490 2832 543 animo
2860 491 3134 546 innumera
3165 493 3366 547 habens
3398 495 3594 559 uicera,
3623 498 3823 552 nullam
3846 499 3964 556 illo~

2361 593 2476 630 rum
2507 593 2688 631 curam
2721 590 2872 648 agat,
2908 582 2951 633 is
2976 582 3363 637 aboniinandus
3391 596 3494 649 est,
3528 588 3703 655 qualis
3727 600 3843 642 erat
3872 590 3963 645 ille

2358 668 2526 730 dives,
2564 671 2703 723 intus
2730 680 2870 724 totus
2901 672 3192 726 ulcerosos.
3226 677 3283 727 lit
3326 679 3777 743 quemadmodum
3804 696 3961 735 canes

2360 758 2515 824 hujus
2544 761 2815 829 lingebant
2857 762 3094 825 vulnera,
3140 766 3215 818 sic
3245 774 3297 818 et
3325 764 3601 822 (immunes
3647 770 3791 823 illius
3834 787 3960 842 pec-

2360 860 2472 902 cata
2507 868 2519 902 :
2554 862 2605 904 et
2634 853 3081 920 quemadmode
3116 855 3200 910 hic
3228 858 3278 910 in
3329 857 3466 912 fame
3508 860 3635 926 Cibi,
3667 862 3737 915 ita
3782 863 3868 917 ille
3910 864 3959 918 in

2361 940 2497 993 fame
2523 943 2697 994 omnis
2742 943 2950 998 virtutis
2981 946 3208 999 vivebat.

2432 1030 2518 1083 12.
2549 1032 2672 1085 llaec
2695 1034 2850 1101 igitur
2871 1027 3045 1088 omnia
3069 1051 3190 1090 cum
3216 1038 3468 1104 sciamus,
3500 1038 3957 1110 philosophemur,

2361 1135 2534 1189 neque
2559 1120 2799 1177 dicamus
2823 1142 2836 1176 :
2860 1125 2904 1177 si
2934 1125 3081 1179 illum
3113 1128 3248 1181 Deus
3270 1141 3522 1194 amasset,
3550 1130 3958 1202 haudquaquam

2359 1226 2480 1265 cum
2531 1227 2817 1281 pauperem
2858 1231 2977 1269 esse
3008 1232 3197 1286 passus
3243 1219 3445 1275 fuisset.
3492 1221 3627 1275 Nam
3659 1221 3764 1277 hoc
3792 1226 3956 1293 ipsum

2360 1300 2572 1369 quidem
2603 1304 2895 1358 maximum
2929 1317 3009 1360 est
3039 1306 3339 1366 dilectioais
3367 1321 3763 1380 argumentum.
3802 1315 3961 1378 Quem

2360 1394 2491 1445 enim
2518 1393 2681 1463 diligit
2704 1394 2859 1461 Deus,
2884 1399 3115 1468 castigat,
3138 1401 3365 1471 ﬂagellat
3385 1413 3551 1455 autem
3568 1419 3767 1458 omnem
3799 1407 3962 1473 ﬁlium

2359 1498 2506 1549 quem
2532 1485 2705 1554 recipit
2733 1485 2915 1555 (Hebr.
2946 1488 3032 1545 19..
3060 1491 3134 1559 6).
3160 1490 3228 1544 Et
3256 1508 3438 1546 rursus
3469 1511 3483 1545 :
3513 1491 3639 1561 Fili,
3670 1498 3962 1551 siiacccue-

2359 1575 2430 1627 ris
2458 1574 2526 1628 ad
2554 1578 2871 1633 serviendum
2912 1580 3149 1650 Domino,
3192 1601 3425 1655 prtzpnra
3454 1588 3682 1640 animam
3727 1597 3870 1641 luant
3893 1591 3962 1643 ad

2359 1658 2700 1731 tentationem,
2735 1669 2896 1739 dirige
2917 1684 3004 1723 car
3030 1682 3169 1725 tuum
3206 1691 3265 1727 ac
3293 1691 3550 1743 persevera
3578 1677 3766 1747 (Eccli.
3790 1679 3847 1732 2.
3885 1680 3960 1749 ι).

2359 1756 2649 1826 Ejiciamus
2679 1761 2859 1829 igitur,
2890 1762 3236 1829 dilectissimi,
3268 1766 3395 1821 istas
3442 1784 3801 1837 supervacuas
3841 1772 3961 1839 opi-

2359 1848 2565 1914 niones,
2600 1851 2943 1921 vulgariaque
2965 1854 3261 1909 istiusmodi
3292 1857 3450 1911 dicta.
3484 1857 3769 1925 Turpitudo
3793 1861 3959 1925 enim,

2358 1938 2547 2007 inquit,
2579 1957 2639 1993 ac
2663 1943 3032 2013 stultiloquium
3061 1958 3105 2000 et
3131 1949 3411 2002 scurrilitas
3436 1966 3499 2003 ne
3524 1951 3771 2021 prodeant
3787 1968 3852 2005 ea:
3876 1970 3961 2006 ore

2357 2039 2520 2082 vestro
2569 2024 2784 2100 (Ep/tes.
2817 2034 2871 2088 5.
2900 2035 2979 2103 4).
3012 2035 3120 2090 Nec
3165 2037 3261 2106 ipsi
3313 2040 3432 2093 talia
3478 2041 3764 2110 loquamur
3793 2060 3807 2095 :
3835 2053 3890 2096 et
3915 2042 3961 2096 si

2357 2117 2489 2171 alios
2515 2119 2788 2175 videamus
2806 2123 2927 2176 talia
2952 2124 3250 2194 loquentes,
3271 2128 3583 2184 obturemus
3606 2132 3711 2185 illis
3733 2146 3815 2195 os,
3833 2148 3961 2186 con-

2361 2218 2438 2261 tra
2470 2210 2805 2280 insurgamus
2831 2214 3044 2279 acriter,
3074 2216 3420 2273 cohibeamus
3446 2236 3631 2275 eorum
3678 2225 3961 2292 impuden-

2363 2309 2467 2351 tem
2499 2301 2751 2369 linguam.
2799 2304 2910 2371 Age
2956 2306 2998 2358 si
3027 2324 3183 2374 quem
3218 2310 3439 2365 vidisses
3466 2312 3729 2367 latrocinii
3766 2316 3961 2384 princi-

2357 2405 2477 2458 pem
2498 2403 2830 2459 grassantem
2861 2414 2953 2465 per
2973 2399 3099 2462 vias,
3122 2403 3561 2467 praetereuntibus
3591 2404 3960 2472 insidiantem,

2356 2499 2417 2537 ea
2446 2501 2561 2552 qua:
2583 2495 2705 2540 sunt
2732 2488 2782 2542 in
2810 2490 2949 2558 agris
2971 2493 3285 2561 rapientem,
3312 2495 3361 2547 in
3388 2497 3670 2566 speluncas
3688 2516 3753 2553 ac
3779 2500 3962 2557 foveas

2356 2575 2734 2631 subterraneus
2763 2594 2948 2633 aurum
2977 2591 3029 2634 et
3054 2594 3329 2650 argentum
3351 2586 3735 2655 defodientem,
3764 2607 3827 2646 ac
3855 2594 3962 2646 illic

2357 2667 2519 2719 multa
2552 2669 2912 2724 recludentem
2931 2686 3194 2738 armenta,
3219 2686 3393 2731 vestes
3415 2694 3479 2733 ac
3507 2684 3772 2750 mancipia
3793 2686 3961 2741 multa

2356 2773 2420 2809 ex
2449 2758 2842 2814 incursionibus
2862 2762 2963 2817 illis
2992 2765 3375 2835 possidentem,
3405 2785 3503 2838 age
3528 2772 3614 2827 die
3644 2776 3797 2841 mihi,
3830 2794 3960 2831 num

2359 2849 2503 2903 illum
2550 2852 2760 2906 beatum
2790 2856 2997 2910 diceres
3039 2870 3258 2927 propter
3283 2860 3492 2918 divitias
3521 2865 3638 2918 illas
3662 2881 3735 2919 an
3782 2870 3961 2937 potius

2355 2944 2610 2997 miserum
2638 2947 2957 3014 praedicares
2976 2961 3193 3019 propter
3209 2955 3526 3022 supplicium
3548 2957 3624 3011 illi
3647 2971 3957 3015 venturum.

2355 3034 2513 3103 Atqui
2558 3038 2793 3090 nonduin
2842 3043 3265 3109 comprehensus
3304 3057 3405 3109 est,
3458 3063 3630 3118 neque
3667 3052 3716 3103 in
3765 3070 3963 3110 nianus

2350 3124 2545 3193 judicis
2594 3128 2837 3193 traditus,
2889 3145 2990 3185 nec
3033 3132 3083 3184 in
3130 3148 3399 3189 carcerem
3440 3138 3734 3207 conjectns,
3783 3160 3962 3212 neque

2352 3226 2717 3273 accusatorem
2743 3217 2945 3284 habuit,
2974 3237 3146 3291 neque
3174 3226 3225 3277 in
3251 3225 3510 3295 judicium
3538 3232 3706 3303 venit,
3739 3234 3833 3288 sed
3861 3236 3961 3288 de-

2354 3311 2489 3364 liciis
2534 3310 2807 3381 indulget,
2855 3314 3183 3381 inebriatur,
3227 3320 3497 3389 multaque
3540 3338 3717 3377 rerum
3765 3327 3962 3383 fruitur

2352 3399 2645 3455 afﬂuentia.
2677 3405 3079 3459 Attamen.non
3124 3418 3343 3478 propter
3390 3416 3695 3480 praisentia,
3727 3433 3960 3487 qnzeque

2352 3490 2635 3558 videntur,
2684 3493 2988 3561 judicamus
3060 3496 3207 3550 illum
3256 3499 3469 3555 beatum
3519 3522 3533 3558 :
3581 3507 3674 3559 sed
3731 3523 3960 3577 propter

2353 3584 2547 3648 futura,
2598 3600 2819 3653 qumque
2864 3585 3164 3653 imminent,
3198 3589 3343 3644 illum
3387 3593 3641 3649 miserum
3688 3600 3956 3667 pra-dica-

2352 3689 2492 3727 IDUS.

2424 3765 2575 3821 Dive:
2601 3768 2801 3837 iniquus
2832 3770 2981 3823 latro.
3013 3802 3084 3811 —
3108 3772 3222 3828 Hoc
3268 3776 3394 3830 item
3438 3788 3492 3833 et
3521 3781 3587 3835 de
3613 3782 3871 3837 divitibus
3900 3796 3958 3840 et

2351 3856 2419 3911 de
2447 3859 2621 3911 avaris
2651 3861 2844 3929 cogita.
2879 3862 3135 3918 Latrones
3178 3868 3411 3936 quipiam
3452 3881 3597 3935 sunt,
3642 3873 3757 3927 vias
3797 3874 3953 3929 obsi-

2352 3948 2563 4015 dentes,
2596 3967 2682 4005 res
2709 3957 3139 4020 prtetereuntium
3167 3965 3454 4028 rapientes,
3482 3964 3623 4018 velut
3651 3966 3702 4019 in
3731 3969 3956 4035 Spelun-

2352 4042 2431 4096 eis
2451 4057 2511 4096 ac
2534 4041 2701 4097 foveis
2715 4045 3097 4111 subterraneis,
3113 4049 3339 4105 aliorum
3364 4052 3637 4110 facultates
3660 4058 3710 4110 in
3730 4060 3843 4112 suis
3861 4076 3955 4114 cu-

2351 4131 2540 4187 biculis
2559 4133 2911 4190 defodientes.
2930 4136 3007 4191 Ne
3029 4138 3187 4207 igitur
3208 4141 3389 4196 beatos
3408 4142 3646 4199 dicamus
3670 4148 3787 4202 illos
3814 4166 3954 4219 pro-

2350 4236 2468 4291 pter
2486 4228 2788 4294 pra-sentin,
2805 4228 2897 4282 sed
2916 4228 3140 4284 miseros
3158 4244 3372 4302 propter
3389 4234 3586 4301 futura,
3611 4250 3828 4306 propter
3845 4241 3956 4296 for-

2351 4317 2660 4371 midandum
2682 4319 2809 4373 illud
2831 4318 3112 4388 judicium,
3137 4314 3356 4392 propter
3380 4327 3711 4383 inevitabiles
3735 4347 3949 4399 lunas,

2349 4418 2568 4477 propter
2586 4411 2831 4464 tenebras
2847 4412 3161 4477 exteriores,
3178 4431 3296 4483 qua:
3317 4416 3460 4484 ipsos
3476 4429 3778 4488 exceptura:
3796 4434 3949 4477 sunt.

2348 4496 2479 4550 Nam
2505 4499 2737 4554 latrones
2754 4500 2967 4569 quidem
2994 4501 3302 4572 frequenter
3317 4522 3381 4560 ex
3402 4507 3679 4563 hominum
3698 4492 3955 4569 manilius

2350 4587 2518 4657 elapsi
2569 4599 2733 4652 sunt,
2784 4591 3131 4649 nihilominus
3177 4610 3299 4650 cum
3353 4598 3454 4652 hoc
3495 4602 3761 4668 sciamus,
3812 4617 3867 4660 et
3916 4623 3950 4663 a

2349 4679 2503 4733 nobis
2552 4681 2678 4749 ipsis
2722 4681 3074 4757 deprecamur
3110 4696 3165 4741 et
3205 4688 3272 4742 ab
3303 4688 3543 4746 hostibus
3586 4693 3955 4762 imprecantur

2349 4770 2574 4824 istorum
2604 4773 2786 4839 vitam,
2816 4790 2919 4827 una
2946 4791 3064 4830 cum
3090 4779 3404 4834 exsecrabili
3436 4798 3616 4837 rerum
3645 4788 3820 4854 copia.
3852 4792 3954 4843 At—

2347 4860 2441 4928 qui
2471 4862 2569 4916 sub
2596 4862 2706 4915 Deo
2727 4879 2833 4916 non
2865 4865 2987 4919 licet
3017 4866 3155 4920 istud
3182 4868 3383 4923 dicere.
3416 4870 3605 4927 Nullus
3631 4876 3772 4928 enim
3805 4878 3951 4933 illius

2347 4951 2562 5021 effugiet
2611 4956 2952 5020 sententiam,
2999 4957 3092 5011 sed
3146 4975 3334 5013 omnes
3380 4964 3641 5029 omnino,
3689 4968 3776 5033 qui
3821 4985 3949 5024 cum

2348 5043 2622 5098 fraudibus
2648 5055 2698 5099 et
2726 5047 2923 5114 rapinis
2951 5048 3152 5109 vivunt,
3187 5049 3280 5104 Dei
3310 5052 3594 5107 vindictam
3622 5059 3720 5109 sibi
3761 5074 3952 5113 accer-

2346 5144 2472 5186 sunt
2501 5135 2641 5187 illam
2688 5136 3041 5192 immortalem
3086 5139 3296 5209 fiueque
3351 5157 3643 5212 carentem,
3688 5158 3951 5218 quemad-

2348 5225 2563 5279 modum
2603 5235 2657 5279 et
2685 5226 2833 5281 dives
2876 5228 2987 5282 ille.
3035 5230 3164 5297 Quze
3204 5232 3419 5301 quidem
3449 5238 3627 5289 omnia
3675 5241 3816 5307 apud
3848 5259 3950 5297 nos

2350 5317 2493 5385 ipsos
2537 5318 2895 5385 conferentes,
2939 5319 3290 5389 dilectissimi,
3340 5341 3405 5379 ne
3434 5324 3617 5381 beatos
3644 5330 3951 5397 judicemus

2347 5412 2435 5482 qui
2466 5412 2682 5477 divitiis,
2729 5412 2823 5467 sed
2852 5415 2941 5483 qui
2971 5414 3165 5470 virtute
3212 5417 3415 5484 prwditi
3442 5431 3567 5473 sunt
3597 5439 3610 5472 :
3641 5439 3816 5491 neque
3845 5430 3951 5479 mi-

2346 5518 2496 5557 seros
2523 5502 2782 5568 dicamus,
2808 5504 2897 5573 qui
2923 5506 3121 5575 degunt
3148 5508 3198 5560 in
3222 5519 3551 5577 paupertate,
3582 5512 3678 5565 sed
3708 5514 3800 5582 qui
3823 5529 3951 5570 cum

2348 5595 2688 5665 improbitate
2721 5613 2738 5651 :
2768 5612 2835 5649 ne
2873 5598 3158 5665 praesentia
3210 5602 3589 5670 respiciamus,
3624 5604 3718 5657 sed
3768 5604 3951 5670 futura

2350 5687 2735 5757 prospiciamus
2766 5706 2777 5740 :
2809 5703 2877 5743 ne
2921 5700 3202 5745 externum
3243 5692 3517 5754 amictum,
3562 5694 3657 5747 sed
3685 5696 3955 5766 cujusque

2349 5782 2732 5837 conscientiam
2766 5784 3162 5851 examinemus;
3200 5798 3569 5857 sectantesqne
3600 5790 3857 5846 virtutem
3893 5806 3958 5846 ac
