4142 6332
666 365 758 419 931

663 482 864 556 ἀρετὴν
900 482 994 536 καί.
1026 480 1200 554 χαρὰν
1237 457 1547 546 διώκοῦτες,
1592 479 1928 550 ζηλώσωμεν
1957 480 2051 534 τὸν
2077 479 2258 544 Λάζα-

666 582 758 638 ρον
784 566 877 620 καὶ
909 564 1154 618 πλούσιοι
1181 565 1276 619 καὶ
1307 563 1556 636 πένητες.
1578 565 1652 616 Οὐ
1682 561 1791 634 γάρ
1813 563 1911 616 ἕνα
1940 563 2146 616 καὶδύο
2165 563 2259 617 καὶ

661 652 811 721 τρεῖς
848 648 1014 724 μόνον
1047 644 1221 712 οὗτος,
1280 648 1418 702 ἀλλά
1465 648 1749 711 πλείστους
1806 647 2002 710 ἄθλους
2057 648 2258 718 ἀρετῆς

663 733 924 801 ὑπέμενε,
953 732 1053 802 τὴν
1089 732 1279 786 πενίαν
1308 731 1472 801 λέγω,
1505 732 1604 802 τὴν
1625 731 1961 802 ἀρρωστίαν,
1997 731 2098 800 τὴν
2129 732 2258 802 ἐρη-

667 819 796 886 μίαν
823 817 932 870 τῶν
979 817 1460 888 προστησομένων,
1521 817 1582 870 τὸ
1617 817 1676 869 tv
1707 817 1855 887 οἰκίᾳ
1886 816 2158 890 δυναμένῃ
2189 816 2258 871 τὰ

661 898 889 952 τοιαῦτα
920 901 1112 954 σϐέσαι
1159 901 1306 954 κακὰ
1332 900 1548 954 ἅπαντα
1583 901 1875 970 ὑπομεῖναι
1904 901 2107 966 ἐκεῖνα,
2163 899 2258 953 καί.

668 985 894 1054 μηδενὸς
926 986 1006 1047 εἰς
1043 984 1397 1056 παραμυθίας
1428 984 1586 1052 λόγον
1613 983 1920 1049 ἀξιοῦσθαι,
1955 984 2015 1037 τὸ
2047 983 2258 1052 τρυφῆς

664 1068 935 1139 τοσαύτης
968 1068 1310 1123 ἀπολαύοντα
1347 1068 1440 1122 τὸν
1471 1067 1828 1140 ὑπερορῶντα
1878 1068 2031 1138 ὁρᾷν,
2073 1066 2256 1119 καὶού

665 1155 876 1224 τρυφῆς
892 1151 1234 1208 ἀπολαύοντα
1258 1154 1436 1224 μόνον,
1461 1152 1597 1225 ἀλλά
1613 1151 1708 1205 καὶ
1727 1153 1784 1204 tv
1804 1150 2040 1223 πονηρίᾳ
2058 1148 2255 1214 ζῶντα,

667 1237 762 1289 καὶ
798 1236 961 1306 μηδὲν
1018 1236 1291 1308 πάσχοντα
1334 1235 1527 1289 δεινόν·
1574 1234 1636 1288 τὸ
1667 1235 1760 1289 καὶ
1796 1235 1872 1305 μὴ
1920 1233 2057 1305 πρὸς
2106 1231 2254 1305 [726]

667 1320 918 1390 Λάζαρον
941 1319 1127 1389 ἕτερον
1151 1320 1296 1389 ἔχειν
1320 1318 1543 1382 ἰδεῖν,τὺ
1570 1318 1737 1388 μηδὲν
1756 1317 1884 1389 περί
1911 1316 2259 1378 ἀναστάσεως

666 1400 926 1454 δύνασθαι
954 1401 1283 1471 φιλοσοφεῖν,
1325 1399 1386 1452 τδ
1441 1399 1582 1471 μετά
1602 1400 1712 1453 τῶν
1742 1399 2051 1470 εἰρημένων
2071 1397 2258 1452 κακῶν

667 1483 762 1536 καὶ
801 1470 1044 1555 πονηράν
1069 1483 1220 1555 παρά
1264 1485 1378 1545 τοὶς
1424 1470 1638 1547 πολῖλοῖς
1681 1481 1788 1536 ἀπὸ
1817 1481 1928 1534 τῶν
1960 1479 2260 1551 συμφορῶν

666 1565 893 1618 ἐκείνων
921 1566 1219 1636 λαμϐάνειν
1247 1564 1513 1635 ὑπόληψιν
1539 1577 1589 1628 ει,
1625 1564 1686 1616 τὺ
1739 1562 1814 1635 μὴ
1856 1563 2018 1634 μέχρι
2041 1561 2136 1615 δύο
2163 1562 2260 1615 καί⁹

666 1649 835 1722 τριῶν
859 1649 1106 1720 ἡμερῶν,
1141 1649 1276 1703 ἀλλά
1292 1648 1378 1701 διὰ
1413 1648 1611 1711 παντὸς
1632 1646 1727 1700 τοῦ
1765 1647 1902 1717 βίου,
1949 1646 2045 1699 καί
2067 1644 2259 1700 ἑαυτὸν

669 1736 728 1786 tv
753 1731 986 1796 τούτοις,
1018 1733 1113 1786 καὶ
1149 1732 1241 1784 τὸν
1276 1730 1530 1784 πλούσιον
1557 1731 1615 1782 tv
1653 1732 1768 1792 τοῖς
1810 1729 2073 1791 ἐναντίοις
2102 1729 2259 1799 όρᾷν.

667 1816 808 1869 Τίνα
843 1811 935 1869 οῦν
994 1815 1186 1886 ἕξομεν
1220 1815 1542 1884 ἀπολογίαν,
1569 1803 1571 1809 ’
1595 1815 1645 1866 εἰ
1676 1811 1868 1865 τούτου
1917 1811 2095 1865 πάντα
2123 1809 2260 1882 ὁμοῦ

1421 377 1479 432 5.
1520 372 1804 430 JOANNIS
1843 365 2330 428 CHRYSOSTOMI
2372 365 2689 420 ARCHIEP.
2731 355 3283 417 CONSTANTINOP.

3856 364 3957 420 ὓεὲ

2357 480 2549 548 δεῖξαι,
2604 479 2725 532 οὐδὲ
2758 481 2933 532 εἰπεῖν
2973 479 3129 532 ἄλλον
3179 480 3296 532 τινὰ
3329 480 3571 533 τοσαῦτα
3603 478 3702 532 καὶ
3733 481 3957 534 τοιαῦτα

2359 566 2666 620 πεπονθότα
2701 566 2867 618 κακά.
2901 565 2999 618 Διά
3037 565 3146 634 γὰρ
3178 564 3338 618 τοῦτο
3364 565 3524 617 αὐτὸν
3551 565 3757 632 καὶ-εἰς
3795 565 3953 635 μέσον

2357 647 2667 720 προῦθηκεν
2707 651 2737 701 6
2770 650 3025 719 Χριστὸς,
3080 649 3168 702 ῖνα
3203 649 3449 720 ὅπουπερ
3503 649 3568 701 ἂν
3623 648 3956 717 ἐμπέσωμεν

2356 733 2465 786 τῶν
2518 733 2727 793 δεινῶν,
2778 732 3014 803 ὁρῶντες
3065 731 3220 802 παρὰ
3275 730 3453 801 τούτῳ
3506 733 3606 801 τὴν
3647 731 3955 801 ὑπερϐολὴν

2355 811 2524 868 οὖσαν
2552 815 2665 868 τῶν
2685 815 2940 884 θλίψεων,
2965 816 3154 886 ἱκανὴν
3177 817 3239 866 ὲκ
3258 815 3360 885 τῆς
3388 814 3598 868 ἐκείνου
3631 815 3950 884 φιλοσοφίας

2348 899 2451 972 ,καὶ
2475 898 2753 969 ὑπομονῆς
2781 898 3143 968 ἀναλάϐωμεν
3190 897 3537 968 παράκλησιν
3566 899 3662 950 καὶ
3699 914 3955 968 παραμυ-

2357 982 2501 1037 θίαν⁸
2536 983 2714 1044 κοινὸς
2746 981 2856 1052 γὰρ
2885 981 2986 1050 τῆς
3014 982 3344 1052 οἰκουμένης
3387 980 3714 1043 διδάσκαλος
3746 981 3956 1050 πρόκειο

2356 1084 2447 1120 ται
2473 1068 2584 1128 τοῖς
2604 1064 2784 1118 ὁτιοῦν
2808 1065 3080 1135 πάσχουσι
3110 1065 3305 1128 δεινὸν,
3342 1064 3478 1134 πρὸς
3501 1064 3666 1116 αὐτὸν
3699 1065 3955 1135 παρέχων

2359 1150 2526 1203 πᾶσιν
2557 1150 2710 1218 όρᾷν,
2739 1149 2835 1201 καὶ
2867 1148 3078 1212 πάντας
3099 1148 3295 1211 αὐτοὺς
3312 1146 3479 1200 νικῶν
3501 1149 3567 1216 τῇ
3591 1146 3705 1200 τῶν
3741 1146 3955 1199 οἰκείων

2359 1230 2548 1286 κακῶν
2595 1230 2894 1302 ὑπερϐολῇ.
2937 1232 3112 1301 ’Υπὲρ
3166 1230 3230 1302 δὴ
3256 1230 3462 1283 τούτων
3498 1230 3759 1282 ἁπάντων
3799 1229 3956 1297 εὐχαο

2361 1317 2716 1386 ριστὴσαντες
2739 1315 2816 1386 τῷ
2839 1315 3206 1386 φιλανθρώπῳ
3234 1313 3374 1384 Θεῷ,
3409 1313 3839 1384 καρπωσώμεθα
3861 1312 3957 1380 τὴν

2358 1399 2426 1451 ὲκ
2478 1397 2568 1451 τοῦ
2595 1399 2933 1468 διηγήματος
2965 1397 3257 1468 ὠφέλειαν,
3290 1398 3530 1466 συνεχῶς
3562 1395 3730 1449 αὐτὸν
3762 1395 3857 1447 καὶ
3900 1397 3958 1446 tv

2360 1480 2681 1552 συνεδρίοις,
2712 1484 2804 1535 καὶ
2835 1483 2891 1534 tv
2918 1482 3084 1553 οἰκίᾳ,
3123 1481 3217 1533 καὶ
3245 1480 3304 1534 tv
3330 1480 3527 1550 ἀγορᾷ,
3558 1479 3655 1532 καὶ
3678 1476 3957 1546 πανταχοῦ

2360 1565 2770 1636 περιφέροντες,
2799 1567 2894 1618 καί
2929 1567 3068 1636 μετά
3088 1565 3374 1638 ἀκριϐείας
3394 1564 3610 1637 ἅπαντα
3648 1563 3744 1616 τὸν
3776 1565 3840 1615 ὲκ
3865 1562 3962 1630 τῆς

2361 1648 2680 1719 παραϐολῆς
2710 1649 2915 1720 ταύτης
2936 1650 3451 1721 καταμανθάνοντες
3474 1649 3731 1713 πλοῦτον,
3758 1647 3848 1700 ἵνα
3871 1647 3962 1699 καὶ

2359 1731 2429 1786 τά
2477 1733 2722 1804 παρόντα
2751 1732 2974 1797 ἀλύπως
3008 1733 3462 1805 παραδράμωμεν
3514 1733 3685 1795 δεινά,
3720 1731 3817 1784 καὶ
3855 1730 3962 1783 τῶν

2367 1814 2673 1886 μελλόντων
2728 1815 3077 1887 ὲπιτύχωμεν
3110 1815 3355 1885 ἀγαθῶν·
3390 1808 3465 1869 ὧν
3497 1815 3713 1884 γένοιτο
3756 1813 3964 1874 πάντας

671 1900 740 1953 τὰ
764 1899 912 1952 δεινά
929 1899 1068 1970 μετά
1090 1899 1357 1969 τοσαύτης
1375 1901 1633 1970 φέροντος
1657 1895 1931 1967 ἀνδρείας,
1953 1896 2112 1966 ἡμεῖς
2128 1894 2265 1965 μηδὲ
2363 1900 2514 1970 ἡμᾶς
2551 1899 2884 1969 ἀξιωθῆναι,
2939 1901 3124 1971 χάριτι
3163 1900 3256 1954 καί
3300 1899 3684 1970 φιλανθρωπίᾳ
3722 1898 3817 1950 τοῦ
3850 1899 3963 1950 Κυο

672 1982 742 2036 τὰ
769 1983 944 2054 ἡμίση
960 1981 1164 2037 τούτων
1200 1982 1421 2054 οἴσομεν
1449 1997 1464 2048 ;
1502 1981 1578 2035 Οὐ
1615 1980 1727 2050 γὰρ
1778 1977 1957 2049 ἔχεις,
1986 1978 2088 2032 οὐκ
2120 1977 2267 2047 ἔχεις
2370 1981 2486 2051 ρίου
2517 1982 2674 2051 ἡμῶν
2702 1982 2878 2051 Ἰησοῦ
2909 1982 3170 2054 Χριστοῦ,
3225 1982 3344 2053 μεθ’
3402 1975 3464 2034 οὐ
3487 1981 3567 2052 τῷ
3614 1981 3818 2051 Πατρί,
3850 1981 3965 2050 ἅμα

734 2158 752 2178 ⁸
781 2169 880 2220 Alii
903 2167 1026 2231 ἔχειν
1044 2165 1183 2214 ὐπολ.

2367 2063 2448 2134 τῷ
2477 2064 2617 2134 ἁγίῳ
2650 2065 3119 2136 Πνεύματι,δόξα,
3141 2065 3297 2137 τιμὴ,
3326 2064 3722 2134 προσκύνησις,
3749 2063 3847 2117 νῦν
3875 2063 3966 2116 καὶ

2371 2147 2480 2212 ἀεὶ,
2512 2148 2606 2200 καὶ
2635 2150 2715 2212 εἰς
2745 2149 2869 2212 τοὺς
2897 2148 3103 2212 αἰῶνας
3139 2147 3248 2202 τῶν
3289 2146 3523 2203 αἰώνων.
3566 2148 3764 2218 Ἀμήν.

1369 2406 3938 2435 W

681 2683 785 2750 Εἰς
817 2681 923 2737 τὸν
945 2642 1205 2750 Λάζαρον
1233 2678 1413 2745 λόγος
1448 2673 1745 2742 δεύτερος,
1804 2665 1903 2724 καί
1967 2669 2055 2721 ὅτι
2091 2671 2153 2721 αἰ
2191 2666 2384 2736 ψυχαὶ
2429 2663 2546 2718 τῶν
2589 2661 2949 2728 ,ϐιοθανὰτωτ
3001 2674 3021 2695 ι
3061 2661 3134 2715 οὐ
3177 2660 3444 2728 γίνονται
3488 2657 3777 2731 δαίμονες
3801 2696 3820 2724 ,
3861 2651 3956 2706 καὶ

1810 2761 1940 2829 περί
1972 2760 2227 2826 κρίσεως
2255 2757 2354 2812 καὶ
2389 2756 2831 2824 ἐλεημοσύνης.

757 3145 1006 3204 α⁹.Ἐθαύ
1018 3160 1168 3217 μασα
1200 3142 1301 3214 τὴν
1333 3141 1556 3209 ἀγάπην
1583 3136 1761 3209 ὑμῶν,
1779 3135 1868 3188 ἅτε
1889 3134 1982 3188 τὸν
2007 3131 2144 3217 περὶ
2174 3129 2268 3217 τοῦ

685 3232 940 3303 Λαζάρου
969 3213 1161 3301 πρώην
1189 3213 1418 3295 ὲκίνησα
1437 3223 1616 3291 λόγον,
1638 3221 1731 3277 ὅτι.
1753 3218 1847 3303 καὶ
1873 3217 1974 3288 τὴν
1995 3213 2273 3303 ὑπομονὴν

682 3316 780 3371 τοῦ
806 3299 1038 3384 πένητος
1068 3306 1534 3373 ἀπεδέξασθε,καὶ
1564 3306 1664 3376 τὴν
1687 3302 1949 3374 ώμότητα
1981 3299 2076 3353 καί
2101 3300 2277 3384 ἀπανξ

687 3381 944 3473 θρωπίαν
967 3395 1062 3449 τοῦ
1100 3391 1460 3454 πλουτοῦντος
1489 3388 1902 3473 ἀπεστράφητε
1921 3386 2002 3473 οὐ.
2019 3381 2196 3473 μικρά
2217 3381 2276 3434 δὲ

685 3465 861 3538 ταῦτα
885 3477 1288 3546 καλοκαγαθίας
1320 3471 1610 3543 δείγματα.
1653 3469 1776 3523 Κᾶν
1806 3468 1916 3538 γάρ
1945 3466 2021 3537 μὴ
2075 3465 2274 3535 μετίω-

692 3587 792 3638 μεν
813 3565 1038 3638 ἀρετὴν,
1095 3560 1405 3631 ὲπαινῶμεν
1425 3559 1484 3611 δὲ
1519 3556 1741 3626 ἀρετὴν,
1772 3549 2114 3638 δυνησόμεθα
2140 3547 2278 3638 πάντ

688 3629 798 3716 τως
829 3629 998 3719 αὐτὴν
1031 3629 1324 3722 μετελθεῖνέ
1349 3642 1454 3696 κᾶν
1477 3641 1554 3712 μὴ
1578 3639 1868 3708 φεύγωμεν
1898 3635 2125 3722 κακίαν,
2144 3629 2279 3685 ἀλλά

691 3717 965 3805 ψέγωμεν
997 3717 1216 3792 κακίαν,
1243 3723 1590 3803 δυνησόμεθα
1633 3723 1853 3805 πάντως
1886 3717 2072 3805 αὐτὴν
2110 3718 2279 3805 ἔκφυ-

692 3798 827 3889 γεῖν.
851 3798 1017 3869 *Ἐπεὶ
1055 3809 1148 3868 οὖν
1189 3811 1326 3883 μετὰ
1369 3800 1573 3878 πολλῆς
1627 3804 1840 3889 εὐνοίας
1879 3801 2122 3889 ἐκείνους
2159 3798 2281 3889 ,ὐπ-

691 3883 946 3969 έδέξασθε
971 3899 1098 3960 τοὺς
1121 3896 1338 3963 λόγους,
1364 3891 1497 3963 φέρε
1521 3932 1536 3955 ,
1569 3891 1666 3943 καὶ
1696 3887 1766 3942 τὰ
1811 3886 2110 3969 λειπόμενα
2151 3883 2280 3969 ὑμῖν

693 3960 1084 4053 ἀποδώσωμεν.
1117 3960 1300 4031 Εῖδετε
1339 3960 1504 4030 αὐτὸν
1544 3976 1603 4026 tv
1638 3971 1717 4041 τῷ
1749 3968 1954 4022 πυλῶνι
1980 3960 2088 4019 ’τοῦ
2109 3965 2283 4053 ’πλουο

695 4070 816 4123 σίου
839 4048 992 4128 τότε,
1043 4061 1267 4133 βλέπετε
1309 4058 1472 4113 αὐτὸν
1516 4057 1760 4127 σήμερον
1804 4055 1861 4106 tv
1905 4048 2283 4133 τοῖςκόλποις

693 4151 790 4206 τοῦ
833 4131 1087 4219 ’Λϐραάμ
1110 4163 1123 4176 ·
1154 4143 1325 4196 εἰδετε
1361 4141 1523 4194 αὐτὸν
1557 4139 1664 4191 ὑπὸ
1696 4131 2284 4219 κυνῶν-περιλειχόμε-

697 4251 787 4290 νον
806 4251 819 4264 ·
855 4213 1082 4303 βλέπετε
1112 4226 1272 4279 αὐτὸν
1317 4224 1422 4276 ὑπὸ
1448 4222 1557 4275 τῶν
1583 4219 1831 4289 ἀγγέλων
1873 4213 2284 4286 δορυφορούμε-

698 4333 806 4371 νον·
851 4296 1021 4368 εἴδετε
1049 4310 1214 4364 αὐτὸν
1254 4309 1312 4361 tv
1357 4306 1520 4376 πενίᾳ
1554 4304 1709 4365 τότε,
1749 4301 1975 4371 βλέπετε
2012 4299 2070 4351 tv
2101 4296 2282 4366 τρυφῇ

699 4401 814 4454 νῦνο
849 4398 1018 4451 εἰδετε
1049 4397 1106 4447 tv
1140 4390 1306 4463 λιμῷ,
1347 4389 1570 4459 βλέπετε
1601 4388 1658 4438 tv
1696 4382 1928 4452 ἀφθονίᾳ
1955 4379 2126 4448 πολλῇ
2152 4395 2186 4463 ξ-
2207 4378 2286 4429 εῖ-

697 4485 818 4538 δετε
857 4461 1281 4550 ἀγωνιζόμενον,
1332 4473 1559 4544 βλέπετε
1601 4465 2067 4550 στεφανούμενον·
2113 4461 2286 4550 εἴδετε

698 4570 827 4630 τοὺς
866 4545 1338 4630 πόνουςξβλέπετε
1366 4560 1464 4620 τάς
1493 4553 1731 4625 ἀμοιϐάς
1760 4552 1856 4605 καί
1900 4547 2146 4630 πλούσιοι
2164 4628 2174 4630 Α
2193 4545 2288 4599 καὶ

702 4627 1363 4720 πένητες-[ἹἩΙπλούσιοι
1379 4640 1500 4709 μὲν,
1514 4639 1600 4690 ἵνα
1621 4636 1694 4720 μὴ
1713 4627 2024 4720 μέγαλεῖναιζ
2027 4628 2288 4720 νομίζητε

2375 3128 2528 3198 παρά
2581 3127 2800 3180 πάντων
2850 3123 3311 3194 ὑπερορώμενος,
3357 3124 3453 3177 καὶ
3502 3125 3644 3195 πρὸς
3686 3126 3876 3195 ἕτερον
3909 3124 3976 3178 τὰ

2374 3212 2518 3266 αὐτά
2541 3209 2693 3280 αὐτῷ
2723 3210 3032 3262 πεπονθότα
3063 3209 3189 3263 ἰδεῖν
3215 3209 3319 3261 οὐκ
3349 3208 3510 3278 ἔχων,
3537 3207 3686 3261 οὕτω
3715 3209 3979 3278 φαίνηται

2377 3295 2714 3368 φιλοσοφῶν;

2459 3380 2593 3434 Ἀπὸ
2609 3377 2802 3432 τούτου
2827 3374 3115 3446 μάθωμεν,
3142 3375 3218 3446 μὴ
3247 3375 3374 3439 τοὺς
3407 3374 3778 3436 πλουτοῦντας
3803 3391 3981 3442 μακα-

2381 3463 2572 3538 ρίζειν,
2609 3461 2747 3533 μηδὲ
2776 3461 2902 3524 τοὺς
2931 3459 3264 3528 πενομένους
3296 3457 3635 3516 ταλανίζειν.
3656 3455 3880 3510 Μᾶλλον
3898 3456 3977 3519 δὲ,

2377 3550 2427 3601 εἰ
2459 3547 2564 3618 χρὴ
2600 3543 2836 3614 τάληθὲς
2871 3543 3080 3605 εἰπεῖν,
3111 3541 3232 3594 οὐδὲ
3275 3540 3532 3603 πλούσιός
3582 3541 3736 3591 ἐστιν
3770 3541 3980 3601 ἐκεῖνος

2377 3633 2407 3685 ὁ
2460 3629 2632 3683 πολλά
2683 3624 3188 3696 περιϐεϐλημένος,
3224 3623 3341 3677 ἀλλ’
3391 3625 3421 3676 6
3467 3623 3543 3693 μὴ
3594 3622 3807 3674 πολλῶν
3859 3620 3981 3673 δεό-

2383 3711 2706 3783 μενοςοούδὲ
2738 3709 2909 3777 πένης
2937 3708 3086 3760 ἐστὶν
3113 3709 3321 3768 ἐκεῖνος
3346 3708 3374 3759 6
3407 3706 3574 3774 μηδὲν
3609 3706 3978 3774 κεκτημένος,

2381 3795 2497 3848 ἀλλ’
2524 3798 2553 3848 6
2583 3793 2794 3850 πολλῶν
2823 3791 3132 3861 ἐφιέμενοςο
3166 3790 3263 3842 καὶ
3294 3789 3453 3842 τοῦτο
3497 3788 3623 3857 ὅρον
3659 3788 3858 3852 πενίας
3887 3788 3984 3842 καὶ

2381 3877 2616 3931 πλούτου
2643 3878 2726 3930 δεῖ
2747 3875 2991 3946 νομίζειν
3018 3868 3181 3927 εἶναι.
3211 3872 3310 3925 Ἂν
3339 3871 3522 3924 τοίνυν
3559 3870 3677 3943 ἴδῃς
3705 3871 3832 3923 τινὰ
3853 3872 3985 3924 πολ-

2381 3961 2491 4015 λῶν
2522 3961 2846 4030 ὲφιέμενον,
2891 3957 3112 4010 πάντων
3159 3955 3322 4009 αὐτὸν
3358 3953 3689 4023 πενέστερον
3717 3948 3859 4007 εἶναι
3895 3954 3983 4006 νό-

2387 4044 2534 4116 μιζε,
2564 4043 2668 4098 κᾶν
2699 4041 2767 4096 τὰ
2797 4036 3070 4112 πάντωνῇ
3100 4038 3446 4108 κεκτημένος
3481 4037 3743 4107 χρήματα
3765 4055 3780 4067 ο
3828 4036 3897 4090 ἂν
3929 4036 3985 4088 δι

2386 4128 2549 4182 πάλιν
2582 4127 2698 4198 ῐδης
2731 4124 2854 4178 τινὰ
2894 4123 2970 4195 μὴ
2993 4121 3205 4176 πολλῶν
3256 4120 3537 4190 δεόμενον,
3565 4121 3791 4174 πάντων
3823 4120 3985 4174 αὐτὸν

2386 4208 2768 4282 εὐπορώτερον
2798 4203 2940 4260 εἶναι
2965 4204 3228 4276 ψηφίζου,
3251 4204 3358 4257 κᾶν
3378 4202 3546 4273 μηδὲν
3568 4198 3981 4275 κεκτημένος

2386 4297 2468 4367 Τῇ
2500 4294 2608 4365 γὰρ
2637 4291 2876 4347 διαθέσει
2905 4290 3007 4360 τῆς
3039 4287 3289 4358 γνώμης,
3334 4287 3395 4340 οὐ
3425 4286 3503 4357 τῷ
3545 4286 3730 4357 μέτρῳ
3762 4287 3866 4356 τῆς
3894 4287 3984 4338 οὐ-

2349 4381 2548 4444 .σίας,
2598 4377 2698 4440 τάς
2733 4376 2925 4439 πενίας
2976 4374 3072 4427 καὶ
3120 4370 3381 4443 εὐπορίας
3427 4369 3638 4442 κρίνειν
3689 4369 3982 4440 εἰώθαμεν.

699 4737 790 4788 τὸν
820 4713 1051 4784 πλοῦτον
1089 4713 1257 4798 inopi;
1303 4723 1536 4794 ἀρετῆς,
1580 4719 1812 4788 πένητες
1853 4717 1946 4779 δὲ,
2001 4715 2088 4768 ῐνα
2123 4713 2317 4798 μηδὲν

703 4818 873 4870 κακὸν
915 4797 1186 4883 νομίζητε
1209 4805 1350 4862 εἶναι
1391 4806 1489 4877 τῆν
1523 4803 1712 4857 πενίαν
1733 4820 1748 4834 ο
1803 4799 2087 4871 ἑκατέροις
2118 4797 2178 4880 6t
2208 4797 2289 4883 δι-

696 4899 968 4959 δάσκαλος
981 4879 1138 4957 οὗτος
1165 4893 1419 4963 ἕστηκεν.
1455 4889 1518 4940 Εἰ
1553 4886 1663 4957 γάρ
1698 4887 1756 4938 tv
1783 4882 1945 4954 πενίᾳ
1978 4879 2186 4944 ἐκεῖνος
2215 4879 2293 4963 ῶν

703 4985 804 5036 οὐκ
852 4977 1307 5047 ἀπεδυσπέτησε,
1352 4971 1476 5026 τίνα
1524 4970 1708 5036 ἕξουσι
1763 4964 2095 5035 συγγνώμην
2132 4964 2184 5016 οἰ
2233 4962 2294 5015 ὲν

705 5067 922 5136 πλούτῳ
947 5062 1105 5117 τοῦτο
1137 5046 1458 5120 πόιοῦντεςς
1507 5055 1557 5107 εἰ
1599 5055 1659 5105 tv
1705 5051 1849 5123 λιμῷ
1889 5051 1983 5104 καὶ
2015 5046 2293 5109 τοσούτοις

706 5130 905 5212 κακοῖς
921 5149 996 5200 ὢν
1028 5144 1396 5217 εὐχαρίστησέ
1416 5179 1431 5206 ,
1472 5139 1635 5192 ποίαν
1669 5136 1884 5202 ἕξουσιν
1917 5131 2216 5217 ἀπολογίαν
2242 5130 2313 5217 ρί-

710 5233 829 5305 μετ’
859 5213 1127 5301 ἀφθονίας*
1155 5213 1230 5299 μὴ
1262 5225 1577 5296 βουλόμενοι
1617 5220 1756 5305 πρὸς
1784 5218 1884 5290 τὴν
1922 5216 2106 5305 αὐτὴν-
2119 5213 2295 5268 ἐλθεῖν

707 5299 946 5392 ἀρετὴνξ
978 5314 1148 5368 Πάλιν
1172 5312 1222 5365 οἰ
1257 5309 1492 5378 πένητες
1517 5305 1674 5358 οἰδιά
1691 5299 2063 5392 τὴνπτωέίίαν
2083 5299 2295 5368 ἀγανα-

711 5382 964 5462 κτοῦντες
1011 5396 1106 5450 καί⁵
1145 5393 1593 5463 δυσχεραίνοντες
1639 5398 1695 5445 b.
1765 5384 1884 5438 τίνα
1933 5382 2134 5450 ἕξουσι
2164 5397 2296 5450 συγ-

709 5482 969 5555 γνώμην,
994 5481 1123 5534 ὃταν
1162 5471 1312 5539 οὗτος
1344 5477 1402 5528 ὲν
1435 5471 1579 5543 λιμῷ
1621 5470 1718 5523 καὶ
1758 5467 1919 5555 πενίᾳ
1959 5468 2056 5555 καὶ
2087 5466 2296 5555 ἐρημίᾳ

709 5550 808 5625 καὶ
829 5550 1110 5639 ἀρρωστίᾳ
1139 5562 1377 5631 διηνεκεῖ
1408 5557 1518 5623 ζῶν
1542 5559 1600 5610 tv
1616 5555 1765 5624 οἰκίᾳ
1788 5551 2172 5622 πλουτοῦντος,
2199 5550 2296 5604 καὶ

784 5729 810 5756 ⁸
827 5727 952 5777 Tres
974 5737 1088 5772 mss.
1111 5719 1295 5786 haben}
1319 5718 1563 5781 β.ο¹)ανῶν.
1582 5775 1608 5786 _

787 5787 955 5839 θεαὶ·ιὶ
1001 5789 1052 5835 in
1075 5795 1212 5844 marg
1255 5782 1724 5840 δυσανασχετοῦντες.

2389 4465 2604 4533 ’Ὠσπερ
2628 4456 2721 4514 οὖν
2758 4460 2852 4512 τὸν
2878 4452 3147 4528 διηνεκῶς
3188 4453 3432 4522 διψῶντα
3471 4453 3576 4506 οὐκ
3621 4451 3689 4506 ἀν
3734 4452 3985 4523 εἴποιμεν

2390 4546 2678 4614 ὑγιαίνειν,
2715 4542 2817 4595 κάν
2855 4539 3121 4609 ἀφθονίας
3159 4535 3442 4607 ἀπολαύῃ,
3483 4535 3589 4589 κᾶν
3635 4535 3791 4605 παρά
3825 4553 3986 4588 ποταο

2393 4629 2530 4699 μούς
2559 4627 2655 4680 καὶ
2685 4623 2871 4694 πηγάς
2904 4621 3244 4693 κατακέηται
3273 4618 3348 4689 (τί
3374 4618 3486 4688 γάρ
3518 4617 3716 4686 ὄφελος
3753 4618 3855 4688 τῆς
3878 4617 3983 4670 τῶν

2390 4712 2601 4767 ὑδάτων
2639 4708 2922 4777 δαψιλείας
2950 4703 3200 4774 ἐκείνης,
3234 4703 3364 4756 ὅταν
3399 4701 3459 4753 τὸ
3499 4701 3674 4764 πάθος
3719 4701 3984 4755 ἄσϐεστον

2394 4793 2586 4867 μένῃ;)
2612 4790 2757 4845 οὐτω
2784 4789 2849 4860 δὴ
2878 4788 2975 4841 καὶ
3012 4787 3108 4840 ἐπὶ
3144 4783 3254 4840 τῶν
3294 4783 3677 4867 πλουτούντων
3718 4784 3982 4853 ποιῶμενο

2389 4865 2519 4938 τοὺς
2549 4871 2955 4943 ἐπιθυμοῦντας
2979 4871 3068 4923 ἀεὶ
3105 4870 3199 4923 καὶ
3238 4868 3510 4938 διψῶντας
3539 4865 3650 4920 τῶν
3687 4867 3986 4937 ἀλλοτρίων

2396 4959 2667 5032 μηδέποτε
2691 4956 3003 5027 νομίζωμεν
3036 4952 3333 5021 ὑγιαίνειν,
3380 4951 3517 5021 μηδὲ
3550 4950 3819 5020 ἀφθονίας
3852 4952 3985 5004 ἀπο-

2391 5031 2582 5096 λαύειν
2614 5040 2779 5102 τινός.
2822 5038 2881 5091 Ὀ
2906 5037 3016 5107 γὰρ
3044 5035 3142 5106 τὴν
3184 5032 3380 5088 ἑαυτοῦ
3412 5033 3613 5103 στῆσαι
3643 5031 3720 5103 μὴ
3759 5033 3988 5104 δυνάμε-

2393 5143 2483 5189 νος
2533 5121 2858 5192 ἐπιθυμίαν,
2886 5119 2990 5172 κᾶν
3030 5119 3101 5172 τά
3149 5117 3370 5180 πάντως
3407 5114 3804 5187 περιϐέϐληται
3828 5150 3848 5182 ,
3876 5117 3987 5177 πῶς

2394 5203 2551 5272 οὗτος
2586 5206 2740 5259 ἔσται
2772 5206 2830 5257 tv
2869 5202 3105 5273 εὐπορίᾳ
3137 5199 3307 5265 mort;
3346 5198 3488 5262 Τοὺς
3534 5199 3724 5269 μέντοι
3759 5202 3874 5260 τοῖς
3912 5201 3989 5250 οξ-

2395 5291 2566 5353 κείοις
2594 5286 2994 5359 ἀρκουμένους,
3019 5285 3116 5338 καὶ
3145 5283 3478 5354 στέργοντας
3512 5280 3582 5334 τά
3616 5279 3865 5348 ἑαυτῶν,
3900 5286 3989 5332 καὶ

2400 5373 2477 5447 μὴ
2525 5367 3074 5443 περισκοπουμένους
3117 5365 3218 5430 τὰς
3273 5363 3561 5435 ἀλλοτρίας
3607 5363 3838 5447 οὐσίας,
3892 5362 3989 5416 κᾶν

2396 5446 2654 5513 ἀπάντων
2703 5447 2838 5505 ὦσιν
2888 5449 3266 5522 ἀπορώτεροι,
3298 5448 3520 5503 πάντων
3580 5446 3990 5517 εὐπορωτέρους

2397 5537 2536 5594 εἶναι
2570 5539 2679 5610 χρὴ
2726 5535 2992 5606 νομίζειν.
3035 5535 3095 5588 '0
3132 5534 3242 5605 γὰρ
3277 5532 3356 5604 μὴ
3389 5531 3647 5610 δεόμενος
3681 5530 3794 5610 τῶν
3840 5530 3990 5583 ἀλλο-

2403 5603 2623 5695 τρίων,
2656 5603 2878 5673 ἀλλ”ὲν
2914 5603 3225 5690 αὐταρκείᾳ
3258 5603 3490 5685 ἀγαπῶν
3537 5609 3682 5669 εἶναι
3717 5603 3744 5633 ⁸
3777 5615 3991 5668 πάντων

2469 5748 2494 5777 °
2520 5762 2672 5814 Sam.
2693 5763 2746 5813 in
2767 5774 2920 5824 marg.
2945 5765 2998 5814 el
3017 5760 3116 5810 duo
3138 5772 3251 5810 mss.
3287 5758 3336 5808 iv
3355 5753 3614 5823 αὐταρκείᾳ
3632 5753 3841 5820 νομίζων
3861 5751 3990 5807 τινα.
