4142 6332
281 431 377 488 981

276 546 604 617 voluptatem
630 560 748 616 qua:
774 559 840 602 ex
867 553 1011 604 recte
1042 543 1191 600 factis
1215 542 1587 615 proficiscitur,
1611 541 1870 597 Lazarum

282 639 576 704 imitemur,
604 638 798 697 divites
823 638 980 693 simul
1006 651 1069 693 ac
1095 651 1380 707 pauperes.
1402 633 1519 689 Non
1545 635 1685 689 enim
1712 648 1878 690 unum

283 737 494 782 tantum
525 738 616 783 aut
644 728 771 796 duo,
800 729 966 784 triave
1005 727 1216 783 virtutis
1257 725 1549 782 certamina
1586 725 1878 781 sustinuit:

280 833 472 875 verum
499 827 556 874 et
596 820 766 874 multo
794 821 964 891 plura,
1002 827 1391 889 paupertatem,
1423 815 1702 871 adversam
1731 815 1881 872 vale-

279 913 547 980 tudinem,
578 913 920 968 solitudinem
949 927 1012 967 ac
1039 910 1443 967 destitutionem
1471 909 1539 964 ab
1564 909 1627 964 iis
1664 908 1756 980 qui
1784 922 1882 964 cu-

273 1018 398 1058 ram
430 1004 570 1059 illius
609 1018 801 1075 gerere
825 1003 1087 1059 debebant
1117 1021 1129 1057 :
1159 989 1350 1057 deinde
1375 1000 1516 1071 quod
1541 999 1658 1056 haec
1702 998 1884 1054 omnia

280 1094 581 1163 patiebatur
609 1097 661 1150 in
691 1095 872 1162 domo,
893 1110 1011 1165 quae
1041 1101 1251 1163 poterat
1277 1091 1392 1148 haec
1418 1091 1556 1146 mala
1586 1089 1878 1158 depellere,

283 1199 462 1254 neque
500 1201 622 1241 eum
652 1185 760 1240 ullo
803 1185 996 1240 solatio
1036 1184 1315 1254 quisquam
1345 1180 1692 1252 dignabatur;
1737 1177 1881 1249 quod

277 1273 486 1329 videret
513 1275 684 1341 illum,
713 1289 743 1329 a
766 1289 872 1344 quo
897 1274 1310 1343 despiciebatur,
1343 1270 1504 1326 tantis
1525 1269 1625 1324 frui
1648 1267 1878 1334 deliciis,

276 1378 454 1433 neque
483 1363 692 1418 deliciis
720 1363 880 1418 modo
910 1363 1035 1427 frui,
1066 1377 1253 1418 verum
1293 1361 1456 1415 etiam
1487 1375 1609 1415 cum
1639 1358 1882 1429 improbe

276 1453 503 1518 viveret,
552 1453 684 1508 nihil
717 1463 894 1509 tamen
937 1468 1099 1524 grave
1145 1452 1350 1522 perpeti
1385 1469 1398 1504 :
1432 1458 1690 1520 prmterea
1735 1447 1880 1519 quod

286 1557 395 1597 non
444 1544 664 1599 haberet
691 1542 920 1599 alterum
948 1542 1209 1597 Lazarum
1248 1541 1315 1596 ad
1363 1555 1521 1610 quem
1552 1541 1879 1609 respiceret;

276 1643 541 1702 prmterea
571 1634 714 1704 quod
743 1634 813 1690 de
849 1632 1241 1688 resurrectione
1267 1630 1397 1687 nihil
1428 1639 1611 1702 posset
1641 1629 1881 1700 philoso-

281 1720 432 1791 phari
461 1739 474 1774 :
502 1723 568 1778 ad
598 1723 713 1779 haec
743 1724 889 1794 quod
932 1738 1093 1794 super
1122 1722 1240 1779 haec
1282 1737 1403 1793 quae
1442 1719 1679 1777 diximus
1705 1720 1839 1774 mala
1861 1761 1878 1788 ,

276 1827 344 1865 ex
373 1813 764 1869 calamitatibus
805 1814 908 1869 illis
949 1829 978 1868 a
1012 1814 1168 1884 vuigo
1216 1815 1408 1867 malam
1463 1811 1626 1866 ferret
1667 1811 1881 1880 opinio-

275 1917 441 1971 nem;
473 1905 616 1975 quod
647 1921 752 1960 non
801 1906 1019 1960 biduum
1053 1904 1378 1968 triduumve,
1410 1902 1504 1958 sed
1531 1917 1627 1972 per
1666 1915 1880 1956 omnem

278 1992 439 2047 vitam
486 2002 542 2049 et
581 1996 813 2065 seipsum
834 1995 1036 2051 videret
1085 1997 1136 2050 in
1177 1993 1441 2064 ejusmodi
1468 1991 1878 2056 calamitatibus,

273 2090 334 2137 et
355 2085 572 2141 divitem
625 2087 677 2142 in
709 2088 924 2144 diverso
975 2103 1156 2143 rerum
1205 2096 1367 2142 statu.
1398 2084 1681 2154 Quomodo
1722 2085 1882 2154 igitur

272 2179 476 2234 erimus
515 2179 843 2244 excusandi,
895 2179 941 2233 si
987 2195 1109 2233 cum
1160 2177 1248 2233 hic
1293 2186 1515 2232 cunctas
1562 2175 1881 2230 afflictiones

275 2268 436 2323 simul
481 2270 912 2339 conglomeratas
957 2278 1102 2325 tanta
1155 2268 1434 2338 pertulerit
1460 2267 1623 2322 animi
1673 2265 1881 2320 fortitu-

279 2361 428 2427 dine,
471 2376 569 2417 nos
599 2377 666 2417 ne
713 2362 992 2422 dimidium
1044 2361 1258 2433 quidem
1315 2361 1504 2416 horum
1558 2357 1879 2414 tulerimus?

279 2451 399 2506 Non
425 2453 566 2507 enim
589 2463 763 2524 potes,
787 2469 893 2507 non
917 2453 1346 2524 potes,‘inquam,
1377 2451 1539 2506 alium
1557 2463 1877 2520 quemquam

269 2697 359 2740 DE
401 2697 645 2743 ιΑΖΔιιο
687 2699 917 2743 CONCIO
978 2699 1266 2743 SECUNDA
1325 2701 1341 2739 ε

1140 2800 1454 2845 ΒΑΞΜΟΝΕδ
1501 2802 1516 2840 Ξ

341 3056 395 3112 l.
426 3054 634 3114 Primus
663 3057 732 3111 ad
756 3057 988 3112 virtutem
1011 3058 1204 3129 gradus
1228 3099 1244 3124 ,
1268 3068 1340 3112 est
1365 3058 1550 3112 aliena:
1571 3055 1744 3110 virtuti
1769 3072 1870 3127 ap-

266 3149 533 3225 plaudere.
563 3177 636 3189 —
666 3148 972 3208 Admiratus
997 3164 1115 3208 sum
1143 3149 1419 3211 caritatem
1452 3156 1684 3210 vestram
1707 3197 1722 3222 ,
1751 3162 1872 3209 cum

266 3263 440 3318 nuper
469 3243 546 3303 'de
587 3248 792 3304 Lazaro
835 3249 997 3304 verba
1037 3248 1302 3314 facerem,
1350 3247 1492 3318 quod
1530 3256 1586 3304 et
1622 3247 1870 3317 pauperis

265 3339 413 3395 illius
447 3339 782 3395 tolerantiam
824 3340 1079 3395 laudastis
1105 3382 1120 3406 ,
1167 3346 1222 3394 et
1267 3340 1446 3394 divitis
1487 3338 1868 3393 immanitatem

264 3429 825 3502 inhumanitatemque
866 3431 1115 3487 detestati
1150 3432 1299 3486 estis.
1329 3430 1460 3484 Nam
1489 3431 1589 3484 ista
1618 3445 1722 3483 non
1750 3428 1869 3482 vul-

215 3575 218 3580 .
265 3522 415 3593 saria
441 3531 569 3578 sunt
593 3523 747 3578 bona:
773 3524 966 3579 mentis
997 3533 1332 3593 argumenta.
1385 3523 1598 3576 Etenim
1627 3522 1874 3590 quamvis

266 3627 376 3668 non
406 3622 672 3669 sectemur
701 3614 976 3681 virtutem,
1004 3614 1048 3669 si
1077 3613 1357 3668 laudemus
1385 3621 1563 3668 tamen
1595 3613 1869 3681 virtutem,

265 3706 488 3761 omnino
517 3705 812 3776 poterimus
849 3705 916 3761 ad
958 3707 1097 3760 illam
1128 3707 1454 3777 pertingere.
1495 3705 1754 3761 Similiter
1778 3721 1873 3760 au-

266 3805 400 3862 tem,
428 3796 637 3852 etiamsi
669 3812 777 3852 non
820 3796 1083 3867 fugiamus
1114 3797 1372 3851 malitiam
1399 3837 1415 3863 ,
1445 3797 1489 3851 si
1522 3807 1700 3852 tamen
1733 3797 1873 3851 vitu-

265 3903 520 3958 peremus
553 3887 807 3944 malitiam
833 3929 849 3955 ,
896 3890 1013 3944 sine
1038 3888 1199 3943 dubio
1227 3888 1519 3958 poterimus
1557 3889 1702 3943 illam
1731 3888 1868 3944 effu-

265 3993 417 4049 gere.
455 3979 718 4047 Quoniam
749 3978 910 4050 igitur
952 3979 1116 4034 multa
1143 3994 1266 4034 cum
1289 3979 1452 4033 animi
1497 3979 1869 4034 benevolentia

265 4085 546 4126 sermones
573 4071 691 4128 illos
707 4071 1012 4140 excepistis,
1041 4086 1138 4143 age
1163 4087 1281 4143 quae
1307 4080 1512 4127 restant
1537 4073 1697 4127 etiam
1715 4072 1867 4129 vobis

269 4162 656 4229 pcrsolvamus.
689 4161 908 4216 Vidistis
930 4161 1081 4216 illum
1104 4162 1155 4216 in
1175 4161 1440 4218 vestibulo
1464 4163 1665 4230 divitis,
1691 4163 1869 4220 videte

266 4252 516 4308 eumdem
546 4252 706 4309 hodie
734 4253 787 4308 in
827 4252 1207 4331 sinugAbrahte
1237 4270 1252 4308 :
1277 4252 1483 4308 vidistis
1506 4253 1653 4308 illum
1683 4269 1804 4310 cum
1835 4269 1867 4310 a

265 4343 490 4398 canibus
523 4343 1059 4415 circumlingeretur,
1088 4343 1267 4399 videte
1297 4343 1546 4400 eumdem
1571 4345 1640 4400 ab
1663 4346 1866 4416 angelis

264 4433 520 4505 stipatum
551 4453 565 4488 :
596 4435 804 4490 vidistis
853 4436 1001 4490 illum
1048 4443 1160 4490 tum
1212 4435 1266 4490 in
1294 4444 1642 4507 paupertate,
1688 4437 1866 4494 videte

265 4542 410 4583 nunc
433 4528 678 4583 eumdem
705 4528 758 4584 in
788 4528 993 4584 deliciis
1021 4527 1267 4586 :vidistis
1309 4528 1459 4584 illum
1495 4529 1550 4584 in
1589 4529 1760 4598 fame,
1784 4529 1867 4585 vi-

264 4618 390 4672 dete
431 4618 483 4672 in
533 4618 700 4673 multa
743 4628 924 4674 rertIm
966 4618 1236 4681 affluentia
1267 4636 1282 4675 :
1310 4619 1520 4676 vidistis
1559 4620 1709 4676 illum
1747 4636 1868 4677 cer-

265 4716 470 4763 tantem
496 4749 512 4776 ,
544 4708 726 4764 videte
765 4720 1080 4764 coronatum
1117 4726 1131 4764 :
1161 4707 1372 4764 vidistis
1400 4710 1615 4766 labores
1637 4751 1652 4777 ,
1687 4711 1868 4767 videte

263 4799 545 4868 przemium
569 4840 586 4865 ,
629 4808 892 4871 quotquot
917 4801 1049 4855 estis
1067 4799 1154 4855 vel
1181 4799 1404 4867 divites,
1443 4801 1530 4856 vel
1559 4817 1820 4872 pauperes
1850 4821 1864 4857 :

262 4891 457 4947 divites
471 4891 711 4962 quidem,
732 4907 802 4948 ne
825 4893 1023 4964 putetis
1051 4893 1262 4949 divitias
1281 4893 1482 4964 aliquid
1515 4909 1634 4950 esse
1663 4897 1864 4966 magni,

262 4981 313 5037 si
342 4981 478 5037 desit
500 4982 710 5049 virtus;
753 4998 1016 5054 pauperes
1039 4999 1166 5039 vero
1190 5025 1206 5051 ,
1239 4999 1308 5040 ne
1341 4984 1594 5054 judicetis
1631 4999 1863 5056 pauper-

265 5081 432 5128 tatem
463 5073 630 5127 ullum
656 5088 778 5130 esse
801 5074 1004 5129 malum
1032 5093 1046 5129 :
1079 5074 1320 5146 utrisque
1345 5090 1476 5130 vero
1509 5079 1868 5133 communiter

263 5171 376 5219 stat
403 5163 488 5218 hic
531 5174 848 5236 praeceptor.
889 5166 1101 5222 Etenim
1144 5165 1191 5221 si
1229 5165 1319 5221 hic
1346 5167 1398 5221 in
1423 5176 1734 5237 paupertate
1759 5185 1864 5225 non

265 5255 571 5326 indignatus
591 5267 693 5321 est,
722 5272 881 5326 quam
909 5259 1118 5314 veniam
1141 5268 1437 5324 merentur,
1459 5260 1548 5330 qui
1581 5259 1633 5313 id
1665 5260 1864 5316 faciunt

265 5350 322 5404 in
369 5343 610 5404 divitiis?
658 5349 715 5406 Si
762 5351 848 5406 hic
890 5351 942 5406 in
970 5351 1108 5407 fame
1158 5353 1425 5422 tantisque
1469 5353 1625 5408 malis
1663 5353 1866 5424 degens

263 5441 463 5512 gratias
505 5443 652 5511 egit,
696 5442 822 5513 quid
867 5444 1224 5499 excusationis
1272 5443 1532 5512 afferent,
1580 5444 1669 5514 qui
1707 5445 1867 5500 rebus

262 5531 609 5588 aill‘ucntibus
639 5550 744 5588 non
789 5534 856 5589 ad
899 5536 1140 5591 eamdem
1171 5536 1356 5592 volunt
1382 5537 1661 5606 pervenire
1693 5537 1864 5591 virtu-

265 5624 418 5677 tem?
443 5623 650 5678 Rursus
666 5640 945 5694 pauperes,
974 5629 1062 5698 qui
1087 5627 1306 5699 indigne
1330 5628 1658 5698 molesteque
1689 5627 1867 5683 ferunt

262 5723 557 5783 egestatem
579 5755 597 5781 ,
645 5732 803 5786 quam
838 5717 1195 5789 impetrabunt
1239 5722 1448 5776 veniam
1474 5762 1490 5787 ,
1545 5735 1666 5775 cum
1698 5719 1783 5774 hic
1811 5720 1864 5774 in

335 5851 357 5918 _'_
386 5848 562 5918 ωιμεε
587 5851 1108 5918 ευηεςιςιᾶὶεἱὶωεριδς.
1149 5855 1308 5916 Regiis
1347 5853 1480 5914 l8l9,
1531 5852 1670 5914 1960,
1699 5851 1820 5902 i963
1847 5866 1862 5904 :

259 5900 553 5958 Colhertiuis
575 5909 654 5975 to,
678 5913 788 5963 36L
959 5900 967 5901 “
991 5901 1004 5920 ‘

1552 428 1632 487 DE
1672 429 1941 486 LAZARO
1978 425 2224 487 CONCIO
2261 429 2326 486 ll.

3480 420 3586 476 982

1983 558 2428 612 commemorare,
2456 543 2548 616 qui
2588 544 2710 599 talia
2739 552 2986 617 tantaque
3013 560 3298 617 perpessus
3326 548 3396 604 sit
3418 550 3578 604 mala.

1983 634 2226 706 Eamque
2268 635 2337 691 ob
2361 651 2475 690 rem
2519 637 2764 692 Christus
2792 635 2935 692 hunc
2977 638 3312 708 potissimum
3353 642 3582 711 exempli

1985 742 2142 784 causa
2171 728 2446 798 proposuit
2478 728 2529 782 in
2571 728 2828 796 medium,
2859 738 2918 784 ut
2955 731 2999 784 si
3045 733 3258 801 quando
3281 731 3332 785 in
3365 747 3450 786 res
3482 733 3579 786 tri—

1985 830 2096 876 stes
2136 819 2502 886 ineiderimus,
2536 820 2940 876 considerantes
2969 831 3167 892 quanto
3196 823 3282 877 ille
3306 823 3585 879 intervallo

1986 925 2085 967 nos
2126 913 2430 982 superarit,
2480 927 2547 967 ex
2597 912 2738 967 illius
2775 911 3109 982 pbiIOSOphia
3159 915 3288 968 satis
3332 928 3587 984 magnuu.

1985 1001 2236 1057 solatium
2276 1002 2643 1074 molestiaeque
2672 1001 2903 1057 lenimen
2950 1001 3240 1073 capiamus.
3271 1001 3583 1060 Communis

1985 1093 2128 1147 enim
2157 1093 2304 1150 orbis
2332 1093 2521 1148 doctor
2549 1093 2638 1147 ille
2667 1093 2969 1162 propositus
2994 1101 3095 1160 est,
3126 1108 3239 1147 rem
3270 1108 3582 1162 quamcum-

1985 1198 2090 1255 que
2115 1184 2394 1239 molestam
2425 1183 2767 1254 patientibus,
2787 1185 2956 1254 quise
2976 1183 3413 1253 conspiciendum
3442 1200 3578 1252 prre-

1985 1273 2386 1342 bet'omnibus,
2432 1274 2635 1344 hosque
2679 1290 2866 1329 omnes
2915 1289 3176 1344 superans
3228 1273 3579 1328 afflictionum

1984 1365 2369 1437 magnitudine.
2399 1365 2503 1421 Pro
2529 1365 2614 1421 his
2660 1365 2820 1435 igitur
2848 1365 3097 1421 omnibus
3142 1365 3337 1434 gratias
3363 1373 3582 1434 agentes

1985 1455 2216 1526 bisnigno
2260 1456 2391 1521 Deo,
2422 1464 2760 1526 reportemus
2785 1469 2849 1510 ex
2880 1454 2979 1508 hac
3020 1454 3325 1509 narratione
3356 1455 3581 1508 fructum

1984 1554 2040 1602 et
2066 1547 2346 1602 utilitatem
2378 1562 2391 1600 :
2422 1546 2760 1602 continenter
2809 1532 2950 1600 hunc
2974 1553 3028 1600 et
3058 1545 3110 1598 in
3135 1543 3500 1610 consessibus,
3528 1553 3584 1598 et

1986 1637 2040 1691 in
2085 1636 2308 1702 tedibus,
2337 1644 2393 1690 et
2417 1636 2472 1690 in
2515 1635 2651 1700 foro,
2683 1635 2912 1704 denique
2941 1634 2993 1688 in
3024 1634 3168 1689 omni
3208 1634 3326 1688 loco
3350 1633 3581 1687 circum-

1987 1723 2242 1793 ferentes,
2265 1739 2579 1795 summoque
2605 1725 2781 1779 studio
2797 1724 3006 1778 divitias
3032 1737 3240 1788 omnes,
3265 1738 3395 1792 quas
3425 1722 3582 1777 habet

1987 1816 2102 1872 haec
2143 1816 2414 1886 parabola,
2465 1817 2846 1886 percipientes,
2877 1829 2984 1884 quo
3031 1815 3186 1869 simul
3218 1823 3272 1870 et
3301 1815 3581 1884 praesentia

1986 1909 2118 1963 citra
2145 1908 2442 1963 molestiam
2470 1907 2604 1961 mala
2622 1917 3069 1971 transcurramus,
3088 1915 3141 1960 et
3165 1905 3462 1960 futurorum
3488 1905 3584 1958 bo-

1987 2013 2178 2054 norum
2239 2004 2516 2067 compotes
2578 1995 3058 2065 evadamuszqnaa
3123 1995 3275 2050 nobis
3333 1995 3582 2049 omnibus

1986 2090 2221 2158 eontigat
2248 2087 2461 2157 assequi
2505 2087 2674 2158 gratia
2718 2087 3149 2157 benignitateque
3178 2087 3387 2141 Domini
3417 2089 3583 2140 nostri

1983 2179 2112 2235 'Jesu
2133 2179 2356 2244 Christi,
2384 2179 2469 2234 cui
2513 2193 2636 2233 cum
2681 2177 2841 2232 Patre
2869 2187 2921 2232 ct
2949 2176 3151 2248 Spiritu
3180 2187 3366 2232 sancto
3390 2177 3581 2248 gloria,

1987 2270 2181 2337 honor,
2209 2270 2471 2335 adoratio,
2503 2282 2645 2324 nunc
2671 2276 2726 2322 et
2751 2282 2985 2338 semper,
3025 2276 3080 2323 et
3104 2268 3158 2322 in
3187 2268 3382 2323 smcula
3411 2282 3582 2323 saccu-

1986 2362 2183 2418 lorum.
2213 2362 2405 2416 Amen.

1406 2699 1485 2740 ET
1539 2697 1709 2750 QUOD
1755 2695 1973 2738 ANIME
2028 2692 2246 2736 MORTE
2301 2691 2617 2734 VIOLENTA
2674 2691 3160 2748 DECEDENTIUM,
3215 2691 3338 2736 NON
3385 2693 3580 2736 FIUNT

1565 2799 1777 2851 DEQUE
1821 2796 2074 2840 mntem
2119 2797 2198 2837 ET
2242 2781 2712 2839 annsuosvm'.

1984 3053 2125 3110 fame
2172 3052 2500 3124 penuriaque
2524 3093 2538 3118 ,
2579 3052 2869 3108 solitudine
2913 3063 2968 3110 et
3009 3055 3235 3111 adversa
3276 3057 3582 3121 valetudine

1980 3145 2143 3208 vitam
2175 3143 2390 3207 assidue
2415 3147 2634 3206 trahens
2659 3142 2710 3206 in
2739 3146 2944 3207 aedibus
2972 3145 3152 3208 divitis
3175 3195 3191 3218 ,
3225 3163 3278 3208 et
3304 3154 3371 3209 ab
3400 3155 3574 3209 omni-

1981 3243 2080 3300 bus
2122 3243 2442 3314 despectus,
2489 3243 2557 3297 ad
2594 3243 2714 3298 iure
2745 3260 2850 3298 non
2894 3243 3096 3300 habens
3128 3245 3288 3299 alium
3313 3245 3380 3300 ad
3418 3263 3578 3316 quem

1979 3334 2168 3391 eadem
2213 3349 2524 3406 perpessum
2570 3335 2895 3404 respiceret,
2938 3337 3017 3392 sic
3044 3347 3298 3406 appareat
3337 3337 3577 3407 philoso-

1981 3425 2173 3496 phatus
2191 3424 2216 3478 ?

2055 3516 2204 3570 Dives
2228 3531 2340 3569 vere
2363 3515 2496 3585 quis.
2517 3543 2590 3555 ——
2618 3513 2700 3570 Ab
2727 3514 2831 3569 hoc
2856 3515 3131 3572 discamus
3154 3532 3259 3572 non
3287 3533 3384 3588 pro
3410 3518 3580 3575 beatis

1979 3606 2178 3662 habere
2223 3605 2436 3672 divites,
2485 3619 2658 3675 neque
2683 3620 2782 3673 pro
2803 3607 3013 3662 miseris
3043 3607 3243 3664 habere
3273 3623 3536 3680 pauperes
3561 3626 3576 3661 :

1978 3698 2088 3752 imo
2125 3698 2169 3752 si
2200 3711 2387 3752 verum
2429 3696 2580 3752 fateri
2620 3696 2778 3764 licet,
2813 3711 2880 3752 ne
2905 3697 3054 3752 dives
3091 3699 3307 3769 quidem
3338 3700 3426 3755 ille
3451 3713 3534 3756 est
3560 3741 3579 3767 ,

1977 3787 2066 3857 qui
2091 3786 2267 3842 multis
2283 3786 2475 3857 opibus
2489 3787 2920 3843 circumvallatus
2940 3799 3040 3855 cst,
3066 3790 3160 3845 sed
3187 3791 3276 3861 qui
3305 3806 3410 3846 non
3460 3798 3584 3862 eget

1977 3882 2157 3937 multis
2191 3899 2206 3936 :
2235 3897 2336 3936 nec
2360 3881 2406 3936 is
2433 3895 2634 3950 pauper
2663 3889 2768 3948 est,
2798 3881 2888 3951 qui
2917 3881 3050 3936 nihil
3081 3883 3336 3951 possidet,
3365 3884 3460 3940 sed
3482 3886 3574 3956 qui

1976 3975 2140 4030 multa
2170 3975 2501 4043 concupiscit
2529 3991 2542 4028 :
2575 3973 2764 4028 discite
2809 3973 2953 4029 hunc
2999 3989 3120 4030 esse
3149 3975 3309 4031 finem
3341 3992 3575 4048 pauper—

1976 4065 2100 4119 tatis
2119 4073 2172 4120 et
2191 4064 2501 4133 opulentia.
2531 4063 2587 4118 Si
2609 4077 2767 4134 quem
2785 4062 2982 4120 videris
3009 4065 3174 4120 multa
3195 4068 3580 4137 concupiscen-

1976 4168 2083 4215 tem
2108 4199 2124 4225 ,
2173 4158 2478 4214 existimato
2516 4157 2663 4212 illum
2707 4157 2946 4212 omnium
2985 4172 3107 4212 esse
3154 4161 3574 4229 pauperrimum,

1973 4251 2133 4306 etiam
2181 4250 2227 4305 si
2278 4249 2551 4325 possideat
2591 4249 2834 4304 omnium
2873 4264 3027 4319 opes.
3079 4250 3312 4306 Rursum
3339 4254 3383 4308 si
3413 4270 3576 4324 quem

1974 4344 2172 4400 videris
2211 4359 2318 4398 non
2346 4344 2530 4399 multis
2558 4352 2841 4414 egentem,
2882 4343 3031 4397 illum
3065 4345 3316 4399 omnibus
3345 4347 3576 4416 opulen-

1976 4437 2168 4493 tiorem
2189 4447 2310 4491 esse
2335 4434 2535 4501 ducito,
2553 4435 2762 4491 etiamsi
2789 4434 2920 4489 nihil
2948 4433 3235 4504 possideat.
3259 4434 3393 4490 Nam
3413 4453 3536 4494 men
3559 4471 3572 4483 -

1974 4528 2044 4584 tis
2089 4527 2316 4592 affectu,
2367 4543 2474 4582 non
2522 4527 2834 4583 facultatum
2878 4526 3080 4593 modo,
3129 4538 3493 4598 paupertatem
3519 4545 3577 4588 et

1972 4620 2298 4690 opulentiam
2344 4619 2612 4676 mstimare
2657 4619 3060 4674 consuevimus.
3105 4619 3570 4686 Quemadmodum

1973 4713 2135 4784 igitur
2162 4729 2316 4778 eum,
2363 4711 2452 4780 qui
2481 4718 2740 4780 perpetuo
2777 4709 2892 4764 sitit
2932 4726 3042 4764 non
3083 4710 3386 4768 dixerimus
3423 4725 3572 4771 recte

1972 4803 2151 4857 valere
2175 4843 2188 4866 ,
2231 4801 2393 4857 etiam
2423 4800 2468 4854 si
2497 4801 2649 4870 e0pia
2677 4815 2856 4854 rerum
2895 4799 3116 4866 affluat,
3141 4802 3302 4856 etiam
3334 4803 3381 4856 si
3419 4803 3569 4872 juxta

1973 4895 2165 4949 fluvios
2206 4908 2270 4948 ac
2311 4891 2487 4947 fontes
2531 4890 2814 4946 aeeumbat
2844 4907 2858 4946 :
2884 4888 3035 4964 (quid
3062 4892 3205 4947 enim
3233 4893 3449 4962 prodest
3483 4895 3569 4948 illa

1973 5002 2229 5055 aquarum
2261 4985 2449 5055 copia,
2495 4999 2616 5039 cum
2661 4981 2874 5038 affectio
2916 4991 3131 5038 maneat
3168 4983 3573 5056 inexstincta)?

1973 5076 2155 5132 itidem
2182 5085 2239 5132 et
2267 5075 2318 5130 in
2341 5074 2592 5130 divitibus
2619 5073 2894 5148 faciamus,
2923 5087 3018 5128 eos
3039 5072 3127 5142 qui
3157 5083 3414 5144 perpetuo
3439 5089 3569 5130 con-

1972 5172 2286 5241 cupiscunt,
2333 5169 2624 5237 sitiuntque
2671 5166 2880 5233 aliena,
2932 5180 3001 5221 ne
3043 5175 3288 5235 putemus
3315 5183 3566 5238 umquam

1973 5277 2094 5316 esse
2121 5275 2316 5323 sanos,
2361 5274 2463 5314 nec
2509 5258 2614 5312 ulla
2661 5257 2760 5311 frui
2797 5272 2977 5311 rerum
3014 5257 3189 5328 copia.
3233 5257 3441 5312 Etenim
3474 5261 3564 5328 qui

1973 5369 2124 5407 suam
2179 5352 2346 5422 ipsius
2399 5349 2889 5420 concupiscentiam
2945 5365 3051 5403 non
3107 5359 3285 5420 potest
3341 5351 3567 5414 sistere.

1973 5445 2181 5500 etiamsi
2215 5457 2531 5498 cunctorum
2576 5443 2769 5510 opibus
2800 5443 3026 5497 vallatus
3055 5443 3119 5496 sit
3140 5483 3158 5509 ,
3187 5443 3456 5512 quomodo
3482 5444 3567 5499 fu-

1975 5544 2122 5590 turus
2147 5543 2231 5591 est
2260 5535 2305 5589 is
2331 5550 2582 5605 umquam
2630 5535 2684 5586 in
2725 5533 2965 5588 divitiis?
3015 5533 3125 5588 Eos
3149 5550 3276 5589 vero
3304 5536 3393 5604 qui
3425 5537 3567 5605 quod

1973 5629 2175 5685 habent
2219 5630 2348 5683 satis
2373 5643 2493 5683 esse
2525 5627 2760 5692 ducunt,
2796 5627 2991 5697 quique
3018 5641 3111 5681 sua
3144 5637 3287 5681 sorte
3325 5630 3564 5682 contenti

1973 5732 2131 5788 sunt,
2164 5737 2261 5776 nec
2285 5721 2484 5776 alienas
2512 5720 2960 5788 circumspectant
3001 5718 3311 5782 facultates,
3354 5721 3568 5776 etiamsi

1976 5812 2175 5868 fuerint
2195 5813 2430 5866 omnium
2459 5811 2790 5880 egentissimi
2813 5853 2828 5876 ,
2858 5811 3098 5865 omnium
3127 5810 3564 5880 epulentissimos

1975 5903 2172 5960 ducere
2210 5912 2441 5976 oportet.
2490 5903 2618 5959 Nam
2653 5902 2745 5974 qui
2791 5916 2900 5958 non
2955 5900 3155 5976 indiget
3202 5901 3416 5967 alienis,
3455 5906 3554 5959 scd
