4142 6332
630 440 631 443 η
649 406 751 459 933

648 530 797 591 putat
826 522 927 577 sibi
953 522 1081 577 satis
1106 536 1224 578 esse
1251 521 1391 592 quod
1422 521 1603 588 habet,
1626 519 1864 575 omnium
1900 529 1983 574 est
2006 517 2227 587 opulen-

648 614 901 669 tissimus.
950 612 1054 669 Sed
1092 612 1315 684 agedum
1342 612 1388 668 si
1427 612 1633 682 placet,
1664 611 1730 665 ad
1762 609 2086 680 propositam
2114 622 2227 669 ma-

647 707 830 759 teriam
883 712 1231 761 revertamur.
1304 704 1499 759 Accidit
1522 746 1538 771 ,
1591 704 1795 774 inquit,
1844 712 1920 761 ut.
1954 709 2230 755 moreretur

608 786 621 793 ’
642 795 889 872 Lazarus,
915 812 976 851 ac
998 797 1345 867 deportaretur
1368 795 1430 850 ab
1450 796 1641 867 angelis
1666 792 1817 869 (Luc.
1851 794 1938 850 16.
1968 792 2082 862 22).

715 888 923 941 Animas
955 888 1173 941 violenta
1198 896 1359 942 morte
1384 886 1730 942 decedentium
1753 901 1855 939 non
1888 884 2001 953 ﬁeri
2032 883 2224 936 dmo-

642 994 747 1032 nes.
778 1008 852 1019 —
874 978 972 1033 Hic
987 978 1186 1034 malum
1207 977 1491 1049 quemdam
1518 977 1760 1031 morbum
1781 976 1939 1045 cupio
1954 990 2019 1029 ex
2035 974 2226 1029 vestris

641 1067 834 1123 animis
858 1068 1092 1138 exigere.
1147 1067 1283 1123 Sunt
1311 1067 1453 1123 enim
1499 1068 1738 1137 plerique
1786 1064 2088 1135 simplices,
2133 1064 2223 1132 qui

643 1166 827 1227 putant
868 1159 1072 1212 animas
1098 1157 1333 1214 violenta
1365 1148 1539 1212 morte
1573 1154 1941 1212 decedentium
1970 1154 2083 1209 fieri
2109 1154 2222 1208 da:-

642 1263 849 1304 mones.
893 1247 1011 1304 Non
1038 1249 1108 1304 ita
1149 1262 1209 1303 se
1236 1262 1324 1303 res
1365 1246 1563 1313 habet,
1609 1261 1715 1301 non
1746 1246 1816 1299 ita
1840 1259 1993 1299 sane.
2041 1242 2223 1314 Neque

646 1340 788 1395 enim
832 1339 1025 1394 anima:
1063 1337 1293 1394 violenta
1340 1347 1509 1393 morte
1543 1335 1911 1392 decedentium
1956 1326 2222 1388 ﬁantdte-

638 1422 848 1499 mones,
879 1432 973 1488 sed
998 1432 1188 1487 anima:
1215 1432 1388 1502 potius
1414 1433 1466 1487 in
1488 1431 1723 1501 peccatis
1748 1430 2035 1485 viventium
2068 1445 2083 1483 :
2114 1443 2217 1482 non

646 1524 788 1594 quod
828 1534 1063 1580 mutetur
1092 1524 1298 1579 illarum
1328 1524 1619 1579 substantia
1643 1563 1661 1590 ,
1701 1521 1796 1577 sed
1821 1521 1961 1603 quod
1988 1520 2217 1590 ipsarum

635 1615 884 1671 voluntas
910 1615 1211 1671 daemonum
1232 1616 1545 1686 pravitatem
1576 1616 1827 1680 imitetur,
1843 1613 1974 1669 Hoc
1994 1621 2047 1668 et
2065 1612 2217 1667 Chri-

635 1718 754 1764 stus
782 1708 914 1763 dixit
937 1708 1138 1764 Judaais
1158 1751 1175 1776 ,
1213 1708 1315 1764 Vos
1339 1709 1435 1778 ﬁlii
1459 1708 1647 1761 diaboli
1674 1707 1791 1762 estis
1811 1705 1984 1775 (Ioan.
2012 1704 2065 1759 8.
2088 1703 2177 1773 μ)
2204 1722 2216 1758 :

639 1799 777 1855 filios
800 1800 995 1855 diaboli
1022 1800 1167 1865 dicit,
1198 1815 1302 1855 non
1331 1798 1473 1868 quod
1500 1798 1553 1853 in
1582 1798 1725 1853 illius
1758 1806 1998 1853 naturam
2034 1802 2217 1850 essent

635 1892 968 1944 transmutati
995 1930 1009 1954 ,
1042 1890 1135 1947 sed
1160 1890 1411 1960 quoniam
1452 1884 1601 1944 illius
1624 1903 1787 1959 opera
1815 1888 2093 1942 faciebant.
2125 1885 2213 1955 ld-

637 1982 781 2036 circo
838 1984 1000 2037 etiam
1052 1982 1266 2051 subjie'tt
1309 1999 1325 2036 ε
1372 1980 1511 2037 Nam
1563 1982 1811 2035 desideria
1862 1980 2019 2046 patris
2066 1980 2215 2033 vestri

632 2072 782 2126 uultis
809 2073 974 2141 facere
1000 2068 1190 2142 (Ioan.
1218 2070 1271 2125 8.
1301 2073 1425 2143 44).
1464 2064 1667 2126 Rursus
1707 2070 1941 2126 Joannes
1970 2087 1983 2123 :
2014 2069 2213 2141 Proge-

634 2162 739 2216 nies
766 2162 1052 2229 viperarum
1076 2203 1090 2227 ,
1131 2163 1241 2229 quis
1274 2161 1631 2216 demonstrauit
1660 2162 1799 2214 vobis
1838 2161 2010 2231 fugere
2031 2176 2064 2213 a
2091 2176 2213 2215 ven-

634 2261 751 2305 tura
774 2252 852 2304 ira
870 2252 896 2306 ?
936 2250 1115 2306 Facite
1139 2250 1296 2322 igitur
1322 2255 1542 2321 fructum
1573 2251 1777 2319 dignum
1806 2250 2121 2319 paenitentiae,
2154 2266 2214 2302 ac

634 2358 695 2395 ne
736 2341 892 2395 velitis
927 2341 1093 2396 dicere
1124 2356 1143 2396 :
1171 2349 1362 2411 patrem
1401 2340 1641 2395 habemus
1686 2340 1959 2393 Abraham.
2004 2341 2211 2396 Etenim

631 2447 723 2487 eas
754 2432 895 2503 leges
931 2433 1167 2503 agnoscit
1214 2432 1619 2503 pr0pinquitatis
1657 2431 1960 2501 Scriptura,
2008 2443 2067 2487 ut
2105 2448 2210 2487 non

630 2523 719 2593 qui
746 2531 931 2577 natura
965 2523 1234 2594 conjuncti
1277 2531 1430 2588 sunt,
1474 2522 1566 2577 sed
1607 2522 1691 2593 qui
1723 2523 1918 2577 virtute
1950 2523 2212 2577 malitiave

636 2614 916 2683 prOpinqui
959 2623 1114 2679 sunt,
1143 2615 1312 2668 soleat
1336 2613 1603 2683 appellare
1631 2620 1903 2682 cognatos.
1941 2613 2007 2667 Et
2035 2613 2212 2683 cujus-

632 2720 861 2774 cumque
900 2720 1078 2760 mores
1104 2705 1295 2775 aliquis
1323 2705 1679 2773 expresserit,
1711 2704 1867 2775 hujus
1887 2712 1941 2759 et
1969 2705 2129 2759 illium
2158 2714 2213 2759 et

632 2797 849 2853 fratrem
876 2799 1022 2853 illum
1048 2812 1167 2853 esse
1187 2798 1316 2853 dicit
1339 2796 1631 2865 Scriptura.

697 2891 752 2945 2.
785 2892 852 2944 At
892 2890 1042 2959 cujus
1082 2890 1155 2945 rei
1196 2890 1362 2959 gratia
1396 2876 1647 2944 diabolus
1692 2889 1847 2943 istam
1900 2903 2207 2960 perversam

628 2980 933 3050 opinionem
966 2979 1210 3035 invexit?
1255 2978 1489 3033 Conatus
1518 2987 1600 3032 est
1643 2988 1935 3051 martyrum
1961 2977 2210 3034 defodere

629 3084 685 3131 et
711 3075 937 3129 obruere
965 3073 1211 3143 gloriam.
1262 3072 1472 3127 Etenim
1516 3086 1637 3125 cum
1676 3071 1751 3126 illi
1790 3081 1959 3125 morte
1983 3070 2208 3125 violenta

627 3167 983 3234 decesserint,
1012 3156 1232 3236 cbpiens
1260 3152 1475 3236 pravam
1504 3164 1573 3220 de
1600 3165 1702 3219 illis
1726 3166 1942 3236 gignere
1962 3165 2211 3235 suspicio-

628 3275 772 3324 nem,
796 3259 899 3314 hoc
916 3258 1041 3314 fecit
1068 3278 1081 3314 :
1106 3274 1287 3313 verum
1318 3274 1425 3313 non
1452 3258 1623 3326 potuit
1655 3275 1667 3311 :
1700 3258 2207 3326 perseverantenim

628 3363 929 3425 martyres,
983 3352 1255 3421 proprium
1309 3352 1610 3407 obtinentes
1658 3349 2018 3420 splendorem.
2070 3352 2207 3417 Quin

626 3445 769 3500 aliud
813 3444 979 3500 multo
1014 3443 1282 3499 crudelius
1319 3443 1673 3515 perpetravit,
1720 3442 1971 3497 maleficis
2002 3442 2207 3513 ipsique

628 3535 1037 3591 inservientibus
1064 3549 1158 3603 per
1183 3533 1278 3588 has
1300 3533 1583 3603 Opiniones
1607 3534 1873 3601 persuasis
1897 3574 1913 3599 ,
1940 3541 1999 3587 ut
2027 3542 2207 3587 tenera

630 3627 911 3679 multorum
936 3624 1334 3679 adolescentum
1366 3638 1589 3691 corpora
1617 3622 1963 3689 trucidarent,
1994 3637 2209 3691 speran-

631 3728 711 3772 tes
751 3716 1016 3779 futurum,
1066 3725 1124 3769 ut
1164 3714 1353 3770 fierent
1394 3714 1701 3780 daemones,
1754 3729 2041 3783 rursusque
2083 3716 2209 3783 ipsis

630 3809 968 3864 inservirent.
1003 3806 1198 3862 Verum
1228 3822 1333 3859 non
1360 3816 1482 3861 sunt
1510 3806 1606 3859 ista
1636 3822 1758 3860 vera
1779 3847 1793 3869 ,
1836 3821 1938 3859 non
1978 3816 2099 3859 sunt
2126 3808 2207 3859 in—

630 3916 807 3971 quam.
832 3899 968 3967 Quid
997 3898 1151 3968 igitur
1171 3905 1255 3953 est
1277 3888 1417 3966 quod
1433 3897 1707 3950 dmmones
1732 3897 1935 3961 dicunt,
1965 3896 2206 3951 monachi

631 3993 774 4047 illius
824 4006 941 4045 sum
993 3988 1207 4043 anima?
1263 3987 1404 4042 Sane
1455 3997 1671 4056 prepter
1729 3987 1830 4040 hoc
1880 3989 2050 4055 ipsum
2104 4002 2209 4041 non

629 4084 826 4149 credo,
878 4081 998 4151 quia
1045 4079 1317 4133 dmmoncs
1361 4078 1545 4132 dicunt
1575 4095 1586 4130 :
1616 4078 1885 4146 decipiunt
1929 4068 2070 4131 enim
2112 4095 2207 4132 au-

629 4174 849 4229 ditores.

701 4266 915 4319 Dtemon
940 4279 1028 4317 nec
1053 4279 1166 4316 vera
1190 4263 1358 4315 dicens
1374 4261 1654 4314 audiendus
1684 4270 1773 4315 est.
1794 4260 2211 4331 —Quaproptcr

628 4366 682 4411 et
715 4356 905 4410 Paulus
934 4354 1059 4423 ipsis
1084 4353 1290 4407 tametsi
1317 4367 1441 4406 vera
1462 4351 1759 4406 dicentibus
1782 4351 2031 4421 imposuit
2058 4354 2212 4406 silen-

606 4453 784 4514 ‘tium,
815 4463 880 4501 ne
901 4463 963 4501 ex
996 4446 1134 4500 veris
1156 4446 1295 4499 nacti
1332 4446 1684 4509 occasionem,
1714 4454 1833 4514 post
1859 4445 2209 4501 admiscerent

632 4537 1259 4606 meudaciavﬁdemque
1313 4537 1413 4590 sibi
1464 4536 1829 4590 conciliarent.
1886 4537 2015 4592 Cum
2068 4541 2209 4594 enim

633 4630 926 4688 dixissent,
955 4626 1053 4680 Isti
1074 4627 1298 4679 homines
1323 4626 1450 4678 servi
1472 4626 1564 4679 Dei
1588 4626 1821 4679 altissimi
1849 4638 1983 4692 sunt,
2016 4646 2213 4682 annun-

632 4724 811 4783 tiantes
844 4719 979 4772 vobis
1020 4719 1151 4771 viam
1189 4718 1364 4770 salutis
1396 4718 1530 4783 (Act.
1564 4717 1649 4771 16.
1679 4719 1768 4787 17)
1789 4760 1803 4783 ,
1850 4718 2035 4773 dolens
2069 4723 2211 4789 Apo-

634 4814 803 4866 stolus
844 4812 1133 4879 increpavit
1176 4810 1509 4880 Pythonem,
1558 4820 1716 4879 atque
1764 4812 1909 4865 exire
1931 4813 2107 4881 jussit.
2148 4814 2215 4867 Et

634 4916 811 4959 tamen
835 4903 960 4975 quid
991 4903 1112 4956 mali
1140 4902 1384 4967 dicebant
1415 4918 1427 4953 :
1462 4900 1556 4953 Isti
1597 4902 1822 4955 homines
1860 4905 1987 4956 servi
2019 4903 2114 4958 Dei
2138 4906 2217 4957 al-

634 4998 811 5051 tissimi
840 4994 995 5048 sunt?
1034 4992 1138 5047 Sed
1173 4992 1423 5060 quoniam
1455 4992 1691 5061 plerique
1726 4993 2078 5061 simpliciores
2106 5010 2211 5049 non

635 5095 830 5141 norunt
855 5099 1064 5153 semper
1089 5083 1383 5152 dijudicare
1412 5088 1529 5151 quae
1550 5098 1578 5135 a
1596 5082 1925 5138 dmmonibtts
1945 5084 2210 5149 dicuntur,

637 5179 802 5232 scinel
832 5176 1235 5240 eos_exclusit.a
1264 5175 1384 5229 ﬁde.
1434 5175 1514 5228 Ex
1564 5175 1835 5230 infantium
1881 5194 2101 5231 numero
2128 5172 2209 5243 es,

638 5272 827 5339 inquit,
858 5284 961 5322 non
992 5277 1073 5321 est
1102 5268 1247 5321 tuum
1276 5267 1441 5321 libere
1469 5268 1609 5337 loqui
1635 5309 1649 5332 ,
1680 5276 1794 5322 tace
1819 5312 1833 5334 ,
1862 5270 2168 5323 obmutesce
2200 5290 2211 5325 :

640 5378 743 5416 non
775 5371 856 5416 est
883 5371 1027 5414 tuum
1058 5359 1348 5428 praedicare
1370 5401 1382 5423 ,
1414 5362 1771 5428 apostolorum
1801 5364 1898 5416 ista
1926 5374 2007 5417 est
2030 5376 2214 5420 aucto-

645 5458 796 5509 ritas.
843 5456 977 5521 Quid
1007 5468 1230 5521 usurpas
1258 5454 1397 5521 quod
1434 5462 1578 5507 tuum
1608 5470 1712 5507 non
1748 5455 1864 5509 est?
1906 5455 2048 5523 Sile,
2085 5458 2216 5512 inl'a-

633 5549 742 5602 mis
768 5563 844 5600 es.
874 5548 962 5600 Sic
985 5556 1038 5600 et
1065 5545 1309 5598 Christus
1334 5544 1572 5599 dicentes
1606 5547 1701 5614 ipsi
1730 5547 2020 5612 daemones,
2052 5550 2213 5603 Novi-

641 5655 747 5691 mus
772 5648 815 5689 te
839 5638 923 5705 qui
947 5639 1033 5701 sis,
1066 5636 1354 5703 increpavit
1377 5636 1536 5689 multa
1561 5650 1678 5690 cum
1712 5638 1997 5691 acrimonia
2023 5638 2210 5709 (Marc.

644 5735 691 5785 1.
725 5732 823 5795 24,
851 5741 895 5783 et
922 5730 1041 5782 Luc.
1064 5730 1117 5783 4.
1142 5729 1233 5797 34)
1262 5747 1274 5781 :
1304 5729 1454 5784 nobis
1506 5730 1675 5799 lt-gem
1719 5733 2065 5799 prmscribcns
2084 5777 2097 5798 ,
2150 5752 2214 5790 ne

638 5838 743 5888 quo
778 5834 933 5893 pacto
957 5823 1184 5877 dmmoni
1214 5821 1435 5876 ﬁdamus
1459 5863 1473 5889 ,
1516 5824 1727 5879 etiamsi
1756 5825 1846 5879 tibi
1876 5826 2070 5895 aliquid
2102 5831 2210 5883 veri

1418 405 1457 462 S
1512 403 1789 460 JOANNIS
1826 397 2296 458 CIIRYSOSTOMI
2340 396 2653 452 ARClllEP.
2696 396 3231 454 CONSTANTINOP.

3825 396 3921 455 9M

2344 514 2556 569 dixerit.
2591 514 2685 570 His
2706 516 2865 585 igitur
2890 517 3134 586 cognitis,
3166 532 3232 573 ne
3261 531 3485 588 prorsus
3503 527 3797 583 credamus
3816 526 3924 581 the-

2338 604 2480 658 moni
2513 622 2526 659 :
2557 605 2665 659 imo
2686 608 2843 661 etiam
2866 608 2909 661 si
2931 606 3059 677 quid
3076 608 3188 663 veri
3216 608 3485 679 loquatur,
3514 608 3786 682 fugiamus
3806 626 3923 664 etim

2334 703 2390 749 et
2416 709 2738 752 aversemur.
2791 697 2923 752 Nam
2951 714 3081 755 sana
3122 700 3370 771 dogmata
3407 702 3792 772 salutiferaque
3823 719 3921 756 nou

2332 802 2363 839 a
2393 787 2727 843 daemonibus
2750 831 2765 856 ,
2808 789 2903 845 sed
2942 805 3010 845 ex
3056 791 3234 847 divina
3257 792 3538 864 Scriptura
3569 794 3700 850 licet
3740 807 3923 849 exacte

2332 877 2561 934 discere.
2618 879 2689 935 Ut
2729 881 2889 951 igitur
2915 885 3251 952 cognoscatis
3295 899 3404 940 non
3451 899 3613 955 posse
3657 885 3815 963 fieri,
3870 900 3921 939 υ.

2334 968 2514 1023 anima
2540 984 2768 1041 corpore
2794 986 3011 1043 egressa
3038 975 3214 1029 veniat
3237 975 3338 1031 sub
3359 977 3696 1048 tyrannidem
3720 978 3921 1033 damo—

2333 1075 2493 1128 num,
2532 1062 2655 1116 audi
2683 1062 2812 1132 quid
2852 1063 2981 1119 dicit
3018 1065 3214 1121 Paulus
3248 1066 3392 1134 :Qui
3416 1068 3806 1147 enim‘mortuus
3827 1081 3919 1131 est,

2320 1146 2632 1223 justiﬁeatus
2656 1164 2732 1209 est
2753 1172 2787 1209 a
2806 1166 3013 1227 peccato,
3035 1155 3211 1231 (Rom.
3238 1158 3291 1215 6.
3324 1160 3404 1228 7),
3433 1160 3537 1214 hoc
3554 1146 3645 1216 est
3674 1177 3781 1216 non
3807 1176 3917 1215 am-

2328 1243 2467 1313 plius
2502 1254 2705 1314 peccat.
2752 1246 2884 1301 Nam
2913 1247 2959 1302 si
2988 1248 3179 1304 animae
3204 1249 3257 1303 in
3288 1264 3513 1321 corpore
3541 1253 3782 1307 manenti
3806 1253 3917 1307 dia-

2327 1333 2485 1388 bolus
2517 1350 2627 1390 non
2654 1345 2830 1407 potest
2855 1336 3056 1394 inferre
3086 1340 3189 1394 vim
3214 1382 3231 1407 ,
3270 1343 3609 1411 perspicuum
3648 1352 3735 1400 est
3772 1346 3916 1415 quod

2327 1438 2427 1479 nec
2455 1440 2704 1496 egressae.
2736 1428 3017 1497 Quomodo
3046 1431 3226 1499 igitur,
3252 1431 3444 1501 inquis,
3470 1443 3715 1502 peccant,
3746 1437 3791 1489 si
3811 1436 3912 1489 vim

2327 1532 2432 1571 non
2463 1518 2768 1586 patiuntur?
2792 1519 3047 1577 Volentes
3076 1530 3373 1594 sponteque
3398 1539 3461 1580 ac
3486 1529 3694 1595 seipsas
3723 1528 3912 1597 injuria

2324 1608 2620 1667 atﬁcientes
2672 1620 2931 1681 peccant,
2983 1628 3092 1669 non
3148 1624 3351 1671 coacta:
3399 1632 3579 1688 neque
3631 1621 3914 1690 tyrannide

2323 1715 2593 1770 oppressa:
2622 1719 2639 1758 :
2664 1703 2823 1775 idque
2847 1704 3119 1761 declarant
3146 1721 3334 1763 omnes
3360 1749 3375 1773 ,
3408 1710 3497 1779 qui
3523 1722 3911 1780 superaverunt

2323 1791 2463 1847 illius
2493 1793 2941 1850 machinamenta.
2971 1796 3145 1852 Veluti
3171 1797 3385 1854 butum
3412 1799 3514 1856 Job
3537 1844 3553 1867 ,
3581 1817 3706 1856 cum
3734 1807 3908 1858 omnia

2324 1884 2661 1951 miscuisset,
2696 1900 2804 1941 non
2832 1888 3003 1957 potuit
3028 1896 3203 1945 tamen
3229 1892 3581 1960 persuadere,
3605 1904 3666 1949 ut
3698 1896 3910 1967 aliquod

2321 1974 2538 2029 verbum
2560 1975 2931 2047 blasphemum
2956 1980 3221 2049 proferret
3246 1981 3370 2053 (Iob
3394 1983 3448 2037 2.
3477 1984 3532 2039 9.
3563 1985 3681 2055 10).

2388 2063 2625 2119 Liberum
2658 2067 2942 2123 arbitrium.
2968 2101 3041 2111 —
3067 2071 3219 2128 Unde
3246 2077 3583 2144 perspicuum
3618 2089 3701 2133 est
3730 2081 3783 2133 in
3815 2097 3906 2134 no-

2318 2154 2400 2210 bis
2426 2156 2586 2210 situm
2610 2171 2750 2223 esse,
2780 2169 2841 2213 ut
2866 2159 2949 2215 vel
2972 2162 3422 2233 obtemperemus,
3454 2166 3539 2221 vel
3568 2183 3675 2223 non
3704 2169 3906 2224 obtem-

2318 2260 2567 2315 peremus
2597 2248 2738 2304 illius
2762 2251 3002 2306 consiliis
3022 2293 3038 2320 ,
3082 2268 3183 2308 nee
3206 2269 3303 2311 nos
3324 2256 3482 2312 ullam
3514 2261 3903 2325 necessitatem,

2318 2352 2491 2408 neque
2517 2341 2853 2411 tyrannidem
2884 2343 2992 2413 pati
3018 2345 3087 2400 ab
3113 2346 3227 2401 illo.
3256 2347 3371 2403 Non
3400 2351 3570 2404 solum
3601 2367 3665 2406 ex
3695 2354 3761 2408 iis
3787 2370 3903 2423 qua:

2316 2429 2454 2485 dicta
2482 2441 2623 2499 sunt,
2654 2448 2837 2487 verum
2870 2435 3029 2490 etiam
3052 2452 3115 2490 ex
3140 2436 3239 2493 hac
3269 2440 3519 2508 parabola
3549 2442 3738 2512 liquet,
3768 2445 3904 2513 quod

2316 2520 2509 2575 animae
2534 2537 2726 2593 corpus
2751 2539 3020 2593 egressar,
3062 2542 3167 2583 non
3210 2530 3295 2585 hic
3338 2543 3771 2600 commorantur,
3815 2538 3904 2590 sed

2318 2614 2557 2680 protinus
2578 2612 2931 2670 abducuntur.
2963 2618 3026 2671 Et
3046 2620 3333 2688 quomodo,
3354 2621 3495 2675 audi.
3517 2624 3714 2677 Accidit
3740 2626 3901 2688 enim,

2317 2703 2516 2773 inquit,
2553 2712 2607 2756 ut
2652 2717 2961 2770 moreretur,
2996 2724 3054 2759 ac
3076 2708 3403 2764 deduceretur
3435 2712 3497 2765 ab
3530 2715 3725 2784 angelis
3754 2714 3902 2785 (an.

2318 2793 2403 2847 16.
2432 2794 2546 2863 ‘22).
2596 2794 2714 2851 Non
2756 2798 2925 2851 solum
2953 2808 3128 2853 autem
3168 2799 3434 2869 justorum
3470 2804 3663 2858 anima:
3685 2848 3703 2873 ,
3735 2807 3829 2861 sed
3855 2819 3906 2861 ct

2314 2900 2499 2941 eorum
2527 2889 2615 2958 qui
2647 2888 2787 2943 male
2816 2890 3079 2958 vixerunt,
3112 2892 3235 2947 illuc
3266 2892 3603 2949 deducuntur
3627 2913 3640 2949 :
3669 2906 3832 2967 atque
3856 2900 3904 2951 id

2314 2994 2523 3034 rursum
2555 2996 2623 3035 ex
2647 2982 2749 3037 alio
2778 2982 2941 3037 divite
2970 2985 3305 3053 perSpicuum
3329 2996 3431 3041 est.
3456 2988 3747 3059 Postquam
3764 2994 3905 3044 enim

2314 3070 2530 3125 uberem
2552 3081 2867 3139 proventum
2897 3073 3269 3142 produxissent
3288 3078 3400 3145 agri
3434 3078 3620 3146 ipsius,
3650 3079 3779 3133 dicit
3805 3082 3903 3134 sibi

2315 3160 2415 3228 ipsi
2449 3178 2462 3214 :
2500 3160 2635 3227 Quid
2669 3164 2854 3232 faciam
2886 3178 2906 3217 :
2934 3164 3181 3219 demoliar
3209 3167 3390 3221 horrea
3425 3185 3535 3221 mea
3556 3211 3572 3234 ,
3612 3187 3675 3223 ac
3704 3174 3906 3243 majora

2313 3252 2576 3321 (edi/icabo
2604 3252 2715 3323 (Id.
2742 3254 2829 3307 12.
2879 3254 3013 3325 i8)?
3064 3256 3202 3309 Nihil
3248 3257 3347 3313 hac
3386 3268 3566 3314 mente
3614 3260 3903 3316 infelicius.

2314 3342 2452 3396 Vere
2490 3343 2776 3398 demolitus
2819 3354 2901 3399 est
2940 3360 3035 3400 sua
3080 3347 3246 3415 ipsius
3284 3347 3476 3404 horrea
3506 3368 3518 3403 :
3548 3366 3671 3405 nam
3713 3350 3905 3406 horrea

2314 3446 2432 3503 quas
2460 3434 2756 3503 deprtedari
2783 3451 2887 3488 non
2911 3446 3134 3506 possunt
3156 3452 3262 3492 non
3290 3448 3414 3495 sunt
3450 3442 3607 3506 muri,
3638 3442 3734 3495 sed
3779 3458 3905 3511 pau-

2300 3545 2499 3598 perum
2527 3538 2759 3595 ventres,
2784 3529 2976 3598 quibus
3005 3530 3100 3584 illo
3122 3530 3375 3600 neglectis
3397 3532 3659 3587 sollicitus
3690 3544 3806 3587 erat
3836 3536 3907 3589 de

2314 3621 2625 3691 parietibus.
2678 3622 2815 3688 Quid
2858 3624 3016 3692 igitur
3053 3622 3179 3677 dicit
3227 3624 3302 3677 illi
3351 3624 3529 3679 Deus?
3575 3625 3782 3691 Stulte,
3811 3628 3909 3680 hac

2313 3723 2457 3765 nocte
2474 3724 2696 3785 repetent
2728 3714 2951 3767 animam
2977 3700 3113 3767 tuam
3147 3715 3234 3768 abs
3260 3725 3305 3768 te
3345 3714 3451 3785 (Ib.
3474 3732 3521 3769 υ.
3554 3716 3670 3789 ΞΟ).
3699 3718 3797 3771 Hic
3822 3720 3908 3772 in-

2314 3804 2426 3880 quit
2448 3803 2731 3858 deductum
2758 3805 2920 3859 fuisse
2942 3806 3007 3859 ab
3028 3806 3251 3876 angelis,
3282 3807 3390 3860 illic
3417 3817 3593 3863 autem
3623 3818 3867 3878 repetunt
3890 3828 3905 3861 :

2313 3906 2367 3950 et
2392 3897 2761 3965 huncquidem
2778 3913 2875 3951 ceu
2898 3898 3128 3951 vinctum
3161 3898 3479 3961 educebant,
3516 3901 3665 3953 illum
3695 3917 3824 3954 vero
3850 3912 3908 3954 ut

2314 3999 2564 4039 coronam
2583 3994 2877 4054 gestantem
2901 3988 3184 4055 stipabant.
3207 3989 3270 4041 Et
3291 3988 3739 4057 quemadmodum
3757 4006 3903 4053 eum,

2314 4079 2401 4147 qui
2434 4080 2579 4147 prius
2606 4079 2656 4132 in
2697 4079 2869 4133 stadio
2910 4081 3073 4133 multa
3123 4080 3339 4135 vulnera
3384 4083 3631 4150 accepit,
3684 4098 3747 4136 ac
3777 4099 3905 4138 san-

2314 4170 2471 4238 guine
2492 4184 2811 4238 conspersus
2838 4179 2938 4234 est,
2968 4181 3085 4238 post
3106 4185 3303 4226 corona
3332 4174 3493 4241 capiti
3519 4173 3721 4241 addita,
3749 4176 3783 4229 ii
3814 4178 3905 4245 qui

2315 4273 2437 4315 ante
2475 4262 2701 4315 stadium
2742 4270 2921 4329 stant,
2953 4274 3256 4332 susceptum
3285 4265 3445 4318 multa
3472 4280 3592 4319 cum
3624 4266 3781 4322 laude
3809 4268 3907 4322 do-

2316 4370 2459 4408 mum
2481 4354 2769 4420 deducunt,
2798 4356 3196 4425 applaudentes,
3226 4357 3359 4411 bene
3380 4358 3703 4425 ominantes,
3736 4360 3907 4414 admi.

2316 4458 2513 4510 rantes,
2544 4448 2619 4503 sic
2648 4458 2701 4502 et
2728 4450 2897 4517 angeli
2928 4447 3189 4502 Lazarum
3217 4458 3325 4502 tum
3354 4448 3727 4515 deducebant,
3762 4450 3907 4505 illius

2316 4556 2445 4594 vero
2466 4541 2694 4593 animam
2722 4541 3031 4609 repetebant
3061 4538 3358 4594 metuendae
3385 4539 3630 4609 qumdam
3655 4542 3900 4599 virtutes.

2318 4632 2555 4686 fortassis
2580 4632 2644 4684 ad
2672 4632 2771 4687 hoc
2790 4632 2967 4687 missa:
2999 4650 3013 4687 :
3037 4647 3208 4701 neque
3233 4632 3375 4687 enim
3406 4648 3498 4685 sua
3515 4644 3708 4701 sponte
3725 4636 3903 4689 anima

2318 4724 2380 4777 ad
2426 4723 2568 4776 illam
2610 4724 2811 4778 secedit
2850 4724 3007 4777 vitam
3033 4763 3049 4789 ,
3088 4733 3366 4793 pr0pterea
3393 4724 3535 4792 quod
3569 4724 3672 4779 hoc
3697 4741 3765 4780 ne
3792 4726 3903 4779 ficri

2317 4816 2527 4885 quidem
2576 4818 2755 4885 possit.
2810 4816 2951 4869 Nam
2985 4817 3029 4869 si
3073 4815 3337 4869 civitatem
3382 4816 3596 4871 ctvitate
3638 4828 3906 4874 mutantes

2318 4922 2536 4976 egemus
2574 4906 2948 4960 deductoribus
2973 4946 2987 4969 ,
3035 4907 3204 4960 multo
3247 4907 3414 4974 magis
3456 4908 3631 4960 anima
3674 4923 3703 4961 a
3745 4924 3908 4965 carne

2318 5000 2553 5065 divulsa,
2596 5009 2649 5053 et
2684 4999 2747 5052 ad
2778 4998 3006 5052 futuram
3036 4998 3299 5053 transiens
3331 4999 3491 5052 vitam
3523 5015 3661 5069 opus
3691 5000 3905 5056 habet-Et

2319 5094 2417 5146 via:
2453 5093 2693 5147 ducibus.
2744 5091 3075 5158 Quapropter
3119 5089 3426 5157 frequenter
3474 5106 3617 5165 nunc
3658 5096 3904 5163 emergit,

2319 5199 2459 5238 nunc
2486 5185 2535 5236 in
2566 5182 2882 5253 profundum
2910 5182 3232 5249 demergitur
3254 5220 3270 5247 ,
3300 5180 3591 5250 metuitque
3630 5194 3686 5236 et
3728 5185 3902 5237 horret

2320 5291 2437 5329 eum
2469 5285 2601 5330 csta
2628 5289 2786 5327 carne
2824 5274 3143 5327 discessura.
3202 5272 3335 5326 Nam
3381 5288 3505 5326 cum
3555 5289 3772 5341 semper
3814 5294 3903 5329 nus

2320 5368 2554 5422 stimulat
2582 5379 2915 5436 peccatorum
2942 5366 3299 5431 conscientia,
3348 5374 3457 5418 tum
3506 5381 3635 5419 vero
3678 5370 3907 5421 ηιηςίυιιο

2322 5461 2408 5514 illa
2438 5459 2588 5523 hora,
2618 5474 2735 5511 cum
2768 5458 2891 5511 hinc
2915 5471 3097 5511 sumus
3122 5456 3416 5510 abducendi
3443 5457 3509 5508 ad
3542 5456 3629 5510 illa
3665 5461 3843 5511 tribuu
3881 5490 3903 5499 -

2322 5555 2422 5619 lia,
2470 5552 2915 5620 metuendumque
2958 5550 3213 5619 judicium
3250 5567 3261 5602 :
3294 5558 3404 5603 tum
3451 5551 3594 5603 enim
3636 5552 3755 5605 sive
3792 5556 3908 5621 quis

2324 5645 2531 5712 rapuit,
2579 5643 2692 5696 sive
2724 5642 2987 5695 fraudavit
3010 5684 3023 5703 .
3064 5641 3176 5695 sive
3204 5641 3521 5695 contumelia
3551 5641 3766 5707 affecit,
3796 5644 3907 5697 sire

2322 5736 2564 5805 cuiquam
2583 5745 2775 5805 praster
2795 5750 3008 5789 causam
3029 5733 3273 5787 inimicus
3300 5731 3469 5787 factus
3489 5742 3591 5801 est,
3619 5733 3737 5789 sive
3766 5735 3907 5790 aliud

2322 5828 2691 5898 quodcumque
2714 5826 2915 5881 facinus
2940 5822 3260 5895 perpetravit
3294 5840 3307 5878 :
3339 5824 3619 5877 universus
3649 5821 3762 5879 illic
3787 5841 3903 5895 pee-
