4142 6332
623 404 728 459 985
1298 410 1354 464 s.
1393 409 1677 464 .IOANNIS
1713 407 2197 464 cumsomom
2239 407 2562 462 ARCIIIEP.
2599 406 3156 462 CONSTANTINOP.
3801 393 3900 446 936

623 511 857 576 ῐσταται,
885 511 979 566 καὶ
1013 511 1112 583 τὴν
1140 512 1379 566 διάνοιαν
1406 514 1603 566 κεντεῖ.
1635 511 1744 566 Καὶ
1769 510 2022 583 καθάπερ
2054 511 2103 564 οἱ
2141 509 2202 562 τὺ

620 595 992 667 δεσμωτήριον
1022 595 1317 660 οἰκοῦντες,
1341 595 1430 649 ἀεὶ
1457 595 1558 665 μὲν
1585 597 1644 648 ἐν
1674 595 1951 667 κατηφείᾳ
1976 595 2071 648 καὶ
2095 592 2210 647 ὀδύ-

621 693 738 739 ναις
773 679 898 740 είσὶ,
924 679 1160 748 μάλιστα
1186 677 1242 731 δὲ
1274 677 1415 732 κατὰ
1446 677 1545 748 τὴν
1574 677 1784 750 ἡμέραν
1810 677 2053 747 ἐκείνην,
2084 675 2206 728 καθ’

621 760 690 829 ἢν
725 760 790 813 ἂν
828 758 1092 830 μέλλωσιν
1120 761 1432 829 ἐξάγεσθαι,
1460 761 1556 815 καὶ
1603 763 1732 832 παρ’
1759 759 1929 824 αὑτάς
1967 760 2066 823 τάς
2112 758 2207 812 τοῦ

622 843 934 906 δικάζοντος
979 844 1208 912 ἄγεσθαι
1261 843 1451 914 θύρας,
1483 845 1577 896 καί⁷
1624 844 1731 915 πρὸ
1776 843 1884 897 τῶν
1919 842 2210 912 κιγκλίδων

621 926 878 991 ἑστῶτες,
901 929 993 982 καὶ
1016 929 1113 997 τῆς
1137 927 1228 980 τοῦ
1253 927 1533 999 κρίνοντος
1556 927 1740 996 φωνῆς
1761 926 1972 980 ἔνδοθεν
1991 925 2210 980 ἀκούον-

619 1026 731 1071 τες,
776 1011 1188 1081 ἀποπήγνυνται
1214 1010 1292 1080 τῷ
1332 1010 1496 1081 φόϐῳ,
1531 1011 1622 1062 καὶ
1669 1009 1777 1062 τῶν
1809 1009 2018 1081 νεκρῶν
2057 1009 2209 1062 οὐδὲν

621 1092 843 1162 ἄμεινον
891 1094 1228 1147 διάκεινται·
1272 1092 1415 1147 οὑτω
1459 1094 1552 1145 καὶ
1601 1094 1634 1164 ή
1669 1093 1812 1164 ψυχὴ
1843 1093 2076 1162 μάλιστα
2113 1095 2209 1164 μὲν

624 1177 718 1229 καλ⁸
761 1179 816 1230 ἐν
862 1175 1011 1247 αὐτῷ
1052 1177 1131 1248 τῷ
1179 1177 1356 1249 καιρῷ
1402 1176 1502 1246 τῆς
1538 1175 1810 1247 ἁμαρτίας
1839 1177 2090 1230 ὸδυνᾶται
2115 1177 2210 1230 καὶ

625 1263 1060 1331 στενοχωρεῖται,
1091 1261 1272 1332 πολλῷ
1317 1262 1374 1314 δὲ
1415 1260 1578 1315 πλέον
1623 1263 1752 1316 ὅταν
1784 1261 2032 1317 ἐντεῦθεν
2075 1263 2210 1314 ἀπο-

623 1346 927 1397 σπασθεῖσα
958 1345 1266 1412 ἀπάγεσθαι
1306 1345 1494 1420 μέλλῃ.

693 1425 844 1497 [750]
886 1427 954 1496 γ’.
987 1427 1184 1496 Σιγᾶτε
1232 1427 1406 1482 ταῦτα
1451 1427 1776 1492 άκούοντες;
1831 1427 2035 1497 Πολλὴν
2080 1430 2208 1500 ὑμῖν

621 1507 730 1576 ἔχω
769 1511 930 1582 χάριν
955 1510 1054 1580 τῆς
1089 1511 1249 1581 σιγῆς
1285 1511 1486 1581 ταύτης
1514 1511 1733 1582 μᾶλλον,
1760 1509 1792 1580 ἢ
1825 1511 1932 1564 τῶν
1960 1511 2168 1582 κρότων
2191 1528 2204 1543 ·
2249 1555 2252 1559 .

621 1595 670 1645 οἰ
705 1593 802 1662 μὲν
847 1593 956 1665 γάρ
993 1595 1176 1666 κρότοι
1217 1596 1311 1647 καὶ
1345 1596 1394 1646 οί
1428 1595 1639 1648 ἔπαινοι
1685 1592 2061 1665 λαμπρότερον
2110 1595 2209 1665 ἐμὲ

621 1675 887 1735 ποιοῦσιν.
927 1678 960 1747 ὴ
993 1676 1119 1746 σιγὴ
1151 1674 1208 1729 δὲ
1240 1676 1377 1746 αῦτη
1431 1678 1911 1748 σωφρονεστέρους
1941 1679 2084 1748 ὑμᾶς
2120 1682 2210 1748 ἐρ-

621 1759 869 1827 γάζεται.
902 1756 1032 1814 Οἶδα
1061 1762 1140 1813 ὅτι
1164 1760 1324 1812 λυπεῖ
1350 1760 1418 1813 τά
1441 1760 1730 1830 λεγόμενα,
1758 1760 1892 1814 ἀλλὰ
1921 1762 2057 1813 πολὺ
2083 1761 2206 1832 κέρ-

621 1843 708 1906 δος
743 1842 854 1912 ἔχει
880 1843 972 1896 καὶ
999 1844 1224 1912 ἄφατον.
1244 1845 1302 1898 '0
1333 1844 1588 1908 πλούσιος
1619 1847 1846 1909 ἐκεῖνος,
1873 1844 1927 1897 εί
1951 1861 2071 1898 τινα
2096 1841 2208 1916 εἷχε

621 1927 844 1980 τοιαῦτα
886 1927 1033 1998 αὐτῷ
1067 1926 1458 1998 παραινοῦντα,
1501 1927 1636 1980 ἀλλά
1687 1929 1763 1998 μὴ
1803 1927 2042 1991 κόλακας
2085 1929 2210 1990 τοὺς

623 2011 759 2080 πρὸς
792 2011 951 2081 χάριν
973 2010 1191 2065 ἅπαντα
1226 2010 1714 2080 συμϐουλεύοντας,
1749 2011 1843 2063 καὶ
1883 2012 1962 2074 εἰς
1998 2011 2209 2082 τρυφὴν

622 2093 901 2157 ἕλκοντας.
929 2094 1027 2147 οὑκ
1054 2095 1120 2148 ἂν
1149 2095 1229 2157 είς
1270 2094 1367 2165 τὴν
1398 2095 1618 2162 γέενναν
1649 2089 1814 2164 ἦλθεν
1848 2094 2083 2166 ἐκείνην,
2110 2097 2210 2147 οὑκ

622 2177 690 2229 ἂν
736 2177 835 2240 τὰς
885 2177 1152 2246 βασάνους
1185 2177 1447 2247 ὑπέμεινε
1493 2177 1592 2239 τάς
1645 2178 1972 2248 ἀφορήτους,
2008 2178 2106 2231 οὑκ
2145 2178 2209 2230 ἂν

622 2260 1018 2331 ἀπαρηγόρητα
1046 2260 1184 2330 μετά
1207 2261 1382 2312 ταῦτα
1411 2260 1735 2330 μετενόησεν
1756 2276 1768 2290 ο
1796 2260 1912 2313 ἀλλ’
1934 2262 2123 2332 ἐπειδὴ
2143 2261 2211 2315 τὰ

623 2342 759 2413 πρὸς
782 2344 940 2413 χάριν
976 2343 1215 2404 ἅπαντες
1243 2342 1565 2412 διελέγοντο,
1598 2342 1920 2412 παρέδωκαν
1950 2343 2110 2395 αὑτὸν
2135 2344 2210 2412 τῷ

623 2428 777 2497 πυρί.
809 2425 936 2481 Εἴθε
959 2424 1027 2499 ῆν
1051 2428 1137 2480 ἀεὶ
1160 2429 1253 2480 καὶ
1273 2427 1538 2498 διηνεκῶς
1561 2425 1732 2479 ταῦτα
1766 2425 2094 2494 φιλοσοφεῖν,
2121 2427 2212 2479 καὶ

624 2511 754 2580 περὶ
788 2512 1013 2583 γεέννης
1049 2511 1405 2580 φθέγγεσθαι.
1427 2512 1527 2564 Ἐν
1560 2509 1710 2564 πᾶσι
1742 2511 1870 2581 γάρ,
1901 2512 2057 2579 φησὶ,
2088 2510 2212 2576 τοῖς

623 2596 829 2663 λόγοις
863 2609 980 2649 σου
1017 2595 1368 2664 μιμνήσκου
1423 2594 1493 2647 τὰ
1541 2592 1774 2659 ἐσχατὰ
1805 2608 1946 2657 σου,
1975 2594 2073 2646 καὶ
2128 2595 2212 2658 εἰς

624 2680 732 2733 τὸν
765 2678 951 2732 αἰῶνα
977 2683 1047 2733 οὐ
1079 2679 1166 2747 μὴ
1196 2678 1486 2747 ἁμάρτῃς.
1527 2678 1640 2730 Καὶ
1676 2678 1836 2731 πάλιν
1857 2693 1871 2708 ·
1916 2677 2214 2747 Ἑτοίμαζε

624 2765 712 2829 εἰς
750 2763 865 2830 τὴν
904 2762 1120 2827 ἔξοδον
1158 2762 1228 2814 τὰ
1258 2763 1401 2832 ἔργα
1446 2776 1586 2824 σου,
1627 2761 1724 2813 καί
1757 2761 2212 2828 παρασκευάζου

627 2847 778 2914 πρὸς
810 2847 926 2914 τὴν
959 2847 1161 2901 ὀδόνι.
1185 2847 1276 2899 El"
1299 2862 1446 2909 τινος
1474 2844 1729 2914 ἥρπασάς
1771 2861 1845 2910 τι,
1875 2844 2091 2908 ἀπόδος,
2122 2845 2214 2897 καὶ

626 2931 746 2982 εἰπὲ
795 2929 934 2984 κατὰ
977 2930 1067 2983 τὸν
1120 2930 1415 3000 Ζακχαῖονο
1463 2928 1676 2996 Δίδωμι
1732 2928 2216 2994 τετραπλασίονα

625 3012 700 3065 τὰ
735 3003 1075 3082 ἁρπαγέντα
1097 3029 1109 3042 ο
1143 3013 1195 3065 εἴ
1222 3012 1364 3075 τινός
1397 3029 1450 3065 τι
1481 3011 1948 3080 ἐσυκοφάντησας,
1984 3011 2038 3062 εί
2071 3028 2215 3072 τινος

625 3096 857 3164 γέγονας
887 3095 1101 3167 ἐχθρὸς,
1133 3093 1506 3165 καταλλάγηθι
1541 3095 1648 3165 πρὸ
1694 3093 1788 3146 τοῦ
1835 3093 2209 3164 δικαστηρίου.

629 3178 814 3232 Πάντα
866 3177 1099 3234 ἐνταῦθα
1147 3177 1419 3245 διάλυσαι,
1451 3178 1537 3231 ἵνα
1572 3174 1742 3248 χωρ>ς
1772 3177 2113 3248 πραγμάτων
2157 3177 2216 3229 τὸ

630 3261 782 3334 βῆμα
812 3262 928 3337 ῖδῃς
940 3295 945 3299 -
957 3265 1150 3318 ἐκεῖνο.

702 3348 850 3410 Ἕως
879 3347 944 3400 ἂν
977 3346 1211 3400 ἐνταῦθα
1235 3341 1406 3417 ὦμεν,
1445 3345 1668 3408 ἐλπίδας
1701 3344 1895 3415 ἔχομεν
1922 3343 2211 3416 χρηστάς·

629 3431 849 3488 ἐπειδάν
882 3431 936 3484 δὲ
979 3430 1303 3501 ἀπέλθωμεν
1337 3433 1472 3495 ἐκεῖ,
1508 3430 1687 3501 κύριοι
1715 3429 1899 3482 λοιπὸν
1929 3428 2217 3499 μετανοίας

630 3517 732 3570 οὑκ
762 3517 950 3587 ἐσμὲν,
977 3516 1097 3569 οὑδὲ
1134 3515 1228 3567 τοῦ
1275 3515 1344 3567 τὰ
1391 3513 1757 3585 ἡμαρτημένα
1788 3514 1922 3584 ἡμῖν
1947 3511 2216 3582 ἀπονίψα-

633 3603 780 3656 σθαι.
813 3601 903 3653 Διὸ
948 3599 1056 3671 χρὴ
1104 3597 1624 3670 παρασκευάζεσθαι
1657 3597 1898 3668 συνεχῶς
1940 3596 2076 3668 πρὸς
2117 3597 2217 3666 τὴν

633 3685 843 3740 ἐνθένδε
871 3683 1069 3749 ἔξοδον.
1099 3683 1164 3736 Τί
1198 3681 1306 3753 γάρ
1333 3681 1426 3734 ἐὰν
1448 3683 1688 3752 ἑσπέρας
1717 3681 1843 3752 δόξῃ
1871 3679 1946 3751 τῷ
1971 3681 2219 3754 Δεσπότῃ

633 3769 858 3823 καλέσαι
907 3768 1094 3838 mag;
1145 3766 1196 3819 τί
1244 3766 1301 3818 δὲ
1335 3765 1429 3818 ἐὰν
1465 3763 1693 3835 αὑριον;
1725 3763 1953 3834 Ἀδηλον
2001 3762 2109 3836 γάρ
2157 3764 2218 3816 τὸ

637 3851 853 3921 μέλλον,
889 3850 975 3903 ἵνα
1005 3848 1289 3918 ἐναγώνιοι
1322 3847 1587 3918 διηνεκῶς
1613 3840 1786 3918 ὦμεν,
1828 3847 1920 3899 καὶ
1952 3847 2087 3917 πρὸς
2120 3845 2219 3918 τὴν

632 3933 942 4005 ἀποδημίαν
977 3933 1262 4005 εὐτρεπεῖς
1303 3931 1539 4002 ἐκείνην,
1572 3931 1824 4002 καθάπερ
1867 3927 1960 3984 οὖν
2008 3927 2163 3992 οὗτος
2191 3931 2220 3984 6

635 4021 884 4091 Λάζαρος
912 4017 1202 4080 διαπαντὸς
1233 4013 1301 4089 ῆν
1329 4019 1387 4070 ἐν
1412 4016 1658 4086 ὑπομονῇ
1685 4015 1781 4068 καὶ
1815 4015 2108 4087 καρτερία’
2140 4015 2219 4068 διὸ

635 4105 730 4157 καὶ
781 4102 920 4174 μετὰ
968 4101 1238 4171 τοσαύτης
1266 4101 1514 4171 ἀπήγετο
1537 4097 1725 4169 τιμῆς.
1745 4099 2010 4152 Ἀπέθανε
2043 4099 2098 4153 δὲ
2128 4100 2222 4152 καὶ

634 4191 662 4252 ῤ
690 4187 961 4249 πλούσιος,
1003 4184 1096 4238 καὶ
1125 4184 1319 4254 ἐτάφη,
1357 4181 1606 4253 καθάπερ
1643 4182 1700 4234 ἐν
1735 4183 1976 4252 μνήματι
2005 4182 2084 4252 τῷ
2115 4181 2223 4235 σώ-

639 4257 768 4338 ματι
815 4268 917 4338 τῆς
957 4267 1134 4338 ψυχῆς
1178 4265 1344 4320 αὑτοῦ
1378 4264 1898 4336 κατορωρυγμένης,
1928 4267 2022 4319 καὶ
2048 4266 2222 4333 τάφον

638 4350 1040 4423 περιφερούσης
1072 4350 1170 4422 τὴν
1199 4350 1616 4422 σάρκα.Ὢσπερ
1644 4349 1753 4420 γὰρ
1786 4347 1974 4403 ἁλύσει
2004 4350 2129 4414 τινὶ,
2155 4352 2220 4422 τῇ

641 4437 778 4508 μέθη
837 4434 932 4489 καὶ
995 4437 1060 4505 τῇ
1122 4433 1537 4504 γαστριμαργίᾳ
1591 4433 2001 4504 πεπεδημένος,
2049 4432 2221 4498 οὕτως

637 4524 918 4592 ἄπρακτον
970 4517 1139 4588 αὑτὴν
1183 4517 1275 4569 καὶ
1317 4516 1517 4587 νεκρὰν
1555 4516 1869 4588 εἰργάσατο.
1897 4518 1990 4587 Μὴ
2037 4517 2222 4580 ἁπλῶς

639 4603 1025 4675 παραδράμῃς,
1058 4600 1334 4681 ἀγαπῃτὲ,
1367 4601 1447 4664 τὸ,
1479 4599 1666 4670 ἐτάφη
1689 4617 1702 4632 ⁸
1734 4599 1847 4654 ἀλλ’
1872 4601 2108 4655 ἐνταῦθά
2132 4619 2223 4670 μοι

640 4688 749 4741 νόει
775 4686 875 4749 τάς
901 4685 1177 4755 τραπέζας
1197 4683 1296 4748 τὰς
1319 4683 1864 4755 περιηργυρωμένας,
1889 4682 1989 4747 τὰς
2015 4684 2221 4748 κλίνας,

638 4774 765 4836 τοὺς
795 4771 1063 4840 τάπητας,
1099 4768 1168 4822 τὰ
1196 4769 1566 4839 ἐπιϐλήματα,
1595 4767 1665 4820 τὰ
1687 4767 1822 4821 ἀλλα
1858 4767 1926 4821 τά
1955 4769 2095 4822 κατὰ
2126 4769 2224 4839 τὴν

641 4855 817 4909 οἰκίαν
865 4855 1100 4917 ἅπαντα,
1143 4851 1212 4905 τὰ
1266 4851 1434 4922 μύρα,
1465 4849 1537 4904 τὰ
1582 4851 1873 4923 ἀρώματα,
1910 4851 2003 4904 τὸν
2057 4852 2225 4906 πολὺν

643 4941 904 5010 ἄκρατον,
931 4937 1037 4990 τῶν
1065 4935 1378 5005 ἐδεσμάτων
1403 4936 1502 4999 τὰς
1537 4935 1830 5000 ποικιλίας,
1860 4935 1928 4988 τὰ
1957 4935 2227 5007 καρυκεύ-

645 5040 810 5096 ματα,
842 5023 968 5084 τοὺς
1015 5013 1330 5090 μαγείρους,
1371 5019 1494 5082 τοὺς
1546 5019 1801 5086 κόλακας,
1835 5019 1961 5083 τοὺς
1997 5019 2226 5090 δορυφό-

645 5124 794 5178 ρους,
851 5107 976 5169 τοὺς
1027 5104 1263 5168 οἰκέτας,
1300 5103 1398 5174 τήν
1446 5101 1614 5172 ἄλλην
1659 5103 1876 5157 ἃπασαν
1927 5105 2226 5172 φαντασίαν

644 5189 1086 5259 κατεσϐεσμένην
1131 5190 1225 5242 καὶ
1273 5186 1808 5257 καταμαρανθεῖσαν.
1862 5187 2048 5240 Πάντα
2093 5205 2226 5240 σπο-

641 5274 792 5336 δὸςδ,
828 5272 1004 5326 πάντα
1051 5272 1223 5342 τέφρα
1261 5270 1354 5323 καλ.
1399 5270 1567 5334 κόνις,
1613 5270 1800 5340 θρῆνοι
1846 5271 1938 5322 καὶ
1979 5271 2226 5342 ὀδυρμοὶ,

642 5356 855 5419 οὐδενὸς
885 5355 1182 5425 δυναμένου
1217 5353 1481 5423 βοηθῆσαι
1510 5353 1714 5417 λοιπὸν,
1748 5353 1856 5406 οὐδ’
1887 5353 2227 5408 ἀπελθοῦσαν

646 5441 1010 5508 ἐπαναγαγεῖν
1033 5438 1126 5509 τὴν
1155 5437 1506 5507 ψυχήν.Τότε
1533 5437 1567 5507 ή
1595 5434 1824 5508 δύναμις
1850 5437 2112 5506 ἠλέγχετο
2134 5437 2226 5490 τοῦ

645 5524 891 5596 χρυσίου,
923 5525 1016 5577 καὶ
1047 5523 1145 5592 τῆς
1179 5520 1377 5592 πολλῆς
1405 5520 1738 5592 περιουσίας.
1757 5521 1851 5574 Ἐκ
1880 5521 2001 5593 γάρ’
2031 5521 2226 5575 τοσαύ-

707 5722 732 5750 ⁸
760 5720 893 5769 Unus
918 5733 1008 5766 ms.
1032 5726 1083 5766 cl
1112 5718 1238 5766 Bibl.
1259 5717 1617 5780 παρασκευάζου
1644 5716 1706 5769 εἰς
1727 5715 1806 5780 τὸν
1825 5713 1986 5780 ἀγρόν.

710 5782 736 5851 ξ)
768 5782 1006 5848 Duo-mss.
1031 5782 1260 5852 .ot-‘Savil.
1290 5774 1339 5828 iri
1369 5793 1532 5852 χῃσι-ς.
1561 5774 1804 5852 πανταχοῦ
1832 5774 2030 5852 ρποδὸς,
2050 5791 2229 5824 παντα-

646 5844 755 5911 χοῦ,
777 5854 827 5894 οι
847 5843 913 5893 sic
944 5845 1064 5908 legit
1085 5843 1330 5893 Erasmus.
1355 5839 1454 5892 Alii
1466 5837 1637 5892 o'mnes
1658 5837 1810 5903 πάντα
1832 5837 1923 5888 bis.

2311 527 2411 580 της
2455 509 2749 581 θεραπείας
2775 511 2978 582 γυμνὸς
3025 512 3119 566 καὶ
3153 511 3314 583 μόνος
3339 509 3608 580 ἀπήγετο,
3638 507 3796 563 οὐδὲν
3837 507 3901 559 ἐκ

2308 594 2406 664 τῆς
2433 593 2698 664 τοσαύτης
2725 593 2986 665 εὐπορίας
3020 596 3343 664 ἀπενεγκεῖν
3385 593 3638 648 ἐντεῦθεν
3669 593 3899 664 δυνάμε-

2310 695 2418 742 νος,
2442 677 2556 731 ἀλλ’
2577 677 2804 748 ἔρημος,
2828 680 3265 750 ἀπροστάτευτος
3289 678 3533 748 ἀπήγετο
3551 693 3565 706 ⁸
3589 676 3770 740 οὐδεὶς
3794 679 3898 731 τῶν

2310 759 2786 832 θεραπευσάντων,
2817 760 2991 824 οὐδεὶς
3021 763 3129 816 τῶν
3173 760 3549 832 βοηθησόντων
3591 759 3778 830 παρῆν
3813 759 3895 824 ἐξ·

2309 843 2672 914 αιρησόμενος
2695 853 2717 881 ⁸
2747 844 2846 914 τῆς
2879 845 3151 906 κολάσεως
3184 843 3278 896 καὶ
3308 841 3408 912 τῆς
3433 841 3730 912 τιμωρίας,
3767 841 3898 894 ἀλλὰ

2311 925 2528 978 πάντων
2576 925 2799 980 ἐκείνων
2849 925 3251 989 ἀποσπασθεὶς,
3286 925 3446 996 μόνον
3483 923 3899 994 ἀπελαμϐάνετο

2309 1007 2408 1070 τὰς
2449 1008 2759 1080 ἀφορήτους
2808 1008 3100 1080 ὑπομένειν
3149 1007 3440 1079 τιμωρίας.
3474 1007 3684 1070 Ὄντως
3725 1006 3898 1061 Πᾶσα

2312 1090 2469 1158 σὰρξ
2509 1093 2589 1159 ὡς
2629 1094 2860 1162 χόρτος,
2895 1093 2994 1146 καὶ
3039 1091 3208 1147 πᾶσα
3246 1091 3397 1155 δόξα
3442 1090 3788 1159 ἀνθρώπου,
3820 1093 3897 1158 ὡς

2309 1175 2493 1243 ἄνθος
2541 1178 2780 1245 χόρτου.
2802 1176 3131 1245 Ἐξηράνοη
3165 1179 3197 1230 ό
3231 1175 3381 1247 [751]
3414 1177 3653 1245 χόρτος,
3692 1175 3792 1229 καί
3836 1176 3892 1229 τό

2309 1257 2493 1322 ἄνθος
2520 1258 2707 1314 αὑτοῦ
2733 1258 2988 1323 ἐξέπεσε
3013 1276 3028 1289 ·
3071 1260 3135 1312 τὸ
3178 1259 3245 1311 δὲ
3274 1256 3439 1328 ρἦα
3478 1261 3706 1327 Κυρίου
3733 1259 3897 1328 μένει

2309 1342 2396 1406 εἰς
2421 1340 2530 1394 τὸν
2555 1339 2969 1396 αἰῶναῘἮλθεν
2994 1345 3020 1395 6
3058 1342 3304 1408 θάνατος,
3337 1343 3432 1396 καὶ
3469 1343 3650 1396 πάντα
3680 1341 3899 1394 ἔσϐεσεν

2311 1424 2523 1477 ἐκεῖνα·
2567 1425 2662 1478 καὶ
2710 1425 2961 1494 καθάπερ
2987 1425 3332 1494 αἰχμάλωτον
3359 1423 3560 1489 λαϐὼν,
3590 1424 3768 1488 οὕτως
3795 1426 3898 1478 άπ-

2310 1507 2485 1576 ήγαγε
2520 1508 2671 1561 κάτω
2710 1508 3002 1572 κύπτοντα,
3041 1508 3304 1579 αἰσχύνης
3345 1509 3608 1581 γέμοντα,
3643 1510 3897 1580 ἀπαρρη-

2313 1590 2550 1656 σίαστον,
2586 1593 2880 1662 τρέμοντα,
2912 1593 3186 1646 δεδοικότα
3209 1593 3398 1664 ὥσπερ
3429 1596 3486 1647 ἐν
3513 1594 3748 1663 ὀνείροις
3770 1597 3901 1646 ἀπο-

2311 1672 2586 1728 λαύσαντα
2632 1675 2730 1744 τῆς
2767 1677 2978 1746 τρυφῆς
3013 1676 3229 1747 ἐκείνης
3273 1676 3524 1748 ἀπάσηςο
3568 1679 3666 1731 καὶ
3716 1677 3901 1730 λοιπὸν

2314 1759 2502 1826 ἱκέτης
2531 1761 2559 1812 ό
2589 1759 2844 1823 πλούσιος
2871 1759 2967 1814 τοῦ
3005 1761 3234 1831 πένητος
3267 1761 3495 1829 ἐγίνετο,
3520 1762 3615 1815 καὶ
3646 1760 3746 1831 τῆς
3784 1761 3904 1814 τού-

2312 1859 2404 1894 του
2440 1842 2722 1914 τραπέζης
2751 1843 2938 1906 ὲδεῖτο,
2980 1843 3075 1898 τοῦ
3104 1844 3465 1916 λιμώττοντός
3491 1864 3643 1912 ποτε,
3667 1847 3764 1898 καὶ
3793 1848 3902 1909 τοῖς

2315 1926 2547 1994 στόμασι
2580 1926 2688 1978 τῶν
2718 1928 2892 1980 κυνῶν
2927 1931 3292 1999 προκειμένου
3321 1947 3336 1962 ο
3363 1931 3478 1987 ,καὶ
3506 1931 3574 1983 τά
3603 1931 3902 2000 πράγματα

2317 2007 2695 2078 μετεϐάλλετο,
2727 2010 2818 2062 καὶ
2851 2011 3155 2080 ἐμάνθανον
3185 2013 3444 2076 ἅπαντες,
3477 2013 3562 2075 τίς
3587 2009 3654 2082 ἦν
3685 2016 3713 2065 6
3739 2013 3904 2067 πλού-

2315 2109 2448 2154 σιος,
2474 2092 2566 2159 καὶ
2595 2092 2677 2154 τίς
2698 2087 2764 2162 ἦν
2794 2092 2821 2144 6
2848 2094 3034 2163 πένης,
3068 2094 3162 2146 καὶ
3192 2095 3273 2147 ὅτι
3297 2097 3324 2146 6
3355 2095 3455 2164 μὲν
3484 2096 3738 2166 Λάζαρος
3767 2098 3903 2150 πάν-

2312 2192 2420 2229 των
2464 2172 2530 2245 ἦν
2578 2176 2976 2247 εὐπορώτερος,
3021 2172 3176 2241 οὗτος
3205 2179 3261 2231 δὲ
3294 2180 3512 2232 πάντων
3556 2181 3900 2253 πενέστερος.

2315 2259 2580 2328 Καθάπερ
2628 2259 2737 2330 γὰρ
2784 2262 2842 2312 ἐν
2899 2264 3072 2331 σκηνῇ
3128 2265 3446 2332 προσωπεῖα
3500 2263 3768 2333 βασιλέων
3817 2269 3907 2319 καὶ

2317 2343 2637 2414 στρατηγῶν
2669 2345 2759 2396 καὶ
2802 2345 3001 2416 ἰατρῶν
3046 2345 3138 2398 καὶ
3191 2346 3435 2416 ῥητόρων
3491 2349 3585 2399 καὶ
3636 2349 3906 2416 σοφιστῶν

2315 2429 2408 2480 καὶ
2444 2429 2792 2496 στρατιωτῶν
2834 2428 3204 2498 λαμϐάνοντες
3235 2431 3573 2500 εἰσέρχονταί
3613 2451 3779 2496 τινες,
3815 2435 3905 2485 οὐ·

2313 2510 2400 2563 δὲν
2430 2510 2636 2563 τούτων
2667 2511 2818 2574 ὄντες
2846 2513 2999 2564 αὑτοί
3024 2528 3037 2542 ·
3068 2511 3209 2564 οὕτω
3237 2512 3300 2582 δὴ
3329 2516 3421 2566 καὶ
3453 2513 3544 2565 ἐπὶ
3579 2515 3673 2567 τοῦ
3707 2515 3908 2586 παρόν-

2311 2607 2403 2657 τος
2434 2594 2547 2664 βίου
2579 2594 2673 2647 καὶ
2700 2595 2860 2651 πενία
2891 2596 2985 2648 καὶ
3017 2595 3246 2658 πλοῦτος
3285 2600 3604 2667 προσωπεῖα
3639 2599 3802 2668 μόνον
3831 2601 3910 2650 εί-

2318 2678 2643 2748 σίν.Ὣσπερ
2667 2673 2761 2729 οὖν
2789 2679 2846 2730 ἐν
2868 2677 2945 2747 τῷ
2969 2677 3182 2748 θεάτρῳ
3204 2678 3532 2748 καθήμενος,
3557 2681 3622 2734 ἂν
3650 2681 3764 2754 ἴδῃς
3790 2682 3911 2734 τινὰ

2316 2761 2422 2813 τῶν
2466 2761 2618 2814 κάτω
2667 2760 2975 2824 παιζόντων
3022 2764 3363 2830 προσωπεῖον
3394 2762 3585 2833 ἔχοντα
3621 2766 3910 2834 βασιλέως,

2314 2845 2376 2896 οὑ
2429 2842 2756 2914 μακαρίζεις
2803 2843 2985 2907 αὑτὸν,
3015 2844 3137 2896 οὑδέ
3183 2844 3407 2912 βασιλέα
3460 2842 3601 2901 εἶναι
3644 2850 3909 2916 νομίζεις,

2314 2927 2423 2979 οὐδ’
2447 2926 2512 2980 ἂν
2534 2926 2720 2994 εὑξαιο
2740 2927 2995 2995 γενέσθαι
3028 2926 3269 2990 τοιοῦτος
3289 2945 3302 2958 ⁸
3339 2929 3454 2982 ἀλλ’
3483 2930 3659 2994 εἰδὼς,
3689 2933 3769 2984 ὅτι
3796 2934 3907 2985 τῶν

2316 3009 2593 3079 ἀγοραίων
2633 3011 2716 3074 τίς
2748 3013 2884 3076 ἐστι,
2921 3010 3335 3080 σχοινοστρόφος
3369 3013 3551 3082 τυχὸν,
3583 3014 3618 3083 ἢ
3643 3014 3912 3083 χαλκοτύ-

2318 3109 2438 3155 πος,
2463 3093 2495 3162 ἢ
2522 3092 2711 3164 ἕτερόν
2743 3110 2793 3146 τι
2817 3092 3081 3158 τοιοῦτον,
3108 3092 3169 3145 ού
3195 3093 3521 3165 μακαρίζεις
3550 3096 3638 3150 διὰ
3662 3097 3724 3149 τὸ
3751 3114 3916 3166 προσ-

2315 3179 2516 3229 ωπεῖον
2547 3176 2640 3228 καὶ
2667 3176 2765 3246 τὴν
2807 3176 3019 3246 στολὴν,
3049 3177 3158 3230 οὐδ’
3192 3177 3300 3231 άπὸ
3335 3179 3539 3231 τούτων
3577 3179 3745 3232 αὑτοῦ
3783 3181 3912 3252 κρί-

2317 3275 2430 3321 νεις
2453 3257 2551 3328 τὴν
2589 3257 2887 3323 πολιτείαν,
2918 3259 3054 3312 ἀλλὰ
3081 3259 3457 3324 καταπτύειςά
3491 3261 3657 3314 αὑτοῦ
3688 3263 3775 3315 διὰ
3811 3265 3915 3334 τὴν

2317 3341 2482 3410 ἄλλην
2517 3340 2824 3396 εὐτέλειανο
2869 3340 3014 3395 οὕτω
3056 3342 3120 3412 δὴ
3164 3343 3255 3396 καὶ
3281 3341 3534 3406 ἐνταῦθα,
3566 3343 3820 3416 καθάπερ
3856 3349 3917 3398 ἐν

2319 3423 2552 3494 θεάτρῳ,
2583 3423 2662 3493 τῷ
2687 3424 2876 3495 κόσμῳ
2905 3423 3215 3494 καθήμενος
3263 3423 3358 3478 καὶ
3406 3425 3500 3478 ἐπὶ
3548 3427 3754 3498 σκηνῆς
3781 3430 3916 3482 παί-

2319 3506 2511 3570 ζοντας
2543 3505 2776 3577 βλέπων,
2815 3508 3034 3562 ἐπειδάν
3090 3507 3206 3580 ἴδῃς
3251 3507 3617 3571 πλουτοῦντας
3657 3510 3911 3575 πολλοὺς,

2322 3592 2396 3662 μὴ
2429 3591 2717 3654 πλουσίους
2766 3590 2984 3662 ἀληθῶς
3029 3585 3170 3644 εἶναι
3218 3590 3431 3661 νόμιζε,
3463 3589 3601 3644 ἀλλὰ
3640 3591 3904 3646 πλουσίω·

2320 3673 2666 3746 περικεῖσθαι
2710 3676 3049 3746 προσωπεῖα.
3088 3673 3356 3744 Καθάπερ
3390 3672 3498 3744 γάρ
3525 3673 3733 3738 ἐκεῖνος
3761 3676 3789 3727 ό
3821 3674 3919 3726 ἐπὶ

2319 3759 2418 3830 τῆς
2447 3759 2651 3829 σκηνῆς
2677 3758 2766 3810 τὸν
2803 3757 3025 3828 βασιλέα
3053 3758 3146 3812 καὶ
3170 3757 3260 3811 τὸν
3289 3756 3596 3828 στρατηγὸν
3629 3757 3917 3828 ὑποκρινόι

2323 3859 2504 3911 μενος,
2533 3839 2790 3903 πολλάκις
2816 3841 3032 3911 οἰκέτης
3055 3839 3130 3892 ὢν
3159 3839 3436 3910 τυγχάνει,
3463 3839 3496 3908 ἢ
3519 3839 3629 3892 τῶν
3658 3839 3799 3900 σῦκα
3819 3841 3918 3893 καὶ

2323 3925 2518 3995 βότρυς
2554 3923 2878 3977 πωλούντων
2925 3925 3010 3978 ἐπ’
3041 3925 3279 3994 ἀγορᾶς·
3307 3921 3451 3976 οὑτω
3472 3923 3537 3994 δὴ
3579 3923 3676 3976 καὶ
3704 3918 3863 3988 δῦτος
3888 3927 3917 3978 6

2322 4007 2574 4070 πλούσιος
2624 4007 2887 4070 πολλάκις
2926 4007 3145 4060 πάντων
3175 4005 3500 4077 πενέστερος
3523 4005 3599 4059 ῶν
3627 4008 3914 4078 τυγχάνει.

2323 4093 2421 4144 Ἂν
2453 4091 2562 4161 γὰρ
2581 4090 2848 4162 περιέλῃς
2878 4088 3042 4142 αὑτοῦ
3085 4088 3148 4142 τὸ
3177 4092 3538 4160 προσωπεῖον,
3570 4089 3668 4142 καὶ
3693 4091 3754 4142 τὸ
3792 4108 3918 4143 συν-

2322 4173 2460 4238 ειδὸς
2495 4173 2827 4244 ἀναπτύξῃς,
2861 4175 2957 4226 καὶ
2985 4174 3064 4236 εἰς
3091 4173 3188 4244 τὴν
3214 4171 3450 4226 διάνοιαν
3480 4172 3752 4247 είσέλθῃς,
3781 4175 3918 4226 πολ-

2321 4257 2419 4328 λὴν
2451 4257 2700 4328 εὑρήσεις
2729 4257 2929 4327 ἀρετῆς
2954 4257 3073 4308 ἐκεῖ
3103 4255 3315 4322 πενίαν,
3350 4255 3444 4308 καὶ
3471 4255 3692 4309 πάντων
3725 4258 3921 4327 ἀτιμό-

2322 4357 2478 4411 τερον
2515 4339 2643 4393 6ντα
2674 4338 2784 4391 τῶν
2812 4335 3349 4409 ἀνθρώπων.Ἧσπερ
3375 4337 3484 4409 γὰρ
3525 4337 3621 4391 ἐπὶ
3653 4340 3762 4392 τῶν
3793 4340 3918 4394 θεά-

2324 4441 2468 4496 τρων
2498 4423 2596 4494 τῆς
2630 4422 2868 4494 ἑσπέρας
2895 4421 3329 4494 καταλαϐούσης,
3361 4422 3458 4476 καὶ
3489 4421 3598 4476 τῶν
3638 4422 3920 4493 συγκαθη-

2328 4507 2503 4577 μένων
2533 4506 3025 4577 ἀναχωρησάντων,
3045 4505 3353 4571 ἐξελθόντες
3375 4505 3500 4570 ἔξω,
3525 4505 3622 4559 καὶ
3645 4506 3706 4559 τὸ
3730 4507 3920 4577 σχῆμα

2325 4592 2424 4662 τῆς
2471 4590 2812 4662 ὑποκρίσεως
2850 4601 2873 4628 θ
2904 4589 3252 4661 ἀποθέμενοι,
3280 4591 3327 4644 οί
3357 4589 3596 4661 βασιλεῖς
3626 4591 3724 4643 καὶ
3759 4609 3920 4662 στρα-

2325 4676 2484 4745 τηγοὶ
2520 4676 2689 4728 πᾶσιν
2733 4669 2873 4726 εἶναι
2906 4672 3190 4736 δοκοῦντες
3238 4672 3518 4741 φαίνονται
3550 4673 3740 4727 λοιπὸν
3780 4676 3921 4746 ὅπερ

2326 4760 2463 4812 είσίν
2483 4775 2497 4788 ·
2533 4757 2675 4811 οὑτω
2716 4755 2780 4828 δὴ
2810 4756 2904 4809 καὶ
2941 4755 3035 4809 νῦν
3077 4754 3172 4808 τοῦ
3202 4755 3432 4809 θανάτου
3464 4757 3920 4827 παραγενομένου

2329 4840 2534 4895 καὶτοῦ
2560 4840 2790 4912 θεάτρου
2819 4838 3093 4902 λυθέντος,
3125 4839 3193 4892 τά
3220 4839 3314 4892 τοῦ
3339 4839 3571 4893 πλούτου
3594 4844 3920 4910 προσωπεῖα

2329 4927 2424 4980 καὶ
2449 4924 2518 4978 τὰ
2541 4925 2641 4996 τῆς
2670 4923 2859 4987 πενίας
2883 4923 3212 4993 ἀποθέμενοι
3240 4921 3462 4986 πάντες,
3494 4923 3739 4993 ἀπῆλθον
3768 4927 3888 4977 ἐκεῖ
3908 4942 3920 4952 ’

2329 5009 2421 5062 καὶ
2448 5008 2556 5063 ἀπὸ
2583 5007 2695 5061 τῶν
2717 5008 2892 5078 ἔργων
2925 5006 3084 5078 μόνον
3107 5005 3419 5078 κρινόμενοι
3449 5005 3753 5075 φαίνονται,
3778 5009 3920 5072 τίνες

2333 5093 2432 5163 μὲν
2452 5092 2666 5164 ἀληθῶς
2692 5091 2960 5155 πλούσιοι,
2990 5091 3137 5154 τίνες
3165 5091 3222 5144 δὲ
3246 5090 3497 5163 πένητες,
3520 5093 3615 5145 καὶ
3644 5092 3790 5156 τίνες
3819 5094 3921 5164 μὲν

2331 5179 2562 5247 ἔντιμοι,
2593 5176 2737 5239 τίνες
2765 5175 2821 5228 δὲ
2855 5174 3049 5241 ἄδοξοι.

2400 5261 2460 5314 δ’.
2481 5259 2746 5321 Πολλάκις
2770 5257 2899 5326 γοῦν
2924 5258 3029 5311 τῶν
3049 5255 3286 5310 ἐνταῦθά
3310 5274 3396 5320 τις
3421 5255 3803 5311 πλουτούντων
3837 5261 3919 5314 εύ-

2333 5345 2463 5416 ρέθη
2504 5344 2717 5397 πάντων
2741 5344 2857 5395 ἐκεῖ
2884 5341 3209 5412 πενέστερος
3231 5340 3327 5405 ὢν,
3363 5340 3614 5411 καθάπερ
3647 5339 3742 5394 οὖν
3774 5344 3870 5395 καί
3897 5345 3922 5396 6

2332 5429 2582 5489 πλούσιος
2609 5421 2782 5488 οὗτος.
2802 5425 3019 5495 Ἐπειδὴ
3042 5424 3151 5494 γὰρ
3172 5426 3204 5494 ἡ
3229 5424 3438 5494 ἑσπέρα
3459 5423 3753 5489 κατέλαϐε,
3770 5442 3922 5478 τουτ-

2332 5514 2480 5566 έστιν
2526 5514 2553 5565 ὁ
2600 5511 2846 5574 θάνατος,
2880 5510 2972 5562 καὶ
3005 5510 3070 5562 ἐκ
3104 5507 3199 5562 τοῦ
3231 5507 3458 5580 θεάτρου
3493 5507 3597 5577 τῆς
3642 5509 3923 5580 παρούσης

2396 5643 2416 5669 ⁰
2447 5651 2542 5698 Alii
2564 5649 2936 5725 έξαιτησὸμενος.
2965 5650 3120 5701 Paulo
3159 5653 3268 5713 post
3293 5661 3421 5700 unus
3438 5661 3527 5698 ms.
3726 5649 3929 5713 ὗπὼμ.

2331 5714 2504 5763 πάνετο
2525 5714 2624 5767 τάς.

2395 5774 2421 5815 «Ι
2453 5775 2547 5823 Alii
2572 5771 2824 5826 διαπτύεις.

2402 5843 2418 5864 '
2447 5834 2546 5890 Alii
2572 5841 2652 5894 τῆς
2673 5836 2955 5892 ὑποθέσεως.
