4142 6332
201 411 313 468 985

199 534 447 578 ratorum
489 519 736 576 cumulus
776 524 1093 579 renovatur,
1146 522 1200 570 et
1246 513 1416 569 oculis
1471 511 1782 578 exhibetur,

202 623 544 679 mentemque
582 608 835 664 stimulat.
865 607 934 661 Et
961 602 1406 676 quemadmodum
1436 602 1526 672 qui
1549 608 1796 655 tenentur

204 703 261 756 in
278 716 510 761 carcere,
529 714 740 768 semper
764 697 978 766 quidem
1004 695 1195 762 dejecti
1223 701 1620 760 mmrentesque
1647 696 1793 755 sunt,

209 795 446 849 maxime
470 801 644 846 tamen
669 790 768 844 sub
795 790 940 843 illum
969 787 1108 842 diem
1135 802 1240 855 quo
1259 793 1384 840 sunt
1415 781 1706 847 educendi,
1743 789 1798 835 et

203 881 458 953 ad'ipsas
494 883 689 953 judicis
732 880 874 936 fores
917 877 1290 949 pertrahendi,
1334 891 1396 930 ac
1422 889 1520 944 pro
1543 871 1795 927 cancellis

203 975 311 1029 fori
333 982 532 1028 stantes
555 973 746 1042 judieis
767 986 951 1026 vocem
979 970 1122 1023 intus
1149 969 1386 1030 audiunt,
1420 965 1793 1020 exanimantur

204 1074 385 1130 metu,
428 1063 698 1136 nihiloque
743 1061 934 1116 melius
981 1058 1318 1124 afficiuntur,
1353 1070 1511 1126 quam
1551 1051 1792 1109 mortui:

203 1143 286 1211 sic
312 1165 365 1210 et
404 1157 579 1212 anima
606 1195 620 1219 ,
670 1151 905 1207 maxime
933 1150 1144 1220 quidem
1191 1149 1241 1202 in
1280 1150 1395 1216 ipso
1423 1144 1622 1215 peccati
1658 1153 1796 1197 tem-

205 1265 342 1318 pore
384 1249 650 1303 cruciatur
681 1254 736 1300 et
774 1245 983 1313 angitur
1005 1284 1020 1309 ,
1067 1242 1236 1296 multo
1269 1249 1442 1295 tamen
1482 1237 1650 1308 magis
1675 1249 1796 1291 cum

206 1329 339 1395 hinc
364 1341 543 1393 avulsa
572 1335 880 1392 abducenda
915 1342 1017 1389 est.

284 1433 338 1486 5.
366 1428 636 1485 Silentium
663 1428 850 1481 mavult
878 1425 1264 1494 Chrysostomus
1293 1437 1442 1492 quam
1472 1421 1700 1490 plausus.
1731 1447 1800 1458 ——

207 1523 424 1592 Ergone
472 1521 694 1586 tacetis,
726 1519 851 1573 dum
891 1516 1131 1570 auditis?.
1166 1515 1326 1569 Multo
1356 1513 1611 1582 majorem
1649 1511 1797 1566 vobis

210 1614 386 1668 habeo
429 1613 651 1682 gratiam
697 1625 794 1680 pro
835 1609 1046 1664 silentio
1073 1605 1092 1673 ,’
1130 1622 1286 1676 quam
1332 1620 1430 1675 pro
1480 1603 1800 1674 plausibus:

211 1713 494 1774 propterea
519 1703 659 1773 quod
688 1703 900 1772 plausus
931 1700 1142 1770 quidem
1177 1713 1240 1753 ac
1268 1697 1450 1752 laudes
1491 1712 1576 1750 me
1606 1695 1805 1750 faciunt

210 1795 664 1864 splendidiorem,
693 1793 958 1847 silentium
991 1806 1119 1844 vero
1146 1790 1247 1844 hoc
1285 1805 1379 1843 vos
1419 1788 1592 1842 reddit
1620 1786 1802 1841 mode-

210 1891 429 1942 stiores.
475 1886 608 1939 Novi
649 1883 790 1954 quod
831 1885 944 1937 haec
971 1877 1090 1952 quin
1120 1881 1368 1936 dicuntur
1402 1880 1626 1934 molesta
1659 1886 1801 1945 sunt,

210 1993 399 2031 verum
439 1976 658 2029 multum
705 1974 836 2028 lucri
871 1982 925 2028 et
970 1971 1378 2026 inenarrabilem
1423 1969 1650 2024 fructum
1679 1969 1806 2023 all‘e-

211 2078 362 2123 runt.
422 2067 580 2122 Dives
630 2067 718 2122 ille
761 2065 802 2120 si
837 2080 994 2135 quem
1045 2063 1357 2126 habuisset,
1407 2061 1495 2129 qui
1543 2061 1643 2130 ipsi
1683 2059 1805 2112 talia

213 2163 416 2214 monita
442 2159 716 2223 dedisset,
751 2172 811 2211 ac
843 2172 945 2210 non
977 2155 1151 2224 potius
1187 2152 1492 2206 adulatores
1532 2151 1709 2204 omnia
1737 2148 1804 2204 ad

212 2250 440 2318 gratiam
467 2249 807 2302 consulentes
827 2289 840 2308 ,
871 2255 1031 2314 atque
1050 2243 1114 2298 ad
1141 2243 1357 2297 delicias
1385 2241 1678 2304 trahentes,
1707 2254 1804 2294 ne-

213 2355 482 2409 quaquam
512 2340 746 2393 venisset
790 2337 853 2390 ad
899 2338 1041 2391 iliam
1084 2337 1380 2405 gehennam
1409 2375 1424 2400 ,
1463 2347 1798 2402 nequaquam

213 2431 472 2500 supplicia
515 2446 701 2499 passus
740 2437 882 2483 esset
923 2427 1269 2481 intolerabilia
1296 2465 1311 2488 ,
1363 2439 1694 2493 nequaquam
1722 2423 1805 2476 in-

214 2522 614 2576 consolabiliter
652 2537 770 2574 eum
815 2529 996 2588 postea
1045 2518 1402 2587 paenituisset.
1448 2516 1644 2568 Verum
1677 2528 1810 2582 quo-

215 2617 360 2669 niam
410 2628 597 2666 omnes
644 2612 709 2666 ad
763 2610 984 2680 gratiam
1034 2607 1420 2676 l0quebantur,
1480 2604 1811 2660 tradiderunt

218 2703 369 2756 illum
401 2702 668 2756 incendio.
699 2701 910 2755 Utinam
934 2701 1119 2752 liceret
1151 2697 1264 2750 haec
1291 2710 1501 2763 semper
1527 2703 1811 2763 perpetuo-

218 2809 327 2860 que
357 2791 747 2860 phil050phari,
779 2805 840 2843 ac
868 2789 935 2842 de
962 2787 1200 2858 gehenna
1231 2787 1394 2855 loqui.
1453 2784 1519 2838 In
1559 2785 1806 2850 omnibus,

220 2885 412 2951 inquit,
441 2884 586 2936 dictis
614 2883 709 2936 tuis
737 2889 980 2935 memento
1003 2881 1272 2934 novissima
1290 2889 1397 2944 tua,
1425 2879 1544 2932 etin
1565 2887 1808 2931 azternum

220 2991 322 3027 non
366 2975 589 3042 peccabis
613 2972 797 3043 (Eccli.
827 2973 881 3026 7.
904 2972 1016 3041 40).
1059 2973 1135 3024 Ac
1174 2985 1357 3023 rursus
1391 2986 1404 3021 ε
1442 2967 1581 3020 Para
1610 2967 1677 3019 ad
1705 2966 1814 3020 exi-

222 3079 330 3118 tmn
358 3083 509 3134 Opera
535 3076 622 3118 tua
644 3105 657 3128 ,
699 3073 748 3118 et
788 3080 985 3132 appara
1030 3049 1075 3115 te
1106 3063 1174 3114 ad
1213 3062 1342 3114 viam
1367 3059 1542 3128 (Prov.
1575 3059 1664 3112 24.
1693 3057 1808 3128 Ξῖ).

221 3158 278 3212 Si
320 3157 445 3227 quid
486 3158 569 3210 cui
623 3157 882 3224 rapuisti,
935 3154 1134 3218 redde,
1183 3163 1237 3208 et
1282 3153 1446 3207 dicito
1482 3153 1630 3221 juxta
1674 3151 1810 3205 Zac-

221 3249 432 3301 chaeum
467 3243 589 3300 :Do
613 3245 954 3316 quadruplum
975 3286 990 3309 ,
1022 3247 1066 3300 si
1097 3245 1218 3315 quid
1251 3245 1398 3313 rapui
1433 3243 1585 3316 (Luc.
1618 3244 1704 3299 l9.
1733 3241 1811 3314 8).

222 3337 280 3392 Si
335 3354 494 3407 quem
543 3337 1036 3402 calumniatusqes,
1095 3337 1138 3390 si
1183 3337 1266 3390 cui
1309 3334 1479 3390 factus
1518 3349 1578 3389 es
1623 3335 1805 3388 inimi-

223 3444 321 3482 cus
345 3470 360 3497 ,
396 3428 775 3494 reconciliare,
813 3427 1116 3497 priusquam
1146 3427 1392 3481 veniatur
1432 3425 1498 3479 ad
1536 3425 1814 3495 judicium.

224 3521 419 3575 Omnia
448 3521 534 3574 hic
573 3520 806 3574 dissolve
831 3559 846 3584 ,
888 3529 948 3574 ut
976 3520 1107 3573 citra
1145 3518 1445 3573 molestiam
1473 3517 1602 3582 illud
1635 3516 1817 3573 videas

227 3612 482 3666 tribunal.
827 3601 836 3608 ’

302 3703 603 3758 Ρωηίιεηιὶα
621 3719 733 3757 sera
757 3711 872 3774 post
891 3711 1120 3755 mortem.
1142 3732 1210 3741 —
1227 3700 1403 3756 Donec
1424 3701 1510 3756 hic
1532 3701 1814 3767 fuerimus,

225 3810 354 3864 spes
376 3795 633 3850 habemus
658 3795 945 3866 praclaras
969 3812 981 3848 :
1010 3794 1166 3849 simul
1211 3805 1370 3863 atque
1396 3809 1524 3848 vero
1552 3793 1816 3856 discesse-

226 3889 399 3944 rimus
426 3890 573 3954 illuc,
601 3904 709 3943 non
731 3897 814 3944 est
840 3897 1023 3958 postea
1053 3888 1106 3943 in
1138 3887 1293 3942 nobis
1322 3888 1482 3942 situm
1512 3887 1776 3957 ptenitere
1798 3924 1816 3952 ,

229 3993 406 4048 neque
433 3978 716 4034 commissa
742 3979 967 4034 diluere.
1001 3978 1336 4047 QuaprOpter
1361 3986 1572 4047 oportet
1600 3991 1701 4031 nos
1727 3989 1817 4029 as-

228 4069 384 4123 sidue
427 4070 712 4140 prmparari
751 4068 817 4123 ad
846 4083 1119 4138 egressum
1163 4069 1284 4122 hinc
1327 4066 1650 4122 faciendum.
1683 4066 1819 4133 Quid

225 4160 372 4214 enim
394 4160 438 4214 si
465 4159 690 4214 Domino
715 4159 886 4215 visum
910 4158 1069 4213 fuerit
1094 4158 1196 4213 hoc
1217 4173 1442 4227 vespere
1465 4172 1656 4212 vocare
1686 4157 1818 4211 nos?

227 4250 370 4317 Quid
397 4252 440 4305 si
460 4253 621 4305 cras?
647 4249 909 4305 Incertum
937 4250 1078 4305 enim
1103 4248 1229 4319 quid
1255 4250 1486 4304 futurum
1508 4249 1597 4314 sit,
1629 4258 1680 4303 ut
1705 4263 1819 4318 pcr-

229 4349 394 4410 petuo
422 4342 588 4395 simus
629 4341 681 4394 in
723 4341 1046 4407 certamine,
1077 4349 1131 4394 et
1169 4340 1236 4394 ad
1267 4339 1410 4394 illam
1439 4339 1821 4408 profectionem

228 4431 474 4486 instructi
496 4472 512 4496 ,
542 4429 986 4500 quemadmodum
1012 4429 1098 4485 hic
1125 4426 1357 4485 Lazarus
1383 4445 1597 4500 semper
1623 4439 1737 4485 erat
1765 4430 1820 4485 in

237 4523 522 4578 tolerantia
554 4523 930 4592 patientiaque,
961 4532 1284 4592 quapropter
1307 4531 1452 4576 tanto
1470 4537 1591 4577 cum
1619 4522 1824 4578 honore

228 4615 492 4670 deductus
516 4623 616 4669 est.
663 4613 901 4668 Mortuus
926 4622 1010 4668 est
1046 4609 1225 4668 autem
1256 4612 1406 4668 dives
1426 4654 1441 4678 ,
1486 4622 1540 4668 et
1583 4613 1823 4682 sepultus

228 4713 342 4770 est,
366 4704 611 4758 nimirum
639 4704 814 4758 anima
838 4703 980 4758 illius
1009 4703 1059 4757 in
1083 4717 1328 4773 corpore,
1352 4710 1600 4772 tanquam
1630 4703 1683 4757 in
1706 4717 1825 4757 mo-

228 4806 491 4852 numento
515 4795 745 4862 defossa,
784 4811 848 4850 ac
879 4795 1182 4866 sepulcrum
1207 4793 1615 4850 circumferente
1635 4811 1825 4863 nempe

226 4902 472 4944 carnem.
503 4887 619 4941 Non
649 4901 804 4942 secus
835 4886 977 4941 enim
1022 4886 1109 4941 ille
1133 4927 1149 4952 ,
1198 4900 1354 4954 quam
1383 4885 1428 4939 si
1471 4895 1654 4939 catena
1692 4900 1825 4955 qua-

226 4980 380 5044 dam,
410 4979 718 5034 temulentia
740 5019 756 5044 ,
802 4991 864 5032 ac
888 4977 1091 5032 ventris
1130 4977 1360 5048 ingluvie
1411 4977 1620 5032 vinctus
1650 4988 1822 5043 esset,

228 5071 318 5126 sic
346 5071 572 5124 otiosam
603 5069 742 5124 illam
772 5084 834 5123 ac
863 5073 1126 5124 mortuam
1157 5064 1482 5124 reddiderat.
1526 5067 1603 5124 Ne
1619 5070 1824 5125 ’leviter

229 5166 646 5232 prretercurras,
676 5156 906 5226 dilecte,
949 5159 1112 5225 illud,
1155 5160 1381 5230 sepultus
1421 5169 1513 5214 est.
1562 5161 1659 5216 Hic
1697 5163 1825 5218 mihi

230 5250 518 5306 considera
543 5263 758 5305 mensas
785 5260 1004 5320 argento
1027 5249 1397 5305 circumtectas
1415 5291 1430 5318 ,
1458 5251 1645 5317 lectos,
1675 5261 1825 5323 tape-

232 5351 324 5393 tes
343 5379 357 5401 ,
393 5345 704 5407 ornamenta
724 5379 739 5403 ,
765 5353 883 5408 qua:
909 5347 1015 5393 tota
1047 5339 1100 5393 in
1130 5337 1290 5393 domo
1322 5347 1446 5393 sunt
1472 5341 1648 5394 omnia
1668 5382 1684 5405 ,
1725 5358 1826 5395 un-

230 5438 453 5501 guenta,
483 5438 743 5497 aromata,
769 5429 876 5484 vini
902 5429 1039 5486 meri
1065 5431 1296 5501 copiam,
1324 5431 1624 5486 eduliorum
1651 5433 1826 5487 varie-

233 5529 400 5586 tates,
427 5518 667 5575 ciborum
693 5518 912 5576 delicias
931 5561 948 5588 ,
976 5535 1195 5592 coquos,
1245 5520 1570 5590 adulatores,
1603 5524 1825 5592 stipato-

234 5626 352 5678 res,
381 5611 627 5678 famulos,
653 5627 717 5668 ac
741 5614 997 5684 reliquam
1018 5615 1317 5670 universam
1340 5631 1607 5686 pompam,
1635 5619 1826 5687 strepi-

237 5713 460 5773 tumque
508 5704 862 5771 exstinctum,
915 5707 1315 5777 marcidumque
1368 5709 1585 5764 factum.
1637 5711 1824 5767 Omnia

237 5793 397 5862 cinis,
425 5794 602 5852 omnia
629 5794 804 5852 favilla
831 5804 883 5853 et
910 5797 1110 5868 pulvis.
1153 5798 1383 5855 lamenta
1422 5808 1476 5855 et
1501 5800 1702 5868 luctus,
1734 5819 1824 5859 ne-

1449 402 1535 456 DE
1574 397 1846 455 LAZARO
1884 397 2128 455 CONCIO
2170 398 2230 454 ll.

3376 401 3482 455 986

1904 511 2048 565 mine
2090 521 2464 578 succurrente,
2517 526 2689 583 neque
2736 512 2898 566 semel
2931 526 3202 582 egressam
3250 512 3487 570 animam

1903 614 2083 674 postea
2115 613 2434 659 revocante:
2475 613 2597 659 tunc
2634 603 2999 659 declarabatur
3021 603 3148 673 quid
3192 604 3359 672 possit
3384 618 3484 656 au-

1903 713 2049 763 rum,
2083 696 2208 766 quid
2238 699 2442 766 possint
2474 698 2704 766 copiosas
2737 696 2952 751 divitim.
2985 695 3258 765 Siquidem
3284 709 3350 749 ex
3378 703 3485 747 tam

1903 787 2164 856 frequenti
2197 787 2452 840 famulitio
2478 787 2652 840 nudus
2679 786 2935 839 abductus
2962 795 3044 841 est
3073 793 3125 838 et
3146 785 3326 849 solus,
3355 783 3497 838 nihil

1903 893 1969 933 ex
1999 886 2141 932 tanta
2168 877 2439 932 affluentia
2465 892 2644 932 secum
2673 876 2810 932 ferre
2837 877 3050 941 valens,
3083 876 3179 932 sed
3203 876 3449 931 desertus
3470 915 3486 940 ,

1905 968 2244 1034 indefensus,
2289 983 2351 1022 ac
2396 968 2704 1037 neglectus:
2739 967 2915 1021 nullus
2939 981 3158 1031 eorum,
3203 967 3293 1037 qui
3340 971 3489 1035 prius

1903 1074 2024 1114 eum
2052 1060 2300 1114 colebant
2321 1102 2334 1121 .
2363 1060 2451 1130 qui
2476 1059 2886 1124 auxiliahantur,
2914 1058 3126 1124 aderat,
3153 1066 3434 1126 erepturus
3460 1072 3489 1110 a

1906 1167 2060 1221 poena
2087 1167 2150 1206 ac
2179 1152 2468 1222 supplicio,
2500 1151 2593 1206 sed
2620 1152 2689 1206 ab
2729 1152 2831 1206 illis
2856 1149 3098 1206 omnibus
3124 1149 3384 1214 divulsus,
3414 1163 3492 1203 so-

1904 1243 1988 1298 lus
2014 1245 2336 1313 interceptus
2357 1254 2458 1310 est,
2483 1253 2540 1298 ut
2561 1245 2645 1298 illa
2674 1259 2781 1298 non
2810 1242 3024 1298 ferenda
3053 1243 3310 1312 supplicia
3333 1242 3493 1296 susti-

1906 1346 2078 1391 neret.
2113 1336 2246 1391 Vere
2286 1335 2462 1389 Omnis
2496 1352 2614 1390 caro
2648 1341 2838 1406 frenum
2866 1344 2913 1389 et
2946 1334 3107 1389 omnis
3141 1333 3307 1405 gloria
3333 1333 3494 1386 homi-

1910 1427 1990 1480 nis
2016 1435 2270 1495 tamquam
2298 1429 2395 1496 ﬂos
2420 1427 2541 1496 [mni
2565 1443 2584 1482 :
2613 1428 2805 1481 exaruit
2831 1443 3067 1497 gramen,
3094 1434 3138 1479 et
3160 1426 3258 1495 ﬂos
3285 1423 3493 1487 decidit,

1907 1518 1995 1572 sed
2020 1519 2222 1572 verbum
2257 1517 2466 1572 Domini
2492 1528 2658 1572 manet
2685 1518 2737 1571 in
2765 1527 3004 1574 (sternam
3031 1516 3182 1588 (Isai.
3213 1515 3301 1571 40.
3331 1516 3383 1571 6.
3414 1513 3515 1586 8).‘

1910 1609 2064 1675 Venit
2094 1617 2238 1664 mors
2265 1619 2319 1665 et
2345 1611 2599 1665 exstinxit
2623 1610 2710 1664 illa
2752 1609 2952 1665 omnia.
2993 1607 3103 1664 Nec
3138 1607 3294 1662 aliter
3337 1621 3496 1677 quam

1910 1703 2172 1771 captivum
2199 1711 2469 1770 arreptum
2501 1702 2645 1756 illum
2672 1700 2892 1755 abduxit
2914 1699 3161 1754 demissis
3183 1699 3373 1764 oculis,
3403 1713 3498 1767 pu-

1909 1791 2040 1846 dore
2070 1791 2308 1861 plenum,
2342 1807 2447 1846 non
2476 1791 2759 1846 audentem
2787 1791 3015 1856 hiscere,
3046 1796 3386 1852 trementem,
3411 1802 3500 1856 pa-

1911 1883 2112 1948 vidum,
2138 1883 2363 1951 perinde
2383 1884 2532 1953 quasi
2557 1885 2610 1938 in
2635 1884 2857 1938 somniis
2877 1883 3142 1938 universis
3164 1882 3268 1936 illis
3293 1881 3501 1936 deliciis

1912 1972 2101 2026 fruitus
2131 1973 2443 2027 fuisset.—Ac
2469 1983 2589 2042 post
2630 1973 2745 2028 haec
2791 1973 3010 2042 supplex
3041 1972 3191 2026 dives
3220 1971 3393 2026 factus
3421 1979 3502 2027 est

1913 2064 2150 2132 pauperi,
2182 2072 2342 2133 atque
2381 2078 2524 2118 nunc
2569 2063 2710 2117 illius
2751 2072 2872 2133 eget
2915 2077 3134 2128 mensa,
3180 2062 3272 2133 qui
3302 2063 3500 2116 dudum

1913 2154 2178 2209 esuriebat
2199 2196 2213 2220 ,
2245 2155 2386 2210 illius
2426 2155 2514 2224 qui
2544 2170 2737 2210 canum
2768 2157 2955 2208 rostris
2997 2153 3238 2225 ohjectus
3271 2154 3501 2223 iacebat.

1912 2243 2019 2298 Res
2039 2253 2377 2298 commutatae
2399 2255 2544 2311 sunt,
2570 2245 2798 2300 universi
2821 2254 3183 2316 cognoverunt
3203 2253 3322 2300 uter
3345 2245 3505 2302 fuerit

1913 2336 2084 2403 dives,
2115 2345 2231 2390 uter
2257 2352 2476 2406 pauper,
2500 2336 2748 2407 quodque
2774 2337 3004 2392 Lazarus
3027 2336 3242 2406 quidem
3269 2337 3504 2392 omnium

1915 2428 2076 2484 fuerit
2113 2428 2554 2499 opulentissimus
2574 2469 2588 2494 ,
2619 2429 2709 2482 ille
2743 2437 2927 2482 contra
2955 2429 3192 2482 omnium
3223 2427 3504 2497 pauperri-

1915 2536 2053 2575 mus.
2086 2519 2544 2586 Quemadmodum
2573 2520 2716 2574 enim
2745 2528 2955 2574 actores
2985 2520 3036 2573 in
3075 2534 3235 2574 scena
3255 2559 3271 2583 ,
3315 2534 3499 2588 regum

1915 2627 1978 2666 ac
2001 2612 2193 2666 ducum
2236 2625 2526 2680 personas,
2560 2611 2687 2664 item
2730 2610 3057 2666 medicorum
3085 2627 3150 2666 ac
3192 2610 3466 2666 rhetorum
3493 2653 3507 2675 ,

1915 2701 2312 2772 sophistarum,
2359 2717 2422 2756 ac
2472 2703 2698 2756 militum
2747 2713 3080 2757 assumentes
3120 2702 3508 2772 ingrediuntur,

1916 2807 2036 2846 cum
2069 2792 2166 2860 ipsi
2215 2792 2348 2846 nihil
2396 2792 2584 2846 horum
2629 2793 2772 2848 sint:
2803 2794 2880 2847 sic
2908 2808 3037 2847 sane
3062 2802 3116 2848 et
3163 2794 3216 2848 in
3260 2794 3510 2862 praesenti

1918 2882 2020 2934 vita
2051 2891 2331 2950 paupertas
2373 2897 2435 2937 ac
2459 2882 2658 2937 divitia:
2687 2883 2818 2938 nihil
2845 2883 2986 2937 aliud
3016 2892 3174 2949 sunt,
3203 2899 3362 2954 quam
3389 2899 3512 2954 per-

1921 2986 2123 3032 sonata:
2152 2978 2332 3032 larvas.
2361 2977 2508 3032 Sicut
2535 2978 2694 3048 igitur
2719 2978 2770 3032 in
2799 2977 3006 3033 theatro
3032 2978 3247 3042 sedens,
3279 2981 3324 3033 si
3352 2993 3511 3048 quem

1917 3067 2147 3133 videris,
2178 3083 2243 3122 ex
2275 3067 2338 3121 iis
2363 3068 2451 3137 qui
2495 3067 2717 3122 inferius
2748 3067 2954 3133 ludunt,
2986 3083 3266 3136 personam
3293 3077 3512 3139 gestan-

1921 3170 2026 3217 tem
2055 3161 2196 3231 rcgis
2219 3203 2233 3226 ,
2284 3177 2388 3216 non
2429 3161 2641 3230 judicas
2685 3177 2808 3216 eum
2839 3161 3051 3216 beatum
3071 3202 3084 3225 ,
3133 3176 3306 3230 neque
3331 3176 3512 3231 regem

1920 3266 2040 3306 esse
2067 3251 2240 3307 credis
2265 3293 2280 3317 ,
2311 3252 2419 3307 imo
2446 3266 2546 3307 nec
2576 3251 2688 3322 ipse
2712 3251 2912 3320 optaris
2941 3266 3060 3305 esse
3086 3250 3206 3304 talis
3231 3269 3243 3304 :
3276 3250 3370 3305 sed
3393 3266 3514 3305 cum

1921 3342 2057 3396 scias
2081 3341 2220 3411 quod
2249 3342 2318 3396 sit
2345 3343 2608 3413 quispiam
2639 3357 2704 3398 ex
2734 3343 2796 3397 iis
2837 3343 2927 3412 qui
2955 3351 3235 3397 versantur
3263 3343 3315 3396 in
3362 3343 3478 3397 foro
3497 3385 3514 3409 ,

1922 3431 2125 3487 funium
2156 3432 2333 3504 opifex
2359 3442 2451 3489 aut
2470 3433 2625 3490 faber
2651 3435 2873 3489 aerarius
2897 3475 2912 3499 ,
2942 3444 3033 3489 aut
3057 3435 3202 3489 aliud
3225 3435 3515 3506 quidquam

1923 3524 2028 3579 tale
2047 3566 2062 3590 ,
2094 3540 2198 3579 non
2223 3525 2433 3596 judicas
2463 3524 2610 3580 illum
2638 3525 2851 3581 beatum
2877 3525 2947 3579 ob
2970 3541 3252 3594 personam
3276 3567 3290 3590 ,
3333 3534 3426 3580 aut
3447 3527 3520 3581 ob

1923 3623 2125 3668 vestem
2144 3655 2160 3680 ,
2212 3631 2384 3684 neque
2413 3631 2478 3670 ex
2507 3616 2652 3670 hisce
2695 3615 2856 3670 rebus
2882 3617 3115 3669 :eSIimas
3144 3616 3286 3671 illius
3312 3617 3473 3671 vitam
3497 3657 3525 3683 ,

1923 3704 2018 3760 sed
2046 3700 2260 3774 despnis
2288 3705 2462 3774 potius
2487 3705 2634 3760 illum
2671 3705 2739 3760 oh
2764 3705 2920 3760 aliam
2951 3707 3205 3760 vilitatem
3233 3726 3246 3762 :
3278 3708 3356 3762 sic
3377 3723 3510 3762 sane

1923 3803 1978 3848 et
2000 3793 2086 3849 hic
2113 3795 2254 3849 velut
2278 3795 2330 3849 in
2363 3796 2593 3862 theatro,
2625 3795 2870 3850 videlicet
2899 3797 2948 3850 in
2983 3797 3182 3852 mundo
3207 3797 3424 3864 sedens,
3459 3808 3517 3854 et

1928 3885 1979 3938 in
2010 3900 2166 3939 scena
2196 3885 2438 3940 ludentes
2468 3897 2736 3957 spectans,
2771 3888 2860 3942 ubi
2887 3888 3088 3944 videris
3104 3891 3411 3960 complures
3435 3890 3518 3946 di-

1927 3976 2083 4042 vites,
2111 3992 2178 4031 ne
2201 3987 2352 4047 putes
2378 3993 2500 4033 vere
2525 3978 2715 4033 divites
2741 3994 2880 4045 esse,
2907 3979 3000 4034 sed
3025 3979 3248 4035 divitum
3275 3981 3528 4038 obtectos

1928 4066 2189 4134 personis.
2236 4066 2368 4120 Nam
2397 4067 2846 4136 quemadmodum
2891 4069 3000 4135 ille,
3031 4070 3120 4140 qui
3160 4071 3212 4125 in
3243 4087 3403 4126 scena
3430 4088 3520 4126 re-

1925 4171 2044 4226 gem
2071 4165 2162 4212 aut
2188 4157 2312 4212 belli
2339 4157 2529 4213 ducem
2556 4158 2684 4228 agit,
2716 4158 3025 4228 frequenter
3053 4171 3136 4215 est
3166 4161 3395 4216 famulus
3422 4177 3516 4217 co-

1929 4262 2067 4311 rum,
2101 4248 2190 4318 qui
2233 4248 2365 4303 ficus
2389 4259 2479 4302 aut
2506 4249 2690 4303 botros
2715 4250 2956 4304 vendunt
2984 4251 3034 4304 in
3063 4251 3216 4307 foro:
3252 4253 3436 4308 itidem
3465 4263 3520 4308 et

1931 4339 2189 4394 hicdives
2217 4340 2408 4395 crebro
2439 4341 2722 4411 pauperior
2761 4351 2842 4396 est
2872 4343 3134 4397 omnibus.
3179 4345 3332 4410 Quod
3359 4347 3403 4398 si
3425 4345 3528 4400 deo

1931 4429 2156 4497 traxerig
2180 4430 2253 4484 illi
2281 4445 2583 4500 personam,
2614 4431 2659 4486 si
2685 4433 3070 4486 conscientiam
3097 4435 3332 4502 explices
3354 4445 3408 4490 et
3442 4437 3522 4490 in-

1929 4518 2186 4586 grediaris
2235 4521 2470 4574 animum
2493 4562 2506 4585 ,
2548 4522 2766 4576 multam
2807 4523 2912 4577 illic
2939 4522 3174 4578 offendes
3201 4526 3410 4579 virtutis
3438 4528 3522 4580 in-

1930 4610 2143 4678 opiam,
2189 4613 2594 4682 comperiesque
2639 4614 2878 4668 omnium
2919 4614 3193 4670 hominum
3222 4619 3522 4686 abjectissi-

1933 4715 2097 4754 mnm.
2128 4700 2586 4767 Quemadmodum
2617 4705 2758 4759 enim
2788 4707 3019 4761 instante
3046 4721 3291 4777 vespera,
3319 4710 3523 4780 digres-

1931 4791 2111 4861 sisqne
2133 4793 2221 4862 qui
2249 4794 2626 4858 consederant,
2662 4796 2749 4850 ubi
2781 4796 2981 4852 fuerint
3000 4813 3030 4851 e
3064 4798 3270 4852 theatro
3297 4801 3522 4869 egressi,

1934 4880 2280 4954 habitumque
2323 4884 2515 4938 fabulae
2539 4884 2882 4955 deposuerint
2913 4906 2926 4941 :
2972 4889 3062 4957 qui
3108 4891 3254 4959 prius
3279 4906 3434 4962 reges
3457 4909 3521 4947 ac

1934 4973 2097 5028 duces
2125 4991 2244 5030 esse
2268 4978 2602 5043 videbantur,
2636 4988 2755 5048 post
2775 4990 3034 5049 apparent
3059 4980 3159 5036 hoc
3183 4983 3324 5052 quod
3353 4995 3476 5039 sunt
3501 5004 3513 5038 :

1935 5066 2004 5119 ita
2026 5082 2154 5122 sane
2174 5077 2226 5123 et
2249 5085 2407 5133 nunc,
2433 5080 2713 5140 postquam
2737 5088 2881 5126 mors
2900 5073 2964 5126 ad
2976 5076 3202 5142 venerit,
3228 5075 3522 5132 theatrum-

1935 5171 2037 5226 que
2059 5157 2338 5213 dimissum
2368 5160 2557 5225 fuerit,
2601 5177 2722 5215 cum
2751 5162 3056 5219 divitiarum
3088 5170 3521 5239 paupertatisque

1937 5264 2195 5318 personas
2225 5251 2591 5320 deposuerint,
2617 5268 2806 5309 omnes
2832 5255 2956 5310 illuc
2982 5258 3201 5325 profecti
3227 5301 3240 5320 ,
3268 5269 3429 5329 atque
3454 5277 3521 5316 ex

1935 5341 2063 5396 solis
2085 5343 2333 5412 operibus
2356 5345 2596 5413 judicati,
2620 5346 2894 5402 declarant
2914 5349 3002 5418 qui
3027 5365 3151 5405 vere
3177 5352 3285 5405 sint
3304 5353 3518 5420 divites,

1935 5434 2182 5506 qui_vere
2210 5451 2467 5505 pauperes
2495 5457 2508 5492 :
2541 5440 2630 5509 qui
2660 5441 2926 5506 honorati,
2959 5452 3012 5496 et
3034 5443 3122 5513 qui
3145 5443 3383 5503 obscuri.

2005 5527 2057 5582 ι.
2093 5528 2269 5582 Divitis
2308 5541 2498 5596 quanta
2544 5531 2696 5599 fuerit
2753 5543 3046 5604 paupertas.
3079 5536 3351 5606 -—-ltaque
3409 5537 3514 5593 frc-

1935 5631 2162 5690 quenter
2205 5622 2295 5685 fit,
2337 5631 2394 5674 ut
2439 5623 2527 5691 qui
2581 5622 2666 5676 hic
2707 5624 2757 5677 in
2812 5625 3034 5680 divitum
3083 5643 3308 5682 nurnero
3346 5629 3522 5694 fuerit,

1938 5711 2043 5765 illic
2093 5713 2390 5781 reperiatur
2442 5713 2677 5765 omnium
2724 5716 3111 5784 pauperrimus,
3160 5717 3209 5770 id
3248 5720 3388 5787 quod
3433 5735 3518 5772 ac-

1936 5805 2064 5858 cidit
2085 5803 2204 5858 huic
2232 5804 2399 5858 diviti.
2433 5803 2562 5857 Nam
2592 5804 2912 5877 simulatque
2950 5807 3262 5864 incubuerat
3284 5827 3523 5877 vespera.
