4160 6324
692 345 790 399 987

694 465 791 515 hoc
817 469 899 514 est
945 472 1124 526 mors,
1168 472 1318 527 teque
1368 456 1643 524 prtesentis
1670 455 1788 508 vita:
1821 454 2031 509 theatro
2076 466 2268 523 egreso

694 566 786 623 sus
830 559 915 606 est
936 589 953 614 ,
984 562 1372 617 personamque
1398 547 1682 616 deposuit,
1714 546 1859 599 visus
1895 554 1977 600 est
2020 544 2125 599 illic
2153 558 2273 598 om-

692 642 837 694 nium
877 654 996 694 esse
1026 637 1391 708 pauperrimus
1424 654 1435 690 :
1469 636 1605 691 adeo
1653 649 1780 690 vero
1835 649 2064 704 pauper,
2098 643 2155 687 ut
2208 648 2274 687 ne

693 742 895 802 guttam
926 732 1137 802 quidem
1164 746 1315 802 aqua:
1367 731 1587 786 haberet
1633 730 1687 785 in
1726 745 1820 785 sua
1850 720 2109 799 potestate
2134 770 2149 794 ,
2180 728 2273 783 sed

694 842 793 895 pro
842 828 940 879 hac
985 834 1233 895 rogaret,
1275 839 1447 893 neque
1493 823 1633 894 quod
1712 824 1969 893 petebat,
2021 824 2272 891 consequi

696 920 945 987 potuerit.
972 918 1110 984 Quid
1137 918 1236 973 hac
1284 926 1591 987 paupertate
1618 918 1901 987 pauperius
1926 931 2045 970 esse
2070 915 2276 986 posset?

691 1011 921 1065 Sublatis
933 1011 1072 1064 enim
1086 1011 1253 1065 oculis
1265 1010 1474 1075 suis,ait
1485 1011 1549 1064 ad
1563 1010 1831 1064 Abraham
1842 1026 1852 1061 :
1863 1008 2275 1074 Paler,miserere

692 1102 806 1166 mei,
832 1112 879 1155 et
905 1104 1043 1155 mitte
1071 1101 1342 1171 Lazarum,
1366 1111 1419 1155 ut
1444 1102 1661 1171 intingat
1680 1118 1929 1156 sumntum
1948 1101 2094 1171 digiti
2118 1102 2199 1154 sui
2224 1101 2277 1153 in

690 1210 915 1262 aquam,
968 1202 1013 1246 et
1062 1193 1271 1247 instillet
1340 1193 1417 1246 ori
1467 1210 1575 1246 meo
1628 1192 1775 1264 (Luc.
1828 1192 1913 1248 16.
1946 1193 2064 1264 24).
2116 1192 2276 1246 Vides

689 1292 889 1352 quanta
931 1299 1017 1337 res
1048 1284 1117 1337 sit
1165 1282 1424 1338 afﬂictio?
1452 1284 1583 1339 Cum
1617 1285 1892 1353 proximus
1937 1294 2083 1340 esset
2113 1284 2277 1338 Laza-

692 1388 817 1441 rus,
852 1374 1156 1443 przeteribat
1188 1393 1201 1428 :
1231 1390 1372 1429 nunc
1400 1390 1520 1429 cum
1572 1376 1754 1444 procul
1797 1376 1967 1438 absit,
2020 1376 2227 1428 invocat
2258 1395 2271 1427 :

691 1479 849 1532 quem
902 1464 1208 1533 frequenter
1233 1464 1535 1534 ingrediens
1578 1475 1632 1519 et
1668 1466 1946 1535 egrediens
1996 1480 2101 1517 non
2129 1464 2276 1519 vide-

692 1554 815 1621 bat,
848 1554 989 1609 htmc
1039 1556 1221 1625 procul
1272 1564 1535 1609 semotum
1584 1555 2113 1625 diligenter‘aspieit.
2169 1556 2276 1610 Sed

692 1660 849 1712 quam
898 1644 968 1698 ob
1011 1660 1225 1699 causam
1276 1645 1424 1698 illum
1473 1645 1749 1699 intuetur?
1796 1644 2125 1715 Frequenter
2164 1644 2275 1699 for-

693 1746 834 1789 tasse
864 1736 1068 1791 dixerat
1097 1737 1243 1791 dives
1285 1738 1381 1790 iste
1402 1778 1417 1803 ,
1450 1753 1704 1806 quorsum
1747 1737 1876 1792 mihi
1914 1752 2047 1807 opus
2080 1739 2277 1807 pietate

691 1841 755 1878 ac
782 1826 1020 1880 virtute?
1044 1827 1241 1888 Cuncta
1273 1826 1401 1880 mihi
1429 1826 1570 1879 velut
1605 1843 1636 1881 e
1664 1827 1807 1881 fonte
1837 1826 2077 1892 afﬂuunt,
2109 1828 2274 1880 multa

693 1914 840 1969 fruor
884 1917 1268 1984 prosperitate,
1331 1915 1514 1970 multis
1563 1917 1797 1985 opibus,
1854 1916 1987 1970 nihil
2036 1918 2277 1973 sustineo

692 2022 869 2061 rerum
899 2007 1288 2076 inopinatarum
1325 2026 1337 2060 :
1380 2023 1538 2077 quam
1569 2008 1639 2062 ob
1666 2023 1777 2062 rem
1832 2016 2077 2076 expetam
2107 2008 2275 2062 virtu-

692 2098 844 2152 tem?
871 2098 969 2153 llic
1015 2098 1216 2168 pauper
1240 2099 1327 2169 qui
1354 2098 1495 2167 jttste
1542 2100 1732 2169 pieque
1774 2100 1903 2153 vivit
1931 2140 1945 2164 ,
1998 2101 2274 2155 innumera

692 2190 889 2259 patitur
936 2191 1096 2245 mala.
1150 2191 1274 2245 Hac
1312 2206 1451 2246 nunc
1504 2207 1715 2261 quoque
1764 2191 1913 2246 multi
1967 2191 2275 2262 frequenter

689 2284 892 2337 dicunt.
924 2282 991 2337 Ut
1044 2283 1201 2351 igitur
1225 2282 1481 2337 radicitus
1510 2282 1606 2337 has
1634 2298 1823 2352 pravas
1857 2284 2141 2339 revelleret
2168 2287 2277 2353 opi-

689 2376 874 2429 niones
902 2414 919 2437 ,
952 2373 1280 2428 demonstrat
1332 2374 1445 2438 illi,
1497 2374 1636 2445 quod
1686 2376 1906 2431 malitia:
1945 2377 2175 2445 reposita
2207 2378 2277 2431 sit

690 2466 820 2519 ultio
848 2482 865 2520 ;
892 2474 1078 2519 contra
1126 2465 1299 2520 honor
1340 2476 1393 2520 et
1421 2481 1617 2521 corona
1656 2466 1927 2522 laboribus
1954 2482 2053 2537 pro
2079 2470 2274 2538 pietate

686 2558 967 2625 susceptis.
1006 2555 1121 2610 Non
1150 2566 1369 2626 propter
1393 2556 1495 2611 hoc
1523 2557 1697 2612 solum
1723 2569 1901 2612 autem
1932 2559 2061 2613 vidit
2103 2560 2271 2625 illum,

688 2650 779 2703 sed
825 2659 882 2702 ut
930 2664 1048 2718 qua:
1076 2664 1265 2719 passus
1307 2649 1495 2705 fuisset
1516 2666 1735 2721 pauper,
1772 2651 1885 2705 haec
1925 2667 2067 2706 nunc
2111 2662 2164 2707 et
2192 2652 2274 2705 di-

687 2756 781 2796 ves
807 2750 1081 2810 pateretur
1132 2741 1299 2795 multo
1349 2742 1583 2810 gravius.
1614 2742 2076 2809 Quemadmodum
2128 2744 2272 2799 enim

688 2834 761 2887 illi
808 2832 1170 2886 molestiorem
1218 2832 1449 2886 reddidit
1497 2833 1825 2897 cruciatum,
1880 2833 2022 2902 quod
2067 2834 2119 2887 in
2178 2849 2273 2889 ve-

686 2925 882 2980 stibulo
905 2924 1082 2979 divitis
1102 2924 1326 2993 jaceret,
1347 2924 1487 2995 quod
1519 2925 1724 2979 videret
1751 2927 1921 2980 aliena
1948 2927 2227 2982 commoda
2254 2944 2267 2979 :

691 3016 769 3069 sic
797 3026 852 3070 et
891 3015 1015 3071 huic
1064 3017 1362 3085 graviorem
1402 3016 1629 3071 reddidit
1678 3018 1969 3073 cruciatum
1995 3059 2011 3083 ,
2047 3018 2187 3087 quod
2220 3019 2269 3072 in

685 3107 928 3176 gehenna
952 3109 1153 3176 ja‘ccret
1176 3150 1190 3173 ,
1220 3107 1360 3177 quod
1392 3107 1578 3162 Lazari
1618 3108 1822 3163 videret
1856 3109 2075 3164 delicias
2100 3152 2115 3177 ,
2165 3126 2271 3180 quo

689 3214 794 3253 non
843 3200 1015 3253 solum
1048 3208 1234 3252 natura
1268 3199 1650 3269 suppliciorum
1677 3241 1691 3262 ,
1721 3215 1907 3254 verum
1946 3202 2105 3254 etiam
2132 3216 2271 3255 com-

684 3291 958 3359 paratione
985 3289 1203 3344 honoris
1229 3290 1366 3344 illius
1397 3291 1870 3347 intolerabiliorem
1901 3291 2123 3347 haberet
2144 3309 2265 3347 cru-

679 3384 896 3436 ciatunt.
927 3382 993 3436 Et
1014 3381 1458 3451 quemadmodum
1483 3382 1652 3436 Adam
1681 3398 1711 3437 e
1738 3382 1984 3452 paradiso
2012 3384 2265 3453 ejectum,

680 3492 710 3527 c
739 3474 957 3544 regione
986 3472 1217 3543 paradisi
1265 3474 1506 3529 habitare
1525 3474 1685 3544 jussit
1717 3475 1857 3529 Deus
1882 3518 1895 3541 ,
1925 3485 1983 3529 ut
2022 3476 2267 3531 assiduus

678 3577 996 3636 conspectus
1034 3582 1298 3622 renovans
1323 3568 1621 3623 molestiam
1647 3612 1661 3635 ,
1686 3571 2011 3629 exactiorem
2038 3571 2108 3623 illi
2133 3587 2268 3638 pra:-

682 3662 829 3715 bcret
872 3675 1085 3714 sensum
1130 3660 1458 3729 expulsionis
1491 3675 1521 3715 e
1548 3661 1703 3715 bonis
1731 3680 1744 3715 :
1770 3662 1841 3714 ita
1886 3676 2014 3716 sane
2044 3671 2098 3716 et
2127 3662 2268 3717 hunc

677 3768 708 3803 e
738 3751 955 3821 regione
1006 3752 1191 3805 Lazari
1219 3751 1511 3816 constituit,
1535 3766 1640 3821 quo
1666 3752 1872 3806 videret
1893 3752 2083 3821 quibus
2114 3754 2266 3808 bonis

679 3845 911 3913 seipsum
960 3844 1241 3913 privasset.
1277 3843 1393 3897 Misi
1438 3844 1567 3909 tibi,
1621 3844 1821 3912 inquit,
1902 3844 1954 3897 in
2004 3846 2265 3899 vestibulo

677 3937 933 3990 Lazarum
962 3951 1247 4005 pauperem
1271 3976 1286 4001 ,
1312 3944 1369 3989 ut
1393 3935 1487 3989 tibi
1513 3934 1578 3988 ad
1601 3934 1849 3988 virtutem
1873 3935 2062 3989 doctor
2086 3944 2259 3999 esset,

673 4046 736 4085 ac
763 4030 1102 4100 benignitatis
1122 4028 1339 4082 materia
1359 4043 1371 4079 :
1390 4028 1754 4097 contempsisti
1783 4029 2021 4083 lucrum’:
2049 4029 2261 4082 noluisti

672 4116 903 4192 adquod
928 4121 1161 4190 oportuit
1196 4119 1270 4173 uti
1298 4120 1482 4173 salutis
1512 4119 1797 4173 occasione
1824 4160 1838 4183 ,
1863 4128 2013 4173 utere
2038 4118 2262 4187 posthac

672 4216 761 4267 illo
804 4214 870 4267 ad
912 4212 1129 4280 majoris
1149 4211 1415 4264 cruciatus
1436 4210 1790 4279 suppliciique
1820 4210 2123 4264 materiam.
2167 4209 2251 4262 Ex

672 4295 753 4360 llas
797 4306 1083 4368 discimus,
1109 4302 1250 4372 quod
1294 4317 1480 4357 omnes
1529 4303 1675 4373 quia
1724 4303 1880 4357 nobis
1921 4312 2046 4357 sunt
2072 4312 2262 4357 contu-

674 4397 846 4451 meliis
875 4406 930 4450 et
974 4396 1181 4461 injuriis
1210 4392 1420 4455 affecti,
1468 4403 1593 4449 tunc
1619 4386 1742 4449 ante
1782 4394 1972 4450 faciem
2019 4404 2258 4449 nostram

671 4498 989 4543 statuentur.
1019 4486 1351 4556 Quamquam
1398 4484 1484 4540 hic
1512 4485 1641 4540 nihil
1680 4501 1710 4539 a
1754 4486 1917 4541 divite
1938 4487 2145 4555 accepit
2175 4486 2258 4539 in-

672 4581 824 4649 juria:
852 4597 865 4632 :
888 4594 1064 4647 neque
1091 4578 1242 4635 enim,
1258 4577 1401 4631 illius
1419 4577 1670 4646 pecunias
1686 4585 1968 4646 usurparat
1988 4576 2257 4641 dives,sed

672 4688 796 4727 snas
824 4686 928 4725 non
960 4670 1308 4741 impartierat.
1344 4669 1495 4736 Quod
1534 4669 1579 4723 si
1605 4670 1648 4721 is
1677 4669 1767 4737 qui
1811 4683 1904 4723 sua
1936 4684 2040 4722 non
2064 4669 2260 4739 impar-

668 4768 769 4829 tiit,
825 4773 1189 4819 accusatorem
1218 4762 1377 4817 habet
1405 4775 1525 4816 eum
1553 4804 1567 4827 ,
1596 4760 1681 4816 cui
1710 4760 1921 4830 negavit
1951 4760 2257 4814 misericor-

672 4857 856 4909 diam:
885 4854 979 4935 qui
1033 4853 1205 4908 aliena
1259 4867 1469 4921 quoque
1525 4851 1797 4921 rapuerit,
1852 4865 2009 4920 quam
2045 4850 2254 4904 veniam

666 4954 1054 5016 consequetur,
1111 4942 1344 5012 undique
1384 4941 1553 5012 ipsum
1606 4940 2076 4995 circumstantibus
2122 4956 2255 5010 quos

669 5039 850 5094 affecit
879 5037 1070 5107 injuria
1092 5037 1115 5090 ?
1136 5036 1252 5091 Non
1280 5035 1423 5089 enim
1454 5034 1561 5087 illic
1589 5049 1723 5103 opus
1748 5033 1849 5087 erit
1878 5034 2130 5099 testibus,
2161 5050 2256 5089 ne-

664 5150 770 5201 que
806 5114 1240 5197 accusatoribus,
1293 5141 1467 5198 neque
1512 5125 1912 5194 probationibus
1936 5165 1951 5189 ,
1980 5140 2149 5193 neque
2177 5126 2251 5179 si-

660 5227 801 5295 gnis,
831 5237 1015 5277 verum
1047 5208 1301 5291 ipsm'pcr
1330 5233 1388 5271 se
1430 5231 1519 5273 res
1548 5217 1711 5282 tales,
1743 5215 1928 5286 quales
1953 5231 2046 5271 eas
2076 5216 2247 5286 gessi-

668 5332 807 5381 mus,
840 5323 964 5369 ante
993 5314 1426 5369 oculosrnostros
1452 5307 1802 5378 apparebunt.

728 5408 931 5478 Rapina
960 5414 1032 5459 est
1057 5420 1157 5458 non
1185 5402 1555 5456 communicare
1585 5399 1887 5469 pauperibus
1916 5398 2251 5453 sam—Ecce

663 5502 828 5565 enim,
857 5498 1061 5567 inquit,
1092 5495 1252 5549 homo
1280 5502 1333 5547 ct
1361 5506 1525 5561 opera
1564 5490 1716 5559 ejus:
1750 5488 2011 5559 siquidem
2054 5499 2109 5543 et
2149 5490 2251 5543 hoc

666 5594 849 5661 rapina
876 5598 993 5653 est,
1040 5602 1145 5641 non
1196 5583 1455 5653 impartiri
1493 5582 1559 5636 de
1595 5581 1715 5645 ,tuis
1765 5580 2121 5635 facultatibus.
2174 5582 2250 5634 Ac

652 5685 903 5737 fortassis
932 5682 1082 5736 vobis
1114 5680 1304 5734 mirum
1335 5675 1547 5730 videtur
1572 5689 1691 5729 esse
1718 5673 1857 5743 quod
1887 5673 2027 5740 dico,
2060 5688 2245 5728 verum

654 5792 725 5834 ne
760 5775 1025 5833 miremini
1054 5792 1063 5827 :
1091 5769 1452 5830 testimonium
1480 5768 1623 5826 enim
1654 5766 1805 5824 vobis
1833 5781 1862 5823 e
1888 5766 2080 5825 divinis
2108 5765 2247 5823 Scri-

1365 338 1419 393 S.
1461 335 1737 392 JOANNIS
1770 332 2235 390 CllRYSOSTOMI
2280 330 2590 389 ARCIIIEP.
2632 332 3163 391 CONSTANTINOP.

3867 335 3967 392 988

2380 452 2548 521 pluris
2602 454 2905 523 proferam,
2950 456 3169 521 dicens,
3206 458 3349 527 quod
3395 472 3500 514 non
3553 458 3729 515 solum
3782 473 3965 531 rapere

2381 543 2550 597 aliena
2578 585 2593 611 ,
2623 560 2806 600 verum
2834 546 2994 601 etiam
3039 557 3126 601 tua
3169 562 3277 602 non
3327 548 3603 618 impartire
3631 551 3847 605 caeteris
3869 591 3885 614 ,
3913 558 3964 604 et

2380 634 2565 703 rapina
2593 634 2694 701 sit,
2726 647 2778 690 et
2804 635 3065 692 fraudatio
3088 678 3104 703 ,
3133 646 3191 693 et
3224 639 3492 708 spoliatio.
3536 641 3817 707 Quodnam
3836 638 3963 697 illud

2379 725 2509 780 est?
2540 725 2798 781 Dominus
2821 727 3033 784 Judmos
3059 745 3314 787 accusans
3345 747 3441 802 per
3466 734 3778 804 pr0phetam
3804 734 3961 789 dixit:

2379 812 2633 870 Produin
2661 828 2795 871 terra
2815 832 3107 890 prouentum
3128 839 3297 888 suum,
3312 833 3475 878 etnon
3491 827 3705 880 intulisti
3724 810 3975 892 decimas,

2379 906 2469 959 sed
2494 908 2678 978 rapina
2704 912 2940 981 pauperis
2959 921 3030 965 est
3059 913 3111 965 in
3132 914 3363 969 domibus
3391 917 3567 970 vestris
3595 917 3752 985 (Hal.
3779 918 3963 989 3.10).

2380 998 2663 1069 Quoniam,
2704 1003 2891 1073 inquit,
2923 1004 3221 1061 oblationes
3249 1008 3431 1063 solitas
3465 1024 3570 1063 non
3600 1010 3823 1065 dedistis
3844 1052 3860 1075 ,
3889 1026 3965 1065 rso

2382 1093 2570 1162 puistis
2609 1108 2667 1148 ea
2703 1110 2822 1165 qua:
2868 1105 2993 1151 sunt
3034 1098 3299 1168 pauperis.
3324 1099 3437 1154 Hoc
3476 1109 3653 1155 autem
3694 1101 3844 1167 dicit,
3874 1102 3967 1157 de-

2381 1183 2593 1237 clarans
2634 1184 2927 1252 divitibus,
2977 1188 3119 1257 quod
3165 1203 3252 1243 res
3291 1205 3577 1259 pauperum
3628 1192 3966 1261 possideant,

2382 1278 2591 1331 etiamsi
2629 1287 2845 1348 paterna
2876 1279 3173 1338 hereditate
3201 1283 3535 1352 obvenerint,
3565 1287 3775 1341 etiamsi
3808 1286 3969 1343 unde-

2382 1380 2609 1437 cumque
2660 1369 2875 1447 aliunde
2938 1372 3252 1444 collegerint
3302 1377 3574 1445 pecunias.
3629 1378 3707 1431 Ac
3764 1393 3970 1433 rursum

2384 1457 2509 1511 alibi
2540 1458 2670 1513 dicit
2702 1479 2716 1513 :
2748 1460 2830 1515 Ne
2868 1462 3057 1531 spolies
3099 1465 3252 1519 vitam
3282 1468 3519 1535 pauperis
3571 1467 3756 1537 (Eccli.
3787 1470 3841 1523 4.
3877 1468 3927 1539 1)
3954 1486 3969 1523 :

2384 1551 2471 1617 qui
2504 1566 2633 1605 vero
2674 1554 2910 1621 spoliat,
2952 1556 3127 1611 aliena
3179 1558 3334 1612 tollit.
3373 1558 3506 1613 Nam
3550 1561 3801 1630 spoliati-0
3828 1576 3975 1631 qua:-

2383 1640 2503 1693 dam
2535 1642 2761 1709 dicitur,
2805 1660 2927 1699 cum
2954 1647 3127 1703 aliena
3153 1658 3368 1718 accepta
3397 1652 3718 1707 detinemus.
3751 1653 3977 1722 Propter

2385 1733 2486 1787 hoc
2535 1734 2694 1804 igitur
2752 1737 3058 1806 discamus,
3128 1742 3270 1811 quod
3322 1745 3531 1811 quoties
3581 1745 3977 1816 eleemosynam

2383 1839 2488 1877 non
2540 1827 2967 1897 praestiterimus,
2986 1832 3107 1899 pari
3137 1873 3153 1899 ,
3203 1849 3325 1887 cum
3357 1835 3422 1889 iis
3449 1836 3540 1905 qui
3566 1836 3822 1906 spoliant,
3851 1852 3977 1907 sup-

2383 1916 2543 1984 plicio
2589 1917 2903 1974 afﬁciemur.
2935 1922 3142 1979 lleriles
3180 1925 3323 1979 enim
3374 1928 3616 1996 pecunia:
3661 1936 3790 1981 sunt
3818 1928 3979 1983 unde-

2383 2025 2611 2080 cumque
2638 2026 2731 2067 eas
2760 2013 3124 2083 colligerimus
3154 2034 3167 2069 :
3199 2032 3335 2087 quos
3362 2020 3405 2072 si
3434 2018 3486 2072 in
3514 2034 3716 2089 egenos
3734 2034 3828 2074 eas
3857 2036 3979 2074 ero-

2379 2102 2723 2168 gaverimus,
2780 2104 2965 2158 multae
3013 2106 3168 2161 nobis
3206 2122 3338 2176 Opes
3390 2124 3454 2163 ac
3484 2109 3764 2165 facultates
3819 2111 3981 2165 obve-

2385 2191 2551 2245 nient.
2585 2191 2813 2262 Ideoque
2858 2194 2951 2248 tibi
2982 2196 3133 2264 plura
3184 2198 3463 2267 possidere
3504 2202 3773 2255 concessit
3821 2203 3980 2263 Deus.

2384 2298 2489 2336 non
2538 2293 2594 2335 ut
2631 2284 2682 2337 in
2726 2288 3109 2353 scortationes,
3139 2292 3502 2345 temulentiam
3529 2334 3542 2356 ,
3567 2293 3855 2362 ingluviem
3882 2336 3897 2354 .
3930 2296 3982 2349 in

2381 2386 2559 2429 vestes
2595 2387 2934 2445 sumptuosas
2954 2422 2967 2443 ,
2997 2380 3263 2451 aliamque
3292 2383 3569 2438 mollitiem
3610 2400 3980 2448 consumeres,

2384 2465 2478 2518 sed
2530 2475 2586 2520 ut
2654 2483 2717 2521 ea
2762 2467 3109 2526 distribueres
3164 2473 3464 2541 egentibus.
3520 2475 3981 2541 Quemadmodum

2379 2558 2522 2611 cnim
2574 2568 2791 2613 exactor
2818 2561 3081 2630 quiSpiam
3126 2564 3216 2632 qui
3244 2564 3419 2633 regias
3456 2567 3712 2633 pecunias
3752 2569 3980 2637 accepit,

2381 2650 2423 2701 si
2453 2649 2755 2719 neglexerit
2782 2652 2867 2717 iis,
2915 2653 3109 2722 quibus
3134 2653 3317 2723 jussus
3346 2665 3465 2723 est,
3496 2656 3864 2725 distribuere,
3898 2662 3982 2715 in-

2378 2756 2483 2810 que
2542 2743 2786 2810 proprias
2837 2744 3234 2814 consumpserit
3282 2745 3539 2813 delicias,
3588 2750 3765 2817 poenis
3823 2761 3983 2820 atque

2325 2848 2339 2867 ν
2379 2832 2544 2885 exitio
2594 2832 2822 2886 traditur
2852 2851 2865 2885 :
2899 2835 2971 2887 ita
3011 2850 3141 2889 sane
3166 2845 3221 2891 et
3258 2836 3405 2892 dives
3435 2850 3679 2907 receptor
3715 2841 3983 2910 quiSpiam

2378 2931 2460 2975 est
2491 2924 2837 2989 pecuniarum
2865 2966 2880 2989 ,
2908 2941 3025 2994 qua:
3052 2928 3373 2995 pauperibus
3400 2928 3644 2983 distribui
3689 2931 3983 2991 debebant.

2378 3011 2561 3082 Itaque
2606 3028 2726 3066 cum
2757 3015 2808 3067 in
2844 3016 3105 3070 mandatis
3131 3017 3323 3072 habeat
3342 3059 3357 3083 ,
3401 3034 3493 3075 eas
3523 3020 3846 3078 distribuere
3873 3027 3985 3079 suis

2376 3105 2649 3159 conservis
2673 3106 2950 3173 egentibus
2969 3148 2983 3170 ,
3041 3109 3085 3161 si
3112 3109 3238 3179 quid
3265 3112 3494 3179 amplius
3515 3154 3529 3177 ,
3562 3128 3721 3183 quam
3750 3117 3986 3184 postulet

2376 3197 2668 3251 necessitas
2690 3238 2704 3263 ,
2740 3198 2792 3251 in
2824 3200 3060 3268 seips'um
3090 3200 3435 3272 insumpserit
3459 3246 3473 3269 ,
3499 3207 3847 3276 gravissimas
3875 3210 3986 3265 illic

2373 3285 2594 3339 daturus
2622 3295 2705 3341 est
2731 3302 2938 3355 ptenas.
2963 3290 3076 3344 Non
3104 3292 3248 3346 enim
3276 3304 3399 3349 sunt
3450 3294 3619 3366 ipsius
3646 3314 3767 3368 qua:
3806 3301 3985 3370 possi-

2373 3374 2505 3440 det,
2556 3377 2651 3431 sed
2681 3393 3061 3434 conservorum
3089 3382 3249 3438 illius.

2446 3469 2502 3523 5.
2523 3467 2727 3523 Divitiae
2756 3480 2862 3523 tum
2887 3473 3089 3527 demum
3115 3485 3304 3529 nostrae
3326 3456 3454 3543 fiunt
3481 3495 3595 3531 cum
3622 3481 3813 3535 dantur
3841 3500 3984 3552 pau-

2375 3560 2674 3629 peribus.—
2691 3561 2984 3618 Parcamus
3036 3566 3194 3635 igitur
3233 3568 3296 3620 iis
3328 3579 3599 3639 tamquam
3629 3573 3815 3628 alienis
3845 3616 3864 3639 ,
3926 3588 3984 3631 ut

2374 3651 2504 3706 fiant
2534 3661 2739 3707 nostra.
2782 3654 3064 3720 Quomodo
3110 3668 3288 3712 autem
3339 3662 3445 3717 illis
3488 3679 3771 3732 parcemus
3825 3678 3975 3723 tam-

2373 3758 2533 3812 quam
2572 3744 2796 3799 alienis?
2827 3745 2882 3800 Si
2916 3747 3032 3802 illas
3086 3763 3192 3803 non
3237 3751 3289 3804 in
3332 3767 3459 3807 usus
3497 3769 3859 3824 supervacuos
3893 3761 3978 3814 in«

2372 3837 2795 3907 sumpserimus,
2834 3854 3007 3909 neque
3046 3840 3182 3895 adeo
3213 3842 3265 3896 in
3298 3854 3513 3900 nostros
3548 3857 3749 3903 tantum
3791 3867 3925 3907 usus
3957 3896 3974 3921 ,

2371 3930 2465 3985 sed
2507 3945 2798 4000 pauperum
2828 3932 3073 3987 manibus
3104 3934 3575 4003 impartiverimus.
3606 3940 3826 3996 Etiamsi
3856 3944 3978 3999 fue-

2370 4022 2445 4075 ris
2475 4022 2788 4091 opulentus,
2825 4022 2919 4077 sed
2946 4023 3065 4092 plus
3105 4040 3266 4094 quam
3295 4042 3430 4096 opus
3476 4038 3560 4083 est
3593 4031 3971 4102 insumpseris,

2370 4114 2631 4168 rationem
2691 4114 2882 4169 reddes
2933 4116 3280 4185 pecuniarum
3330 4119 3423 4173 tibi
3462 4121 3807 4178 creditarum.
3856 4126 3974 4184 Hoc

2371 4204 2512 4260 idem
2572 4206 2629 4259 fit
2679 4205 2730 4258 in
2760 4206 3077 4275 Optimatum
3104 4208 3330 4263 aedibus.
3372 4210 3521 4266 Multi
3549 4228 3674 4268 suas
3728 4216 3970 4285 ipsorum

2368 4297 2659 4366 apothecas
2675 4295 2887 4351 famulis
2909 4299 3019 4352 suis
3035 4300 3439 4368 commiserunt,
3462 4319 3645 4358 verum
3673 4302 3747 4361 illi
3772 4310 3970 4377 quibus

2367 4389 2670 4443 commissa:
2729 4399 2886 4457 sunt,
2937 4401 3153 4446 servant
3222 4408 3342 4463 qua:
3390 4396 3579 4451 tradita
3627 4411 3786 4466 sunt,
3862 4421 3970 4460 nec

2366 4480 2657 4535 abutuntur
2702 4482 3004 4537 commissis
3033 4502 3046 4536 :
3071 4499 3258 4539 verum
3302 4489 3497 4558 quibus
3530 4499 3584 4545 et
3614 4493 3702 4547 ubi
3740 4495 3968 4561 jusserit

2366 4573 2645 4637 dominus,
2692 4572 3042 4629 distribuuntr.
3071 4575 3187 4631 lloc
3213 4588 3267 4631 tu
3296 4594 3507 4649 quoque
3537 4582 3716 4639 facito.
3749 4587 3964 4644 Etenim

2365 4664 2616 4731 accepisti
2663 4664 2815 4733 plura
2847 4666 3058 4721 caeteris
3080 4709 3094 4731 ,
3143 4682 3249 4722 non
3286 4679 3344 4723 ut
3383 4685 3447 4725 ea
3478 4674 3623 4726 solus
3648 4691 3963 4747 consumas,

2364 4757 2457 4811 sed
2490 4768 2546 4809 ιιι
2594 4772 2779 4811 eorum
2824 4760 3034 4815 czeteris
3074 4760 3246 4814 bonus
3292 4762 3387 4817 fias
3416 4763 3775 4832 dispensator.

2433 4850 2660 4905 Lazarus
2688 4868 2844 4920 quare
2886 4852 2939 4905 in
2974 4854 3090 4906 sinu
3133 4854 3368 4911 Abrahaz.
3399 4886 3472 4896 -——
3495 4857 3685 4927 Opera:
3729 4864 3963 4930 pretium

2361 4954 2539 4999 autem
2572 4945 2726 5000 fuerit
2761 4954 2815 4999 et
2852 4944 2983 4999 illud
3014 4946 3382 5013 considerare,
3415 4965 3572 5020 quam
3620 4954 3851 5009 tamdent
3891 4959 3965 5012 ob

2361 5052 2574 5091 causam
2602 5050 2705 5090 non
2738 5036 2875 5107 apud
2902 5037 3061 5091 alium
3089 5037 3289 5107 justum
3321 5038 3601 5105 Lazarum,
3633 5043 3726 5097 sed
3757 5044 3808 5098 in
3839 5048 3964 5102 sinu

2360 5129 2552 5184 viderit
2595 5128 2843 5183 Abrahm.
2876 5127 3167 5196 Hospitalis
3195 5140 3308 5183 erat
3343 5130 3652 5194 Abraham;
3696 5143 3753 5187 ut
3802 5137 3967 5203 igitur

2361 5221 2707 5289 redarguatur
2731 5218 2907 5272 divitis
2934 5218 3357 5288 inhospitalitas,
3389 5232 3667 5291 propterea
3698 5225 3962 5282 Lazarum

2358 5327 2479 5365 cum
2511 5312 2598 5364 illo
2624 5310 2787 5364 videt.
2826 5310 2919 5363 llle
2956 5309 3116 5363 etiam
3149 5319 3533 5379 prmtereunles
3562 5300 3875 5380 venabatur,
3904 5330 3967 5373 et

2359 5402 2411 5454 in
2451 5401 2664 5455 domum
2716 5399 3057 5468 pertrahebat
3099 5416 3250 5455 suam
3285 5420 3297 5454 :
3333 5402 3417 5457 hic
3460 5419 3586 5459 vero
3614 5406 3775 5460 etiam
3821 5410 3962 5463 intra

2358 5491 2571 5545 domum
2600 5489 2867 5560 jacetttem
2895 5489 3168 5559 despexit,
3199 5506 3427 5563 cumque
3458 5495 3614 5549 talem
3643 5496 3961 5555 thesaurum

2359 5581 2596 5646 haberet,
2620 5590 2673 5634 et
2695 5582 2877 5635 salutis
2901 5582 3147 5649 paranda:
3178 5585 3474 5650 materiam,
3503 5590 3811 5655 praeteribat
3838 5608 3965 5660 quo-

2359 5673 2483 5727 tidie
2505 5716 2517 5736 ,
2553 5687 2648 5725 nec
2678 5672 2727 5724 in
2761 5672 2901 5739 quod
2929 5674 3209 5740 oportebat
3236 5690 3362 5729 usus
3389 5687 3469 5730 est
3500 5680 3749 5747 pauperis
3779 5695 3963 5747 patro-

2359 5764 2517 5819 cinio.
2563 5765 2629 5817 At
2672 5777 2776 5816 non
2813 5762 2880 5817 ita
2922 5764 3219 5833 patriarcha
3242 5805 3257 5833 ,
3287 5767 3379 5823 sed
3408 5768 3584 5824 omnia
3610 5782 3823 5827 contra.
3861 5767 3967 5823 Pro
