4142 6332
170 422 282 479 9°9

171 538 377 592 foribus
428 533 620 592 sedens
670 530 964 588 venabatur
1014 534 1396 598 praetereuntes
1443 536 1666 590 omnes,
1716 528 1772 574 et

171 625 623 698 quemadmodum
671 623 922 692 piscator,
962 612 1106 690 jacto
1135 619 1189 673 in
1228 631 1376 671 mare
1406 614 1539 680 reti,
1570 615 1770 684 piscem

171 719 390 788 quidem
435 715 681 782 attrahit,
710 712 930 768 attrahit
965 720 1142 766 autem
1173 711 1478 779 frequenter
1505 715 1560 762 et
1584 719 1771 760 aurum

174 822 225 866 et
263 809 579 880 margaritas
610 826 623 861 :
658 808 839 862 itidem
881 813 936 861 et
979 804 1066 860 hic
1107 803 1206 859 reti
1245 810 1464 871 captans
1492 799 1770 864 homines,

173 903 408 972 piscatus
451 910 532 955 est
575 899 804 954 tamdem
847 906 902 952 et
948 895 1206 967 angelos,
1245 891 1494 964 quodque
1526 889 1770 956 mireris,

173 993 334 1047 etiam
375 992 609 1046 insciens
641 990 789 1056 (Gen.
823 989 909 1043 18.
940 987 1021 1058 2).

247 1082 590 1152 llospitalitas
613 1085 665 1136 in
691 1098 878 1135 omnes.
901 1110 972 1121 —
996 1079 1051 1134 ld
1078 1077 1220 1149 quod
1244 1083 1298 1132 et
1319 1075 1516 1131 Paulus
1537 1074 1590 1128 in
1616 1072 1775 1142 hujus

173 1174 422 1228 laudibus
451 1175 584 1228 dixit
615 1191 625 1225 :
663 1171 1041 1239 Hospitalitatis
1065 1170 1219 1223 nolite
1245 1166 1469 1221 oblivisci
1491 1180 1511 1218 :
1532 1181 1621 1235 per
1642 1164 1775 1217 hanc

171 1267 305 1318 enim
341 1267 547 1334 quidam
569 1307 580 1322 ,
624 1264 920 1322 inscientes,
954 1261 1171 1328 hospitio
1209 1263 1510 1327 exceperunt
1561 1255 1774 1328 angelos

171 1355 184 1417 l
206 1353 366 1407 Hebr.
392 1352 477 1405 15.
499 1349 582 1415 2).
609 1349 684 1403 Ac
704 1357 849 1401 recte
861 1348 1020 1411 dixit,
1047 1346 1346 1404 inscientes.
1373 1345 1506 1400 Nam
1532 1345 1576 1400 si
1603 1345 1776 1399 sciens

174 1445 295 1499 illos
325 1444 624 1512 excepisset
651 1451 796 1496 tanta
832 1457 953 1497 cum
985 1438 1358 1495 benevolentia
1378 1478 1394 1504 ,
1427 1437 1558 1490 nihil
1597 1434 1774 1505 magni

174 1538 365 1590 niirive
395 1534 625 1589 fecisset.
655 1533 759 1589 Sed
787 1535 904 1588 haec
932 1539 1040 1587 tota
1071 1532 1205 1597 laus,
1230 1530 1367 1600 quod
1391 1529 1640 1597 ignorans
1661 1530 1778 1596 qui-

175 1644 297 1680 nam
334 1636 514 1681 essent
553 1627 643 1694 qui
686 1614 1031 1695 przeteribant
1053 1663 1070 1690 ,
1103 1638 1202 1677 nec
1229 1621 1373 1676 aliud
1403 1636 1523 1676 esse
1551 1619 1777 1674 credens

173 1733 334 1786 quam
377 1718 622 1772 homines
651 1699 912 1782 viatores,
941 1731 1060 1769 cum
1093 1722 1237 1768 tanta
1265 1712 1540 1766 alacritate
1568 1709 1778 1764 vocavit

175 1810 339 1862 intro.
369 1809 448 1862 'l‘u
479 1807 692 1877 quidem
726 1807 884 1875 igitur
922 1806 968 1860 si
1001 1820 1158 1874 quem
1195 1803 1426 1857 nobilem
1456 1815 1518 1855 ac
1543 1799 1778 1869 splendi-

173 1901 302 1953 dum
340 1899 647 1967 cxcepcris,
695 1898 1022 1966 multamque
1065 1894 1375 1965 praestiteris
1413 1893 1775 1957 alacritatem,

175 1990 249 2043 nil
288 1987 481 2042 mirum
513 1998 612 2042 est.
656 1987 790 2043 Nam
820 1987 988 2041 virtus
1021 1986 1136 2054 ejus
1165 1985 1254 2054 qui
1291 1984 1582 2052 excipitur,
1617 1983 1779 2035 etiam

176 2083 555 2151 inhospitalem
607 2080 914 2150 frequenter
954 2079 1151 2148 adigit,
1184 2086 1241 2131 ut
1277 2091 1491 2139 omnem
1531 2073 1801 2128 exhibeat.

175 2172 560 2227 humanitatem
593 2189 606 2224 :
636 2179 889 2224 carterum
920 2169 1046 2222 illud
1079 2168 1366 2220 maximum
1392 2174 1445 2219 et
1472 2163 1781 2218 admiratio-

176 2281 243 2319 ne
273 2264 527 2333 dignum,
561 2263 770 2332 quoties
804 2271 855 2316 et
890 2261 1138 2330 vulgares
1173 2271 1227 2315 et
1265 2259 1501 2328 abjectos
1538 2273 1601 2312 ac
1647 2257 1781 2311 viles

177 2357 345 2410 multa
386 2371 506 2409 cum
559 2353 930 2407 benevolentia
971 2351 1284 2420 excipimus.
1329 2350 1615 2419 Propterea
1653 2348 1782 2403 dicit

173 2447 424 2501 Christus
458 2445 769 2500 collaudans
794 2461 888 2500 eos
916 2447 1004 2516 qui
1045 2446 1114 2498 ita
1147 2443 1347 2498 faciunt
1379 2461 1391 2495 :
1426 2441 1675 2510 Quicquid
1702 2444 1780 2510 fe-

173 2540 346 2593 ceritis
372 2540 461 2593 uni
485 2556 548 2593 ea:
576 2541 653 2593 liis
681 2539 900 2591 minimis
922 2580 935 2604 ,
966 2537 1051 2607 qui
1081 2536 1288 2589 credunt
1319 2538 1371 2588 in
1399 2553 1476 2589 me
1494 2576 1509 2600 ,
1547 2535 1672 2587 mihi
1702 2537 1780 2604 fc-

172 2631 386 2691 ceritis.
413 2632 490 2684 Ac
534 2645 720 2684 rursus
742 2670 756 2695 ,
799 2628 884 2682 Ita
921 2645 1022 2682 non
1058 2637 1129 2682 est
1161 2629 1393 2680 voluntas
1431 2643 1600 2679 coram
1630 2627 1784 2680 Patre

177 2731 346 2776 vestro
367 2763 382 2788 ,
411 2732 464 2774 ut
495 2731 667 2792 pereat
697 2738 827 2774 unus
855 2738 916 2774 ea:
947 2721 1145 2789 pusillis
1180 2720 1287 2772 istis
1314 2717 1527 2789 (Matth.
1556 2717 1646 2770 25.
1675 2717 1780 2781 45;

176 2822 225 2866 et
255 2811 360 2867 18.
387 2813 472 2880 14)
498 2828 512 2876 ;
540 2827 602 2865 ac
643 2813 832 2866 iterum
856 2852 870 2876 ,
905 2811 1216 2880 Quicumque
1243 2808 1508 2875 offenderit
1529 2824 1691 2860 unum
1722 2823 1784 2860 ea:

178 2903 385 2972 pusillis
431 2903 571 2967 istis,
601 2903 805 2972 expedit
849 2905 895 2956 ei
930 2913 984 2956 ut
1028 2904 1346 2974 appendatur
1385 2901 1522 2954 mola
1559 2900 1785 2954 asinaria

177 2996 320 3048 circa
347 2995 535 3048 collum
561 2995 724 3060 illius,
747 3002 796 3048 et
817 2994 1086 3065 abjiciatur
1111 2995 1163 3047 in
1189 3009 1328 3046 mare
1361 2990 1465 3059 (Ib.
1497 3007 1547 3044 υ.
1579 2990 1654 3060 6).
1686 2990 1785 3044 De-

181 3087 343 3156 nique
381 3085 578 3140 multus
624 3086 818 3155 ubique
853 3097 935 3140 est
962 3085 1174 3140 Christo
1202 3085 1268 3139 de
1305 3083 1516 3154 pusillis
1541 3093 1596 3138 et
1625 3082 1784 3135 mini-

181 3177 288 3231 mis
313 3192 491 3231 sermo
526 3194 542 3230 :
572 3177 713 3248 quod
743 3176 956 3246 quidem
983 3175 1253 3231 Abraham
1284 3176 1459 3229 sciens
1489 3189 1593 3228 non
1619 3188 1785 3227 excu-

182 3270 350 3325 tiebat
372 3270 557 3340 quales
581 3279 760 3324 essent
785 3277 1167 3338 praetereuntes
1185 3309 1201 3334 ,
1224 3282 1322 3322 nec
1345 3267 1485 3322 unde
1506 3267 1782 3330 venirent,

180 3360 637 3429 quemadmodum
683 3375 781 3415 nos
819 3374 961 3413 nunc
995 3357 1254 3424 facimus,
1291 3358 1386 3413 sed
1423 3358 1539 3412 sine
1576 3357 1785 3411 delectu

115 3481 118 3483 λ
185 3461 570 3521 prretereuntes
595 3450 893 3521 excipiebat
917 3465 1124 3506 omnes.
1145 3450 1278 3505 Nam
1305 3465 1426 3505 eum
1455 3450 1542 3519 qui
1569 3456 1789 3519 prestat

186 3543 609 3609 humanitatem,
641 3558 746 3597 non
776 3553 986 3612 oportet
1013 3556 1302 3612 exposcere
1327 3541 1449 3595 vitae
1483 3541 1744 3594 rationem
1767 3581 1783 3607 ,

184 3633 283 3687 sed
311 3635 502 3703 inopia:
529 3633 753 3698 mederi,
784 3634 1194 3702 necessitatique
1223 3632 1521 3701 providere.

261 3724 447 3795 Egenti
485 3727 560 3779 vel
601 3726 974 3795 improbissimo
1015 3725 1420 3794 impertiendum.
1462 3754 1536 3764 —
1561 3723 1786 3779 Unicum

189 3815 353 3870 habet
372 3816 721 3884 patrocinium
749 3831 967 3885 pauper,
994 3823 1282 3885 egestatem
1305 3831 1368 3869 ac
1388 3815 1784 3881 necessitatem,

189 3921 258 3960 ne
289 3905 413 3976 quid
443 3906 511 3960 ab
552 3907 640 3960 illo
668 3907 902 3976 postules
940 3907 1167 3976 amplius
1196 3923 1208 3958 :
1243 3906 1337 3960 sed
1382 3907 1590 3960 etiamsi
1633 3905 1790 3960 fuerit

187 3996 429 4049 omnium
461 3996 885 4064 improbissimus
905 4037 919 4063 ,
948 4005 1002 4050 ct
1031 3996 1238 4065 eguerit
1277 3997 1582 4069 necessario
1609 3995 1751 4050 victu
1769 4037 1786 4061 ,

188 4085 443 4139 sedemus
485 4087 628 4140 illius
671 4079 884 4140 famem.
917 4086 991 4139 Ita
1019 4095 1072 4140 et
1100 4086 1342 4140 Christus
1382 4082 1497 4140 fieri
1537 4088 1792 4157 praecepit

190 4176 380 4230 dicens
412 4196 425 4230 :
455 4175 662 4244 Estote,
696 4176 897 4246 inquit,
925 4179 1112 4232 similes
1138 4176 1310 4232 Patris
1338 4179 1489 4232 vestri
1519 4179 1602 4249 qui
1637 4187 1709 4232 est
1737 4179 1790 4233 in

190 4267 355 4330 ccc-lis,
384 4266 471 4334 qui
499 4267 655 4320 solem
681 4283 830 4321 suum
859 4269 984 4321 oriri
1010 4269 1132 4338 facit
1173 4285 1327 4336 super
1351 4269 1507 4323 bonos
1532 4280 1576 4324 et
1605 4271 1785 4337 malos,

190 4368 239 4412 et
266 4358 396 4428 pluit
424 4374 576 4428 super
602 4362 766 4425 iustos
792 4369 838 4412 et
868 4359 1084 4429 injustas
1111 4359 1324 4428 (Matth.
1354 4362 1408 4416 5.
1440 4361 1555 4431 45).
1596 4361 1793 4417 Portus

191 4460 279 4506 est
327 4451 379 4505 in
429 4452 748 4508 necessitate
794 4454 1202 4507 constitutorum
1253 4441 1414 4508 homo
1461 4454 1789 4510 misericors.

196 4541 390 4596 Portus
428 4551 604 4596 autem
630 4557 850 4607 omnes,
885 4543 974 4613 qui
1012 4544 1066 4597 in
1106 4543 1431 4614 naufragium
1471 4545 1791 4613 inciderint,

193 4632 395 4702 excipit
424 4632 741 4701 liberatque,
767 4637 879 4688 sive
909 4634 1032 4688 mali
1065 4633 1282 4701 fuerint,
1311 4637 1424 4690 sive
1461 4636 1605 4701 boni,
1639 4635 1794 4692 deni-

193 4738 305 4791 que
337 4714 661 4792 quicumque
690 4723 884 4778 fuerint
913 4726 1002 4794 qui
1033 4726 1419 4794 periclitantur,
1451 4728 1502 4782 in
1529 4728 1678 4782 sinus
1707 4728 1796 4783 ille

194 4829 329 4870 suos
355 4817 573 4882 excipit.
604 4816 685 4870 Tu
717 4817 937 4886 proinde
976 4819 1021 4873 si
1057 4819 1253 4873 videris
1285 4820 1553 4875 hominem
1575 4863 1589 4886 ,
1621 4823 1711 4893 qui
1741 4825 1793 4878 in

195 4907 453 4974 egestatis
489 4905 820 4977 naufragium
848 4908 1113 4975 inciderit,
1144 4925 1210 4964 ne
1233 4911 1434 4981 judica,
1463 4928 1529 4967 ne
1555 4914 1677 4968 vita:
1703 4930 1794 4983 ge-

195 5004 281 5048 sta
305 4996 546 5050 examina
569 5038 583 5061 ,
612 4997 706 5052 sed
741 4999 958 5055 medere
996 5001 1244 5055 miseriae.
1273 5002 1410 5068 Quid
1442 5004 1554 5071 ipse
1581 5004 1670 5059 tibi
1699 5021 1795 5059 ne-

198 5086 403 5154 gotium
440 5089 709 5142 accersis?
745 5089 1018 5146 Liberavit
1047 5100 1097 5146 te
1132 5092 1272 5146 Deus
1305 5095 1449 5147 omni
1479 5095 1566 5148 tali
1595 5095 1795 5149 sollici-

197 5176 415 5243 tudine,
447 5184 501 5232 et
537 5180 863 5235 curiositate.
902 5182 1070 5248 Quam
1111 5183 1276 5238 multa
1315 5185 1554 5254 plerique
1590 5185 1799 5242 fuerant

197 5269 426 5334 dicturi,
462 5286 724 5341 quamque
752 5272 996 5328 difﬁciles
1021 5286 1170 5329 erant
1197 5274 1394 5341 futuri,
1423 5278 1466 5332 si
1496 5277 1636 5334 Deus
1663 5295 1798 5348 prte-

199 5363 457 5430 cepisset,
486 5374 540 5418 ut
565 5367 710 5434 prius
736 5375 982 5421 accurate
1008 5368 1168 5421 vitam
1203 5369 1440 5439 factaque
1469 5370 1797 5440 singulorum

199 5453 624 5522 disquireremus
643 5497 659 5521 ,
686 5471 748 5510 ac
774 5467 883 5512 tum
913 5457 1127 5513 demum
1157 5459 1523 5516 conferremus
1559 5463 1796 5518 elecmo-

197 5559 393 5614 Syriam
415 5545 438 5596 ‘l
462 5545 613 5601 Nunc
639 5547 740 5603 hac
765 5549 907 5603 omni
934 5551 1241 5606 curiositate
1272 5569 1368 5608 nos
1399 5554 1662 5610 liberavit.
1693 5555 1798 5612 Cur

197 5651 335 5706 ergo
356 5652 510 5693 curas
533 5652 956 5709 supervacaneas
981 5644 1135 5699 nobis
1155 5647 1512 5702 aceersimus?
1536 5649 1694 5704 Aliud
1715 5659 1798 5705 est

196 5726 390 5797 iudex,
417 5728 560 5783 aliud
591 5731 946 5804 cleeniosynze
976 5735 1195 5804 largitor
1224 5753 1238 5791 :
1268 5737 1389 5792 ideo
1414 5749 1633 5794 vocatur
1657 5741 1800 5796 elec-

197 5832 447 5891 musyua,
473 5821 612 5893 quod
636 5837 753 5879 eam
781 5833 833 5880 ct
859 5825 1086 5901 indignis
1109 5826 1318 5888 damus,
1342 5827 1493 5888 Unde
1519 5839 1572 5888 et
1594 5830 1792 5893 Paulus

1428 407 1516 463 DE
1556 399 1835 461 LAZARO
1871 398 2116 458 CONCIO
2155 402 2215 458 ll.

3361 398 3466 455 990

1879 516 2212 584 cohortatur,
2241 527 2298 573 ut
2323 517 2394 573 ita
2419 517 2693 585 faciamus,
2725 525 2780 574 et
2806 517 2881 572 ait
2909 534 2922 571 :
2965 516 3066 573 Vas
3090 524 3259 571 autem
3289 516 3472 572 bonum

1876 609 2118 678 facientes
2151 625 2252 663 non
2285 609 2561 678 deﬁciatis,
2604 625 2724 680 erga
2757 624 2930 663 omnes
2948 649 2963 675 ,
2993 607 3082 662 sed
3112 609 3330 661 maxime
3355 624 3475 682 erga

1878 689 2177 757 domesticos
2206 701 2328 770 ﬁdei
2353 701 2372 773 (
2393 700 2564 757 Galat.
2596 703 2650 757 6.
2686 701 2739 757 9.
2773 700 2841 756 l0
2861 702 2902 771 ).
2943 699 3097 766 Quod
3140 699 3186 754 si
3229 698 3476 769 indignos

1878 795 2089 850 curiose
2116 791 2464 850 discutiamus
2488 794 2970 865 disquiragnusque,
2999 808 3067 848 ne
3091 793 3237 863 digni
3261 793 3474 861 quidem

1879 884 2035 941 facile
2072 885 2126 940 in
2157 900 2254 941 nos
2288 885 2542 940 incident.
2571 886 2722 953 Quod
2750 886 2793 939 si
2825 884 3055 954 indignis
3081 899 3293 955 quoque
3333 899 3475 954 prte-

1878 978 2170 1032 stiterimus
2200 976 2548 1042 beneficium,
2579 977 2830 1030 nimirum
2864 981 2919 1029 et
2947 974 3110 1046 digni,
3137 976 3336 1046 quique
3361 989 3478 1029 oni-

1879 1067 2026 1121 nium
2070 1067 2282 1122 illorum
2322 1067 2577 1124 malitiam
2621 1067 2816 1121 virtute
2861 1075 3124 1136 pensent,
3167 1065 3381 1120 venient
3417 1063 3473 1123 iu

1880 1175 2069 1214 manus
2108 1169 2318 1214 nostras
2348 1178 2361 1213 :
2393 1160 2530 1215 sicut
2556 1159 2732 1214 evenit
2761 1159 2917 1214 beato
2947 1158 3178 1213 Abrahae
3201 1200 3217 1225 ,
3251 1159 3334 1213 cui
3375 1157 3477 1212 mi—

1881 1250 2024 1304 nime
2049 1250 2294 1316 curioso,
2321 1251 2506 1320 quales
2533 1261 2712 1305 essent
2737 1250 2826 1320 qui
2857 1251 3229 1320 praeteribant,
3261 1249 3479 1320 contigit

1882 1342 2092 1396 tandem
2126 1352 2180 1396 ut
2210 1351 2264 1396 et
2300 1341 2520 1413 angelos
2545 1341 2818 1412 exciperet
2848 1342 3098 1411 hospitio.
3129 1341 3281 1397 Hunc
3321 1342 3481 1410 igitur

1880 1441 1935 1486 et
1966 1448 2063 1487 nos
2094 1433 2361 1488 imitemur
2384 1474 2400 1499 ,
2432 1433 2699 1503 simulque
2740 1448 2860 1487 cum
2909 1431 3010 1488 hoc
3055 1442 3302 1502 nepotem
3339 1434 3480 1487 illius

1878 1524 1999 1580 Job.
2029 1525 2468 1604 Quandoquidem
2495 1535 2550 1580 et
2581 1526 2666 1579 hic
2707 1526 3060 1596 progenitoris
3085 1526 3166 1580 sui
3205 1525 3481 1595 magnanio

1880 1618 2118 1672 mitatem
2159 1633 2366 1672 summa
2409 1633 2531 1672 cum
2570 1617 2842 1687 diligentia
2877 1625 2961 1672 est
3002 1617 3276 1670 imitatus:
3309 1630 3481 1685 eoque

1880 1707 2092 1763 dicebat
2120 1727 2131 1761 :
2163 1709 2360 1763 Ostium
2387 1726 2551 1764 meum
2569 1710 2766 1780 jugiter
2791 1709 2990 1780 patebat
3018 1710 3174 1764 cuivis
3199 1709 3482 1763 aduenienti

1883 1799 2012 1869 (Job
2042 1801 2132 1856 51.
2165 1800 2290 1871 32).
2345 1800 2460 1854 Non
2490 1803 2568 1856 sic
2597 1799 2720 1855 huic
2749 1801 3002 1870 patebat,
3044 1808 3104 1854 ut
3143 1799 3298 1856 alteri
3340 1808 3483 1854 esset

1882 1892 2178 1960 occlusum,
2209 1891 2301 1947 sed
2331 1891 2696 1947 indifferenter
2724 1902 2966 1961 apertum
2995 1900 3113 1948 erat
3138 1893 3407 1946 omnibus.

1955 1983 2008 2039 6.
2039 1984 2150 2040 Hoc
2184 1985 2485 2054 exemplum
2513 1993 2568 2041 et
2597 2000 2728 2050 nos,
2759 1998 2940 2054 quzeso
2963 2024 2978 2048 ,
3021 1984 3322 2050 imitemur,
3352 1983 3483 2040 nihil

1883 2077 2222 2146 exquirentes
2246 2077 2380 2130 ultra
2405 2089 2562 2146 quam
2585 2084 2814 2146 Oportet.
2839 2075 2970 2130 Nam
2995 2076 3061 2130 ad
3091 2078 3192 2131 hoc
3208 2087 3264 2130 ut
3285 2092 3485 2146 pauper

1883 2166 2074 2236 dignus
2101 2167 2358 2220 habeatur
2382 2166 2722 2236 eleemosyna
2745 2206 2760 2231 ,
2793 2167 2923 2220 satis
2949 2175 3033 2222 est
3072 2178 3300 2237 egestas.
3329 2168 3483 2235 Quod

1884 2258 1928 2313 si
1955 2259 2074 2328 quis
2097 2272 2218 2313 cum
2255 2257 2353 2312 hac
2377 2258 2841 2314 commendatione
2874 2271 2973 2313 nos
3012 2259 3234 2322 adierit,
3265 2275 3330 2314 ne
3356 2262 3485 2330 quid

1884 2349 2113 2417 amplius
2132 2350 2341 2404 curiose
2361 2357 2666 2420 scrutemur
2689 2367 2701 2403 :
2728 2364 2826 2404 nec
2846 2351 2988 2404 enim
3015 2350 3251 2405 moribus
3272 2350 3484 2416 damus,

1884 2441 1978 2494 sed
2020 2439 2220 2493 homini
2255 2458 2268 2495 :
2299 2455 2398 2495 nec
2433 2441 2503 2494 ob
2538 2441 2786 2495 virtutem
2809 2457 2910 2494 nos
2939 2441 3056 2511 ejus
3084 2443 3356 2507 misereat,
3391 2444 3485 2496 sed

1886 2533 1956 2587 ob
1978 2532 2366 2599 calamitatem,
2394 2545 2500 2602 quo
2525 2533 2775 2586 nimirum
2805 2544 2858 2586 et
2893 2533 2990 2601 ipsi
3017 2534 3290 2602 copiosam
3317 2549 3346 2586 a
3377 2534 3485 2588 Do-

1887 2625 2034 2678 mino
2061 2624 2482 2678 misericordiam
2523 2625 2678 2679 nobis
2703 2625 3053 2680 conciliMus
3072 2665 3087 2691 ,
3112 2637 3169 2680 ut
3193 2637 3245 2681 et
3273 2629 3326 2681 in
3352 2639 3451 2682 uos
3469 2670 3485 2696 ,

1886 2718 1972 2785 qui
1999 2716 2196 2786 indigni
2228 2731 2446 2784 sumus,
2477 2717 2566 2773 ille
2608 2733 2757 2772 suam
2798 2718 3045 2788 confieret
3082 2719 3487 2790 benignitatem.

1887 2810 2018 2863 Nam
2054 2811 2098 2864 si
2130 2810 2181 2864 in
2209 2811 2482 2865 conservis
2513 2802 2711 2865 nostris
2734 2813 3062 2880 ‘c'mpcrimus
3092 2814 3375 2882 exquirere
3403 2815 3488 2868 di—

1887 2903 2164 2970 gnitatem,
2186 2915 2480 2972 moresque
2506 2903 2791 2973 vestigare,
2821 2903 2958 2956 idem
2990 2913 3044 2958 et
3085 2905 3226 2958 Deus
3251 2903 3488 2960 facturus

1888 3000 1971 3046 est
1995 2992 2047 3045 in
2078 2993 2229 3046 nobis
2248 3034 2263 3057 ,
2290 2993 2525 3063 dumque
2549 2994 2828 3049 studemus
2852 3009 2882 3048 a
2905 2994 3182 3048 conservis
3202 3010 3489 3063 reposcere

1887 3083 2011 3137 vitae
2036 3098 2223 3138 causas
2247 3125 2262 3149 ,
2293 3085 2390 3153 ipsi
2416 3086 2632 3154 superni
2661 3085 2892 3139 numinis
2919 3084 3299 3155 benignitatem
3327 3087 3482 3140 amit-

1891 3183 2084 3230 temus.
2113 3174 2177 3229 1η
2203 3192 2302 3245 quo
2330 3177 2482 3242 enim,
2513 3177 2704 3246 inquit,
2722 3178 2923 3247 judicio
2941 3178 3312 3249 judicaoeritis,
3343 3179 3484 3242 iudi-

1889 3267 2126 3320 cabimini
2151 3265 2365 3337 (Matth.
2399 3268 2452 3322 7.
2476 3267 2556 3337 2).
2589 3267 2693 3323 Sed
2724 3268 2791 3322 ad
2830 3279 2943 3323 rem
2975 3268 3277 3324 redeamus.
3307 3269 3490 3337 Itaque

1890 3374 2011 3414 cum
2041 3358 2244 3413 videret
2282 3359 2431 3412 illum
2469 3359 2520 3412 in
2549 3361 2669 3412 sinu
2700 3358 2963 3422 Abrahae,
2991 3359 3065 3413 ait
3097 3377 3111 3413 :
3139 3359 3296 3413 Pater
3326 3361 3490 3413 Abra-

1892 3449 2031 3514 ham,
2057 3450 2291 3503 miserere
2316 3451 2435 3511 mei,
2465 3459 2511 3503 et
2541 3451 2680 3502 mitte
2711 3448 2965 3502 Lazarum
2987 3450 3136 3518 (Luc.
3164 3451 3250 3504 16.
3274 3450 3389 3522 Q4).

1963 3540 2115 3595 Dives
2149 3555 2240 3594 cur
2269 3541 2525 3594 Abraham
2549 3542 2776 3610 appellat
2812 3542 2976 3610 potius
3015 3558 3169 3611 quam
3210 3540 3488 3603 Lazarum,

1890 3663 1964 3675 --
1990 3632 2344 3702 Quamobrem
2374 3647 2478 3686 non
2514 3631 2580 3685 ad
2628 3633 2799 3701 ipsum
2844 3632 3102 3687 Lazarum
3143 3633 3337 3688 direxit
3372 3637 3492 3688 seru-

1892 3740 2105 3780 monem
2126 3725 2150 3777 Ἰ
2175 3723 2370 3787 Pudor,
2399 3732 2456 3778 ut
2482 3723 2730 3778 existimo
2750 3763 2765 3789 ,
2790 3723 3037 3778 obstabat
3060 3739 3123 3779 ac
3149 3725 3491 3783 verecundia.

1893 3817 1975 3872 Ex
2013 3816 2079 3871 iis
2112 3816 2253 3871 enim
2282 3831 2400 3885 qua:
2428 3816 2480 3870 in
2510 3814 2658 3869 illum
2687 3815 2919 3878 fecerat,
2951 3803 3310 3878 arbitrabatur
3340 3817 3490 3874 illum

1893 3907 2113 3964 omnino
2150 3907 2458 3962 meminisse
2496 3907 2758 3962 malorum
2787 3909 3198 3977 prieteritorum.
3229 3909 3492 3976 Quoniam

1893 4000 1938 4054 si
1964 4014 2063 4070 ego
2086 4040 2102 4067 ,
2133 4000 2342 4070 inquit,
2377 4009 2520 4054 tanta
2565 4015 2744 4055 rerum
2782 4000 3009 4056 affluens
3045 4001 3198 4071 copia
3219 4044 3232 4063 ,
3263 4002 3395 4056 nihil
3427 4005 3494 4058 ab

1896 4092 1988 4146 illo
2015 4091 2174 4146 lazsus
2195 4131 2211 4156 ,
2243 4091 2377 4146 adeo
2415 4090 2636 4160 despexi
2679 4092 2950 4146 hominem
2990 4094 3041 4146 iu
3075 4103 3153 4148 tot
3187 4096 3341 4149 malis
3367 4110 3494 4149 ver-

1895 4189 2127 4249 santem,
2155 4192 2212 4237 ut
2237 4199 2304 4238 ne
2331 4183 2496 4237 micas
2523 4174 2741 4252 quidem
2766 4184 3138 4254 impertierim,
3161 4197 3360 4256 quanto
3383 4204 3497 4243 ma-.

1895 4274 1976 4343 gis
2015 4273 2103 4328 ille
2139 4271 2216 4328 sic
2259 4283 2630 4343 contemptus,
2672 4289 2776 4329 non
2818 4287 3017 4332 annuet
3047 4279 3249 4347 petenti
3288 4281 3494 4336 benefi-a

1896 4367 2071 4422 cium?
2093 4366 2216 4422 llzec
2240 4383 2349 4422 non
2376 4375 2435 4421 ut
2458 4367 2719 4423 Lazarum
2746 4383 3078 4437 accusemus,
3099 4370 3330 4427 dicimus
3359 4390 3373 4426 :
3403 4389 3497 4428 ne-_

1897 4475 2000 4531 que
2025 4460 2166 4514 enim
2199 4459 2300 4514 hoc
2327 4461 2504 4514 animo
2533 4460 2630 4514 fuit
2659 4460 2908 4526 Lazarus,
2938 4462 3075 4516 absit
3106 4481 3118 4516 :
3151 4463 3244 4517 sed
3274 4479 3494 4520 causam

1898 4553 2281 4616 indicavimus,
2312 4552 2436 4622 quid
2480 4552 2564 4607 hic
2599 4552 2804 4607 veritus
2841 4569 2945 4608 non
2983 4555 3285 4624 implorarit
3318 4557 3492 4627 ipsum

1898 4643 2176 4709 Lazarum,
2210 4644 2303 4699 sed
2335 4643 2512 4713 potius
2540 4643 2810 4699 Abraham
2847 4646 3165 4709 inclamarit,
3195 4664 3352 4717 quem
3382 4649 3494 4703 exi-

1899 4736 2146 4790 stimabat
2176 4735 2380 4790 nescire
2409 4751 2528 4805 qua:
2570 4735 2781 4795 fuerant
2806 4747 2943 4791 acta.
2977 4739 3150 4809 Atque
3188 4741 3327 4794 illius
3354 4741 3492 4810 digi-

1900 4836 2012 4881 tum
2063 4842 2199 4881 nunc
2247 4826 2600 4896 implorabat,
2648 4844 2804 4898 quem
2853 4831 3043 4885 crebro
3095 4846 3281 4899 passus
3321 4832 3494 4897 fuerat

1900 4917 2229 4987 circumlingi
2257 4933 2448 4972 canum
2476 4917 2688 4988 linguis.
2721 4919 2858 4986 Quid
2891 4921 3048 4989 igitur
3080 4922 3209 4975 ille?
3240 4922 3378 4985 Fili,
3408 4941 3483 4979 re»

1901 5009 2076 5078 cepisti
2114 5010 2242 5062 bona
2269 5018 2355 5061 tua
2384 5009 2435 5061 in
2460 5009 2564 5062 vita
2588 5019 2675 5062 tua
2698 5011 2716 5081 (
2741 5009 2821 5063 lb.
2852 5027 2900 5063 υ.
2931 5010 3003 5066 25
3023 5014 3062 5080 ).
3092 5011 3221 5066 Vide
3249 5014 3491 5082 philosm

1903 5101 2101 5170 phiam,
2129 5101 2250 5156 vide
2275 5101 2656 5158 humanitatem
2674 5101 2825 5172 justi.
2850 5103 2965 5158 Non
2997 5105 3153 5172 dixit,
3181 5106 3482 5176 inhumane,

1901 5192 2154 5257 crudelis,
2184 5193 2618 5260 sceleratissime,
2652 5209 2773 5248 cum
2804 5203 2908 5248 tam
2941 5197 3104 5250 multa
3134 5198 3270 5251 mala
3298 5197 3488 5254 intule-

1902 5285 1976 5340 ris
2008 5285 2230 5348 homini,
2263 5300 2402 5340 nuuc
2429 5287 2752 5340 mentionem
2784 5287 2938 5340 nobis
2968 5287 3100 5342 facis
3126 5287 3492 5356 humanitatis,

1901 5376 2282 5430 misericordia:
2302 5417 2316 5441 ,
2350 5386 2404 5431 et
2427 5377 2637 5431 venire?
2663 5377 2774 5431 Non
2803 5379 2964 5448 pudet
2989 5421 3006 5447 ,
3045 5395 3149 5434 non
3177 5380 3494 5437 erubescis?

1902 5466 2007 5521 Sed
2039 5467 2162 5537 quid
2202 5467 2366 5522 dicit?
2394 5467 2531 5533 Fili,
2573 5469 2764 5539 inquit,
2795 5472 3023 5540 recepisti
3061 5471 3191 5526 bona
3221 5483 3329 5540 tua.
3358 5474 3492 5530 Nam

1902 5560 2104 5623 animae,
2121 5559 2308 5627 inquit,
2340 5559 2547 5629 dejectte
2575 5577 2674 5613 non
2692 5561 2846 5619 addes
2858 5564 3285 5632 perturbationem
3303 5565 3489 5635 (Eccli.

1902 5650 1954 5703 4.
1980 5649 2014 5702 5
2035 5648 2232 5717 ).Satis
2258 5659 2340 5702 est
2368 5650 2440 5703 illi
2469 5665 2595 5706 suus
2621 5651 2912 5720 cruciatus,
2931 5663 2990 5708 ut
3019 5670 3086 5718 ne
3107 5655 3248 5717 illius
3269 5657 3492 5712 calami-

1909 5750 2100 5794 .atinus
2128 5740 2463 5795 insultemus.
2497 5743 2574 5797 Ac
2600 5759 2666 5796 ne
2695 5752 2928 5812 putares,
2957 5741 3098 5816 quod
3128 5762 3334 5802 memor
3359 5765 3493 5816 pra:-

1912 5831 2187 5888 teritorum
2239 5833 2498 5894 malorum
2546 5835 2771 5895 vetucrit
2817 5835 2966 5901 abire
3003 5836 3297 5912 Lazarum,
3327 5839 3491 5904 filium
