4160 6324
709 346 809 403 99!

718 459 866 525 illum
892 461 1127 531 appellat
1152 461 1305 532 quasi
1344 476 1465 517 sese
1507 478 1571 517 ex
1617 462 1708 519 tali
1747 461 2100 531 appellatione
2136 474 2300 514 excu-

713 568 861 608 sans.
894 554 1047 621 Quod
1076 554 1130 608 in
1158 569 1278 609 mea
1304 594 1320 619 ,
1357 554 1529 624 inquit
1548 596 1562 619 ,
1603 561 1886 631 potestate~
1908 561 1987 607 est
2013 594 2028 618 ,
2056 550 2303 620 impertio

714 643 815 697 tibi
841 661 857 697 :
883 651 1137 699 extorum
1180 651 1241 697 ut
1283 643 1408 698 hinc
1456 644 1709 699 abeamus
1739 643 1866 697 illuc
1888 682 1905 710 ,
1934 657 2040 697 non
2078 651 2161 697 est
2191 641 2301 709 jam

714 741 911 786 nocua:
940 731 1230 787 facultatis.
1265 731 1510 803 Recepisti
1537 734 1666 787 bona
1688 743 1795 786 tua.
1818 732 1995 799 Quare
2017 747 2123 786 non
2147 731 2301 795 dixit,

710 820 923 889 cepisti,
953 821 1049 875 sed
1074 862 1090 889 ,
1118 822 1393 889 recepisti?
1424 822 1556 876 Hinc
1588 821 1747 877 video
1777 835 2023 892 magnum
2050 819 2303 875 conside-

710 910 980 965 rationum
1022 926 1173 985 mare
1201 912 1358 966 nobis
1398 912 1617 981 aperiri.
1658 912 1994 983 Quapmpter
2017 927 2135 981 quae
2162 910 2301 965 dicta

710 1009 836 1054 sunt
859 1014 1067 1055 summa
1115 1017 1245 1057 cura
1292 1012 1602 1069 servantes,
1638 1012 1743 1058 tam
1786 1019 1905 1074 quae
1944 1003 2103 1057 hodie
2141 1018 2300 1072 quam

710 1104 831 1159 qua:
860 1106 1030 1161 nuper
1052 1090 1281 1147 disserta
1306 1102 1466 1161 sunt,
1494 1096 1705 1148 summo
1729 1108 1849 1148 cum
1877 1092 2052 1147 studio
2077 1106 2301 1161 repona-

712 1197 854 1248 mus,
881 1191 936 1236 et
958 1198 1023 1238 ex
1056 1185 1120 1239 iis
1144 1200 1264 1254 quae
1293 1186 1439 1241 dicta
1471 1195 1631 1249 sunt,
1665 1188 1732 1241 ad
1761 1186 2023 1241 audienda
2044 1201 2163 1255 qua:
2186 1193 2303 1253 post

710 1270 990 1340 dicentur,
1022 1288 1118 1330 vos
1155 1275 1301 1345 ipsos
1331 1278 1503 1347 magis
1546 1277 1766 1332 idoneos
1808 1277 2031 1331 reddite.
2075 1278 2138 1330 Et
2180 1275 2301 1345 qui-

710 1363 832 1419 dem
858 1365 905 1419 si
952 1365 1066 1422 ﬁeri
1112 1369 1313 1437 possit,
1344 1368 1504 1423 facite
1539 1378 1597 1423 ut
1624 1370 1861 1424 omnium
1909 1367 2296 1430 memineritis;

1428 350 1487 406 8.
1528 348 1807 405 JOANNIS
1844 345 2314 405 CHRYSOSTOMI
2346 346 2661 403 ARCHIEP.
2702 314 3240 405 CONSTAN’i‘lNOP.

3902 339 4001 394 992

2406 461 2547 529 quod
2572 461 2617 514 si
2658 460 2708 514 id
2755 459 2871 514 fieri
2914 475 3020 515 non
3070 466 3282 527 potest,
3314 458 3501 512 hortor
3538 467 3600 512 ut
3630 472 3731 527 pro
3756 458 3996 514 omnibus

2406 549 2535 604 illud
2558 559 2815 619 perpetuo
2840 548 3211 613 memineritis,
3239 545 3381 616 quod
3406 563 3513 602 non
3538 562 3767 618 erogare
3793 562 3995 618 paupe-

2406 640 2575 705 ribus,
2607 647 2691 694 est
2713 640 2954 709 rapinam
2978 640 3030 693 in
3063 638 3182 693 illos
3212 653 3488 705 exemere,
3512 639 3835 708 illorumque
3857 638 3995 693 frau-

2406 732 2535 785 dare
2564 731 2725 787 vitam
2759 747 2772 782 :
2812 729 3062 800 quodque
3107 746 3213 784 non
3258 738 3472 783 nostras
3493 770 3508 793 ,
3548 730 3643 784 sed
3676 730 3887 784 illorum
3915 742 3998 783 res

2408 820 2735 875 detinemus.
2763 819 2898 875 Nam
2924 821 2969 875 si
2994 820 3099 894 hoc
3124 820 3305 874 animo
3334 818 3587 873 fuerimus
3612 861 3628 884 ,
3658 820 3884 873 omnino
3909 835 3998 887 pe-

2406 912 2616 965 cuniam
2637 909 2994 974 eﬂ‘undemus,
3019 896 3082 965 ac
3102 906 3374 964 Christum
3395 910 3722 963 esurientem
3748 910 3834 963 hic
3854 910 4000 963 alen-

2408 1010 2487 1055 tes
2506 1042 2522 1066 ,
2554 1001 2881 1071 multamque
2909 1000 3064 1056 nobis
3108 1000 3219 1055 illic
3245 999 3575 1069 opulentiam
3609 1000 3962 1053 recondentes
3982 1040 3996 1062 ,

2408 1091 2701 1160 poterimus
2726 1090 3026 1145 futurorum
3057 1106 3177 1145 esse
3202 1099 3481 1160 compotes
3510 1090 3802 1155 bonorum,
3834 1089 3998 1158 gratia

2404 1197 2468 1237 ac
2504 1183 2829 1252 benignitate
2871 1182 3082 1237 Domini
3126 1184 3293 1237 nostri
3331 1182 3457 1237 Iesu
3493 1182 3734 1245 Christi,
3764 1182 3851 1236 cui
3880 1196 3998 1235 cum

2408 1274 2565 1328 Patre
2589 1283 2644 1327 et
2666 1272 2867 1343 Spiritu
2892 1270 3077 1327 sancto
3097 1273 3264 1343 gloria
3288 1316 3302 1337 ,
3331 1273 3524 1341 honor,
3558 1282 3803 1342 potestas
3823 1314 3836 1339 ,
3862 1288 4000 1327 nunc

2404 1374 2459 1419 et
2484 1379 2697 1435 semper
2718 1405 2733 1431 ,
2765 1374 2821 1419 et
2846 1366 2899 1418 in
2927 1366 3119 1419 saecula
3146 1365 3487 1418 smculorum.
3536 1364 3730 1419 Amen.

711 1606 796 1649 nt:
840 1609 1081 1657 LAZABO
1122 1611 1351 1655 CONCIO
1392 1613 1625 1656 mum
1654 1591 1818 1676 1/11,
1843 1613 1923 1655 ΕΤ
1965 1611 2174 1662 omne
2218 1609 2341 1653 NON
2384 1609 2675 1664 DIXERIT,
2703 1608 2944 1651 censu
2985 1608 3148 1651 non;
3192 1610 3317 1651 τω
3364 1610 3428 1649 1N
3473 1609 3617 1651 vnn
3662 1610 3786 1651 TUA
3820 1592 4000 1671 (Luc.

791 1692 888 1753 16.
1152 1712 1307 1767 seu,
1340 1696 1643 1773 recepisti
1688 1716 1702 1753 :

789 1808 867 1851 BA
915 1808 1310 1853 PECCATORES
1356 1802 1767 1855 EFFUGIANT'.

1750 1714 1829 1755 ET
1885 1709 2281 1765 QUAMOBREM
2325 1708 2500 1778 JUS'FI
2544 1708 2985 1752 SEPENUHBBO
3028 1708 3333 1751 INCIDUNT
3376 1708 3441 1749 IN
3486 1708 3825 1763 PERICULA,
3869 1706 3998 1750 CUI

2106 1973 2515 2015 «mrem

777 2082 833 2136 1.
875 2078 1296 2153 Haudquaquam
1341 2085 1661 2141 mediocrem
1701 2088 1852 2143 nobis
1896 2075 2175 2144 utilitatem
2201 2098 2285 2144 at-

702 2171 827 2226 tulit
847 2172 917 2227 de
945 2172 1150 2228 Lazaro
1182 2174 1454 2244 parabola,
1488 2186 1598 2230 tum
1626 2177 1877 2232 divitibus
1902 2220 1915 2242 ,
1948 2187 2058 2231 tum
2091 2193 2290 2248 paupe-

702 2263 871 2330 ribus,
910 2272 969 2319 ut
1002 2281 1122 2335 qua
1146 2266 1242 2321 hos
1268 2267 1485 2337 quidem
1506 2268 1751 2324 docuerit
1775 2269 1925 2325 facile
1952 2270 2190 2339 perferre
2209 2260 2303 2325 in?

702 2356 903 2424 cpiam,
926 2356 1043 2412 illos
1068 2372 1198 2414 vero
1210 2375 1324 2430 ,non
1346 2374 1501 2429 passa
1524 2362 1595 2415 sit
1620 2362 1820 2430 efferri,
1849 2363 2056 2433 sibique
2082 2364 2291 2433 placere

702 2446 775 2502 ob
800 2447 1011 2505 divitias
1031 2491 1047 2515 ,
1080 2466 1202 2507 cum
1232 2467 1297 2507 ex
1340 2453 1467 2523 ipsis
1509 2455 1667 2509 rebus
1696 2456 2107 2522 demonstrarit,
2141 2458 2290 2510 illum

701 2538 943 2593 omnium
967 2553 1089 2595 esse
1102 2543 1346 2625 maxime
1370 2543 1729 2599 miserabilem
1749 2587 1765 2613 ,
1797 2547 1886 2616 qui
1914 2548 2075 2601 vitam
2106 2549 2213 2617 agit
2239 2549 2291 2602 in

702 2628 944 2696 deliciis,
985 2632 1115 2687 nulli
1140 2649 1236 2689 sua
1277 2634 1415 2691 bona
1454 2639 1875 2693 communicans.
1912 2640 2026 2711 Age
2058 2639 2215 2709 igitur
2240 2648 2293 2695 et

705 2718 867 2777 hodie
901 2722 1080 2780 denuo
1109 2733 1400 2783 tractemus
1432 2727 1575 2784 idem
1612 2737 1983 2800 argumentum
2004 2772 2021 2797 ,
2048 2730 2292 2800 quando-

704 2812 919 2880 quidem
940 2815 1032 2885 qui
1058 2816 1112 2870 in
1137 2818 1366 2873 metallis
1392 2830 1704 2888 operantur,
1728 2821 2046 2891 ubicumque
2066 2822 2293 2875 viderint

706 2902 901 2959 multas
922 2906 1039 2961 auri
1064 2922 1248 2974 venas,
1278 2910 1383 2966 illic
1412 2911 1617 2966 fodiunt
1643 2914 1835 2979 acrius,
1859 2929 1959 2969 nec
1982 2915 2131 2983 prius
2150 2914 2295 2969 absi-

707 3000 876 3059 stunt,
900 3009 1062 3065 quam
1093 3004 1260 3053 totum
1288 3002 1427 3069 quod
1455 3004 1680 3073 reperiri
1706 3006 1897 3074 potuit,
1929 3005 2294 3060 exhauserint.

707 3083 1009 3143 Redeamus
1032 3090 1191 3159 igitur
1212 3092 1359 3162 illuc,
1385 3096 1472 3149 ubi
1499 3112 1801 3152 sermonem
1824 3114 1990 3168 nuper
2008 3101 2293 3166 finivimus,

708 3186 767 3232 ut
808 3178 953 3235 illinc
994 3184 1242 3239 eumdem
1291 3187 1671 3244 instauremus.
1724 3190 2035 3246 Poteramus
2079 3192 2293 3262 quidem

711 3270 874 3325 unius
903 3271 1010 3327 diei
1040 3289 1203 3344 opera
1226 3280 1377 3333 vobis
1406 3288 1570 3333 totam
1599 3281 1735 3335 hanc
1764 3282 2051 3350 explanare
2078 3285 2298 3353 parabo-

708 3361 815 3416 lam
848 3379 864 3416 :
893 3379 1080 3421 verum
1113 3383 1219 3424 non
1246 3370 1348 3425 hoc
1374 3373 1597 3441 agimus,
1626 3385 1681 3427 ut
1706 3376 1873 3430 multa
1901 3376 2106 3446 loquuti
2134 3378 2298 3433 disce-

707 3452 897 3508 damus
916 3496 931 3521 ,
960 3456 1057 3511 sed
1088 3467 1145 3512 ut
1173 3475 1269 3514 vos
1294 3460 1577 3532 diligenter
1614 3467 1877 3535 acceptis,
1906 3469 2191 3537 animoque
2218 3470 2299 3524 in-

710 3543 831 3600 ﬁxis
851 3561 970 3616 qua:
990 3546 1131 3602 dicta
1155 3560 1299 3616 sunt,
1326 3567 1390 3605 ex
1420 3553 1519 3612 ista
1544 3555 1780 3609 custodia
1805 3558 2045 3611 sentiatis
2067 3557 2295 3613 fructum

707 3635 939 3714 aliquem
964 3638 1281 3707 spiritalem.
1305 3642 1438 3697 Nam
1462 3652 1517 3699 et
1543 3655 1715 3700 mater
1746 3648 1906 3716 prolis
1932 3663 2137 3715 amans,
2167 3649 2293 3704 dum

706 3740 864 3781 suum
910 3727 1168 3785 infantem
1218 3732 1504 3789 lactentem
1549 3747 1700 3805 parat
1740 3739 1807 3792 ad
1847 3739 2077 3794 solidum
2118 3741 2295 3795 cibum

706 3817 1010 3884 adducere,
1042 3822 1089 3876 si
1129 3823 1290 3879 simul
1321 3826 1544 3881 multum
1584 3830 1736 3883 meris
1757 3830 1999 3886 infundat
2025 3832 2134 3898 ori,
2164 3833 2297 3888 nihil

704 3910 926 4009 prodest
957 3911 1181 3979 infanti,
1211 3915 1524 3973 refundente
1550 3912 1717 3989 puero
1746 3922 1888 3991 quod
1917 3922 2090 4009 datur',
2122 3939 2185 3979 ac
2216 3932 2296 3977 tu-

706 4002 959 4069 niculam,
992 4019 1097 4075 qua
1128 4016 1316 4075 pectus
1345 4009 1540 4078 tegitur
1560 4050 1575 4076 ,
1602 4010 1873 4081 irrigante.
1905 4002 2075 4079 Quod-
2088 4016 2133 4068 si
2168 4029 2297 4069 sen-

706 4094 807 4147 sim
838 4108 903 4149 ac
945 4095 1201 4166 paulatim
1238 4096 1513 4164 infundat,
1550 4115 1681 4169 puer
1713 4102 1855 4171 quod
1896 4103 2145 4159 traditum
2169 4114 2253 4159 est
2276 4146 2293 4172 ,

704 4186 908 4254 alisque
938 4186 1183 4241 molestia
1208 4188 1540 4243 transmittit.
1568 4190 1799 4248 Proinde
1826 4208 1894 4248 ne
1923 4194 2074 4249 vobis
2110 4195 2296 4251 itidem

706 4276 851 4344 quod
881 4277 1132 4341 traditum
1180 4278 1376 4346 fuerit,
1422 4280 1607 4337 effluat
1638 4302 1650 4335 :
1683 4300 1791 4339 non
1824 4286 2113 4342 confertim
2145 4291 2295 4345 vobis

706 4368 1080 4423 inelinavimus
1116 4369 1369 4425 doctrina:
1408 4374 1691 4441 poculum,
1716 4377 1903 4431 sed‘in
1940 4378 2059 4434 dies
2095 4381 2295 4452 aliquot

701 4460 886 4529 partiti
915 4474 1122 4527 sumus,
1150 4463 1293 4531 passi
1318 4464 1468 4518 vobis
1494 4466 1707 4521 interim
1734 4466 1880 4524 hisce
1913 4469 2101 4525 diebus
2130 4472 2297 4527 inter-

702 4554 983 4621 quiescere
1010 4553 1079 4608 ab
1122 4555 1373 4609 audiendi
1423 4557 1605 4613 labore
1628 4600 1643 4623 ,
1672 4575 1777 4629 quo
1815 4562 1973 4616 simul
2001 4572 2054 4617 et
2083 4580 2146 4619 ea
2176 4582 2295 4635 qua

702 4642 1070 4713 deposuimus,
1103 4645 1181 4700 sic
1211 4646 1495 4715 infigantur
1518 4651 1700 4705 animo
1726 4660 1919 4707 vestrze
1946 4655 2205 4725 caritatis,
2238 4668 2294 4713 ut

702 4734 953 4789 excidere
991 4751 1096 4791 non
1124 4738 1335 4805 possint
1355 4779 1372 4805 ,
1403 4748 1457 4794 et
1495 4755 1557 4795 ea
1584 4756 1702 4810 qua:
1730 4742 1975 4799 dicentur
1999 4746 2197 4802 sedatis
2230 4763 2293 4804 ac

702 4826 905 4895 vegetis
931 4826 1201 4881 mentibus
1229 4830 1525 4898 excipiatis.
1557 4830 1742 4900 quue
1768 4835 1959 4890 crebro
1979 4838 2129 4893 vobis
2149 4854 2293 4907 prte-

701 4918 930 4972 dicimus
947 4920 1128 4973 multis
1145 4929 1269 4975 ante
1284 4920 1472 4976 diebus
1488 4936 1855 4993 argumentum
1878 4926 1947 4983 de
1985 4944 2091 4998 quo
2106 4946 2293 4986 sumus

702 5009 1004 5079 quuuturi,
1029 5021 1086 5065 ut
1115 5012 1197 5067 his
1221 5013 1271 5099 in
1301 5014 1477 5068 medio
1504 5015 1688 5071 diebus
1724 5029 1937 5089 sumpto
1963 5021 2096 5074 libro
2120 5063 2135 5089 ,
2163 5039 2291 5093 per-

701 5116 973 5171 pensaque
999 5102 1074 5155 rei
1114 5117 1343 5187 summa‘
1363 5114 1469 5159 tota
1492 5147 1505 5170 ,
1537 5117 1881 5178 posteaquam
1922 5111 2290 5169 intellexeritis

700 5192 827 5260 quid
864 5194 1063 5247 dictum
1094 5194 1201 5261 sit,
1229 5180 1355 5265 quid
1401 5207 1565 5252 restet
1593 5187 1876 5255 dicendum
1903 5244 1917 5267 ,
1947 5214 2178 5257 mentem
2204 5220 2293 5259 ve-

700 5294 869 5339 stram
900 5285 1311 5342 instructiorem
1338 5288 1573 5346 reddatis
1614 5289 1682 5345 ad
1724 5292 1985 5348 audienda
2026 5310 2144 5365 qua:
2172 5306 2292 5365 post

700 5377 1049 5432 disserentur.
1390 5388 1393 5389 '

777 5469 1021 5525 Hortatur
1046 5473 1115 5525 ad
1130 5473 1391 5528 lectionem
1412 5490 1671 5527 sacrorum
1693 5479 2022 5532 voluminum.
2046 5510 2112 5519 —
2129 5481 2290 5551 idque

696 5710 993 5823 “imitata
1024 5723 1134 5761 cum
1152 5716 1259 5761 uss.
1283 5713 1443 5776 Regiis
1469 5712 1606 5777 1819,
1634 5716 1771 5779 1960,
1801 5717 1919 5769 1965
1939 5727 1988 5771 et
2016 5718 2289 5773 Colbcrtiuo

2398 2104 2614 2159 semper
2643 2088 2830 2143 hortor
2869 2098 2925 2145 et
2963 2088 3163 2144 hortari
3211 2103 3319 2143 non
3360 2088 3639 2157 desinam,
3665 2101 3723 2145 ut
3776 2105 3885 2145 non
3915 2089 4003 2144 hic

2401 2189 2600 2235 tantum
2629 2180 2915 2236 attendatis
2945 2180 3009 2234 iis
3028 2196 3147 2251 qua:
3167 2180 3438 2246 dicuntur,
3468 2197 3653 2236 verum
3681 2181 3843 2235 etiam
3878 2195 4002 2233 cum

2400 2271 2551 2325 domi
2597 2269 2838 2335 fueritis,
2888 2270 3103 2325 assidue
3143 2271 3442 2324 divinarum
3480 2271 3873 2340 Scripturarum
3926 2269 4002 2323 le-

2396 2362 2559 2415 ctioni
2604 2361 2827 2415 vacetis.
2885 2360 3041 2425 Quod
3116 2359 3331 2430 quidem
3382 2369 3437 2416 et
3484 2360 3549 2414 iis
3612 2361 3703 2429 qui
3753 2360 3999 2429 privatim

2397 2467 2609 2508 mecum
2655 2453 2929 2523 congressi
2959 2460 3085 2507 sunt
3109 2468 3215 2507 non
3260 2451 3437 2507 destiti
3486 2451 3774 2505 inculcare.
3819 2451 4001 2519 Neque

2397 2561 2527 2601 vero
2553 2545 2679 2598 mihi
2707 2546 2986 2614 quisquam
3016 2544 3253 2614 proferat
3296 2543 3487 2614 frigida
3533 2544 3624 2598 illa
3673 2544 3838 2598 verba
3882 2544 3998 2612 pia-

2402 2638 3042 2709 nequedamnandazego
3059 2634 3363 2690 forensibus
3392 2635 3567 2690 causis
3602 2633 3796 2688 affixus
3845 2648 3996 2696 sum,

2402 2726 2615 2796 publica
2671 2741 2801 2796 gero
2848 2729 3099 2795 negotia,
3143 2725 3423 2779 artiﬁcium
3462 2738 3724 2789 exerceo,
3778 2738 4001 2777 uxorem

2400 2818 2597 2884 habeo,
2625 2818 2713 2873 alo
2752 2810 2984 2883 liberos,
3010 2818 3228 2873 familiae
3255 2833 3437 2872 curam
3467 2832 3597 2887 gero
3622 2858 3638 2883 ,
3698 2817 4001 2870 mundanus

2404 2910 2566 2965 homo
2595 2926 2714 2965 sum
2737 2952 2751 2976 ,
2786 2926 2893 2966 non
2946 2921 3029 2965 est
3073 2927 3252 2965 meum
3307 2910 3484 2979 legere
3528 2909 3837 2978 Scripturas
3859 2950 3875 2973 ,
3908 2908 3999 2961 sed

2401 3018 2588 3058 eorum
2629 3005 2718 3073 qui
2746 3002 2949 3057 mundo
2978 3003 3229 3058 dixerunt
3257 3003 3379 3058 vale
3400 3044 3416 3067 ,
3446 3002 3539 3071 qui
3583 3002 3851 3054 montium
3885 3016 3999 3053 ver-

2404 3096 2538 3151 tices
2582 3106 2931 3165 occuparunt,
2982 3098 3073 3167 qui
3125 3098 3289 3151 vitam
3340 3095 3605 3166 ejusmodi
3660 3097 4003 3149 continenter

2402 3195 2586 3258 agunt.
2614 3187 2751 3255 Quid
2768 3189 2871 3251 ais,
2888 3189 3091 3242 homo?
3118 3189 3231 3245 Non
3264 3197 3349 3243 est
3378 3190 3451 3241 tui
3476 3188 3672 3256 negotii
3703 3187 4005 3255 Scripturas

2402 3282 2649 3335 evolvere
2669 3322 2684 3346 ,
2713 3281 2967 3350 quoniam
2995 3279 3295 3333 innumeris
3320 3279 3464 3333 curis
3509 3277 3869 3332 distraheris?
3898 3278 4005 3330 lmo

2404 3380 2551 3426 tuum
2579 3374 2749 3443 magis
2776 3382 3032 3442 estquam
3061 3373 3295 3427 illorum.
3316 3371 3499 3440 Neque
3522 3372 3665 3425 enim
3694 3371 3769 3425 illi
3787 3369 4005 3439 perinde

2408 3459 2808 3531 Scripturarum
2859 3471 3018 3532 egent
3060 3463 3341 3530 praesidio,
3373 3470 3534 3531 atque
3582 3475 3683 3515 vos
3731 3462 3783 3514 in
3816 3461 4005 3514 mediis

2402 3554 2739 3623 negotiorum
2792 3554 2949 3608 undis
2995 3553 3201 3623 jactati.
3250 3553 3381 3608 Nam
3439 3552 3684 3608 monachi
3726 3553 3943 3622 quidem
3978 3565 4005 3603 a

2402 3645 2522 3699 foro
2552 3646 2961 3718 forensibusque
2992 3647 3220 3717 negotiis
3243 3646 3429 3713 liberi,
3453 3646 3650 3715 quique
3694 3646 3749 3698 in
3794 3644 4005 3700 deserto

2403 3735 2571 3790 ﬁxere
2609 3737 2907 3807 tuguriola,
2936 3752 3110 3806 neque
3154 3752 3275 3791 cum
3302 3751 3570 3807 quoquam
3617 3734 3820 3790 habent
3864 3750 4002 3789 com-

2402 3827 2667 3882 mercium
2686 3869 2700 3892 ,
2730 3827 2824 3882 sed
2856 3829 2908 3885 in
2949 3828 3040 3882 illa
3067 3828 3247 3897 quieta
3277 3826 3661 3897 tranquillitate
3701 3841 3830 3881 cum
3861 3826 4001 3879 omni

2402 3919 2689 3974 securitate
2712 3918 3177 3988 philosophantur.
3202 3933 3268 3973 ac
3292 3918 3435 3982 velut
3460 3918 3513 3971 in
3547 3926 3703 3987 portu
3730 3916 3999 3979 sedentes,

2403 4011 2565 4066 rebus
2590 4010 2939 4066 vehementer
2968 4012 3097 4065 tutis
3124 4010 3399 4064 fruuntur:
3424 4024 3524 4063 nos
3560 4018 3752 4063 contra
3780 4008 3927 4062 velut
3952 4008 4000 4059 in

2402 4102 2581 4157 medio
2611 4103 2745 4156 mari
2792 4102 3141 4166 fluctuantes,
3170 4101 3573 4169 innumerisque
3592 4142 3607 4165 ,
3636 4099 3868 4154 velimus
3910 4113 4001 4151 no-

2361 4194 2596 4258 'limus,
2646 4194 2881 4263 peccatis
2946 4193 3229 4260 obstricti,
3271 4205 3489 4260 semper
3544 4204 3682 4260 opus
3739 4190 3995 4243 habemus

2402 4295 2663 4357 perpetuo
2710 4286 2929 4356 jugique
2974 4285 3370 4355 Scripturarum
3418 4284 3631 4339 solatio.
3679 4284 3756 4337 Illi
3814 4283 3998 4337 sedent

2402 4378 2586 4448 procul
2606 4393 2638 4431 a
2653 4376 2925 4443 conﬂictu,
2952 4392 3127 4448 eoque
3151 4392 3251 4432 nec
3271 4377 3543 4446 accipiunt
3563 4378 3727 4431 multa
3747 4377 3993 4431 vulnera:

2403 4471 2497 4525 tibi
2521 4485 2650 4525 vero
2668 4512 2684 4537 ,
2707 4471 2831 4541 quia
2860 4478 3121 4539 perpetuo
3151 4478 3261 4524 stas
3290 4468 3345 4522 in
3374 4469 3491 4523 acie
3510 4509 3526 4534 ,
3551 4469 3673 4538 quia
3697 4467 3996 4535 frequentes

2400 4562 2601 4632 accipis
2631 4562 2816 4632 plagas
2836 4603 2851 4628 ,
2883 4561 3087 4616 idcirco
3125 4560 3297 4630 magis
3337 4575 3473 4629 opus
3501 4570 3584 4615 est
3627 4559 3882 4615 remediis
3901 4601 3916 4622 ,
3944 4568 3995 4611 ut

2398 4668 2555 4723 quem
2580 4660 2635 4708 et
2664 4668 2799 4707 uxor
2825 4660 3119 4723 provocat,
3149 4660 3206 4707 et
3228 4652 3366 4706 filius
3394 4653 3709 4716 contristat,
3748 4662 3910 4720 atque
3932 4650 3993 4703 ad

2398 4742 2533 4798 iram
2564 4752 2887 4809 commovet,
2920 4751 2975 4797 et
3003 4742 3287 4797 insidiatur
3308 4741 3479 4796 hostis
3500 4784 3514 4806 ,
3547 4750 3602 4796 et
3623 4742 3821 4796 invidet
3860 4741 3990 4794 ami-

2398 4852 2525 4903 cus,
2558 4846 2613 4892 et
2652 4837 2858 4891 vicinus
2894 4836 3207 4903 insectatur,
3236 4844 3291 4891 et
3318 4836 3615 4889 commilito
3659 4834 3989 4903 supplantat.

2398 4926 2705 4998 frequenter
2724 4936 2779 4982 et
2801 4924 2964 4998 judex
2991 4928 3243 4992 minatur,
3262 4935 3316 4981 et
3335 4936 3623 4995 paupertas
3642 4936 3724 4980 est
3748 4926 3988 4988 molesta,

2398 5033 2446 5074 et
2471 5018 2889 5075 domesticorum
2927 5019 3149 5073 amissio
3198 5018 3398 5072 luctum
3427 5017 3585 5072 aﬂ‘ert
3608 5059 3622 5083 ,
3648 5028 3703 5072 et
3729 5020 3991 5087 pm5peri.

2400 5120 2479 5165 Las
2504 5112 2674 5176 inﬂat,
2710 5111 3004 5165 adversitas
3033 5109 3320 5165 contrahit.
3351 5109 3593 5163 Breviter
3620 5109 3763 5162 varia
3783 5109 3991 5162 iracun-

2399 5203 2522 5268 dias,
2549 5204 2695 5257 varia
2728 5217 2999 5268 curarum,
3028 5203 3177 5255 varia
3215 5201 3639 5271 perturbationis
3679 5216 3741 5255 ac
3794 5216 3989 5255 mmm-

2398 5294 2505 5359 ris,
2528 5294 2672 5348 varia
2699 5294 2991 5362 iactantiae,
3014 5294 3161 5346 varia
3193 5293 3439 5358 tumoris,
3469 5302 3579 5345 tum
3608 5293 3820 5346 occasio
3839 5334 3854 5357 ,
3888 5304 3990 5345 tum

2396 5387 2689 5441 necessitas
2734 5401 2831 5441 nos
2877 5385 3232 5456 undequaque
3261 5386 3659 5449 circumvallat,
3694 5386 3990 5440 innumera-

2397 5493 2500 5547 que
2539 5493 2605 5531 ex
2651 5477 2797 5531 omni
2845 5487 2997 5547 parte
3026 5477 3130 5531 tela
3176 5476 3430 5531 volitant:
3461 5476 3605 5528 unde
3652 5490 3877 5530 necesse
3919 5487 3988 5528 est

2400 5569 2809 5625 indesinentena
2828 5568 3120 5639 Scripturis
3133 5578 3461 5634 armaturam
3489 5581 3728 5620 sumere.
3755 5569 3988 5637 Agnusce

2399 5663 2594 5732 igitur,
2650 5662 2857 5730 inquit,
2886 5661 3027 5732 quod
3079 5660 3132 5715 in
3180 5660 3359 5715 medio
3403 5658 3717 5728 laqueorum
3760 5656 3983 5720 incedis,

2394 5754 2644 5826 quodque
2671 5755 2723 5809 in
2745 5754 3046 5825 pinnacuhs
3082 5753 3310 5811 civitatis
3330 5748 3573 5807 ambulas
3603 5747 3778 5821 (Eccl.
3808 5748 3862 5807 9.
3882 5747 3985 5818 ω).
