4160 6324
164 439 265 497 991

163 552 357 608 τέκνον
393 550 559 607 αὑτὸν
594 551 766 619 καλεῖ,
817 553 1081 625 μονονοὺκ
1118 554 1261 625 ὑπὲρ
1301 556 1497 611 ἐαυτοῦ
1529 558 1622 613 διά
1661 561 1764 631 τῆς

157 635 543 707 προσηγορίας
555 634 1012 705 ἀπολογούμενος.
1030 631 1106 692 OB
1119 636 1309 706 κύριός
1324 640 1464 709 εἰμι,
1482 641 1587 705 σοὶ,
1606 643 1761 713 φησὶ,

158 717 501 788 μεταδίδωμι
526 734 541 748 ·
580 718 643 771 τὸ
668 718 725 771 δέ
753 718 1006 772 ἐντεῦθεν
1040 720 1299 774 ἀπελθεῖν
1337 723 1457 775 ἐκεῖ
1490 724 1591 776 οὑκ
1618 723 1765 777 ἐστιν

154 800 435 873 ἡμέτερον
462 802 669 855 λοιπόν.
707 800 1039 869 Ἀπέλιιόες
1067 803 1142 858 τὰ
1160 804 1355 875 ἀγαθά
1375 819 1514 860 σου.
1540 808 1651 861 Καὶ
1676 807 1767 861 διὰ

151 884 210 937 τί
233 884 341 939 οὑκ
357 881 534 951 εἶπεν,
564 884 779 949 ἔλαϐες,
802 885 956 949 ἀλλὰ,
990 885 1293 952 ἀπέλαϐες
1307 906 1328 954 ;
1343 888 1488 943 Πολὺ
1504 888 1654 962 [736]
1669 890 1766 943 πέ-

152 967 327 1035 λαγος
378 967 631 1023 ἐντεῦθεν
692 970 824 1040 ήμῖν
873 970 1167 1040 νοημάτων
1212 971 1325 1042 όρῶ
1385 966 1761 1044 ἀνοιγόμενον.

150 1052 247 1105 Διδ
272 1051 340 1124 δὴ
363 1053 544 1107 πάντα
574 1053 646 1106 τά
685 1054 954 1126 εἰρημένα
989 1054 1132 1125 μετά
1163 1055 1452 1126 ἀκριϐείας
1490 1056 1763 1126 φυλάξαν-

149 1152 268 1199 τες,
302 1135 376 1189 τά
394 1152 455 1188 τε
486 1134 607 1199 νῦν,
631 1135 702 1190 τά
732 1152 795 1188 τε
840 1134 1034 1207 πρώην
1069 1136 1353 1207 λεχθέντα,
1400 1138 1541 1208 μετά
1581 1141 1761 1209 ἀσφα-

149 1215 308 1281 λείας
348 1217 571 1288 ἀπάσης
600 1216 969 1289 ἀποθώμεθα,
1013 1222 1109 1271 καὶ
1146 1219 1283 1290 πρὸς
1326 1220 1427 1292 τὴν
1469 1222 1583 1275 τῶν
1629 1223 1761 1294 μελ-

146 1299 359 1354 λόντων
428 1299 769 1371 ῥηθήσεσθαι
828 1299 1095 1372 ἀκρόασιν
1160 1304 1225 1354 ἐκ
1284 1302 1394 1355 τῶν
1451 1305 1760 1376 εἰρημένων

146 1382 627 1453 ἐπιτηδειοτέρους
661 1383 890 1446 ἐαυτοὺς
926 1376 1377 1438 κατασκευάσατε
1397 1400 1413 1417 ·
1450 1386 1545 1438 καὶ
1578 1387 1626 1439 εἰ
1656 1386 1758 1457 μὲν

145 1463 383 1519 δυνατὸν
409 1466 540 1535 ὑμῖν
566 1465 801 1534 γένοιτο,
832 1464 1013 1519 πάντα
1052 1484 1143 1535 μοι
1182 1467 1574 1538 μνημονεύετε·
1617 1472 1666 1523 εἰ
1698 1470 1757 1524 δὲ

149 1547 228 1618 μὴ
260 1546 500 1601 δύνασθε
533 1548 735 1614 πάντα,
765 1548 887 1602 ἀντὶ
922 1546 1143 1601 πάντων
1186 1550 1390 1615 ἐκεῖνο,
1427 1550 1753 1622 παρακαλῶ,

150 1767 556 1787 ψ

1350 444 1440 499 DE
1478 444 1759 503 LAZARO
1798 445 2054 506 CONCIO
2088 451 2181 508 111.

3356 453 3464 510 9θί

1870 560 2152 637 μέμνησθε
2179 565 2465 638 διηνεκῶς,
2510 571 2595 625 ότι
2627 570 2688 625 1b
2725 572 2801 643 μὴ
2862 569 3203 642 μεταδιδόναι
3235 571 3468 643 πένησιν

1866 645 2077 731 ἐκτῶν
2116 648 2334 703 οἰκείων
2377 652 2716 723 χρημάτων,
2768 654 2998 731 ἁρπαγὴ
3042 655 3294 724 πενήτων
3345 654 3468 706 ἐστὶ

1864 728 1962 779 καὶ
2008 728 2379 803 ἀποστέρησις
2412 734 2513 805 τῆς
2542 735 2769 789 ἐκείνων
2799 728 2976 805 ζωῆς·
3018 736 3114 790 καὶ
3146 736 3208 789 οὑ
3237 738 3307 791 τὰ
3327 737 3467 807 ὴμέ-

1864 824 2021 891 τερα,
2051 811 2188 867 ἀλλά
2223 815 2292 868 τά
2335 816 2558 871 ἐκείνων
2612 819 2941 891 κατέχομεν.
2988 821 3087 873 Ἂν
3131 820 3241 891 γὰρ
3289 819 3465 883 οὕτως

1861 886 2015 964 ὦμεν
2041 896 2396 969 διακείμενοι,
2433 903 2652 967 πάντως
2687 886 3044 976 προησόμεθα
3072 886 3463 975 τάίχρήματα,

1861 978 1958 1031 καὶ
1984 980 2257 1035 πεινῶντα
2290 984 2594 1054 θρέψαντες
2645 987 2736 1042 τὸν
2782 987 3020 1057 Χριστὸν
3068 986 3336 1049 ἐνταῦθα,
3369 988 3465 1039 καὶ

1860 1062 2064 1134 πολλὴν
2109 1064 2229 1119 ἐκεῖ
2254 1066 2354 1138 τὴν
2380 1068 2690 1139 ἐμπορίαν·
2720 1064 3081 1142 ἀπόθέμενοι,
3116 1069 3464 1141 δυνησόμεθα

1858 1142 1967 1197 τῶν
1998 1145 2302 1215 μελλόντων
2333 1151 2609 1222 ἐπιτυχεῖν
2640 1152 2883 1221 ἀγαθῶν,
2922 1154 3108 1223 χάριτι
3142 1156 3239 1207 καὶ
3274 1153 3465 1219 φιλαν-

1858 1225 2078 1300 θρωπίᾳ
2097 1230 2192 1283 τοῦ
2226 1232 2432 1304 Κυρίου
2456 1233 2616 1305 ήμῶν
2659 1234 2835 1306 Ἰησοῦ
2865 1236 3128 1307 Χριστοῦ,
3157 1236 3279 1307 μεθ’
3299 1228 3361 1287 οὗ
3386 1232 3463 1303 τῷ

1867 1311 2065 1383 Πατρὶ,
2104 1313 2220 1384 ἀμα
2243 1314 2322 1385 τῷ
2350 1315 2491 1387 ἁγίῳ
2520 1317 2803 1389 Πνεύματι
2830 1320 2980 1384 δόξα,
3015 1321 3151 1391 τιμὴ
3171 1361 3186 1385 ,
3222 1320 3458 1389 κράτος.

1866 1393 1961 1447 νῦν
2004 1396 2098 1448 καὶ
2150 1398 2275 1461 ἀεὶ,
2341 1400 2435 1453 καὶ
2484 1394 2588 1464 εἰς’
2618 1404 2745 1466 τοὺς
2800 1403 3005 1467 αἰῶνας
3057 1403 3167 1459 τῶν
3222 1401 3453 1457 αἰώνων.

1876 1477 2072 1549 Ἀμήν.

1927 1561 1955 1590 ⁸
1978 1563 2078 1612 Alli
2104 1562 2344 1628 εὐπορίαν.
2396 1602 2399 1603 ν

3228 1782 3399 1803 αι*

148 1940 258 2005 εις
298 1938 411 1992 τὸν
443 1936 710 2007 Λάζαρον
757 1939 943 2010 λόγος
971 1919 1191 2008 τρίτος,
1222 1940 1323 1995 καί
1354 1941 1522 2007 τινος
1551 1938 1765 1993 ἕνεκεν
1800 1940 1914 1993 οὐκ
1946 1934 2137 2005 εἶπεν,
2169 1936 2420 2008 Ἐλαϐες
2452 1942 2527 1996 τὰ
2548 1942 2742 2012 ἀγαθά
2770 1958 2889 1997 σου
2929 1943 2999 1996 ὲν
3029 1941 3103 2011 τῇ
3146 1942 3261 2013 ζωῇ
3313 1961 3453 2012 σου,

217 2031 384 2096 ἀλλ’,
429 2031 747 2096 ’Δπέλαϐες·
782 2032 881 2086 καὶ
914 2030 1013 2086 διὰ
1056 2033 1116 2088 τί
1146 2036 1201 2087 οἱ
1258 2033 1377 2107 μὲν
1424 2032 1641 2087 δίκαιοι
1675 2030 1983 2097 κινδύνοις
2027 2033 2327 2104 πολλάκις
2364 2038 2855 2105 περιπίπτουσιν,
2900 2039 2957 2091 οἱ
2989 2035 3074 2089 δὲ·
3122 2038 3455 2107 ἁμαρτωλοὶ

224 2124 486 2188 τούτους
513 2121 971 2194 διαφεύγουσιν.

217 2399 289 2447 α’.
305 2393 384 2445 Οὐ
404 2390 475 2445 τά
492 2392 725 2464 τυχόντα
745 2393 894 2463 ἡμᾶς
911 2391 1119 2463 ὤνησεν
1140 2394 1175 2465 ή
1200 2391 1342 2445 κατά
1374 2391 1467 2445 τὸν
1499 2387 1749 2459 Λάζαρον

145 2476 460 2546 παραϐολὴ,
496 2478 587 2529 καὶ
611 2476 901 2538 πλουσίους
934 2475 1028 2527 καὶ
1061 2475 1324 2544 πένητας,
1364 2473 1489 2535 τοὺς
1523 2474 1621 2542 μὲν
1654 2472 1747 2524 εὑ-

145 2566 325 2627 κόλως
363 2555 552 2633 φέρειν
591 2564 691 2635 τὴν
738 2561 929 2615 πενίαν
987 2561 1347 2625 παιδεύσασα,
1378 2562 1505 2621 τοὺς
1545 2560 1603 2613 δὲ
1647 2560 1748 2614 οὐκ

143 2650 371 2716 ἀφιεῖσα
396 2648 540 2718 μέγα
568 2648 785 2718 φρονεῖν
808 2646 901 2697 ἐπὶ
928 2643 1005 2714 τῷ
1037 2644 1273 2715 πλούτῳ,
1302 2642 1437 2697 ἀλλά
1469 2643 1538 2695 δι’
1567 2643 1748 2697 αὑτῶν

138 2729 247 2783 τῶν
310 2730 491 2801 ἔργων
538 2728 819 2793 διδάξασα,
882 2727 965 2779 ὅτι
1027 2726 1249 2780 πάντων
1305 2725 1667 2795 ἐλεεινότερος
1718 2726 1748 2779 ό

137 2814 321 2883 τρυφῇ
352 2810 554 2875 συζῶν,
586 2812 682 2864 καὶ
715 2809 903 2879 μηδενὶ
929 2808 1039 2862 τῶν
1060 2809 1230 2862 ὄντων
1255 2807 1589 2877 μεταδιδούς.
1608 2808 1746 2878 Φέρε

136 2890 229 2947 οὖν
254 2894 356 2947 καὶ
392 2893 636 2965 σήμερον
684 2891 783 2961 τῆς
803 2892 974 2961 αὑτῆς
1004 2892 1168 2945 πάλιν
1201 2890 1470 2961 ἁψώμεθα
1490 2902 1515 2931 α
1549 2891 1746 2944 ὑποθέ-

138 2994 299 3040 σεως·
330 2976 455 3030 ἐπεὶ
481 2976 576 3029 καὶ
604 2976 655 3027 οἰ
716 2974 785 3027 τά
822 2974 1062 3044 μέταλλα
1094 2972 1475 3044 ἐργαζόμενοι,
1502 2972 1630 3026 ἔνθα
1678 2974 1745 3025 ἂν

140 3059 289 3113 ίδωσι
321 3058 524 3121 πολλὰς
553 3056 648 3111 τοῦ
667 3058 894 3127 χρυσίου
921 3055 1021 3119 τὰς
1041 3052 1183 3122 ἶνας,
1208 3058 1326 3109 ἐκεῖ
1345 3056 1744 3110 διασκάπτουσι

136 3142 321 3207 πάλιν,
348 3142 446 3196 καὶ
468 3142 570 3194 οὑκ
600 3141 930 3208 ἀφίστανται
952 3140 1241 3209 πρότερον,
1275 3139 1381 3202 ἓως
1408 3139 1474 3192 ἂν
1507 3138 1653 3191 ἆπαν
1683 3138 1745 3191 τὸ

136 3226 463 3297 φαινόμενον
519 3221 944 3293 ἐξαντλήσωσιν.
998 3222 1343 3293 Ἐπανίωμεν
1376 3222 1578 3285 τοίνυν,
1615 3222 1742 3275 ἔνθα

135 3308 328 3379 πρώην
360 3307 727 3375 κατελίπομεν
755 3306 846 3358 τὸν
878 3304 1035 3371 λόγον
1080 3306 1167 3358 ἴνα
1201 3304 1410 3357 ἐκεῖθεν
1442 3306 1605 3357 αὑτὸν
1644 3306 1743 3357 ἀν-

136 3391 409 3462 ελώμεθα.
438 3390 598 3458 Ἐνῆν
623 3388 722 3459 μὲν
746 3388 855 3458 γὰρ
878 3389 971 3440 καὶ
998 3389 1057 3440 ἐν
1078 3388 1265 3459 ἡμέρᾳ
1283 3389 1382 3458 μιᾷ
1414 3390 1591 3441 πᾶσαν
1612 3388 1742 3458 ὑμῖν

131 3474 336 3545 ταύτην
386 3470 701 3537 ἐξαπλῶσαι
739 3470 839 3539 τὴν
894 3470 1230 3542 παραϐολήν·
1282 3470 1397 3523 ἀλλ’
1447 3470 1547 3540 οὑχ
1592 3471 1742 3533 ὃταος

134 3558 302 3611 πολλά
328 3556 577 3617 εἰπόντες
602 3553 956 3623 ἀπέλθωμεν,
973 3553 1135 3607 τοῦτο
1160 3552 1600 3623 ἐσπουδάκαμεν,
1626 3553 1740 3606 ἀλλ’

131 3643 281 3705 ὅπως
307 3640 449 3712 μετὰ
486 3636 770 3709 ἀκριϐείας
798 3636 870 3688 τά
898 3637 1162 3707 λεχθέντα
1200 3635 1487 3706 δεξάμενοι
1512 3636 1608 3689 καὶ
1640 3653 1741 3689 κα-

130 3725 447 3794 τασχόντες,
508 3721 725 3776 λάϐοιτέ
769 3738 892 3773 τινα
946 3720 1054 3773 ἀπὸ
1112 3720 1215 3789 τῆς
1244 3720 1492 3791 φυλακῆς
1534 3719 1741 3791 ταύτης

132 3807 387 3878 αἴσθησιν
422 3804 691 3874 ὠφελείας
725 3803 1127 3873 πνευματικῆς.
1156 3804 1269 3856 Καὶ
1299 3802 1410 3874 γὰρ
1433 3804 1621 3874 μήτηρ
1650 3820 1741 3871 φι-

132 3890 423 3962 λόστοργος
461 3888 730 3958 μέλλουσα
780 3887 875 3939 ἐπὶ
904 3885 1132 3956 στερεὰν
1170 3886 1230 3938 τὸ
1258 3885 1738 3957 γαλακτοτροφού⁶

136 3991 296 4045 μενον
329 3972 546 4026 παιδίον
578 3972 731 4038 ἀγειν
749 3970 956 4041 τροφὴν
975 4009 989 4033 ,
1016 3969 1082 4022 ἂν
1121 3969 1219 4039 μὲν
1248 3969 1444 4040 ἀθρόον
1467 3970 1633 4042 ἐγχέῃ
1661 3967 1739 4039 τῷ

135 4058 365 4128 στόματι
420 4056 513 4109 τὸν
566 4055 824 4123 ἄκρατον,
860 4053 1014 4105 οὐδὲν
1043 4053 1301 4123 ὀνίνησιν,
1342 4053 1740 4118 ἀποϐλύζοντος

131 4142 222 4196 τοῦ
252 4141 473 4195 παιδίου
508 4140 569 4192 τὸ
591 4139 893 4209 διδόμενον,
925 4138 1020 4191 καὶ
1067 4136 1447 4209 διαϐρέχοντος
1487 4139 1616 4209 περί
1660 4139 1739 4209 τῷ

134 4227 317 4296 στήθει
346 4226 438 4277 τὸν
467 4222 807 4294 χιτωνίσκον·
847 4222 914 4274 ἂν
942 4220 999 4273 δὲ
1030 4220 1217 4291 ἠρέμα
1254 4222 1348 4275 καὶ
1377 4221 1517 4274 κατά
1543 4222 1737 4293 μικρὸν

132 4309 319 4380 ἐγχέῃ,
375 4306 744 4376 παραπέμπει
777 4304 839 4356 τὸ
896 4304 1050 4365 δοθὲν
1075 4302 1319 4367 ἀλύπως.
1357 4304 1455 4357 ’Ὶν’
1514 4301 1606 4358 οὖν
1646 4306 1738 4358 καὶ

132 4394 286 4463 ὑμεῖς
324 4392 387 4443 τὸ
411 4389 563 4442 δοθὲν
596 4388 670 4459 μὴ
702 4386 1069 4455 ἀποϐλύσητε,
1119 4388 1220 4439 οὑκ
1253 4386 1449 4458 ἀθρόον
1484 4389 1612 4457 ὑμῖν
1641 4389 1740 4441 ἐπ-

132 4476 428 4545 εκλίναμεν
460 4473 520 4525 τὸ
539 4472 637 4541 τῆς
667 4470 1019 4531 διδασκαλίας
1058 4470 1339 4541 ποτήριον,
1362 4471 1477 4523 ἀλλ’
1504 4474 1584 4534 εἰς
1604 4471 1737 4523 πολ-

132 4557 226 4620 λὰς
253 4559 383 4627 ὑμῖν
407 4556 538 4609 αὑτὸ
562 4552 1121 4623 κατεκερματίσαμεν
1143 4552 1383 4625 ἡμέρας,
1410 4555 1468 4605 ἐν
1489 4556 1611 4616 ταῖς
1642 4570 1738 4624 με-

131 4641 261 4705 ταξὺ
274 4640 500 4701 ταύταις
513 4640 546 4707 ἠ
558 4638 625 4707 μέ
633 4653 754 4707 ραις
770 4634 1199 4690 διαναπαύεσθαι
1215 4638 1590 4706 παρασχόντες
1607 4637 1736 4707 ὑμῖν

131 4725 195 4778 ἐκ
222 4724 317 4777 τοῦ
352 4724 453 4792 τῆς
491 4720 644 4791 [737]
674 4721 994 4791 ἀκροάσεως
1024 4719 1209 4783 πόνου,
1238 4719 1326 4772 ἵνα
1349 4719 1530 4772 καὶτὰ
1564 4737 1737 4772 κατα-

132 4806 400 4878 ϐληθέντα
457 4807 607 4873 παγῇ
661 4802 799 4874 μετὰ
834 4802 1136 4869 ἀσφαλείας
1190 4804 1249 4855 ἐν
1286 4804 1351 4873 τῇ
1386 4802 1591 4873 διανοίᾳ
1636 4806 1736 4874 τῆς

136 4890 406 4962 ὑμετέρας
436 4888 677 4957 ἀγάπης,
702 4888 796 4938 καὶ
826 4886 893 4938 τά
929 4885 1265 4955 ῥηθήσεσθαι
1294 4886 1559 4956 μέλλοντα
1588 4888 1738 4937 ἀνει-

138 4978 271 5049 μένῃ
298 4977 394 5028 καὶ
424 4972 755 5043 ἀκμαζούσῃ
805 4970 1033 5039 δέξησθε
1082 4970 1253 5041 ψυχῇ.
1307 4970 1406 5023 Διά
1458 4969 1737 5025 τοῦτοκαὶ

133 5061 230 5130 τὴν
255 5059 515 5111 ὑπόθεσιν
560 5056 671 5109 τῶν
724 5054 1029 5125 μελλόντων
1091 5052 1425 5123 ῥηθήσεσθαι
1473 5052 1735 5117 πολλάκις

136 5143 263 5213 ὑμῖν
292 5140 634 5215 προλέγομεν
666 5140 772 5207 πρὸ
816 5136 1029 5189 πολλῶν
1080 5136 1337 5215 ἡμερῶν,
1391 5137 1478 5213 ἵνα
1530 5139 1587 5189 ἐν
1613 5140 1735 5214 ταῖς

142 5208 351 5294 μεταξὺ·
376 5208 604 5285 ταύταις
655 5222 893 5293 ἡμέραις
937 5220 997 5272 τὸ
1060 5208 1263 5289 βιϐλίοῦ
1307 5208 1585 5283 λαϐόντες,
1639 5208 1736 5273 καὶ

137 5308 230 5377 τὴν
276 5307 581 5379 περικοπὴν
623 5305 843 5358 ἃπασαν
879 5303 1148 5367 ἐπιόντες,
1195 5303 1289 5356 καὶ
1322 5302 1736 5373 καταμαθόντες

140 5392 187 5443 τί
238 5392 336 5462 μέν
366 5391 605 5461 εἴρηται,
654 5388 708 5440 τί
763 5388 818 5441 δὲ
865 5386 1275 5449 ὑπολέλειπται,
1322 5385 1735 5455 εὐμαθεστέραν

140 5474 288 5545 ὑμῶν
323 5474 588 5543 ποιήσητε
617 5473 715 5543 τὴν
766 5471 1004 5524 διάνοιαν
1040 5469 1177 5540 πρὸς
1206 5468 1303 5539 τὴν
1330 5469 1594 5539 ἀκρόασιν
1625 5470 1733 5525 τῶν

144 5559 277 5628 μετά
300 5558 472 5611 ταῦτα
497 5555 906 5628 ῥηθησομένων.

210 5642 317 5694 Καὶ
341 5638 498 5695 τοῦτο
531 5640 618 5692 ἀεὶ
654 5636 981 5709 παρακαλῶ,
1005 5637 1099 5689 καὶ
1132 5634 1473 5707 παρακαλῶν
1502 5636 1561 5689 οὑ
1594 5633 1735 5689 παύ-

143 5739 327 5797 σομαι,
352 5726 441 5779 ἵνα
484 5725 559 5795 μὴ
588 5723 747 5794 μόνον
782 5721 1017 5776 ἐνταῦθα
1050 5724 1163 5785 τοῖς
1205 5720 1735 5793 λεγομένοιςπροσο

216 5894 233 5917 ⁸
256 5891 386 5945 Unus
406 5908 504 5945 ms.
548 5900 600 5945 cl.
619 5894 769 5943 Savil.
796 5896 845 5943 iu
868 5907 1021 5955 marg.
1048 5892 1397 5953 ἐπιλαϐώμεθα.

1851 2387 2047 2460 έχητε,
2068 2384 2208 2441 ἀλλά
2244 2384 2341 2439 καὶ
2366 2386 2507 2439 οίκοι
2532 2385 2835 2457 γινόμενοι,
2868 2390 2936 2459 τῇ
2979 2388 3089 2443 τῶν
3119 2389 3283 2444 θείων
3310 2389 3454 2459 Γρα-

1851 2470 1969 2539 φῶν
2001 2469 2304 2540 ἀναγνώσει
2335 2468 2576 2539 συνεχῶς
2607 2470 3004 2541 ἐνδιατρίϐητε.
3031 2472 3204 2526 Τοῦτο
3232 2472 3457 2537 καὶτοῖς

1853 2555 1960 2626 ἰδίᾳ
1983 2553 2397 2624 συγγινομένοις
2439 2554 2574 2623 ἡμῖν
2602 2555 2663 2607 οὑ
2694 2553 2933 2607 διέλιπον
2966 2556 3054 2608 ἀεὶ
3097 2554 3452 2628 παρεγγυῶν.

1849 2638 1941 2709 Μὴ
1965 2639 2075 2710 γάρ
2100 2655 2191 2709 μοι
2216 2637 2421 2705 λεγέτω
2436 2653 2520 2700 τις
2538 2636 2609 2689 τά
2641 2637 2830 2708 ψυχρά
2870 2640 3093 2709 ῥήματα
3116 2640 3324 2704 ἐκεῖνα,
3357 2638 3457 2693 καὶ

1850 2721 2052 2791 πολλῆς
2083 2718 2485 2787 καταγνώσεως
2532 2720 2694 2794 ἀξια,
2748 2721 2833 2773 ὅτι
2883 2722 3234 2793 Δικαστηρίῳ
3283 2720 3479 2794 προσ-’

1848 2805 2089 2876 ήλωμαι,
2126 2804 2197 2857 τά
2224 2803 2325 2873 τῆς
2364 2793 2574 2866 πόλεως
2610 2804 2838 2874 πράττω
2871 2805 3197 2875 πράγματα,
3256 2793 3454 2877 τέχνην

1851 2884 2211 2958 μετέρχομαι,
2232 2888 2469 2955 γυναῖκα
2493 2885 2624 2955 ἔχω,
2657 2885 2848 2940 παιδία
2872 2887 3083 2957 τρέφω,
3112 2889 3292 2952 οἰκίας
3314 2905 3453 2960 προ-

1842 2970 2099 3040 ἵσταμαι,
2127 2970 2269 3040 ἀνήρ
2292 2971 2409 3038 εἰμι
2447 2967 2721 3038 βιωτικός·
2751 2970 2853 3021 οὑκ
2878 2968 3027 3023 ἐστιν
3068 2970 3201 3041 ἐμὸν
3226 2972 3457 3042 Γραφάς

1847 3052 2264 3121 ἀναγινώσκειν,
2289 3052 2404 3106 ἀλλ’
2440 3052 2665 3105 ἐκείνων
2713 3051 2822 3106 τῶν
2852 3053 3308 3124 ἁποταξαμένων,
3341 3057 3454 3111 τῶν

1846 3136 1945 3199 τὰς
1998 3136 2243 3209 κορυφάς
2271 3135 2379 3189 τῶν
2414 3136 2585 3207 όρέων
2618 3136 3051 3206 κατειληφότων,
3115 3138 3221 3191 τῶν
3260 3136 3454 3194 τοῦτον

1843 3219 1936 3271 τὸν
1967 3218 2081 3289 βίον
2109 3220 2345 3289 ἐχόντων
2377 3218 2661 3289 διηνεκῶς.
2696 3218 2759 3270 Τί
2790 3217 2991 3287 λέγεις,
3024 3218 3315 3291 ἄνθρωπε;
3350 3224 3455 3278 οὑκ

1845 3302 1962 3355 ἐστι
2000 3302 2090 3356 σὸν
2120 3302 2280 3373 ἔργον
2329 3303 2577 3374 Γραφαῐς
2608 3298 2924 3372 προσέχειν,
2979 3304 3170 3375 ἐπειδὴ
3222 3306 3453 3377 μυρίαις

1845 3385 2110 3457 περιέλκῃ
2170 3385 2449 3457 φροντίσί;
2513 3387 2614 3438 Σὸν
2677 3386 2777 3455 μὲν
2824 3381 2918 3439 οὖν
2962 3387 3164 3456 μᾶλλόν
3214 3390 3385 3456 ἐστιν,
3415 3392 3450 3463 ἢ

1846 3469 2091 3523 ἐκείνων.
2124 3470 2199 3521 Οὑ
2224 3470 2333 3539 γάρ
2368 3469 2541 3531 οὕτως
2572 3471 2771 3521 ἐκεῖνοι
2791 3467 3057 3539 χρῄζουσι
3080 3470 3179 3540 τῆς
3209 3471 3318 3523 ἀπὸ
3343 3472 3452 3525 τῶν

1844 3550 2005 3604 θείων
2029 3552 2067 3604 Γ
2071 3553 2261 3623 ραφῶν
2291 3551 2563 3623 βοηθείας,
2624 3552 2701 3615 ὠς
2733 3555 2782 3604 οἰ
2816 3555 2873 3604 ἐν
2909 3553 3064 3623 μέσῳ
3091 3557 3452 3626 στρεφόμενοι

1844 3637 2187 3706 πραγμάτων
2221 3636 2453 3690 πολλῶν.
2486 3637 2548 3689 Ol
2581 3636 2679 3707 μὲν
2702 3636 2813 3707 γάρ
2858 3640 3084 3707 μοναχοί
3113 3641 3213 3709 τῆς
3240 3643 3451 3711 ἀγορᾶς

1843 3720 2072 3773 καὶτῶν
2105 3723 2169 3774 ἐκ
2184 3719 2285 3789 τῆς
2318 3722 2525 3791 ἀγορᾶς
2586 3720 2999 3788 ἀπαλλαγέντες
3032 3722 3299 3794 θορύϐων,
3354 3729 3451 3781 καὶ

1841 3802 1939 3866 τὰς
1969 3804 2214 3867 καλύϐας
2241 3806 2298 3856 ἐν
2329 3806 2537 3875 ἐρημίᾳ
2571 3803 2897 3874 πηξάμενοι,
2956 3806 3048 3859 καὶ
3086 3808 3223 3876 πρὸς
3258 3809 3451 3863 οὐδένα

1842 3888 2023 3940 κοινὸν
2055 3888 2208 3941 οὐδὲν
2262 3887 2499 3957 ἔχοντες,
2559 3888 2677 3942 ἀλλ’
2741 3889 3238 3959 ἐμφιλοσοφοῦντες
3308 3896 3453 3963 μετά

1841 3969 2026 4033 ἀδείας
2058 3974 2126 4040 τῇ
2154 3971 2256 4041 τῆς
2285 3972 2520 4041 ἡσυχίας
2552 3973 2771 4043 ἐκείνης
2813 3973 3047 4045 γαλήνῃ,
3103 3976 3357 4047 καθάπερ
3390 3982 3449 4031 ἐν

1840 4052 2023 4124 λιμένι
2052 4052 2379 4123 καθήμενοι,
2429 4053 2631 4124 πολλῆς
2667 4057 2765 4124 τῆς
2810 4056 3112 4123 ἀσφαλείας
3139 4059 3449 4115 ἀπολαύου-

1842 4153 1946 4189 σιν·
1974 4138 2138 4207 ὴμεῖς
2182 4137 2241 4190 δὲ
2265 4139 2315 4189 οἰ
2347 4137 2602 4209 καθάπερ
2626 4139 2684 4192 ἐν
2726 4138 2876 4210 μέσῳ
2911 4141 3139 4209 πελάγει
3191 4144 3449 4199 σαλεύον-

1838 4236 1952 4285 τες,
2017 4220 2110 4272 καί
2179 4222 2393 4293 μυρίων
2434 4222 2859 4291 ἁμαρτημάτων
2903 4223 3149 4290 ἀνάγκας
3205 4226 3446 4297 ἔχοντες,

1842 4302 2101 4372 συνεχοῦς
2153 4304 2248 4355 καὶ
2297 4302 2581 4373 διηνεκοῦς
2637 4304 2727 4357 ἀεὶ
2777 4303 3010 4375 δεόμεθα
3048 4306 3149 4378 τῆς
3180 4309 3289 4363 ἀπὸ
3335 4312 3446 4365 τῶν

1839 4386 2073 4456 Γραφῶν
2121 4387 2545 4458 παρακλήσεως.
2601 4388 2833 4442 Ἐκεῖνοι
2886 4390 3080 4462 πόρρω
3124 4393 3225 4463 τῆς
3263 4379 3447 4467 μάχης

1838 4469 2129 4541 κάθηνται,
2150 4471 2337 4542 διόπερ
2381 4471 2502 4523 οὑδέ
2530 4470 2703 4525 πολλὰ
2740 4472 2987 4542 δέχονται
3031 4472 3344 4546 τραύματα·
3377 4480 3445 4532 σὺ

1838 4553 1895 4606 δὲ
1927 4552 2192 4625 διηνεκῶς
2218 4554 2314 4607 ἐπὶ
2355 4555 2453 4624 τῆς
2501 4554 2861 4626 παρατάξεως
2895 4556 3157 4627 ἕστηκας,
3187 4563 3283 4614 καί
3316 4580 3444 4615 συν-

1838 4638 1983 4707 εχεῖς
2002 4638 2135 4707 δέχῃ
2167 4637 2267 4701 τὰς
2294 4637 2531 4706 πληγάς·
2564 4638 2644 4691 διὸ
2689 4640 2783 4692 καί
2816 4639 3080 4694 πλειόνων
3115 4660 3198 4696 σοι
3224 4644 3306 4697 δεῖ
3333 4646 3446 4700 τῶν

1839 4719 2299 4790 φαρμάκων.Καί
2324 4721 2435 4791 γὰρ
2456 4722 2551 4773 καί¹
2582 4722 2720 4792 γυνὴ
2745 4722 3063 4792 παροξύνει,
3096 4726 3190 4778 καὶ
3215 4727 3330 4790 υίὸς
3346 4729 3445 4782 λυ-

1840 4806 1953 4869 πεῖ,
1987 4804 2080 4857 καί
2134 4803 2354 4873 οἰκέτης
2405 4805 2485 4866 εἰς
2539 4804 2711 4874 ὀργὴν
2740 4806 3061 4879 ἐμϐάλλει,
3108 4809 3205 4860 καὶ
3246 4810 3444 4881 ἐχθρὸς

1839 4887 2207 4949 ἐπιϐουλεύει,
2239 4887 2334 4939 καὶ
2370 4887 2527 4955 φίλος
2557 4880 2871 4956 βασκαίνει,
2924 4892 3020 4943 καὶ
3060 4892 3263 4959 γείτων
3299 4880 3440 4965 ἐπη-

1845 4970 2050 5042 ρεάζει,
2076 4971 2171 5023 καὶ
2196 4970 2615 5041 συστρατιώτης
2651 4971 3021 5037 ὑποσκελίζει,
3061 4975 3323 5041 πολλάκις
3348 4982 3442 5031 καὶ

1840 5055 2102 5125 δικαστὴς
2147 5054 2395 5117 ἀπειλεῖ,
2445 5054 2540 5106 καὶ
2588 5055 2749 5108 πενία
2797 5056 2993 5119 λυπεῖ,
3053 5059 3147 5111 καὶ
3194 5060 3441 5133 ἀποϐολὴ

1834 5138 1945 5191 τῶν
1974 5136 2416 5206 οἰκείωνλπένθος
2453 5139 2784 5209 ἐργάζεται,
2817 5141 2913 5193 καὶ
2956 5142 3233 5214 εὑημερία
3267 5149 3443 5215 φυσᾷ.

1837 5223 1933 5275 καὶ
1980 5221 2291 5292 δυσπραγία
2336 5221 2637 5289 συστέλλει,
2690 5225 2786 5277 καὶ
2841 5224 3037 5278 πολλαὶ
3093 5228 3193 5297 μὲν
3242 5230 3437 5299 ὀργῆς,

1836 5303 2032 5357 πολλαὶ
2082 5305 2138 5357 δέ
2193 5304 2511 5375 φροντίδων,
2576 5306 2770 5360 πολλαὶ
2818 5308 2875 5359 δὲ
2922 5307 3164 5379 ἀθυμίας
3205 5312 3300 5364 καὶ
3347 5313 3439 5365 λύ-

1837 5405 1966 5458 πης,
1998 5386 2190 5440 πολλαὶ
2215 5388 2271 5441 δὲ
2294 5387 2600 5451 κενοδοξίας
2632 5391 2726 5442 καὶ
2757 5392 3019 5455 ἀπονοίας
3054 5392 3304 5464 ἀφορμαὶ
3344 5397 3440 5449 καὶ

1836 5470 2074 5537 ἀνάγκαι
2104 5469 2371 5523 πάντοθεν
2406 5473 2557 5542 ἡμᾶς
2586 5473 3101 5543 περιστοιχίζονται,
3149 5478 3241 5528 καί
3268 5480 3437 5548 μυρία

1837 5554 2177 5623 πανταχόθεν
2204 5552 2275 5606 τά
2307 5554 2435 5624 βέλη
2472 5557 2721 5626 φέρεται·
2759 5557 2840 5609 διὸ
2864 5560 2964 5627 τῆς
3002 5560 3111 5611 ἀπὸ
3143 5560 3254 5612 τῶν
3298 5563 3437 5630 Γρα-

1836 5636 1952 5705 φῶν
2012 5636 2315 5699 πανοπλίας
2360 5639 2519 5708 χρεία
2586 5638 2872 5707 διηνεκῶς.
2942 5642 3235 5709 Ἐπίγνωθι
3289 5646 3434 5715 γὰρ,

1837 5721 2023 5791 φησὶν,
2084 5722 2165 5774 ὃτι
2216 5724 2274 5773 ἐν
2330 5723 2482 5793 μέσῳ
2538 5725 2782 5791 παγίδων
2831 5725 3150 5791 διαϐαίνεις,
3205 5730 3300 5783 καὶ
3341 5732 3437 5785 ἐπὶ

1838 5804 2115 5868 ἐπάλξεων
2146 5805 2354 5869 πόλεως
2379 5810 2725 5876 περιπατεῖς.
2759 5809 2870 5861 Καὶ
2891 5809 3002 5881 γὰρ
3026 5812 3081 5863 αἰ
3108 5811 3207 5882 τῆς
3232 5814 3435 5885 σαρκὸς

1842 5888 2127 5958 ἐπιθυμίαι
2174 5889 2555 5963 χαλεπώτερον
2595 5892 2700 5947 τῶν
2744 5894 2801 5948 ἐν
2851 5894 3004 5965 μέσῳ
3049 5896 3433 5967 στρεφομένων
