4160 6324
691 370 801 427 995

690 483 1198 549 κατεξανίστανται·
1250 482 1347 537 καὶ
1392 482 1502 557 γὰρ
1537 484 1631 537 καὶ
1662 482 1784 553 ὄψις
1818 479 2102 553 εὐπρεπὴς
2125 519 2140 545 ,
2187 478 2281 530 καὶ

691 570 852 641 σῶμα
879 569 1134 639 λαμπρὸν
1158 566 1247 621 διὰ
1283 567 1390 621 τῶν
1426 566 1720 636 ὀφθαλμῶν
1758 565 1949 627 ἔϐαλε,
1994 563 2089 615 καὶ
2133 561 2286 631 ῥῆμα

686 653 915 722 αἰσχρὸν
958 652 1047 705 διὰ
1079 652 1179 722 τῆς
1229 652 1401 721 ἀκοῆς
1453 651 1696 704 εἰσελθὸν
1743 648 2074 720 ἐθορύϐησεν
2122 643 2285 715 ἡμῶν

686 738 779 790 τὸν
802 736 1086 807 λογισμόν·
1122 734 1379 798 πολλάκις
1412 735 1467 793 δὲ
1508 736 1601 788 καὶ
1638 734 1798 805 μέλος
1826 728 2285 797 κατακεκλασμέ-

686 838 777 874 νον
802 821 862 873 τὸ
896 822 995 890 τῆς
1028 820 1207 889 ψυχῆς
1249 817 1465 871 εὔτονον
1509 816 1876 888 κατεμάλαξε.
1916 816 2027 871 Καὶ
2062 812 2113 866 τί
2141 812 2285 879 λέγω

684 905 899 970 ταῦτα;
947 904 1020 957 Τὸ
1064 906 1173 973 γὰρ
1214 906 1434 958 πάντων
1465 902 1671 956 τούτων
1722 900 2107 956 εὐτελέστατον
2140 893 2284 949 εἶναι

685 989 951 1051 πολλάκις
983 988 1198 1052 δοκοῦν,
1263 988 1452 1058 μύρων
1490 986 1636 1057 ὀσμὴ
1679 984 2067 1057 προσπεσοῦσά
2117 981 2284 1034 ποθεν

686 1071 837 1145 [758]
876 1071 1029 1143 παρὰ
1062 1071 1341 1140 γυναικῶν
1376 1071 1802 1141 ἐταιριζομένων
1835 1071 1893 1121 ἐν
1932 1070 1996 1137 τῇ
2030 1065 2282 1138 παρόδῳ,

684 1156 929 1210 λαϐοῦσα
965 1155 1209 1226 ἀπῆλθεν
1260 1153 1608 1224 αἰχμάλωτον
1659 1153 1766 1206 ἀπὸ
1813 1152 1973 1222 ψιλῆς
2016 1150 2118 1222 τῆς
2166 1164 2287 1202 συν-

683 1242 896 1305 τυχίας.
1246 1256 1249 1263 ·

752 1260 965 1395 Efﬁcit
1022 1323 1193 1379 πολλὰ
1242 1322 1471 1377 τοιαῦτά
1503 1325 1618 1376 ἐστι
1652 1321 1722 1375 τὰ
1754 1317 2148 1391 πολιορκοῦντα
2182 1314 2280 1385 τὴν

684 1409 961 1479 ἡμετέραν
986 1406 1188 1478 ψυχήν·
1220 1406 1313 1460 καὶ
1339 1406 1420 1458 δεῖ
1451 1405 1557 1459 τῶν
1582 1404 1744 1457 θείων
1770 1403 2081 1474 φαρμάκων
2110 1401 2242 1469 ἡμῖν
2263 1438 2279 1463 ,

686 1492 775 1545 ἶνα
824 1493 919 1545 καὶ
963 1492 1032 1545 τὰ
1084 1492 1345 1561 γινόμενα
1406 1489 1541 1558 ἕλκη
1589 1486 2012 1568 θεραπεύωμεν,
2064 1484 2159 1537 καὶ
2208 1484 2279 1537 τὰ

688 1576 917 1646 μηδέπω
964 1575 1063 1646 μὲν
1092 1574 1375 1644 γινόμενα,
1425 1572 1690 1643 μέλλοντα
1732 1571 1788 1624 δέ
1828 1568 2099 1640 γίνεσθαι,
2148 1584 2285 1639 προ-

685 1658 1141 1731 αναστέλλωμεν,
1203 1654 1488 1727 πόρρωθεν
1551 1652 1647 1707 τοῦ
1714 1652 1961 1707 διαϐόλου
2014 1651 2085 1705 τὰ
2149 1650 2281 1722 βέλη

685 1740 1154 1803 κατασϐεννύντες
1182 1739 1277 1792 καὶ
1306 1738 1743 1809 ἁποκρουόμενοι
1776 1736 1868 1790 διὰ
1892 1737 1993 1806 τῆς
2024 1734 2282 1806 συνεχοῦς

684 1827 792 1878 τῶν
822 1825 981 1878 θείων
1015 1822 1250 1897 Γραφῶν
1282 1821 1666 1891 ἀναγνώσεως.
1710 1821 1786 1875 Οὐ
1827 1819 1936 1892 γάρ
1975 1820 2142 1885 ἔστιν,
2180 1820 2281 1872 οὐκ

685 1909 802 1961 ἐστι
850 1908 973 1961 τινὰ
1026 1906 1265 1977 σωθῆναι
1322 1906 1397 1978 μὴ
1446 1905 1689 1977 συνεχῶς
1740 1902 2103 1972 ἀναγνώσεως
2143 1903 2280 1956 ἁπο-

684 1991 922 2044 λαύοντα
950 1989 1362 2062 πνευματικῆς·
1407 1988 1523 2042 ἀλλ’
1552 1989 1721 2053 ὅντως
1759 1988 2065 2058 ἀγαπητὸν,
2104 1988 2154 2039 εί
2183 1986 2280 2041 καὶ

683 2074 971 2143 διηνεκοῦς
997 2074 1200 2143 ταύτης
1230 2071 1596 2135 ἀπολαύοντες
1627 2074 1724 2142 τῆς
1753 2083 1780 2113 ι
1815 2070 2149 2141 θεραπείας,
2185 2070 2279 2123 δυ-

684 2158 985 2227 νηθείημεν
1042 2156 1285 2227 σωθῆναί
1337 2173 1492 2210 ποτε.
1543 2155 1714 2208 Ὅταν
1760 2153 1819 2208 δὲ
1870 2152 1993 2207 καθ’
2038 2152 2280 2224 ἑκάστην

686 2242 786 2309 μὲν
815 2238 1181 2309 πληττὼμεθα
1213 2240 1315 2309 τὴν
1345 2228 1577 2310 ἡμέραν,
1631 2236 1875 2309 ἰατρείας
1908 2236 1965 2289 δέ
2008 2235 2282 2307 μηδεμιᾶς

683 2322 1072 2393 ἀπολαύωμεν,
1124 2320 1256 2375 ποία
1291 2321 1566 2393 σωτηρίας
1595 2321 1783 2386 ἐλπίς;
1830 2320 1944 2390 Οὐχ
1981 2319 2119 2391 ὁρᾷς
2150 2320 2279 2384 τοὺς

682 2406 1084 2478 χαλκοτύπους,
1114 2406 1241 2468 τοὺς
1268 2404 1623 2476 χρυσοχόους,
1658 2406 1784 2468 τοὺς
1825 2402 2275 2476 ἀργυροκόπους,

682 2491 813 2553 τοὺς
855 2486 1144 2560 ἡντιναοῦν
1197 2490 1485 2561 μετιόντας
1538 2488 1758 2560 τέχνην,
1809 2487 2026 2541 ἅπαντα
2065 2486 2134 2540 τὰ
2175 2484 2279 2556 τῆς

680 2574 882 2644 τέχνης
910 2572 1131 2642 ἔχοντας
1168 2572 1556 2643 ἀπηρτισμένα
1606 2572 1676 2625 τὰ
1716 2572 1995 2644 ἐργαλεῖα,
2048 2569 2155 2625 κᾶν
2196 2568 2278 2622 λι-

687 2657 788 2729 μδς
840 2654 1147 2725 ἀναγκάζῃ,
1202 2654 1307 2707 κᾶν
1341 2655 1505 2708 πενία
1543 2653 1739 2725 θλίϐῃ.
1781 2655 1961 2709 πάντα
2011 2651 2276 2724 αἱρουμέ-

683 2758 809 2803 νους
842 2740 1133 2809 ὑπομεῖναι
1168 2738 1391 2810 μᾶλλον,
1427 2739 1462 2810 ἦ
1503 2739 1616 2793 τῶν
1644 2740 1747 2809 τῆς
1782 2739 1981 2810 τέχνης
2026 2738 2276 2809 ὀργάνων

683 2823 983 2878 ἀποδόσθαι
1005 2840 1080 2885 τι,
1108 2824 1202 2876 καὶ
1229 2822 1628 2895 διατραφῆναι;
1668 2823 1864 2876 Πολλοὶ
1897 2823 2031 2891 γοῦν
2071 2821 2277 2876 πολλά-

684 2925 774 2971 κις
800 2906 1152 2960 δανείσασθαι
1184 2907 1384 2977 μᾶλλον
1428 2906 1660 2969 εἴλοντο,
1708 2908 1805 2961 καὶ
1846 2907 2134 2979 διαθρέψαι
2180 2907 2278 2963 καὶ

681 2992 783 3061 τὴν
814 2990 993 3044 οἰκίαν
1027 2990 1122 3043 καὶ
1153 2990 1221 3043 τά
1251 2990 1462 3055 παιδία,
1509 2991 1542 3061 ἢ
1583 2990 1691 3043 τῶν
1733 2991 1833 3063 τῆς
1866 2991 2068 3061 τέχνης
2113 2991 2278 3062 ἐργα-

682 3075 844 3130 λείων
886 3074 990 3129 κᾶν
1027 3075 1089 3129 τὸ
1142 3075 1474 3146 μικρότατον
1521 3075 1851 3130 ἀποδόσθαι·
1883 3076 1980 3130 καὶ
2027 3075 2176 3147 μάλα
2213 3093 2277 3145 γε

681 3159 930 3224 εἰκότως.
962 3158 1140 3212 Ἰσασι
1167 3159 1277 3230 γὰρ
1304 3160 1419 3222 ὃτι,
1460 3159 1780 3230 πραθέντων
1827 3159 2072 3225 ἐκείνων,
2100 3159 2276 3232 ἄχρη-

684 3243 877 3297 στατά
914 3244 1014 3313 τῆς
1041 3244 1236 3314 τέχνης
1261 3243 1443 3307 αὐτοῖς
1479 3244 1729 3309 ἅπαντα,
1766 3245 1863 3298 καὶ
1895 3246 1928 3314 ἡ
1966 3245 2068 3315 τῆς
2106 3244 2275 3298 εὐποο

684 3329 809 3398 ρίας
868 3327 1125 3389 ὑπόθεσις
1169 3326 1441 3399 ἀνῄρηται
1493 3329 1664 3383 πᾶσα.
1708 3328 1964 3383 Ἐκείνων
2017 3328 2119 3399 μὲν
2164 3328 2275 3403 γὰρ

685 3410 980 3481 μενόντων,
1030 3410 1253 3463 δυνατὸν
1292 3411 1364 3471 τὰ
1405 3412 1668 3483 γινόμενα
1711 3411 2049 3483 δανείσματα
2097 3412 2277 3485 χρόνῳ

682 3496 817 3548 ποτέ
845 3494 1199 3553 διαλύσασθαι
1232 3496 1298 3567 τῇ
1343 3494 1513 3567 τέχνῃ
1554 3494 1795 3565 συνεχῶς
1835 3498 2186 3568 χρωμένους·
2226 3499 2275 3551 εἰ

682 3579 741 3633 δέ
791 3577 1097 3647 φθάσαντες
1154 3578 1363 3649 ἑτέροις
1401 3578 1545 3633 αὐτὰ
1590 3580 1873 3635 ἁπόδοιντο
1913 3581 1964 3646 b,
2015 3582 2274 3654 οὐδεμίαν

681 3663 867 3715 οὐκέτι
910 3661 1265 3731 παραμυθίαν
1318 3664 1385 3733 τῇ
1434 3663 1599 3735 πενίᾳ
1657 3664 1753 3717 καὶ
1801 3662 1879 3735 τῷ
1918 3664 2064 3738 λιμῷ
2108 3666 2277 3721 ποθεν

681 3745 965 3814 ἐπινοῆσαι
990 3743 1328 3815 δυνήσονται.
1358 3744 1547 3810 Οὕτως
1571 3740 1665 3801 οῦν
1690 3746 1784 3801 καὶ
1800 3749 1947 3819 ἡμᾶς
1974 3749 2275 3804 διακεῖσθαι

680 3832 811 3901 χρή.
851 3828 1118 3900 Καθάπερ
1165 3828 1274 3901 γὰρ
1331 3830 1564 3893 ἐκείνοις
1589 3830 1867 3900 ’ἐργαλεῖα
1923 3832 2027 3903 τῆς
2078 3833 2275 3906 τέχνης

682 3913 800 3966 ἐστὶ
853 3912 1035 3982 σφῦρα
1069 3914 1163 3965 καὶ
1192 3912 1385 3983 ἄκμων
1415 3914 1511 3966 καλ⁹
1544 3915 1828 3987 πυράγρα·
1878 3916 2023 3991 οὕτω
2060 3917 2127 3989 δὴ
2182 3920 2279 3972 καὶ

686 3998 815 4066 ἡμῖν
840 3994 1099 4067 ἐργαλεῖα
1128 3994 1226 4064 τῆς
1253 3995 1449 4066 τέχνης
1482 3996 1630 4050 ἐστὶν
1652 3993 1989 4055 ἀποστολιὶά
2022 4003 2116 4056 καὶ
2145 4021 2280 4075 προ-

682 4081 890 4152 φητικὰ
912 4079 1112 4150 βιϐλία,
1140 4078 1233 4131 καὶ
1251 4081 1400 4132 πᾶσα
1424 4079 1616 4153 Γραφὴ
1634 4081 1994 4150 θεόπνευστος
2022 4087 2117 4141 καὶ
2133 4086 2278 4157 ὠφέ-

681 4167 861 4235 λιμος.
915 4164 1025 4215 Καὶ
1064 4162 1317 4233 καθάπερ
1369 4167 1567 4218 ἐκεῖνοι
1614 4166 1684 4219 δι’
1721 4168 1947 4224 ἐκείνων
1989 4172 2059 4225 τὰ
2106 4174 2276 4246 σκεύη

684 4251 885 4312 πάντα,
905 4248 1045 4319 ἆπερ
1079 4246 1146 4300 ἂν
1178 4246 1404 4312 λάϐωσι,
1440 4248 1878 4307 διαπλάττουσιν·
1914 4254 2058 4310 οὕτω
2091 4257 2155 4330 δὴ
2186 4260 2281 4312 καὶ

683 4330 960 4403 ήμεῖςδιὰ
996 4332 1203 4385 τούτων
1230 4332 1331 4403 τὴν
1358 4333 1539 4405 ψυχὴν
1574 4335 1672 4407 τὴν
1699 4338 1978 4413 ἡμετέραν
2014 4343 2279 4412 χαλκεύο-

686 4432 811 4485 μεν,
845 4415 939 4467 καὶ
961 4414 1401 4487 διεστραμμένην
1435 4416 1780 4489 διορθοῦμεν,
1808 4423 1904 4476 καὶ
1946 4423 2280 4480 παλαιωθεῖ-

686 4516 789 4552 σαν
818 4497 1264 4569 ἁνακαινίζομεν.
1304 4500 1565 4553 Κάκεῖνοι
1593 4501 1693 4572 μὲν
1725 4503 1889 4577 μέχρι
1921 4506 2029 4561 τῶν
2060 4511 2279 4580 σχημά-

683 4600 795 4636 των
824 4581 922 4653 τὴν
955 4582 1164 4635 ἑαυτῶν
1190 4582 1593 4639 ἐπιδείκνυνται
1625 4586 1843 4660 τέχνην·
1873 4590 1934 4643 οὐ
1960 4591 2068 4662 γὰρ
2095 4593 2159 4665 δὴ
2182 4594 2281 4666 τὴν

686 4668 821 4740 ὓλην
843 4667 951 4723 τῶν
978 4668 1188 4721 σκευῶν
1236 4669 1569 4739 μεταϐαλεῖν,
1603 4670 1840 4729 δύναιντ’
1885 4674 1974 4741 ἂν,
2021 4677 2145 4732 ούδέ
2187 4679 2281 4734 τὸν

684 4752 927 4824 ἄργυρον
972 4752 1197 4822 ποιῆσαι
1243 4751 1469 4824 χρυσὸν,
1517 4752 1656 4809 ἁλλά
1701 4757 1831 4821 τοὺς
1857 4758 2065 4824 τύπους
2098 4756 2281 4817 αὐτῶν

689 4833 1199 4906 μεταρρυθμίζουσι
1231 4835 1415 4907 μόνον·
1448 4834 1513 4890 σὺ
1536 4837 1595 4890 δὲ
1627 4840 1726 4911 οὐχ
1753 4840 1948 4909 οὕτως,
1994 4844 2111 4898 ἀλλ’
2135 4845 2281 4916 ἔχεις

681 4936 739 4972 τι
766 4918 929 5005 πλέον
963 4917 1342 5005 ἐκείνωνηκαὶ
1374 4919 1587 4987 ξύλινον
1617 4923 1813 4989 σκεῦος
1845 4925 2026 4981 λαϐὼν
2072 4929 2282 5005 δυνήσῃ

684 5003 819 5062 mg
853 5001 1089 5074 χρυσοῦν
1118 5003 1363 5074 ποιῆσαι.
1394 5006 1713 5064 Καὶτούτου
1746 5010 1957 5081 μάρτυς
1990 5016 2019 5067 ὁ
2047 4990 2279 5082 Παῦίοέί

682 5087 826 5143 οὓτω
850 5086 1046 5154 λέγων·
1090 5087 1189 5167 Ἑν
1215 5086 1457 5158 μεγάλῃ
1490 5088 1560 5143 δὲ
1586 5093 1745 5160 οἰκίᾳ
1780 5096 1893 5149 οὐκ
1924 5095 2058 5150 ἐστι
2083 5099 2283 5167 μόνον

682 5170 884 5237 σκεύη
925 5164 1126 5238 χρυσᾶ
1153 5170 1259 5224 καὶ
1305 5170 1558 5243 ἀργυρᾶ,
1590 5175 1753 5233 ἀλλὰ
1791 5178 1892 5232 καὶ
1922 5164 2145 5244 ξύλικα
2176 5183 2279 5237 καὶ

684 5252 1035 5321 ὀστράκινα,
1079 5253 1217 5309 Ἐάν
1230 5272 1322 5323 τις
1353 5251 1469 5311 οὖν
1492 5257 1794 5331 ἐκκαθάρῃ
1816 5262 2035 5318 ἑαυτὸν
2056 5265 2126 5320 ἐκ
2153 5267 2283 5321 τού-

686 5354 826 5394 των.
845 5337 1035 5393 ’ἔσται
1061 5339 1288 5406 σκεῦος
1310 5342 1397 5409 εἰς
1415 5341 1598 5413 τιμὴν
1617 5346 2012 5417 ἡγιασμένον,
2048 5351 2147 5405 καὶ
2182 5353 2281 5406 εῦ-

682 5438 957 5504 χρηστον
991 5422 1073 5488 τῷ
1101 5422 1375 5495 δεσπότῃ
1410 5430 1500 5495 εἰς
1521 5428 1646 5485 πᾶν
1674 5431 1853 5502 ἔργον
1872 5434 2100 5504 ἀγαθὸν
2125 5437 2280 5505 ⁸ἡτοι-

679 5506 1018 5581 μασμένον.
1047 5508 1142 5585 Μὴ
1193 5510 1375 5567 τοίνυν
1427 5512 1722 5588 ἀμελῶμεν
1766 5517 1868 5591 τῆς
1897 5521 2144 5586 κτήσεως
2168 5523 2279 5578 τῶν

743 5724 771 5799 3
799 5724 894 5799 6!?!
914 5727 1095 5799 ῖαύτῑης
1106 5731 1379 5799 μετέχοντες
1399 5742 1499 5799 τῆςο

742 5785 769 5829 ι
798 5788 895 5837 Alii
924 5785 1160 5841 ἀποδοῖεν.
1177 5785 1661 5866 Ρξαισροδίἀυῑάδω
1683 5814 1796 5852 mss.
1814 5803 1940 5853 οὕτω
1962 5805 2018 5864 δή
2039 5808 2268 5869 καίἠμᾶς.

1408 365 1467 423 S.
1508 365 1794 423 JOANNIS
1830 360 2322 421 CHRYSOSTOMI
2367 359 2688 415 ARCIIIEP.
2732 359 3295 419 CONSTANTINOP.

3889 362 3997 419 995

2397 475 2643 545 βιϐλίων,
2677 479 2765 532 ἵνα
2802 478 2876 549 μὴ
2908 480 3039 551 περὶ
3076 478 3148 531 τὰ
3174 480 3367 550 καίρια
3401 477 3688 549 δεξώμεθα
3720 478 3820 550 τὴν
3853 482 3997 550 πλη-

2390 566 2512 637 γὴν,
2559 568 2693 638 μηδὲ
2743 569 2967 640 χρυσίον
3008 568 3451 641 κατορύττωμεν,
3486 571 3625 624 ἀλλά
3674 572 3859 642 βιϐλία
3898 574 3992 644 θη-

2391 658 2737 728 σαυρίζωμεν
2767 661 2981 722 ἑαυτοῖς
2999 661 3370 730 πνευματικά.
3394 660 3468 713 Τὸ
3494 662 3595 732 μὲν
3614 663 3724 734 γὰρ
3746 665 3997 735 χρυσίον,

2389 750 2517 803 ὅταν
2552 748 2704 820 [759]
2734 749 2959 820 γένηται
2989 750 3173 814 πλέον,
3206 749 3327 804 τότε
3371 750 3608 821 μάλιστα
3647 754 3998 808 ἐπιϐουλεύει

2386 845 2500 905 τοῖς
2554 842 2935 913 κεκτημένοις·
2968 841 3035 894 τὰ
3065 842 3123 894 δὲ
3174 841 3357 912 βιϐλία
3394 843 3740 914 ἀποκείμενα
3786 846 3992 918 πολλὴν

2395 933 2631 1004 παρέχει
2658 936 2771 997 τοῖς
2802 934 2987 1004 ἔχουσι
3012 934 3111 1005 τὴν
3149 933 3441 1003 ὠφέλειαν.

2460 1026 2674 1096 Ὠσπερ
2705 1026 2815 1095 γὰρ
2844 1025 2975 1080 ἔνθα
3002 1022 3123 1100 ἂνῇ
3160 1028 3506 1098 ἀποκείμενα
3536 1027 3678 1081 ὅπλα
3709 1029 3995 1099 βασιλικὰ,

2386 1114 2489 1171 κάν
2518 1114 2710 1189 μηδεὶς
2746 1115 2833 1193 ᾖὸ
2876 1119 3239 1191 κεχρημένος,
3269 1119 3472 1189 πολλὴν
3503 1121 3736 1191 παρέχει
3772 1127 3887 1187 τοῖς
3912 1126 3999 1177 ἕνα

2385 1209 2476 1263 δον
2504 1211 2715 1265 οἰκοῦσι
2742 1211 2843 1284 τὴν
2891 1213 3162 1284 φυλακὴν,
3214 1212 3341 1267 οὔτε
3377 1215 3611 1289 λῃστῶν,
3644 1218 3771 1270 οὔτε
3797 1235 3999 1288 τοιχωο

2387 1301 2590 1375 ρύχων,
2622 1301 2747 1357 οὔτε
2772 1304 2934 1358 ἁλλου
2967 1305 3117 1369 τινὸς
3134 1306 3245 1358 τῶν
3262 1308 3721 1379 κακουργούντων
3749 1309 4001 1379 τολμῶν-

2383 1411 2477 1457 τος
2498 1394 2754 1466 ἐπιϐῆναι
2785 1397 2887 1466 τῆς
2912 1397 3105 1462 οἰκίας·
3124 1397 3298 1460 οὕτως
3323 1399 3451 1452 ἔνθα
3474 1397 3592 1471 ἂν
3614 1401 3798 1470 βιϐλία
3825 1418 4001 1454 πνευ-

2395 1485 2626 1556 ματικὰ,
2650 1488 2802 1541 πᾶσα
2838 1489 3048 1543 ἐκεῖθεν
3073 1489 3357 1544 ἐλαύνεται
3395 1491 3647 1563 ἐνέργεια
3681 1492 3998 1562 διαϐολικὴ,

2385 1576 2485 1631 καὶ
2509 1577 2680 1650 πολλὴ
2712 1583 2827 1643 τοῖς
2864 1580 3168 1634 ἐνοικοῦσιν
3205 1583 3408 1653 ἀρετῆς
3443 1582 3799 1653 παράκλησις
3828 1582 4001 1650 γίνεα

2383 1688 2492 1726 ται.
2518 1671 2630 1727 Καὶ
2661 1673 2800 1745 αὐτὴ
2832 1674 2944 1744 γὰρ
2967 1674 3090 1729 καθ’
3131 1674 3335 1746 ἐαυτὴν
3370 1675 3479 1728 τῶν
3512 1675 3738 1744 βιϐλίων
3775 1678 3808 1746 ἡ
3856 1674 3990 1743 ὄψις

2382 1764 2781 1837 όκνηροτέρους
2837 1766 2988 1837 ¹ἡμᾶς
3032 1766 3171 1838 πρὸς
3214 1768 3315 1838 τὴν
3346 1768 3625 1839 ἁμαρτίαν
3671 1769 3997 1839 ἐργάζεται.

2384 1857 2505 1913 Κὰν
2547 1876 2609 1911 τε
2637 1857 2748 1931 γὰρ
2778 1858 3142 1932 τολμήσωμέν
3174 1878 3229 1914 τι
3254 1860 3364 1915 τῶν
3383 1862 3876 1933 ἀπηγορευμένων,
3899 1860 4003 1916 καὶ

2384 1941 2733 2018 ἀκαθάρτους
2760 1946 2990 2011 ἑαυτοὺς
3023 1948 3411 2021 ἐργασώμεθα,
3434 1953 3751 2015 ἐπανιόντες
3784 1953 4000 2017 οἴκαδε,

2394 2033 2494 2088 καὶ
2525 2034 2595 2088 τὰ
2630 2034 2812 2105 βιϐλία
2844 2036 3105 2109 ὁρῶντες,
3140 2039 3342 2109 μᾶλλον
3363 2040 3524 2111 ήμῶν
3553 2042 4001 2113 καταδικάζομεν

2384 2125 2444 2179 τὸ
2475 2128 2734 2192 συνειδὸς,
2756 2127 2851 2182 καλ⁵
2880 2129 3020 2201 πρὸς
3044 2131 3108 2184 τὸ
3139 2131 3256 2196 τοῖς
3281 2130 3469 2196 αὐτοῖς
3496 2137 3820 2204 περιπεσεῖν
3834 2135 4004 2206 όκνηο

2385 2218 2597 2292 ρότεροι
2614 2219 2899 2293 γινόμεθα·
2930 2222 2995 2276 ἄν
3016 2239 3081 2276 τε
3112 2222 3277 2278 πάλιν
3311 2225 3370 2278 ἐν
3412 2225 3697 2298 ἁγιωσύνῃ
3729 2226 4001 2289 διατελῶ-

2384 2327 2507 2381 μεν,
2551 2311 2776 2367 πλείονα
2820 2314 3034 2369 ἐκεῖθεν
3076 2313 3433 2387 λαμϐάνομεν
3483 2317 3585 2389 τὴν
3637 2318 3913 2387 ὠφέλειαν
3946 2330 3998 2373 ε.

2382 2402 2538 2474 ’Δμα
2562 2404 2672 2477 γὰρ
2700 2404 2879 2476 ἣψατό
2910 2424 2996 2471 τις
3030 2405 3394 2478 Εὐαγγελίου,
3423 2410 3520 2464 καὶ
3551 2411 4000 2483 μετερρύθμισεν

2381 2493 2577 2549 ἐαυτοῦ
2623 2496 2725 2569 τὴν
2765 2497 3006 2553 διάνοιαν
3056 2500 3281 2566 εὐθέως,
3316 2502 3412 2556 καὶ
3444 2502 3558 2556 τῶν
3583 2502 3853 2574 βιωτικῶν
3881 2506 4000 2558 ἀπ-

2380 2585 2580 2660 έστησε
2598 2589 2694 2643 καὶ
2722 2590 2833 2644 ἀπὺ
2869 2592 2968 2663 τῆς
2995 2591 3177 2663 ὅψεως
3208 2593 3381 2665 μόνης
3426 2594 3624 2666 αὐτῆς.
3668 2596 3732 2649 Εἰ
3781 2596 3840 2649 δὲ
3894 2598 3999 2650 καὶ

2379 2680 2692 2751 ἀνάγνωσις
2733 2683 3092 2755 προσγένοιτο
3121 2685 3379 2757 ἀκριϐὴς,
3432 2686 3687 2758 καθάπερ
3720 2687 3779 2741 ἐν
3821 2688 4000 2758 ἱεροῖς

2382 2772 2598 2839 ἀδύτοις
2620 2776 2654 2846 ἡ
2683 2774 2833 2848 ψυχὴ
2865 2775 3195 2849 τελουμένη,
3234 2776 3412 2842 οὕτως
3452 2778 3848 2851 ἐκκαθαίρεται
3893 2778 4000 2832 καὶ

2383 2864 2613 2936 βελτίων
2642 2867 2875 2935 γίνεται,
2923 2866 3019 2921 τοῦ
3052 2866 3191 2923 Θεοῦ
3243 2868 3559 2940 ὁμιλοῦντος
3599 2870 3740 2941 αὐτῇ
3768 2870 3857 2925 διὰ
3877 2869 4000 2924 τῶν

2380 2957 2731 3028 γραμμάτων
2759 2959 3007 3016 ἐκείνων.

2456 3046 2521 3102 Τί
2546 3045 2661 3115 οὖν,
2700 3050 2768 3107 ἂν
2798 3050 2875 3124 μὴ
2924 3050 3157 3123 εἰδῶμεν
3188 3053 3259 3106 τὰ
3299 3052 3631 3126 ὲγκείμενα;
3665 3054 3801 3125 φησί
3824 3096 3839 3111 .
3865 3054 4003 3108 Μά-

2381 3142 2540 3196 λιστα
2574 3144 2673 3215 μέν
2705 3144 2811 3199 κᾶν
2828 3144 2905 3216 μὴ
2938 3144 3087 3217 εἰδῇς
3106 3144 3177 3201 τὰ
3208 3147 3528 3219 ἐγκείμενα,
3558 3147 3656 3203 ἀπ’
3682 3148 3859 3219 αὐτῆς
3886 3147 4004 3218 τῆς

2380 3230 2745 3305 ἀναγνώσεως
2788 3236 2958 3298 πολὺς
2985 3239 3015 3292 ὀ
3042 3222 3317 3310 ἁγιασμὸς
3372 3238 3607 3308 γίνεται.
3655 3239 3873 3304 Ἄλλως
3909 3241 3998 3302 δὲ,

2379 3323 2644 3378 ἀδύνατον
2684 3325 2865 3380 πάντα
2893 3328 2981 3381 ἐπ’
3022 3329 3419 3401 ῐσηςὰγνοεῖν·
3465 3329 3556 3383 διὰ
3599 3328 3711 3401 γὰρ
3759 3328 3935 3385 τοῦτο
3962 3332 3997 3402 ἡ

2379 3415 2476 3470 τοῦ
2508 3416 2828 3489 Πνεύματος
2849 3419 3175 3492 ᾠκονόμησε
3196 3421 3357 3493 χάρις
3387 3421 3631 3485 τελώνας
3670 3422 3764 3476 καὶ
3795 3421 3999 3487 ἁλιέας

2381 3509 2477 3563 καὶ
2507 3511 2869 3583 σκηνοποιοὺς
2902 3514 2999 3567 καὶ⁵
3034 3516 3300 3585 ποιμένας
3326 3514 3422 3569 καὶ
3442 3515 3702 3579 αἰπόλους
3724 3515 3822 3568 καὶ
3841 3514 3997 3568 ἰδιώ-

2378 3618 2480 3665 τας
2513 3603 2609 3661 καὶ
2638 3602 3041 3675 ἀγραμμάτους
3066 3605 3241 3665 ταῦτα
3270 3606 3541 3661 συνθεῖναι
3561 3608 3630 3661 τὰ
3660 3606 3870 3678 βιϐλία,
3902 3606 3997 3661 fw.

2381 3694 2575 3766 μηδεὶς
2607 3694 2718 3748 τῶν
2745 3695 2974 3751 ἰδιωτῶν
2997 3696 3081 3761 εἰς
3108 3696 3316 3769 ταύτην
3350 3697 3451 3769 ἔχῃ
3486 3697 3858 3768 καταφεύγειν
3889 3699 3993 3771 τὴν

2381 3783 2682 3854 πρόφασιν,
2709 3784 2797 3843 ἵνα
2814 3787 2982 3842 πᾶσιν
3003 3783 3359 3861 εὐσύνοπταῇ
3381 3790 3449 3843 τὰ
3464 3790 3755 3860 λεγόμενα,
3774 3790 3875 3845 ἵνα
3894 3795 3992 3847 καὶ

2378 3874 2798 3946 ὁχειροτέχνης,
2837 3878 2933 3931 καὶ
2963 3878 3204 3949 οἰκέτης,
3232 3881 3326 3934 καὶ
3360 3881 3393 3951 ή
3425 3882 3572 3952 χήρα
3623 3882 3780 3953 γυνὴ,
3813 3885 3921 3936 καὶ
3962 3885 3993 3936 ὀ

2380 3966 2600 4019 πάντων
2624 3964 2928 4037 ἀνθρώπιον
2943 3967 3343 4039 ἀμαθέστατος,
3372 3971 3607 4043 κερδάνῃ
3623 3990 3681 4025 τε
3710 3972 3807 4025 καὶ
3838 3975 3993 4044 ὡφεο

2378 4056 2517 4129 ληθῇ
2542 4057 2697 4130 παρὰ
2725 4058 2825 4129 τῆς
2850 4060 3191 4133 ἀκροάσεως.
3225 4063 3301 4116 Οὐ
3334 4062 3444 4135 γὰρ
3477 4065 3614 4136 πρὸς
3644 4066 3989 4133 κενοδοξίαν,

2383 4151 2639 4223 καθάπερ
2687 4154 2737 4207 οί
2779 4152 3003 4218 ἔξωθεν,
3045 4153 3187 4207 ἀλλὰ
3226 4154 3365 4225 πρὸς
3400 4155 3503 4227 τὴν
3548 4158 3825 4228 σωτηρίαν
3873 4160 3990 4213 τῶν

2381 4245 2689 4298 ἀκουόντων
2712 4244 2885 4298 ταῦτα
2905 4246 3086 4300 πάντα
3104 4246 3410 4318 συνέθηκαν
3426 4250 3477 4308 οί,
3502 4249 3655 4321 παρὰ
3677 4250 3775 4320 τὴν
3799 4252 3990 4323 ἀρχὴν

2388 4336 2824 4404 καταξιωθέντες
2855 4338 2955 4408 τῆς
2980 4338 3075 4393 τοῦ
3099 4338 3420 4411 Πνεύματος
3448 4342 3689 4413 χάριτος.

2453 4437 2521 4499 γ’.
2540 4432 2603 4484 UE
2622 4431 2724 4501 μὲν
2739 4430 2849 4503 γάρ
2868 4430 3067 4497 ἔξωθεν
3085 4433 3364 4504 φιλόσοφοι
3380 4434 3477 4487 καὶ
3495 4436 3721 4507 ῥήτορες
3742 4436 3839 4489 καὶ
3864 4455 3994 4508 συγ-

2380 4525 2615 4594 γραφεῖς
2646 4522 2709 4577 οὑ
2742 4524 2805 4577 τὸ
2831 4526 2986 4595 κοινῇ
3024 4524 3305 4596 συμφέρον
3346 4525 3659 4594 ζητοῦντες,
3691 4525 3801 4579 ἀλλ’
3831 4527 3993 4591 ὅπως

2383 4614 2537 4668 αὐτοὶ
2567 4608 2938 4685 θαυμασθεῐεν
2972 4616 3143 4686 μόνον
3165 4617 3518 4683 σκοποῦντες,
3550 4619 3606 4671 εί
3630 4635 3682 4671 τι
3713 4619 3806 4672 καὶ
3840 4621 3987 4691 χρή-

2384 4723 2546 4777 σιμον
2580 4701 2756 4771 εἷπον,
2788 4707 2885 4761 καὶ
2913 4707 3093 4772 τοῦτο,
3134 4708 3393 4782 καθάπερ
3436 4712 3496 4765 ἐν
3552 4711 3700 4782 ζόφῳ
3730 4713 3863 4778 τινὶ,
3921 4714 3989 4785 τῇ

2386 4799 2609 4870 συνήθει
2629 4800 2871 4871 ἀσαφείᾳ
2896 4799 2929 4842 ἀ
2953 4801 3327 4874 κατέκρυψαν.
3366 4803 3431 4856 Ol
3469 4803 3527 4857 δέ
3567 4805 3858 4859 ἀπόστολοι
3894 4812 3990 4863 καὶ

2383 4888 2435 4942 οἰ
2464 4890 2739 4961 προφῆται
2778 4890 3092 4949 τούναντίον
3137 4890 3284 4967 ἁπαν
3330 4891 3617 4959 ἐποίησαν·
3668 4892 3809 4961 σαφῆ
3875 4895 3988 4965 γὰρ

2383 4982 2479 5035 καὶ
2499 4981 2637 5052 δῆλα
2669 4980 2739 5036 τὰ
2784 4983 2917 5056 παρ’
2956 4983 3168 5037 ἑαυτῶν
3206 4982 3557 5055 κατέστησαν
3613 4982 3841 5050 ἅπασιν,
3887 4988 3987 5041 au

2382 5073 2555 5127 κοινοὶ
2585 5073 2687 5143 τῆς
2716 5072 3044 5145 οἰκουμένης
3083 5074 3237 5138 ὄντες
3271 5074 3609 5139 διδάσκαλοι,
3637 5076 3721 5129 ἵνα
3748 5076 3987 5141 ἕκαστος

2383 5164 2478 5217 καλ⁴
2503 5163 2571 5217 δι’
2604 5164 2801 5219 ἐαυτοῦ
2826 5164 3119 5234 μανθάνειν
3136 5165 3366 5236 δύνηται
3395 5167 3462 5219 ἐκ
3489 5166 3593 5238 τῆς
3614 5165 3985 5234 ἀναγνώσεως

2384 5257 2553 5329 μόνης
2577 5257 2646 5310 τὰ
2670 5256 2961 5327 λεγόμενα.
2989 5257 3102 5311 Καὶ
3144 5259 3307 5311 τοῦτο
3356 5258 3767 5330 προαναφωνῶν
3792 5261 3821 5311 ό
3845 5278 3962 5332 προ

2382 5350 2563 5421 φήτης
2594 5350 2802 5420 ἔλεγεν·
2837 5351 3120 5406 Ἔσονται
3138 5350 3363 5420 πάντες
3389 5352 3657 5418 διδακτοί
3685 5351 3858 5408 Θεοῦ·
3879 5352 3980 5408 καὶ

2444 5627 2469 5690 (ξ
2492 5623 2592 5690 Alii
2611 5626 2696 5683 τήν
2714 5626 2994 5690 ἀσφάλειαν.

2442 5688 2471 5755 ς
2491 5686 2633 5755 _Unu§
2653 5686 2817 5755 ms.
2840 5690 2972 5755 ζόφῳ
2991 5695 3049 5752 τῇ
3073 5691 3293 5755 συνηθείᾳ
3312 5690 3538 5755 ἀσαφείᾳ,
3562 5690 3787 5755 επὶιλῐι
3820 5705 3979 5755 marg.

2442 5708 2471 5727 ι
2499 5708 2633 5736 unus
2654 5708 2743 5737 ms.
2769 5708 2817 5736 εν
2840 5708 2968 5753 ςοφῳ
2991 5708 3049 5752 τῃ
3073 5708 3293 5755 συνηυειᾳ
3312 5708 3410 5740 ασα
3445 5708 3538 5755 ειᾳ,
3567 5708 3787 5741 sanun
3820 5708 3978 5755 marg.

2378 5748 2859 5875 ξζὶὲἓφὲεφὴήξννήθης
2880 5752 3103 5816 ἀσάφεια.
3131 5753 3282 5803 Savil.
3326 5761 3379 5803 et
3412 5708 3595 5804 tore].
3616 5758 3679 5818 τῇ
3704 5760 3791 5814 τῆς
3812 5757 3978 5815 συνώδ-
