4142 6332
195 402 306 459 993

203 518 399 576 Carnis
427 520 571 576 enim
600 521 1048 592 concupiscentia:
1075 520 1253 576 acrius
1282 521 1564 591 insurgunt
1606 518 1800 574 adver-

199 627 298 668 sus
323 627 417 668 eos
438 654 454 678 ,
482 619 572 683 qui
609 615 664 668 in
695 614 971 670 hominum
1001 615 1186 668 vivunt
1211 613 1542 684 frequentia.
1575 627 1708 682 quos
1751 616 1807 665 ct

204 704 403 758 decora
449 703 610 758 facies
633 744 650 771 ,
681 713 736 759 et
755 706 998 774 corporis
1024 705 1168 758 nitor
1205 705 1346 775 capit
1374 719 1470 774 per
1508 704 1727 769 oculos,
1751 709 1806 756 et

205 795 437 850 verbum
469 795 783 850 obscaenum
814 812 907 866 per
932 813 1089 852 aures
1115 799 1415 868 ingressum
1443 797 1622 851 turbat
1650 793 1806 849 nobis

207 887 507 949 rationem:
539 889 847 957 frequenter
870 897 925 943 et
953 899 1069 943 arte
1097 890 1366 944 modulata
1395 888 1573 943 mollis
1624 887 1805 942 cantio

206 977 375 1031 animi
422 981 774 1033 constantiam
826 980 1092 1036 labefacit.
1130 980 1236 1037 Sed
1262 981 1387 1052 quid
1429 981 1543 1036 haec
1573 995 1809 1036 comme-

209 1069 409 1122 moro?
432 1068 586 1137 Quod
614 1069 697 1124 his
720 1071 971 1126 omnibus
993 1073 1201 1126 videtur
1223 1087 1343 1127 esse
1364 1071 1542 1136 vilius,
1571 1088 1810 1143 unguen-

213 1162 395 1212 torum
436 1158 570 1214 odor
594 1160 842 1215 alicunde
867 1163 1111 1231 aspirans
1135 1179 1164 1216 a
1198 1162 1529 1218 mulierculis
1560 1163 1612 1216 in
1641 1161 1809 1217 forni-

208 1247 367 1303 cibus
396 1258 660 1320 quaestum
679 1239 1038 1308 meretricium
1069 1253 1466 1322 exercentibus,
1488 1270 1554 1310 ex
1580 1254 1809 1324 simplici

210 1355 446 1394 occursu
477 1342 884 1412 comprehendit
907 1354 962 1398 et
980 1344 1194 1399 abducit
1218 1346 1513 1417 captivum.

285 1433 341 1486 2.
363 1432 531 1504 Magis
550 1444 811 1489 tentantur
828 1438 914 1506 qui
933 1449 1195 1492 versantur
1209 1439 1262 1492 in
1283 1439 1810 1495 civitatibus.—Adeo

213 1525 384 1579 multa
400 1536 522 1580 sunt
536 1522 655 1597 qua:
669 1538 904 1582 nostram
917 1541 1224 1601 oppugnant
1235 1533 1665 1604 animam,eoque
1676 1549 1811 1604 opus

216 1616 478 1672 habemus
494 1619 687 1673 divinis
703 1622 1086 1692 remediis,qno
1097 1625 1254 1678 simul
1270 1634 1324 1680 et
1335 1626 1445 1694 jam
1460 1628 1693 1696 acceptis
1705 1627 1815 1681 vul-

214 1709 440 1766 neribus
468 1711 802 1780 medeamur,
834 1722 888 1768 et
929 1730 1049 1784 qua:
1093 1717 1324 1770 nondum
1352 1717 1568 1787 quidem
1615 1717 1810 1773 inflicta

214 1801 474 1866 sunt,sed
515 1810 637 1872 post
683 1803 1008 1874 inﬁigentnr,
1040 1806 1448 1875 prohibeamus,
1481 1809 1691 1862 eminus
1717 1824 1810 1864 ve-

215 1889 417 1944 nientia
429 1889 626 1946 diaboli
641 1893 844 1962 spicula
857 1895 1257 1964 exstinguentes
1269 1897 1706 1966 depellentesque
1719 1913 1814 1968 per

215 1981 488 2035 assiduam
527 1982 827 2039 divinarum
863 1984 1257 2056 Scripturarum
1294 1988 1603 2046 lcetionem.
1631 1990 1814 2061 Neque

217 2075 363 2128 enim
395 2075 507 2130 ﬁeri
547 2084 756 2146 potest,
783 2093 889 2132 non
916 2089 1114 2150 potest,
1145 2081 1380 2151 inquam,
1409 2082 1545 2148 ﬁeri,
1585 2091 1643 2137 ut
1669 2083 1816 2152 quis-

218 2179 380 2233 quam
401 2165 625 2221 salutem
641 2176 976 2237 assequatur,
992 2171 1047 2224 ni
1067 2170 1280 2227 assidue
1294 2181 1538 2228 versetur
1562 2175 1616 2228 in
1637 2173 1817 2228 lectio-

222 2271 294 2312 ne
319 2258 600 2327 spirituali.
650 2259 763 2314 lino
792 2262 1049 2330 prteclare
1090 2277 1277 2319 revera
1314 2263 1590 2320 nobiscum
1619 2266 1812 2335 agitur,

218 2350 430 2404 etiamsi
474 2360 733 2420 perpetuo
763 2352 920 2423 hujus
945 2355 1325 2421 medicamenti
1355 2357 1675 2426 participes,
1712 2357 1815 2411 ali-

219 2440 438 2509 quando
476 2442 702 2497 salutem
730 2445 985 2513 consequi
1014 2446 1300 2513 possimus.
1327 2446 1481 2513 Quod
1505 2448 1549 2502 si
1578 2446 1817 2518 quotidie

220 2529 583 2597 vulnercmur,
615 2533 876 2588 medelam
905 2550 1030 2589 vero
1057 2536 1254 2590 nullam
1281 2537 1663 2606 adipiscamur,
1692 2552 1816 2608 qua:

219 2619 385 2675 fuerit
404 2636 529 2691 spes
551 2623 782 2679 salutis?
809 2626 1001 2678 Annon
1023 2627 1170 2680 vides
1196 2627 1374 2682 fabros
1394 2630 1634 2696 aerarios,
1670 2629 1816 2682 auri-

220 2714 351 2768 fices
368 2756 385 2782 ,
415 2715 594 2770 fabros
618 2718 951 2787 argentarios
971 2760 986 2784 ,
1012 2717 1242 2788 denique
1268 2734 1362 2775 eos
1388 2720 1476 2790 qui
1504 2736 1817 2789 quamcum-

220 2820 330 2874 que
359 2816 612 2862 exercent
635 2819 803 2863 artem
825 2851 840 2876 ,
864 2810 1042 2864 omnia
1067 2810 1198 2864 artis
1221 2810 1576 2866 instrumenta
1621 2811 1816 2867 habere

220 2907 408 2966 parata
428 2907 483 2952 et
507 2898 706 2969 integra
732 2917 744 2952 :
769 2899 1013 2970 quamvis
1033 2901 1320 2970 compellat
1344 2899 1516 2956 fames
1536 2941 1551 2965 ,
1574 2901 1817 2970 quamvis

219 2985 426 3056 afﬂigat
465 2988 641 3057 inopia
663 3029 678 3051 ,
704 2990 880 3062 omnia
911 2999 1268 3060 prreoptantes
1311 2991 1577 3047 sustinere
1605 2991 1780 3060 potius
1798 3031 1816 3056 ,

222 3093 385 3148 quam
429 3089 487 3134 ut
528 3097 593 3134 ex
633 3082 999 3142 instrumentis
1037 3083 1247 3137 artificii
1287 3083 1556 3153 quidpiam
1584 3082 1835 3138 vendere.

225 3169 426 3235 velint,
457 3179 617 3239 atque
639 3171 764 3225 hinc
784 3171 893 3225 ali?
920 3172 1102 3242 Itaque
1129 3173 1279 3234 multi
1318 3172 1623 3243 frequenter
1643 3171 1819 3242 potius

223 3255 526 3314 habuerunt
553 3271 788 3316 mutuam
825 3264 1102 3333 pecuniam
1143 3265 1420 3334 accipere,
1465 3273 1524 3319 ut
1565 3263 1817 3319 familiam

223 3359 283 3404 et
303 3350 500 3406 liberos
521 3352 728 3408 alerent
746 3394 761 3416 ,
789 3369 948 3423 quam
977 3354 1062 3408 vel
1085 3354 1360 3409 minimum
1383 3355 1580 3425 aliquid
1603 3371 1666 3409 ex
1689 3354 1819 3408 artis

227 3440 601 3497 instrumentis
640 3444 912 3500 vendere:
952 3445 1110 3516 idque
1148 3446 1273 3518 jure
1338 3446 1563 3517 optimo.
1611 3446 1818 3501 Norunt

224 3532 370 3585 enim
391 3534 530 3602 quod
553 3533 837 3589 divenditis
868 3536 974 3590 illis
994 3576 1010 3603 ,
1043 3551 1132 3591 ars
1159 3538 1405 3592 universa
1449 3537 1577 3606 ipsis
1620 3538 1689 3592 sit
1733 3537 1818 3592 in-

227 3623 410 3688 utilis,
458 3632 734 3695 totumque
776 3638 1014 3696 quazstus
1062 3626 1463 3683 fundamentum
1510 3628 1815 3683 sublatum:

187 3722 194 3727 ‘
226 3712 336 3766 illis
354 3723 533 3769 autem
560 3716 900 3770 manentibus
921 3757 937 3782 ,
970 3716 1082 3770 ﬁeri
1107 3725 1281 3787 potest
1303 3726 1360 3772 ut
1383 3727 1716 3773 contractum
1743 3732 1819 3773 ms

224 3803 459 3859 alienum
520 3820 808 3876 progressu
859 3809 1116 3877 temporis
1170 3809 1457 3879 aliquando
1521 3810 1819 3865 dissolvant

220 3896 421 3967 jugiter
440 3908 650 3954 utentes
671 3900 918 3955 artificio.
943 3899 1096 3968 Quod
1136 3901 1181 3956 si
1210 3903 1518 3972 priusquam
1563 3901 1820 3957 solverint

225 4002 306 4042 ms
332 3989 566 4044 alienum
586 4031 604 4057 ,
632 3991 752 4046 aliis
776 4007 838 4046 ea
869 3992 1137 4060 vendant,
1160 3992 1271 4062 jam
1299 4009 1405 4048 non
1428 4001 1510 4049 est
1535 3993 1674 4048 unde
1695 4008 1820 4064 pos-

223 4081 337 4135 sint
386 4082 634 4136 solatium
677 4082 892 4152 aliquod
942 4082 1096 4138 famis
1141 4085 1443 4155 inopizeqne
1491 4085 1815 4155 excogitare.

225 4170 343 4226 Hoc
370 4186 500 4227 sane
545 4174 725 4227 animo
767 4190 867 4228 nos
889 4189 1103 4245 quoque
1135 4175 1387 4244 praeditos
1426 4190 1548 4231 esse
1584 4184 1815 4246 oportet.

223 4260 687 4328 Quemadmodum
741 4265 884 4319 enim
933 4266 1211 4322 illis-artis
1267 4267 1618 4322 instrumenta
1659 4277 1815 4338 sunt,

225 4353 490 4420 malleus,
521 4356 704 4422 incus,
748 4356 990 4427 forceps:
1035 4359 1116 4414 sic
1155 4369 1208 4416 et
1250 4360 1404 4416 nobis
1444 4361 1574 4416 artis
1618 4362 1817 4417 instru-

227 4454 409 4498 menta
447 4457 572 4500 sunt
594 4447 955 4517 apostolorum
983 4465 1047 4505 ac
1074 4451 1452 4522 prophetarum
1474 4453 1595 4508 libri
1618 4454 1821 4508 omnis-

225 4551 335 4604 que
359 4535 633 4606 Scriptura
677 4538 929 4596 divinitus
968 4542 1221 4612 inspirata
1243 4554 1297 4598 et
1323 4544 1467 4599 utilis
1495 4542 1571 4616 (2.
1599 4544 1733 4598 Tim.
1760 4546 1815 4601 ὅ.

226 4625 343 4698 16).
378 4627 444 4681 Ει
469 4630 918 4698 quemadmodum
961 4625 1036 4688 illi
1064 4649 1158 4703 per
1181 4636 1536 4692 instrumenta
1563 4637 1818 4708 quidquid

226 4717 530 4774 faciendum
552 4724 886 4793 susceperint
910 4725 1227 4795 perﬁciunt:
1256 4729 1329 4784 ita
1368 4744 1501 4798 sane
1523 4739 1576 4786 et
1603 4745 1700 4788 nos
1723 4746 1821 4802 per

227 4808 331 4867 hos
374 4809 694 4867 fabricamur
751 4815 985 4870 animam
1047 4827 1324 4887 nostram,
1369 4819 1819 4892 depravatamque

225 4903 576 4970 corrigimus,
630 4912 687 4959 et
727 4905 1081 4981 inveteratam
1129 4925 1476 4965 renovamus.
1524 4913 1699 4981 Atque
1744 4912 1818 4967 illi

227 4990 445 5058 quidem
487 4980 748 5049 hactenus
769 4997 927 5067 modo
951 5007 1209 5068 praestant
1233 5016 1382 5056 suam
1407 5011 1582 5057 artem
1615 4980 1683 5057 ut
1708 5004 1818 5057 for-

227 5096 373 5136 mam
402 5082 602 5139 addant
643 5086 839 5141 rebus:
873 5105 1048 5160 neque
1084 5082 1229 5146 enit'n
1282 5103 1507 5163 possunt
1542 5096 1820 5151 materiam

227 5186 479 5227 vasorum
509 5183 865 5233 transmutare
884 5222 899 5247 ,
930 5197 1103 5254 neque
1131 5198 1200 5238 ex
1231 5193 1454 5256 argento
1475 5201 1661 5241 aurum
1691 5187 1819 5242 ι·εά-

225 5262 360 5318 dere
395 5281 411 5319 :
449 5267 542 5321 scd
593 5267 781 5324 harum
828 5287 1008 5327 rerum
1052 5275 1247 5346 ﬁguras
1297 5289 1628 5347 componunt
1665 5279 1821 5335 dum-

229 5365 397 5411 taxat.
455 5359 536 5414 Tu
601 5376 728 5417 vero
796 5379 901 5419 non
951 5366 1063 5434 ita,
1112 5367 1208 5425 sed
1272 5370 1501 5440 amplius
1567 5371 1820 5442 quiddam

227 5463 386 5522 potes
433 5470 448 5506 :
494 5470 616 5510 nam
662 5455 893 5527 ligneum
960 5475 1056 5516 vas
1117 5470 1393 5532 acceptum
1464 5464 1664 5533 poteris
1720 5464 1823 5520 ali-

227 5543 447 5609 quando
484 5545 710 5602 reddere
757 5564 1007 5606 aureum:
1048 5552 1136 5607 cui
1178 5553 1257 5608 rei
1288 5554 1439 5610 testis
1480 5563 1563 5611 est
1591 5555 1819 5622 Paulus,

227 5633 290 5688 in
313 5633 452 5691 hunc
473 5636 697 5708 loquens
722 5641 975 5698 modum:
1001 5641 1070 5698 In
1108 5661 1295 5716 mgna
1323 5657 1488 5701 autem
1527 5647 1678 5702 domo
1723 5665 1825 5704 non

230 5734 402 5820 solum
425 5740 545 5786 sunt
574 5749 695 5814 uasa
722 5751 879 5790 aurea
906 5746 952 5792 et
972 5747 1209 5810 argentea
1225 5781 1242 5808 ,
1269 5741 1359 5795 sed
1400 5750 1449 5796 et
1495 5742 1664 5820 lignea
1691 5743 1827 5814 ﬁcti-

231 5818 422 5889 (idque.
453 5820 517 5877 Si
562 5824 672 5895 quis
699 5825 854 5897 igitur
879 5831 1232 5901 expurgaverit
1261 5831 1484 5904 seipsum
1504 5818 1574 5890 ab
1597 5833 1696 5900 Itis,
1725 5837 1821 5891 erit

1446 407 1532 462 DE
1573 402 1845 462 LAZARO
1882 403 2125 462 CONCIU
2164 405 2251 462 ΙΙΙ.

3388 405 3489 463 9N

1914 519 2075 573 vasin
2104 520 2344 576 honorem
2371 522 2766 592 sanctiﬁcatum,
2792 533 2840 578 et
2863 524 2989 580 utile
3010 525 3232 580 Domino
3257 526 3326 580 ad
3353 543 3501 580 omne

1912 626 2041 680 opus
2061 611 2246 666 bonum
2267 623 2608 683 praeparatum
2637 614 2712 687 (2.
2733 614 2869 670 Tim.
2891 616 2948 670 2.
2969 617 3057 671 20.
3081 617 3143 671 2i
3159 624 3196 687 ).
3217 626 3402 687 itaque
3435 636 3502 672 ne

1914 703 2242 772 ncgligamus
2266 704 2420 760 nobis
2456 721 2644 775 parare
2665 706 2848 773 libros,
2865 721 2932 761 ne
2949 709 3088 762 circa
3113 709 3288 762 vitalia
3312 712 3503 763 vulnus

1913 791 2267 861 accipiamus:
2299 810 2395 849 nec
2421 811 2608 849 aurum
2635 796 2968 851 defodiamus
2990 840 3005 864 ,
3037 799 3132 854 sed
3173 800 3327 854 nobis
3369 805 3504 868 ipSts

1915 882 2268 938 recondamus
2297 885 2604 940 thesaurum
2630 887 2885 942 librorum
2932 889 3269 957 spiritalium.
3301 893 3501 944 Aurum

1914 974 2134 1042 quidem
2152 990 2274 1029 cum
2303 977 2534 1031 maxime
2561 979 2755 1032 crescit
2775 1019 2792 1045 ,
2821 989 2930 1034 tum
2968 981 3198 1034 maxime
3227 981 3508 1035 insidiatur

1915 1064 2346 1132 possidentibus:
2384 1066 2504 1121 libri
2551 1082 2680 1122 vero
2728 1069 2945 1137 repositi
2990 1070 3212 1124 multam
3260 1069 3509 1125 adferunt

1917 1153 2237 1218 habentibus
2277 1161 2581 1216 utilitatem.

1988 1251 2267 1306 Sacrorum
2289 1253 2532 1307 librorum
2572 1254 2708 1308 laus.
2746 1284 2820 1294 —
2857 1253 3316 1320 Quemadmodum
3362 1270 3506 1308 enim

1916 1356 2061 1395 arma
2089 1342 2288 1412 regalia
2317 1344 2570 1414 reposita,
2597 1344 2808 1398 etiamsi
2840 1360 2997 1407 nemo
3023 1345 3125 1398 illis
3154 1360 3282 1398 usus
3305 1345 3404 1408 sit,
3427 1356 3508 1397 :a-

1918 1448 2040 1488 men
2068 1434 2154 1500 iis,
2177 1434 2268 1504 qui
2299 1433 2540 1489 habitant
2584 1435 2637 1488 in
2679 1434 2884 1489 :cdibus
2932 1435 3022 1490 ubi
3069 1434 3303 1504 reposita
3347 1445 3506 1499 sunt,

1917 1527 2137 1581 multam
2162 1527 2400 1597 prazbent
2434 1526 2730 1583 custodiam
2771 1542 2835 1582 ac
2862 1536 3132 1596 tutamen,
3164 1527 3292 1582 dum
3336 1542 3512 1597 neque

1919 1619 2173 1684 latrones,
2190 1634 2362 1688 neque
2378 1621 2640 1689 parietum
2659 1619 3011 1690 perfossores,
3027 1635 3201 1689 neque
3215 1619 3354 1678 alius
3368 1619 3513 1688 quis«

1920 1711 2058 1780 piam
2080 1711 2462 1767 sceleratorum
2484 1712 2640 1767 audet
2657 1727 2774 1767 eam
2796 1713 3011 1782 aggredi
3024 1712 3243 1767 domum
3265 1729 3278 1765 :
3298 1712 3376 1766 sic
3392 1710 3513 1765 ubi-

1917 1816 2148 1873 cumque
2173 1803 2367 1858 fuerint
2388 1803 2506 1858 libri
2532 1803 2819 1873 spiritales,
2847 1804 2995 1858 illinc
3020 1803 3196 1859 omnis
3225 1789 3511 1871 expellitur

1919 1893 2001 1949 vis
2024 1893 2285 1949 diabolica
2307 1936 2323 1962 ,
2351 1895 2624 1965 multaque
2678 1895 3100 1951 inhabitantibus
3147 1893 3356 1950 accedit
3405 1892 3513 1948 vir-

1920 1985 2049 2039 tutis
2096 1985 2426 2042 consolatio:
2454 1985 2885 2057 quandoquidem
2938 1986 3052 2056 ipse
3096 1985 3258 2041 etiam
3311 2000 3406 2055 per
3449 2001 3512 2041 se

1919 2074 2175 2132 librorum
2219 2086 2464 2148 aspectus
2505 2077 2780 2148 segniores
2809 2091 2914 2132 nos
2951 2075 3129 2132 reddit
3174 2075 3244 2131 ad
3291 2090 3516 2146 peccan-

1919 2165 2071 2222 dum.
2113 2166 2238 2222 Sive
2284 2167 2428 2222 enim
2481 2167 2757 2238 quidpiam
2808 2167 2927 2222 ausi
2976 2166 3235 2222 fuerimus
3286 2181 3512 2234 eorum,

1919 2271 2040 2327 qua:
2063 2257 2327 2327 prohibita
2354 2266 2511 2326 sunt,
2561 2273 2766 2329 nosque
2788 2259 2932 2328 ipsos
2969 2256 3364 2314 reddiderimus
3403 2259 3520 2327 pol-

1922 2348 2367 2416 lutos,reversos
2412 2353 2755 2420 domum,ac
2802 2352 2968 2408 libros
3016 2351 3295 2427 intuentes
3337 2352 3517 2416 acrius

1922 2456 2022 2497 nos
2065 2442 2385 2498 condemnat
2420 2445 2783 2512 conscientia,
2830 2444 3208 2515 reddimurque
3261 2444 3518 2499 lentiores

1921 2533 1989 2588 ad
2043 2533 2230 2589 eadem
2271 2535 2582 2605 repetenda.
2615 2535 2844 2590 Rursum
2898 2535 3012 2591 sive
3060 2536 3116 2590 in
3163 2535 3516 2591 sanctimonia

1922 2625 2342 2696 pcrstiterimns,
2397 2626 2655 2696 majorem
2711 2626 2836 2680 inde
2884 2627 3165 2681 utilitatem
3196 2626 3513 2697 accipimus.

1921 2715 2054 2770 Nam
2099 2717 2256 2770 simul
2305 2725 2466 2786 atque
2522 2717 2692 2787 tetigit
2729 2717 2921 2787 aliquis
2977 2717 3356 2788 Evangelium,
3391 2733 3516 2772 mox

1921 2807 2221 2876 composuit
2247 2822 2397 2862 suam
2428 2808 2592 2877 ipsius
2633 2817 2896 2872 mentem,
2927 2817 2981 2862 et
3007 2823 3038 2862 a
3085 2809 3249 2863 rebus
3292 2807 3518 2865 munda-

1923 2898 2007 2951 nis
2057 2897 2310 2965 abdnxit,
2363 2898 2526 2969 idque
2575 2914 2640 2953 ex
2696 2899 2811 2968 ipso
2847 2898 2964 2953 snlo
3012 2907 3251 2968 aspectu.
3283 2899 3436 2964 Quod
3465 2900 3515 2953 si

1923 2987 2210 3041 accesserit
2237 2986 2464 3057 diligens
2503 2989 2691 3053 lectio,
2721 3004 2828 3042 non
2860 2989 3018 3043 aliter
3055 3003 3215 3057 quam
3247 2988 3300 3042 in
3344 2989 3515 3044 sacris

1922 3077 2097 3148 adytis
2115 3119 2131 3145 ,
2154 3078 2314 3133 rebus
2338 3079 2531 3134 divinis
2560 3080 2764 3134 initiata
2807 3080 2984 3133 anima
3005 3121 3019 3144 ,
3046 3080 3125 3134 sic
3176 3088 3514 3150 rcpurgatur,

1923 3170 2218 3239 meliorque
2248 3170 2503 3238 redditur,
2534 3171 2648 3228 Deo
2673 3187 2795 3226 cum
2851 3173 2961 3242 ipsa
3002 3187 3100 3242 per
3125 3172 3242 3227 illas
3271 3173 3515 3242 Scriptu-

1922 3277 2011 3317 ras
2035 3262 2390 3332 colloquente.

1994 3352 2163 3408 Lectio
2185 3355 2468 3425 Scriptum
2484 3357 2636 3408 etiam
2659 3371 2760 3408 non
2788 3355 3058 3410 intellecta:
3080 3356 3242 3411 utilis.
3265 3386 3340 3397 —
3375 3355 3514 3424 Quid

1923 3444 2102 3514 igitur,
2135 3444 2414 3523 inquiunt_,
2452 3446 2496 3498 si
2545 3460 2652 3500 non
2694 3430 3058 3516 intelligamus,
3083 3461 3145 3501 ea
3174 3461 3296 3517 qua:
3337 3447 3515 3501 conti-

1923 3543 2117 3590 nentur
2143 3536 2331 3590 libris?
2359 3535 2587 3591 Maxime
2607 3536 2824 3607 quidem
2851 3538 3062 3592 etiamsi
3108 3554 3213 3592 non
3246 3539 3514 3608 intelligas

1925 3627 2034 3682 illic
2073 3627 2384 3694 recondita,
2413 3636 2590 3682 tamen
2623 3642 2688 3681 ex
2735 3627 2851 3696 ipsa
2878 3628 3106 3682 lectione
3131 3628 3300 3682 multa
3341 3628 3518 3684 nasci-

1924 3727 2010 3773 tur
2034 3718 2406 3773 sanctimonia.
2428 3717 2758 3788 Quamquam
2800 3717 2916 3772 ﬁeri
2939 3733 3045 3772 non
3079 3727 3256 3788 potest
3283 3728 3337 3772 ut
3387 3732 3509 3772 om-

1923 3809 2009 3863 nia
2036 3823 2102 3863 ex
2149 3824 2302 3878 aequo
2330 3810 2541 3879 ignores
2579 3818 2905 3878 :propterea
2955 3809 3219 3878 siquidem
3275 3809 3510 3878 Spiritus

1921 3901 2090 3971 gratia
2120 3899 2449 3970 dispensavit
2472 3915 2536 3954 ac
2575 3894 2833 3968 providit,
2865 3907 2925 3952 ut
2944 3897 3209 3969 publicani
3231 3942 3246 3964 ,
3279 3901 3514 3969 piscato-

1923 4007 2044 4057 res,
2086 3991 2548 4047 tabernaculorum
2577 3988 2829 4059 opiﬁces,
2877 3999 3122 4059 pastores
3150 3999 3206 4045 et
3247 3991 3512 4060 caprarii,

1924 4082 2104 4137 idiotre
2125 4124 2140 4147 ,
2164 4082 2421 4148 illiterati,
2445 4082 2544 4135 hos
2571 4082 2737 4136 libros
2761 4089 3185 4152 componerent,
3215 4092 3271 4136 et
3300 4097 3368 4136 ne
3394 4083 3516 4152 quis

1923 4173 2204 4228 idiotarum
2225 4173 2292 4227 ad
2319 4173 2457 4227 hanc
2483 4171 2813 4227 difﬁcultatis
2839 4171 3125 4242 confugere
3141 4181 3325 4242 posset
3348 4188 3518 4229 excu-

1922 4265 2182 4320 sationem
2199 4305 2214 4329 ,
2237 4272 2296 4319 ut
2322 4263 2572 4319 omnibus
2595 4261 2765 4317 facilia
2792 4273 3082 4332 conSpectu
3106 4271 3288 4319 essent
3305 4278 3368 4318 ea
3394 4280 3516 4334 qum

1923 4356 2194 4424 dicuntur,
2217 4365 2355 4411 utet
2382 4354 2587 4425 opifex,
2619 4362 2673 4409 et
2704 4353 2933 4408 famulus
2953 4395 2969 4420 ,
2997 4364 3052 4409 et
3094 4355 3252 4408 vidua
3293 4355 3513 4421 mulier,

1922 4458 1978 4504 et
2005 4448 2242 4502 omnium
2275 4446 2548 4500 hominum
2581 4445 2977 4500 indoctissimus
2995 4459 3061 4498 ex
3083 4444 3261 4498 audita
3284 4443 3518 4500 lectione

1921 4539 2122 4611 aliquid
2160 4539 2290 4594 lucri
2322 4539 2674 4609 utilitatisque
2725 4545 3048 4606 reportaret.
3087 4536 3205 4593 Non
3251 4538 3397 4593 enim
3445 4539 3516 4593 ad

1925 4635 2136 4689 inanem
2196 4632 2416 4704 gloriam
2441 4672 2459 4699 ,
2504 4631 2955 4701 quemadmodum
3000 4631 3252 4700 Ethnici,
3296 4633 3393 4687 sed
3447 4634 3516 4687 ad

1923 4725 2250 4780 audientium
2272 4725 2499 4780 salutem
2526 4723 2643 4779 hate
2669 4724 2848 4778 omnia
2868 4735 3288 4793 composuerunt
3309 4726 3363 4791 ii,
3381 4740 3520 4795 quos

1922 4819 1992 4872 ab
2017 4817 2166 4872 initio
2195 4817 2336 4872 Dens
2359 4815 2604 4887 dignatus
2628 4825 2710 4872 est
2728 4815 2894 4886 gratia
2911 4815 3158 4882 Spiritus.

1994 4909 2049 4964 '5.
2089 4908 2364 4979 Siquidem
2392 4909 2428 4963 ii
2445 4909 2535 4978 qui
2557 4915 2681 4963 sunt
2705 4924 2736 4963 a
2763 4907 2975 4963 Christo
3005 4908 3163 4964 alieni
3187 4909 3516 4980 phiIOSOphi,

1923 4999 2157 5066 dicendi,
2198 4998 2453 5068 artiﬁces,
2482 4999 2728 5054 rhetores
2747 5041 2763 5066 ,
2795 5013 2858 5053 ac
2887 4998 3147 5054 librorum
3191 5000 3517 5069 scriptores,

1926 5109 2032 5148 non
2059 5091 2201 5164 quod
2227 5093 2280 5147 in
2318 5106 2601 5148 commune
2625 5091 2877 5147 conducit
2901 5098 3203 5159 quzerentes
3222 5133 3239 5158 ,
3267 5091 3363 5146 sed
3388 5091 3516 5150 illud

1923 5194 2229 5256 spectantes
2255 5192 2314 5238 ut
2351 5183 2452 5254 ipsi
2480 5182 2678 5238 suntin
2707 5181 3092 5245 admiratione,
3124 5181 3334 5237 etiamsi
3388 5181 3515 5250 quid

1925 5276 2058 5332 utile
2088 5276 2354 5342 dixerint,
2383 5275 2486 5330 hoc
2503 5289 2717 5344 quoque
2741 5271 3194 5342 quemadmodum
3215 5273 3268 5327 in
3289 5271 3516 5342 caligine

1925 5369 2152 5440 quadam
2171 5409 2188 5437 ,
2215 5375 2469 5423 consueta
2498 5366 2598 5422 sibi
2619 5366 2952 5421 occultarum
2985 5364 3331 5420 obscuritate.
3372 5366 3513 5435 Apo-

1925 5461 2048 5516 stoli
2074 5475 2202 5516 vero
2224 5474 2288 5515 ac
2314 5459 2589 5530 propheta:
2615 5458 2796 5513 omnia
2824 5466 3008 5512 contra
3033 5456 3310 5513 fecerunt:
3339 5459 3517 5518 mani-

1928 5552 2063 5608 festa
2139 5543 2426 5621 claraque,
2490 5565 2610 5621 quae
2682 5548 3064 5620 prodiderunt,
3148 5558 3518 5618 exposuerqu

1927 5643 2206 5710 omnibus,
2227 5640 2392 5698 veluti
2412 5655 2727 5697 communes
2747 5640 2892 5696 orbis
2922 5639 3174 5697 doctores
3191 5681 3207 5705 ,
3242 5649 3301 5694 ut
3328 5653 3426 5709 per
3453 5655 3515 5695 se

1927 5736 2157 5807 quisque
2172 5732 2381 5790 discere
2398 5733 2566 5804 possit
2585 5747 2647 5788 ea
2669 5747 2787 5802 quae
2812 5731 3059 5786 dicuntur
3072 5745 3104 5786 e
3123 5729 3236 5785 sola
3262 5729 3516 5788 lectione.

1933 5831 2047 5888 lloc
2064 5839 2187 5887 ante
2215 5828 2578 5902 praenuntiant;
2602 5825 2860 5900 prepheta
2875 5824 3086 5882 dicebat
3112 5841 3127 5879 :
3149 5821 3319 5880 Erunt
3344 5835 3527 5882 omnes
