4160 6324
688 397 793 454 θ’)ξς

687 517 822 566 docti
841 528 872 565 a
900 511 1005 567 Deo
1024 553 1038 576 ,
1069 521 1114 565 et
1138 527 1238 565 non
1279 510 1409 563 dicet
1441 511 1650 580 quisque
1677 508 1908 578 proximo
1948 523 2069 570 suo,
2094 505 2257 560 Nasce

695 605 858 658 Deum
880 643 896 670 ,
928 603 1164 673 quoniam
1193 617 1362 654 omnes
1388 609 1588 652 noscent
1620 614 1699 651 me
1735 615 1768 650 a
1795 598 2001 681 minimo
2040 596 2263 664 ipsorum

687 713 843 765 usque
883 710 948 750 aa
998 693 1274 746 maximum
1314 707 1486 744 eorum
1516 689 1650 760 (Jer.
1681 688 1880 744 διεδ.
1927 697 1974 740 et
2018 687 2174 740 Joan.
2205 683 2260 739 6.

686 787 758 840 45
779 787 818 855 ).
852 785 920 838 Et
948 785 1141 838 Paulus
1170 783 1338 852 inquit
1367 800 1382 836 ε
1414 781 1482 834 Et
1511 797 1601 851 ego
1622 821 1638 847 ,
1664 780 1845 850 fratres
1869 821 1884 845 ,
1910 781 2021 833 ueni
2061 778 2129 830 ad
2157 794 2262 841 vos,

687 893 788 929 non
814 892 903 945 per
929 873 1273 928 excellentiam
1305 873 1548 926 sermonis
1571 880 1660 926 aut
1687 870 1950 937 sapientia:
1967 911 1982 934 ,
2027 870 2265 922 nuntians

685 967 821 1020 vobis
843 966 1135 1036 mysterium
1166 964 1260 1018 Dei
1287 963 1360 1031 (1.
1387 963 1502 1017 Cor.
1535 963 1589 1016 2.
1621 964 1692 1032 ί).
1723 963 1789 1016 ΕΙ.
1817 963 2007 1017 iterum
2039 977 2053 1012 :
2085 960 2266 1014 Sermo

688 1073 827 1109 meus
869 1065 918 1108 et
945 1056 1238 1124 pradicatio
1265 1072 1369 1108 non
1395 1055 1446 1108 in
1475 1052 1880 1125 persuasibilibus
1914 1055 2146 1104 humanae
2173 1067 2261 1103 sa-

687 1147 887 1215 pientic
922 1147 1113 1212 verbis,
1167 1145 1256 1198 sed
1301 1145 1353 1197 in
1390 1142 1675 1198 ostensione
1719 1143 1924 1211 spiritus
1976 1158 2035 1194 ac
2086 1141 2265 1193 uirtute

685 1235 798 1304 (Id.
826 1251 873 1289 υ.
901 1236 979 1305 4).
1013 1234 1078 1289 Et
1119 1249 1330 1288 rursum
1353 1252 1365 1288 :
1389 1233 1662 1301 Loquimur
1681 1233 1810 1286 enim
1831 1232 2161 1300 sapientiam,
2185 1230 2264 1282 in-

687 1327 834 1394 quit,
865 1341 965 1378 non
987 1324 1160 1379 steculi
1189 1326 1341 1393 hujus
1359 1364 1374 1389 ,
1406 1339 1563 1392 neque
1583 1323 1868 1391 principum
1897 1322 2046 1390 hujus
2070 1321 2259 1384 seaculi,

683 1415 770 1483 qui
795 1424 1189 1483 corrumpuntur
1217 1413 1323 1484 (Ib.
1358 1431 1405 1468 υ.
1435 1413 1514 1482 6).
1541 1412 1640 1467 Cui
1684 1413 1829 1466 enim
1857 1427 1962 1465 non
1999 1419 2122 1464 sunt
2145 1424 2261 1462 ma-

685 1504 872 1558 nifesta
897 1519 1244 1573 qumcumque
1269 1505 1320 1558 in
1341 1504 1630 1574 Evangelio
1667 1505 1860 1571 scripta
1883 1510 2005 1554 sunt
2048 1499 2259 1571 (Matth.

683 1595 738 1648 5.
760 1595 814 1649 4.
843 1610 951 1664 sqq.
977 1593 994 1662 )
1018 1594 1041 1646 ?
1065 1595 1195 1660 Quis
1223 1603 1400 1648 autem
1429 1594 1652 1648 audiens
1679 1593 1862 1646 beatos
1902 1606 2022 1646 esse
2064 1590 2222 1645 mites
2242 1631 2257 1655 ,

687 1683 872 1738 beatos
916 1683 1290 1738 misericordes
1314 1723 1327 1748 ,
1359 1683 1541 1736 beatos
1583 1681 1781 1735 mundo
1822 1680 1982 1735 corde
2002 1722 2017 1744 ,
2045 1690 2264 1734 ctetera-

682 1789 786 1843 que
815 1773 1138 1842 hujusmodi,
1167 1773 1341 1841 egebit
1370 1780 1694 1841 prmeeptore
1717 1813 1732 1836 ,
1765 1779 1820 1824 ut
1844 1771 2040 1839 aliquid
2077 1784 2262 1824 eorum

681 1863 824 1917 dicat
851 1879 968 1932 quae
1010 1861 1292 1916 dicuntur?
1331 1862 1526 1916 Verum
1574 1861 1760 1930 signa,
1799 1860 2070 1922 miracula,
2099 1859 2265 1912 histo-

683 1955 778 2008 ria:
801 1995 816 2020 ,
847 1969 952 2008 non
994 1954 1162 2008 cuivis
1185 1961 1309 2008 nota
1352 1952 1737 2020 manifestaque
1781 1952 1939 2004 sunt?
1966 1952 2261 2006 Praetextus

681 2044 786 2099 iste
807 2053 893 2099 est
911 2053 965 2098 et
987 2045 1225 2098 causatio
1248 2084 1265 2110 ,
1298 2044 1622 2112 pigritiaeque
1648 2043 2023 2096 velamentum.

753 2133 922 2186 Lectio
949 2135 1129 2187 iterata
1157 2132 1582 2201 aperibobscura.
1611 2159 1682 2171 —-
1721 2131 1835 2186 Non
1865 2131 2118 2201 intelligis
2142 2147 2262 2201 qua:

683 2220 907 2278 insunt:
955 2223 1222 2291 quomodo
1265 2223 1436 2290 possis
1476 2221 1760 2290 aliquando
1805 2223 2119 2290 intelligere,
2171 2223 2262 2292 qui

684 2305 753 2370 ne
782 2317 970 2370 leviter
993 2315 1206 2384 quidem
1248 2314 1507 2382 inspicere
1553 2312 1724 2367 velis?
1769 2312 1930 2367 Sume
1975 2313 2164 2364 librum
2207 2313 2258 2365 in

681 2388 891 2469 manus,
922 2403 1038 2473 lege
1062 2403 1335 2456 historiam
1364 2417 1596 2466 omnem,
1625 2409 1679 2455 et
1704 2417 1820 2469 qum
1848 2411 1970 2454 nota
1999 2409 2123 2454 sunt
2144 2416 2259 2456 mc-

684 2495 852 2547 moria
880 2502 1066 2546 tenens
1084 2533 1098 2557 ,
1131 2507 1190 2546 ea
1225 2507 1341 2560 qum
1370 2491 1594 2545 obscura
1623 2498 1748 2544 sunt
1776 2506 2064 2560 parumque
2093 2491 2260 2544 maui-

683 2583 843 2650 l'esta,
874 2586 1177 2653 frequenter
1205 2599 1474 2652 percurre.
1507 2583 1658 2650 Quod
1697 2584 1741 2637 si
1768 2597 1871 2636 non
1898 2584 2096 2652 poteris
2122 2584 2253 2636 assi-

682 2678 884 2732 duitate
913 2677 1153 2730 lectionis
1180 2676 1417 2730 invenire
1444 2675 1585 2744 quod
1610 2674 1824 2741 dicitur,
1866 2676 2060 2728 accede
2086 2675 2150 2728 ad
2175 2690 2259 2728 sa-

681 2771 1015 2838 pientiorem,
1041 2767 1174 2822 vade
1195 2767 1259 2820 ad
1288 2767 1582 2833 doctorem,
1605 2767 1932 2820 communica
1954 2765 2019 2819 de
2051 2767 2112 2818 iis
2140 2781 2257 2834 quae

683 2861 877 2927 scripta
907 2869 1050 2923 sunt,
1080 2858 1291 2912 declara
1315 2859 1599 2912 vehemens
1619 2856 1871 2910 studium.
1904 2855 1969 2909 Et
1994 2857 2038 2910 si
2068 2856 2256 2910 viderit

681 2961 732 3004 te
762 2953 902 3005 Deus
930 2960 1126 3005 tantam
1171 2951 1332 3004 animi
1371 2950 1693 3004 alacritatem
1732 2949 2004 3014 adhibere,
2034 2964 2136 3002 non
2165 2949 2256 3002 de-

680 3045 865 3112 spiciet
917 3053 1056 3096 tuam
1103 3043 1424 3112 vigilantiam
1467 3057 1529 3096 ac
1576 3041 2004 3097 sollicitudinem.
2059 3040 2251 3093 Verum

677 3136 837 3189 etiam
868 3137 912 3188 si
957 3135 1130 3188 nullus
1175 3135 1331 3188 homo
1359 3145 1408 3188 te
1445 3133 1684 3187 docuerit
1715 3131 1855 3201 quod
1902 3131 2116 3200 qumris,
2144 3132 2254 3199 ipse

677 3228 792 3282 sine
818 3227 979 3280 dubio
999 3227 1273 3280 reserabit.
1296 3227 1556 3279 Memento
1577 3223 1802 3295 eunuchi
1821 3224 2014 3290 regina:
2044 3221 2251 3275 [Ethio-

677 3335 824 3387 pum,
873 3319 963 3388 qui
1008 3335 1126 3371 cum
1172 3327 1311 3371 esset
1353 3318 1512 3370 homo
1541 3317 1826 3380 barbarus,
1854 3314 2251 3382 innumerisque

675 3412 938 3465 distentus
999 3410 1472 3474 sollicitudinibus,
1525 3417 1577 3463 et
1635 3407 1967 3476 undiquaque
2020 3408 2248 3460 circum-

675 3511 856 3570 septus
886 3503 1107 3571 negotiis
1127 3543 1142 3568 ,
1172 3516 1269 3554 nec
1299 3500 1615 3568 intelligeret
1642 3514 1759 3568 qua:
1787 3498 2011 3566 legebat,
2047 3497 2251 3566 legebat

676 3603 850 3646 tamen
879 3593 928 3645 in
952 3607 1106 3646 curru
1128 3592 1336 3645 sedens.
1358 3591 1506 3657 Quod
1533 3591 1576 3643 si
1608 3591 1657 3643 in
1685 3590 1765 3642 via
1789 3597 1982 3642 tantam
2009 3587 2251 3656 prtestitit

675 3684 1034 3752 diligentiam,
1083 3683 1252 3751 cogita
1299 3682 1468 3750 qualis
1508 3680 1668 3734 fuerit
1706 3675 1851 3733 domi
1897 3693 2156 3732 versans:
2203 3679 2246 3731 si

681 3784 916 3841 tempore
960 3772 1301 3843 profectionis
1347 3787 1451 3824 non
1496 3770 1746 3843 sustinuit
1774 3769 1975 3836 absque
2024 3768 2248 3820 lectione

677 3882 914 3928 manere,
959 3867 1126 3918 multo
1160 3866 1330 3916 minus
1361 3863 1501 3914 domi
1542 3837 1732 3915 sedens
1760 3877 1773 3911 :
1807 3861 1850 3925 si
1880 3861 2008 3912 nihil
2050 3859 2246 3912 intelli-

673 3971 804 4024 gens
851 3955 1083 4024 legebat,
1110 3948 1212 4005 hee
1255 3953 1457 4005 destitit
1485 3967 1512 4003 a
1559 3951 1818 4013 lectione,
1861 3951 2030 4003 multo
2070 3950 2245 4002 minus

675 4056 950 4113 postquam
989 4045 1266 4096 didicerat.
1305 4043 1433 4094 Nam
1466 4052 1522 4093 ut
1551 4041 1718 4104 scias,
1755 4041 1893 4108 quod
1936 4055 2040 4093 non
2086 4040 2243 4092 intel-

673 4138 863 4190 :excrit
888 4153 1004 4204 quae
1037 4136 1260 4202 legebat,
1295 4133 1415 4184 audi
1456 4132 1578 4200 quid
1606 4131 1734 4184 dicit
1762 4131 2068 4198 Philippus:
2105 4130 2244 4181 Num

672 4227 908 4294 intelligis
938 4241 1050 4291 qua:
1078 4224 1198 4291 legis
1225 4223 1362 4289 (Act.
1396 4222 1448 4276 8.
1472 4220 1560 4291 ’50)
1581 4222 1602 4273 ?
1625 4224 1795 4288 Atque
1828 4221 1916 4274 ille
1945 4221 2026 4273 his
2049 4220 2243 4272 auditis

673 4335 776 4369 non
813 4315 1119 4384 pudefactus
1157 4323 1258 4376 est,
1294 4328 1388 4364 nec
1416 4313 1654 4376 erubuit,
1685 4311 1776 4365 sed
1805 4311 2065 4364 inscitiam
2092 4326 2240 4364 suam

675 4406 948 4459 confessus
977 4413 1056 4456 est
1083 4404 1298 4470 aitque:
1331 4403 1548 4465 Quinam
1588 4403 1801 4469 possim,
1843 4402 1940 4454 nisi
1969 4402 2078 4470 quis
2118 4401 2242 4452 mihi

669 4497 939 4552 ostenderit
970 4495 1071 4564 (Ib.
1102 4510 1144 4547 υ.
1179 4493 1305 4562 31)?
1334 4493 1464 4546 Cum
1493 4492 1726 4546 nondum
1753 4491 1968 4545 haberet
1994 4490 2082 4560 qui
2104 4491 2239 4544 viam

667 4594 1146 4647 coutttiunstt‘arel,
1196 4595 1369 4637 tamen
1427 4584 1650 4652 legebat,
1693 4597 1864 4652 eoque
1913 4585 2018 4635 cito
2055 4597 2242 4636 conse-

666 4690 861 4747 quutus
892 4688 972 4731 est
995 4678 1288 4729 ductorem.
1321 4675 1474 4727 Novit
1497 4689 1810 4743 propensam
1842 4675 1979 4727 illius
2010 4675 2237 4727 animam

670 4772 843 4833 Deus,
902 4770 1130 4821 studium
1179 4769 1451 4835 amplexus
1495 4777 1608 4829 est,
1656 4766 1799 4819 misit
1838 4766 1909 4818 illi
1967 4767 2237 4818 doctorem

667 4861 826 4914 illico.
862 4860 1055 4911 Verum
1088 4873 1192 4910 non
1233 4858 1382 4910 adest
1410 4857 1681 4925 Philippus
1715 4873 1727 4907 :
1761 4856 1852 4910 sed
1899 4856 2125 4926 Spiritus
2150 4858 2237 4925 qui

668 4960 906 5005 moverat
936 4951 1233 5018 Philippum
1271 4950 1437 5002 adest.
1471 4950 1545 5001 Ne
1572 4949 1962 5017 neglexeritnus
2003 4957 2234 5001 n0stram

667 5047 916 5104 salutem,
948 5042 1307 5095 dilectissimi:
1338 5042 1449 5094 hrec
1471 5042 1642 5093 omnia
1677 5040 1880 5106 Scripta
1900 5049 2012 5094 sunt
2035 5048 2236 5108 propter

666 5153 754 5188 nos
789 5135 855 5184 ad
898 5133 1266 5185 correctionem
1294 5133 1469 5196 nostri,
1521 5132 1573 5183 in
1616 5147 1739 5199 quos
1771 5130 1895 5196 ﬁnes
1937 5132 2236 5183 surculorum

665 5227 962 5278 devenerunt
990 5222 1064 5291 (l.
1097 5221 1211 5275 Cor.
1239 5223 1322 5276 10.
1347 5223 1458 5289 Η).

736 5315 993 5384 Ignoratio
1038 5315 1317 5383 Scriptura:
1359 5315 1565 5367 litcreses
1607 5315 1757 5382 parit.
1801 5342 1872 5352 —
1919 5313 2100 5381 Magna
2137 5313 2235 5366 ad-

664 5421 848 5460 versus
889 5415 1156 5473 peccatum
1203 5404 1425 5457 munitio
1474 5413 1551 5457 est
1607 5404 1995 5470 Scripturarum
2038 5404 2230 5455 lectio:

666 5512 908 5564 magnum
970 5495 1334 5562 principitium,
1387 5493 1702 5561 profundum
1748 5494 2051 5546 barathrum
2092 5492 2235 5546 Scri-

667 5600 935 5657 pturarum
967 5589 1238 5656 ignoratio,
1266 5601 1447 5655 magna
1480 5587 1664 5640 salutis
1688 5586 1910 5654 perditio
1940 5586 2068 5637 nihil
2097 5587 2232 5639 scire

663 5697 725 5731 ex
765 5678 958 5730 divinis
999 5677 1201 5745 legibus
1240 5693 1251 5727 ε
1300 5693 1359 5730 ea
1406 5692 1489 5728 res
1531 5687 1582 5730 et
1628 5678 1855 5729 ha-reses
1893 5677 2127 5743 peperit,
2169 5692 2228 5728 ea

656 5767 820 5823 vitam
834 5778 1134 5837 corruptam
1160 5768 1372 5832 invexit,
1407 5769 1501 5819 huc
1526 5784 1730 5821 sursum
1751 5767 1996 5820 deorsum
2021 5766 2230 5820 miscuit

1429 396 1486 452 S.
1519 393 1801 477 .IOANNIS
1835 393 2305 450 CHRYSOSTOMI
2343 393 2660 448 ARCIIIEP.
2702 390 3245 484 (EONSTANTINOP.

3855 400 3960 455 996

2376 505 2577 557 omnia.
2618 503 2750 556 Nam
2792 504 2905 558 lleri
2935 507 3040 558 non
3082 514 3280 574 potest,
3329 520 3435 560 non
3480 515 3678 577 potest,
3723 508 3961 579 inquam,

2369 593 2506 660 ﬁeri,
2534 602 2592 648 ut
2634 594 2753 664 quis
2782 596 2899 650 sine
2927 596 3096 651 fructu
3133 597 3393 664 discedat,
3422 600 3512 668 qui
3541 601 3756 655 assidua
3786 612 3963 656 atten-

2371 691 2530 754 taque
2553 685 2785 740 lectione
2809 684 3034 740 fruatur.
3058 687 3194 741 Ecce
3212 703 3314 741 una
3338 690 3610 756 parabola,
3639 707 3798 760 quam
3827 693 3963 744 mul-

2371 775 2606 844 tiplicem
2641 777 2795 831 nobis
2837 777 3013 830 attulit
3051 777 3370 832 utilitatem?
3413 781 3684 847 quomodo
3723 782 3957 834 animam

2373 877 2608 922 nostram
2636 870 2910 923 meliorem
2935 865 3347 924 reddiditiNam
3363 871 3668 940 complures
3684 914 3700 937 ,
3718 883 3801 926 sat
3822 873 3956 932 scio.

2369 968 2513 1022 sunt,
2545 958 2634 1026 qui
2663 972 2730 1012 ex
2761 957 2844 1012 his
2881 960 3220 1014 sermonibus
3247 960 3519 1030 copiosam
3554 962 3836 1016 utilitatem
3887 964 3956 1016 le.

2369 1059 2550 1103 rentes
2590 1050 2854 1104 abierunt.
2895 1050 3046 1117 Quod
3074 1051 3118 1104 si
3160 1053 3249 1120 qui
3276 1060 3418 1117 sunt,
3449 1053 3538 1120 qui
3583 1067 3689 1105 non
3737 1053 3965 1121 perinde

2370 1157 2618 1211 magnum
2669 1143 2895 1196 fructum
2941 1152 3303 1211 reportarunt,
3335 1153 3570 1197 attamen
3613 1158 3680 1197 eo
3721 1145 3961 1212 die,qu:o

2370 1233 2522 1287 nobis
2551 1232 2827 1287 audiendis
2856 1244 3140 1298 vacarunt,
3173 1235 3391 1288 omnino
3421 1235 3672 1288 meliores
3719 1233 3954 1288 luerunt.

2368 1322 2480 1378 Non
2501 1333 2678 1378 autem
2705 1327 2951 1392 exiguum
2980 1334 3062 1378 est
3087 1324 3170 1378 vel
3203 1325 3366 1387 istud,
3394 1340 3556 1378 unum
3576 1324 3720 1379 diem
3750 1325 3800 1377 in
3827 1339 3957 1394 pee-

2367 1423 2610 1467 catorum
2636 1414 2957 1469 contritione
2998 1416 3308 1483 transigere,
3345 1424 3402 1468 et
3427 1413 3494 1467 ad
3522 1413 3791 1468 caelestem
3837 1414 3960 1484 phi—

2366 1501 2664 1571 losophiam
2710 1504 2997 1572 respieere,
3050 1505 3348 1573 animmque
3396 1504 3728 1573 permittere,
3773 1515 3828 1557 ut
3871 1505 3954 1558 vel

2368 1594 2635 1663 paulisper
2673 1609 2703 1647 a
2743 1594 3024 1648 mundanis
3067 1594 3296 1662 reSpiret
3339 1596 3502 1648 curis.
3554 1595 3763 1648 Etenim
3808 1595 3855 1648 si
3905 1595 3957 1647 id

2367 1685 2588 1755 singulis
2617 1685 2852 1740 collectis
2877 1686 3156 1740 fecerimus
3188 1701 3288 1740 nec
3312 1686 3694 1751 defecerimus,
3727 1688 3961 1741 assidui—

2369 1785 2450 1831 tas
2479 1777 2728 1832 audiendi
2749 1793 2997 1848 magnum
3023 1777 3286 1848 quoddam
3309 1778 3727 1848 pmclammque
3754 1778 3956 1832 bonum

2367 1868 2522 1923 nobis
2553 1869 2744 1938 pariet.

2435 1961 2491 2015 4.
2519 1961 2674 2030 Agite
2694 1957 2896 2030 "igitur,
2922 1971 2976 2014 et
3003 1975 3063 2014 ea
3103 1975 3222 2030 quae
3269 1969 3565 2030 sequuntur
3603 1960 3656 2013 in
3697 1961 3956 2030 parabul:

2364 2050 2514 2105 vobis
2540 2052 2925 2120 persolvamus.
2952 2051 3080 2118 Quae
3106 2059 3228 2105 sunt
3256 2062 3432 2106 autem
3473 2067 3593 2120 quze
3619 2053 3960 2120 sequuntur?

2365 2142 2496 2196 Cum
2523 2142 2746 2198 dixisset
2770 2143 2937 2207 dives,
2971 2142 3117 2196 Mitte
3145 2141 3417 2208 Lazarum,
3449 2154 3503 2196 ut
3523 2144 3728 2196 instillet
3756 2161 3960 2196 summa

2366 2233 2544 2302 digito,
2571 2250 2632 2286 ac
2656 2234 2913 2304 refrigeret
2940 2235 3166 2303 linguam
3199 2250 3360 2287 meam
3386 2232 3539 2298 (Luc.
3578 2233 3664 2287 16.
3683 2232 3777 2301 24)
3806 2250 3818 2284 :
3847 2250 3950 2285 au-

2365 2327 2658 2380 scultemus
2696 2327 2819 2394 quid
2860 2327 3001 2380 dicat
3039 2326 3339 2390 Abraham,
3372 2325 3498 2390 Fili,
3539 2335 3786 2379 memento
3820 2328 3961 2394 quod

2366 2415 2596 2483 recepisti
2620 2425 2672 2467 tu
2698 2416 2830 2469 bona
2860 2418 2911 2469 in
2933 2419 3032 2469 vita
3061 2427 3147 2468 tua
3166 2457 3179 2482 ,
3207 2426 3252 2469 et
3276 2415 3500 2468 Lazarus
3523 2417 3757 2469 similiter
3787 2419 3955 2476 mala,

2365 2514 2410 2556 et
2442 2521 2575 2556 nunc
2599 2505 2694 2556 iste
2721 2507 2954 2557 solatium
2990 2506 3202 2573 accipit,
3233 2515 3285 2557 tu
3320 2520 3434 2557 vero
3472 2505 3735 2557 cruciaris.
3785 2504 3958 2573 Super

2365 2595 2533 2646 omnia
2559 2605 2723 2647 autent
2751 2597 2855 2647 ἠως
2883 2596 3036 2647 chaos
3062 2611 3300 2663 magnum
3327 2595 3680 2661 conﬁrmatum
3717 2604 3788 2647 est
3823 2596 3960 2646 inter

2366 2701 2457 2737 nos
2500 2695 2547 2737 et
2573 2702 2689 2750 vos,
2722 2695 2774 2737 ut
2821 2686 2907 2754 qui
2950 2685 3123 2737 volunt
3165 2686 3314 2737 istinc
3345 2687 3562 2738 transire
3600 2685 3669 2737 ad
3710 2701 3822 2747 nos,
3850 2701 3958 2737 non

2364 2775 2577 2842 possint,
2609 2793 2765 2844 neque
2805 2777 2891 2844 qui
2915 2777 3032 2828 hinc
3074 2776 3201 2828 istuc
3231 2776 3443 2828 transire
3485 2774 3593 2846 (Ib.
3625 2790 3673 2827 υ.
3709 2775 3800 2828 25.
3829 2775 3953 2844 26).

2362 2865 2553 2921 Gravia
2585 2878 2709 2920 sunt
2733 2883 2850 2936 qum
2879 2868 3149 2933 dicuntur,
3179 2867 3569 2936 plurimumque
3596 2869 3748 2921 nobis
3774 2867 3956 2921 oli‘nn-

2361 2956 2494 3011 dunt
2540 2958 2800 3011 dolorem.
2846 2959 2955 3012 lloc
3003 2959 3115 3026 ipse
3162 2959 3326 3011 novi:
3372 2958 3466 3012 sed
3497 2959 3955 3027 quemadmodum

2361 3050 2610 3107 mordent
2648 3052 3051 3116 conscientiam,
3106 3053 3174 3104 ita
3204 3067 3307 3104 non
3353 3066 3539 3120 parum
3581 3054 3813 3108 all‘erunt
3845 3057 3956 3108 uti-

2363 3143 2524 3197 litatis
2549 3143 2740 3197 auimis
2780 3159 2964 3198 eorum
2995 3144 3082 3212 qui
3129 3143 3456 3197 mordentur.
3491 3145 3697 3198 Etenim
3739 3147 3784 3199 si
3839 3147 3956 3201 hinc

2358 3235 2510 3288 nobis
2538 3235 2643 3288 illic
2685 3235 3021 3300 dicerentur,
3051 3234 3497 3303 quemadmodum
3540 3235 3679 3288 dicta
3709 3246 3838 3290 sunt
3864 3237 3954 3289 dl-

2357 3325 2471 3388 viti,
2495 3338 2679 3377 revera
2711 3323 3024 3392 plorandum
3045 3333 3206 3388 esset,
3231 3325 3518 3378 dolendum
3543 3339 3606 3378 ac
3635 3326 3950 3394 lugendum,

2357 3414 2496 3482 quod
2544 3429 2643 3467 nos
2693 3416 3018 3482 pmnitentim
3069 3423 3276 3482 tempus
3323 3413 3627 3469 defecisset.
3678 3415 3950 3469 Cmterum

2355 3504 2604 3573 quoniam
2633 3503 2719 3557 hic
2746 3512 2964 3572 agentes
2991 3505 3102 3556 haec
3131 3502 3396 3569 audimus,
3429 3503 3518 3556 ubi
3549 3513 3600 3557 et
3629 3505 3952 3573 resipiscere

2355 3594 2496 3657 licet,
2531 3601 2584 3646 et
2611 3596 2893 3646 commissa
2943 3593 3166 3655 diluere,
3214 3593 3445 3661 denique
3489 3593 3711 3647 multam
3758 3609 3952 3661 parare

2355 3684 2624 3750 ﬁduciam,
2655 3693 2814 3753 atque
2836 3700 2900 3737 ex
2927 3684 3116 3737 alienis
3146 3685 3298 3738 malis
3321 3692 3582 3753 concepto
3612 3685 3805 3738 timore
3829 3702 3950 3739 mn-

2353 3776 2473 3840 tari,
2508 3790 2724 3843 agamus
2769 3776 2964 3843 gratias
2987 3776 3233 3829 clementi
3268 3776 3398 3836 Deo,
3449 3777 3538 3843 qui
3570 3791 3666 3843 per
3710 3777 3944 3829 aliorum

2352 3866 2610 3934 supplicia
2668 3876 2903 3919 nostram
2949 3867 3302 3935 expergefacit
3341 3867 3652 3935 segnitiem,
3681 3868 3947 3936 nobisque

2350 3955 2760 4009 dormitantibus
2794 3971 3039 4010 somnum
3088 3958 3306 4010 excutit.
3359 3957 3633 4025 Siquidem
3673 3958 3792 4012 ideo
3826 3958 3943 4012 haec

2351 4056 2473 4100 ante
2500 4047 2637 4100 dicta
2668 4057 2810 4114 sunt,
2844 4063 2908 4102 ne
2933 4048 3051 4102 talia
3080 4050 3354 4116 patiamur.
3384 4049 3590 4103 Etenim
3620 4049 3660 4102 si
3685 4051 3945 4105 voluisset

2351 4139 2536 4204 punire
2576 4139 2733 4202 Deus,
2770 4154 2874 4192 non
2915 4139 3012 4190 ista
3052 4138 3386 4206 prccdixisset
3413 4156 3427 4190 :
3459 4154 3641 4193 verum
3680 4143 3939 4208 quoniam

2348 4226 2516 4278 noluit
2541 4241 2636 4279 nos
2665 4227 2878 4295 adigere
2907 4227 2973 4280 ad
3003 4227 3320 4295 supplicium
3342 4269 3359 4294 ,
3387 4229 3585 4281 idcirco
3605 4229 3851 4298 prmdicit
3885 4241 3940 4284 ut

2351 4315 2694 4381 prtedictione
2720 4316 2980 4384 castigati,
3018 4317 3244 4370 vitemus
3265 4333 3442 4371 rerum
3467 4319 3866 4386 experimenta.

2422 4405 2576 4457 Malis
2599 4421 2790 4472 quoque
2817 4408 2965 4458 datur
2991 4423 3083 4474 pro
3122 4408 3397 4476 benefactis
3420 4425 3605 4462 merces
3640 4411 3835 4477 aliqua.
3869 4441 3941 4452 —

2348 4496 2417 4548 At
2453 4496 2606 4562 cujus
2637 4495 2848 4550 tandem
2878 4497 3045 4565 gratia
3088 4511 3190 4549 non
3219 4497 3380 4560 dixit,
3409 4499 3593 4565 cepisti
3632 4499 3762 4553 bona
3807 4509 3933 4562 tua,

2347 4585 2439 4637 sed
2469 4587 2697 4652 recepisti
2722 4587 2746 4637 1’
2774 4586 3086 4640 Meministis
3124 4587 3286 4653 enim,
3334 4597 3414 4641 sat
3453 4589 3598 4652 scio,
3629 4604 3711 4642 me
3746 4590 3938 4646 dicere

2348 4676 2470 4729 hinc
2501 4677 2654 4729 nobis
2682 4693 2828 4730 mare
2849 4678 3333 4731 considerationum
3360 4693 3607 4746 magnum
3633 4688 3684 4732 et
3707 4680 3940 4734 immen-

2343 4783 2460 4822 Sum
2487 4770 2700 4838 aperiri.
2732 4769 2864 4822 Nam
2895 4769 3009 4822 hmc
3039 4785 3161 4834 vox,
3183 4771 3436 4838 recepisti,
3461 4770 3622 4824 debiti
3649 4771 3932 4838 cujusdam

2343 4859 2780 4927 significationem
2811 4858 3004 4920 habet,
3033 4874 3098 4913 eo
3125 4858 3267 4928 quod
3307 4860 3528 4927 recipiat
3561 4861 3776 4927 aliquis,
3805 4876 3936 4928 quae

2342 4951 2692 5004 debebantur.
2724 4950 2956 5004 Proinde
2985 4951 3028 5002 si
3060 4951 3208 5004 dives
3254 4950 3355 5007 iste
3389 4950 3649 5004 scelestus
3673 4964 3735 5004 ac
3755 4953 3942 5008 sce'e-

2343 5055 2497 5093 rosus
2523 5050 2575 5093 et
2625 5041 2942 5094 inhumanus
2969 5040 3086 5106 fuit,
3125 5039 3474 5110 quamobrem
3521 5054 3627 5093 non
3662 5038 3785 5093 dicit
3817 5038 3933 5105 illi,

2340 5133 2550 5198 cepisti,
2594 5131 2709 5193 sed,
2745 5133 2973 5199 recepisti
3015 5132 3145 5184 bona
3184 5140 3303 5195 tua,
3333 5133 3485 5200 quasi
3510 5131 3630 5200 jure
3659 5130 3733 5184 illi
3775 5145 3924 5185 como

2341 5224 2608 5292 petierint,
2649 5224 2908 5292 quasique
2941 5223 3308 5277 deberentur?
3336 5221 3473 5290 Quid
3512 5223 3667 5291 igitur
3692 5220 3816 5275 hinc
3851 5223 3931 5276 dic

2347 5316 2585 5383 scimus?
2612 5315 2762 5380 Quod
2790 5316 2995 5368 etiamsi
3013 5317 3102 5384 qui
3125 5316 3229 5368 sint
3251 5315 3523 5378 scelerosi,
3546 5315 3611 5368 ad
3634 5324 3928 5412 extremam

2346 5403 2709 5471 improbitatis
2744 5405 2934 5458 lineam
2967 5405 3194 5469 devecti,
3227 5415 3402 5459 tamen
3431 5403 3734 5474 frequenter
3763 5403 3926 5458 unur'n

2339 5495 2576 5562 aliquod,
2608 5494 2779 5550 duove
2805 5505 2895 5549 aut
2924 5497 3016 5549 tria
3051 5496 3324 5550 benefacta
3364 5505 3487 5549 sunt
3513 5496 3740 5564 operati.
3773 5496 3929 5561 Quod

2341 5597 2516 5640 autem
2549 5588 2659 5640 haec
2689 5604 2790 5640 non
2816 5589 3000 5655 loquar
3026 5604 3054 5641 e
3074 5588 3416 5654 coniecturis,
3437 5587 3559 5639 hinc
3587 5587 3928 5653 perspicuum

2341 5685 2439 5729 est.
2473 5676 2605 5742 Quid
2635 5679 2775 5729 enim
2815 5677 2908 5729 fuit
2935 5679 3022 5730 illo
3050 5677 3340 5746 iniquitatis
3374 5677 3552 5744 judice
3575 5673 3896 5728 sceleratius
3919 5714 3934 5737 ,

2341 5765 2464 5837 quid
2522 5767 2892 5830 inhumanius,
2953 5767 3074 5837 quid
3130 5767 3293 5839 magis
3349 5764 3601 5835 impium?
3651 5764 3698 5820 ls
3741 5780 3922 5837 neque
