  <div class='ocr_page' id='page_1' title='image "/cluster/home/n/w/nwhite01/storage/ocr_20150623/48/pst.000005712458/483.png"; bbox 0 0 4142 6332; ppageno 0'>
   <div class='ocr_carea' id='block_1_1' title="bbox 683 386 784 440">
    <p class='ocr_par' dir='ltr' id='par_1_1' title="bbox 683 386 784 440">
     <span class='ocr_line' id='line_1_1' title="bbox 683 386 784 440; baseline -0.05 1"><span class='ocrx_word' id='word_1_1' title='bbox 683 386 784 440; x_wconf 72' lang='lat'>9‘97</span> 
     </span>
    </p>
   </div>
   <div class='ocr_carea' id='block_1_2' title="bbox 686 497 2268 573">
    <p class='ocr_par' dir='ltr' id='par_1_2' title="bbox 686 497 2268 573">
     <span class='ocr_line' id='line_1_2' title="bbox 686 497 2268 573; baseline -0.004 -18"><span class='ocrx_word' id='word_1_2' title='bbox 686 499 1008 572; x_wconf 80' lang='grc' dir='ltr'>ἀνθρώπους</span> <span class='ocrx_word' id='word_1_3' title='bbox 1060 499 1324 572; x_wconf 72' lang='grc' dir='ltr'>ᾐσχύνετο</span> <span class='ocrx_word' id='word_1_4' title='bbox 1351 518 1363 531; x_wconf 91' lang='grc'>·</span> <span class='ocrx_word' id='word_1_5' title='bbox 1413 501 1529 554; x_wconf 81' lang='grc' dir='ltr'>ἀλλ’</span> <span class='ocrx_word' id='word_1_6' title='bbox 1563 503 1713 572; x_wconf 76' lang='grc' dir='ltr'>ὅμως</span> <span class='ocrx_word' id='word_1_7' title='bbox 1749 501 1990 573; x_wconf 75' lang='grc' dir='ltr'>τοσαύτῃ</span> <span class='ocrx_word' id='word_1_8' title='bbox 2031 497 2268 570; x_wconf 75' lang='grc' dir='ltr'>πονηρίᾳ</span> 
     </span>
    </p>
   </div>
   <div class='ocr_carea' id='block_1_3' title="bbox 686 581 2270 657">
    <p class='ocr_par' dir='ltr' id='par_1_3' title="bbox 686 581 2270 657">
     <span class='ocr_line' id='line_1_3' title="bbox 686 581 2270 657; baseline -0.001 -21"><span class='ocrx_word' id='word_1_9' title='bbox 686 583 887 650; x_wconf 81' lang='grc' dir='ltr'>συζῶν,</span> <span class='ocrx_word' id='word_1_10' title='bbox 926 584 1223 656; x_wconf 82' lang='grc' dir='ltr'>είργάσατό</span> <span class='ocrx_word' id='word_1_11' title='bbox 1247 602 1300 638; x_wconf 88' lang='grc' dir='ltr'>τι</span> <span class='ocrx_word' id='word_1_12' title='bbox 1331 584 1516 649; x_wconf 76' lang='grc' dir='ltr'>καλὸν,</span> <span class='ocrx_word' id='word_1_13' title='bbox 1547 585 1644 656; x_wconf 80' lang='grc' dir='ltr'>τὴν</span> <span class='ocrx_word' id='word_1_14' title='bbox 1669 587 1912 657; x_wconf 87' lang='grc' dir='ltr'>συνεχῶς</span> <span class='ocrx_word' id='word_1_15' title='bbox 1943 581 2270 654; x_wconf 75' lang='grc' dir='ltr'>ἐνοχλοῦσαν</span> 
     </span>
    </p>
   </div>
   <div class='ocr_carea' id='block_1_4' title="bbox 683 665 2272 740">
    <p class='ocr_par' dir='ltr' id='par_1_4' title="bbox 683 665 2272 740">
     <span class='ocr_line' id='line_1_4' title="bbox 683 665 2272 740; baseline -0.001 -20"><span class='ocrx_word' id='word_1_16' title='bbox 683 665 846 737; x_wconf 19' lang='grc' dir='ltr'>αὐτῷ,</span> <span class='ocrx_word' id='word_1_17' title='bbox 871 667 1099 739; x_wconf 82' lang='grc' dir='ltr'>ἐλεήσας</span> <span class='ocrx_word' id='word_1_18' title='bbox 1129 670 1325 740; x_wconf 87' lang='grc' dir='ltr'>χήραν,</span> <span class='ocrx_word' id='word_1_19' title='bbox 1358 670 1453 722; x_wconf 73' lang='grc' dir='ltr'>καὶ</span> <span class='ocrx_word' id='word_1_20' title='bbox 1497 668 1790 731; x_wconf 76' lang='grc' dir='ltr'>ἐπινεύσας</span> <span class='ocrx_word' id='word_1_21' title='bbox 1819 671 1885 738; x_wconf 84' lang='grc' dir='ltr'>τῇ</span> <span class='ocrx_word' id='word_1_22' title='bbox 1924 668 2130 738; x_wconf 81' lang='grc' dir='ltr'>χάριτι,</span> <span class='ocrx_word' id='word_1_23' title='bbox 2177 666 2272 719; x_wconf 79' lang='grc' dir='ltr'>καὶ</span> 
     </span>
    </p>
   </div>
   <div class='ocr_carea' id='block_1_5' title="bbox 681 746 2271 822">
    <p class='ocr_par' dir='ltr' id='par_1_5' title="bbox 681 746 2271 822">
     <span class='ocr_line' id='line_1_5' title="bbox 681 746 2271 822; baseline -0.001 -22"><span class='ocrx_word' id='word_1_24' title='bbox 681 746 812 813; x_wconf 82' lang='grc' dir='ltr'>δοὺς</span> <span class='ocrx_word' id='word_1_25' title='bbox 834 749 934 822; x_wconf 81' lang='grc' dir='ltr'>τὴν</span> <span class='ocrx_word' id='word_1_26' title='bbox 955 753 1191 822; x_wconf 84' lang='grc' dir='ltr'>αῐτησιν,</span> <span class='ocrx_word' id='word_1_27' title='bbox 1216 753 1311 808; x_wconf 77' lang='grc' dir='ltr'>καὶ</span> <span class='ocrx_word' id='word_1_28' title='bbox 1339 748 1492 822; x_wconf 69' lang='grc'>[742]</span> <span class='ocrx_word' id='word_1_29' title='bbox 1523 750 1828 816; x_wconf 76' lang='grc' dir='ltr'>ἐπεξελθὼν</span> <span class='ocrx_word' id='word_1_30' title='bbox 1859 754 1969 814; x_wconf 86' lang='grc' dir='ltr'>τοῖς</span> <span class='ocrx_word' id='word_1_31' title='bbox 1995 748 2271 812; x_wconf 83' lang='grc' dir='ltr'>ἀδικοῦσιν</span> 
     </span>
    </p>
   </div>
   <div class='ocr_carea' id='block_1_6' title="bbox 683 827 2269 905">
    <p class='ocr_par' dir='ltr' id='par_1_6' title="bbox 683 827 2269 905">
     <span class='ocr_line' id='line_1_6' title="bbox 683 827 2269 905; baseline 0 -22"><span class='ocrx_word' id='word_1_32' title='bbox 683 830 876 903; x_wconf 88' lang='grc' dir='ltr'>αὐτήν.</span> <span class='ocrx_word' id='word_1_33' title='bbox 916 833 1075 888; x_wconf 74' lang='grc' dir='ltr'>Οὕτω</span> <span class='ocrx_word' id='word_1_34' title='bbox 1104 835 1403 905; x_wconf 79' lang='grc' dir='ltr'>συμϐαίνει</span> <span class='ocrx_word' id='word_1_35' title='bbox 1453 835 1578 889; x_wconf 84' lang='grc' dir='ltr'>τινὰ</span> <span class='ocrx_word' id='word_1_36' title='bbox 1621 835 1921 898; x_wconf 80' lang='grc' dir='ltr'>ἀκόλαστον</span> <span class='ocrx_word' id='word_1_37' title='bbox 1977 834 2076 904; x_wconf 88' lang='grc' dir='ltr'>μέν</span> <span class='ocrx_word' id='word_1_38' title='bbox 2108 827 2269 892; x_wconf 79' lang='grc' dir='ltr'>εῖναι,</span> 
     </span>
    </p>
   </div>
   <div class='ocr_carea' id='block_1_7' title="bbox 684 915 2271 990">
    <p class='ocr_par' dir='ltr' id='par_1_7' title="bbox 684 915 2271 990">
     <span class='ocr_line' id='line_1_7' title="bbox 684 915 2271 990; baseline -0.001 -22"><span class='ocrx_word' id='word_1_39' title='bbox 684 916 954 989; x_wconf 79' lang='grc' dir='ltr'>ἐλεήμονα</span> <span class='ocrx_word' id='word_1_40' title='bbox 984 918 1042 972; x_wconf 85' lang='grc' dir='ltr'>δὲ</span> <span class='ocrx_word' id='word_1_41' title='bbox 1075 918 1336 982; x_wconf 82' lang='grc' dir='ltr'>πολλάκις</span> <span class='ocrx_word' id='word_1_42' title='bbox 1359 936 1372 950; x_wconf 96' lang='grc'>·</span> <span class='ocrx_word' id='word_1_43' title='bbox 1408 918 1441 989; x_wconf 79' lang='grc' dir='ltr'><strong>ἢ</strong></span> <span class='ocrx_word' id='word_1_44' title='bbox 1479 919 1846 990; x_wconf 82' lang='grc' dir='ltr'>ἀπάνθρωπον</span> <span class='ocrx_word' id='word_1_45' title='bbox 1879 919 1997 988; x_wconf 78' lang='grc' dir='ltr'>μὲν,</span> <span class='ocrx_word' id='word_1_46' title='bbox 2020 915 2271 987; x_wconf 71' lang='grc' dir='ltr'>σώφρονα</span> 
     </span>
    </p>
   </div>
   <div class='ocr_carea' id='block_1_8' title="bbox 669 999 2272 1073">
    <p class='ocr_par' dir='ltr' id='par_1_8' title="bbox 669 999 2272 1073">
     <span class='ocr_line' id='line_1_8' title="bbox 669 999 2272 1073; baseline -0.002 -19"><span class='ocrx_word' id='word_1_47' title='bbox 669 999 770 1054; x_wconf 64' lang='grc' dir='ltr'>δέ·</span> <span class='ocrx_word' id='word_1_48' title='bbox 798 1002 867 1054; x_wconf 86' lang='grc' dir='ltr'>εί·</span> <span class='ocrx_word' id='word_1_49' title='bbox 889 1002 945 1056; x_wconf 78' lang='grc' dir='ltr'>δὲ</span> <span class='ocrx_word' id='word_1_50' title='bbox 975 1003 1070 1056; x_wconf 74' lang='grc' dir='ltr'>καὶ</span> <span class='ocrx_word' id='word_1_51' title='bbox 1101 1002 1403 1064; x_wconf 89' lang='grc' dir='ltr'>ἀκόλαστος</span> <span class='ocrx_word' id='word_1_52' title='bbox 1433 1003 1528 1055; x_wconf 71' lang='grc' dir='ltr'>καὶ</span> <span class='ocrx_word' id='word_1_53' title='bbox 1561 1002 1714 1072; x_wconf 78' lang='grc' dir='ltr'>ὠμὸς</span> <span class='ocrx_word' id='word_1_54' title='bbox 1743 1003 1850 1073; x_wconf 73' lang='grc' dir='ltr'>εἴη,</span> <span class='ocrx_word' id='word_1_55' title='bbox 1884 1001 2001 1056; x_wconf 87' lang='grc' dir='ltr'>ἀλλ’</span> <span class='ocrx_word' id='word_1_56' title='bbox 2031 1003 2178 1071; x_wconf 81' lang='grc' dir='ltr'>ὅμως</span> <span class='ocrx_word' id='word_1_57' title='bbox 2212 999 2272 1051; x_wconf 82' lang='grc' dir='ltr'>ἐν</span> 
     </span>
    </p>
   </div>
   <div class='ocr_carea' id='block_1_9' title="bbox 683 1082 2272 1156">
    <p class='ocr_par' dir='ltr' id='par_1_9' title="bbox 683 1082 2272 1156">
     <span class='ocr_line' id='line_1_9' title="bbox 683 1082 2272 1156; baseline 0 -20"><span class='ocrx_word' id='word_1_58' title='bbox 683 1100 736 1137; x_wconf 90' lang='grc' dir='ltr'>τι</span> <span class='ocrx_word' id='word_1_59' title='bbox 765 1085 909 1139; x_wconf 88' lang='grc' dir='ltr'>κατά</span> <span class='ocrx_word' id='word_1_60' title='bbox 939 1085 1027 1139; x_wconf 82' lang='grc' dir='ltr'>τὸν</span> <span class='ocrx_word' id='word_1_61' title='bbox 1056 1085 1172 1156; x_wconf 76' lang='grc' dir='ltr'>βίον</span> <span class='ocrx_word' id='word_1_62' title='bbox 1209 1085 1472 1149; x_wconf 81' lang='grc' dir='ltr'>πολλάκις</span> <span class='ocrx_word' id='word_1_63' title='bbox 1501 1084 1740 1156; x_wconf 76' lang='grc' dir='ltr'>ἔπραξεν</span> <span class='ocrx_word' id='word_1_64' title='bbox 1781 1085 2009 1154; x_wconf 88' lang='grc' dir='ltr'>ἀγαθόν.</span> <span class='ocrx_word' id='word_1_65' title='bbox 2039 1083 2112 1136; x_wconf 84' lang='grc' dir='ltr'>Τὸ</span> <span class='ocrx_word' id='word_1_66' title='bbox 2141 1082 2272 1136; x_wconf 85' lang='grc' dir='ltr'>αὐτὸ</span> 
     </span>
    </p>
   </div>
   <div class='ocr_carea' id='block_1_10' title="bbox 687 1167 2267 1242">
    <p class='ocr_par' dir='ltr' id='par_1_10' title="bbox 687 1167 2267 1242">
     <span class='ocr_line' id='line_1_10' title="bbox 687 1167 2267 1242; baseline -0.001 -21"><span class='ocrx_word' id='word_1_67' title='bbox 687 1168 746 1238; x_wconf 75' lang='grc' dir='ltr'>δὴ</span> <span class='ocrx_word' id='word_1_68' title='bbox 805 1169 967 1223; x_wconf 84' lang='grc' dir='ltr'>πάλιν</span> <span class='ocrx_word' id='word_1_69' title='bbox 1002 1170 1094 1223; x_wconf 78' lang='grc' dir='ltr'>καὶ</span> <span class='ocrx_word' id='word_1_70' title='bbox 1139 1170 1233 1223; x_wconf 66' lang='grc' dir='ltr'>ἐπ)⁸</span> <span class='ocrx_word' id='word_1_71' title='bbox 1265 1169 1373 1222; x_wconf 91' lang='grc' dir='ltr'>τῶν</span> <span class='ocrx_word' id='word_1_72' title='bbox 1408 1182 1433 1210; x_wconf 76' lang='grc' dir='ltr'>α</span> <span class='ocrx_word' id='word_1_73' title='bbox 1473 1169 1727 1242; x_wconf 91' lang='grc' dir='ltr'>χρηστῶν</span> <span class='ocrx_word' id='word_1_74' title='bbox 1760 1167 2088 1222; x_wconf 75' lang='grc' dir='ltr'>ὑποπτεύειν</span> <span class='ocrx_word' id='word_1_75' title='bbox 2139 1168 2267 1240; x_wconf 81' lang='grc' dir='ltr'>χρή.</span> 
     </span>
    </p>
   </div>
   <div class='ocr_carea' id='block_1_11' title="bbox 687 1250 2270 1330">
    <p class='ocr_par' dir='ltr' id='par_1_11' title="bbox 687 1250 2270 1330">
     <span class='ocr_line' id='line_1_11' title="bbox 687 1250 2270 1330; baseline -0.002 -26"><span class='ocrx_word' id='word_1_76' title='bbox 687 1252 951 1324; x_wconf 80' lang='grc' dir='ltr'>Καθάπερ</span> <span class='ocrx_word' id='word_1_77' title='bbox 974 1252 1082 1325; x_wconf 85' lang='grc' dir='ltr'>γὰρ</span> <span class='ocrx_word' id='word_1_78' title='bbox 1106 1255 1156 1306; x_wconf 86' lang='grc' dir='ltr'>οί</span> <span class='ocrx_word' id='word_1_79' title='bbox 1203 1253 1527 1330; x_wconf 75' lang='grc' dir='ltr'>φαυλότατοι</span> <span class='ocrx_word' id='word_1_80' title='bbox 1566 1251 1893 1324; x_wconf 87' lang='grc' dir='ltr'>ἐργάζονταί</span> <span class='ocrx_word' id='word_1_81' title='bbox 1925 1268 1979 1304; x_wconf 91' lang='grc' dir='ltr'>τι</span> <span class='ocrx_word' id='word_1_82' title='bbox 2009 1250 2270 1312; x_wconf 85' lang='grc' dir='ltr'>πολλάκις</span> 
     </span>
    </p>
   </div>
   <div class='ocr_carea' id='block_1_12' title="bbox 683 1333 2268 1406">
    <p class='ocr_par' dir='ltr' id='par_1_12' title="bbox 683 1333 2268 1406">
     <span class='ocr_line' id='line_1_12' title="bbox 683 1333 2268 1406; baseline -0.002 -18"><span class='ocrx_word' id='word_1_83' title='bbox 683 1336 946 1405; x_wconf 84' lang='grc' dir='ltr'>χρηστὸν,</span> <span class='ocrx_word' id='word_1_84' title='bbox 991 1336 1134 1390; x_wconf 77' lang='grc' dir='ltr'>οὕτω</span> <span class='ocrx_word' id='word_1_85' title='bbox 1174 1337 1268 1390; x_wconf 81' lang='grc' dir='ltr'>καὶ</span> <span class='ocrx_word' id='word_1_86' title='bbox 1320 1339 1368 1389; x_wconf 69' lang='lat' dir='ltr'>oi</span> <span class='ocrx_word' id='word_1_87' title='bbox 1423 1337 1702 1389; x_wconf 86' lang='grc' dir='ltr'>σπουδαῖοι</span> <span class='ocrx_word' id='word_1_88' title='bbox 1757 1335 1853 1389; x_wconf 71' lang='grc' dir='ltr'>καὶ</span> <span class='ocrx_word' id='word_1_89' title='bbox 1897 1335 2146 1406; x_wconf 87' lang='grc' dir='ltr'>ἐνὰρετοι</span> <span class='ocrx_word' id='word_1_90' title='bbox 2194 1333 2268 1386; x_wconf 88' lang='grc' dir='ltr'>δι-</span> 
     </span>
    </p>
   </div>
   <div class='ocr_carea' id='block_1_13' title="bbox 680 1417 2268 1489">
    <p class='ocr_par' dir='ltr' id='par_1_13' title="bbox 680 1417 2268 1489">
     <span class='ocr_line' id='line_1_13' title="bbox 680 1417 2268 1489; baseline 0.004 -19"><span class='ocrx_word' id='word_1_91' title='bbox 680 1418 1057 1488; x_wconf 87' lang='grc' dir='ltr'>αμαρτάνουσί</span> <span class='ocrx_word' id='word_1_92' title='bbox 1108 1438 1160 1473; x_wconf 88' lang='grc' dir='ltr'>τι</span> <span class='ocrx_word' id='word_1_93' title='bbox 1211 1419 1493 1482; x_wconf 84' lang='grc' dir='ltr'>πολλάκις.</span> <span class='ocrx_word' id='word_1_94' title='bbox 1559 1419 1656 1485; x_wconf 83' lang='grc' dir='ltr'>Τίς</span> <span class='ocrx_word' id='word_1_95' title='bbox 1711 1417 1822 1489; x_wconf 76' lang='grc' dir='ltr'>γὰρ</span> <span class='ocrx_word' id='word_1_96' title='bbox 1872 1418 2268 1486; x_wconf 72' lang='grc' dir='ltr'>καυχήσεται,</span> 
     </span>
    </p>
   </div>
   <div class='ocr_carea' id='block_1_14' title="bbox 679 1499 2270 1573">
    <p class='ocr_par' dir='ltr' id='par_1_14' title="bbox 679 1499 2270 1573">
     <span class='ocr_line' id='line_1_14' title="bbox 679 1499 2270 1573; baseline -0.001 -19"><span class='ocrx_word' id='word_1_97' title='bbox 679 1504 866 1573; x_wconf 73' lang='grc' dir='ltr'>φησὶν,</span> <span class='ocrx_word' id='word_1_98' title='bbox 894 1502 1092 1572; x_wconf 71' lang='grc' dir='ltr'>ἁγνὴν</span> <span class='ocrx_word' id='word_1_99' title='bbox 1122 1504 1286 1571; x_wconf 79' lang='grc' dir='ltr'>ἔχειν</span> <span class='ocrx_word' id='word_1_100' title='bbox 1315 1503 1429 1571; x_wconf 79' lang='grc' dir='ltr'>τὴν</span> <span class='ocrx_word' id='word_1_101' title='bbox 1445 1503 1722 1571; x_wconf 75' lang='grc' dir='ltr'>καρδίαν,</span> <span class='ocrx_word' id='word_1_102' title='bbox 1754 1503 1792 1571; x_wconf 81' lang='grc' dir='ltr'><em>ἢ</em></span> <span class='ocrx_word' id='word_1_103' title='bbox 1822 1502 1912 1568; x_wconf 81' lang='grc' dir='ltr'>τίς</span> <span class='ocrx_word' id='word_1_104' title='bbox 1941 1499 2270 1570; x_wconf 71' lang='grc' dir='ltr'>παρρησιάρ</span> 
     </span>
    </p>
   </div>
   <div class='ocr_carea' id='block_1_15' title="bbox 677 1583 1826 1655">
    <p class='ocr_par' dir='ltr' id='par_1_15' title="bbox 677 1583 1826 1655">
     <span class='ocr_line' id='line_1_15' title="bbox 677 1583 1826 1655; baseline 0.003 -19"><span class='ocrx_word' id='word_1_105' title='bbox 677 1599 848 1637; x_wconf 85' lang='grc' dir='ltr'>σεται</span> <span class='ocrx_word' id='word_1_106' title='bbox 882 1587 1140 1654; x_wconf 83' lang='grc' dir='ltr'>καθαρὸς</span> <span class='ocrx_word' id='word_1_107' title='bbox 1171 1583 1324 1640; x_wconf 77' lang='grc' dir='ltr'>εἶναι</span> <span class='ocrx_word' id='word_1_108' title='bbox 1349 1587 1468 1640; x_wconf 80' lang='grc' dir='ltr'>ἀπὸ</span> <span class='ocrx_word' id='word_1_109' title='bbox 1497 1586 1786 1655; x_wconf 79' lang='grc' dir='ltr'>ἁμαρτίας</span> <span class='ocrx_word' id='word_1_110' title='bbox 1812 1602 1826 1648; x_wconf 90' lang='grc'><strong>;</strong></span> 
     </span>
    </p>
   </div>
   <div class='ocr_carea' id='block_1_16' title="bbox 761 1665 2265 1739">
    <p class='ocr_par' dir='ltr' id='par_1_16' title="bbox 761 1665 2265 1739">
     <span class='ocr_line' id='line_1_16' title="bbox 761 1665 2265 1739; baseline -0.001 -19"><span class='ocrx_word' id='word_1_111' title='bbox 761 1670 916 1721; x_wconf 75' lang='grc' dir='ltr'>Ἐπεὶ</span> <span class='ocrx_word' id='word_1_112' title='bbox 941 1666 1038 1722; x_wconf 76' lang='grc' dir='ltr'>οὖν</span> <span class='ocrx_word' id='word_1_113' title='bbox 1086 1670 1231 1732; x_wconf 84' lang='grc' dir='ltr'>είκὸς</span> <span class='ocrx_word' id='word_1_114' title='bbox 1253 1665 1321 1739; x_wconf 83' lang='grc' dir='ltr'>ἦν</span> <span class='ocrx_word' id='word_1_115' title='bbox 1361 1672 1452 1722; x_wconf 81' lang='grc' dir='ltr'>καὶ</span> <span class='ocrx_word' id='word_1_116' title='bbox 1485 1670 1574 1722; x_wconf 85' lang='grc' dir='ltr'>τὸν</span> <span class='ocrx_word' id='word_1_117' title='bbox 1617 1668 1896 1732; x_wconf 91' lang='grc' dir='ltr'>πλούσιον,</span> <span class='ocrx_word' id='word_1_118' title='bbox 1928 1669 1977 1720; x_wconf 88' lang='grc' dir='ltr'>εί</span> <span class='ocrx_word' id='word_1_119' title='bbox 2009 1667 2104 1720; x_wconf 77' lang='grc' dir='ltr'>καὶ</span> <span class='ocrx_word' id='word_1_120' title='bbox 2131 1667 2265 1736; x_wconf 83' lang='grc' dir='ltr'>πρὸς</span> 
     </span>
    </p>
   </div>
   <div class='ocr_carea' id='block_1_17' title="bbox 670 1750 2262 1824">
    <p class='ocr_par' dir='ltr' id='par_1_17' title="bbox 670 1750 2262 1824">
     <span class='ocr_line' id='line_1_17' title="bbox 670 1750 2262 1824; baseline -0.001 -21"><span class='ocrx_word' id='word_1_121' title='bbox 670 1751 904 1821; x_wconf 72' lang='grc' dir='ltr'>ἔσχατον</span> <span class='ocrx_word' id='word_1_122' title='bbox 939 1753 1192 1823; x_wconf 86' lang='grc' dir='ltr'>ἐληλάκει</span> <span class='ocrx_word' id='word_1_123' title='bbox 1226 1750 1511 1824; x_wconf 79' lang='grc' dir='ltr'>πονηρίας,</span> <span class='ocrx_word' id='word_1_124' title='bbox 1544 1751 1887 1823; x_wconf 86' lang='grc' dir='ltr'>ἐργάσασθαί</span> <span class='ocrx_word' id='word_1_125' title='bbox 1938 1768 1991 1804; x_wconf 89' lang='grc' dir='ltr'>τι</span> <span class='ocrx_word' id='word_1_126' title='bbox 2039 1750 2262 1818; x_wconf 81' lang='grc' dir='ltr'>ἀγαθὸν,</span> 
     </span>
    </p>
   </div>
   <div class='ocr_carea' id='block_1_18' title="bbox 679 1835 2266 1908">
    <p class='ocr_par' dir='ltr' id='par_1_18' title="bbox 679 1835 2266 1908">
     <span class='ocr_line' id='line_1_18' title="bbox 679 1835 2266 1908; baseline -0.001 -20"><span class='ocrx_word' id='word_1_127' title='bbox 679 1837 772 1888; x_wconf 75' lang='grc' dir='ltr'>καὶ</span> <span class='ocrx_word' id='word_1_128' title='bbox 813 1837 904 1889; x_wconf 87' lang='lat' dir='ltr'><em>16v</em></span> <span class='ocrx_word' id='word_1_129' title='bbox 939 1836 1210 1906; x_wconf 78' lang='grc' dir='ltr'>Λάζαρον,</span> <span class='ocrx_word' id='word_1_130' title='bbox 1259 1838 1307 1889; x_wconf 89' lang='grc' dir='ltr'>εί</span> <span class='ocrx_word' id='word_1_131' title='bbox 1349 1837 1445 1890; x_wconf 74' lang='grc' dir='ltr'>καὶ</span> <span class='ocrx_word' id='word_1_132' title='bbox 1493 1837 1629 1908; x_wconf 83' lang='grc' dir='ltr'>πρὸς</span> <span class='ocrx_word' id='word_1_133' title='bbox 1667 1836 1837 1907; x_wconf 84' lang='grc' dir='ltr'>ἀκρον</span> <span class='ocrx_word' id='word_1_134' title='bbox 1875 1835 2105 1904; x_wconf 83' lang='grc' dir='ltr'>ἀφίκετο</span> <span class='ocrx_word' id='word_1_135' title='bbox 2139 1835 2266 1906; x_wconf 68' lang='grc' dir='ltr'>ἁρεη</span> 
     </span>
    </p>
   </div>
   <div class='ocr_carea' id='block_1_19' title="bbox 677 1917 2266 1990">
    <p class='ocr_par' dir='ltr' id='par_1_19' title="bbox 677 1917 2266 1990">
     <span class='ocr_line' id='line_1_19' title="bbox 677 1917 2266 1990; baseline 0.001 -22"><span class='ocrx_word' id='word_1_136' title='bbox 677 1917 774 1988; x_wconf 84' lang='grc' dir='ltr'>τῆς</span> <span class='ocrx_word' id='word_1_137' title='bbox 801 1917 852 1981; x_wconf 71' lang='grc' dir='ltr'>δ,</span> <span class='ocrx_word' id='word_1_138' title='bbox 884 1919 1264 1990; x_wconf 77' lang='grc' dir='ltr'>ἡμαρτηκέναι</span> <span class='ocrx_word' id='word_1_139' title='bbox 1299 1936 1353 1972; x_wconf 92' lang='grc' dir='ltr'>τι</span> <span class='ocrx_word' id='word_1_140' title='bbox 1409 1920 1626 1990; x_wconf 73' lang='grc' dir='ltr'>μικρὸν,</span> <span class='ocrx_word' id='word_1_141' title='bbox 1669 1921 1772 1990; x_wconf 83' lang='grc' dir='ltr'>ὅρα</span> <span class='ocrx_word' id='word_1_142' title='bbox 1816 1917 1935 1982; x_wconf 89' lang='grc' dir='ltr'>πῶς</span> <span class='ocrx_word' id='word_1_143' title='bbox 1979 1918 2266 1989; x_wconf 88' lang='grc' dir='ltr'>ἀμφότερα</span> 
     </span>
    </p>
   </div>
   <div class='ocr_carea' id='block_1_20' title="bbox 677 2001 2267 2075">
    <p class='ocr_par' dir='ltr' id='par_1_20' title="bbox 677 2001 2267 2075">
     <span class='ocr_line' id='line_1_20' title="bbox 677 2001 2267 2075; baseline 0 -21"><span class='ocrx_word' id='word_1_144' title='bbox 677 2001 847 2054; x_wconf 87' lang='grc' dir='ltr'>ταῦτα</span> <span class='ocrx_word' id='word_1_145' title='bbox 881 2003 1103 2072; x_wconf 76' lang='grc' dir='ltr'>ᾐνίξατο</span> <span class='ocrx_word' id='word_1_146' title='bbox 1128 2007 1155 2056; x_wconf 98' lang='lat'>6</span> <span class='ocrx_word' id='word_1_147' title='bbox 1193 2004 1560 2075; x_wconf 82' lang='grc' dir='ltr'>πατριάρχης,</span> <span class='ocrx_word' id='word_1_148' title='bbox 1594 2004 1783 2068; x_wconf 86' lang='grc' dir='ltr'>εἰπὼν,</span> <span class='ocrx_word' id='word_1_149' title='bbox 1813 2004 1892 2056; x_wconf 79' lang='grc' dir='ltr'>ὅτι</span> <span class='ocrx_word' id='word_1_150' title='bbox 1926 2002 2133 2056; x_wconf 77' lang='grc' dir='ltr'>Καίσὺ</span> <span class='ocrx_word' id='word_1_151' title='bbox 2154 2003 2267 2055; x_wconf 82' lang='grc' dir='ltr'>ἁπ-</span> 
     </span>
    </p>
   </div>
   <div class='ocr_carea' id='block_1_21' title="bbox 674 2083 2266 2156">
    <p class='ocr_par' dir='ltr' id='par_1_21' title="bbox 674 2083 2266 2156">
     <span class='ocr_line' id='line_1_21' title="bbox 674 2083 2266 2156; baseline -0.002 -15"><span class='ocrx_word' id='word_1_152' title='bbox 674 2088 888 2153; x_wconf 73' lang='grc' dir='ltr'>έλαϐες</span> <span class='ocrx_word' id='word_1_153' title='bbox 917 2086 989 2139; x_wconf 83' lang='grc' dir='ltr'>τὰ</span> <span class='ocrx_word' id='word_1_154' title='bbox 1017 2087 1209 2156; x_wconf 78' lang='grc' dir='ltr'>ἁγαθά</span> <span class='ocrx_word' id='word_1_155' title='bbox 1246 2103 1362 2142; x_wconf 84' lang='grc' dir='ltr'>σου</span> <span class='ocrx_word' id='word_1_156' title='bbox 1388 2089 1458 2140; x_wconf 82' lang='grc' dir='ltr'>ὲν</span> <span class='ocrx_word' id='word_1_157' title='bbox 1481 2087 1554 2155; x_wconf 81' lang='grc' dir='ltr'>τῇ</span> <span class='ocrx_word' id='word_1_158' title='bbox 1591 2085 1706 2155; x_wconf 81' lang='grc' dir='ltr'>ζωῇ</span> <span class='ocrx_word' id='word_1_159' title='bbox 1737 2103 1874 2151; x_wconf 93' lang='grc' dir='ltr'>σου,</span> <span class='ocrx_word' id='word_1_160' title='bbox 1898 2086 1997 2141; x_wconf 78' lang='grc' dir='ltr'>καί</span> <span class='ocrx_word' id='word_1_161' title='bbox 2026 2089 2058 2140; x_wconf 85' lang='grc' dir='ltr'>ό</span> <span class='ocrx_word' id='word_1_162' title='bbox 2082 2083 2266 2145; x_wconf 60' lang='lat' dir='ltr'><strong><em>Adfa-</em></strong></span> 
     </span>
    </p>
   </div>
   <div class='ocr_carea' id='block_1_22' title="bbox 672 2170 2264 2240">
    <p class='ocr_par' dir='ltr' id='par_1_22' title="bbox 672 2170 2264 2240">
     <span class='ocr_line' id='line_1_22' title="bbox 672 2170 2264 2240; baseline -0.002 -16"><span class='ocrx_word' id='word_1_163' title='bbox 672 2189 779 2240; x_wconf 86' lang='grc' dir='ltr'>ρος</span> <span class='ocrx_word' id='word_1_164' title='bbox 809 2171 1025 2240; x_wconf 81' lang='grc' dir='ltr'>ὁμοίως</span> <span class='ocrx_word' id='word_1_165' title='bbox 1064 2172 1134 2224; x_wconf 84' lang='grc' dir='ltr'>τὰ</span> <span class='ocrx_word' id='word_1_166' title='bbox 1158 2171 1343 2224; x_wconf 78' lang='grc' dir='ltr'>κακά.</span> <span class='ocrx_word' id='word_1_167' title='bbox 1374 2173 1440 2224; x_wconf 81' lang='grc' dir='ltr'>ὐ</span> <span class='ocrx_word' id='word_1_168' title='bbox 1466 2172 1526 2225; x_wconf 84' lang='grc' dir='ltr'>δέ</span> <span class='ocrx_word' id='word_1_169' title='bbox 1555 2171 1705 2239; x_wconf 88' lang='grc' dir='ltr'>λέγει</span> <span class='ocrx_word' id='word_1_170' title='bbox 1731 2171 1890 2224; x_wconf 91' lang='grc' dir='ltr'>τοῦτό</span> <span class='ocrx_word' id='word_1_171' title='bbox 1919 2173 2087 2223; x_wconf 82' lang='grc' dir='ltr'>ἐστιν·</span> <span class='ocrx_word' id='word_1_172' title='bbox 2124 2170 2190 2222; x_wconf 70' lang='lat' dir='ltr'>Et</span> <span class='ocrx_word' id='word_1_173' title='bbox 2211 2187 2264 2221; x_wconf 86' lang='grc' dir='ltr'>τι</span> 
     </span>
    </p>
   </div>
   <div class='ocr_carea' id='block_1_23' title="bbox 676 2251 2265 2327">
    <p class='ocr_par' dir='ltr' id='par_1_23' title="bbox 676 2251 2265 2327">
     <span class='ocr_line' id='line_1_23' title="bbox 676 2251 2265 2327; baseline -0.002 -19"><span class='ocrx_word' id='word_1_174' title='bbox 676 2255 772 2308; x_wconf 74' lang='grc' dir='ltr'>καὶ</span> <span class='ocrx_word' id='word_1_175' title='bbox 813 2254 878 2306; x_wconf 75' lang='grc' dir='ltr'>σύ</span> <span class='ocrx_word' id='word_1_176' title='bbox 911 2254 1118 2322; x_wconf 82' lang='grc' dir='ltr'>ἀγαθὸν</span> <span class='ocrx_word' id='word_1_177' title='bbox 1141 2255 1402 2327; x_wconf 81' lang='grc' dir='ltr'>εἰργάσω,</span> <span class='ocrx_word' id='word_1_178' title='bbox 1447 2253 1543 2307; x_wconf 72' lang='grc' dir='ltr'>καὶ</span> <span class='ocrx_word' id='word_1_179' title='bbox 1580 2253 1846 2323; x_wconf 78' lang='grc' dir='ltr'>ὡφείλετό</span> <span class='ocrx_word' id='word_1_180' title='bbox 1888 2270 1969 2306; x_wconf 89' lang='grc' dir='ltr'>σοι</span> <span class='ocrx_word' id='word_1_181' title='bbox 2008 2251 2201 2305; x_wconf 90' lang='grc' dir='ltr'>τούτου</span> <span class='ocrx_word' id='word_1_182' title='bbox 2237 2255 2265 2305; x_wconf 89' lang='grc' dir='ltr'>ὁ</span> 
     </span>
    </p>
   </div>
   <div class='ocr_carea' id='block_1_24' title="bbox 678 2337 2261 2410">
    <p class='ocr_par' dir='ltr' id='par_1_24' title="bbox 678 2337 2261 2410">
     <span class='ocr_line' id='line_1_24' title="bbox 678 2337 2261 2410; baseline -0.001 -20"><span class='ocrx_word' id='word_1_183' title='bbox 678 2338 891 2408; x_wconf 80' lang='grc' dir='ltr'>μισθὸς,</span> <span class='ocrx_word' id='word_1_184' title='bbox 925 2339 1102 2393; x_wconf 89' lang='grc' dir='ltr'>πάντα</span> <span class='ocrx_word' id='word_1_185' title='bbox 1131 2338 1305 2392; x_wconf 89' lang='grc' dir='ltr'>ταῦτα</span> <span class='ocrx_word' id='word_1_186' title='bbox 1327 2341 1384 2392; x_wconf 90' lang='grc' dir='ltr'>ἐν</span> <span class='ocrx_word' id='word_1_187' title='bbox 1413 2339 1609 2409; x_wconf 87' lang='grc' dir='ltr'>ἐκείνῳ</span> <span class='ocrx_word' id='word_1_188' title='bbox 1636 2338 1715 2410; x_wconf 84' lang='grc' dir='ltr'>τῷ</span> <span class='ocrx_word' id='word_1_189' title='bbox 1741 2338 1933 2408; x_wconf 86' lang='grc' dir='ltr'>κόσμῳ</span> <span class='ocrx_word' id='word_1_190' title='bbox 1967 2337 2261 2403; x_wconf 88' lang='grc' dir='ltr'>ἀπέλαϐες,</span> 
     </span>
    </p>
   </div>
   <div class='ocr_carea' id='block_1_25' title="bbox 673 2421 2262 2494">
    <p class='ocr_par' dir='ltr' id='par_1_25' title="bbox 673 2421 2262 2494">
     <span class='ocr_line' id='line_1_25' title="bbox 673 2421 2262 2494; baseline -0.001 -18"><span class='ocrx_word' id='word_1_191' title='bbox 673 2421 916 2493; x_wconf 74' lang='grc' dir='ltr'>τρυφῶν,</span> <span class='ocrx_word' id='word_1_192' title='bbox 948 2423 1216 2488; x_wconf 86' lang='grc' dir='ltr'>πλουτῶν,</span> <span class='ocrx_word' id='word_1_193' title='bbox 1259 2423 1561 2494; x_wconf 79' lang='grc' dir='ltr'>εὐημερίας</span> <span class='ocrx_word' id='word_1_194' title='bbox 1593 2421 1884 2476; x_wconf 83' lang='grc' dir='ltr'>ἀπολαύων</span> <span class='ocrx_word' id='word_1_195' title='bbox 1926 2423 2018 2475; x_wconf 76' lang='grc' dir='ltr'>καὶ</span> <span class='ocrx_word' id='word_1_196' title='bbox 2057 2423 2262 2491; x_wconf 73' lang='grc' dir='ltr'>εὐπρα-</span> 
     </span>
    </p>
   </div>
   <div class='ocr_carea' id='block_1_26' title="bbox 674 2500 2264 2581">
    <p class='ocr_par' dir='ltr' id='par_1_26' title="bbox 674 2500 2264 2581">
     <span class='ocr_line' id='line_1_26' title="bbox 674 2500 2264 2581; baseline 0.001 -23"><span class='ocrx_word' id='word_1_197' title='bbox 674 2507 800 2574; x_wconf 87' lang='grc' dir='ltr'>γίας</span> <span class='ocrx_word' id='word_1_198' title='bbox 835 2505 1054 2576; x_wconf 81' lang='grc' dir='ltr'>πολλῆς·</span> <span class='ocrx_word' id='word_1_199' title='bbox 1086 2508 1177 2558; x_wconf 73' lang='grc' dir='ltr'>καὶ</span> <span class='ocrx_word' id='word_1_200' title='bbox 1207 2500 1361 2569; x_wconf 73' lang='grc' dir='ltr'>οὗτος</span> <span class='ocrx_word' id='word_1_201' title='bbox 1392 2506 1514 2558; x_wconf 77' lang='grc' dir='ltr'>εἴτι</span> <span class='ocrx_word' id='word_1_202' title='bbox 1543 2505 1711 2559; x_wconf 80' lang='grc' dir='ltr'>κακὸν</span> <span class='ocrx_word' id='word_1_203' title='bbox 1745 2504 2061 2581; x_wconf 76' lang='grc' dir='ltr'>εἰργάσατο,</span> <span class='ocrx_word' id='word_1_204' title='bbox 2089 2508 2264 2560; x_wconf 90' lang='grc' dir='ltr'>πάντα</span> 
     </span>
    </p>
   </div>
   <div class='ocr_carea' id='block_1_27' title="bbox 675 2588 2263 2659">
    <p class='ocr_par' dir='ltr' id='par_1_27' title="bbox 675 2588 2263 2659">
     <span class='ocr_line' id='line_1_27' title="bbox 675 2588 2263 2659; baseline 0.001 -17"><span class='ocrx_word' id='word_1_205' title='bbox 675 2589 951 2643; x_wconf 79' lang='grc' dir='ltr'>ἀπέλαϐεν</span> <span class='ocrx_word' id='word_1_206' title='bbox 997 2592 1054 2642; x_wconf 83' lang='grc' dir='ltr'>ἐν</span> <span class='ocrx_word' id='word_1_207' title='bbox 1090 2590 1251 2659; x_wconf 74' lang='grc' dir='ltr'>πενίᾳ</span> <span class='ocrx_word' id='word_1_208' title='bbox 1294 2591 1388 2642; x_wconf 68' lang='grc' dir='ltr'>καὶ</span> <span class='ocrx_word' id='word_1_209' title='bbox 1415 2588 1557 2659; x_wconf 84' lang='grc' dir='ltr'>λιμῷ</span> <span class='ocrx_word' id='word_1_210' title='bbox 1603 2589 1696 2644; x_wconf 76' lang='grc' dir='ltr'>καὶ</span> <span class='ocrx_word' id='word_1_211' title='bbox 1727 2593 1841 2652; x_wconf 92' lang='grc' dir='ltr'>τοῖς</span> <span class='ocrx_word' id='word_1_212' title='bbox 1877 2591 2128 2659; x_wconf 76' lang='grc' dir='ltr'>ἐσχάτοις</span> <span class='ocrx_word' id='word_1_213' title='bbox 2165 2609 2263 2644; x_wconf 90' lang='grc' dir='ltr'>τα-</span> 
     </span>
    </p>
   </div>
   <div class='ocr_carea' id='block_1_28' title="bbox 673 2672 2263 2744">
    <p class='ocr_par' dir='ltr' id='par_1_28' title="bbox 673 2672 2263 2744">
     <span class='ocr_line' id='line_1_28' title="bbox 673 2672 2263 2744; baseline 0.001 -19"><span class='ocrx_word' id='word_1_214' title='bbox 673 2672 1124 2744; x_wconf 84' lang='grc' dir='ltr'>λαιπωρούμενος</span> <span class='ocrx_word' id='word_1_215' title='bbox 1155 2676 1363 2736; x_wconf 86' lang='grc' dir='ltr'>κακοῖς·</span> <span class='ocrx_word' id='word_1_216' title='bbox 1415 2675 1509 2725; x_wconf 77' lang='grc' dir='ltr'>καὶ</span> <span class='ocrx_word' id='word_1_217' title='bbox 1555 2673 1763 2742; x_wconf 85' lang='grc' dir='ltr'>γυμνὸς</span> <span class='ocrx_word' id='word_1_218' title='bbox 1804 2674 2064 2744; x_wconf 80' lang='grc' dir='ltr'>ἑκάτερος</span> <span class='ocrx_word' id='word_1_219' title='bbox 2111 2673 2263 2744; x_wconf 90' lang='grc' dir='ltr'>ὑμῶν</span> 
     </span>
    </p>
   </div>
   <div class='ocr_carea' id='block_1_29' title="bbox 674 2755 2263 2827">
    <p class='ocr_par' dir='ltr' id='par_1_29' title="bbox 674 2755 2263 2827">
     <span class='ocr_line' id='line_1_29' title="bbox 674 2755 2263 2827; baseline 0.001 -20"><span class='ocrx_word' id='word_1_220' title='bbox 674 2757 906 2809; x_wconf 85' lang='grc' dir='ltr'>ἐνταῦθα</span> <span class='ocrx_word' id='word_1_221' title='bbox 958 2758 1205 2824; x_wconf 83' lang='grc' dir='ltr'>ἀφῖκται,</span> <span class='ocrx_word' id='word_1_222' title='bbox 1253 2757 1460 2819; x_wconf 83' lang='grc' dir='ltr'>ἐκεῖνος</span> <span class='ocrx_word' id='word_1_223' title='bbox 1503 2757 1601 2826; x_wconf 84' lang='grc' dir='ltr'>μὲν</span> <span class='ocrx_word' id='word_1_224' title='bbox 1640 2755 2078 2827; x_wconf 82' lang='grc' dir='ltr'>ἁμαρτημάτων,</span> <span class='ocrx_word' id='word_1_225' title='bbox 2113 2757 2177 2809; x_wconf 81' lang='grc' dir='ltr'>σὺ</span> <span class='ocrx_word' id='word_1_226' title='bbox 2208 2756 2263 2809; x_wconf 83' lang='grc' dir='ltr'>δὲ</span> 
     </span>
    </p>
   </div>
   <div class='ocr_carea' id='block_1_30' title="bbox 672 2833 2263 2910">
    <p class='ocr_par' dir='ltr' id='par_1_30' title="bbox 672 2833 2263 2910">
     <span class='ocr_line' id='line_1_30' title="bbox 672 2833 2263 2910; baseline 0 -20"><span class='ocrx_word' id='word_1_227' title='bbox 672 2839 1019 2909; x_wconf 83' lang='grc' dir='ltr'>δικαιοσύνης</span> <span class='ocrx_word' id='word_1_228' title='bbox 1077 2839 1540 2910; x_wconf 87' lang='grc' dir='ltr'>κατορθωμάτων.</span> <span class='ocrx_word' id='word_1_229' title='bbox 1605 2839 1703 2891; x_wconf 88' lang='grc' dir='ltr'>Διὰ</span> <span class='ocrx_word' id='word_1_230' title='bbox 1753 2839 1910 2891; x_wconf 90' lang='grc' dir='ltr'>τοῦτο</span> <span class='ocrx_word' id='word_1_231' title='bbox 1957 2840 2050 2892; x_wconf 76' lang='grc' dir='ltr'>καὶ</span> <span class='ocrx_word' id='word_1_232' title='bbox 2109 2833 2263 2901; x_wconf 73' lang='grc' dir='ltr'>οὗτος</span> 
     </span>
    </p>
   </div>
   <div class='ocr_carea' id='block_1_31' title="bbox 674 2921 2260 2994">
    <p class='ocr_par' dir='ltr' id='par_1_31' title="bbox 674 2921 2260 2994">
     <span class='ocr_line' id='line_1_31' title="bbox 674 2921 2260 2994; baseline 0 -20"><span class='ocrx_word' id='word_1_233' title='bbox 674 2921 922 2994; x_wconf 86' lang='grc' dir='ltr'>καθαρὰν</span> <span class='ocrx_word' id='word_1_234' title='bbox 946 2923 1057 2993; x_wconf 79' lang='grc' dir='ltr'>ἔχει</span> <span class='ocrx_word' id='word_1_235' title='bbox 1086 2924 1184 2993; x_wconf 81' lang='grc' dir='ltr'>τὴν</span> <span class='ocrx_word' id='word_1_236' title='bbox 1211 2922 1575 2992; x_wconf 83' lang='grc' dir='ltr'>παράκλησιν,</span> <span class='ocrx_word' id='word_1_237' title='bbox 1600 2922 1695 2976; x_wconf 71' lang='grc' dir='ltr'>καὶ</span> <span class='ocrx_word' id='word_1_238' title='bbox 1723 2923 1786 2974; x_wconf 82' lang='grc' dir='ltr'>σὺ</span> <span class='ocrx_word' id='word_1_239' title='bbox 1824 2922 2260 2993; x_wconf 78' lang='grc' dir='ltr'>ἀπαραμύθητον</span> 
     </span>
    </p>
   </div>
   <div class='ocr_carea' id='block_1_32' title="bbox 674 3005 2262 3076">
    <p class='ocr_par' dir='ltr' id='par_1_32' title="bbox 674 3005 2262 3076">
     <span class='ocr_line' id='line_1_32' title="bbox 674 3005 2262 3076; baseline -0.003 -17"><span class='ocrx_word' id='word_1_240' title='bbox 674 3006 970 3076; x_wconf 85' lang='grc' dir='ltr'>ὑπομένεις</span> <span class='ocrx_word' id='word_1_241' title='bbox 999 3005 1097 3076; x_wconf 80' lang='grc' dir='ltr'>τὴν</span> <span class='ocrx_word' id='word_1_242' title='bbox 1126 3006 1417 3076; x_wconf 81' lang='grc' dir='ltr'>τιμωρίαν.</span> <span class='ocrx_word' id='word_1_243' title='bbox 1458 3006 1627 3058; x_wconf 90' lang='grc' dir='ltr'>Ὅταν</span> <span class='ocrx_word' id='word_1_244' title='bbox 1650 3005 1760 3075; x_wconf 86' lang='grc' dir='ltr'>γὰρ</span> <span class='ocrx_word' id='word_1_245' title='bbox 1784 3005 1959 3076; x_wconf 86' lang='grc' dir='ltr'>μικρὰ</span> <span class='ocrx_word' id='word_1_246' title='bbox 1994 3006 2087 3058; x_wconf 63' lang='grc' dir='ltr'>καί¹</span> <span class='ocrx_word' id='word_1_247' title='bbox 2110 3006 2262 3056; x_wconf 89' lang='grc' dir='ltr'>εὐτε-</span> 
     </span>
    </p>
   </div>
   <div class='ocr_carea' id='block_1_33' title="bbox 672 3083 2261 3161">
    <p class='ocr_par' dir='ltr' id='par_1_33' title="bbox 672 3083 2261 3161">
     <span class='ocr_line' id='line_1_33' title="bbox 672 3083 2261 3161; baseline -0.003 -18"><span class='ocrx_word' id='word_1_248' title='bbox 672 3091 740 3160; x_wconf 84' lang='grc' dir='ltr'>λῆ</span> <span class='ocrx_word' id='word_1_249' title='bbox 769 3091 836 3143; x_wconf 89' lang='grc' dir='ltr'>τὰ</span> <span class='ocrx_word' id='word_1_250' title='bbox 864 3089 1266 3160; x_wconf 83' lang='grc' dir='ltr'>κατορθώματα</span> <span class='ocrx_word' id='word_1_251' title='bbox 1291 3092 1322 3159; x_wconf 84' lang='grc' dir='ltr'><strong>ή</strong></span> <span class='ocrx_word' id='word_1_252' title='bbox 1333 3089 1446 3159; x_wconf 89' lang='grc' dir='ltr'>μῶν</span> <span class='ocrx_word' id='word_1_253' title='bbox 1464 3083 1518 3161; x_wconf 82' lang='grc' dir='ltr'>ᾗ,</span> <span class='ocrx_word' id='word_1_254' title='bbox 1545 3090 1639 3142; x_wconf 70' lang='grc' dir='ltr'>καὶ</span> <span class='ocrx_word' id='word_1_255' title='bbox 1668 3089 1835 3152; x_wconf 85' lang='grc' dir='ltr'>πολὺς</span> <span class='ocrx_word' id='word_1_256' title='bbox 1868 3090 1961 3141; x_wconf 71' lang='grc' dir='ltr'>καὶ</span> <span class='ocrx_word' id='word_1_257' title='bbox 1996 3088 2202 3158; x_wconf 81' lang='grc' dir='ltr'>ἄφατος</span> <span class='ocrx_word' id='word_1_258' title='bbox 2235 3090 2261 3140; x_wconf 90' lang='lat'>6</span> 
     </span>
    </p>
   </div>
   <div class='ocr_carea' id='block_1_34' title="bbox 672 3167 2262 3244">
    <p class='ocr_par' dir='ltr' id='par_1_34' title="bbox 672 3167 2262 3244">
     <span class='ocr_line' id='line_1_34' title="bbox 672 3167 2262 3244; baseline -0.001 -18"><span class='ocrx_word' id='word_1_259' title='bbox 672 3174 781 3226; x_wconf 90' lang='grc' dir='ltr'>τῶν</span> <span class='ocrx_word' id='word_1_260' title='bbox 839 3173 1251 3244; x_wconf 82' lang='grc' dir='ltr'>ἁμαρτημάτων</span> <span class='ocrx_word' id='word_1_261' title='bbox 1303 3173 1487 3240; x_wconf 70' lang='grc' dir='ltr'>ὄγκος,</span> <span class='ocrx_word' id='word_1_262' title='bbox 1527 3167 1646 3225; x_wconf 76' lang='grc' dir='ltr'>εἶτα</span> <span class='ocrx_word' id='word_1_263' title='bbox 1693 3171 1926 3226; x_wconf 87' lang='grc' dir='ltr'>ἐνταῦθα</span> <span class='ocrx_word' id='word_1_264' title='bbox 1953 3171 2262 3242; x_wconf 80' lang='grc' dir='ltr'>εὐπραγίας</span> 
     </span>
    </p>
   </div>
   <div class='ocr_carea' id='block_1_35' title="bbox 672 3257 2260 3328">
    <p class='ocr_par' dir='ltr' id='par_1_35' title="bbox 672 3257 2260 3328">
     <span class='ocr_line' id='line_1_35' title="bbox 672 3257 2260 3328; baseline -0.001 -17"><span class='ocrx_word' id='word_1_265' title='bbox 672 3257 1092 3328; x_wconf 84' lang='grc' dir='ltr'>ἀπολαύσωμεν,</span> <span class='ocrx_word' id='word_1_266' title='bbox 1126 3257 1221 3309; x_wconf 75' lang='grc' dir='ltr'>καὶ</span> <span class='ocrx_word' id='word_1_267' title='bbox 1255 3257 1420 3327; x_wconf 86' lang='grc' dir='ltr'>μηδὲν</span> <span class='ocrx_word' id='word_1_268' title='bbox 1449 3257 1712 3327; x_wconf 85' lang='grc' dir='ltr'>πάθωμεν</span> <span class='ocrx_word' id='word_1_269' title='bbox 1733 3257 1933 3328; x_wconf 75' lang='grc' dir='ltr'>δεινὸν,</span> <span class='ocrx_word' id='word_1_270' title='bbox 1965 3258 2059 3310; x_wconf 72' lang='grc' dir='ltr'>καὶ</span> <span class='ocrx_word' id='word_1_271' title='bbox 2089 3259 2260 3327; x_wconf 83' lang='grc' dir='ltr'>αὐτῆς</span> 
     </span>
    </p>
   </div>
   <div class='ocr_carea' id='block_1_36' title="bbox 670 3323 2259 3412">
    <p class='ocr_par' dir='ltr' id='par_1_36' title="bbox 670 3323 2259 3412">
     <span class='ocr_line' id='line_1_36' title="bbox 670 3323 2259 3412; baseline 0 -20"><span class='ocrx_word' id='word_1_272' title='bbox 670 3341 778 3392; x_wconf 87' lang='grc' dir='ltr'>τῶν</span> <span class='ocrx_word' id='word_1_273' title='bbox 810 3323 1031 3408; x_wconf 89' lang='grc' dir='ltr'>ἀγαθῶν</span> <span class='ocrx_word' id='word_1_274' title='bbox 1054 3340 1153 3409; x_wconf 76' lang='grc' dir='ltr'>τῆς</span> <span class='ocrx_word' id='word_1_275' title='bbox 1183 3323 1416 3410; x_wconf 77' lang='grc' dir='ltr'>ἀμοιϐῆς</span> <span class='ocrx_word' id='word_1_276' title='bbox 1450 3323 1646 3411; x_wconf 79' lang='grc' dir='ltr'>ἔρημοι</span> <span class='ocrx_word' id='word_1_277' title='bbox 1681 3323 1775 3394; x_wconf 78' lang='grc' dir='ltr'>κά¹ι</span> <span class='ocrx_word' id='word_1_278' title='bbox 1803 3343 1999 3412; x_wconf 86' lang='grc' dir='ltr'>γυμνοὶ</span> <span class='ocrx_word' id='word_1_279' title='bbox 2039 3323 2259 3404; x_wconf 83' lang='grc' dir='ltr'>πάντως</span> 
     </span>
    </p>
   </div>
   <div class='ocr_carea' id='block_1_37' title="bbox 672 3423 2258 3495">
    <p class='ocr_par' dir='ltr' id='par_1_37' title="bbox 672 3423 2258 3495">
     <span class='ocr_line' id='line_1_37' title="bbox 672 3423 2258 3495; baseline 0 -19"><span class='ocrx_word' id='word_1_280' title='bbox 672 3423 1108 3495; x_wconf 83' lang='grc' dir='ltr'>ἀπελευσόμεθα,</span> <span class='ocrx_word' id='word_1_281' title='bbox 1141 3425 1316 3477; x_wconf 88' lang='grc' dir='ltr'>πάντα</span> <span class='ocrx_word' id='word_1_282' title='bbox 1341 3435 1361 3462; x_wconf 77' lang='grc' dir='ltr'><strong>ο</strong></span> <span class='ocrx_word' id='word_1_283' title='bbox 1399 3424 1631 3477; x_wconf 88' lang='grc' dir='ltr'>ἐνταῦθα</span> <span class='ocrx_word' id='word_1_284' title='bbox 1654 3424 2044 3488; x_wconf 88' lang='grc' dir='ltr'>ἀπολαϐόντες·</span> <span class='ocrx_word' id='word_1_285' title='bbox 2068 3424 2258 3494; x_wconf 85' lang='grc' dir='ltr'>ὥσπερ</span> 
     </span>
    </p>
   </div>
   <div class='ocr_carea' id='block_1_38' title="bbox 671 3505 2254 3582">
    <p class='ocr_par' dir='ltr' id='par_1_38' title="bbox 671 3505 2254 3582">
     <span class='ocr_line' id='line_1_38' title="bbox 671 3505 2254 3582; baseline -0.001 -21"><span class='ocrx_word' id='word_1_286' title='bbox 671 3507 765 3563; x_wconf 76' lang='grc' dir='ltr'>οὖν</span> <span class='ocrx_word' id='word_1_287' title='bbox 781 3511 913 3562; x_wconf 68' lang='grc' dir='ltr'>ὅταν</span> <span class='ocrx_word' id='word_1_288' title='bbox 943 3509 1157 3579; x_wconf 82' lang='grc' dir='ltr'>μεγάλα</span> <span class='ocrx_word' id='word_1_289' title='bbox 1199 3509 1298 3578; x_wconf 82' lang='grc' dir='ltr'>μὲν</span> <span class='ocrx_word' id='word_1_290' title='bbox 1396 3508 1463 3561; x_wconf 81' lang='grc' dir='ltr'>τὰ</span> <span class='ocrx_word' id='word_1_291' title='bbox 1502 3509 1902 3580; x_wconf 80' lang='grc' dir='ltr'>κατορθώματα</span> <span class='ocrx_word' id='word_1_292' title='bbox 1931 3508 2024 3563; x_wconf 77' lang='grc' dir='ltr'>καὶ</span> <span class='ocrx_word' id='word_1_293' title='bbox 2062 3508 2254 3573; x_wconf 80' lang='grc' dir='ltr'>πολλὰ,</span> 
     </span>
    </p>
   </div>
   <div class='ocr_carea' id='block_1_39' title="bbox 603 3589 2258 3664">
    <p class='ocr_par' dir='ltr' id='par_1_39' title="bbox 603 3589 2258 3664">
     <span class='ocr_line' id='line_1_39' title="bbox 603 3589 2258 3664; baseline 0.001 -19"><span class='ocrx_word' id='word_1_294' title='bbox 603 3603 625 3620; x_wconf 80' lang='grc'><em>¹</em></span> <span class='ocrx_word' id='word_1_295' title='bbox 676 3592 848 3663; x_wconf 82' lang='grc' dir='ltr'>μικρά</span> <span class='ocrx_word' id='word_1_296' title='bbox 888 3593 942 3645; x_wconf 85' lang='grc' dir='ltr'>δὲ</span> <span class='ocrx_word' id='word_1_297' title='bbox 975 3594 1067 3645; x_wconf 79' lang='grc' dir='ltr'>καὶ</span> <span class='ocrx_word' id='word_1_298' title='bbox 1100 3592 1292 3662; x_wconf 84' lang='grc' dir='ltr'>εὐτελῆ</span> <span class='ocrx_word' id='word_1_299' title='bbox 1323 3593 1388 3644; x_wconf 88' lang='grc' dir='ltr'>τά</span> <span class='ocrx_word' id='word_1_300' title='bbox 1424 3593 1816 3663; x_wconf 81' lang='grc' dir='ltr'>ἁμαρτήματα,</span> <span class='ocrx_word' id='word_1_301' title='bbox 1845 3589 1964 3646; x_wconf 74' lang='grc' dir='ltr'>εἶτα</span> <span class='ocrx_word' id='word_1_302' title='bbox 1996 3593 2258 3664; x_wconf 75' lang='grc' dir='ltr'>πάθωμεν</span> 
     </span>
    </p>
   </div>
   <div class='ocr_carea' id='block_1_40' title="bbox 671 3676 2256 3747">
    <p class='ocr_par' dir='ltr' id='par_1_40' title="bbox 671 3676 2256 3747">
     <span class='ocr_line' id='line_1_40' title="bbox 671 3676 2256 3747; baseline 0.001 -19"><span class='ocrx_word' id='word_1_303' title='bbox 671 3695 723 3728; x_wconf 81' lang='grc' dir='ltr'>τι</span> <span class='ocrx_word' id='word_1_304' title='bbox 760 3677 952 3741; x_wconf 82' lang='grc' dir='ltr'>δεινὸν,</span> <span class='ocrx_word' id='word_1_305' title='bbox 997 3678 1085 3729; x_wconf 67' lang='grc' dir='ltr'>καὶ</span> <span class='ocrx_word' id='word_1_306' title='bbox 1123 3677 1263 3729; x_wconf 83' lang='grc' dir='ltr'>αὑτὰ</span> <span class='ocrx_word' id='word_1_307' title='bbox 1307 3676 1375 3728; x_wconf 76' lang='grc' dir='ltr'>τὰ</span> <span class='ocrx_word' id='word_1_308' title='bbox 1419 3676 1592 3747; x_wconf 86' lang='grc' dir='ltr'>μικρά</span> <span class='ocrx_word' id='word_1_309' title='bbox 1632 3677 1867 3730; x_wconf 79' lang='grc' dir='ltr'>ἐνταῦθα</span> <span class='ocrx_word' id='word_1_310' title='bbox 1908 3678 2256 3747; x_wconf 73' lang='grc' dir='ltr'>ἀποθέμενοι,</span> 
     </span>
    </p>
   </div>
   <div class='ocr_carea' id='block_1_41' title="bbox 676 3759 2256 3830">
    <p class='ocr_par' dir='ltr' id='par_1_41' title="bbox 676 3759 2256 3830">
     <span class='ocr_line' id='line_1_41' title="bbox 676 3759 2256 3830; baseline 0 -18"><span class='ocrx_word' id='word_1_311' title='bbox 676 3759 922 3830; x_wconf 74' lang='grc' dir='ltr'>καθαράν</span> <span class='ocrx_word' id='word_1_312' title='bbox 948 3759 1040 3812; x_wconf 74' lang='grc' dir='ltr'>καὶ</span> <span class='ocrx_word' id='word_1_313' title='bbox 1069 3759 1485 3829; x_wconf 80' lang='grc' dir='ltr'>ἀπηρτισμένην</span> <span class='ocrx_word' id='word_1_314' title='bbox 1514 3761 1627 3811; x_wconf 88' lang='grc' dir='ltr'>ἐκεῖ</span> <span class='ocrx_word' id='word_1_315' title='bbox 1658 3761 1756 3829; x_wconf 77' lang='grc' dir='ltr'>τὴν</span> <span class='ocrx_word' id='word_1_316' title='bbox 1788 3762 1894 3813; x_wconf 90' lang='grc' dir='ltr'>τῶν</span> <span class='ocrx_word' id='word_1_317' title='bbox 1918 3760 2139 3829; x_wconf 84' lang='grc' dir='ltr'>ἀγαθῶν</span> <span class='ocrx_word' id='word_1_318' title='bbox 2165 3761 2256 3830; x_wconf 82' lang='grc' dir='ltr'>ἔρ-</span> 
     </span>
    </p>
   </div>
   <div class='ocr_carea' id='block_1_42' title="bbox 671 3840 2259 3917">
    <p class='ocr_par' dir='ltr' id='par_1_42' title="bbox 671 3840 2259 3917">
     <span class='ocr_line' id='line_1_42' title="bbox 671 3840 2259 3917; baseline 0 -22"><span class='ocrx_word' id='word_1_319' title='bbox 671 3862 782 3912; x_wconf 86' lang='grc' dir='ltr'>γων</span> <span class='ocrx_word' id='word_1_320' title='bbox 817 3843 1275 3914; x_wconf 80' lang='grc' dir='ltr'>ἀπολαμϐάνομεν</span> <span class='ocrx_word' id='word_1_321' title='bbox 1317 3844 1602 3898; x_wconf 85' lang='grc' dir='ltr'>ἀντίδοσιν.</span> <span class='ocrx_word' id='word_1_322' title='bbox 1637 3844 1807 3900; x_wconf 71' lang='grc' dir='ltr'>’ἱΟταν</span> <span class='ocrx_word' id='word_1_323' title='bbox 1844 3840 1937 3897; x_wconf 82' lang='grc' dir='ltr'>οῦν</span> <span class='ocrx_word' id='word_1_324' title='bbox 1975 3847 2090 3917; x_wconf 72' lang='grc' dir='ltr'>ἴδῃς</span> <span class='ocrx_word' id='word_1_325' title='bbox 2133 3843 2259 3896; x_wconf 89' lang='grc' dir='ltr'>τινὰ</span> 
     </span>
    </p>
   </div>
   <div class='ocr_carea' id='block_1_43' title="bbox 673 3926 2257 3998">
    <p class='ocr_par' dir='ltr' id='par_1_43' title="bbox 673 3926 2257 3998">
     <span class='ocr_line' id='line_1_43' title="bbox 673 3926 2257 3998; baseline 0.003 -22"><span class='ocrx_word' id='word_1_326' title='bbox 673 3927 852 3990; x_wconf 83' lang='grc' dir='ltr'>ζῶντα</span> <span class='ocrx_word' id='word_1_327' title='bbox 886 3927 983 3996; x_wconf 85' lang='grc' dir='ltr'>μὲν</span> <span class='ocrx_word' id='word_1_328' title='bbox 1029 3928 1086 3978; x_wconf 91' lang='grc' dir='ltr'>ἐν</span> <span class='ocrx_word' id='word_1_329' title='bbox 1129 3926 1382 3996; x_wconf 69' lang='grc' dir='ltr'>πονηρίᾳ,</span> <span class='ocrx_word' id='word_1_330' title='bbox 1419 3927 1585 3996; x_wconf 80' lang='grc' dir='ltr'>μηδὲν</span> <span class='ocrx_word' id='word_1_331' title='bbox 1625 3928 1681 3979; x_wconf 83' lang='grc' dir='ltr'>δὲ</span> <span class='ocrx_word' id='word_1_332' title='bbox 1709 3927 1945 3980; x_wconf 89' lang='grc' dir='ltr'>ἐνταῦθα</span> <span class='ocrx_word' id='word_1_333' title='bbox 1978 3926 2257 3998; x_wconf 80' lang='grc' dir='ltr'>πάσχοντα</span> 
     </span>
    </p>
   </div>
   <div class='ocr_carea' id='block_1_44' title="bbox 670 4010 2253 4082">
    <p class='ocr_par' dir='ltr' id='par_1_44' title="bbox 670 4010 2253 4082">
     <span class='ocr_line' id='line_1_44' title="bbox 670 4010 2253 4082; baseline 0.001 -19"><span class='ocrx_word' id='word_1_334' title='bbox 670 4010 864 4073; x_wconf 81' lang='grc' dir='ltr'>δεινὸν,</span> <span class='ocrx_word' id='word_1_335' title='bbox 903 4010 976 4080; x_wconf 77' lang='grc' dir='ltr'>μὴ</span> <span class='ocrx_word' id='word_1_336' title='bbox 1005 4011 1335 4081; x_wconf 81' lang='grc' dir='ltr'>μακαρίσῃς,</span> <span class='ocrx_word' id='word_1_337' title='bbox 1373 4011 1510 4063; x_wconf 86' lang='grc' dir='ltr'>ἀλλὰ</span> <span class='ocrx_word' id='word_1_338' title='bbox 1548 4012 1817 4082; x_wconf 87' lang='grc' dir='ltr'>δάκρυσον</span> <span class='ocrx_word' id='word_1_339' title='bbox 1842 4012 1937 4064; x_wconf 72' lang='grc' dir='ltr'>καὶ</span> <span class='ocrx_word' id='word_1_340' title='bbox 1963 4011 2253 4082; x_wconf 68' lang='grc' dir='ltr'>θρήνησον,</span> 
     </span>
    </p>
   </div>
   <div class='ocr_carea' id='block_1_45' title="bbox 670 4094 2256 4169">
    <p class='ocr_par' dir='ltr' id='par_1_45' title="bbox 670 4094 2256 4169">
     <span class='ocr_line' id='line_1_45' title="bbox 670 4094 2256 4169; baseline 0.002 -21"><span class='ocrx_word' id='word_1_341' title='bbox 670 4095 746 4159; x_wconf 85' lang='grc' dir='ltr'>ὡς</span> <span class='ocrx_word' id='word_1_342' title='bbox 796 4095 973 4148; x_wconf 89' lang='grc' dir='ltr'>πάντα</span> <span class='ocrx_word' id='word_1_343' title='bbox 1021 4097 1137 4148; x_wconf 85' lang='grc' dir='ltr'>ἐκεῖ</span> <span class='ocrx_word' id='word_1_344' title='bbox 1186 4094 1254 4147; x_wconf 77' lang='grc' dir='ltr'>τὰ</span> <span class='ocrx_word' id='word_1_345' title='bbox 1302 4095 1450 4148; x_wconf 87' lang='grc' dir='ltr'>δεινὰ</span> <span class='ocrx_word' id='word_1_346' title='bbox 1487 4095 1948 4167; x_wconf 84' lang='grc' dir='ltr'>ὑποστησόμενον·</span> <span class='ocrx_word' id='word_1_347' title='bbox 2002 4098 2256 4169; x_wconf 86' lang='grc' dir='ltr'>καθάπερ</span> 
     </span>
    </p>
   </div>
   <div class='ocr_carea' id='block_1_46' title="bbox 669 4172 2257 4253">
    <p class='ocr_par' dir='ltr' id='par_1_46' title="bbox 669 4172 2257 4253">
     <span class='ocr_line' id='line_1_46' title="bbox 669 4172 2257 4253; baseline 0.001 -20"><span class='ocrx_word' id='word_1_348' title='bbox 669 4175 763 4233; x_wconf 81' lang='grc' dir='ltr'>οὖν</span> <span class='ocrx_word' id='word_1_349' title='bbox 822 4179 916 4231; x_wconf 71' lang='grc' dir='ltr'>καὶ</span> <span class='ocrx_word' id='word_1_350' title='bbox 972 4179 1000 4229; x_wconf 90' lang='lat'>6</span> <span class='ocrx_word' id='word_1_351' title='bbox 1051 4178 1302 4241; x_wconf 89' lang='grc' dir='ltr'>πλούσιος</span> <span class='ocrx_word' id='word_1_352' title='bbox 1353 4172 1527 4241; x_wconf 72' lang='grc' dir='ltr'>οὗτος.</span> <span class='ocrx_word' id='word_1_353' title='bbox 1579 4180 1748 4232; x_wconf 84' lang='grc' dir='ltr'>Πάλιν</span> <span class='ocrx_word' id='word_1_354' title='bbox 1790 4182 1916 4234; x_wconf 84' lang='grc' dir='ltr'>ὃταν</span> <span class='ocrx_word' id='word_1_355' title='bbox 1965 4181 2080 4253; x_wconf 78' lang='grc' dir='ltr'>ἴδῃς</span> <span class='ocrx_word' id='word_1_356' title='bbox 2135 4182 2257 4235; x_wconf 84' lang='grc' dir='ltr'>τινὰ</span> 
     </span>
    </p>
   </div>
   <div class='ocr_carea' id='block_1_47' title="bbox 667 4261 2256 4336">
    <p class='ocr_par' dir='ltr' id='par_1_47' title="bbox 667 4261 2256 4336">
     <span class='ocr_line' id='line_1_47' title="bbox 667 4261 2256 4336; baseline 0.001 -18"><span class='ocrx_word' id='word_1_357' title='bbox 667 4262 872 4336; x_wconf 83' lang='grc' dir='ltr'>ἀρετῆς</span> <span class='ocrx_word' id='word_1_358' title='bbox 896 4261 1342 4332; x_wconf 78' lang='grc' dir='ltr'>ἐπιμελούμενον,</span> <span class='ocrx_word' id='word_1_359' title='bbox 1376 4263 1466 4314; x_wconf 74' lang='grc' dir='ltr'>καὶ</span> <span class='ocrx_word' id='word_1_360' title='bbox 1501 4264 1730 4334; x_wconf 86' lang='grc' dir='ltr'>μυρίους</span> <span class='ocrx_word' id='word_1_361' title='bbox 1759 4265 2100 4335; x_wconf 83' lang='grc' dir='ltr'>ὑπομένοντα</span> <span class='ocrx_word' id='word_1_362' title='bbox 2137 4283 2256 4320; x_wconf 91' lang='grc' dir='ltr'>πει-</span> 
     </span>
    </p>
   </div>
   <div class='ocr_carea' id='block_1_48' title="bbox 674 4346 2255 4422">
    <p class='ocr_par' dir='ltr' id='par_1_48' title="bbox 674 4346 2255 4422">
     <span class='ocr_line' id='line_1_48' title="bbox 674 4346 2255 4422; baseline 0.004 -24"><span class='ocrx_word' id='word_1_363' title='bbox 674 4348 939 4418; x_wconf 84' lang='grc' dir='ltr'>ρασμοὺς,</span> <span class='ocrx_word' id='word_1_364' title='bbox 977 4347 1300 4416; x_wconf 89' lang='grc' dir='ltr'>μακάρισον,</span> <span class='ocrx_word' id='word_1_365' title='bbox 1338 4346 1602 4416; x_wconf 87' lang='grc' dir='ltr'>ζήλωσον,</span> <span class='ocrx_word' id='word_1_366' title='bbox 1636 4349 1710 4411; x_wconf 86' lang='grc' dir='ltr'>ῶς</span> <span class='ocrx_word' id='word_1_367' title='bbox 1737 4351 1829 4401; x_wconf 66' lang='grc' dir='ltr'>καὶ</span> <span class='ocrx_word' id='word_1_368' title='bbox 1861 4348 1970 4402; x_wconf 90' lang='grc' dir='ltr'>τῶν</span> <span class='ocrx_word' id='word_1_369' title='bbox 2003 4351 2255 4422; x_wconf 88' lang='grc' dir='ltr'>ἁμαρτη-</span> 
     </span>
    </p>
   </div>
   <div class='ocr_carea' id='block_1_49' title="bbox 676 4429 2256 4502">
    <p class='ocr_par' dir='ltr' id='par_1_49' title="bbox 676 4429 2256 4502">
     <span class='ocr_line' id='line_1_49' title="bbox 676 4429 2256 4502; baseline 0.003 -19"><span class='ocrx_word' id='word_1_370' title='bbox 676 4432 858 4500; x_wconf 74' lang='grc' dir='ltr'>μάτων</span> <span class='ocrx_word' id='word_1_371' title='bbox 894 4429 1040 4500; x_wconf 75' lang='grc' dir='ltr'>αὐτῷ</span> <span class='ocrx_word' id='word_1_372' title='bbox 1071 4433 1286 4485; x_wconf 86' lang='grc' dir='ltr'>πάντων</span> <span class='ocrx_word' id='word_1_373' title='bbox 1308 4430 1542 4484; x_wconf 87' lang='grc' dir='ltr'>ἐνταῦθα</span> <span class='ocrx_word' id='word_1_374' title='bbox 1572 4431 1959 4502; x_wconf 87' lang='grc' dir='ltr'>διαλυομένων,</span> <span class='ocrx_word' id='word_1_375' title='bbox 2003 4435 2100 4487; x_wconf 79' lang='grc' dir='ltr'>καὶ</span> <span class='ocrx_word' id='word_1_376' title='bbox 2130 4437 2256 4488; x_wconf 88' lang='grc' dir='ltr'>πολ-</span> 
     </span>
    </p>
   </div>
   <div class='ocr_carea' id='block_1_50' title="bbox 669 4515 2252 4590">
    <p class='ocr_par' dir='ltr' id='par_1_50' title="bbox 669 4515 2252 4590">
     <span class='ocr_line' id='line_1_50' title="bbox 669 4515 2252 4590; baseline 0.003 -23"><span class='ocrx_word' id='word_1_377' title='bbox 669 4515 777 4568; x_wconf 88' lang='grc' dir='ltr'>λῶν</span> <span class='ocrx_word' id='word_1_378' title='bbox 802 4516 899 4586; x_wconf 85' lang='grc' dir='ltr'>τῆς</span> <span class='ocrx_word' id='word_1_379' title='bbox 934 4515 1212 4586; x_wconf 83' lang='grc' dir='ltr'>ὑπομονῆς</span> <span class='ocrx_word' id='word_1_380' title='bbox 1258 4516 1697 4587; x_wconf 78' lang='grc' dir='ltr'>ἑτοιμαζομένων</span> <span class='ocrx_word' id='word_1_381' title='bbox 1735 4519 1852 4569; x_wconf 88' lang='grc' dir='ltr'>ἐκεῖ</span> <span class='ocrx_word' id='word_1_382' title='bbox 1882 4518 1989 4571; x_wconf 90' lang='grc' dir='ltr'>τῶν</span> <span class='ocrx_word' id='word_1_383' title='bbox 2021 4519 2252 4590; x_wconf 86' lang='grc' dir='ltr'>μισθῶν·</span> 
     </span>
    </p>
   </div>
   <div class='ocr_carea' id='block_1_51' title="bbox 669 4595 2063 4670">
    <p class='ocr_par' dir='ltr' id='par_1_51' title="bbox 669 4595 2063 4670">
     <span class='ocr_line' id='line_1_51' title="bbox 669 4595 2063 4670; baseline 0.001 -17"><span class='ocrx_word' id='word_1_384' title='bbox 669 4601 859 4670; x_wconf 84' lang='grc' dir='ltr'>ῶσπερ</span> <span class='ocrx_word' id='word_1_385' title='bbox 882 4595 974 4651; x_wconf 80' lang='grc' dir='ltr'>οὖν</span> <span class='ocrx_word' id='word_1_386' title='bbox 999 4601 1088 4651; x_wconf 69' lang='grc' dir='ltr'>καὶ</span> <span class='ocrx_word' id='word_1_387' title='bbox 1113 4598 1205 4651; x_wconf 76' lang='grc' dir='ltr'>ἐπὶ</span> <span class='ocrx_word' id='word_1_388' title='bbox 1228 4599 1320 4651; x_wconf 84' lang='grc' dir='ltr'>τοῦ</span> <span class='ocrx_word' id='word_1_389' title='bbox 1353 4601 1604 4670; x_wconf 81' lang='grc' dir='ltr'>Λαζάρου</span> <span class='ocrx_word' id='word_1_390' title='bbox 1631 4599 1822 4652; x_wconf 85' lang='grc' dir='ltr'>τούτου</span> <span class='ocrx_word' id='word_1_391' title='bbox 1851 4601 2063 4669; x_wconf 90' lang='grc' dir='ltr'>γέγονε.</span> 
     </span>
    </p>
   </div>
   <div class='ocr_carea' id='block_1_52' title="bbox 739 4681 2252 4757">
    <p class='ocr_par' dir='ltr' id='par_1_52' title="bbox 739 4681 2252 4757">
     <span class='ocr_line' id='line_1_52' title="bbox 739 4681 2252 4757; baseline 0.005 -22"><span class='ocrx_word' id='word_1_392' title='bbox 739 4681 796 4736; x_wconf 87' lang='grc' dir='ltr'>ε’.</span> <span class='ocrx_word' id='word_1_393' title='bbox 820 4683 940 4735; x_wconf 86' lang='grc' dir='ltr'>Τῶν</span> <span class='ocrx_word' id='word_1_394' title='bbox 965 4681 1071 4752; x_wconf 84' lang='grc' dir='ltr'>γὰρ</span> <span class='ocrx_word' id='word_1_395' title='bbox 1109 4682 1409 4754; x_wconf 85' lang='grc' dir='ltr'>ἀνθρώπων</span> <span class='ocrx_word' id='word_1_396' title='bbox 1436 4684 1484 4736; x_wconf 64' lang='lat' dir='ltr'>of.</span> <span class='ocrx_word' id='word_1_397' title='bbox 1515 4683 1613 4753; x_wconf 85' lang='grc' dir='ltr'>μὲν</span> <span class='ocrx_word' id='word_1_398' title='bbox 1629 4683 1863 4738; x_wconf 88' lang='grc' dir='ltr'>ἐνταῦθα</span> <span class='ocrx_word' id='word_1_399' title='bbox 1884 4685 2252 4757; x_wconf 77' lang='grc' dir='ltr'>τιμωροῦνται</span> 
     </span>
    </p>
   </div>
   <div class='ocr_carea' id='block_1_53' title="bbox 680 4766 2253 4838">
    <p class='ocr_par' dir='ltr' id='par_1_53' title="bbox 680 4766 2253 4838">
     <span class='ocr_line' id='line_1_53' title="bbox 680 4766 2253 4838; baseline 0.004 -19"><span class='ocrx_word' id='word_1_400' title='bbox 680 4766 856 4828; x_wconf 68' lang='grc' dir='ltr'>μόνον,</span> <span class='ocrx_word' id='word_1_401' title='bbox 888 4769 935 4818; x_wconf 82' lang='grc' dir='ltr'>οἱ</span> <span class='ocrx_word' id='word_1_402' title='bbox 966 4767 1020 4818; x_wconf 81' lang='grc' dir='ltr'>δὲ</span> <span class='ocrx_word' id='word_1_403' title='bbox 1052 4766 1286 4819; x_wconf 88' lang='grc' dir='ltr'>ἐνταῦθα</span> <span class='ocrx_word' id='word_1_404' title='bbox 1322 4768 1419 4836; x_wconf 83' lang='grc' dir='ltr'>μὲν</span> <span class='ocrx_word' id='word_1_405' title='bbox 1443 4768 1592 4820; x_wconf 82' lang='grc' dir='ltr'>οὐδὲν</span> <span class='ocrx_word' id='word_1_406' title='bbox 1619 4769 1889 4838; x_wconf 89' lang='grc' dir='ltr'>πάσχουσι</span> <span class='ocrx_word' id='word_1_407' title='bbox 1926 4770 2118 4829; x_wconf 69' lang='grc' dir='ltr'>δεινὸν.</span> <span class='ocrx_word' id='word_1_408' title='bbox 2149 4774 2253 4825; x_wconf 78' lang='grc' dir='ltr'>πᾶ-</span> 
     </span>
    </p>
   </div>
   <div class='ocr_carea' id='block_1_54' title="bbox 678 4850 2253 4921">
    <p class='ocr_par' dir='ltr' id='par_1_54' title="bbox 678 4850 2253 4921">
     <span class='ocr_line' id='line_1_54' title="bbox 678 4850 2253 4921; baseline 0.003 -17"><span class='ocrx_word' id='word_1_409' title='bbox 678 4865 771 4904; x_wconf 70' lang='grc' dir='ltr'>ιαν</span> <span class='ocrx_word' id='word_1_410' title='bbox 805 4850 862 4902; x_wconf 77' lang='grc' dir='ltr'>δὲ</span> <span class='ocrx_word' id='word_1_411' title='bbox 897 4852 1014 4902; x_wconf 78' lang='grc' dir='ltr'>ἐκεῖ</span> <span class='ocrx_word' id='word_1_412' title='bbox 1039 4853 1137 4920; x_wconf 83' lang='grc' dir='ltr'>τὴν</span> <span class='ocrx_word' id='word_1_413' title='bbox 1165 4851 1432 4921; x_wconf 86' lang='grc' dir='ltr'>τιμωρίαν</span> <span class='ocrx_word' id='word_1_414' title='bbox 1463 4851 1965 4921; x_wconf 84' lang='grc' dir='ltr'>ἀπολαμϐάνουσιν,</span> <span class='ocrx_word' id='word_1_415' title='bbox 2001 4856 2049 4907; x_wconf 74' lang='grc' dir='ltr'>οἱ</span> <span class='ocrx_word' id='word_1_416' title='bbox 2078 4855 2133 4908; x_wconf 85' lang='grc' dir='ltr'>δέ</span> <span class='ocrx_word' id='word_1_417' title='bbox 2161 4858 2253 4909; x_wconf 74' lang='grc' dir='ltr'>καὶ</span> 
     </span>
    </p>
   </div>
   <div class='ocr_carea' id='block_1_55' title="bbox 671 4931 2253 5009">
    <p class='ocr_par' dir='ltr' id='par_1_55' title="bbox 671 4931 2253 5009">
     <span class='ocr_line' id='line_1_55' title="bbox 671 4931 2253 5009; baseline 0.004 -24"><span class='ocrx_word' id='word_1_418' title='bbox 671 4933 902 4988; x_wconf 88' lang='grc' dir='ltr'>ἐνταῦθα</span> <span class='ocrx_word' id='word_1_419' title='bbox 927 4933 1019 4987; x_wconf 70' lang='grc' dir='ltr'>καὶ</span> <span class='ocrx_word' id='word_1_420' title='bbox 1042 4935 1157 4986; x_wconf 88' lang='grc' dir='ltr'>ἐκεῖ</span> <span class='ocrx_word' id='word_1_421' title='bbox 1178 4933 1515 4995; x_wconf 82' lang='grc' dir='ltr'>κολάζονται,</span> <span class='ocrx_word' id='word_1_422' title='bbox 1553 4934 1718 4998; x_wconf 76' lang='grc' dir='ltr'>Τίνας</span> <span class='ocrx_word' id='word_1_423' title='bbox 1739 4931 1830 4988; x_wconf 79' lang='grc' dir='ltr'>οὖν</span> <span class='ocrx_word' id='word_1_424' title='bbox 1855 4939 1918 4989; x_wconf 87' lang='grc' dir='ltr'>ἐκ</span> <span class='ocrx_word' id='word_1_425' title='bbox 1943 4938 2053 4990; x_wconf 88' lang='grc' dir='ltr'>τῶν</span> <span class='ocrx_word' id='word_1_426' title='bbox 2085 4941 2253 5009; x_wconf 85' lang='grc' dir='ltr'>τριῶν</span> 
     </span>
    </p>
   </div>
   <div class='ocr_carea' id='block_1_56' title="bbox 673 5016 2253 5088">
    <p class='ocr_par' dir='ltr' id='par_1_56' title="bbox 673 5016 2253 5088">
     <span class='ocr_line' id='line_1_56' title="bbox 673 5016 2253 5088; baseline 0.003 -18"><span class='ocrx_word' id='word_1_427' title='bbox 673 5018 1005 5087; x_wconf 84' lang='grc' dir='ltr'>μακαρίζετε</span> <span class='ocrx_word' id='word_1_428' title='bbox 1038 5017 1279 5081; x_wconf 86' lang='grc' dir='ltr'>τούτων;</span> <span class='ocrx_word' id='word_1_429' title='bbox 1340 5018 1595 5087; x_wconf 85' lang='grc' dir='ltr'>Πρώτους</span> <span class='ocrx_word' id='word_1_430' title='bbox 1631 5019 1729 5088; x_wconf 82' lang='grc' dir='ltr'>μέν</span> <span class='ocrx_word' id='word_1_431' title='bbox 1768 5016 1826 5074; x_wconf 81' lang='grc' dir='ltr'>εὑ</span> <span class='ocrx_word' id='word_1_432' title='bbox 1877 5017 1974 5074; x_wconf 73' lang='grc' dir='ltr'>οἷδ’</span> <span class='ocrx_word' id='word_1_433' title='bbox 2007 5023 2089 5074; x_wconf 83' lang='grc' dir='ltr'>ὅτι</span> <span class='ocrx_word' id='word_1_434' title='bbox 2128 5025 2253 5087; x_wconf 81' lang='grc' dir='ltr'>τοὺς</span> 
     </span>
    </p>
   </div>
   <div class='ocr_carea' id='block_1_57' title="bbox 670 5101 2252 5178">
    <p class='ocr_par' dir='ltr' id='par_1_57' title="bbox 670 5101 2252 5178">
     <span class='ocr_line' id='line_1_57' title="bbox 670 5101 2252 5178; baseline 0.004 -25"><span class='ocrx_word' id='word_1_435' title='bbox 670 5101 902 5154; x_wconf 84' lang='grc' dir='ltr'>ἐνταῦθα</span> <span class='ocrx_word' id='word_1_436' title='bbox 941 5101 1334 5175; x_wconf 76' lang='grc' dir='ltr'>κολαζομένους</span> <span class='ocrx_word' id='word_1_437' title='bbox 1362 5101 1456 5153; x_wconf 73' lang='grc' dir='ltr'>καὶ</span> <span class='ocrx_word' id='word_1_438' title='bbox 1487 5101 1941 5174; x_wconf 81' lang='grc' dir='ltr'>ἀποτιθεμένους</span> <span class='ocrx_word' id='word_1_439' title='bbox 1967 5105 2033 5158; x_wconf 90' lang='grc' dir='ltr'>τά</span> <span class='ocrx_word' id='word_1_440' title='bbox 2073 5107 2252 5178; x_wconf 90' lang='grc' dir='ltr'>ἁμαρ-</span> 
     </span>
    </p>
   </div>
   <div class='ocr_carea' id='block_1_58' title="bbox 667 5184 2251 5260">
    <p class='ocr_par' dir='ltr' id='par_1_58' title="bbox 667 5184 2251 5260">
     <span class='ocr_line' id='line_1_58' title="bbox 667 5184 2251 5260; baseline 0.006 -25"><span class='ocrx_word' id='word_1_441' title='bbox 667 5187 910 5255; x_wconf 78' lang='grc' dir='ltr'>τήματα.</span> <span class='ocrx_word' id='word_1_442' title='bbox 950 5185 1244 5255; x_wconf 74' lang='grc' dir='ltr'>Δευτέρους</span> <span class='ocrx_word' id='word_1_443' title='bbox 1281 5184 1338 5237; x_wconf 82' lang='grc' dir='ltr'>δὲ</span> <span class='ocrx_word' id='word_1_444' title='bbox 1388 5185 1504 5254; x_wconf 81' lang='grc' dir='ltr'>μετ’</span> <span class='ocrx_word' id='word_1_445' title='bbox 1549 5186 1791 5252; x_wconf 85' lang='grc' dir='ltr'>ἐκείνους</span> <span class='ocrx_word' id='word_1_446' title='bbox 1823 5188 2009 5254; x_wconf 74' lang='grc' dir='ltr'>τίνας;</span> <span class='ocrx_word' id='word_1_447' title='bbox 2062 5192 2251 5260; x_wconf 80' lang='grc' dir='ltr'>Ὑμεῖς</span> 
     </span>
    </p>
   </div>
   <div class='ocr_carea' id='block_1_59' title="bbox 672 5265 2252 5341">
    <p class='ocr_par' dir='ltr' id='par_1_59' title="bbox 672 5265 2252 5341">
     <span class='ocr_line' id='line_1_59' title="bbox 672 5265 2252 5341; baseline 0.005 -21"><span class='ocrx_word' id='word_1_448' title='bbox 672 5269 771 5339; x_wconf 82' lang='grc' dir='ltr'>μὲν</span> <span class='ocrx_word' id='word_1_449' title='bbox 811 5269 940 5330; x_wconf 79' lang='grc' dir='ltr'>ἴσως</span> <span class='ocrx_word' id='word_1_450' title='bbox 982 5269 1106 5330; x_wconf 83' lang='grc' dir='ltr'>τοὺς</span> <span class='ocrx_word' id='word_1_451' title='bbox 1146 5265 1294 5320; x_wconf 80' lang='grc' dir='ltr'>οὐδὲν</span> <span class='ocrx_word' id='word_1_452' title='bbox 1331 5267 1564 5322; x_wconf 86' lang='grc' dir='ltr'>ἐνταῦθα</span> <span class='ocrx_word' id='word_1_453' title='bbox 1603 5271 1936 5341; x_wconf 88' lang='grc' dir='ltr'>πάσχοντας,</span> <span class='ocrx_word' id='word_1_454' title='bbox 1981 5274 2096 5327; x_wconf 87' lang='grc' dir='ltr'>ἀλλ’</span> <span class='ocrx_word' id='word_1_455' title='bbox 2135 5276 2252 5328; x_wconf 84' lang='grc' dir='ltr'>ἐκεῖ</span> 
     </span>
    </p>
   </div>
   <div class='ocr_carea' id='block_1_60' title="bbox 671 5341 2247 5426">
    <p class='ocr_par' dir='ltr' id='par_1_60' title="bbox 671 5341 2247 5426">
     <span class='ocr_line' id='line_1_60' title="bbox 671 5341 2247 5426; baseline 0.006 -24"><span class='ocrx_word' id='word_1_456' title='bbox 671 5349 820 5422; x_wconf 68' lang='grc'>[745]</span> <span class='ocrx_word' id='word_1_457' title='bbox 866 5352 1043 5403; x_wconf 80' lang='grc' dir='ltr'>πᾶσαν</span> <span class='ocrx_word' id='word_1_458' title='bbox 1077 5350 1446 5419; x_wconf 78' lang='grc' dir='ltr'>ὑπομένοντας</span> <span class='ocrx_word' id='word_1_459' title='bbox 1489 5352 1590 5423; x_wconf 81' lang='grc' dir='ltr'>τὴν</span> <span class='ocrx_word' id='word_1_460' title='bbox 1627 5354 1920 5425; x_wconf 89' lang='grc' dir='ltr'>τιμωρίαν·</span> <span class='ocrx_word' id='word_1_461' title='bbox 1954 5341 2069 5426; x_wconf 66' lang='grc' dir='ltr'>’ἐγὼ</span> <span class='ocrx_word' id='word_1_462' title='bbox 2098 5357 2152 5410; x_wconf 83' lang='grc' dir='ltr'>δὲ</span> <span class='ocrx_word' id='word_1_463' title='bbox 2188 5361 2247 5411; x_wconf 86' lang='grc' dir='ltr'>οὐ</span> 
     </span>
    </p>
   </div>
   <div class='ocr_carea' id='block_1_61' title="bbox 667 5435 2248 5514">
    <p class='ocr_par' dir='ltr' id='par_1_61' title="bbox 667 5435 2248 5514">
     <span class='ocr_line' id='line_1_61' title="bbox 667 5435 2248 5514; baseline 0.006 -28"><span class='ocrx_word' id='word_1_464' title='bbox 667 5435 909 5496; x_wconf 81' lang='grc' dir='ltr'>τούτους,</span> <span class='ocrx_word' id='word_1_465' title='bbox 943 5435 1078 5487; x_wconf 90' lang='grc' dir='ltr'>ἁλλὰ</span> <span class='ocrx_word' id='word_1_466' title='bbox 1112 5435 1235 5511; x_wconf 73' lang='grc' dir='ltr'>τοὺς</span> <span class='ocrx_word' id='word_1_467' title='bbox 1266 5435 1359 5487; x_wconf 72' lang='grc' dir='ltr'>καὶ</span> <span class='ocrx_word' id='word_1_468' title='bbox 1390 5437 1621 5490; x_wconf 87' lang='grc' dir='ltr'>ἐνταῦθα</span> <span class='ocrx_word' id='word_1_469' title='bbox 1657 5441 1749 5492; x_wconf 71' lang='grc' dir='ltr'>καὶ</span> <span class='ocrx_word' id='word_1_470' title='bbox 1785 5441 1902 5493; x_wconf 83' lang='grc' dir='ltr'>ἐκεῖ</span> <span class='ocrx_word' id='word_1_471' title='bbox 1949 5441 2248 5514; x_wconf 71' lang='grc' dir='ltr'>κολαζομέ-</span> 
     </span>
    </p>
   </div>
   <div class='ocr_carea' id='block_1_62' title="bbox 670 5518 2250 5598">
    <p class='ocr_par' dir='ltr' id='par_1_62' title="bbox 670 5518 2250 5598">
     <span class='ocr_line' id='line_1_62' title="bbox 670 5518 2250 5598; baseline 0.008 -30"><span class='ocrx_word' id='word_1_472' title='bbox 670 5536 811 5581; x_wconf 85' lang='grc' dir='ltr'>νους.</span> <span class='ocrx_word' id='word_1_473' title='bbox 849 5520 905 5572; x_wconf 84' lang='lat'>&#39;0</span> <span class='ocrx_word' id='word_1_474' title='bbox 937 5519 1034 5589; x_wconf 79' lang='grc' dir='ltr'>μὲν</span> <span class='ocrx_word' id='word_1_475' title='bbox 1056 5520 1164 5590; x_wconf 84' lang='grc' dir='ltr'>γὰρ</span> <span class='ocrx_word' id='word_1_476' title='bbox 1190 5518 1419 5571; x_wconf 86' lang='grc' dir='ltr'>ἐνταῦθα</span> <span class='ocrx_word' id='word_1_477' title='bbox 1445 5521 1713 5592; x_wconf 88' lang='grc' dir='ltr'>τιμωρίαν</span> <span class='ocrx_word' id='word_1_478' title='bbox 1738 5523 1882 5588; x_wconf 71' lang='grc' dir='ltr'>δοὺς,</span> <span class='ocrx_word' id='word_1_479' title='bbox 1915 5528 2250 5598; x_wconf 82' lang='grc' dir='ltr'>κουφοτέρας</span> 
     </span>
    </p>
   </div>
   <div class='ocr_carea' id='block_1_63' title="bbox 730 5703 1241 5766">
    <p class='ocr_par' dir='ltr' id='par_1_63' title="bbox 730 5703 1241 5766">
     <span class='ocr_line' id='line_1_63' title="bbox 730 5703 1241 5766; baseline 0 -16"><span class='ocrx_word' id='word_1_480' title='bbox 730 5704 756 5766; x_wconf 60' lang='lat' dir='ltr'>f‘</span> <span class='ocrx_word' id='word_1_481' title='bbox 786 5703 879 5766; x_wconf 75' lang='grc' dir='ltr'>ΛΙιί</span> <span class='ocrx_word' id='word_1_482' title='bbox 905 5705 984 5751; x_wconf 89' lang='grc' dir='ltr'>καὶ</span> <span class='ocrx_word' id='word_1_483' title='bbox 1007 5706 1241 5766; x_wconf 75' lang='grc' dir='ltr'>περὶτῶν.</span> 
     </span>
    </p>
   </div>
   <div class='ocr_carea' id='block_1_64' title="bbox 729 5763 1705 5827">
    <p class='ocr_par' dir='ltr' id='par_1_64' title="bbox 729 5763 1705 5827">
     <span class='ocr_line' id='line_1_64' title="bbox 729 5763 1705 5827; baseline 0.005 -13"><span class='ocrx_word' id='word_1_484' title='bbox 729 5763 758 5802; x_wconf 67' lang='grc' dir='ltr'>δ</span> <span class='ocrx_word' id='word_1_485' title='bbox 783 5765 879 5814; x_wconf 72' lang='grc' dir='ltr'>Αίίί</span> <span class='ocrx_word' id='word_1_486' title='bbox 905 5768 943 5813; x_wconf 85' lang='grc' dir='ltr'>εἰ</span> <span class='ocrx_word' id='word_1_487' title='bbox 965 5767 1040 5812; x_wconf 72' lang='grc' dir='ltr'>κτλ</span> <span class='ocrx_word' id='word_1_488' title='bbox 1067 5763 1213 5827; x_wconf 73' lang='grc' dir='ltr'>ἄκραν</span> <span class='ocrx_word' id='word_1_489' title='bbox 1236 5767 1402 5827; x_wconf 73' lang='grc' dir='ltr'>ἀρετὴν</span> <span class='ocrx_word' id='word_1_490' title='bbox 1427 5767 1705 5825; x_wconf 73' lang='grc' dir='ltr'>ἐπεδείξατο.</span> 
     </span>
    </p>
   </div>
   <div class='ocr_carea' id='block_1_65' title="bbox 726 5827 1400 5887">
    <p class='ocr_par' dir='ltr' id='par_1_65' title="bbox 726 5827 1400 5887">
     <span class='ocr_line' id='line_1_65' title="bbox 726 5827 1400 5887; baseline -0.004 -10"><span class='ocrx_word' id='word_1_491' title='bbox 726 5831 751 5859; x_wconf 75' lang='grc'>⁸⁵</span> <span class='ocrx_word' id='word_1_492' title='bbox 780 5827 876 5877; x_wconf 78' lang='grc' dir='ltr'>Διιξ</span> <span class='ocrx_word' id='word_1_493' title='bbox 896 5828 1065 5887; x_wconf 82' lang='grc' dir='ltr'>πάντα,</span> <span class='ocrx_word' id='word_1_494' title='bbox 1088 5829 1168 5877; x_wconf 73' lang='lat' dir='ltr'>alii</span> <span class='ocrx_word' id='word_1_495' title='bbox 1191 5831 1400 5876; x_wconf 82' lang='grc' dir='ltr'>πάντων.</span> 
     </span>
    </p>
   </div>
   <div class='ocr_carea' id='block_1_66' title="bbox 1362 339 3223 438">
    <p class='ocr_par' dir='ltr' id='par_1_66' title="bbox 1362 339 3223 438">
     <span class='ocr_line' id='line_1_66' title="bbox 1362 339 3223 438; baseline -0.003 0"><span class='ocrx_word' id='word_1_496' title='bbox 1362 383 1419 438; x_wconf 89' lang='lat' dir='ltr'>S.</span> <span class='ocrx_word' id='word_1_497' title='bbox 1461 381 1754 438; x_wconf 73' lang='lat' dir='ltr'>JOANNIS</span> <span class='ocrx_word' id='word_1_498' title='bbox 1790 339 2651 438; x_wconf 66' lang='grc' dir='ltr'>ειιιιγεοετὸιιιλῐιειιιερ..</span> <span class='ocrx_word' id='word_1_499' title='bbox 2690 377 3223 436; x_wconf 72' lang='grc' dir='ltr'>(ῘΟΝΞΤΑΝΤΙΝΟΡ</span> 
     </span>
    </p>
   </div>
   <div class='ocr_carea' id='block_1_67' title="bbox 3860 382 3959 440">
    <p class='ocr_par' dir='ltr' id='par_1_67' title="bbox 3860 382 3959 440">
     <span class='ocr_line' id='line_1_67' title="bbox 3860 382 3959 440; baseline 0.01 -1"><span class='ocrx_word' id='word_1_500' title='bbox 3860 382 3959 440; x_wconf 74' lang='lat'>998</span> 
     </span>
    </p>
   </div>
   <div class='ocr_carea' id='block_1_68' title="bbox 2375 496 3958 569">
    <p class='ocr_par' dir='ltr' id='par_1_68' title="bbox 2375 496 3958 569">
     <span class='ocr_line' id='line_1_68' title="bbox 2375 496 3958 569; baseline -0.001 -19"><span class='ocrx_word' id='word_1_501' title='bbox 2375 498 2695 569; x_wconf 76' lang='grc' dir='ltr'>αἰσθήσεται</span> <span class='ocrx_word' id='word_1_502' title='bbox 2729 499 2830 569; x_wconf 85' lang='grc' dir='ltr'>τῆς</span> <span class='ocrx_word' id='word_1_503' title='bbox 2863 499 2981 551; x_wconf 87' lang='grc' dir='ltr'>ἐκεῖ</span> <span class='ocrx_word' id='word_1_504' title='bbox 3014 497 3309 561; x_wconf 88' lang='grc' dir='ltr'>κολάσεως·</span> <span class='ocrx_word' id='word_1_505' title='bbox 3341 500 3369 550; x_wconf 88' lang='lat'>6</span> <span class='ocrx_word' id='word_1_506' title='bbox 3407 496 3463 550; x_wconf 89' lang='grc' dir='ltr'>δὲ</span> <span class='ocrx_word' id='word_1_507' title='bbox 3503 499 3688 551; x_wconf 80' lang='grc' dir='ltr'>πᾶσαν</span> <span class='ocrx_word' id='word_1_508' title='bbox 3721 499 3958 566; x_wconf 77' lang='grc' dir='ltr'>ἀνάγκα.</span> 
     </span>
    </p>
   </div>
   <div class='ocr_carea' id='block_1_69' title="bbox 2373 581 3961 654">
    <p class='ocr_par' dir='ltr' id='par_1_69' title="bbox 2373 581 3961 654">
     <span class='ocr_line' id='line_1_69' title="bbox 2373 581 3961 654; baseline 0.002 -20"><span class='ocrx_word' id='word_1_509' title='bbox 2373 581 2599 651; x_wconf 87' lang='grc' dir='ltr'>ζόμενος</span> <span class='ocrx_word' id='word_1_510' title='bbox 2647 583 2765 635; x_wconf 89' lang='grc' dir='ltr'>ἐκεῖ</span> <span class='ocrx_word' id='word_1_511' title='bbox 2810 582 2910 652; x_wconf 83' lang='grc' dir='ltr'>τὴν</span> <span class='ocrx_word' id='word_1_512' title='bbox 2963 582 3186 635; x_wconf 78' lang='grc' dir='ltr'>κόλασιν</span> <span class='ocrx_word' id='word_1_513' title='bbox 3226 581 3534 651; x_wconf 85' lang='grc' dir='ltr'>ὑπομεῖναι,</span> <span class='ocrx_word' id='word_1_514' title='bbox 3587 583 3961 654; x_wconf 83' lang='grc' dir='ltr'>ἀπαραίτητον</span> 
     </span>
    </p>
   </div>
   <div class='ocr_carea' id='block_1_70' title="bbox 2373 658 3956 736">
    <p class='ocr_par' dir='ltr' id='par_1_70' title="bbox 2373 658 3956 736">
     <span class='ocr_line' id='line_1_70' title="bbox 2373 658 3956 736; baseline 0.003 -19"><span class='ocrx_word' id='word_1_515' title='bbox 2373 664 2482 728; x_wconf 81' lang='grc' dir='ltr'>ἕξει</span> <span class='ocrx_word' id='word_1_516' title='bbox 2511 665 2611 735; x_wconf 84' lang='grc' dir='ltr'>τὴν</span> <span class='ocrx_word' id='word_1_517' title='bbox 2643 665 2817 734; x_wconf 88' lang='grc' dir='ltr'>δίκην·</span> <span class='ocrx_word' id='word_1_518' title='bbox 2846 664 3100 736; x_wconf 88' lang='grc' dir='ltr'>καθάπερ</span> <span class='ocrx_word' id='word_1_519' title='bbox 3125 664 3219 728; x_wconf 57' lang='grc' dir='ltr'>καὶ</span> <span class='ocrx_word' id='word_1_520' title='bbox 3250 658 3407 728; x_wconf 76' lang='grc' dir='ltr'>οὗτος</span> <span class='ocrx_word' id='word_1_521' title='bbox 3429 667 3456 718; x_wconf 86' lang='grc' dir='ltr'>ὁ</span> <span class='ocrx_word' id='word_1_522' title='bbox 3483 664 3740 730; x_wconf 86' lang='grc' dir='ltr'>πλούσιος</span> <span class='ocrx_word' id='word_1_523' title='bbox 3773 666 3956 721; x_wconf 72' lang='grc' dir='ltr'>ἐνταῦο</span> 
     </span>
    </p>
   </div>
   <div class='ocr_carea' id='block_1_71' title="bbox 2374 748 3954 820">
    <p class='ocr_par' dir='ltr' id='par_1_71' title="bbox 2374 748 3954 820">
     <span class='ocr_line' id='line_1_71' title="bbox 2374 748 3954 820; baseline 0 -18"><span class='ocrx_word' id='word_1_524' title='bbox 2374 749 2443 802; x_wconf 91' lang='grc' dir='ltr'>θα</span> <span class='ocrx_word' id='word_1_525' title='bbox 2478 749 2648 819; x_wconf 83' lang='grc' dir='ltr'>μηδὲν</span> <span class='ocrx_word' id='word_1_526' title='bbox 2674 748 3066 819; x_wconf 85' lang='grc' dir='ltr'>διαλυσάμενος</span> <span class='ocrx_word' id='word_1_527' title='bbox 3114 748 3224 801; x_wconf 90' lang='grc' dir='ltr'>τῶν</span> <span class='ocrx_word' id='word_1_528' title='bbox 3267 749 3486 801; x_wconf 75' lang='grc' dir='ltr'>οἰκείων</span> <span class='ocrx_word' id='word_1_529' title='bbox 3522 751 3954 820; x_wconf 81' lang='grc' dir='ltr'>ἁμαρτημάτων,</span> 
     </span>
    </p>
   </div>
   <div class='ocr_carea' id='block_1_72' title="bbox 2373 832 3958 905">
    <p class='ocr_par' dir='ltr' id='par_1_72' title="bbox 2373 832 3958 905">
     <span class='ocr_line' id='line_1_72' title="bbox 2373 832 3958 905; baseline 0.001 -19"><span class='ocrx_word' id='word_1_530' title='bbox 2373 833 2516 886; x_wconf 77' lang='grc' dir='ltr'>οὕτω</span> <span class='ocrx_word' id='word_1_531' title='bbox 2569 833 2824 903; x_wconf 89' lang='grc' dir='ltr'>χαλεπῶς</span> <span class='ocrx_word' id='word_1_532' title='bbox 2851 833 3162 898; x_wconf 78' lang='grc' dir='ltr'>ἐκολάζετο,</span> <span class='ocrx_word' id='word_1_533' title='bbox 3187 833 3264 895; x_wconf 85' lang='grc' dir='ltr'>ῶς</span> <span class='ocrx_word' id='word_1_534' title='bbox 3297 833 3430 902; x_wconf 80' lang='grc' dir='ltr'>μηδὲ</span> <span class='ocrx_word' id='word_1_535' title='bbox 3463 836 3727 902; x_wconf 83' lang='grc' dir='ltr'>σταγόνος</span> <span class='ocrx_word' id='word_1_536' title='bbox 3761 832 3958 905; x_wconf 69' lang='grc' dir='ltr'>μικρᾶς</span> 
     </span>
    </p>
   </div>
   <div class='ocr_carea' id='block_1_73' title="bbox 2370 915 3959 988">
    <p class='ocr_par' dir='ltr' id='par_1_73' title="bbox 2370 915 3959 988">
     <span class='ocr_line' id='line_1_73' title="bbox 2370 915 3959 988; baseline 0.001 -18"><span class='ocrx_word' id='word_1_537' title='bbox 2370 917 2666 988; x_wconf 86' lang='grc' dir='ltr'>δυνηθῆναι</span> <span class='ocrx_word' id='word_1_538' title='bbox 2732 919 3032 987; x_wconf 86' lang='grc' dir='ltr'>ἐπιτυχεῖν.</span> <span class='ocrx_word' id='word_1_539' title='bbox 3086 917 3198 970; x_wconf 79' lang='grc' dir='ltr'>Καὶ</span> <span class='ocrx_word' id='word_1_540' title='bbox 3251 915 3458 970; x_wconf 85' lang='grc' dir='ltr'>τούτων</span> <span class='ocrx_word' id='word_1_541' title='bbox 3509 917 3569 969; x_wconf 84' lang='grc' dir='ltr'>δέ</span> <span class='ocrx_word' id='word_1_542' title='bbox 3615 918 3797 971; x_wconf 91' lang='grc' dir='ltr'>αὐτῶν</span> <span class='ocrx_word' id='word_1_543' title='bbox 3853 920 3959 972; x_wconf 87' lang='grc' dir='ltr'>τῶν</span> 
     </span>
    </p>
   </div>
   <div class='ocr_carea' id='block_1_74' title="bbox 2371 999 3959 1073">
    <p class='ocr_par' dir='ltr' id='par_1_74' title="bbox 2371 999 3959 1073">
     <span class='ocr_line' id='line_1_74' title="bbox 2371 999 3959 1073; baseline -0.001 -18"><span class='ocrx_word' id='word_1_544' title='bbox 2371 1002 2799 1073; x_wconf 86' lang='grc' dir='ltr'>ἁμαρτανόντων</span> <span class='ocrx_word' id='word_1_545' title='bbox 2857 1003 2976 1073; x_wconf 88' lang='grc' dir='ltr'>μὲν,</span> <span class='ocrx_word' id='word_1_546' title='bbox 3030 1001 3196 1072; x_wconf 80' lang='grc' dir='ltr'>μηδὲν</span> <span class='ocrx_word' id='word_1_547' title='bbox 3251 1001 3306 1054; x_wconf 81' lang='grc' dir='ltr'>δὲ</span> <span class='ocrx_word' id='word_1_548' title='bbox 3356 999 3592 1054; x_wconf 89' lang='grc' dir='ltr'>ἐνταῦθα</span> <span class='ocrx_word' id='word_1_549' title='bbox 3647 1003 3959 1073; x_wconf 85' lang='grc' dir='ltr'>πασχόντων</span> 
     </span>
    </p>
   </div>
   <div class='ocr_carea' id='block_1_75' title="bbox 2370 1084 3960 1156">
    <p class='ocr_par' dir='ltr' id='par_1_75' title="bbox 2370 1084 3960 1156">
     <span class='ocr_line' id='line_1_75' title="bbox 2370 1084 3960 1156; baseline -0.001 -16"><span class='ocrx_word' id='word_1_550' title='bbox 2370 1085 2565 1148; x_wconf 85' lang='grc' dir='ltr'>δεινὸν,</span> <span class='ocrx_word' id='word_1_551' title='bbox 2604 1085 2785 1156; x_wconf 88' lang='grc' dir='ltr'>πολλῷ</span> <span class='ocrx_word' id='word_1_552' title='bbox 2827 1085 3027 1155; x_wconf 80' lang='grc' dir='ltr'>μᾶλλον</span> <span class='ocrx_word' id='word_1_553' title='bbox 3068 1085 3312 1148; x_wconf 85' lang='grc' dir='ltr'>ἐκείνους</span> <span class='ocrx_word' id='word_1_554' title='bbox 3344 1084 3616 1150; x_wconf 90' lang='grc' dir='ltr'>ταλανίζω</span> <span class='ocrx_word' id='word_1_555' title='bbox 3653 1088 3782 1150; x_wconf 85' lang='grc' dir='ltr'>τοὺς</span> <span class='ocrx_word' id='word_1_556' title='bbox 3825 1086 3960 1156; x_wconf 89' lang='grc' dir='ltr'>μετά</span> 
     </span>
    </p>
   </div>
   <div class='ocr_carea' id='block_1_76' title="bbox 2370 1169 3959 1242">
    <p class='ocr_par' dir='ltr' id='par_1_76' title="bbox 2370 1169 3959 1242">
     <span class='ocr_line' id='line_1_76' title="bbox 2370 1169 3959 1242; baseline 0.001 -20"><span class='ocrx_word' id='word_1_557' title='bbox 2370 1169 2463 1222; x_wconf 90' lang='grc' dir='ltr'>τοῦ</span> <span class='ocrx_word' id='word_1_558' title='bbox 2506 1170 2580 1241; x_wconf 82' lang='grc' dir='ltr'>μὴ</span> <span class='ocrx_word' id='word_1_559' title='bbox 2618 1170 2980 1242; x_wconf 89' lang='grc' dir='ltr'>τιμωρεῖσθαι</span> <span class='ocrx_word' id='word_1_560' title='bbox 3018 1169 3252 1224; x_wconf 87' lang='grc' dir='ltr'>ἐνταῦθα</span> <span class='ocrx_word' id='word_1_561' title='bbox 3286 1169 3381 1222; x_wconf 80' lang='grc' dir='ltr'>καὶ</span> <span class='ocrx_word' id='word_1_562' title='bbox 3409 1170 3620 1240; x_wconf 83' lang='grc' dir='ltr'>τρυφῆς</span> <span class='ocrx_word' id='word_1_563' title='bbox 3654 1172 3751 1224; x_wconf 68' lang='grc' dir='ltr'>καὶ</span> <span class='ocrx_word' id='word_1_564' title='bbox 3780 1171 3959 1233; x_wconf 86' lang='grc' dir='ltr'>ἀδείας</span> 
     </span>
    </p>
   </div>
   <div class='ocr_carea' id='block_1_77' title="bbox 2370 1253 3961 1326">
    <p class='ocr_par' dir='ltr' id='par_1_77' title="bbox 2370 1253 3961 1326">
     <span class='ocr_line' id='line_1_77' title="bbox 2370 1253 3961 1326; baseline -0.001 -17"><span class='ocrx_word' id='word_1_565' title='bbox 2370 1255 2766 1319; x_wconf 89' lang='grc' dir='ltr'>ἀπολαύοντας.</span> <span class='ocrx_word' id='word_1_566' title='bbox 2805 1256 3018 1326; x_wconf 80' lang='grc' dir='ltr'>Ὠσπερ</span> <span class='ocrx_word' id='word_1_567' title='bbox 3039 1254 3152 1325; x_wconf 89' lang='grc' dir='ltr'>γὰρ</span> <span class='ocrx_word' id='word_1_568' title='bbox 3178 1253 3241 1307; x_wconf 97' lang='lat'>16</span> <span class='ocrx_word' id='word_1_569' title='bbox 3274 1253 3349 1325; x_wconf 83' lang='grc' dir='ltr'>μὴ</span> <span class='ocrx_word' id='word_1_570' title='bbox 3376 1253 3558 1307; x_wconf 90' lang='grc' dir='ltr'>δοῦναι</span> <span class='ocrx_word' id='word_1_571' title='bbox 3587 1254 3746 1326; x_wconf 84' lang='grc' dir='ltr'>δίκην</span> <span class='ocrx_word' id='word_1_572' title='bbox 3778 1253 3961 1307; x_wconf 86' lang='grc' dir='ltr'>ἐνταῦ-</span> 
     </span>
    </p>
   </div>
   <div class='ocr_carea' id='block_1_78' title="bbox 2371 1338 3960 1412">
    <p class='ocr_par' dir='ltr' id='par_1_78' title="bbox 2371 1338 3960 1412">
     <span class='ocr_line' id='line_1_78' title="bbox 2371 1338 3960 1412; baseline -0.003 -18"><span class='ocrx_word' id='word_1_573' title='bbox 2371 1340 2437 1394; x_wconf 91' lang='grc' dir='ltr'>θα</span> <span class='ocrx_word' id='word_1_574' title='bbox 2480 1339 2590 1394; x_wconf 90' lang='grc' dir='ltr'>τῶν</span> <span class='ocrx_word' id='word_1_575' title='bbox 2636 1340 3055 1412; x_wconf 85' lang='grc' dir='ltr'>ἁμαρτημάτων</span> <span class='ocrx_word' id='word_1_576' title='bbox 3100 1338 3488 1409; x_wconf 85' lang='grc' dir='ltr'>χαλεπωτέραν</span> <span class='ocrx_word' id='word_1_577' title='bbox 3527 1341 3646 1391; x_wconf 88' lang='grc' dir='ltr'>ἐκεῖ</span> <span class='ocrx_word' id='word_1_578' title='bbox 3678 1342 3825 1392; x_wconf 86' lang='grc' dir='ltr'>ποιεῖ</span> <span class='ocrx_word' id='word_1_579' title='bbox 3861 1340 3960 1410; x_wconf 74' lang='grc' dir='ltr'>τὴν</span> 
     </span>
    </p>
   </div>
   <div class='ocr_carea' id='block_1_79' title="bbox 2367 1422 3961 1497">
    <p class='ocr_par' dir='ltr' id='par_1_79' title="bbox 2367 1422 3961 1497">
     <span class='ocr_line' id='line_1_79' title="bbox 2367 1422 3961 1497; baseline -0.003 -19"><span class='ocrx_word' id='word_1_580' title='bbox 2367 1427 2661 1497; x_wconf 86' lang='grc' dir='ltr'>τιμωρίαν·</span> <span class='ocrx_word' id='word_1_581' title='bbox 2716 1425 2859 1478; x_wconf 76' lang='grc' dir='ltr'>οὕτω</span> <span class='ocrx_word' id='word_1_582' title='bbox 2913 1423 2978 1495; x_wconf 84' lang='grc' dir='ltr'>δὴ</span> <span class='ocrx_word' id='word_1_583' title='bbox 3031 1424 3092 1476; x_wconf 94' lang='lat'>16</span> <span class='ocrx_word' id='word_1_584' title='bbox 3138 1423 3339 1492; x_wconf 79' lang='grc' dir='ltr'>πολλῆς</span> <span class='ocrx_word' id='word_1_585' title='bbox 3388 1422 3626 1486; x_wconf 88' lang='grc' dir='ltr'>ἀνέσεως</span> <span class='ocrx_word' id='word_1_586' title='bbox 3667 1422 3961 1476; x_wconf 83' lang='grc' dir='ltr'>ἀπολαύειν</span> 
     </span>
    </p>
   </div>
   <div class='ocr_carea' id='block_1_80' title="bbox 2368 1506 3959 1581">
    <p class='ocr_par' dir='ltr' id='par_1_80' title="bbox 2368 1506 3959 1581">
     <span class='ocr_line' id='line_1_80' title="bbox 2368 1506 3959 1581; baseline -0.001 -19"><span class='ocrx_word' id='word_1_587' title='bbox 2368 1511 2496 1572; x_wconf 82' lang='grc' dir='ltr'>τοὺς</span> <span class='ocrx_word' id='word_1_588' title='bbox 2539 1510 2954 1581; x_wconf 86' lang='grc' dir='ltr'>ἁμαρτάνοντας</span> <span class='ocrx_word' id='word_1_589' title='bbox 3002 1507 3096 1562; x_wconf 74' lang='grc' dir='ltr'>καὶ</span> <span class='ocrx_word' id='word_1_590' title='bbox 3145 1506 3358 1579; x_wconf 81' lang='grc' dir='ltr'>τρυφῆς</span> <span class='ocrx_word' id='word_1_591' title='bbox 3399 1508 3492 1560; x_wconf 74' lang='grc' dir='ltr'>καὶ</span> <span class='ocrx_word' id='word_1_592' title='bbox 3525 1508 3811 1578; x_wconf 87' lang='grc' dir='ltr'>εὐπορίας,</span> <span class='ocrx_word' id='word_1_593' title='bbox 3864 1511 3959 1576; x_wconf 79' lang='grc' dir='ltr'>ἐφ-</span> 
     </span>
    </p>
   </div>
   <div class='ocr_carea' id='block_1_81' title="bbox 2367 1590 3957 1662">
    <p class='ocr_par' dir='ltr' id='par_1_81' title="bbox 2367 1590 3957 1662">
     <span class='ocr_line' id='line_1_81' title="bbox 2367 1590 3957 1662; baseline -0.001 -16"><span class='ocrx_word' id='word_1_594' title='bbox 2367 1593 2508 1646; x_wconf 89' lang='grc' dir='ltr'>όδιον</span> <span class='ocrx_word' id='word_1_595' title='bbox 2544 1593 2728 1655; x_wconf 89' lang='grc' dir='ltr'>αὐτοῖς</span> <span class='ocrx_word' id='word_1_596' title='bbox 2779 1592 2875 1646; x_wconf 74' lang='grc' dir='ltr'>καὶ</span> <span class='ocrx_word' id='word_1_597' title='bbox 2920 1591 3179 1656; x_wconf 89' lang='grc' dir='ltr'>ὑπόθεσις</span> <span class='ocrx_word' id='word_1_598' title='bbox 3233 1590 3506 1652; x_wconf 88' lang='grc' dir='ltr'>κολάσεως</span> <span class='ocrx_word' id='word_1_599' title='bbox 3548 1593 3643 1643; x_wconf 73' lang='grc' dir='ltr'>καὶ</span> <span class='ocrx_word' id='word_1_600' title='bbox 3687 1593 3957 1662; x_wconf 85' lang='grc' dir='ltr'>τιμωρίας</span> 
     </span>
    </p>
   </div>
   <div class='ocr_carea' id='block_1_82' title="bbox 2371 1668 3954 1746">
    <p class='ocr_par' dir='ltr' id='par_1_82' title="bbox 2371 1668 3954 1746">
     <span class='ocr_line' id='line_1_82' title="bbox 2371 1668 3954 1746; baseline -0.002 -17"><span class='ocrx_word' id='word_1_601' title='bbox 2371 1678 2489 1730; x_wconf 86' lang='grc' dir='ltr'>ἐκεῖ</span> <span class='ocrx_word' id='word_1_602' title='bbox 2521 1677 2729 1744; x_wconf 89' lang='grc' dir='ltr'>γίνεται</span> <span class='ocrx_word' id='word_1_603' title='bbox 2772 1668 3034 1746; x_wconf 85' lang='grc' dir='ltr'>μείζονος.</span> <span class='ocrx_word' id='word_1_604' title='bbox 3074 1675 3243 1727; x_wconf 85' lang='grc' dir='ltr'>Ὅταν</span> <span class='ocrx_word' id='word_1_605' title='bbox 3281 1673 3390 1745; x_wconf 90' lang='grc' dir='ltr'>γάρ</span> <span class='ocrx_word' id='word_1_606' title='bbox 3433 1674 3844 1744; x_wconf 84' lang='grc' dir='ltr'>ἁμαρτάνοντες</span> <span class='ocrx_word' id='word_1_607' title='bbox 3873 1692 3954 1727; x_wconf 81' lang='grc' dir='ltr'>τι·</span> 
     </span>
    </p>
   </div>
   <div class='ocr_carea' id='block_1_83' title="bbox 2371 1755 3957 1830">
    <p class='ocr_par' dir='ltr' id='par_1_83' title="bbox 2371 1755 3957 1830">
     <span class='ocr_line' id='line_1_83' title="bbox 2371 1755 3957 1830; baseline 0 -20"><span class='ocrx_word' id='word_1_608' title='bbox 2371 1758 2600 1830; x_wconf 83' lang='grc' dir='ltr'>μώμεθα</span> <span class='ocrx_word' id='word_1_609' title='bbox 2651 1757 2756 1810; x_wconf 87' lang='grc' dir='ltr'>ὑπὸ</span> <span class='ocrx_word' id='word_1_610' title='bbox 2783 1757 2876 1811; x_wconf 91' lang='grc' dir='ltr'>τοῦ</span> <span class='ocrx_word' id='word_1_611' title='bbox 2910 1756 3044 1810; x_wconf 87' lang='grc' dir='ltr'>Θεοῦ</span> <span class='ocrx_word' id='word_1_612' title='bbox 3070 1756 3120 1820; x_wconf 76' lang='grc' dir='ltr'>ά,</span> <span class='ocrx_word' id='word_1_613' title='bbox 3168 1755 3300 1810; x_wconf 84' lang='grc' dir='ltr'>αὐτὸ</span> <span class='ocrx_word' id='word_1_614' title='bbox 3337 1755 3494 1809; x_wconf 90' lang='grc' dir='ltr'>τοῦτο</span> <span class='ocrx_word' id='word_1_615' title='bbox 3534 1758 3683 1828; x_wconf 78' lang='grc' dir='ltr'>ἡμᾶς</span> <span class='ocrx_word' id='word_1_616' title='bbox 3723 1758 3957 1828; x_wconf 88' lang='grc' dir='ltr'>μάλιστα</span> 
     </span>
    </p>
   </div>
   <div class='ocr_carea' id='block_1_84' title="bbox 2367 1841 3593 1914">
    <p class='ocr_par' dir='ltr' id='par_1_84' title="bbox 2367 1841 3593 1914">
     <span class='ocr_line' id='line_1_84' title="bbox 2367 1841 3593 1914; baseline -0.002 -17"><span class='ocrx_word' id='word_1_617' title='bbox 2367 1846 2447 1907; x_wconf 85' lang='grc' dir='ltr'>είς</span> <span class='ocrx_word' id='word_1_618' title='bbox 2472 1844 2534 1896; x_wconf 86' lang='grc' dir='ltr'>τὸ</span> <span class='ocrx_word' id='word_1_619' title='bbox 2564 1843 2677 1910; x_wconf 89' lang='grc' dir='ltr'>πῦρ</span> <span class='ocrx_word' id='word_1_620' title='bbox 2711 1843 2972 1914; x_wconf 77' lang='grc' dir='ltr'>μειζόνως</span> <span class='ocrx_word' id='word_1_621' title='bbox 2995 1841 3252 1912; x_wconf 81' lang='grc' dir='ltr'>ἐμϐαλεῖν</span> <span class='ocrx_word' id='word_1_622' title='bbox 3285 1842 3593 1910; x_wconf 81' lang='grc' dir='ltr'>δυνήσεται.</span> 
     </span>
    </p>
   </div>
   <div class='ocr_carea' id='block_1_85' title="bbox 2437 1937 3962 2012">
    <p class='ocr_par' dir='ltr' id='par_1_85' title="bbox 2437 1937 3962 2012">
     <span class='ocr_line' id='line_1_85' title="bbox 2437 1937 3962 2012; baseline -0.003 -19"><span class='ocrx_word' id='word_1_623' title='bbox 2437 1941 2501 1994; x_wconf 74' lang='lat' dir='ltr'>EE</span> <span class='ocrx_word' id='word_1_624' title='bbox 2535 1939 2644 2010; x_wconf 81' lang='grc' dir='ltr'>γὰρ</span> <span class='ocrx_word' id='word_1_625' title='bbox 2677 1940 3060 2012; x_wconf 89' lang='grc' dir='ltr'>μακροθυμίας</span> <span class='ocrx_word' id='word_1_626' title='bbox 3094 1956 3180 2002; x_wconf 92' lang='grc' dir='ltr'>τις</span> <span class='ocrx_word' id='word_1_627' title='bbox 3215 1937 3504 1992; x_wconf 86' lang='grc' dir='ltr'>ἀπολαύων</span> <span class='ocrx_word' id='word_1_628' title='bbox 3548 1939 3732 2007; x_wconf 90' lang='grc' dir='ltr'>μόνον,</span> <span class='ocrx_word' id='word_1_629' title='bbox 3767 1938 3834 1992; x_wconf 83' lang='grc' dir='ltr'>ἃν</span> <span class='ocrx_word' id='word_1_630' title='bbox 3881 1940 3962 2003; x_wconf 78' lang='grc' dir='ltr'>είς</span> 
     </span>
    </p>
   </div>
   <div class='ocr_carea' id='block_1_86' title="bbox 2365 2019 3959 2094">
    <p class='ocr_par' dir='ltr' id='par_1_86' title="bbox 2365 2019 3959 2094">
     <span class='ocr_line' id='line_1_86' title="bbox 2365 2019 3959 2094; baseline -0.001 -19"><span class='ocrx_word' id='word_1_631' title='bbox 2365 2023 2482 2076; x_wconf 89' lang='grc' dir='ltr'>δέον</span> <span class='ocrx_word' id='word_1_632' title='bbox 2509 2024 2645 2094; x_wconf 78' lang='grc' dir='ltr'>αὐτῇ</span> <span class='ocrx_word' id='word_1_633' title='bbox 2676 2022 2749 2094; x_wconf 81' lang='grc' dir='ltr'>μὴ</span> <span class='ocrx_word' id='word_1_634' title='bbox 2775 2025 3069 2094; x_wconf 89' lang='grc' dir='ltr'>χρήσηται,</span> <span class='ocrx_word' id='word_1_635' title='bbox 3096 2021 3484 2092; x_wconf 87' lang='grc' dir='ltr'>χαλεπωτέραν</span> <span class='ocrx_word' id='word_1_636' title='bbox 3526 2019 3637 2086; x_wconf 73' lang='grc' dir='ltr'>ἕξει</span> <span class='ocrx_word' id='word_1_637' title='bbox 3662 2021 3761 2092; x_wconf 82' lang='grc' dir='ltr'>τὴν</span> <span class='ocrx_word' id='word_1_638' title='bbox 3789 2041 3959 2091; x_wconf 87' lang='grc' dir='ltr'>τιμω-</span> 
     </span>
    </p>
   </div>
   <div class='ocr_carea' id='block_1_87' title="bbox 2370 2105 3961 2180">
    <p class='ocr_par' dir='ltr' id='par_1_87' title="bbox 2370 2105 3961 2180">
     <span class='ocr_line' id='line_1_87' title="bbox 2370 2105 3961 2180; baseline 0 -22"><span class='ocrx_word' id='word_1_639' title='bbox 2370 2108 2511 2180; x_wconf 90' lang='grc' dir='ltr'>ρίαν·</span> <span class='ocrx_word' id='word_1_640' title='bbox 2545 2109 2674 2162; x_wconf 85' lang='grc' dir='ltr'>ὂταν</span> <span class='ocrx_word' id='word_1_641' title='bbox 2707 2108 2843 2178; x_wconf 86' lang='grc' dir='ltr'>μετά</span> <span class='ocrx_word' id='word_1_642' title='bbox 2874 2108 2972 2178; x_wconf 83' lang='grc' dir='ltr'>τῆς</span> <span class='ocrx_word' id='word_1_643' title='bbox 2999 2106 3383 2178; x_wconf 82' lang='grc' dir='ltr'>μακροθυμίας</span> <span class='ocrx_word' id='word_1_644' title='bbox 3411 2105 3504 2159; x_wconf 77' lang='grc' dir='ltr'>καὶ</span> <span class='ocrx_word' id='word_1_645' title='bbox 3533 2106 3704 2176; x_wconf 81' lang='grc' dir='ltr'>τιμάς</span> <span class='ocrx_word' id='word_1_646' title='bbox 3729 2107 3831 2179; x_wconf 78' lang='grc' dir='ltr'>ἔχῃ</span> <span class='ocrx_word' id='word_1_647' title='bbox 3866 2123 3961 2178; x_wconf 70' lang='grc' dir='ltr'>μισ</span> 
     </span>
    </p>
   </div>
   <div class='ocr_carea' id='block_1_88' title="bbox 2367 2185 3960 2261">
    <p class='ocr_par' dir='ltr' id='par_1_88' title="bbox 2367 2185 3960 2261">
     <span class='ocr_line' id='line_1_88' title="bbox 2367 2185 3960 2261; baseline -0.002 -16"><span class='ocrx_word' id='word_1_648' title='bbox 2367 2193 2581 2261; x_wconf 86' lang='grc' dir='ltr'>γίστας,</span> <span class='ocrx_word' id='word_1_649' title='bbox 2618 2185 2736 2244; x_wconf 78' lang='grc' dir='ltr'>εἶτα</span> <span class='ocrx_word' id='word_1_650' title='bbox 2773 2190 3008 2261; x_wconf 82' lang='grc' dir='ltr'>ἐπιμένῃ</span> <span class='ocrx_word' id='word_1_651' title='bbox 3043 2193 3108 2260; x_wconf 84' lang='grc' dir='ltr'>τῇ</span> <span class='ocrx_word' id='word_1_652' title='bbox 3144 2189 3400 2260; x_wconf 77' lang='grc' dir='ltr'>πονηρίᾳ,</span> <span class='ocrx_word' id='word_1_653' title='bbox 3435 2190 3518 2250; x_wconf 90' lang='grc' dir='ltr'>τίς</span> <span class='ocrx_word' id='word_1_654' title='bbox 3550 2189 3718 2242; x_wconf 77' lang='grc' dir='ltr'>αὐτὸν</span> <span class='ocrx_word' id='word_1_655' title='bbox 3756 2189 3960 2254; x_wconf 80' lang='grc' dir='ltr'>ἐξελεῖ-</span> 
     </span>
    </p>
   </div>
   <div class='ocr_carea' id='block_1_89' title="bbox 2365 2273 3960 2347">
    <p class='ocr_par' dir='ltr' id='par_1_89' title="bbox 2365 2273 3960 2347">
     <span class='ocr_line' id='line_1_89' title="bbox 2365 2273 3960 2347; baseline -0.001 -19"><span class='ocrx_word' id='word_1_656' title='bbox 2365 2294 2454 2329; x_wconf 89' lang='grc' dir='ltr'>ται</span> <span class='ocrx_word' id='word_1_657' title='bbox 2483 2275 2584 2344; x_wconf 82' lang='grc' dir='ltr'>τῆς</span> <span class='ocrx_word' id='word_1_658' title='bbox 2618 2273 2892 2338; x_wconf 89' lang='grc' dir='ltr'>κολάσεως</span> <span class='ocrx_word' id='word_1_659' title='bbox 2923 2273 3139 2347; x_wconf 89' lang='grc' dir='ltr'>ἐκείνης</span> <span class='ocrx_word' id='word_1_660' title='bbox 3160 2291 3174 2338; x_wconf 90' lang='grc'>;</span> <span class='ocrx_word' id='word_1_661' title='bbox 3199 2274 3323 2326; x_wconf 88' lang='grc' dir='ltr'>Ὅτι</span> <span class='ocrx_word' id='word_1_662' title='bbox 3352 2273 3460 2343; x_wconf 84' lang='grc' dir='ltr'>γὰρ</span> <span class='ocrx_word' id='word_1_663' title='bbox 3489 2273 3537 2325; x_wconf 85' lang='grc' dir='ltr'>οἱ</span> <span class='ocrx_word' id='word_1_664' title='bbox 3573 2273 3960 2344; x_wconf 84' lang='grc' dir='ltr'>μακροθυμίας</span> 
     </span>
    </p>
   </div>
   <div class='ocr_carea' id='block_1_90' title="bbox 2366 2356 3960 2426">
    <p class='ocr_par' dir='ltr' id='par_1_90' title="bbox 2366 2356 3960 2426">
     <span class='ocr_line' id='line_1_90' title="bbox 2366 2356 3960 2426; baseline -0.001 -14"><span class='ocrx_word' id='word_1_665' title='bbox 2366 2358 2603 2412; x_wconf 88' lang='grc' dir='ltr'>ἐνταῦθα</span> <span class='ocrx_word' id='word_1_666' title='bbox 2646 2356 3011 2418; x_wconf 85' lang='grc' dir='ltr'>ἀπολαύοντες</span> <span class='ocrx_word' id='word_1_667' title='bbox 3045 2356 3371 2424; x_wconf 82' lang='grc' dir='ltr'>συνάγουσιν</span> <span class='ocrx_word' id='word_1_668' title='bbox 3409 2357 3623 2419; x_wconf 89' lang='grc' dir='ltr'>ἐαυτοῖς</span> <span class='ocrx_word' id='word_1_669' title='bbox 3665 2357 3960 2426; x_wconf 79' lang='grc' dir='ltr'>ὀλόκληρον</span> 
     </span>
    </p>
   </div>
   <div class='ocr_carea' id='block_1_91' title="bbox 2366 2439 3961 2510">
    <p class='ocr_par' dir='ltr' id='par_1_91' title="bbox 2366 2439 3961 2510">
     <span class='ocr_line' id='line_1_91' title="bbox 2366 2439 3961 2510; baseline -0.002 -16"><span class='ocrx_word' id='word_1_670' title='bbox 2366 2443 2484 2494; x_wconf 87' lang='grc' dir='ltr'>ἐκεῖ</span> <span class='ocrx_word' id='word_1_671' title='bbox 2514 2441 2574 2493; x_wconf 90' lang='lat'>16</span> <span class='ocrx_word' id='word_1_672' title='bbox 2604 2441 2795 2504; x_wconf 79' lang='grc' dir='ltr'>κακὸν,</span> <span class='ocrx_word' id='word_1_673' title='bbox 2822 2440 2916 2492; x_wconf 80' lang='grc' dir='ltr'>ἐὰν</span> <span class='ocrx_word' id='word_1_674' title='bbox 2941 2439 3015 2510; x_wconf 80' lang='grc' dir='ltr'>μὴ</span> <span class='ocrx_word' id='word_1_675' title='bbox 3049 2439 3766 2508; x_wconf 78' lang='grc' dir='ltr'>μετανοήσωμεν,.άκουσον</span> <span class='ocrx_word' id='word_1_676' title='bbox 3791 2440 3842 2491; x_wconf 86' lang='grc' dir='ltr'>τί</span> <span class='ocrx_word' id='word_1_677' title='bbox 3864 2457 3961 2510; x_wconf 76' lang='grc' dir='ltr'>φη-</span> 
     </span>
    </p>
   </div>
   <div class='ocr_carea' id='block_1_92' title="bbox 2367 2519 3958 2593">
    <p class='ocr_par' dir='ltr' id='par_1_92' title="bbox 2367 2519 3958 2593">
     <span class='ocr_line' id='line_1_92' title="bbox 2367 2519 3958 2593; baseline -0.001 -15"><span class='ocrx_word' id='word_1_678' title='bbox 2367 2543 2450 2578; x_wconf 89' lang='grc' dir='ltr'>σιν</span> <span class='ocrx_word' id='word_1_679' title='bbox 2471 2526 2500 2577; x_wconf 81' lang='grc' dir='ltr'>ὁ</span> <span class='ocrx_word' id='word_1_680' title='bbox 2521 2523 2753 2587; x_wconf 87' lang='grc' dir='ltr'>Παῦλος·</span> <span class='ocrx_word' id='word_1_681' title='bbox 2793 2522 3005 2593; x_wconf 76' lang='grc' dir='ltr'>Λογίζῃ</span> <span class='ocrx_word' id='word_1_682' title='bbox 3031 2523 3099 2575; x_wconf 83' lang='grc' dir='ltr'>δὲ</span> <span class='ocrx_word' id='word_1_683' title='bbox 3126 2523 3325 2586; x_wconf 85' lang='grc' dir='ltr'>τοῦτο,</span> <span class='ocrx_word' id='word_1_684' title='bbox 3357 2519 3403 2576; x_wconf 85' lang='grc' dir='ltr'><em>ὧ</em></span> <span class='ocrx_word' id='word_1_685' title='bbox 3428 2524 3724 2591; x_wconf 75' lang='grc' dir='ltr'>ἄνθρωπε,</span> <span class='ocrx_word' id='word_1_686' title='bbox 3768 2529 3803 2577; x_wconf 86' lang='lat'>0&#39;</span> <span class='ocrx_word' id='word_1_687' title='bbox 3835 2525 3958 2593; x_wconf 71' lang='lat' dir='ltr'>xpl~</span> 
     </span>
    </p>
   </div>
   <div class='ocr_carea' id='block_1_93' title="bbox 2363 2605 3959 2674">
    <p class='ocr_par' dir='ltr' id='par_1_93' title="bbox 2363 2605 3959 2674">
     <span class='ocr_line' id='line_1_93' title="bbox 2363 2605 3959 2674; baseline -0.001 -12"><span class='ocrx_word' id='word_1_688' title='bbox 2363 2627 2487 2662; x_wconf 85' lang='grc' dir='ltr'>νων</span> <span class='ocrx_word' id='word_1_689' title='bbox 2515 2608 2659 2674; x_wconf 88' lang='grc' dir='ltr'>τοὺς</span> <span class='ocrx_word' id='word_1_690' title='bbox 2689 2610 2760 2660; x_wconf 86' lang='grc' dir='ltr'>τὰ</span> <span class='ocrx_word' id='word_1_691' title='bbox 2787 2607 3032 2663; x_wconf 88' lang='grc' dir='ltr'>τοιαῦτα</span> <span class='ocrx_word' id='word_1_692' title='bbox 3071 2606 3484 2674; x_wconf 79' lang='grc' dir='ltr'>πράσσοντας,</span> <span class='ocrx_word' id='word_1_693' title='bbox 3516 2606 3614 2659; x_wconf 80' lang='grc' dir='ltr'>καὶ</span> <span class='ocrx_word' id='word_1_694' title='bbox 3643 2605 3837 2660; x_wconf 69' lang='grc' dir='ltr'>ποιῶν</span> <span class='ocrx_word' id='word_1_695' title='bbox 3854 2609 3959 2660; x_wconf 80' lang='grc' dir='ltr'>αὑ·</span> 
     </span>
    </p>
   </div>
   <div class='ocr_carea' id='block_1_94' title="bbox 2365 2689 3960 2759">
    <p class='ocr_par' dir='ltr' id='par_1_94' title="bbox 2365 2689 3960 2759">
     <span class='ocr_line' id='line_1_94' title="bbox 2365 2689 3960 2759; baseline -0.001 -14"><span class='ocrx_word' id='word_1_696' title='bbox 2365 2693 2455 2756; x_wconf 87' lang='grc' dir='ltr'>τὰ,</span> <span class='ocrx_word' id='word_1_697' title='bbox 2493 2691 2583 2745; x_wconf 85' lang='grc' dir='ltr'>ὅτι</span> <span class='ocrx_word' id='word_1_698' title='bbox 2619 2692 2701 2745; x_wconf 91' lang='grc' dir='ltr'>σὺ</span> <span class='ocrx_word' id='word_1_699' title='bbox 2743 2691 3009 2759; x_wconf 65' lang='grc' dir='ltr'>ἐκφεύξῃ</span> <span class='ocrx_word' id='word_1_700' title='bbox 3045 2691 3111 2743; x_wconf 87' lang='grc' dir='ltr'>τὸ</span> <span class='ocrx_word' id='word_1_701' title='bbox 3152 2689 3328 2759; x_wconf 78' lang='grc' dir='ltr'>κρῖμα</span> <span class='ocrx_word' id='word_1_702' title='bbox 3379 2689 3486 2744; x_wconf 87' lang='grc' dir='ltr'>τοῦ</span> <span class='ocrx_word' id='word_1_703' title='bbox 3520 2691 3708 2755; x_wconf 83' lang='grc' dir='ltr'>Θεοῦ;</span> <span class='ocrx_word' id='word_1_704' title='bbox 3749 2694 3829 2745; x_wconf 81' lang='grc' dir='ltr'><strong><em>ἸΙ</em></strong></span> <span class='ocrx_word' id='word_1_705' title='bbox 3854 2690 3960 2746; x_wconf 82' lang='grc' dir='ltr'>τοῦ</span> 
     </span>
    </p>
   </div>
   <div class='ocr_carea' id='block_1_95' title="bbox 2365 2773 3962 2846">
    <p class='ocr_par' dir='ltr' id='par_1_95' title="bbox 2365 2773 3962 2846">
     <span class='ocr_line' id='line_1_95' title="bbox 2365 2773 3962 2846; baseline 0.001 -18"><span class='ocrx_word' id='word_1_706' title='bbox 2365 2777 2634 2828; x_wconf 80' lang='grc' dir='ltr'>πλούτου</span> <span class='ocrx_word' id='word_1_707' title='bbox 2664 2773 2766 2841; x_wconf 83' lang='grc' dir='ltr'>τῆς</span> <span class='ocrx_word' id='word_1_708' title='bbox 2791 2777 3204 2842; x_wconf 78' lang='grc' dir='ltr'>χρηστότητος</span> <span class='ocrx_word' id='word_1_709' title='bbox 3231 2775 3438 2838; x_wconf 82' lang='grc' dir='ltr'>αὑτοῦ,</span> <span class='ocrx_word' id='word_1_710' title='bbox 3463 2776 3561 2828; x_wconf 76' lang='grc' dir='ltr'>καὶ</span> <span class='ocrx_word' id='word_1_711' title='bbox 3591 2773 3702 2842; x_wconf 84' lang='grc' dir='ltr'>τῆς</span> <span class='ocrx_word' id='word_1_712' title='bbox 3730 2775 3962 2846; x_wconf 79' lang='grc' dir='ltr'>ἀνοχῆς</span> 
     </span>
    </p>
   </div>
   <div class='ocr_carea' id='block_1_96' title="bbox 2365 2858 3960 2928">
    <p class='ocr_par' dir='ltr' id='par_1_96' title="bbox 2365 2858 3960 2928">
     <span class='ocr_line' id='line_1_96' title="bbox 2365 2858 3960 2928; baseline 0.001 -16"><span class='ocrx_word' id='word_1_713' title='bbox 2365 2860 2463 2912; x_wconf 79' lang='grc' dir='ltr'>καὶ</span> <span class='ocrx_word' id='word_1_714' title='bbox 2505 2858 2616 2926; x_wconf 84' lang='grc' dir='ltr'>τῆς</span> <span class='ocrx_word' id='word_1_715' title='bbox 2650 2860 3062 2927; x_wconf 76' lang='grc' dir='ltr'>μακροθυμίας</span> <span class='ocrx_word' id='word_1_716' title='bbox 3114 2859 3531 2927; x_wconf 64' lang='grc' dir='ltr'>καταφρονεῖς,</span> <span class='ocrx_word' id='word_1_717' title='bbox 3583 2859 3824 2928; x_wconf 74' lang='grc' dir='ltr'>ἀγνοῶν</span> <span class='ocrx_word' id='word_1_718' title='bbox 3868 2861 3960 2913; x_wconf 79' lang='grc' dir='ltr'>ὅτι</span> 
     </span>
    </p>
   </div>
   <div class='ocr_carea' id='block_1_97' title="bbox 2361 2941 3961 3013">
    <p class='ocr_par' dir='ltr' id='par_1_97' title="bbox 2361 2941 3961 3013">
     <span class='ocr_line' id='line_1_97' title="bbox 2361 2941 3961 3013; baseline 0.001 -17"><span class='ocrx_word' id='word_1_719' title='bbox 2361 2943 2429 2996; x_wconf 82' lang='grc' dir='ltr'>τὸ</span> <span class='ocrx_word' id='word_1_720' title='bbox 2464 2943 2736 3010; x_wconf 83' lang='grc' dir='ltr'>χρηστὸν</span> <span class='ocrx_word' id='word_1_721' title='bbox 2768 2942 2876 2994; x_wconf 86' lang='grc' dir='ltr'>τοῦ</span> <span class='ocrx_word' id='word_1_722' title='bbox 2910 2942 3056 2994; x_wconf 86' lang='grc' dir='ltr'>Θεοῦ</span> <span class='ocrx_word' id='word_1_723' title='bbox 3082 2944 3170 3007; x_wconf 84' lang='grc' dir='ltr'>εις</span> <span class='ocrx_word' id='word_1_724' title='bbox 3193 2941 3520 3010; x_wconf 80' lang='grc' dir='ltr'>μετάνοιάν</span> <span class='ocrx_word' id='word_1_725' title='bbox 3551 2960 3626 2996; x_wconf 86' lang='grc' dir='ltr'>σε</span> <span class='ocrx_word' id='word_1_726' title='bbox 3645 2945 3773 3013; x_wconf 78' lang='grc' dir='ltr'>ἄγει</span> <span class='ocrx_word' id='word_1_727' title='bbox 3791 2961 3810 3009; x_wconf 90' lang='grc'><strong><em>;</em></strong></span> <span class='ocrx_word' id='word_1_728' title='bbox 3846 2947 3961 2998; x_wconf 76' lang='lat' dir='ltr'>Ka-</span> 
     </span>
    </p>
   </div>
   <div class='ocr_carea' id='block_1_98' title="bbox 2362 3023 3963 3096">
    <p class='ocr_par' dir='ltr' id='par_1_98' title="bbox 2362 3023 3963 3096">
     <span class='ocr_line' id='line_1_98' title="bbox 2362 3023 3963 3096; baseline 0.001 -17"><span class='ocrx_word' id='word_1_729' title='bbox 2362 3025 2435 3079; x_wconf 86' lang='grc' dir='ltr'>τὰ</span> <span class='ocrx_word' id='word_1_730' title='bbox 2467 3025 2535 3078; x_wconf 83' lang='grc' dir='ltr'>δὲ</span> <span class='ocrx_word' id='word_1_731' title='bbox 2559 3025 2675 3093; x_wconf 79' lang='grc' dir='ltr'>τὴν</span> <span class='ocrx_word' id='word_1_732' title='bbox 2696 3023 3088 3093; x_wconf 73' lang='grc' dir='ltr'>σκληρότητά</span> <span class='ocrx_word' id='word_1_733' title='bbox 3115 3042 3233 3078; x_wconf 90' lang='grc' dir='ltr'>σου</span> <span class='ocrx_word' id='word_1_734' title='bbox 3253 3026 3352 3078; x_wconf 82' lang='grc' dir='ltr'>καὶ</span> <span class='ocrx_word' id='word_1_735' title='bbox 3381 3027 3798 3095; x_wconf 75' lang='grc' dir='ltr'>ἀμετανόητον</span> <span class='ocrx_word' id='word_1_736' title='bbox 3819 3044 3963 3096; x_wconf 78' lang='grc' dir='ltr'>καρ-</span> 
     </span>
    </p>
   </div>
   <div class='ocr_carea' id='block_1_99' title="bbox 2363 3108 3966 3180">
    <p class='ocr_par' dir='ltr' id='par_1_99' title="bbox 2363 3108 3966 3180">
     <span class='ocr_line' id='line_1_99' title="bbox 2363 3108 3966 3180; baseline 0.001 -16"><span class='ocrx_word' id='word_1_737' title='bbox 2363 3112 2502 3164; x_wconf 86' lang='grc' dir='ltr'>δίαν</span> <span class='ocrx_word' id='word_1_738' title='bbox 2533 3108 2910 3177; x_wconf 79' lang='grc' dir='ltr'>θησαυρίζεις</span> <span class='ocrx_word' id='word_1_739' title='bbox 2942 3108 3180 3174; x_wconf 88' lang='grc' dir='ltr'>σεαυτῷ</span> <span class='ocrx_word' id='word_1_740' title='bbox 3211 3109 3400 3178; x_wconf 80' lang='grc' dir='ltr'>ὀργὴν</span> <span class='ocrx_word' id='word_1_741' title='bbox 3436 3109 3504 3162; x_wconf 84' lang='grc' dir='ltr'>ἐν</span> <span class='ocrx_word' id='word_1_742' title='bbox 3547 3111 3742 3179; x_wconf 68' lang='grc' dir='ltr'>ἡμέρᾳ</span> <span class='ocrx_word' id='word_1_743' title='bbox 3775 3110 3966 3180; x_wconf 70' lang='grc' dir='ltr'>ὀργῆς</span> 
     </span>
    </p>
   </div>
   <div class='ocr_carea' id='block_1_100' title="bbox 2363 3193 3960 3262">
    <p class='ocr_par' dir='ltr' id='par_1_100' title="bbox 2363 3193 3960 3262">
     <span class='ocr_line' id='line_1_100' title="bbox 2363 3193 3960 3262; baseline 0.002 -13"><span class='ocrx_word' id='word_1_744' title='bbox 2363 3196 2462 3249; x_wconf 75' lang='grc' dir='ltr'>καὶ</span> <span class='ocrx_word' id='word_1_745' title='bbox 2498 3195 2941 3261; x_wconf 67' lang='grc' dir='ltr'>ἀποκαλύψεως</span> <span class='ocrx_word' id='word_1_746' title='bbox 2993 3193 3091 3246; x_wconf 76' lang='grc' dir='ltr'>καὶ</span> <span class='ocrx_word' id='word_1_747' title='bbox 3139 3193 3574 3262; x_wconf 73' lang='grc' dir='ltr'>δικαιοκρισίας</span> <span class='ocrx_word' id='word_1_748' title='bbox 3633 3195 3741 3248; x_wconf 85' lang='grc' dir='ltr'>τοῦ</span> <span class='ocrx_word' id='word_1_749' title='bbox 3787 3195 3960 3252; x_wconf 75' lang='grc' dir='ltr'>Θεοῦ.</span> 
     </span>
    </p>
   </div>
   <div class='ocr_carea' id='block_1_101' title="bbox 2365 3273 3962 3348">
    <p class='ocr_par' dir='ltr' id='par_1_101' title="bbox 2365 3273 3962 3348">
     <span class='ocr_line' id='line_1_101' title="bbox 2365 3273 3962 3348; baseline 0.002 -18"><span class='ocrx_word' id='word_1_750' title='bbox 2365 3280 2532 3331; x_wconf 84' lang='grc' dir='ltr'>Ὅταν</span> <span class='ocrx_word' id='word_1_751' title='bbox 2587 3273 2682 3330; x_wconf 81' lang='grc' dir='ltr'>οὖν</span> <span class='ocrx_word' id='word_1_752' title='bbox 2727 3276 2925 3347; x_wconf 73' lang='grc' dir='ltr'>ἴδωμέν</span> <span class='ocrx_word' id='word_1_753' title='bbox 2981 3293 3132 3338; x_wconf 88' lang='grc' dir='ltr'>τινας</span> <span class='ocrx_word' id='word_1_754' title='bbox 3186 3275 3569 3342; x_wconf 84' lang='grc' dir='ltr'>πλουτοῦντας,</span> <span class='ocrx_word' id='word_1_755' title='bbox 3610 3280 3962 3348; x_wconf 83' lang='grc' dir='ltr'>τρυφῶντας,</span> 
     </span>
    </p>
   </div>
   <div class='ocr_carea' id='block_1_102' title="bbox 2366 3359 3964 3435">
    <p class='ocr_par' dir='ltr' id='par_1_102' title="bbox 2366 3359 3964 3435">
     <span class='ocr_line' id='line_1_102' title="bbox 2366 3359 3964 3435; baseline 0.001 -21"><span class='ocrx_word' id='word_1_756' title='bbox 2366 3364 2555 3433; x_wconf 90' lang='grc' dir='ltr'>μύρων</span> <span class='ocrx_word' id='word_1_757' title='bbox 2585 3361 2829 3424; x_wconf 82' lang='grc' dir='ltr'>ὅζοντας,</span> <span class='ocrx_word' id='word_1_758' title='bbox 2856 3361 2914 3410; x_wconf 91' lang='grc' dir='ltr'>ἐν</span> <span class='ocrx_word' id='word_1_759' title='bbox 2939 3359 3076 3430; x_wconf 81' lang='grc' dir='ltr'>μέθῃ</span> <span class='ocrx_word' id='word_1_760' title='bbox 3098 3359 3545 3429; x_wconf 87' lang='grc' dir='ltr'>διημερεύοντας,</span> <span class='ocrx_word' id='word_1_761' title='bbox 3581 3363 3639 3414; x_wconf 90' lang='grc' dir='ltr'>ἐν</span> <span class='ocrx_word' id='word_1_762' title='bbox 3667 3362 3964 3435; x_wconf 66' lang='grc' dir='ltr'>δυναστείᾳ</span> 
     </span>
    </p>
   </div>
   <div class='ocr_carea' id='block_1_103' title="bbox 2362 3443 3966 3517">
    <p class='ocr_par' dir='ltr' id='par_1_103' title="bbox 2362 3443 3966 3517">
     <span class='ocr_line' id='line_1_103' title="bbox 2362 3443 3966 3517; baseline 0.001 -19"><span class='ocrx_word' id='word_1_763' title='bbox 2362 3446 2519 3508; x_wconf 76' lang='grc' dir='ltr'>ὂντας</span> <span class='ocrx_word' id='word_1_764' title='bbox 2551 3445 2643 3498; x_wconf 73' lang='grc' dir='ltr'>καὶ</span> <span class='ocrx_word' id='word_1_765' title='bbox 2674 3443 2801 3517; x_wconf 80' lang='grc' dir='ltr'>δόξῃ</span> <span class='ocrx_word' id='word_1_766' title='bbox 2831 3443 2999 3513; x_wconf 83' lang='grc' dir='ltr'>πολλῇ</span> <span class='ocrx_word' id='word_1_767' title='bbox 3037 3444 3129 3495; x_wconf 82' lang='grc' dir='ltr'>καὶ</span> <span class='ocrx_word' id='word_1_768' title='bbox 3155 3443 3324 3514; x_wconf 82' lang='grc' dir='ltr'>πολλῇ</span> <span class='ocrx_word' id='word_1_769' title='bbox 3356 3447 3421 3515; x_wconf 81' lang='grc' dir='ltr'>τῇ</span> <span class='ocrx_word' id='word_1_770' title='bbox 3450 3445 3722 3517; x_wconf 77' lang='grc' dir='ltr'>φαντασία</span> <span class='ocrx_word' id='word_1_771' title='bbox 3755 3450 3851 3502; x_wconf 78' lang='grc' dir='ltr'>καὶ</span> <span class='ocrx_word' id='word_1_772' title='bbox 3872 3465 3966 3501; x_wconf 81' lang='grc' dir='ltr'>πε-</span> 
     </span>
    </p>
   </div>
   <div class='ocr_carea' id='block_1_104' title="bbox 2367 3527 3962 3602">
    <p class='ocr_par' dir='ltr' id='par_1_104' title="bbox 2367 3527 3962 3602">
     <span class='ocr_line' id='line_1_104' title="bbox 2367 3527 3962 3602; baseline 0.003 -21"><span class='ocrx_word' id='word_1_773' title='bbox 2367 3529 2635 3599; x_wconf 82' lang='grc' dir='ltr'>ριφανείᾳ,</span> <span class='ocrx_word' id='word_1_774' title='bbox 2670 3531 2764 3581; x_wconf 76' lang='grc' dir='ltr'>καὶ</span> <span class='ocrx_word' id='word_1_775' title='bbox 2806 3527 3240 3598; x_wconf 87' lang='grc' dir='ltr'>ἁμαρτάνοντας,</span> <span class='ocrx_word' id='word_1_776' title='bbox 3293 3529 3387 3581; x_wconf 72' lang='grc' dir='ltr'>καὶ</span> <span class='ocrx_word' id='word_1_777' title='bbox 3433 3530 3600 3600; x_wconf 86' lang='grc' dir='ltr'>μηδὲν</span> <span class='ocrx_word' id='word_1_778' title='bbox 3647 3534 3962 3602; x_wconf 79' lang='grc' dir='ltr'>πάσχοντας</span> 
     </span>
    </p>
   </div>
   <div class='ocr_carea' id='block_1_105' title="bbox 2361 3612 3963 3687">
    <p class='ocr_par' dir='ltr' id='par_1_105' title="bbox 2361 3612 3963 3687">
     <span class='ocr_line' id='line_1_105' title="bbox 2361 3612 3963 3687; baseline 0.002 -22"><span class='ocrx_word' id='word_1_779' title='bbox 2361 3613 2554 3677; x_wconf 83' lang='grc' dir='ltr'>δεινὸν,</span> <span class='ocrx_word' id='word_1_780' title='bbox 2601 3612 2669 3665; x_wconf 83' lang='grc' dir='ltr'>δι’</span> <span class='ocrx_word' id='word_1_781' title='bbox 2702 3612 2832 3664; x_wconf 88' lang='grc' dir='ltr'>αὐτὸ</span> <span class='ocrx_word' id='word_1_782' title='bbox 2877 3612 3038 3664; x_wconf 85' lang='grc' dir='ltr'>τοῦτο</span> <span class='ocrx_word' id='word_1_783' title='bbox 3095 3612 3292 3675; x_wconf 81' lang='grc' dir='ltr'>αὐτοὺς</span> <span class='ocrx_word' id='word_1_784' title='bbox 3344 3612 3963 3687; x_wconf 87' lang='grc' dir='ltr'>μάλιστα·δακρύωμεν</span> 
     </span>
    </p>
   </div>
   <div class='ocr_carea' id='block_1_106' title="bbox 2363 3695 3958 3768">
    <p class='ocr_par' dir='ltr' id='par_1_106' title="bbox 2363 3695 3958 3768">
     <span class='ocr_line' id='line_1_106' title="bbox 2363 3695 3958 3768; baseline 0.004 -19"><span class='ocrx_word' id='word_1_785' title='bbox 2363 3697 2457 3749; x_wconf 79' lang='grc' dir='ltr'>καὶ</span> <span class='ocrx_word' id='word_1_786' title='bbox 2518 3695 2828 3768; x_wconf 89' lang='grc' dir='ltr'>θρηνῶμεν,</span> <span class='ocrx_word' id='word_1_787' title='bbox 2891 3697 2972 3748; x_wconf 82' lang='grc' dir='ltr'>ὅτι</span> <span class='ocrx_word' id='word_1_788' title='bbox 3039 3695 3446 3765; x_wconf 81' lang='grc' dir='ltr'>ἁμαρτάνοντες</span> <span class='ocrx_word' id='word_1_789' title='bbox 3495 3701 3555 3750; x_wconf 89' lang='grc' dir='ltr'>οὐ</span> <span class='ocrx_word' id='word_1_790' title='bbox 3614 3699 3958 3762; x_wconf 78' lang='grc' dir='ltr'>κολάζονται.</span> 
     </span>
    </p>
   </div>
   <div class='ocr_carea' id='block_1_107' title="bbox 2365 3774 3960 3856">
    <p class='ocr_par' dir='ltr' id='par_1_107' title="bbox 2365 3774 3960 3856">
     <span class='ocr_line' id='line_1_107' title="bbox 2365 3774 3960 3856; baseline 0.003 -24"><span class='ocrx_word' id='word_1_791' title='bbox 2365 3782 2576 3851; x_wconf 72' lang='grc' dir='ltr'>’Ὠσπερ</span> <span class='ocrx_word' id='word_1_792' title='bbox 2607 3781 2715 3849; x_wconf 86' lang='grc' dir='ltr'>γὰρ</span> <span class='ocrx_word' id='word_1_793' title='bbox 2751 3780 2803 3832; x_wconf 86' lang='grc' dir='ltr'>εῐ</span> <span class='ocrx_word' id='word_1_794' title='bbox 2829 3793 2950 3833; x_wconf 86' lang='grc' dir='ltr'>τινα</span> <span class='ocrx_word' id='word_1_795' title='bbox 2982 3774 3122 3840; x_wconf 81' lang='grc' dir='ltr'>εἶδες</span> <span class='ocrx_word' id='word_1_796' title='bbox 3155 3791 3177 3817; x_wconf 74' lang='grc' dir='ltr'>θ</span> <span class='ocrx_word' id='word_1_797' title='bbox 3213 3780 3387 3851; x_wconf 84' lang='grc' dir='ltr'>ὑδέρῳ</span> <span class='ocrx_word' id='word_1_798' title='bbox 3422 3781 3452 3850; x_wconf 78' lang='grc' dir='ltr'>ἢ</span> <span class='ocrx_word' id='word_1_799' title='bbox 3487 3781 3686 3853; x_wconf 80' lang='grc' dir='ltr'>σπληνὶ</span> <span class='ocrx_word' id='word_1_800' title='bbox 3727 3786 3960 3856; x_wconf 84' lang='grc' dir='ltr'>κατεχό-</span> 
     </span>
    </p>
   </div>
   <div class='ocr_carea' id='block_1_108' title="bbox 2363 3863 3956 3937">
    <p class='ocr_par' dir='ltr' id='par_1_108' title="bbox 2363 3863 3956 3937">
     <span class='ocr_line' id='line_1_108' title="bbox 2363 3863 3956 3937; baseline 0.003 -20"><span class='ocrx_word' id='word_1_801' title='bbox 2363 3882 2546 3935; x_wconf 89' lang='grc' dir='ltr'>μενον,</span> <span class='ocrx_word' id='word_1_802' title='bbox 2582 3864 2615 3935; x_wconf 80' lang='grc' dir='ltr'>ἢ</span> <span class='ocrx_word' id='word_1_803' title='bbox 2647 3863 2916 3934; x_wconf 86' lang='grc' dir='ltr'>σηπεδόνα</span> <span class='ocrx_word' id='word_1_804' title='bbox 2943 3863 3063 3916; x_wconf 82' lang='grc' dir='ltr'>τινὰ</span> <span class='ocrx_word' id='word_1_805' title='bbox 3090 3863 3280 3933; x_wconf 79' lang='grc' dir='ltr'>ἔχοντα</span> <span class='ocrx_word' id='word_1_806' title='bbox 3313 3865 3406 3917; x_wconf 77' lang='grc' dir='ltr'>καὶ</span> <span class='ocrx_word' id='word_1_807' title='bbox 3441 3863 3571 3936; x_wconf 82' lang='grc' dir='ltr'>ἐλκη</span> <span class='ocrx_word' id='word_1_808' title='bbox 3613 3868 3783 3937; x_wconf 85' lang='grc' dir='ltr'>μυρία</span> <span class='ocrx_word' id='word_1_809' title='bbox 3821 3871 3956 3922; x_wconf 65' lang='grc' dir='ltr'>πάνυ</span> 
     </span>
    </p>
   </div>
   <div class='ocr_carea' id='block_1_109' title="bbox 2359 3943 3956 4020">
    <p class='ocr_par' dir='ltr' id='par_1_109' title="bbox 2359 3943 3956 4020">
     <span class='ocr_line' id='line_1_109' title="bbox 2359 3943 3956 4020; baseline 0.002 -19"><span class='ocrx_word' id='word_1_810' title='bbox 2359 3948 2534 4012; x_wconf 81' lang='grc' dir='ltr'>τόθεν,</span> <span class='ocrx_word' id='word_1_811' title='bbox 2569 3943 2686 4000; x_wconf 76' lang='grc' dir='ltr'>εἶτα</span> <span class='ocrx_word' id='word_1_812' title='bbox 2731 3947 2824 3999; x_wconf 76' lang='grc' dir='ltr'>ἐπὶ</span> <span class='ocrx_word' id='word_1_813' title='bbox 2870 3949 3004 3999; x_wconf 82' lang='grc' dir='ltr'>πᾶσι</span> <span class='ocrx_word' id='word_1_814' title='bbox 3051 3949 3264 4010; x_wconf 87' lang='grc' dir='ltr'>τούτοις</span> <span class='ocrx_word' id='word_1_815' title='bbox 3313 3947 3602 4018; x_wconf 88' lang='grc' dir='ltr'>μεθύοντα,</span> <span class='ocrx_word' id='word_1_816' title='bbox 3642 3952 3956 4020; x_wconf 59' lang='grc' dir='ltr'>τρυφῶντα,</span> 
     </span>
    </p>
   </div>
   <div class='ocr_carea' id='block_1_110' title="bbox 2361 4031 3956 4104">
    <p class='ocr_par' dir='ltr' id='par_1_110' title="bbox 2361 4031 3956 4104">
     <span class='ocr_line' id='line_1_110' title="bbox 2361 4031 3956 4104; baseline 0.001 -18"><span class='ocrx_word' id='word_1_817' title='bbox 2361 4034 2457 4086; x_wconf 73' lang='grc' dir='ltr'>καὶ</span> <span class='ocrx_word' id='word_1_818' title='bbox 2498 4033 2559 4085; x_wconf 87' lang='grc' dir='ltr'>τὸ</span> <span class='ocrx_word' id='word_1_819' title='bbox 2589 4032 2803 4101; x_wconf 86' lang='grc' dir='ltr'>νόσημα</span> <span class='ocrx_word' id='word_1_820' title='bbox 2847 4031 3206 4096; x_wconf 87' lang='grc' dir='ltr'>ἐπιτείνοντα,</span> <span class='ocrx_word' id='word_1_821' title='bbox 3238 4032 3298 4083; x_wconf 92' lang='grc' dir='ltr'>οὐ</span> <span class='ocrx_word' id='word_1_822' title='bbox 3332 4033 3491 4102; x_wconf 87' lang='grc' dir='ltr'>μόνον</span> <span class='ocrx_word' id='word_1_823' title='bbox 3531 4034 3590 4085; x_wconf 91' lang='grc' dir='ltr'>οὐ</span> <span class='ocrx_word' id='word_1_824' title='bbox 3628 4033 3956 4104; x_wconf 71' lang='grc' dir='ltr'>θαυμάζεις,</span> 
     </span>
    </p>
   </div>
   <div class='ocr_carea' id='block_1_111' title="bbox 2360 4113 3957 4188">
    <p class='ocr_par' dir='ltr' id='par_1_111' title="bbox 2360 4113 3957 4188">
     <span class='ocr_line' id='line_1_111' title="bbox 2360 4113 3957 4188; baseline 0.004 -20"><span class='ocrx_word' id='word_1_825' title='bbox 2360 4116 2480 4168; x_wconf 85' lang='grc' dir='ltr'>οὐδὲ</span> <span class='ocrx_word' id='word_1_826' title='bbox 2517 4115 2844 4188; x_wconf 77' lang='grc' dir='ltr'>μακαρίζεις</span> <span class='ocrx_word' id='word_1_827' title='bbox 2868 4115 2955 4166; x_wconf 77' lang='grc' dir='ltr'>διὰ</span> <span class='ocrx_word' id='word_1_828' title='bbox 2989 4115 3088 4185; x_wconf 73' lang='grc' dir='ltr'>τὴν</span> <span class='ocrx_word' id='word_1_829' title='bbox 3112 4113 3344 4186; x_wconf 77' lang='grc' dir='ltr'>τρυφὴν,</span> <span class='ocrx_word' id='word_1_830' title='bbox 3370 4116 3507 4170; x_wconf 87' lang='grc' dir='ltr'>ἀλλά</span> <span class='ocrx_word' id='word_1_831' title='bbox 3534 4118 3600 4170; x_wconf 83' lang='grc' dir='ltr'>δι’</span> <span class='ocrx_word' id='word_1_832' title='bbox 3631 4119 3760 4171; x_wconf 85' lang='grc' dir='ltr'>αὐτὸ</span> <span class='ocrx_word' id='word_1_833' title='bbox 3795 4121 3957 4174; x_wconf 81' lang='grc' dir='ltr'>τοῦτο</span> 
     </span>
    </p>
   </div>
   <div class='ocr_carea' id='block_1_112' title="bbox 2363 4197 3955 4275">
    <p class='ocr_par' dir='ltr' id='par_1_112' title="bbox 2363 4197 3955 4275">
     <span class='ocr_line' id='line_1_112' title="bbox 2363 4197 3955 4275; baseline 0.003 -23"><span class='ocrx_word' id='word_1_834' title='bbox 2363 4199 2598 4270; x_wconf 88' lang='grc' dir='ltr'>μάλιστα</span> <span class='ocrx_word' id='word_1_835' title='bbox 2621 4197 2928 4262; x_wconf 80' lang='grc' dir='ltr'>ταλανίζεις</span> <span class='ocrx_word' id='word_1_836' title='bbox 2976 4199 3137 4252; x_wconf 87' lang='grc' dir='ltr'>αὐτόν</span> <span class='ocrx_word' id='word_1_837' title='bbox 3161 4217 3174 4229; x_wconf 91' lang='grc'>·</span> <span class='ocrx_word' id='word_1_838' title='bbox 3216 4199 3358 4252; x_wconf 82' lang='grc' dir='ltr'>οῦτω</span> <span class='ocrx_word' id='word_1_839' title='bbox 3392 4202 3484 4253; x_wconf 79' lang='grc' dir='ltr'>καὶ</span> <span class='ocrx_word' id='word_1_840' title='bbox 3521 4201 3613 4255; x_wconf 82' lang='grc' dir='ltr'>ἐπὶ</span> <span class='ocrx_word' id='word_1_841' title='bbox 3647 4205 3743 4274; x_wconf 82' lang='grc' dir='ltr'>τῆς</span> <span class='ocrx_word' id='word_1_842' title='bbox 3769 4204 3955 4275; x_wconf 75' lang='grc' dir='ltr'>ψυχῆς</span> 
     </span>
    </p>
   </div>
   <div class='ocr_carea' id='block_1_113' title="bbox 2358 4281 3958 4354">
    <p class='ocr_par' dir='ltr' id='par_1_113' title="bbox 2358 4281 3958 4354">
     <span class='ocr_line' id='line_1_113' title="bbox 2358 4281 3958 4354; baseline 0.005 -20"><span class='ocrx_word' id='word_1_843' title='bbox 2358 4282 2592 4350; x_wconf 81' lang='grc' dir='ltr'>λογίζου.</span> <span class='ocrx_word' id='word_1_844' title='bbox 2630 4281 2798 4334; x_wconf 85' lang='grc' dir='ltr'>Ὅταν</span> <span class='ocrx_word' id='word_1_845' title='bbox 2832 4281 2945 4352; x_wconf 75' lang='grc' dir='ltr'>ἴδῃς</span> <span class='ocrx_word' id='word_1_846' title='bbox 2971 4281 3255 4353; x_wconf 82' lang='grc' dir='ltr'>ἄνθρωπον</span> <span class='ocrx_word' id='word_1_847' title='bbox 3289 4285 3524 4354; x_wconf 76' lang='grc' dir='ltr'>πονηρία</span> <span class='ocrx_word' id='word_1_848' title='bbox 3557 4285 3827 4351; x_wconf 84' lang='grc' dir='ltr'>συζῶντα,</span> <span class='ocrx_word' id='word_1_849' title='bbox 3865 4293 3958 4342; x_wconf 76' lang='grc' dir='ltr'>καὶ</span> 
     </span>
    </p>
   </div>
   <div class='ocr_carea' id='block_1_114' title="bbox 2360 4363 3956 4440">
    <p class='ocr_par' dir='ltr' id='par_1_114' title="bbox 2360 4363 3956 4440">
     <span class='ocr_line' id='line_1_114' title="bbox 2360 4363 3956 4440; baseline 0.006 -24"><span class='ocrx_word' id='word_1_850' title='bbox 2360 4365 2559 4435; x_wconf 81' lang='grc' dir='ltr'>πολλῆς</span> <span class='ocrx_word' id='word_1_851' title='bbox 2606 4363 2952 4417; x_wconf 90' lang='grc' dir='ltr'>ἀπολαύοντα</span> <span class='ocrx_word' id='word_1_852' title='bbox 3003 4365 3102 4436; x_wconf 84' lang='grc' dir='ltr'>τῆς</span> <span class='ocrx_word' id='word_1_853' title='bbox 3148 4366 3472 4440; x_wconf 88' lang='grc' dir='ltr'>εὐημερίας,</span> <span class='ocrx_word' id='word_1_854' title='bbox 3518 4370 3612 4420; x_wconf 80' lang='grc' dir='ltr'>καὶ</span> <span class='ocrx_word' id='word_1_855' title='bbox 3648 4370 3797 4423; x_wconf 81' lang='grc' dir='ltr'>οὐδὲν</span> <span class='ocrx_word' id='word_1_856' title='bbox 3851 4374 3956 4426; x_wconf 81' lang='grc' dir='ltr'>πά-</span> 
     </span>
    </p>
   </div>
   <div class='ocr_carea' id='block_1_115' title="bbox 2360 4446 3958 4527">
    <p class='ocr_par' dir='ltr' id='par_1_115' title="bbox 2360 4446 3958 4527">
     <span class='ocr_line' id='line_1_115' title="bbox 2360 4446 3958 4527; baseline 0.004 -26"><span class='ocrx_word' id='word_1_857' title='bbox 2360 4465 2558 4518; x_wconf 88' lang='grc' dir='ltr'>σχοντα</span> <span class='ocrx_word' id='word_1_858' title='bbox 2598 4446 2791 4512; x_wconf 82' lang='grc' dir='ltr'>δεινὸν,</span> <span class='ocrx_word' id='word_1_859' title='bbox 2818 4447 2905 4499; x_wconf 83' lang='grc' dir='ltr'>διὰ</span> <span class='ocrx_word' id='word_1_860' title='bbox 2932 4447 3090 4500; x_wconf 90' lang='grc' dir='ltr'>τοῦτο</span> <span class='ocrx_word' id='word_1_861' title='bbox 3123 4449 3323 4519; x_wconf 84' lang='grc' dir='ltr'>μᾶλλον</span> <span class='ocrx_word' id='word_1_862' title='bbox 3357 4450 3648 4520; x_wconf 81' lang='grc' dir='ltr'>θρήνησον,</span> <span class='ocrx_word' id='word_1_863' title='bbox 3679 4454 3757 4504; x_wconf 81' lang='grc' dir='ltr'>ὅτι</span> <span class='ocrx_word' id='word_1_864' title='bbox 3790 4458 3958 4527; x_wconf 74' lang='grc' dir='ltr'>νοσή-</span> 
     </span>
    </p>
   </div>
   <div class='ocr_carea' id='block_1_116' title="bbox 2359 4531 3956 4613">
    <p class='ocr_par' dir='ltr' id='par_1_116' title="bbox 2359 4531 3956 4613">
     <span class='ocr_line' id='line_1_116' title="bbox 2359 4531 3956 4613; baseline 0.005 -29"><span class='ocrx_word' id='word_1_865' title='bbox 2359 4549 2492 4602; x_wconf 89' lang='grc' dir='ltr'>ματι</span> <span class='ocrx_word' id='word_1_866' title='bbox 2517 4531 2881 4601; x_wconf 83' lang='grc' dir='ltr'>κατεχόμενος</span> <span class='ocrx_word' id='word_1_867' title='bbox 2912 4534 3006 4585; x_wconf 79' lang='grc' dir='ltr'>καὶ</span> <span class='ocrx_word' id='word_1_868' title='bbox 3029 4534 3282 4604; x_wconf 86' lang='grc' dir='ltr'>σηπεδόνι</span> <span class='ocrx_word' id='word_1_869' title='bbox 3315 4535 3699 4608; x_wconf 79' lang='grc' dir='ltr'>χαλεπωτάτῃ,</span> <span class='ocrx_word' id='word_1_870' title='bbox 3731 4539 3831 4610; x_wconf 70' lang='grc' dir='ltr'>τὴν</span> <span class='ocrx_word' id='word_1_871' title='bbox 3856 4545 3956 4613; x_wconf 61' lang='lat' dir='ltr'><em>6f,-</em></span> 
     </span>
    </p>
   </div>
   <div class='ocr_carea' id='block_1_117' title="bbox 2358 4616 3954 4692">
    <p class='ocr_par' dir='ltr' id='par_1_117' title="bbox 2358 4616 3954 4692">
     <span class='ocr_line' id='line_1_117' title="bbox 2358 4616 3954 4692; baseline 0.007 -24"><span class='ocrx_word' id='word_1_872' title='bbox 2358 4616 2593 4686; x_wconf 82' lang='grc' dir='ltr'>ρωστίαν</span> <span class='ocrx_word' id='word_1_873' title='bbox 2641 4617 2923 4680; x_wconf 79' lang='grc' dir='ltr'>ἐπιτείνει,</span> <span class='ocrx_word' id='word_1_874' title='bbox 2964 4617 3052 4670; x_wconf 78' lang='grc' dir='ltr'>διὰ</span> <span class='ocrx_word' id='word_1_875' title='bbox 3079 4619 3176 4687; x_wconf 81' lang='grc' dir='ltr'>τῆς</span> <span class='ocrx_word' id='word_1_876' title='bbox 3207 4623 3418 4690; x_wconf 77' lang='grc' dir='ltr'>τρυφῆς</span> <span class='ocrx_word' id='word_1_877' title='bbox 3452 4621 3544 4672; x_wconf 79' lang='grc' dir='ltr'>καὶ</span> <span class='ocrx_word' id='word_1_878' title='bbox 3573 4623 3672 4692; x_wconf 73' lang='grc' dir='ltr'>τῆς</span> <span class='ocrx_word' id='word_1_879' title='bbox 3709 4625 3954 4691; x_wconf 85' lang='grc' dir='ltr'>ἀνέσεως</span> 
     </span>
    </p>
   </div>
   <div class='ocr_carea' id='block_1_118' title="bbox 2356 4703 3952 4785">
    <p class='ocr_par' dir='ltr' id='par_1_118' title="bbox 2356 4703 3952 4785">
     <span class='ocr_line' id='line_1_118' title="bbox 2356 4703 3952 4785; baseline 0.006 -31"><span class='ocrx_word' id='word_1_880' title='bbox 2356 4703 2554 4774; x_wconf 89' lang='grc' dir='ltr'>χείρων</span> <span class='ocrx_word' id='word_1_881' title='bbox 2584 4703 2890 4772; x_wconf 89' lang='grc' dir='ltr'>γινόμενος.</span> <span class='ocrx_word' id='word_1_882' title='bbox 2931 4703 3011 4768; x_wconf 75' lang='grc' dir='ltr'>Οὐ</span> <span class='ocrx_word' id='word_1_883' title='bbox 3053 4703 3163 4776; x_wconf 80' lang='grc' dir='ltr'>γάρ</span> <span class='ocrx_word' id='word_1_884' title='bbox 3274 4705 3497 4771; x_wconf 87' lang='grc' dir='ltr'>κόλασις</span> <span class='ocrx_word' id='word_1_885' title='bbox 3533 4711 3724 4772; x_wconf 79' lang='grc' dir='ltr'>κακὸν,</span> <span class='ocrx_word' id='word_1_886' title='bbox 3753 4711 3876 4765; x_wconf 78' lang='grc' dir='ltr'>ἀλλ’</span> <span class='ocrx_word' id='word_1_887' title='bbox 3919 4718 3952 4785; x_wconf 71' lang='grc' dir='ltr'>η</span> 
     </span>
    </p>
   </div>
   <div class='ocr_carea' id='block_1_119' title="bbox 2357 4786 3950 4866">
    <p class='ocr_par' dir='ltr' id='par_1_119' title="bbox 2357 4786 3950 4866">
     <span class='ocr_line' id='line_1_119' title="bbox 2357 4786 3950 4866; baseline 0.004 -25"><span class='ocrx_word' id='word_1_888' title='bbox 2357 4788 2601 4858; x_wconf 87' lang='grc' dir='ltr'>ἁμαρτία</span> <span class='ocrx_word' id='word_1_889' title='bbox 2647 4787 2834 4841; x_wconf 86' lang='grc' dir='ltr'>κακόν.</span> <span class='ocrx_word' id='word_1_890' title='bbox 2872 4786 3020 4859; x_wconf 79' lang='grc' dir='ltr'>Αὕτη</span> <span class='ocrx_word' id='word_1_891' title='bbox 3059 4789 3158 4858; x_wconf 84' lang='grc' dir='ltr'>μὲν</span> <span class='ocrx_word' id='word_1_892' title='bbox 3201 4791 3311 4861; x_wconf 76' lang='grc' dir='ltr'>γὰρ</span> <span class='ocrx_word' id='word_1_893' title='bbox 3345 4791 3440 4844; x_wconf 89' lang='grc' dir='ltr'>τοῦ</span> <span class='ocrx_word' id='word_1_894' title='bbox 3470 4792 3607 4846; x_wconf 85' lang='grc' dir='ltr'>Θεοῦ</span> <span class='ocrx_word' id='word_1_895' title='bbox 3641 4795 3950 4866; x_wconf 71' lang='grc' dir='ltr'>-διίστησιν,</span> 
     </span>
    </p>
   </div>
   <div class='ocr_carea' id='block_1_120' title="bbox 2355 4871 3949 4945">
    <p class='ocr_par' dir='ltr' id='par_1_120' title="bbox 2355 4871 3949 4945">
     <span class='ocr_line' id='line_1_120' title="bbox 2355 4871 3949 4945; baseline 0.008 -23"><span class='ocrx_word' id='word_1_896' title='bbox 2355 4871 2537 4941; x_wconf 88' lang='grc' dir='ltr'>ἐκείνη</span> <span class='ocrx_word' id='word_1_897' title='bbox 2561 4871 2617 4924; x_wconf 85' lang='grc' dir='ltr'>δέ</span> <span class='ocrx_word' id='word_1_898' title='bbox 2646 4871 2866 4938; x_wconf 90' lang='grc' dir='ltr'>συνάγει</span> <span class='ocrx_word' id='word_1_899' title='bbox 2891 4873 3040 4945; x_wconf 76' lang='grc' dir='ltr'>ήμᾷς</span> <span class='ocrx_word' id='word_1_900' title='bbox 3067 4873 3201 4944; x_wconf 83' lang='grc' dir='ltr'>πρὸς</span> <span class='ocrx_word' id='word_1_901' title='bbox 3223 4874 3315 4927; x_wconf 86' lang='grc' dir='ltr'>τὸν</span> <span class='ocrx_word' id='word_1_902' title='bbox 3341 4875 3494 4939; x_wconf 82' lang='grc' dir='ltr'>Θεὸν,</span> <span class='ocrx_word' id='word_1_903' title='bbox 3524 4877 3618 4929; x_wconf 76' lang='grc' dir='ltr'>καὶ</span> <span class='ocrx_word' id='word_1_904' title='bbox 3641 4879 3902 4935; x_wconf 78' lang='grc' dir='ltr'>καταλύει</span> <span class='ocrx_word' id='word_1_905' title='bbox 3929 4881 3949 4920; x_wconf 69' lang='grc' dir='ltr'>ί</span> 
     </span>
    </p>
   </div>
   <div class='ocr_carea' id='block_1_121' title="bbox 2353 4953 3952 5037">
    <p class='ocr_par' dir='ltr' id='par_1_121' title="bbox 2353 4953 3952 5037">
     <span class='ocr_line' id='line_1_121' title="bbox 2353 4953 3952 5037; baseline 0.008 -31"><span class='ocrx_word' id='word_1_906' title='bbox 2353 4953 2452 5023; x_wconf 82' lang='grc' dir='ltr'>τὴν</span> <span class='ocrx_word' id='word_1_907' title='bbox 2491 4954 2681 5037; x_wconf 78' lang='grc' dir='ltr'>ὀργήν.</span> <span class='ocrx_word' id='word_1_908' title='bbox 2721 4953 2893 5006; x_wconf 87' lang='grc' dir='ltr'>Πόθεν</span> <span class='ocrx_word' id='word_1_909' title='bbox 2932 4954 3088 5007; x_wconf 84' lang='grc' dir='ltr'>τοῦτο</span> <span class='ocrx_word' id='word_1_910' title='bbox 3119 4957 3316 5027; x_wconf 81' lang='grc' dir='ltr'>δῆλον;</span> <span class='ocrx_word' id='word_1_911' title='bbox 3352 4962 3620 5015; x_wconf 75' lang='grc' dir='ltr'>’Ἄκουσον</span> <span class='ocrx_word' id='word_1_912' title='bbox 3676 4964 3767 5017; x_wconf 87' lang='grc' dir='ltr'>τοῦ</span> <span class='ocrx_word' id='word_1_913' title='bbox 3813 4983 3952 5037; x_wconf 80' lang='grc' dir='ltr'>προ-</span> 
     </span>
    </p>
   </div>
   <div class='ocr_carea' id='block_1_122' title="bbox 2355 5036 3953 5114">
    <p class='ocr_par' dir='ltr' id='par_1_122' title="bbox 2355 5036 3953 5114">
     <span class='ocr_line' id='line_1_122' title="bbox 2355 5036 3953 5114; baseline 0.012 -27"><span class='ocrx_word' id='word_1_914' title='bbox 2355 5039 2527 5106; x_wconf 82' lang='grc' dir='ltr'>φήτου</span> <span class='ocrx_word' id='word_1_915' title='bbox 2570 5036 2838 5104; x_wconf 85' lang='grc' dir='ltr'>λέγοντος·</span> <span class='ocrx_word' id='word_1_916' title='bbox 2903 5041 3328 5108; x_wconf 73' lang='grc' dir='ltr'>Παρακαλεῖτε,</span> <span class='ocrx_word' id='word_1_917' title='bbox 3377 5049 3775 5114; x_wconf 75' lang='grc' dir='ltr'>παρακαλεῖτε</span> <span class='ocrx_word' id='word_1_918' title='bbox 3844 5036 3953 5106; x_wconf 69' lang='grc' dir='ltr'>τὸν</span> 
     </span>
    </p>
   </div>
   <div class='ocr_carea' id='block_1_123' title="bbox 2353 5120 3953 5199">
    <p class='ocr_par' dir='ltr' id='par_1_123' title="bbox 2353 5120 3953 5199">
     <span class='ocr_line' id='line_1_123' title="bbox 2353 5120 3953 5199; baseline 0.009 -26"><span class='ocrx_word' id='word_1_919' title='bbox 2353 5122 2508 5174; x_wconf 79' lang='grc' dir='ltr'>λαόν</span> <span class='ocrx_word' id='word_1_920' title='bbox 2531 5137 2671 5188; x_wconf 83' lang='grc' dir='ltr'>μου,</span> <span class='ocrx_word' id='word_1_921' title='bbox 2705 5120 2898 5188; x_wconf 75' lang='grc' dir='ltr'>ἱερεῖς,</span> <span class='ocrx_word' id='word_1_922' title='bbox 2938 5123 3256 5189; x_wconf 72' lang='grc' dir='ltr'>λαλήσατε</span> <span class='ocrx_word' id='word_1_923' title='bbox 3283 5127 3380 5179; x_wconf 76' lang='grc' dir='ltr'>ἐπὶ</span> <span class='ocrx_word' id='word_1_924' title='bbox 3417 5129 3531 5197; x_wconf 78' lang='grc' dir='ltr'>τὴν</span> <span class='ocrx_word' id='word_1_925' title='bbox 3566 5132 3820 5199; x_wconf 77' lang='grc' dir='ltr'>καρδίαν</span> <span class='ocrx_word' id='word_1_926' title='bbox 3865 5136 3953 5190; x_wconf 77' lang='grc' dir='ltr'>Ἱε-</span> 
     </span>
    </p>
   </div>
   <div class='ocr_carea' id='block_1_124' title="bbox 2345 5203 3950 5282">
    <p class='ocr_par' dir='ltr' id='par_1_124' title="bbox 2345 5203 3950 5282">
     <span class='ocr_line' id='line_1_124' title="bbox 2345 5203 3950 5282; baseline 0.011 -27"><span class='ocrx_word' id='word_1_927' title='bbox 2345 5203 2694 5273; x_wconf 77' lang='grc' dir='ltr'>ρουσαλὴμ,</span> <span class='ocrx_word' id='word_1_928' title='bbox 2735 5203 2825 5258; x_wconf 79' lang='grc' dir='ltr'>ὅτι</span> <span class='ocrx_word' id='word_1_929' title='bbox 2869 5205 3117 5270; x_wconf 77' lang='grc' dir='ltr'>ἐδέξατο</span> <span class='ocrx_word' id='word_1_930' title='bbox 3147 5210 3215 5262; x_wconf 83' lang='grc' dir='ltr'>ἐκ</span> <span class='ocrx_word' id='word_1_931' title='bbox 3256 5214 3455 5279; x_wconf 77' lang='grc' dir='ltr'>χειρὸς</span> <span class='ocrx_word' id='word_1_932' title='bbox 3495 5217 3719 5282; x_wconf 83' lang='grc' dir='ltr'>Κυρίου</span> <span class='ocrx_word' id='word_1_933' title='bbox 3759 5217 3950 5273; x_wconf 67' lang='grc' dir='ltr'>διπλᾶ</span> 
     </span>
    </p>
   </div>
   <div class='ocr_carea' id='block_1_125' title="bbox 2352 5285 3952 5368">
    <p class='ocr_par' dir='ltr' id='par_1_125' title="bbox 2352 5285 3952 5368">
     <span class='ocr_line' id='line_1_125' title="bbox 2352 5285 3952 5368; baseline 0.011 -30"><span class='ocrx_word' id='word_1_934' title='bbox 2352 5287 2423 5340; x_wconf 86' lang='grc' dir='ltr'>τὰ</span> <span class='ocrx_word' id='word_1_935' title='bbox 2460 5285 2849 5354; x_wconf 79' lang='grc' dir='ltr'>ἁμαρτήματα</span> <span class='ocrx_word' id='word_1_936' title='bbox 2887 5289 3098 5357; x_wconf 82' lang='grc' dir='ltr'>αὐτῆς.</span> <span class='ocrx_word' id='word_1_937' title='bbox 3132 5293 3244 5345; x_wconf 61' lang='grc' dir='ltr'>Καὶ</span> <span class='ocrx_word' id='word_1_938' title='bbox 3276 5295 3456 5347; x_wconf 89' lang='grc' dir='ltr'>πάλιν·</span> <span class='ocrx_word' id='word_1_939' title='bbox 3486 5298 3702 5365; x_wconf 83' lang='grc' dir='ltr'>Κύριος</span> <span class='ocrx_word' id='word_1_940' title='bbox 3728 5304 3760 5352; x_wconf 77' lang='grc' dir='ltr'><em>ὁ</em></span> <span class='ocrx_word' id='word_1_941' title='bbox 3798 5303 3952 5368; x_wconf 72' lang='grc' dir='ltr'>Θεὸς</span> 
     </span>
    </p>
   </div>
   <div class='ocr_carea' id='block_1_126' title="bbox 2351 5368 3952 5450">
    <p class='ocr_par' dir='ltr' id='par_1_126' title="bbox 2351 5368 3952 5450">
     <span class='ocr_line' id='line_1_126' title="bbox 2351 5368 3952 5450; baseline 0.009 -29"><span class='ocrx_word' id='word_1_942' title='bbox 2351 5368 2542 5438; x_wconf 70' lang='grc' dir='ltr'>ἡμῶν,</span> <span class='ocrx_word' id='word_1_943' title='bbox 2583 5368 2837 5438; x_wconf 77' lang='grc' dir='ltr'>εἰρήνην</span> <span class='ocrx_word' id='word_1_944' title='bbox 2879 5372 2984 5439; x_wconf 81' lang='grc' dir='ltr'>δὸς</span> <span class='ocrx_word' id='word_1_945' title='bbox 3020 5375 3183 5443; x_wconf 74' lang='grc' dir='ltr'>ἡμῖν·</span> <span class='ocrx_word' id='word_1_946' title='bbox 3231 5376 3428 5430; x_wconf 85' lang='grc' dir='ltr'>πάντα</span> <span class='ocrx_word' id='word_1_947' title='bbox 3469 5379 3578 5448; x_wconf 82' lang='grc' dir='ltr'>γὰρ</span> <span class='ocrx_word' id='word_1_948' title='bbox 3632 5381 3952 5450; x_wconf 71' lang='grc' dir='ltr'>ἀπέδωκας</span> 
     </span>
    </p>
   </div>
   <div class='ocr_carea' id='block_1_127' title="bbox 2351 5453 3949 5540">
    <p class='ocr_par' dir='ltr' id='par_1_127' title="bbox 2351 5453 3949 5540">
     <span class='ocr_line' id='line_1_127' title="bbox 2351 5453 3949 5540; baseline 0.011 -37"><span class='ocrx_word' id='word_1_949' title='bbox 2351 5453 2515 5540; x_wconf 66' lang='grc' dir='ltr'>ἡμῖν.</span> <span class='ocrx_word' id='word_1_950' title='bbox 2548 5455 2656 5540; x_wconf 56' lang='grc' dir='ltr'>Καὶ</span> <span class='ocrx_word' id='word_1_951' title='bbox 2688 5455 2776 5507; x_wconf 81' lang='grc' dir='ltr'>ἵνα</span> <span class='ocrx_word' id='word_1_952' title='bbox 2804 5457 3010 5528; x_wconf 87' lang='grc' dir='ltr'>μάθητε</span> <span class='ocrx_word' id='word_1_953' title='bbox 3035 5460 3116 5512; x_wconf 83' lang='grc' dir='ltr'>ὅτι</span> <span class='ocrx_word' id='word_1_954' title='bbox 3140 5461 3190 5512; x_wconf 85' lang='grc' dir='ltr'>οί</span> <span class='ocrx_word' id='word_1_955' title='bbox 3217 5462 3314 5530; x_wconf 83' lang='grc' dir='ltr'>μὲν</span> <span class='ocrx_word' id='word_1_956' title='bbox 3341 5463 3600 5529; x_wconf 90' lang='grc' dir='ltr'>ἐνταῦθα,</span> <span class='ocrx_word' id='word_1_957' title='bbox 3631 5467 3681 5516; x_wconf 82' lang='grc' dir='ltr'>οἱ</span> <span class='ocrx_word' id='word_1_958' title='bbox 3710 5465 3764 5518; x_wconf 83' lang='grc' dir='ltr'>δέ</span> <span class='ocrx_word' id='word_1_959' title='bbox 3790 5464 3949 5540; x_wconf 64' lang='grc'>[744]</span> 
     </span>
    </p>
   </div>
   <div class='ocr_carea' id='block_1_128' title="bbox 2352 5536 3947 5615">
    <p class='ocr_par' dir='ltr' id='par_1_128' title="bbox 2352 5536 3947 5615">
     <span class='ocr_line' id='line_1_128' title="bbox 2352 5536 3947 5615; baseline 0.01 -26"><span class='ocrx_word' id='word_1_960' title='bbox 2352 5539 2468 5589; x_wconf 82' lang='grc' dir='ltr'>ἐκεῖ</span> <span class='ocrx_word' id='word_1_961' title='bbox 2492 5536 2836 5604; x_wconf 73' lang='grc' dir='ltr'>κολάζονται,</span> <span class='ocrx_word' id='word_1_962' title='bbox 2863 5543 2910 5593; x_wconf 78' lang='grc' dir='ltr'>οἱ</span> <span class='ocrx_word' id='word_1_963' title='bbox 2931 5542 2986 5594; x_wconf 81' lang='grc' dir='ltr'>δὲ</span> <span class='ocrx_word' id='word_1_964' title='bbox 3007 5544 3100 5596; x_wconf 86' lang='grc' dir='ltr'>καὶ</span> <span class='ocrx_word' id='word_1_965' title='bbox 3125 5544 3359 5598; x_wconf 83' lang='grc' dir='ltr'>ἐνταῦθα</span> <span class='ocrx_word' id='word_1_966' title='bbox 3380 5548 3473 5600; x_wconf 78' lang='grc' dir='ltr'>καὶ</span> <span class='ocrx_word' id='word_1_967' title='bbox 3501 5549 3639 5615; x_wconf 87' lang='grc' dir='ltr'>ἐκεῖ,</span> <span class='ocrx_word' id='word_1_968' title='bbox 3675 5536 3947 5605; x_wconf 72' lang='grc' dir='ltr'>ἀκούσατε</span> 
     </span>
    </p>
   </div>
   <div class='ocr_carea' id='block_1_129' title="bbox 2413 5721 2983 5786">
    <p class='ocr_par' dir='ltr' id='par_1_129' title="bbox 2413 5721 2983 5786">
     <span class='ocr_line' id='line_1_129' title="bbox 2413 5721 2983 5786; baseline 0.014 -19"><span class='ocrx_word' id='word_1_969' title='bbox 2413 5721 2437 5760; x_wconf 68' lang='grc' dir='ltr'>ὁ</span> <span class='ocrx_word' id='word_1_970' title='bbox 2460 5723 2554 5786; x_wconf 65' lang='lat' dir='ltr'><strong>Alii</strong></span> <span class='ocrx_word' id='word_1_971' title='bbox 2577 5726 2706 5786; x_wconf 69' lang='grc' dir='ltr'>παρὰ</span> <span class='ocrx_word' id='word_1_972' title='bbox 2733 5725 2816 5773; x_wconf 77' lang='grc' dir='ltr'>τοῦ</span> <span class='ocrx_word' id='word_1_973' title='bbox 2839 5727 2983 5775; x_wconf 84' lang='grc' dir='ltr'>Θεοῦ.</span> 
     </span>
    </p>
   </div>
   <div class='ocr_carea' id='block_1_130' title="bbox 2419 5783 2715 5840">
    <p class='ocr_par' dir='ltr' id='par_1_130' title="bbox 2419 5783 2715 5840">
     <span class='ocr_line' id='line_1_130' title="bbox 2419 5783 2715 5840; baseline 0.01 -10"><span class='ocrx_word' id='word_1_974' title='bbox 2419 5790 2439 5813; x_wconf 62' lang='grc' dir='ltr'>ε</span> <span class='ocrx_word' id='word_1_975' title='bbox 2464 5783 2557 5830; x_wconf 82' lang='lat' dir='ltr'>Alii</span> <span class='ocrx_word' id='word_1_976' title='bbox 2579 5783 2715 5840; x_wconf 70' lang='grc' dir='ltr'>ἴδοις.</span> 
     </span>
    </p>
   </div>
   <div class='ocr_carea' id='block_1_131' title="bbox 2423 5844 3512 5904">
    <p class='ocr_par' dir='ltr' id='par_1_131' title="bbox 2423 5844 3512 5904">
     <span class='ocr_line' id='line_1_131' title="bbox 2423 5844 3512 5904; baseline 0.011 -11"><span class='ocrx_word' id='word_1_977' title='bbox 2423 5844 2440 5883; x_wconf 77' lang='grc' dir='ltr'>ῐ</span> <span class='ocrx_word' id='word_1_978' title='bbox 2471 5847 2549 5894; x_wconf 72' lang='lat' dir='ltr'>Sic</span> <span class='ocrx_word' id='word_1_979' title='bbox 2591 5845 2736 5898; x_wconf 76' lang='lat' dir='ltr'>Sam.</span> <span class='ocrx_word' id='word_1_980' title='bbox 2759 5855 2811 5898; x_wconf 76' lang='lat' dir='ltr'><strong>et</strong></span> <span class='ocrx_word' id='word_1_981' title='bbox 2834 5864 2947 5900; x_wconf 80' lang='lat' dir='ltr'>mss.</span> <span class='ocrx_word' id='word_1_982' title='bbox 2979 5851 3147 5900; x_wconf 74' lang='lat' dir='ltr'>Morel.</span> <span class='ocrx_word' id='word_1_983' title='bbox 3177 5863 3294 5902; x_wconf 80' lang='lat' dir='ltr'>vero</span> <span class='ocrx_word' id='word_1_984' title='bbox 3313 5853 3512 5904; x_wconf 68' lang='grc' dir='ltr'>κωλύει.</span> 
     </span>
    </p>
   </div>
  </div>
