4160 6324
254 408 363 466 εθγ

255 521 430 576 Deum
480 519 784 587 metuebat,
812 533 986 590 neque
1026 517 1270 573 homines
1313 517 1659 571 reverehatur
1694 515 1844 588 (Luc.

254 612 349 671 18.
373 612 411 666 2
429 640 456 652 -
472 610 554 682 5),
576 619 811 666 attamen
853 619 981 665 cum
998 617 1105 664 tam
1133 608 1391 678 improbis
1421 618 1563 663 esset
1591 607 1850 672 moribus,

251 702 388 757 fecit
411 700 540 757 boni
562 699 836 773 quiddam,
865 700 1152 755 miseratus
1174 699 1389 754 viduam
1418 699 1516 769 ipsi
1543 698 1855 771 frequenter

249 793 529 865 negotium
560 795 910 849 facessentem
931 833 946 859 ,
975 807 1217 848 annuens
1255 791 1543 865 postulanti
1584 790 1851 856 ofﬁcium,

251 897 629 957 prmstansque
657 886 798 958 quod
831 885 1131 955 petebatur,
1170 884 1420 940 cohibitis
1452 883 1542 955 qui
1570 883 1711 937 illam
1736 882 1855 937 affi-

252 981 473 1036 ciebant
503 980 717 1051 injuria.
750 978 825 1032 Ita
843 977 1151 1047 frequenter
1185 976 1378 1032 accidit
1403 984 1462 1030 ut
1503 976 1696 1046 aliquis
1728 976 1852 1030 vita:

257 1071 332 1126 sit
375 1069 820 1141 intemperantis,
851 1077 907 1124 et
944 1076 1125 1123 tamen
1165 1068 1236 1123 sit
1275 1060 1621 1123 misericors:
1661 1075 1754 1122 aut
1796 1074 1854 1121 ut

254 1160 380 1231 quis
405 1161 474 1215 sit
503 1161 849 1225 inhumanus,
889 1159 1114 1229 pudicus
1157 1168 1357 1214 tamen.
1397 1157 1550 1224 Quod
1580 1158 1625 1213 si
1653 1158 1849 1213 intem-

256 1265 456 1320 perans
483 1250 641 1306 fuerit
668 1259 723 1305 et
763 1250 902 1304 idem
926 1249 1193 1316 crudelis,
1224 1258 1403 1304 tamen
1443 1263 1607 1303 unum
1633 1247 1848 1318 aliquod

254 1342 405 1396 aliud
431 1342 630 1397 bonum
662 1357 798 1412 Opus
825 1340 952 1397 fecit
981 1342 1034 1396 in
1070 1341 1199 1396 vita.
1231 1340 1438 1395 Rursus
1466 1340 1568 1395 hoc
1597 1338 1737 1394 idem
1758 1354 1848 1394 ar-

252 1432 563 1487 bitrantium
604 1442 682 1487 est
730 1432 800 1488 de
853 1432 1024 1487 bonis.
1052 1430 1526 1499 Quemadmodum
1559 1430 1703 1485 enim
1758 1428 1848 1499 qui

254 1522 478 1590 pessimi
506 1529 653 1588 sunt,
681 1522 881 1576 faciunt
908 1520 1213 1591 frequenter
1232 1520 1356 1575 boni
1376 1518 1627 1589 quiddam
1654 1536 1668 1573 :
1696 1518 1775 1573 sic
1794 1526 1851 1572 et

252 1610 386 1665 boni
419 1612 722 1680 virtuteque
765 1610 977 1680 praediti
1008 1622 1378 1681 saepenumero
1424 1617 1667 1679 peccant.
1721 1608 1849 1673 Quis

252 1702 412 1769 enim,
442 1703 637 1774 inquit,
664 1702 965 1773 gloriabitur
989 1718 1042 1756 se
1069 1710 1265 1755 castum
1290 1687 1473 1754 habere
1490 1716 1599 1765 cor,
1631 1708 1718 1753 aut
1736 1699 1849 1770 quis

253 1794 480 1863 conﬁdet
501 1811 554 1849 se
580 1810 765 1863 purum
789 1810 895 1848 esse
912 1810 944 1847 a
975 1802 1181 1863 peccato
1207 1792 1393 1862 (Prov.
1418 1791 1509 1847 20.
1541 1790 1638 1862 9)?

325 1882 461 1938 Boni
487 1900 590 1937 non
618 1892 790 1937 carent
816 1883 1054 1953 peccatis.
1083 1911 1156 1922 -
1177 1881 1442 1950 Quoniam
1469 1880 1631 1952 igitur
1659 1879 1848 1935 verisi-

252 1974 381 2028 mile
416 1981 502 2029 est
542 1972 764 2027 divitem
796 1973 973 2038 illum,
1017 1972 1143 2027 licet
1180 1971 1247 2025 ad
1286 1979 1585 2025 extremum
1628 1968 1845 2023 malitize

254 2074 595 2134 provectum,
626 2056 830 2133 aliquid
852 2062 1044 2121 fecisse
1068 2061 1192 2116 boni
1224 2078 1239 2116 :
1264 2044 1448 2116 contra
1470 2060 1728 2114 Lazarum
1761 2068 1843 2112 ta-

254 2152 414 2206 metsi
443 2166 653 2206 summa
682 2153 879 2206 virtute
901 2150 1260 2223 prazstitisset,
1290 2148 1490 2219 aliquid
1519 2158 1696 2204 tamen
1729 2148 1845 2203 leve

248 2240 585 2312 deliquisse:
615 2242 733 2297 vide
774 2241 1042 2312 quomodo
1083 2240 1374 2296 declaravit
1420 2249 1704 2310 utrumque
1750 2252 1845 2309 pa-

250 2332 511 2397 triarcha,
535 2333 721 2389 dicens
752 2351 767 2387 :
804 2329 1060 2404 Recepisti
1101 2333 1231 2387 bona
1270 2341 1359 2385 tua
1402 2332 1457 2386 in
1504 2332 1606 2431 uita
1645 2340 1763 2397 tua,
1796 2341 1843 2383 et

248 2420 482 2477 Lazarus
521 2425 757 2479 similiter
790 2426 949 2478 mala.
991 2425 1056 2478 Et
1097 2433 1171 2490 tu,
1202 2422 1393 2493 inquit,
1442 2420 1604 2477 etiam
1645 2422 1692 2477 si
1716 2422 1841 2492 quid

248 2512 376 2567 boni
401 2512 589 2579 fecisti,
622 2514 667 2569 si
693 2530 795 2586 qua
826 2500 1157 2569 merces‘tihi
1183 2515 1497 2578 debebatur,
1528 2514 1642 2569 huic
1661 2514 1841 2569 omnia

246 2602 303 2656 in
352 2604 447 2658 illo
475 2605 675 2660 mundo
709 2606 978 2675 recepisti,
1009 2605 1214 2661 deliciis
1263 2605 1481 2672 fruens,
1525 2605 1722 2661 divitiis
1759 2604 1841 2659 af-

245 2697 441 2761 ﬂuens,
474 2698 634 2752 rebus
661 2699 933 2767 prosperis
962 2707 1146 2764 utens,
1179 2699 1456 2768 multoque
1494 2712 1673 2752 rerum
1714 2713 1837 2754 suc-

242 2798 405 2839 cessu
433 2786 693 2855 gaudens.
736 2786 805 2841 Et
843 2788 928 2842 hic
956 2788 998 2842 si
1029 2788 1155 2858 quid
1189 2788 1313 2843 mali
1353 2787 1514 2854 fecit;
1545 2788 1725 2843 omnia
1752 2804 1837 2845 re-

241 2878 409 2945 cepit,
439 2894 559 2932 eum
588 2878 755 2945 fame,
789 2879 988 2950 inopia,
1019 2881 1271 2934 extremis
1300 2881 1454 2935 malis
1482 2879 1835 2951 affligeretur.

241 2965 431 3036 Itaque
480 2978 716 3024 vestrum
775 2980 999 3039 uterque
1039 2970 1215 3025 nudus
1266 2972 1369 3026 huc
1418 2972 1691 3041 pervenit,
1747 2972 1838 3027 ille

240 3059 506 3125 peccatis,
542 3068 597 3113 tu
624 3060 869 3130 justitia:
912 3062 1258 3131 quamobrem
1292 3074 1345 3118 et
1387 3064 1475 3118 hic
1506 3080 1710 3119 merum
1743 3064 1837 3120 ha-

240 3147 338 3203 bet
364 3149 637 3218 solatium,
664 3162 719 3207 tu
778 3153 1216 3209 inconsolabilem
1263 3156 1496 3211 sustines
1516 3159 1831 3213 cruciatum.

238 3240 453 3296 Etenim
494 3258 617 3297 cum
658 3245 845 3315 exigua
888 3254 1011 3299 sunt
1055 3246 1297 3317 leviaque
1342 3247 1619 3303 benefacta
1658 3250 1831 3316 nobis,

236 3330 429 3401 ingens
457 3342 709 3389 autemet
728 3335 1045 3390 immensum
1078 3346 1415 3405 peccatorum
1445 3354 1615 3394 onus:
1639 3340 1833 3398 deinde

234 3420 328 3477 hic
371 3424 728 3493 prosperitate
778 3425 1024 3492 fruimur,
1068 3442 1240 3497 neque
1272 3428 1563 3498 quidquam
1604 3433 1833 3500 patimur

230 3513 437 3575 acerbi.
471 3530 690 3583 prorsus
727 3517 854 3572 nudi
880 3518 1226 3589 destitutique
1263 3519 1665 3577 benefactorum
1693 3541 1834 3595 prac-

230 3605 359 3658 miis
419 3605 546 3661 binc
609 3607 973 3674 discedimus,
1042 3620 1100 3664 ut
1143 3611 1234 3681 qui
1314 3612 1401 3667 hic
1465 3616 1830 3684 receperimus

231 3696 443 3749 omnia.
493 3696 859 3769 Similiterque
906 3715 1029 3755 cum
1073 3702 1238 3756 multa
1282 3718 1579 3775 magnaque
1620 3706 1830 3764 fuerunt

228 3785 391 3839 nobis
427 3786 727 3854 benefacta,
781 3790 873 3845 sed
926 3792 1116 3862 exigua
1169 3806 1447 3864 paucaque
1486 3796 1713 3860 delicta,
1774 3810 1828 3855 et

227 3888 353 3946 post
410 3879 525 3935 lucc
577 3883 810 3951 patimur
872 3884 1072 3955 aliquid
1138 3887 1318 3940 acerbi
1366 3904 1381 3942 :
1430 3888 1515 3944 hic
1569 3890 1827 3961 depositis

222 3969 519 4027 levioribus
558 3973 663 4028 illis
700 3973 909 4031 delictis
946 3991 1137 4047 puram
1180 3978 1288 4033 illic
1326 3988 1380 4033 et
1409 3980 1698 4049 perfectam
1730 3984 1828 4040 bo-

219 4076 417 4117 norum
441 4078 663 4132 operum
694 4069 1177 4122 remunerationem
1203 4069 1513 4139 accipimus.
1537 4071 1640 4129 Ubi
1664 4090 1823 4145 quem

218 4152 388 4221 igitur
416 4154 612 4209 videris
636 4196 652 4221 ,
698 4156 994 4226 improbam
1031 4167 1276 4230 agentem
1311 4162 1472 4216 vitam
1497 4205 1512 4231 ,
1542 4180 1642 4220 nec
1667 4167 1822 4236 quid-

215 4256 383 4311 quam
416 4241 504 4297 hic
526 4244 703 4299 acerbi
729 4247 1057 4314 patientem:
1088 4265 1154 4303 ne
1179 4250 1382 4318 putaris
1407 4252 1556 4307 illum
1585 4254 1817 4323 beatum,

213 4336 318 4392 sed
344 4335 481 4393 deﬂe
508 4340 683 4408 potius
721 4355 784 4394 ac
812 4340 1030 4409 deplora
1055 4382 1070 4407 ,
1102 4342 1246 4397 velut
1285 4343 1394 4399 illic
1432 4347 1608 4400 omnia
1651 4349 1821 4404 tristia

215 4443 624 4500 wrpessurum,
654 4431 1106 4501 quemadmodum
1159 4433 1310 4489 dives
1336 4436 1446 4491 ille.
1489 4437 1694 4493 Rursus
1732 4442 1819 4496 ubi

212 4536 380 4591 quem
410 4520 608 4576 videris
632 4523 845 4577 virtutis
872 4522 1193 4592 studiosum,
1222 4533 1276 4581 et
1295 4527 1543 4582 eumdem
1576 4530 1820 4588 innume-

213 4615 294 4669 ris
319 4612 482 4685 afﬂigi
512 4614 795 4684 molestiis,
825 4617 1038 4673 beatum
1069 4618 1333 4684 existima,
1367 4617 1576 4675 felicem
1599 4621 1776 4692 judica
1802 4643 1815 4679 :

212 4716 275 4761 ut
304 4707 397 4776 qui
422 4717 478 4761 et
504 4707 593 4763 hic
617 4705 921 4764 omnia‘sua
952 4720 1166 4778 peccata
1194 4711 1432 4777 diluerit,
1460 4723 1514 4768 et
1539 4714 1648 4768 illic
1678 4717 1815 4771 mul-

211 4810 325 4853 tam
358 4799 552 4855 habeat
576 4809 813 4870 paratam
838 4802 1105 4871 patientia:
1127 4804 1452 4872 mercedem,
1477 4808 1819 4876 quemadmo-

206 4892 343 4946 dum
373 4891 499 4946 huic
525 4893 703 4948 evenit
733 4893 953 4947 Lazaro.

283 4984 340 5036 5.
390 4984 523 5039 Nam
565 5000 631 5039 ex
685 4985 990 5040 hominibus
1040 4986 1128 5039 alii
1165 4988 1379 5057 quidem
1423 4988 1509 5045 hic
1541 4990 1816 5050 dumtaxat

203 5077 544 5148 puniuntur,
592 5076 680 5131 alii
723 5092 908 5132 rursus
952 5078 1081 5133 nihil
1119 5079 1208 5135 hic
1240 5082 1343 5136 tale
1386 5085 1676 5155 patiuntur,
1719 5090 1813 5143 sed

202 5184 431 5223 orrmem
477 5168 765 5243 vindictam
815 5171 920 5226 illic
963 5173 1228 5242 recipiunt
1258 5191 1271 5227 :
1301 5174 1389 5229 alii
1418 5191 1545 5231 vero
1574 5186 1686 5233 tum
1728 5180 1814 5236 hic

203 5271 324 5315 tum
352 5260 461 5313 illic
488 5261 797 5329 puniuntur.
831 5261 1031 5316 [lorum
1060 5265 1219 5333 igitur
1241 5266 1420 5334 trium,
1441 5284 1574 5338 quos
1598 5272 1810 5327 tandem

198 5351 463 5423 judicatis
492 5352 715 5407 beatos?
741 5354 855 5409 Non
884 5354 1086 5421 dubito,
1107 5358 1232 5426 quin
1252 5360 1454 5427 primos
1477 5362 1590 5415 illos
1613 5366 1698 5434 qui
1728 5367 1812 5421 hic

204 5444 509 5516 puniuntur
532 5486 545 5509 ,
578 5456 737 5515 atque
770 5448 837 5500 ita
870 5458 1084 5516 peccata
1132 5450 1427 5519 deponunt.
1468 5453 1660 5509 Verum
1694 5468 1812 5527 post

205 5537 334 5592 illos
366 5548 504 5607 quos
541 5537 785 5606 proximo
816 5537 1086 5593 felicitatis
1124 5540 1243 5596 loco
1289 5543 1483 5611 ponitis
1506 5545 1654 5600 ?Vos
1695 5546 1808 5602 for-

205 5628 373 5685 tassis
397 5644 514 5694 eos,
542 5629 630 5699 qui
660 5630 791 5682 nihil
818 5629 902 5685 hic
925 5632 1075 5685 triste
1102 5634 1397 5701 patiuntur,
1430 5635 1522 5689 sed
1551 5637 1659 5692 illic
1688 5654 1805 5694 0m-

208 5736 338 5778 nem
372 5721 530 5775 luunt
560 5736 808 5792 pecuum:
839 5732 894 5776 at
918 5738 1017 5791 ego
1046 5740 1152 5778 non
1180 5727 1332 5790 istos,
1360 5727 1453 5782 sed
1483 5728 1578 5783 hos
1605 5732 1801 5801 potius,

207 5815 299 5884 qui
337 5813 427 5869 hic
460 5810 622 5867 simul
650 5822 704 5868 et
735 5812 840 5868 illic
873 5813 1181 5883 puniuntur.
1214 5818 1344 5871 Nam
1390 5819 1474 5873 hic
1501 5820 1587 5890 qui
1618 5818 1805 5892 pugnas

1433 402 1520 460 DE
1562 402 1838 460 LAZARO
1863 401 2104 461 CONCIO
2142 402 2227 459 ιη.

3456 394 3558 451 998

1963 515 2192 582 dederit,
2217 515 2415 572 sentiet
2442 515 2550 572 illic
2578 530 2788 587 poenam
2834 511 3243 586 levioremzqui
3289 528 3420 572 vero
3461 527 3557 569 co-

1961 615 2116 676 getur
2143 607 2252 662 illic
2283 615 2445 661 totam
2476 622 2689 678 penam
2719 608 3017 676 sustinere,
3049 600 3409 664 inevitabilem
3443 606 3556 661 vin-

1959 695 2155 751 dictam
2181 711 2195 749 :
2219 698 2670 769 quemadmodum
2715 699 2867 756 dives
2905 696 3023 765 bic,
3053 700 3147 772 qui
3186 701 3387 755 nullam
3424 714 3554 771 pec-

1962 795 2202 841 catorum
2238 796 2442 858 partem
2476 789 2666 857 abluit,
2698 790 2835 845 adeo
2872 778 3062 845 severe
3094 788 3311 860 punitus
3336 800 3456 860 est,
3499 802 3558 846 ut

1963 893 2031 934 ne
2071 880 2346 935 minimam
2373 880 2589 951 quidem
2615 890 2814 953 guttam
2847 882 3233 952 impetraverit.
3262 880 3461 938 Verum
3491 883 3559 939 iis

1959 986 2193 1043 quoque,
2223 972 2313 1043 qui
2340 972 2429 1028 hic
2455 988 2577 1029 cum
2608 962 2833 1044 peccant
2852 1013 2870 1042 ,
2899 968 3031 1031 nihil
3060 983 3238 1031 tamen
3264 990 3427 1046 grave
3458 990 3557 1045 pas

1961 1062 2200 1130 tiuutur,
2233 1063 2353 1119 illos
2382 1064 2542 1135 longe
2581 1064 2905 1122 infeliciores
2928 1065 3141 1136 judico,
3168 1065 3259 1138 qui
3300 1080 3422 1121 cum
3470 1065 3557 1121 hic

1960 1168 2066 1208 non
2096 1155 2432 1223 puniantur,
2480 1156 2637 1211 simul
2685 1165 2864 1211 tamen
2910 1156 3119 1213 deliciis
3159 1172 3222 1213 ac
3266 1158 3556 1212 securitate

1959 1243 2227 1299 fruuntur.
2256 1244 2716 1311 Quemadmodum
2745 1246 2889 1322 enim
2933 1247 3019 1301 hic
3045 1262 3154 1302 nou
3192 1246 3323 1302 dare
3367 1261 3555 1317 pmnas

1960 1348 2057 1403 pro
2076 1335 2403 1402 commissis,
2428 1336 2541 1391 illic
2564 1336 2860 1391 cruciatum
2884 1335 3064 1392 reddit
3086 1338 3410 1393 atrociorem
3437 1356 3451 1393 :
3482 1338 3552 1394 ita

1956 1422 2085 1477 dum
2128 1433 2384 1494 peccant,
2413 1426 2709 1498 voluptati,
2745 1426 2988 1493 deliciis,
3035 1427 3325 1498 multaeque
3372 1443 3550 1483 rerum

1956 1512 2246 1569 afﬂuentia:
2274 1510 2586 1586 indulgere,
2619 1517 2837 1585 majoris
2864 1532 3037 1587 paena:
3065 1517 3322 1573 viaticum
3357 1518 3464 1572 illis
3489 1531 3552 1570 ac

1956 1604 2235 1659 materiam
2267 1605 2379 1661 illic
2407 1606 2632 1678 colligit.
2661 1606 2794 1663 Nam
2821 1622 2943 1662 cum
2972 1616 3259 1679 peccantes
3281 1622 3379 1662 nos
3410 1605 3551 1662 Deus

1956 1693 2123 1749 afficit
2163 1697 2478 1764 honoribus,
2517 1714 2582 1753 ea
2607 1714 2694 1755 res
2738 1699 3079 1770 potissimum
3117 1711 3219 1754 nos
3246 1697 3300 1753 in
3335 1698 3551 1769 gravius

1956 1786 2260 1841 incendium
2284 1786 2505 1859 injicere
2531 1790 2747 1859 poterit.

2026 1874 2274 1947 Impietas
2314 1878 2443 1949 felix
2485 1879 2936 1950 periculosissima.
2976 1909 3051 1921 —
3095 1878 3307 1934 Etenim
3347 1879 3392 1933 si
3430 1879 3549 1949 quis

1956 1968 2049 2022 Dei
2077 1968 2298 2025 lenitate
2318 1969 2528 2025 fruatur
2556 1980 2761 2026 tantum
2784 2012 2799 2038 ,
2831 1986 2933 2027 nec
2951 1985 3016 2028 ea
3049 1970 3118 2027 ad
3144 1970 3198 2026 id
3219 1970 3363 2041 quod
3389 1983 3550 2041 Opor-

1955 2061 2054 2116 tuit
2075 2071 2275 2130 utatur,
2297 2065 2534 2120 atrocius
2555 2065 2875 2136 supplicium
2903 2064 3005 2120 sibi
3032 2075 3203 2136 parat.
3226 2063 3327 2121 Ubi
3354 2071 3548 2133 praeter

1956 2150 2048 2207 Dei
2074 2152 2343 2208 lenitatem
2366 2154 2528 2209 etiam
2549 2154 2846 2210 honoribus
2866 2155 3068 2225 potitur
3088 2155 3358 2220 maximis,
3377 2154 3546 2208 nihilo

1952 2244 2129 2299 secius
2158 2253 2338 2301 tamen
2382 2247 2621 2316 persistit
2642 2247 2695 2301 in
2742 2247 3014 2318 nequitia:
3041 2247 3163 2318 quis
3203 2262 3325 2301 eum
3358 2244 3546 2314 eripiet

1951 2335 2021 2390 ab
2070 2336 2161 2420 illo
2211 2339 2513 2407 supplicio?
2561 2339 2771 2394 Etenim
2820 2350 2877 2394 ut
2916 2340 3218 2409 intelligas,
3266 2338 3407 2419 quod
3451 2337 3546 2408 qui

1954 2427 2047 2482 Dei
2097 2428 2371 2491 lenitatem
2418 2429 2507 2485 hic
2558 2431 2940 2500 experiuntur,
2993 2430 3193 2486 malum
3235 2429 3546 2484 universum

1950 2519 2061 2573 illic
2112 2519 2214 2574 sibi
2286 2532 2641 2588 coaeervant,
2692 2521 2751 2577 ni
2820 2521 3175 2591 resipuerint,
3227 2519 3351 2576 audi
3414 2518 3543 2590 quid

1948 2610 2091 2667 dicat
2128 2612 2365 2668 Paulus:
2416 2613 2690 2669 Existimas
2736 2624 2923 2681 autem,
2954 2629 2985 2668 ο
3026 2614 3206 2678 Itonia,
3238 2614 3323 2684 qui
3363 2611 3547 2665 condc~

1948 2720 2092 2759 muas
2137 2722 2224 2760 eos
2266 2707 2354 2775 qui
2402 2707 2525 2761 talia
2575 2706 2800 2777 faciunt,
2830 2714 2877 2761 et
2920 2707 3048 2779 facis
3090 2705 3303 2769 eadem,
3335 2703 3470 2773 quod
3491 2711 3543 2756 tu

1947 2797 2158 2869 effugies
2215 2785 2472 2869 judicium
2502 2798 2641 2853 Dei?
2682 2800 2763 2854 An
2802 2800 3003 2855 divitias
3033 2799 3267 2854 bonitatis
3303 2797 3443 2854 illius
3484 2810 3547 2850 ac

1945 2893 2221 2962 patientiae,
2247 2892 2563 2963 lenitatisque
2586 2892 2881 2957 contemnis,
2909 2894 3152 2963 ignorans
3178 2888 3315 2963 quod
3340 2889 3545 2943 bonitas

1948 2983 2041 3037 Dei
2096 2984 2164 3036 ad
2215 2985 2558 3053 paenitentiam
2606 2994 2654 3038 te
2689 2984 2910 3040 invitat?
2955 2983 3063 3048 Sed
3090 2984 3248 3053 juxta
3304 2982 3543 3036 duritiem

1946 3084 2118 3140 tuam,
2159 3084 2205 3127 et
2249 3091 2338 3127 cor
2387 3066 2725 3146 impaenitens,
2777 3062 3010 3131 recondis
3059 3073 3147 3129 tibi
3180 3074 3281 3145 ipsi
3328 3073 3459 3127 iram
3488 3072 3542 3126 in

1943 3166 2025 3220 die
2072 3168 2162 3220 ira:
2211 3183 2271 3219 ac
2318 3166 2637 3220 reuelationis
2678 3177 2723 3219 et
2750 3167 2881 3238 justi
2911 3166 3098 3237 judicii
3142 3163 3235 3218 Dei
3262 3164 3441 3235 (Rom.
3481 3161 3538 3217 2.

1943 3258 1995 3312 5.
2028 3255 2108 3329 5).
2142 3257 2283 3327 Ergo
2312 3273 2433 3313 cum
2460 3256 2754 3313 viderimus
2783 3259 2991 3328 aliquos
3011 3256 3203 3329 opibus
3232 3254 3536 3322 afﬂuentes,

1941 3350 2145 3405 deliciis
2172 3351 2431 3419 fruentes,
2476 3362 2748 3424 unguenta
2780 3353 3008 3418 olentes,
3039 3352 3091 3406 in
3123 3348 3431 3407 temulentis
3458 3356 3541 3403 to-

1942 3450 2025 3497 tos
2071 3443 2187 3498 dies
2230 3444 2601 3512 traducentes,
2652 3444 2704 3498 in
2748 3444 3063 3517 magistratu
3103 3451 3159 3499 ct
3194 3441 3436 3508 honore,
3482 3440 3537 3496 in

1939 3536 2102 3590 multa
2127 3552 2320 3607 pompa
2366 3546 2420 3591 et
2443 3537 2760 3592 claritudine
2782 3579 2795 3600 ,
2825 3545 3141 3606 peccantes,
3184 3549 3355 3606 neque
3390 3532 3538 3604 quid-

1937 3642 2094 3697 quam
2118 3627 2272 3683 triste
2299 3628 2591 3698 patientes,
2639 3627 2737 3683 hac
2777 3629 2888 3698 ipsa
2915 3628 2982 3683 de
3006 3642 3164 3682 causa
3191 3626 3421 3680 maxime
3451 3624 3537 3679 dc-

1938 3718 2162 3774 fleamus
2191 3733 2254 3774 ac
2277 3718 2619 3789 deploremus
2650 3719 2770 3773 illos
2794 3760 2809 3784 ,
2837 3718 2981 3788 quod
3007 3717 3133 3772 dum
3175 3724 3399 3787 peccant
3428 3729 3532 3769 non

1937 3810 2245 3878 puniuntur.
2278 3810 2347 3865 Ut
2372 3811 2515 3865 enim
2544 3810 2587 3863 si
2614 3825 2772 3880 quem
2807 3809 3005 3864 videris
3033 3807 3261 3878 hydrOpi
3289 3814 3379 3862 aut
3406 3805 3535 3861 vitio

1935 3899 2137 3969 splenis
2162 3900 2473 3964 obnoxium,
2508 3910 2598 3953 aut
2626 3899 2749 3955 tabo
2790 3899 3494 3969 quopiam‘mareescentem
3517 3937 3533 3960 ,

1935 3993 2231 4049 innumeris
2271 3993 2505 4064 undique
2551 3992 2766 4063 plenum
2811 3992 3113 4057 ulceribus,
3148 3990 3318 4045 nihilo
3357 3989 3533 4045 secius

1935 4094 2111 4140 tamen
2157 4100 2278 4139 cum
2309 4085 2392 4138 his
2419 4084 2701 4151 omnibus,
2752 4083 3077 4139 temulentiae
3108 4097 3170 4137 ac
3195 4081 3403 4137 deliciis
3446 4080 3527 4134 in-

1932 4177 2265 4247 dulgeutem,
2286 4176 2512 4233 reddere
2540 4177 2787 4243 morbum
2817 4176 3107 4240 acriorem,
3138 4175 3273 4229 adeo
3300 4187 3406 4228 non
3434 4173 3534 4226 mi-

1934 4269 2067 4323 raris
2093 4278 2184 4324 aut
2209 4269 2421 4325 beatum
2444 4268 2654 4339 judicas
2693 4284 2815 4323 eum
2842 4268 2911 4323 ob
2936 4265 3157 4322 delicias
3177 4307 3191 4332 ,
3222 4273 3281 4321 ut
3318 4265 3388 4320 ob
3428 4264 3534 4319 hcc

1931 4361 2104 4430 ipsum
2129 4360 2289 4415 etiam
2331 4361 2563 4415 maxime
2587 4360 2843 4415 miserum
2866 4359 3144 4414 existimes
3167 4375 3180 4412 :
3208 4356 3457 4411 similiter
3477 4365 3532 4409 et

1928 4453 1996 4508 de
2026 4455 2204 4508 anima
2226 4454 2477 4525 cogitato.
2511 4454 2612 4509 Ubi
2642 4453 2837 4509 videris
2871 4452 3143 4507 hominem
3174 4467 3429 4522 perverse
3453 4451 3532 4506 vi-

1928 4558 2183 4614 ventem,
2235 4548 2513 4618 multaque
2582 4546 2840 4603 fruentem
2910 4546 3305 4616 prosperitate,
3355 4560 3530 4616 neque

1928 4637 2079 4691 triste
2105 4636 2397 4707 quidquam
2428 4638 2751 4707 patientem,
2789 4636 2859 4692 ob
2885 4635 2989 4691 hoc
3018 4637 3193 4706 ipsum
3236 4636 3407 4706 magis
3434 4634 3531 4690 de-

1927 4726 2094 4796 plora,
2129 4727 2270 4798 quod
2316 4743 2439 4782 cum
2482 4727 2673 4782 morbo
2707 4727 3134 4797 gravissimoque
3176 4726 3302 4781 tabo
3328 4727 3401 4782 sit
3441 4727 3531 4781 oh-

1926 4818 2117 4872 noxius
2142 4859 2157 4883 ,
2206 4826 2385 4873 tamen
2425 4817 2663 4873 deterior
2703 4818 2805 4880 sit,
2859 4818 3107 4873 morhum
3138 4818 3346 4874 deliciis
3391 4819 3529 4874 vita-

1926 4924 2031 4977 que
2056 4908 2313 4963 dissoluta
2344 4924 2689 4980 exasperatis.
2720 4909 2835 4965 Non
2862 4912 3005 4964 enim
3034 4912 3245 4980 puniri,
3286 4910 3380 4966 sed
3411 4926 3529 4982 pec-

1923 5014 2048 5054 care
2078 5000 2275 5054 malum
2297 5011 2399 5057 est.
2423 4999 2556 5078 lfiam
2581 5001 2686 5055 hoc
2706 5001 2920 5071 quidem
2946 5016 2975 5055 a
3001 5002 3112 5056 Deo
3135 5012 3370 5072 separat,
3395 5003 3525 5058 illud

1921 5106 2051 5146 vero
2072 5106 2172 5145 nos
2191 5092 2256 5146 ad
2282 5092 2449 5146 Deum
2471 5092 2753 5161 recolligit,
2792 5092 3035 5163 iramque
3066 5092 3329 5147 dissolvit.
3372 5092 3524 5150 Unde

1924 5180 2026 5235 hoc
2045 5181 2257 5251 liquet‘l
2285 5182 2422 5236 Audi
2465 5182 2781 5253 prophetam
2818 5183 3085 5238 dicentem
3113 5202 3124 5237 :
3153 5183 3520 5248 Consolamini,

1921 5274 2253 5328 consolamim'
2278 5274 2523 5345 populum
2544 5291 2708 5328 meum
2729 5276 3037 5338 sacerdotes,
3053 5276 3319 5346 loquimini
3343 5278 3413 5329 ad
3435 5294 3524 5331 cor

1918 5365 2227 5433 Jerusalem,
2261 5368 2503 5438 quoniam
2551 5367 2743 5435 accepit
2770 5368 2833 5422 de
2865 5385 3021 5422 manu
3057 5368 3267 5423 Domini
3296 5370 3521 5441 duplicia

1919 5448 2123 5528 peccat'a
2144 5475 2237 5511 sua
2262 5456 2417 5528 (Isai.
2443 5459 2532 5514 40.
2558 5461 2612 5514 1.
2636 5458 2716 5531 2).
2739 5462 2814 5514 Ac
2838 5476 3058 5516 rursus:
3082 5458 3320 5527 Domine,
3345 5479 3519 5534 pacem

1919 5550 1988 5603 da
2030 5552 2172 5606 nobis
2202 5570 2220 5605 :
2250 5569 2371 5606 nam
2392 5555 2561 5607 omnia
2589 5555 2857 5609 reddidisti
2884 5556 3028 5610 nobis
3056 5554 3165 5625 (Id.
3186 5556 3278 5611 26.
3311 5557 3423 5629 12).
3449 5558 3518 5614 Ut

1917 5654 2094 5698 autem
2114 5645 2418 5716 intelligatis
2445 5648 2578 5702 alios
2608 5647 2715 5714 hic,
2748 5648 2883 5703 alios
2909 5648 3014 5703 illic
3036 5650 3229 5718 puniri,
3250 5650 3384 5704 alios
3402 5661 3512 5705 tum

1917 5735 2003 5791 hic
2033 5746 2142 5791 tum
2176 5738 2303 5805 illic,
2336 5739 2514 5794 audite
2544 5740 2667 5811 quid
2707 5741 2835 5795 dicit
2858 5741 3072 5805 Paulus,
3116 5741 3514 5811 reprehendens

1918 5843 2009 5884 eos
2038 5830 2125 5900 qui
2157 5830 2370 5901 indigne
2398 5834 2861 5889 communicabant
2890 5835 3176 5905 mysteriis.
3208 5834 3340 5890 Cum
3363 5834 3451 5889 eni
