4142 6332
629 389 745 450 Ὧδε)

641 517 890 581 dixisset,
928 514 1028 582 Qui
1054 514 1153 569 edit
1179 530 1239 568 ac
1265 514 1386 568 bibit
1416 515 1620 586 indigne
1649 531 1829 583 corpus
1853 525 1898 568 et
1924 511 2220 583 sanguinem

646 609 878 677 Domini,
910 625 1022 662 reus
1048 609 1135 662 erit
1168 609 1393 676 corporis
1419 618 1462 660 et
1489 608 1748 677 sanguinis
1779 605 1964 660 Christi
1993 606 2072 674 (1.
2103 603 2219 657 Cor.

649 700 734 754 11.
761 699 874 768 27),
905 698 1126 766 subjecit
1157 698 1331 751 illico:
1362 696 1487 750 Ideo
1525 698 1656 750 inter
1685 714 1770 751 vos
1801 697 1944 757 multi
1966 695 2154 763 inﬁrmi
2179 702 2225 746 et

648 789 936 854 imbecilles,
969 797 1014 842 et
1045 789 1298 841 dormiunt
1321 788 1489 842 multi.
1520 783 1722 842 Etenim
1743 788 1785 840 si
1815 803 1906 841 nos
1930 787 2066 856 ipsos
2087 783 2226 849 diiu-

647 883 947 944 dicaremus,
977 897 1077 934 non
1109 881 1278 951 utique
1309 881 1680 950 judicaremur.
1712 879 1866 933 Nunc
1908 889 2075 933 autem
2114 895 2226 931 cum

647 971 953 1038 iudicamur,
982 987 1011 1024 a
1047 970 1266 1024 Domino
1295 971 1616 1040 corripimur,
1663 986 1727 1023 ne
1754 985 1869 1022 cum
1893 970 2079 1022 mundo
2102 984 2225 1022 con-

646 1063 941 1116 demnemur
961 1061 1065 1128 (Ib.
1098 1079 1144 1114 υ.
1179 1060 1391 1133 δοέὸἓ).
1429 1062 1584 1116 Vides
1610 1061 1877 1131 quomodo
1905 1060 1990 1114 hic
2027 1058 2224 1114 inﬂicta

648 1170 803 1225 ptena
834 1170 930 1210 nos
958 1155 1146 1209 liberal
1172 1171 1198 1208 δ
1233 1171 1385 1225 paena
1412 1170 1529 1225 quze
1576 1155 1683 1209 illic
1718 1155 1832 1209 est?
1862 1154 1924 1209 Et
1952 1153 2018 1207 de
2046 1158 2111 1208 e'o
2141 1154 2228 1223 qui

647 1257 889 1317 stuprum
917 1249 1277 1314 commiserat,
1308 1249 1474 1319 inquit
1498 1266 1510 1302 :
1538 1245 1748 1300 Tradite
1772 1246 2019 1317 ejusmodi
2068 1245 2230 1298 homi-

646 1357 763 1394 nem
786 1349 979 1416 satana:
1007 1341 1058 1392 in
1087 1341 1340 1393 interitum
1367 1340 1557 1404 carnis,
1585 1348 1638 1394 ut
1658 1336 1866 1408 spiritus
1889 1338 2057 1392 salvus
2086 1338 2149 1391 sit
2178 1337 2229 1390 in

645 1431 728 1486 die
757 1430 963 1485 Domini
992 1433 1150 1502 nostri
1173 1431 1298 1484 Jesu
1319 1432 1510 1486 Christi
1551 1431 1628 1502 (1.
1662 1430 1784 1484 Cor.
1814 1431 1866 1484 5.
1897 1428 1971 1499 5).
2013 1429 2148 1496 Quin
2177 1435 2230 1481 et

644 1539 709 1577 ex
744 1525 857 1593 ipso
882 1523 1082 1578 Lazaro
1106 1523 1205 1578 hoc
1223 1524 1558 1592 perspicuum
1578 1531 1677 1588 est,
1703 1522 1841 1592 quod
1859 1523 2017 1576 etiam
2043 1522 2087 1575 si
2105 1519 2230 1590 quid

648 1615 771 1670 mali
798 1616 1156 1679 commiserat,
1189 1615 1276 1670 hic
1302 1617 1548 1681 abluerit,
1570 1617 1744 1684 itaque
1772 1607 1898 1669 illuc
1912 1629 2070 1683 purus
2088 1613 2232 1668 abie-

649 1707 737 1760 rit.
784 1706 927 1761 ldem
960 1723 1086 1760 vero
1125 1716 1178 1762 et
1207 1723 1273 1762 ex
1310 1707 1399 1760 illo
1426 1707 1713 1778 paralytico
1741 1704 2080 1761 manifestum
2124 1714 2227 1771 est,

649 1799 736 1866 qui
765 1799 974 1868 triginta
997 1807 1118 1851 octo
1138 1811 1304 1851 annos
1333 1797 1582 1852 laborans
1610 1797 1937 1860 infirmitate,
1965 1812 2060 1866 per
2085 1811 2231 1850 mor-

650 1888 773 1942 bum
817 1888 1119 1943 diuturnum
1147 1898 1363 1957 peccata
1400 1888 1666 1957 deposuit.
1715 1887 1978 1942 Caeterum
2011 1895 2068 1940 ut
2095 1888 2231 1941 scias

649 1979 798 2033 illum
827 1979 894 2033 ob
923 1991 1133 2050 peccata
1182 1980 1537 2036 sicafﬂictum
1569 1978 1750 2044 fuisse,
1781 1980 1904 2034 audi
1930 1979 2053 2049 quid
2106 1979 2232 2034 dicit

649 2067 892 2124 Christus
916 2088 927 2123 :
955 2068 1088 2124 Ecce
1113 2086 1266 2124 sanus
1298 2071 1463 2138 factus
1491 2086 1577 2136 es;
1616 2086 1678 2123 ne
1709 2071 1918 2140 posthac
1955 2086 2144 2138 pecces,
2171 2087 2232 2124 ne

649 2160 771 2225 quid
795 2150 1053 2231 contingat
1079 2160 1164 2213 tibi
1193 2160 1411 2214 deterius
1437 2160 1612 2229 (Joan.
1645 2161 1696 2216 5.
1729 2160 1837 2231 14).
1871 2163 1945 2215 Ex
1970 2163 2050 2214 his
2075 2162 2232 2231 igitur

649 2249 851 2304 clarum
881 2258 983 2315 est,
1008 2265 1125 2304 esse
1154 2248 1411 2320 quosdam
1435 2250 1526 2320 qui
1565 2250 1648 2304 hic
1675 2251 1986 2320 puniuntur,
2016 2267 2079 2306 ac
2106 2268 2232 2322 pec~

640 2328 764 2394 cata
787 2341 1078 2411 deponunt.

722 2431 776 2486 6.
801 2423 1020 2498 Quidam
1035 2434 1146 2486 etin
1173 2433 1267 2486 hoc
1291 2433 1411 2502 etin
1439 2433 1598 2488 altero
1619 2436 1803 2488 saeculo
1836 2436 2136 2504 puniuntur.
2162 2467 2235 2476 —

643 2521 801 2590 Quod
830 2532 1007 2576 autem
1038 2523 1202 2592 aliqui
1245 2533 1353 2577 tum
1397 2524 1480 2577 hic
1504 2565 1518 2588 ,
1552 2532 1661 2578 tum
1693 2525 1802 2578 illic
1842 2527 2123 2594 puniantur
2145 2567 2159 2590 ,
2191 2526 2234 2579 si

654 2612 829 2666 minus
861 2628 962 2683 pro
999 2622 1331 2682 peccatorum
1363 2615 1738 2686 magnitudine
1768 2614 1854 2669 hic
1897 2617 2093 2670 iuerint
2122 2631 2231 2685 pte-

653 2719 787 2770 uas,
812 2705 934 2758 audi
975 2705 1099 2775 quid
1130 2705 1195 2759 de
1224 2705 1513 2760 Sodomitis
1545 2706 1685 2760 dicat
1724 2708 1964 2762 Christus
1997 2726 2010 2762 :
2042 2711 2237 2764 etenim

646 2811 772 2848 cum
803 2795 1048 2863 dixisset,
1081 2795 1391 2865 Quicumque
1417 2814 1516 2850 non
1537 2800 1778 2867 receperit
1809 2815 1913 2865 vos,
1943 2801 2091 2854 etiam
2121 2802 2237 2870 pul-

652 2902 811 2940 verem
843 2886 1025 2955 pedum
1046 2898 1318 2941 vestrorum
1340 2889 1394 2941 in
1423 2905 1507 2942 eos
1533 2892 1745 2944 excutite
1771 2891 1921 2961 (Luc.
1948 2892 1998 2946 9.
2024 2894 2100 2963 5),
2125 2895 2240 2948 sub-

649 2975 820 3043 ,junxit
846 2991 861 3025 :
884 2974 1215 3030 Tolerabilius
1254 2978 1347 3029 erit
1382 2987 1535 3032 terra;
1576 2977 1914 3033 Sodomorum
1951 2992 1996 3035 et
2022 2980 2237 3035 Gomor-

653 3067 781 3130 rhtr,
810 3083 961 3137 quam
975 3068 1173 3121 civitati
1216 3067 1292 3122 illi
1320 3068 1437 3139 (Id.
1465 3070 1550 3126 10.
1585 3071 1695 3142 12).
1726 3073 1876 3138 Quod
1901 3083 2077 3128 autem
2109 3076 2242 3131 dixit

657 3156 982 3221 tolerabilius,
1012 3156 1152 3212 hunc
1169 3157 1336 3214 habet
1357 3176 1593 3227 sensum,
1617 3163 1757 3232 quod
1785 3163 1857 3218 illi
1882 3173 1990 3217 tum
2009 3181 2238 3235 quoque,

618 3261 620 3263 '
657 3249 865 3303 tametsi
909 3248 1117 3312 levius,
1170 3250 1343 3307 forent
1395 3255 1644 3324 puniendi
1661 3256 2147 3328 ,quandoquidetu
2190 3260 2243 3313 in

658 3336 760 3390 bac
792 3338 894 3392 vita
927 3339 1188 3395 dederunt
1215 3357 1420 3411 prunas.
1457 3344 1627 3398 Porro
1671 3347 1956 3401 nonnullos
2000 3362 2119 3403 esse
2154 3351 2240 3420 qui

661 3427 746 3481 hic
771 3429 983 3496 quidem
1025 3431 1155 3485 nihil
1203 3434 1414 3487 molesti
1458 3435 1728 3503 patiuntur
1755 3477 1769 3499 ,
1802 3437 1893 3491 sed
1936 3439 2046 3492 illic
2076 3448 2242 3494 totam

658 3529 967 3589 exspectant
996 3522 1279 3596 ultionem,
1312 3524 1603 3580 declaravit
1645 3527 1798 3582 nobis
1826 3528 1910 3583 hic
1940 3530 2130 3597 dives,
2149 3534 2244 3587 .in-

661 3611 963 3667 evitabilem
994 3611 1101 3667 illic
1124 3616 1399 3683 perferens
1439 3618 1755 3685 cruciatum,
1783 3633 1843 3672 ac
1869 3635 1937 3674 ne
1970 3622 2242 3677 minimum

662 3706 878 3776 quidem
930 3708 1189 3778 refrigerii
1242 3727 1574 3781 consequens
1605 3753 1618 3779 ,
1646 3728 1710 3768 eo
1736 3715 1877 3783 quod
1909 3716 2014 3769 illic
2043 3718 2092 3771 ei
2139 3727 2246 3772 tota

664 3795 893 3850 vindicta
917 3796 1073 3852 fuerit
1101 3810 1392 3854 reservata.
1421 3803 1879 3866 Quemadmodum
1912 3804 2072 3875 igitur
2097 3807 2153 3859 in
2183 3807 2246 3861 iis

662 3889 750 3960 qui
774 3899 1013 3960 peccant,
1046 3891 1079 3944 ii
1107 3891 1197 3960 qui
1225 3891 1354 3945 nihil
1388 3892 1473 3947 hic
1493 3895 1669 3948 ace-bi
1695 3895 1982 3964 patiuntur,
2012 3897 2118 3950 illic
2136 3914 2247 3952 ma-

665 3981 841 4049 jorem
869 3983 1132 4036 sustinent
1173 3984 1462 4037 cruciatum
1489 4003 1502 4037 :
1527 3986 1604 4040 sic
1647 3986 1785 4040 inter
1827 4003 1921 4041 eos
1945 3989 2055 4058 Aqui
2105 3998 2247 4045 recte

665 4073 885 4137 faciunt,
912 4074 1000 4142 qui
1031 4074 1195 4128 multa
1221 4076 1577 4143 patiuntur'in
1609 4077 1708 4132 hac
1733 4078 1839 4132 vita
1868 4053 2111 4146 mdlesta,
2143 4082 2250 4136 illic

670 4163 835 4218 unilto
863 4166 1132 4233 potientur
1159 4166 1380 4220 honore.
1413 4167 1477 4220 Et
1507 4168 1954 4237 quemadmodum
1984 4170 2029 4226 si
2055 4187 2084 4224 e
2113 4171 2249 4225 duo-

678 4255 776 4330 bus
804 4256 1170 4324 peccatoribus
1190 4272 1325 4310 unus
1351 4257 1434 4311 hic
1455 4260 1733 4328 puniatur,
1761 4260 1898 4314 alter
1925 4277 2027 4316 non
2053 4263 2249 4330 punia-

646 4318 772 4409 tur,
797 4345 1000 4400 beatior
1018 4356 1100 4401 est
1130 4347 1217 4402 ille
1240 4349 1453 4417 punitus
1473 4364 1537 4404 eo
1562 4351 1648 4420 qui
1677 4351 1888 4428 punitus
1905 4367 2008 4406 non
2032 4318 2119 4407 est
2139 4371 2160 4407 ε
2176 4353 2252 4408 sic

676 4441 804 4490 sane
853 4436 990 4491 inter
1035 4437 1168 4491 duos
1191 4438 1384 4507 justos,
1409 4441 1452 4492 si
1480 4439 1721 4495 alterhic
1747 4441 1888 4511 plus,
1920 4441 2056 4496 alter
2072 4443 2252 4498 minus

671 4528 947 4596 pertulerit
967 4527 1334 4594 afﬂictionum,
1366 4530 1568 4584 beatior
1588 4532 1695 4585 erit
1740 4530 1830 4586 ille
1877 4532 1964 4602 qui
1995 4532 2112 4601 plus
2137 4547 2253 4586 sus-

671 4620 904 4685 tinuerit,
950 4611 1160 4690 quando
1197 4622 1476 4692 unicuique
1517 4621 1701 4678 reddet
1743 4623 1894 4694 juxta
1947 4639 2110 4695 opera
2159 4639 2253 4680 sua

669 4709 884 4780 (Matth.
911 4712 998 4766 16.
1021 4713 1135 4784 27).

739 4799 967 4872 Aut‘hia
1012 4811 1097 4855 aut
1150 4803 1202 4856 in
1243 4807 1415 4874 futuro
1454 4804 1765 4875 patiendum.
1789 4835 1860 4845 —
1889 4806 2024 4873 Quid
2057 4806 2254 4876 igitur?

675 4895 791 4952 Non
820 4906 902 4951 est
927 4897 1186 4968 quispiam
1209 4938 1224 4964 ,
1256 4898 1464 4968 inquies
1489 4940 1503 4962 ,
1528 4899 1617 4968 qui
1648 4909 1702 4954 et
1726 4900 1811 4954 hic
1849 4908 1904 4955 ct
1940 4900 2046 4954 illic
2074 4901 2255 4971 requie

672 4989 1082 5061 fruatur?lstud
1130 4990 1457 5058 impossibile
1516 5000 1695 5055 est,o
1745 4989 1902 5046 homo
1935 5033 1950 5057 ,
1981 5000 2140 5061 atque
2188 5006 2256 5047 ex

671 5092 854 5132 eorum
872 5093 1093 5133 numero
1118 5094 1236 5149 qua:
1258 5078 1454 5136 frustra
1481 5092 1685 5148 speres.
1710 5079 1847 5135 Fieri
1870 5081 2010 5136 enim
2030 5097 2136 5134 non
2158 5096 2258 5150 po-

674 5179 797 5235 test,
827 5185 931 5251 non
966 5161 1380 5252 potesiinquam
1402 5211 1415 5234 ,
1445 5180 1501 5224 ut
1522 5172 1609 5239 qui
1635 5171 1721 5226 hic
1747 5171 2071 5236 insocordia
2101 5186 2256 5226 secu-

673 5246 938 5342 ritateque
963 5246 1293 5334 vixeritﬁqui
1322 5264 1372 5317 in
1403 5263 1609 5319 deliciis
1636 5263 1884 5319 omnibus
1904 5262 2116 5319 assidue
2143 5263 2256 5319 dies

673 5354 1084 5425 consumpserit,
1098 5355 1185 5424 qui
1214 5364 1415 5411 temere
1436 5356 1777 5426 neglecteque
1799 5357 2117 5426 transegerit
2132 5364 2258 5412 teta-

679 5455 786 5520 tem
811 5487 829 5513 ,
857 5445 962 5501 illic
987 5445 1244 5500 honorem
1268 5457 1642 5516 consequatur.
1672 5447 1804 5524 Nam
1843 5447 1944 5501 etsi
1974 5456 2258 5518 paupertas

676 5523 724 5596 ei
753 5555 856 5593 non
875 5540 952 5594 sit
975 5540 1214 5606 molesta,
1244 5537 1504 5608 cupiditas
1533 5523 1708 5595 tamen
1732 5523 1952 5592 molesta
1972 5549 2074 5603 est,
2102 5549 2260 5609 atque

680 5628 803 5686 huic
827 5630 1088 5686 obnoxius
1115 5639 1198 5685 est
1224 5648 1238 5684 :
1266 5619 1512 5686 ncc‘hinc
1534 5629 1815 5685 mediocris
1841 5629 2014 5684 labor.
2038 5629 2189 5694 Quod
2215 5630 2261 5685 si

679 5723 895 5776 morbus
926 5738 1032 5775 non
1055 5719 1289 5788 infestat,
1313 5720 1407 5777 sed
1434 5720 1724 5775 inﬂammat
1748 5722 1824 5777 ira
1847 5760 1864 5787 ,
1887 5735 1955 5775 ne
1980 5719 2023 5774 is
2047 5720 2261 5790 quidem

614 5861 624 5869 .
680 5813 964 5873 mediocris
991 5813 1142 5870 dolor
1175 5814 1387 5882 vincere
1418 5813 1741 5869 iracundiam
1768 5830 1780 5867 :
1806 5813 1907 5871 etsi
1945 5809 2263 5870 adﬂictiones

1355 400 1410 455 S.
1451 397 1730 455 JOANNIS
1766 390 2242 454 CHRYSOSTOMX
2280 396 2602 454 ARClllEP.
2644 399 3175 462 CONSTANTINOP.

3781 416 3910 473 £000

2330 527 2432 567 non
2463 513 2764 585 irruperint,
2793 529 2968 575 tamen
3003 524 3348 592 cogitationes
3375 527 3526 584 malae
3553 529 3910 588 indesinenter

2331 601 2622 676 insurgunt.
2653 608 2764 664 Non
2810 621 2888 665 est
2926 624 3101 668 autem
3134 617 3364 686 vulgaris
3405 621 3598 690 negotii
3646 623 3908 680 refrenare

2328 695 2612 752 absurdam
2638 701 2978 769 cupiditatem
2997 745 3012 768 ,
3036 706 3286 762 cohibere
3321 709 3461 764 sitim
3494 711 3668 766 inanis
3691 714 3907 784 glorire,

2329 801 2579 845 coercere
2609 791 2798 847 fastum
2820 837 2834 858 ,
2871 810 2900 849 a
2930 797 3135 854 deliciis
3158 808 3452 870 temperare
3473 845 3487 869 ,
3519 804 3569 858 in
3599 821 3787 875 aSpera
3816 809 3900 862 de-

2329 891 2455 945 gere
2494 877 2794 949 disciplina.
2825 883 2955 939 Nam
2984 889 3072 956 qui
3110 889 3207 943 ista
3245 905 3360 943 non
3402 892 3625 960 fecerit,
3651 895 3766 950 ﬁeri
3812 913 3912 950 non

2330 977 2507 1035 potest
2537 979 2593 1024 ut
2619 988 2865 1042 umquam
2891 977 3072 1031 salvus
3099 978 3206 1032 fiat.
3233 979 3300 1035 Ut
3325 990 3499 1035 autem
3533 985 3798 1055 intelligas
3837 986 3912 1036 vi-

2331 1067 2514 1113 ventes
2541 1061 2592 1113 in
2615 1061 2837 1128 deliciis,
2859 1081 2963 1119 non
2983 1066 3095 1121 fieri
3118 1069 3311 1134 salvos,
3338 1071 3461 1125 audi
3489 1073 3614 1141 quid
3637 1073 3704 1127 de
3729 1074 3914 1128 mulie-

2332 1163 2389 1202 re
2415 1149 2574 1204 vidu-a
2604 1151 2731 1207 dicit
2755 1154 2951 1210 Paulus
2979 1174 2994 1213 :
3028 1158 3152 1222 Qua:
3171 1177 3282 1212 vero
3302 1162 3352 1213 in
3385 1163 3574 1216 deliciis
3598 1166 3736 1231 vivit,
3756 1166 3915 1218 vivens

2331 1250 2530 1293 mortua
2559 1252 2629 1295 est
2653 1244 2729 1312 (1.
2763 1243 2896 1298 Tim.
2923 1247 2978 1302 5.
3009 1247 3088 1319 6).
3117 1248 3266 1316 Quod
3306 1252 3349 1304 si
3379 1249 3445 1305 de
3472 1254 3693 1310 muliere
3717 1255 3817 1307 hoc
3841 1255 3915 1306 di—

2331 1339 2473 1384 ctum
2504 1340 2586 1386 est
2607 1374 2622 1400 ,
2648 1335 2814 1389 multo
2839 1339 3005 1408 magis
3047 1339 3113 1394 de
3140 1340 3251 1393 viro
3276 1340 3558 1395 dicendum
3589 1383 3603 1409 ,
3638 1352 3913 1412 propterea

2333 1437 2438 1476 non
2463 1439 2621 1496 posse
2654 1425 2767 1480 ﬁeri
2799 1438 2852 1481 ut
2874 1427 3033 1484 homo
3069 1431 3157 1499 qui
3187 1433 3344 1485 talem
3372 1433 3498 1486 vivit
3526 1433 3688 1486 vitam
3713 1475 3726 1498 ,
3751 1433 3915 1502 adipi-

2333 1524 2510 1570 scatur
2539 1517 2716 1571 czelos.
2752 1518 2862 1572 Hoc
2906 1521 3078 1587 ipsum
3108 1531 3163 1576 et
3199 1522 3439 1577 Christus
3464 1524 3750 1579 declaravit
3780 1526 3916 1579 hunc

2334 1604 2386 1658 in
2405 1606 2620 1660 modum
2644 1608 2863 1677 loquens
2889 1627 2903 1663 :
2928 1611 3153 1680 Angusta
3185 1622 3229 1665 et
3255 1624 3397 1665 arcta
3423 1624 3495 1667 est
3524 1616 3624 1681 uia,
3641 1630 3758 1684 qua
3783 1616 3916 1668 ducit

2333 1696 2400 1749 ad
2424 1698 2593 1761 vitam,
2611 1707 2655 1752 et
2671 1701 2821 1767 pauci
2845 1711 2959 1754 sunt
2983 1703 3068 1770 qui
3096 1703 3349 1757 inueniunt
3377 1720 3486 1758 eant
3505 1704 3716 1776 (Matth.
3735 1706 3790 1759 7.
3808 1707 3914 1776 14).

2415 1785 2508 1841 Via
2535 1787 2742 1843 Domini
2779 1793 3028 1858 quomodo
3053 1810 3232 1863 aspera
3253 1805 3298 1848 et
3328 1812 3428 1849 non
3453 1812 3655 1866 aspera.
3688 1824 3761 1838 ——
3780 1796 3917 1861 Quo-

2335 1879 2495 1934 modo
2546 1880 2706 1952 igitur
2725 1921 2740 1948 ,
2773 1882 2966 1937 dixerit
2991 1885 3200 1953 aliquis,
3228 1885 3425 1940 dictum
3452 1895 3535 1940 est
3554 1887 3706 1953 illud,
3731 1885 3916 1957 Iugum

2334 1986 2498 2022 meum
2535 1987 2685 2025 suave
2709 1983 2780 2024 est
2803 2013 2817 2036 ,
2839 1982 2885 2025 et
2913 1990 3038 2028 onus
3067 1991 3228 2028 meum
3258 1975 3359 2031 leve
3385 1975 3612 2045 (Matth.
3642 1978 3729 2032 11.
3774 1976 3918 2047 30)?

2334 2060 2464 2115 Nam
2504 2063 2547 2116 si
2579 2072 2797 2133 angusta
2823 2074 2906 2118 est
2942 2067 3024 2118 via
3059 2073 3113 2120 et
3154 2081 3373 2135 aspera,
3403 2068 3676 2136 quomodo
3710 2083 3914 2122 rursum

2334 2165 2452 2205 eam
2501 2152 2669 2206 levem
2716 2153 3034 2226 facilemque
3064 2156 3253 2210 vocat?
3282 2156 3415 2210 Illud
3464 2157 3681 2227 quidem
3721 2158 3915 2211 dictu:

2336 2250 2420 2296 est
2465 2254 2681 2313 propter
2727 2253 2967 2298 naturam
3011 2246 3354 2301 aftlictionum
3375 2286 3390 2311 ,
3423 2245 3524 2301 hoc
3553 2262 3681 2300 vero
3715 2255 3920 2317 propter

2338 2345 2687 2404 spontaneam
2720 2337 3050 2392 voluntatem
3081 2339 3408 2393 adeuntium.
3443 2336 3577 2393 Nam
3608 2337 3724 2393 ﬁeri
3755 2348 3918 2408 potest

2339 2434 2396 2480 ut
2418 2427 2557 2495 quod
2585 2435 2770 2480 natura
2798 2438 2878 2482 est
2903 2429 3255 2494 intolerabile,
3279 2429 3501 2494 sitleve,
3519 2430 3562 2484 si
3583 2444 3707 2484 cum
3737 2429 3919 2483 alacri-

2342 2527 2447 2573 tate
2492 2519 2657 2572 animi
2703 2521 3094 2590 suscipiamus:
3124 2521 3570 2591 quemadmodum
3607 2530 3664 2576 et
3704 2519 3922 2590 apostoli

2341 2612 2517 2682 ﬂagris
2544 2613 2665 2666 caesi
2692 2614 2890 2667 reversi
2918 2622 3045 2666 sunt
3071 2612 3382 2683 gaudentes,
3411 2613 3551 2682 quod
3579 2613 3722 2683 digni
3753 2619 3924 2666 essent

2326 2706 2505 2760 .habiti
2532 2721 2626 2775 pro
2647 2707 2861 2760 nomine
2881 2705 3088 2760 Domini
3115 2706 3396 2776 ignominia
3415 2705 3555 2760 afﬁci
3578 2705 3718 2775 (Act.
3737 2706 3789 2759 5.
3815 2705 3922 2772 41).

2343 2798 2672 2866 Quamquam
2701 2805 2885 2850 natura
2913 2796 3241 2850 cruciatuum
3285 2795 3625 2850 afﬂictionem
3666 2794 3926 2849 dolorem-

2343 2903 2445 2956 que
2465 2888 2600 2942 solet
2616 2889 2853 2958 gignere,
2871 2903 3052 2943 verum
3076 2888 3283 2942 animus
3309 2898 3588 2957 promptus
3613 2903 3820 2950 eorum,
3839 2886 3926 2955 qui

2346 2978 2769 3048 ﬂagellabantur,
2800 2995 2977 3033 rerum
3009 2987 3250 3032 naturam
3283 2980 3426 3033 vicit.
3459 2977 3691 3033 Proinde
3717 2988 3772 3033 et
3798 2977 3928 3031 Pau-

2344 3067 2428 3122 lus
2454 3068 2617 3135 dicit,
2647 3068 2830 3122 Omnes
2871 3071 2955 3138 qui
2982 3069 3152 3121 volunt
3181 3069 3261 3137 pie
3289 3070 3446 3122 vivere
3483 3070 3537 3122 in
3582 3069 3779 3122 Christo
3805 3066 3929 3121 Iesu

2347 3167 2777 3230 persequuttonem
2809 3161 3063 3229 patientur
3089 3159 3164 3232 (2.
3195 3159 3328 3212 Tim.
3357 3161 3409 3215 ὅ.
3441 3158 3552 3232 12).
3577 3159 3647 3213 Ει
3685 3161 3727 3214 si
3769 3159 3929 3213 homo

2348 3268 2450 3306 non
2500 3261 2885 3321 persequatur,
2940 3251 3184 3306 diabolus
3230 3261 3406 3306 tamen
3453 3260 3744 3322 oppugnat.
3783 3249 3931 3306 Unde

2347 3343 2510 3396 multa
2539 3343 2692 3397 nobis
2718 3358 2850 3412 opus
2876 3353 2959 3398 est
2987 3343 3317 3412 philosophia
3345 3385 3359 3409 ,
3393 3343 3556 3396 multa
3583 3341 3889 3397 fortitudine
3915 3383 3928 3407 ,

2348 3441 2405 3485 ut
2435 3433 2488 3486 in
2519 3433 2767 3502 precibus
2793 3433 3067 3503 vigilemus
3087 3475 3102 3501 ,
3130 3449 3228 3488 nec
3258 3449 3506 3503 umquam
3533 3432 3885 3488 dormitemus
3914 3474 3929 3498 ,

2349 3537 2416 3577 ne
2469 3539 2557 3577 res
2603 3524 2804 3578 alienas
2847 3525 3282 3594 concupiscamus
3313 3534 3408 3579 :ut
3445 3540 3564 3594 qua:
3621 3524 3852 3589 adsunt,
3880 3524 3930 3576 in

2349 3630 2545 3684 egenos
2586 3614 3001 3681 distribuamus,
3027 3623 3085 3670 ut
3125 3616 3370 3670 omnibus
3397 3615 3602 3670 deliciis
3622 3616 3743 3669 vale
3787 3614 3930 3668 dica-

2349 3718 2489 3771 mus,
2519 3719 2585 3759 ac
2605 3705 2844 3759 nuntium
2867 3705 3219 3769 remittamus,
3251 3715 3360 3759 tum
3387 3705 3450 3759 iis
3477 3720 3593 3774 qum
3618 3714 3740 3758 sunt
3761 3705 3814 3758 in
3841 3720 3930 3756 ve-

2350 3796 2540 3861 stibus,
2572 3805 2680 3850 tum
2710 3797 2773 3849 iis
2791 3812 2908 3866 qua:
2933 3806 3056 3850 sunt
3078 3797 3128 3849 in
3161 3812 3364 3863 mensa,
3385 3803 3443 3849 ut
3467 3797 3742 3849 avaritiam
3771 3795 3932 3864 fugia-

2351 3904 2470 3944 mus
2496 3930 2510 3955 ,
2543 3897 2600 3942 ut
2648 3888 2958 3944 ebrietatem
2988 3930 3003 3954 ,
3033 3898 3088 3941 ut
3135 3887 3559 3941 maledicentiam
3587 3887 3815 3940 vitemus
3835 3927 3848 3951 ,
3881 3895 3933 3939 ut

2352 3981 2544 4050 linguae
2575 3990 2953 4049 temperemus,
2984 3995 3157 4049 neque
3185 3979 3537 4034 vociferemur
3564 3980 3931 4048 incomposite,

2355 4073 2559 4143 (Omnis
2583 4074 2715 4127 enim
2741 4074 3074 4126 amarulentia
3103 4115 3117 4136 ,
3150 4073 3414 4126 commotio
3435 4113 3449 4138 ,
3483 4082 3530 4125 et
3555 4073 3821 4126 iracundia
3845 4115 3859 4139 ,
3891 4082 3935 4125 et

2354 4165 2544 4219 clamor
2565 4205 2582 4231 ,
2606 4174 2651 4218 et
2690 4166 3000 4234 blasphemia
3037 4165 3243 4219 tollatur
3267 4181 3300 4244 a
3319 4164 3456 4218 vobis
3478 4162 3696 4235 [Ep/tes.
3719 4164 3773 4217 4.
3799 4163 3931 4235 31]).

2355 4257 2432 4311 Ne
2458 4258 2685 4312 obscena
2713 4257 2990 4326 loquamur
3011 4296 3025 4320 ,
3050 4273 3116 4310 ne
3148 4256 3303 4309 dictis
3337 4255 3554 4308 urbanis
3589 4255 3934 4310 delectemur.

2355 4348 2469 4403 Non
2513 4357 2595 4403 est
2634 4348 2920 4402 mediocris
2951 4347 3145 4401 laboris
3175 4346 3225 4400 in
3255 4345 3337 4400 his
3363 4338 3650 4414 perfectam
3683 4356 3934 4413 pra-stare

2356 4439 2666 4494 custodiam.
2694 4440 2867 4508 Atque
2889 4447 2944 4492 ut
2973 4438 3234 4507 intelligas
3261 4446 3453 4505 quanta
3483 4451 3574 4490 res
3611 4437 3677 4490 sit
3713 4435 3937 4506 philoso-

2358 4531 2509 4599 phari
2536 4572 2550 4596 ,
2575 4545 2843 4600 quamque
2870 4546 2973 4583 non
2999 4529 3193 4584 habeat
3214 4529 3594 4583 relaxatiouem
3617 4570 3632 4594 ,
3661 4528 3782 4581 audi
3817 4527 3938 4597 quid

2358 4620 2486 4675 dicit
2512 4621 2703 4675 Paulus
2727 4638 2738 4672 :
2763 4619 2964 4690 Castigo
2980 4637 3160 4689 corpus
3181 4636 3366 4685 meum,
3386 4628 3430 4671 et
3451 4620 3503 4672 in
3525 4619 3810 4672 semitatem
3828 4618 3938 4670 red-

2357 4705 2440 4775 igo
2457 4706 2531 4775 (1.
2557 4703 2674 4758 Cor.
2721 4703 2770 4758 9.
2794 4703 2888 4773 27)
2914 4704 3052 4778 :.boc
3076 4703 3260 4758 dicens
3284 4702 3510 4772 aperuit,
3530 4714 3725 4772 quanta
3743 4703 3809 4758 sit
3828 4705 3940 4756 vioo

2359 4797 2539 4862 lentia,
2567 4790 2901 4867 quantusque
2929 4795 3099 4861 labor,
3121 4809 3280 4865 quem
3302 4803 3515 4863 oportet
3540 4794 3805 4849 sustinere
3828 4806 3937 4858 eos,

2359 4889 2448 4960 qui
2471 4888 2652 4942 volunt
2692 4902 2884 4956 corpus
2915 4886 3140 4941 reddere
3184 4886 3236 4940 in
3267 4887 3516 4940 omnibus
3539 4885 3838 4956 subjectum
3883 4899 3940 4939 ac

2361 4980 2655 5035 tractabile.
2698 4980 2837 5046 Quin
2875 4988 2928 5033 et
2949 4977 3197 5034 Christus
3226 4977 3498 5046 discipulis
3522 4978 3596 5031 ait
3624 4995 3638 5031 :
3665 4975 3732 5030 In
3759 4975 3940 5029 ntundo

2362 5087 2648 5141 pressuram
2699 5071 2937 5124 habebitis
2968 5111 2983 5136 ,
3019 5070 3107 5123 sed
3148 5069 3406 5137 conﬁdite,
3433 5085 3525 5139 ego
3566 5069 3662 5123 uici
3705 5068 3942 5123 mundum

2362 5164 2538 5234 (Joan.
2570 5164 2656 5219 16.
2702 5164 2816 5232 55).
2845 5162 2990 5225 Hinc,
3021 5160 3222 5231 inquit,
3252 5157 3471 5214 afﬂictio
3494 5159 3760 5229 -requiem
3800 5158 3943 5212 vobis

2362 5256 2684 5311 conciliabit.
2707 5254 3068 5310 Certaminum
3085 5261 3168 5306 est
3183 5267 3343 5306 arena
3362 5265 3597 5321 praesens
3619 5251 3723 5304 vita
3753 5267 3768 5304 :
3790 5264 3944 5318 porro

2364 5349 2415 5401 in
2447 5347 2821 5402 certaminibus
2849 5361 3005 5400 nemo
3026 5352 3202 5414 potest
3226 5342 3330 5397 frui
3352 5342 3534 5412 requie
3554 5341 3646 5412 qui
3688 5355 3944 5396 coronan-

2365 5438 2464 5493 dus
2491 5438 2577 5492 sit.
2606 5439 2787 5507 ltaque
2807 5437 2896 5507 qui
2920 5437 3045 5492 velit
3070 5429 3338 5500 coronari,
3362 5448 3607 5504 asperam
3630 5448 3691 5488 ac
3712 5430 3943 5488 laborio-

2364 5543 2478 5582 sam
2494 5530 2655 5581 vitam
2681 5527 2953 5596 suscipiat,
2973 5534 3030 5580 ut
3050 5533 3329 5595 postquam
3357 5522 3442 5577 hic
3469 5521 3685 5578 brevem
3715 5522 3942 5578 laborem

2368 5619 2700 5686 sustinuerit,
2725 5619 2833 5672 illic
2855 5618 3125 5689 perpetuis
3153 5616 3444 5671 honoribus
3463 5614 3689 5669 fruatur.

2440 5713 2492 5767 7.
2532 5712 2670 5781 Quot
2713 5711 2932 5781 singulis
2959 5709 3147 5765 diebus
3172 5708 3416 5763 accidunt
3440 5707 3702 5762 molestia:
3718 5707 3744 5760 τ
3767 5704 3942 5775 Qualis

2369 5817 2545 5866 autem
2582 5813 2665 5862 est
2692 5801 2854 5859 animi
2879 5841 2894 5869 ,
2922 5816 3026 5856 non
3056 5798 3315 5871 indignari
3340 5840 3356 5867 ,
3385 5812 3490 5855 non
3521 5797 3750 5854 moleste
3785 5791 3938 5856 ferre,
