4142 6332
597 410 725 468 1001

594 528 730 599 μηδὲ
752 529 1101 604 δυσχερΞίναι,
1126 537 1262 590 ἀλλά
1297 538 1711 609 εὐχαριστῆσαῑ,
1731 536 1975 605 δοξάσαι.
2006 554 2181 609 προσ-

592 614 826 684 κυνῆσαι
875 618 965 671 τὸν
998 622 1388 693 συγχωροῦντα
1416 624 1543 686 τοὺς
1592 623 1931 694 πειρασμούς
1961 621 2186 684 τούτους

592 698 988 771 ἐπενεχθῆναι;
1051 706 1190 761 πόσα
1245 708 1527 779 ἀδόκητά,
1580 709 1744 763 πόσαι
1796 708 2183 779 στενοχωρίαιῖ

592 783 705 835 Καὶ
749 784 831 837 δεῖ
884 785 1091 842 θλίϐειν
1119 793 1248 855 τούς
1293 794 1569 864 πονηροὺς
1612 793 1940 862 λογισμοὺς,
1973 793 2065 845 καὶ
2111 791 2187 862 μὴ

594 872 901 940 συγχωρεῖν
931 875 996 943 τῇ
1035 873 1251 948 γλώττῃ
1298 875 1638 945 φθέγγεσθαί
1687 894 1742 930 τι
1778 877 1888 929 τῶν
1933 876 2183 929 ἀτόπων·

596 951 847 1025 καθάπερ
890 957 985 1017 καὶ
1032 959 1060 1010 ό
1095 961 1367 1031 μακάριος
1406 960 1525 1013 Ἰὼϐ
1564 962 1735 1032 μυρία
1766 959 1952 1013 παθὼν
1994 959 2189 1029 ἐμενεν

595 1035 938 1107 εὐχαριστῶν
964 1040 1042 1110 τῷ
1078 1042 1218 1114 Θεῷ.

666 1122 789 1175 Εἰσὶ
839 1122 897 1177 δέ.
942 1142 1088 1190 τινες
1129 1128 1210 1191 οἳ,
1262 1130 1357 1182 ἐὰν
1401 1130 1853 1201 προσπταίσωσιν
1890 1131 1947 1182 ἐν
1984 1128 2123 1194 τινὶ,
2154 1128 2199 1199 ἢ.

595 1205 747 1275 παρά
775 1206 919 1271 τινὸς
960 1208 1371 1283 λοιδορηθῶσιν,
1408 1214 1441 1285 ἢ
1474 1213 1757 1286 ἀρρωστία
1793 1213 2186 1285 περιπέσωσιν,

595 1287 629 1359 ἦ
676 1290 945 1364 ποδαλγίᾳ
967 1335 981 1358 ,
1014 1294 1045 1366 ἦ
1080 1296 1459 1368 κεφαλαλγίᾳ,
1515 1299 1547 1369 ἢ
1598 1298 1744 1369 ἄλλῳ
1785 1300 1895 1351 τινὶ
1926 1295 2187 1350 τοιούτων

597 1374 885 1442 νοσήματι,
921 1376 1339 1449 βλασφημοῦσιν
1370 1381 1606 1444 εὐθέως·
1641 1380 1737 1434 καὶ
1771 1380 1864 1433 τὸν
1899 1379 1997 1450 μὲν
2029 1380 2189 1433 πόνον

598 1455 923 1524 ὑφίστανται
955 1460 1048 1515 τοῦ
1094 1466 1429 1534 νοσήματος,
1464 1464 1556 1519 τοῦ
1587 1464 1812 1537 κέρδους
1856 1465 1913 1517 δὲ
1953 1466 2187 1518 ἀποστε-

600 1540 839 1609 ροῦνται.
868 1544 934 1596 Τί
963 1549 1157 1609 ποιεῖς,
1192 1546 1468 1619 άνθρωπε,
1504 1547 1595 1601 τὸν
1622 1548 1923 1620 εὐεργέτην
1953 1547 2050 1601 καὶ
2074 1547 2186 1601 Σω-

595 1624 741 1696 τῆρα
783 1629 879 1681 καὶ
922 1630 1237 1703 προστάτην
1268 1631 1362 1685 καὶ
1410 1632 1685 1704 κηδεμόνα
1722 1629 2099 1702 βλασφημῶν;
2150 1630 2184 1700 ἢ

596 1708 696 1761 οὐκ
736 1709 968 1783 αἰσθάνῃ
1005 1706 1146 1766 κατὰ
1188 1715 1436 1785 κρημνοῦ
1472 1715 1795 1785 φερόμενος,
1826 1717 1921 1769 καὶ
1963 1716 2046 1779 είς
2093 1714 2188 1786 βά-

600 1792 802 1863 ραθρον
829 1795 1019 1849 σαυτὸν
1043 1796 1326 1866 ἐμϐάλλων
1352 1797 1630 1861 ἀπωλείας
1652 1798 1916 1869 ἐσχάτης;
1954 1798 2029 1869 μὴ
2054 1796 2187 1867 γὰρ,

598 1875 695 1930 ἐάν
746 1878 1184 1954 βλασφημήσῃς.
1239 1880 1572 1951 κουφότερον
1622 1881 1684 1933 τὸ
1744 1880 1919 1945 πάθος
1977 1882 2186 1946 ποιεῖς;

600 1960 893 2026 ἐπιτείνεις
940 1965 1038 2033 μὲν
1066 1960 1159 2017 οῦν
1212 1965 1365 2031 αὐτὸ,
1398 1966 1491 2018 κα)⁵
1538 1965 1929 2036 χαλεπωτέραν
1980 1963 2191 2036 ἐργάζῃ

598 2044 697 2115 τὴν
742 2046 956 2117 ὀδύνην.
985 2047 1083 2101 Διά
1108 2048 1218 2118 γάρ
1252 2047 1411 2122 τοῦτο
1451 2048 1479 2100 ὁ
1510 2047 1756 2111 διάϐολος
1789 2048 1960 2119 μυρία
1991 2048 2192 2116 ἐπάγει

598 2127 768 2193 δεινά,
797 2130 882 2183 ἴνα
921 2132 1001 2194 είς
1037 2132 1215 2184 ἐκεῖνό
1251 2149 1310 2184 σε
1341 2131 1631 2202 καταγάγῃ
1661 2130 1721 2184 τὸ
1747 2130 2024 2203 βάραθρον
2044 2148 2059 2164 ·
2087 2131 2193 2187 κᾶν

604 2212 705 2283 μὲν
748 2212 832 2287 ἴδῃ
878 2213 1332 2285 βλασφημοῦντα,
1364 2214 1563 2286 ῥαδίως
1592 2212 1748 2280 αὔξει
1792 2214 1891 2285 τὴν
1924 2214 2193 2285 ἀλγηδόνα

601 2296 697 2349 καὶ
739 2296 960 2367 μείζονα
988 2302 1161 2363 ποιεῖ,
1212 2299 1301 2351 ἴνα
1346 2297 1707 2368 κεντούμενος
1737 2298 2195 2371 ἀποδυσπετήσῃς

602 2380 764 2433 πάλιν
784 2396 799 2412 θ
833 2381 899 2434 ἂν
941 2381 998 2433 δὲ
1036 2381 1119 2455 ἴδῃ
1149 2399 1207 2435 σε
1255 2382 1521 2451 γενναίως
1552 2384 1820 2451 φέροντα,
1867 2383 1961 2435 καὶ
1993 2385 2103 2453 ὅσῳ
2135 2383 2196 2435 τὸ

599 2463 773 2527 πάθος
822 2464 1188 2531 ἐπιτείνεται,
1237 2467 1480 2536 τοσούτῳ
1517 2466 1719 2537 μᾶλλον
1769 2466 2196 2538 εὐχαριστοῦντα

600 2545 681 2615 τῷ
712 2546 851 2617 Θεῷ,
877 2547 1169 2618 ἀφίσταται
1199 2548 1421 2611 εὐθέως,
1448 2549 1522 2612 ὡς
1550 2550 1675 2619 είκῆ
1701 2551 1793 2602 καὶ
1824 2551 2003 2621 μάτην
2034 2567 2197 2621 προσ-

603 2630 840 2701 εδρεύων
879 2630 1085 2685 λοιπόν.
1127 2632 1237 2684 Καὶ
1282 2630 1535 2701 καθάπερ
1566 2630 1714 2685 κύων
1760 2632 2009 2703 τραπέζῃ
2056 2645 2199 2704 uap-

604 2717 795 2777 εστὼς,
828 2714 895 2768 ἂν
934 2714 1033 2786 μὲν
1075 2716 1157 2785 ἴδῃ
1187 2715 1280 2768 τὸν
1327 2714 1575 2768 ἐσθίοντα
1615 2715 1903 2787 ἄνθρωπον
1958 2718 2197 2788 συνεχῶς

605 2797 756 2868 αὐτῷ
794 2796 1054 2870 ῥίπτοντα
1100 2798 1208 2851 τῶν
1242 2798 1334 2851 ἐπὶ
1369 2798 1469 2869 τῆς
1501 2798 1785 2871 τραπέζης
1816 2818 1869 2852 τι
1906 2799 2194 2870 κειμένων,

609 2880 759 2951 μένει
792 2880 1083 2951 διηνεκῶς·
1119 2882 1185 2936 ἂν
1217 2881 1275 2935 δέ
1313 2881 1459 2947 ἅπαξ
1499 2883 1593 2935 καὶ
1626 2882 1883 2955 δεύτερον
1912 2883 2199 2954 παραστάς

609 2965 777 3035 μηδὲν
830 2965 1042 3038 ἀπέλθῃ
1075 2964 1284 3030 λαϐὼν,
1318 2966 1619 3034 ἀφίσταται
1669 2966 1878 3031 λοιπὸν,
1922 2966 2019 3019 ἀτε
2071 2967 2196 3038 είκῆ

606 3050 986 3121 προσεδρεύων
1016 3052 1111 3104 καὶ
1143 3051 1352 3121 μάτηψ
1395 3049 1539 3105 οὕτω
1590 3051 1685 3103 καὶ
1722 3054 1750 3104 ό
1792 3050 2042 3114 διάϐολος
2073 3069 2199 3105 συν-

607 3131 749 3203 εχῶς
782 3134 980 3205 κέχηνε
1010 3135 1147 3206 πρὸς
1180 3136 1356 3206 ἡμᾶς’
1394 3136 1460 3189 ἂν
1493 3134 1592 3205 μὲν
1628 3134 1792 3205 ῥίψῃς
1828 3133 1998 3205 αὐτῷ,
2027 3134 2200 3189 καθά-

608 3233 714 3287 περ
760 3218 908 3283 κυνὶ,
960 3218 1113 3290 ῥῆμα
1174 3218 1515 3289 βλάσφημον,
1549 3218 1843 3287 δεξάμενος
1879 3218 2044 3272 πάλιν
2078 3221 2199 3271 ἐπι-

610 3299 837 3371 θήσεται
859 3318 873 3333 ο
906 3302 972 3357 ἂν
1005 3301 1062 3355 δέ
1094 3302 1285 3374 μείνῃς
1314 3302 1674 3373 εὐχαριστῶν,
1702 3302 2008 3379 ἀπέπνιξας
2037 3304 2227 3359 αὐτὸν.

609 3384 686 3456 τῷ
737 3385 903 3457 λιμῷ,
954 3385 1048 3439 κα)⁸
1084 3386 1297 3457 ταχέως
1344 3386 1667 3457 ἀπήγαγες,
1720 3386 1814 3438 καὶ
1848 3384 2200 3455 ἀποπηδῆσαι

612 3469 897 3539 ἐποίησας.
936 3469 1078 3523 Ἀλλ’
1124 3471 1185 3524 οὐ
1220 3469 1444 3523 δύνασαι
1499 3472 1658 3543 σιγᾷν
1710 3470 1815 3523 ὑπὸ
1867 3471 1969 3541 τῆς
2007 3471 2202 3542 ὀδύνης

614 3552 994 3623 κεντούμενος.
1022 3552 1158 3607 Οὐδὲ
1189 3553 1301 3622 ἐγὼ
1352 3552 1549 3607 κωλύω
1598 3570 1657 3607 σε
1693 3553 2054 3623 φθέγγεσθαι,
2084 3555 2200 3608 ἀλλ’

612 3636 735 3690 ἀντὶ
765 3638 863 3709 τῆς
899 3637 1250 3709 βλασφημίας
1284 3637 1659 3709 εὐχαριστίαν,
1687 3640 1808 3691 ἀντὶ
1846 3639 1945 3710 τῆς
1976 3638 2204 3693 ἀποδυσο

612 3722 898 3791 πετήσεως
969 3722 1264 3793 εὐφημίαν.
1308 3721 1734 3794 Ἐξομολόγησαι
1799 3721 1878 3792 τῷ
1922 3723 2200 3795 Δεσπότῃ,

616 3804 715 3875 βόα
758 3805 969 3875 μεγάλα
1023 3806 1349 3876 εὐχόμενος,
1410 3805 1507 3875 βόα
1559 3805 1772 3877 μεγάλα
1824 3804 2063 3871 δοξάζων
2112 3807 2204 3860 τὸν

614 3889 782 3941 Θεόνο
829 3888 973 3942 οὕτω
1014 3906 1097 3942 σοι
1147 3890 1241 3943 καὶ
1279 3888 1339 3943 τὸ
1394 3889 1567 3953 πάθος
1617 3888 2068 3960 ἐπικουφίζεται,
2110 3890 2203 3943 τοῦ

614 3972 865 4027 διαϐόλου
898 3973 998 4043 μὲν
1038 3972 1409 4043 ἀφισταμένου
1446 3972 1535 4026 διὰ
1572 3973 1673 4043 τῆς
1702 3973 2076 4045 εὐχαριστίας,
2104 3974 2206 4045 τῆς

616 4055 711 4108 τοῦ
748 4054 883 4109 Θεοῦ
921 4054 977 4107 δὲ
1019 4055 1271 4127 βοηθείας
1323 4056 1787 4127 παραγινομένης.
1816 4056 1916 4110 Ἂν
1952 4057 2049 4127 μὲν
2097 4056 2206 4128 γὰρ

619 4137 1050 4212 βλασφημήσῃς,
1096 4140 1191 4193 καὶ
1234 4138 1333 4211 τὴν
1381 4139 1477 4193 τοῦ
1525 4138 1661 4193 Θεοῦ
1725 4140 2044 4211 συμμαχίαν
2103 4142 2208 4194 άπ-

618 4222 892 4295 εκρούσω,
923 4224 1018 4277 καὶ
1051 4224 1410 4295 σφοδρότερον
1441 4222 1686 4295 εἰργάσω
1718 4224 1859 4277 κατά
1892 4222 2090 4277 σαυτοῦ
2117 4226 2207 4278 τὸν

618 4306 886 4370 διάϐολον,
934 4307 1028 4360 καὶ
1080 4308 1280 4377 μᾶλλον
1344 4306 1541 4360 σαυτὸν
1596 4306 1895 4377 ἐνέπληξας
1941 4310 2061 4371 ταῖς
2114 4309 2209 4362 ἁλ-

620 4393 872 4463 γηδόσινο
914 4390 979 4445 ἂν
1033 4390 1092 4445 δὲ
1143 4391 1579 4463 εὐχαριστήσῃς,
1634 4390 1735 4454 τάς
1790 4408 1851 4444 τε
1912 4392 2209 4456 ἐπιϐουλὰς

622 4474 950 4549 ἀπεκρούσω
1007 4478 1108 4540 τὰς
1165 4476 1259 4529 τοῦ
1314 4475 1553 4548 πονηροῦ
1621 4475 1910 4546 δαίμονος,
1959 4477 2056 4529 καὶ
2108 4477 2211 4547 τὴν

622 4560 718 4615 τοῦ
781 4556 1079 4632 κηδείμόνος
1137 4560 1273 4613 Θεοῦ
1341 4559 1639 4632 θεραπείαν
1712 4559 2013 4614 ἐπεσπάσω
2074 4560 2210 4632 πρὸς

626 4661 876 4699 σεαυτον.

707 4728 844 4782 Ἀλλ’
869 4728 974 4781 ὐπὸ
1002 4726 1103 4798 τῆς
1141 4727 1429 4799 συνηθείας
1451 4727 1601 4798 ὁρμᾷ
1633 4725 1896 4790 πολλάκις
1932 4729 1964 4797 ἡ
1998 4725 2214 4795 γλῶττα

626 4813 686 4865 τὸ
718 4811 953 4883 πονηρὸν
1005 4812 1193 4871 ἐκεῖνο,
1214 4810 1552 4881 φθέγξασθαι
1605 4810 1777 4882 ῥῆμα.
1823 4809 1961 4863 Ἀλλ’
1992 4810 2214 4865 ἐπειδὰν

626 4897 865 4969 ὁρμήσῃ,
912 4895 1102 4967 πρὶνῆ
1136 4895 1197 4948 τὸ
1235 4897 1387 4967 ῥῆμα
1419 4893 1750 4962 ἐξενεγκεῖν,
1788 4893 2064 4948 κατάδακε
2100 4898 2214 4959 τοῖς

627 4982 838 5035 ὀδοῦσιν
904 4979 1074 5051 αὐτὴν
1124 4978 1390 5031 πάντοθεν
1450 4977 1719 5050 σφοδρῶς.
1772 4978 1991 5031 Βέλτιον
2044 4978 2215 5050 αὐτὴν

630 5059 770 5137 αἷμα
810 5064 953 5136 ῥέειν
1002 5062 1334 5132 νῦν,ἢτότε
1391 5062 1652 5131 σταγόνος
1705 5061 2082 5133 ἐπιθυμοῦσαν
2140 5064 2216 5135 μὴ

630 5148 928 5220 δυνηθῆναι
971 5149 1070 5219 τῆς
1110 5147 1468 5218 παραμυθίας
1498 5146 1703 5219 ταύτης
1745 5150 1962 5217 τυχεῖνσ
2008 5146 2218 5217 βέλτιον

633 5234 803 5304 αὐτὴν
844 5233 1181 5304 πρόσκαιρον
1244 5232 1534 5302 ὐπομεῖναι
1599 5232 1789 5297 πόνον,
1837 5231 1870 5303 ἢ
1934 5231 2218 5302 διηνεκοῦς

633 5316 911 5380 κολάσεως
958 5317 1259 5387 ὑποστῆναι
1305 5316 1405 5388 τὴν
1451 5316 1720 5387 τιμωρίαν
1764 5315 1908 5381 τότε,
1966 5315 2219 5387 καθάπερ

636 5402 731 5454 καὶ
759 5400 909 5472 [747]
938 5402 969 5471 ἡ
997 5400 1094 5452 τοῦ
1141 5399 1398 5453 πλουσίου
1432 5400 1557 5453 τότε
1599 5399 1814 5469 γλῶττα
1846 5412 1873 5439 ι
1909 5399 2219 5471 φλεγομένη

637 5484 989 5557 παραμυθίας
1056 5483 1246 5554 ἔτυχεν
1310 5482 1588 5553 οὐδεμιᾶς.
1641 5483 1781 5548 Τοὺς
1839 5483 2067 5556 ἐχθρούς
2127 5500 2220 5537 σου

637 5566 970 5641 προσέταξεν
998 5568 1029 5621 ὁ
1068 5567 1200 5631 Θεὸς
1239 5565 1445 5637 φιλεῖν·
1482 5568 1545 5621 σύ
1591 5567 1647 5621 δὲ
1705 5568 1795 5621 τὸν
1841 5568 2102 5639 φιλοῦντά
2160 5585 2220 5622 σε

682 5800 723 5874 ,⁸
752 5813 847 5861 Alii
868 5818 919 5861 el
941 5812 1090 5861 Savil.
1120 5810 1168 5874 i9
1190 5811 1546 5874 ωετς.διηιιεκῆ
1573 5810 1652 5857 καὶ
1672 5809 1878 5859 ἀθάνατα
1899 5809 2223 5871 τηγανίζεσθαι

640 5871 765 5933 τοτε,
789 5876 1001 5939 καθάπερ
1020 5878 1049 5932 ἠ
1083 5871 1168 5923 τοῦ
1190 5871 1420 5923 πλουσίου
1444 5873 1648 5928 γλῶττα.

1311 418 1369 473 s.
1411 415 1699 474 50mle
1737 415 2232 473 cumsosrom
2275 416 2597 473 Αιιειιιιςιι.
2631 394 3187 473 ευΝετειῖκιτικόρ.

3734 408 3881 466 10οὶ

2295 538 2614 612 ἀποστρέφῃ
2639 540 2807 604 Θεόν;
2835 540 2960 602 τούς
2988 538 3395 609 ἐπηρεάζοντας
3430 533 3725 605 εὐφημεῖν,
3758 530 3880 593 τούς

2291 630 2664 702 λοιδοροῦντας
2715 632 2997 701 εὐλογεῖν·
3050 632 3114 685 σὺ
3155 631 3213 683 δὲ
3257 630 3349 682 τὸν
3414 628 3714 699 εὐεργέτην
3784 624 3880 676 καί·

2293 724 2607 796 προστάτην
2662 723 2841 794 λέγεις
2896 722 3086 787 κακῶς
3141 722 3306 795 μηδὲν
3366 716 3735 791 ὴδικημένος;
3788 716 3884 783 Μὴ

2293 812 2401 888 γὰρ
2434 817 2534 871 οὐκ
2566 817 2797 888 ἠδύνατο
2842 817 3003 871 λῦσαι
3050 817 3142 870 τὸν
3191 815 3536 887 πειρασμόν;
3580 809 3717 865 ἀλλὰ
3755 825 3885 862 συν-

2294 906 2595 981 εχώρησεν,
2631 910 2718 964 ἴνα
2766 911 2897 982 γένῃ
2941 908 3328 981 δοκιμώτερος.
3380 906 3518 959 Ἀλλ’
3551 903 3687 970 ἰδοὺ,
3728 899 3885 971 φησὶ,

2293 1004 2622 1055 καταπίπτω
2664 1004 2759 1056 καὶ
2800 1003 3135 1073 ἀπόλλυμαι.
3180 1002 3255 1054 Οὐ
3292 998 3447 1071 παρά
3482 997 3583 1067 τὴν
3623 992 3721 1049 τοῦ
3761 1008 3888 1047 πει-

2295 1096 2509 1169 ρασμοῦ
2560 1098 2745 1168 φύσιν,
2787 1097 2922 1152 ἀλλά
2971 1096 3122 1169 παρὰ
3156 1096 3255 1167 τὴν
3303 1092 3575 1166 ρᾳθυμίαν
3610 1090 3715 1161 τὴν
3762 1088 3882 1158 σήν.

2294 1188 2359 1241 Τί
2395 1188 2506 1259 γὰρ
2540 1188 2929 1262 εὐκολώτερον,
2967 1190 3088 1243 εἰπέ
3135 1205 3254 1260 μοι,
3298 1181 3621 1256 βλασφημία
3653 1181 3687 1252 ἦ
3720 1182 3879 1249 εΰχω

2296 1280 2512 1350 ριστία;
2552 1282 2674 1352 οὐχὶ
2694 1282 2756 1335 τὸ
2791 1282 2889 1353 μὲν
2921 1282 3013 1336 καὶ
3041 1282 3167 1343 τούς
3208 1278 3505 1339 ἀκούοντας
3535 1270 3770 1344 ἐχθρούς
3805 1285 3887 1322 σοι

2296 1370 2390 1423 καὶ
2432 1370 2724 1443 πολεμίους
2754 1372 3069 1444 καθίστησι,
3104 1373 3198 1426 καὶ
3228 1372 3307 1433 είς
3332 1368 3571 1438 ἀθυμίαν
3602 1360 3884 1435 ἐμϐάλλει,

2299 1464 2438 1532 μετά
2466 1463 2642 1518 ταῦτα
2676 1466 2768 1518 καὶ
2800 1465 3003 1537 πολλὴν
3040 1465 3331 1538 ἐργάζεται
3360 1462 3460 1532 τὴν
3489 1458 3717 1527 ὀδύνηνο
3743 1454 3805 1506 τὸ
3830 1450 3889 1504 δὲ

2297 1553 2525 1626 μυρίους
2560 1572 2643 1609 σοι
2678 1557 2833 1628 φέρει
2866 1557 3187 1627 φιλοσοφίας
3230 1554 3552 1624 στεφάνους»
3580 1550 3679 1603 καὶ
3720 1546 3890 1618 μυρίτκ

2296 1645 2448 1719 παρά
2478 1646 2698 1701 πάντων
2729 1647 3005 1719 θαύματα,
3038 1649 3134 1703 καὶ
3171 1646 3414 1719 μεγάλας
3449 1641 3604 1713 παρά
3628 1638 3725 1692 τοῦ
3751 1634 3888 1690 Θεοῦ

2294 1740 2394 1803 τὰς
2431 1738 2698 1810 ἀμοιϐἀς;
2739 1740 2805 1793 Τί
2831 1740 3010 1794 τοίνυν
3040 1741 3100 1794 τὸ
3125 1738 3371 1809 ὠφελοῦν
3401 1736 3495 1790 καὶ
3540 1730 3767 1786 εὔκολον
3796 1726 3891 1782 καὶ

2295 1829 2394 1899 ἡδὺ
2440 1831 2639 1900 ἀφεὶς,
2682 1831 2743 1885 τὸ
2796 1830 3037 1901 βλάπτον
3066 1833 3159 1886 καὶ
3198 1829 3403 1884 λυποῦν
3444 1826 3540 1881 καὶ
3575 1822 3891 1891 κατατῆκον

2296 1920 2413 1975 ἀντ’
2444 1923 2657 1976 ἐκείνου
2682 1922 2928 1990 διώκεις;
2962 1923 3173 1987 Ἀλλως
3200 1923 3279 1985 δὲ,
3306 1923 3355 1975 εί
3384 1924 3417 1992 ἡ
3449 1918 3545 1973 τοῦ
3576 1908 3892 1984 πειρασμοῦ

2300 2014 2516 2093 καὶτῆς
2545 2016 2736 2080 πενίας
2763 2017 2943 2087 θλίψις
2966 2017 3117 2072 αίτία
3141 2015 3249 2070 τῶν
3275 2010 3637 2086 βλασφημιῶν
3661 2006 3890 2077 ἐγίνετο»

2299 2103 2509 2167 πάντας
2552 2104 2658 2159 ἔδει
2686 2107 2814 2170 τοὺς
2842 2107 2900 2159 ἐν
2932 2105 3095 2176 πενίᾳ
3130 2104 3503 2176 βλασφημεῖνο
3542 2100 3664 2152 νυνὶ
3702 2096 3760 2149 δὲ
3786 2094 3893 2177 τῶν

2298 2194 2356 2248 ἐν
2400 2195 2562 2267 πενίᾳ
2614 2195 2833 2261 ζώντων
2878 2197 3087 2269 ἐσχάτῃ
3139 2195 3325 2249 πολλοὶ
3358 2190 3627 2263 διηνεκῶς
3674 2188 3894 2256 εὐχαρι-

2301 2286 2539 2353 στοῦσιν,
2569 2290 2747 2359 ἐτεροι
2776 2289 2852 2356 δὲ,
2880 2287 3246 2351 ἀπολαύοντες
3273 2285 3506 2339 πλούτου
3536 2283 3633 2336 καὶ
3659 2279 3892 2352 τρυφῆς,

2298 2379 2361 2431 οὐ
2389 2378 2811 2450 διαλιμπάνουσι
2842 2379 3293 2452 βλασφημοῦντες
3312 2394 3324 2408 ·
3361 2376 3536 2438 οὕτως
3567 2374 3669 2444 οὐχ
3704 2372 3741 2443 ἡ
3784 2368 3896 2423 τῶν

2300 2471 2643 2541 πραγμάτων
2675 2471 2857 2541 φύσις,
2888 2472 3002 2526 ἀλλ’
3032 2474 3067 2544 ἡ
3098 2470 3419 2542 προαίρεσις
3459 2470 3491 2538 ἡ
3521 2465 3771 2537 ἡμετέρα
3798 2458 3895 2515 καὶ

2300 2560 2461 2615 τοῦτο
2494 2564 2715 2617 κάκεῖνο
2748 2564 3064 2635 ἐργάζεται.

2372 2718 2472 2772 Διά
2499 2721 2606 2792 γάρ
2646 2720 2805 2775 τοῦτο
2837 2722 2932 2775 καὶ
2976 2723 3183 2795 ταύτην
3216 2724 3535 2792 ἀνέγνωμεν
3578 2718 3687 2789 τὴν,
3711 2732 3896 2787 παρα-

2302 2810 2485 2883 ϐολὴν,
2519 2814 2607 2867 ἵνα
2662 2815 2843 2888 μάθῃς
2888 2816 2973 2869 ὅτι
3019 2816 3111 2869 τὸν
3170 2817 3268 2888 μὲν
3323 2814 3679 2889 ῥᾳθυμοῦντα
3709 2812 3833 2865 οὐδὲ
3864 2812 3894 2864 ό

2302 2901 2532 2965 πλοῦτος
2588 2903 2827 2975 ὀνίνησι,
2875 2906 2969 2960 τὸν
3026 2907 3365 2977 προσέχοντα
3402 2906 3458 2958 δὲ
3506 2904 3629 2958 οὐδὲ
3665 2906 3701 2974 ἡ
3739 2902 3902 2956 πενία

2304 2994 2653 3065 καταϐλάψαι
2720 2996 2964 3052 δύναται.
3033 2998 3145 3052 Καὶ
3196 2999 3249 3052 τί
3303 2998 3477 3067 λέγω,
3534 2997 3739 3061 ηπενία;
3795 2994 3901 3048 κᾶν

2303 3088 2520 3144 ἅπαντα
2552 3090 2689 3161 όμοῦ
2741 3090 2971 3164 συνέλθῃ
3020 3089 3092 3143 τὰ
3123 3091 3182 3143 ἐν
3224 3089 3539 3161 ἀνθρώποις
3592 3086 3763 3150 κακά,
3795 3085 3897 3157 τὴν

2300 3179 2397 3232 τοῦ
2430 3179 2678 3249 φιλοθέου
2713 3181 2807 3233 καὶ
2838 3179 3130 3250 φιλοσόφου
3169 3179 3347 3250 ψυχὴν
3376 3178 3632 3232 οὐδέποτε
3664 3174 3901 3245 ἐλέγξει,

2303 3272 2412 3326 οὐδ’
2440 3273 2743 3343 ἀποστῆναι
2778 3273 2957 3325 πείσει
2990 3275 3089 3346 τῆς
3122 3271 3327 3341 ἀρετῆς
3365 3272 3483 3343 (καὶ
3510 3270 3719 3323 τούτων
3754 3270 3902 3340 μάρο

2304 3381 2402 3427 τυς
2436 3366 2463 3418 ὀ
2489 3363 2792 3437 Λάζαρος)·
2828 3364 3017 3436 ὥσπερ
3064 3359 3158 3417 οῦν
3194 3363 3286 3416 τὸν
3327 3362 3527 3434 χαῦνον
3575 3363 3674 3414 καὶ
3710 3360 3895 3414 διαλε-

2306 3454 2538 3527 λυμένον
2564 3457 2627 3511 οὐ
2664 3456 2917 3523 πλοῦτος,
2945 3458 3043 3528 οὐχ
3076 3457 3276 3526 ὑγίεια,
3314 3456 3375 3509 οὐ
3410 3456 3667 3527 διηνεκὴς
3699 3454 3907 3526 εὐημε-

2309 3548 2424 3619 ρία,
2448 3551 2551 3603 οὐκ
2581 3549 2711 3603 ἄλλο
2733 3550 2885 3604 οὐδὲν
2916 3549 3195 3620 ὠφελῆσαι
3223 3548 3515 3620 δυνήσεταί
3545 3564 3695 3602 ποτε.

2379 3692 2449 3758 η’.
2479 3687 2570 3759 Μὴ
2617 3687 2797 3741 τοίνυν
2841 3687 3107 3758 λέγωμεν
3140 3686 3224 3739 ὅτι
3256 3686 3418 3739 πενία
3457 3686 3555 3738 καὶ
3593 3685 3749 3748 νόσος
3802 3684 3907 3737 καὶ

2308 3778 2571 3834 κινδύνων
2618 3779 2909 3847 ἐπαγωγαὶ
2962 3778 3308 3850 βλασφημεῖν
3358 3776 3784 3843 ἀναγκάζουσιν.
3824 3778 3902 3830 Οὐ

2310 3868 2491 3934 πενία,
2531 3868 2670 3923 ἀλλά
2715 3869 2897 3923 άνοια-
2934 3871 2997 3923 οὐ
3044 3870 3233 3936 νόσος,
3267 3869 3405 3924 ἀλλά
3453 3869 3905 3939 καταφρόνησις·

2310 3963 2372 4016 οὐ
2410 3962 2672 4016 κινδύνων
2713 3962 3035 4032 ἐπαγωγαὶ,
3076 3962 3191 4016 ἀλλ’
3220 3960 3504 4025 εὐλαϐείας
3546 3960 3770 4033 ἐρημία,
3808 3960 3905 4014 καὶ

2311 4055 2391 4117 εἰς
2434 4052 2787 4124 βλασφημίαν
2816 4053 2909 4107 καὶ
2942 4054 3024 4118 είς
3053 4055 3233 4109 πᾶσαν
3263 4053 3387 4124 ἄγει
3432 4052 3635 4109 κακίαν
3657 4054 3781 4118 τούς
3827 4050 3910 4126 μὴ

2312 4145 2704 4218 προσέχοντας.

2396 4282 2559 4335 Ἀλλά
2587 4284 2733 4346 τίνος
2762 4283 2972 4347 ἕνεκεν,
3010 4284 3196 4353 φησὶν,
3237 4284 3288 4336 οί
3332 4282 3433 4354 μὲν
3475 4282 3713 4337 ἐνταῦθα
3743 4281 3907 4337 κολάε

2314 4375 2523 4440 ζονται,
2560 4378 2609 4429 οἱ
2654 4376 2712 4430 δὲ
2756 4378 2891 4443 ἐκεῖ,
2927 4377 3021 4431 καὶ
3054 4377 3155 4430 οὐκ
3202 4375 3437 4430 ἐνταῦθα
3467 4376 3710 4441 πάντες;
3745 4376 3911 4442 Τίνος

2314 4466 2530 4532 ἓνεκεν;
2573 4467 2656 4519 ὅτι
2710 4469 2759 4520 εί
2806 4467 2967 4521 τοῦτο
3016 4463 3106 4539 ἦν,
3151 4467 3354 4533 πάντες
3403 4466 3470 4521 ἂν
3527 4466 3907 4539 ἀπωλόμεθα⁸

2316 4557 2519 4621 πάντες
2556 4559 2667 4630 γάρ
2706 4561 2875 4629 ἐσμεν
2920 4560 2980 4613 ἐν
3024 4559 3341 4631 ἐπιτιμίοις,
3388 4558 3560 4614 Πάλιν
3611 4562 3661 4613 εί
3715 4560 3911 4631 μηδεὶς

2318 4653 2555 4708 ἐνταῦθα
2579 4654 2889 4719 ἐκολάζετο,
2916 4640 3280 4727 ῥαθυμότεροι
3308 4657 3358 4709 οί
3388 4654 3609 4719 πλείους
3635 4655 3908 4723 ἐγένοντο,

2318 4745 2413 4797 καὶ
2447 4743 2635 4797 πολλοὶ
2671 4744 2737 4798 ἂν
2772 4739 2926 4799 εἷπον
2966 4745 3042 4816 μὴ
3071 4740 3212 4801 εἶναι
3255 4747 3537 4819 πρόνοιαν.
3580 4747 3647 4800 Εἰ
3672 4747 3785 4819 γάρ
3813 4747 3912 4802 νῦν

2318 4836 2554 4909 ὁρῶντες
2579 4836 2688 4891 τῶν
2723 4838 2979 4909 πονηρῶν
3020 4838 3252 4903 πολλοὺς
3285 4839 3711 4912 κολαζομένους,
3741 4841 3912 4897 πολλὰ

2320 4928 2545 4984 τοιαῦτα
2580 4928 3018 5001 βλασφημοῦσιν,
3045 4930 3093 4982 εί
3142 4930 3275 5001 μηδὲ
3304 4930 3464 4984 τοῦτο
3508 4927 3599 5002 ἦν,
3628 4932 3682 4985 τί
3715 4933 3817 4985 οὐκ
3846 4932 3913 4985 ἂν

2321 5020 2511 5089 εἷπον;
2561 5021 2665 5093 ποῦ
2714 5022 2772 5076 δὲ
2807 5023 2909 5076 οὐκ
2946 5022 3014 5076 ἂν
3046 5018 3211 5093 ἦλθον
3263 5024 3495 5089 κακίας;
3538 5024 3639 5077 Διά
3683 5025 3847 5078 τοῦτο
3888 5036 3910 5053 ⁴

2321 5118 2455 5182 Θεὸς
2480 5118 2608 5180 τοὺς
2639 5116 2736 5188 μὲν
2762 5114 2997 5171 ἐνταῦθα
3026 5114 3267 5181 κολάζει,
3308 5117 3435 5181 τοὺς
3464 5096 3522 5171 δὲ
3552 5117 3615 5169 οὐ
3654 5118 3913 5183 κολάζειο

2324 5210 2543 5275 κολάζει
2573 5209 2671 5281 μὲν
2709 5207 2818 5279 γάρ
2844 5224 3016 5272 τινας,
3039 5207 3139 5280 τὴν
3169 5208 3367 5262 κακίαν
3395 5208 3576 5263 αὐτῶν
3603 5211 3915 5275 ἐκκόπτων,

2325 5305 2420 5358 καὶ
2457 5302 2797 5374 κουφοτέραν
2831 5302 2929 5373 τὴν
2961 5303 3080 5356 ἐκεῖ
3106 5301 3274 5356 ποιῶν
3302 5302 3599 5373 τιμωρίαν,
3629 5303 3663 5373 ῆ
3697 5307 3799 5359 καὶ
3826 5306 3917 5359 τέ-

2325 5393 2445 5446 λεον
2467 5392 2827 5446 ἀπαλλάττων
2850 5392 3069 5456 αὐτοὺς,
3094 5392 3335 5455 καὶτοὺς
3354 5392 3411 5445 ἐν
3438 5392 3676 5463 πονηρίᾳ
3703 5391 3919 5457 ζῶντας

2330 5484 2806 5557 σωφρονεστέρους
2841 5482 3011 5537 ποιῶν
3052 5486 3118 5555 τῇ
3152 5482 3357 5537 τούτων
3385 5484 3631 5556 τιμωρίᾳ
3651 5502 3663 5511 ·
3689 5486 3821 5549 τοὺς
3863 5484 3921 5540 ὁὶ

2326 5580 2389 5633 οὐ
2421 5578 2638 5643 κολάζει
2677 5576 2860 5641 πάλιν,
2892 5576 2977 5629 ἵνα
3006 5576 3073 5629 ἂν
3102 5576 3202 5647 μὲν
3236 5575 3580 5648 προσέχωσιν
3608 5575 3763 5649 [748]
3793 5578 3923 5630 ἐαυο

2330 5675 2464 5737 τοῖς,
2499 5672 2932 5743 μετανοήσαντες
2967 5670 3062 5724 καὶ⁵
3088 5669 3187 5740 τὴν
3215 5667 3309 5722 τοῦ
3350 5667 3488 5721 Θεοῦ
3526 5667 3925 5740 μακροθυμίαν

2331 5764 2694 5827 αἰδεσθέντες,
2723 5763 2819 5817 καὶ
2846 5762 2947 5833 τῆς
2977 5760 3215 5815 ἐνταῦθα
3242 5760 3523 5824 κολάσεως
3557 5759 3924 5834 ἀπαλλαγῦσι

2343 5858 2436 5912 καὶ
2477 5856 2575 5929 τῆς
2629 5858 2745 5911 ἐκεῖ
2782 5855 3079 5927 τιμωρίας
3128 5854 3194 5910 δον
3237 5854 3294 5910 δὲ
3334 5854 3711 5927 ἐπιμένωσίνν
3760 5862 3929 5934 μηδὲν
