  <div class='ocr_page' id='page_1' title='image "/cluster/home/n/w/nwhite01/storage/ocr_20150623/48/pst.000005712458/488.png"; bbox 0 0 4160 6324; ppageno 0'>
   <div class='ocr_carea' id='block_1_1' title="bbox 213 419 350 474">
    <p class='ocr_par' dir='ltr' id='par_1_1' title="bbox 213 419 350 474">
     <span class='ocr_line' id='line_1_1' title="bbox 213 419 350 474; baseline 0.007 -1"><span class='ocrx_word' id='word_1_1' title='bbox 213 419 350 474; x_wconf 78' lang='grc'><strong>1001</strong></span> 
     </span>
    </p>
   </div>
   <div class='ocr_carea' id='block_1_2' title="bbox 209 535 1813 612">
    <p class='ocr_par' dir='ltr' id='par_1_2' title="bbox 209 535 1813 612">
     <span class='ocr_line' id='line_1_2' title="bbox 209 535 1813 612; baseline 0.004 -24"><span class='ocrx_word' id='word_1_2' title='bbox 209 535 310 589; x_wconf 82' lang='lat' dir='ltr'><strong>sed</strong></span> <span class='ocrx_word' id='word_1_3' title='bbox 338 536 535 606; x_wconf 91' lang='lat' dir='ltr'><strong>gratias</strong></span> <span class='ocrx_word' id='word_1_4' title='bbox 561 552 720 608; x_wconf 90' lang='lat' dir='ltr'><strong>agere</strong></span> <span class='ocrx_word' id='word_1_5' title='bbox 739 580 754 605; x_wconf 92' lang='lat'><strong>,</strong></span> <span class='ocrx_word' id='word_1_6' title='bbox 782 541 1111 612; x_wconf 76' lang='lat' dir='ltr'><strong>gloriﬁcare,</strong></span> <span class='ocrx_word' id='word_1_7' title='bbox 1149 541 1376 595; x_wconf 88' lang='lat' dir='ltr'><strong>adorare</strong></span> <span class='ocrx_word' id='word_1_8' title='bbox 1399 555 1543 606; x_wconf 89' lang='lat' dir='ltr'><strong>eum,</strong></span> <span class='ocrx_word' id='word_1_9' title='bbox 1573 542 1659 611; x_wconf 91' lang='lat' dir='ltr'><strong>qui</strong></span> <span class='ocrx_word' id='word_1_10' title='bbox 1689 557 1813 612; x_wconf 83' lang='lat' dir='ltr'><strong>per-</strong></span> 
     </span>
    </p>
   </div>
   <div class='ocr_carea' id='block_1_3' title="bbox 212 627 1818 704">
    <p class='ocr_par' dir='ltr' id='par_1_3' title="bbox 212 627 1818 704">
     <span class='ocr_line' id='line_1_3' title="bbox 212 627 1818 704; baseline 0.004 -24"><span class='ocrx_word' id='word_1_11' title='bbox 212 629 381 682; x_wconf 87' lang='lat' dir='ltr'><strong>mittit</strong></span> <span class='ocrx_word' id='word_1_12' title='bbox 408 629 504 684; x_wconf 87' lang='lat' dir='ltr'><strong>has</strong></span> <span class='ocrx_word' id='word_1_13' title='bbox 527 632 846 686; x_wconf 85' lang='lat' dir='ltr'><strong>tentationes</strong></span> <span class='ocrx_word' id='word_1_14' title='bbox 863 627 1033 700; x_wconf 85' lang='lat' dir='ltr'><strong>ittlligi</strong></span> <span class='ocrx_word' id='word_1_15' title='bbox 1052 629 1075 682; x_wconf 86' lang='lat'><strong>?</strong></span> <span class='ocrx_word' id='word_1_16' title='bbox 1097 634 1270 701; x_wconf 86' lang='lat' dir='ltr'><strong>Quam</strong></span> <span class='ocrx_word' id='word_1_17' title='bbox 1299 633 1464 688; x_wconf 87' lang='lat' dir='ltr'><strong>multa</strong></span> <span class='ocrx_word' id='word_1_18' title='bbox 1486 633 1818 704; x_wconf 78' lang='lat' dir='ltr'><strong>inexspecta-</strong></span> 
     </span>
    </p>
   </div>
   <div class='ocr_carea' id='block_1_4' title="bbox 213 720 1818 793">
    <p class='ocr_par' dir='ltr' id='par_1_4' title="bbox 213 720 1818 793">
     <span class='ocr_line' id='line_1_4' title="bbox 213 720 1818 793; baseline 0.005 -23"><span class='ocrx_word' id='word_1_19' title='bbox 213 728 291 783; x_wconf 87' lang='lat' dir='ltr'><strong>ta,</strong></span> <span class='ocrx_word' id='word_1_20' title='bbox 326 734 484 787; x_wconf 89' lang='lat' dir='ltr'><strong>quam</strong></span> <span class='ocrx_word' id='word_1_21' title='bbox 515 721 696 774; x_wconf 79' lang='lat' dir='ltr'><strong>multm</strong></span> <span class='ocrx_word' id='word_1_22' title='bbox 723 723 1016 792; x_wconf 65' lang='lat' dir='ltr'><strong>angustias?</strong></span> <span class='ocrx_word' id='word_1_23' title='bbox 1046 720 1112 777; x_wconf 89' lang='lat' dir='ltr'><strong>Et</strong></span> <span class='ocrx_word' id='word_1_24' title='bbox 1136 733 1312 778; x_wconf 90' lang='lat' dir='ltr'><strong>tamen</strong></span> <span class='ocrx_word' id='word_1_25' title='bbox 1338 731 1547 793; x_wconf 86' lang='lat' dir='ltr'><strong>Oportet</strong></span> <span class='ocrx_word' id='word_1_26' title='bbox 1573 739 1818 793; x_wconf 86' lang='lat' dir='ltr'><strong>premere</strong></span> 
     </span>
    </p>
   </div>
   <div class='ocr_carea' id='block_1_5' title="bbox 211 811 1816 884">
    <p class='ocr_par' dir='ltr' id='par_1_5' title="bbox 211 811 1816 884">
     <span class='ocr_line' id='line_1_5' title="bbox 211 811 1816 884; baseline 0.005 -24"><span class='ocrx_word' id='word_1_27' title='bbox 211 811 389 865; x_wconf 82' lang='lat' dir='ltr'><strong>malas</strong></span> <span class='ocrx_word' id='word_1_28' title='bbox 408 812 776 881; x_wconf 90' lang='lat' dir='ltr'><strong>cogitationes,</strong></span> <span class='ocrx_word' id='word_1_29' title='bbox 801 829 974 884; x_wconf 90' lang='lat' dir='ltr'><strong>neque</strong></span> <span class='ocrx_word' id='word_1_30' title='bbox 995 816 1304 884; x_wconf 75' lang='lat' dir='ltr'><strong>permittere</strong></span> <span class='ocrx_word' id='word_1_31' title='bbox 1323 815 1515 883; x_wconf 62' lang='lat' dir='ltr'><strong>linguae</strong></span> <span class='ocrx_word' id='word_1_32' title='bbox 1537 823 1595 868; x_wconf 89' lang='lat' dir='ltr'><strong>ut</strong></span> <span class='ocrx_word' id='word_1_33' title='bbox 1617 815 1816 884; x_wconf 89' lang='lat' dir='ltr'><strong>aliquid</strong></span> 
     </span>
    </p>
   </div>
   <div class='ocr_carea' id='block_1_6' title="bbox 209 902 1816 974">
    <p class='ocr_par' dir='ltr' id='par_1_6' title="bbox 209 902 1816 974">
     <span class='ocr_line' id='line_1_6' title="bbox 209 902 1816 974; baseline 0.004 -23"><span class='ocrx_word' id='word_1_34' title='bbox 209 911 376 954; x_wconf 87' lang='lat' dir='ltr'><strong>sonet</strong></span> <span class='ocrx_word' id='word_1_35' title='bbox 403 902 616 957; x_wconf 84' lang='lat' dir='ltr'><strong>absurdi</strong></span> <span class='ocrx_word' id='word_1_36' title='bbox 639 945 653 968; x_wconf 92' lang='lat'><strong>,</strong></span> <span class='ocrx_word' id='word_1_37' title='bbox 682 905 1133 974; x_wconf 81' lang='lat' dir='ltr'><strong>quemadmodum</strong></span> <span class='ocrx_word' id='word_1_38' title='bbox 1175 907 1361 960; x_wconf 89' lang='lat' dir='ltr'><strong>beatus</strong></span> <span class='ocrx_word' id='word_1_39' title='bbox 1402 905 1504 961; x_wconf 89' lang='lat' dir='ltr'><strong>Job</strong></span> <span class='ocrx_word' id='word_1_40' title='bbox 1536 906 1816 960; x_wconf 90' lang='lat' dir='ltr'><strong>innumera</strong></span> 
     </span>
    </p>
   </div>
   <div class='ocr_carea' id='block_1_7' title="bbox 213 995 1628 1066">
    <p class='ocr_par' dir='ltr' id='par_1_7' title="bbox 213 995 1628 1066">
     <span class='ocr_line' id='line_1_7' title="bbox 213 995 1628 1066; baseline 0.005 -24"><span class='ocrx_word' id='word_1_41' title='bbox 213 1005 508 1060; x_wconf 86' lang='lat' dir='ltr'><strong>perpessus</strong></span> <span class='ocrx_word' id='word_1_42' title='bbox 536 995 670 1047; x_wconf 89' lang='lat' dir='ltr'><strong>niala</strong></span> <span class='ocrx_word' id='word_1_43' title='bbox 705 997 1060 1063; x_wconf 90' lang='lat' dir='ltr'><strong>perseveravit</strong></span> <span class='ocrx_word' id='word_1_44' title='bbox 1084 997 1281 1065; x_wconf 77' lang='lat' dir='ltr'><strong>gratias</strong></span> <span class='ocrx_word' id='word_1_45' title='bbox 1311 1011 1468 1066; x_wconf 87' lang='lat' dir='ltr'><strong>agere</strong></span> <span class='ocrx_word' id='word_1_46' title='bbox 1497 997 1628 1050; x_wconf 89' lang='lat' dir='ltr'><strong>Deo.</strong></span> 
     </span>
    </p>
   </div>
   <div class='ocr_carea' id='block_1_8' title="bbox 289 1080 1822 1155">
    <p class='ocr_par' dir='ltr' id='par_1_8' title="bbox 289 1080 1822 1155">
     <span class='ocr_line' id='line_1_8' title="bbox 289 1080 1822 1155; baseline 0.004 -23"><span class='ocrx_word' id='word_1_47' title='bbox 289 1080 625 1151; x_wconf 73' lang='lat' dir='ltr'><strong>[inpatientia</strong></span> <span class='ocrx_word' id='word_1_48' title='bbox 654 1084 979 1155; x_wconf 74' lang='lat' dir='ltr'><strong>blasphemia:</strong></span> <span class='ocrx_word' id='word_1_49' title='bbox 1009 1096 1184 1140; x_wconf 84' lang='lat' dir='ltr'><strong>mater.</strong></span> <span class='ocrx_word' id='word_1_50' title='bbox 1211 1114 1284 1127; x_wconf 87' lang='lat'><strong>—-</strong></span> <span class='ocrx_word' id='word_1_51' title='bbox 1306 1086 1440 1140; x_wconf 89' lang='lat' dir='ltr'><strong>Sunt</strong></span> <span class='ocrx_word' id='word_1_52' title='bbox 1477 1095 1654 1140; x_wconf 89' lang='lat' dir='ltr'><strong>autem</strong></span> <span class='ocrx_word' id='word_1_53' title='bbox 1686 1099 1822 1139; x_wconf 89' lang='lat' dir='ltr'><strong>non-</strong></span> 
     </span>
    </p>
   </div>
   <div class='ocr_carea' id='block_1_9' title="bbox 212 1169 1816 1245">
    <p class='ocr_par' dir='ltr' id='par_1_9' title="bbox 212 1169 1816 1245">
     <span class='ocr_line' id='line_1_9' title="bbox 212 1169 1816 1245; baseline 0.004 -23"><span class='ocrx_word' id='word_1_54' title='bbox 212 1169 391 1237; x_wconf 92' lang='lat' dir='ltr'><strong>nulli,</strong></span> <span class='ocrx_word' id='word_1_55' title='bbox 424 1173 511 1241; x_wconf 87' lang='lat' dir='ltr'><strong>qui</strong></span> <span class='ocrx_word' id='word_1_56' title='bbox 543 1175 588 1226; x_wconf 87' lang='lat' dir='ltr'><strong>si</strong></span> <span class='ocrx_word' id='word_1_57' title='bbox 609 1175 733 1241; x_wconf 86' lang='lat' dir='ltr'><strong>joco</strong></span> <span class='ocrx_word' id='word_1_58' title='bbox 757 1176 1066 1231; x_wconf 84' lang='lat' dir='ltr'><strong>conviciove</strong></span> <span class='ocrx_word' id='word_1_59' title='bbox 1091 1192 1117 1230; x_wconf 90' lang='lat' dir='ltr'><strong>a</strong></span> <span class='ocrx_word' id='word_1_60' title='bbox 1146 1178 1396 1245; x_wconf 83' lang='lat' dir='ltr'><strong>quopiam</strong></span> <span class='ocrx_word' id='word_1_61' title='bbox 1425 1177 1550 1231; x_wconf 90' lang='lat' dir='ltr'><strong>tacti</strong></span> <span class='ocrx_word' id='word_1_62' title='bbox 1581 1175 1777 1230; x_wconf 78' lang='lat' dir='ltr'><strong>fuerint</strong></span> <span class='ocrx_word' id='word_1_63' title='bbox 1801 1217 1816 1241; x_wconf 96' lang='lat'><strong>,</strong></span> 
     </span>
    </p>
   </div>
   <div class='ocr_carea' id='block_1_10' title="bbox 212 1261 1819 1340">
    <p class='ocr_par' dir='ltr' id='par_1_10' title="bbox 212 1261 1819 1340">
     <span class='ocr_line' id='line_1_10' title="bbox 212 1261 1819 1340; baseline 0.002 -27"><span class='ocrx_word' id='word_1_64' title='bbox 212 1272 313 1314; x_wconf 80' lang='lat' dir='ltr'><strong>aut</strong></span> <span class='ocrx_word' id='word_1_65' title='bbox 340 1261 394 1316; x_wconf 90' lang='lat' dir='ltr'><strong>in</strong></span> <span class='ocrx_word' id='word_1_66' title='bbox 417 1263 697 1318; x_wconf 84' lang='lat' dir='ltr'><strong>adversam</strong></span> <span class='ocrx_word' id='word_1_67' title='bbox 727 1265 1082 1320; x_wconf 79' lang='lat' dir='ltr'><strong>valetudinem</strong></span> <span class='ocrx_word' id='word_1_68' title='bbox 1111 1266 1427 1340; x_wconf 88' lang='lat' dir='ltr'><strong>inciderint,</strong></span> <span class='ocrx_word' id='word_1_69' title='bbox 1456 1266 1619 1320; x_wconf 89' lang='lat' dir='ltr'><strong>veluti</strong></span> <span class='ocrx_word' id='word_1_70' title='bbox 1649 1264 1819 1334; x_wconf 87' lang='lat' dir='ltr'><strong>poda-</strong></span> 
     </span>
    </p>
   </div>
   <div class='ocr_carea' id='block_1_11' title="bbox 210 1356 1820 1426">
    <p class='ocr_par' dir='ltr' id='par_1_11' title="bbox 210 1356 1820 1426">
     <span class='ocr_line' id='line_1_11' title="bbox 210 1356 1820 1426; baseline 0.004 -22"><span class='ocrx_word' id='word_1_71' title='bbox 210 1367 372 1421; x_wconf 77' lang='lat' dir='ltr'><strong>gram</strong></span> <span class='ocrx_word' id='word_1_72' title='bbox 397 1394 411 1417; x_wconf 91' lang='lat'><strong>,</strong></span> <span class='ocrx_word' id='word_1_73' title='bbox 438 1363 530 1406; x_wconf 85' lang='lat' dir='ltr'><strong>aut</strong></span> <span class='ocrx_word' id='word_1_74' title='bbox 571 1356 761 1423; x_wconf 82' lang='lat' dir='ltr'><strong>capitis</strong></span> <span class='ocrx_word' id='word_1_75' title='bbox 789 1356 1028 1411; x_wconf 88' lang='lat' dir='ltr'><strong>dolorem</strong></span> <span class='ocrx_word' id='word_1_76' title='bbox 1055 1399 1070 1424; x_wconf 92' lang='lat'><strong>,</strong></span> <span class='ocrx_word' id='word_1_77' title='bbox 1102 1367 1193 1410; x_wconf 85' lang='lat' dir='ltr'><strong>aut</strong></span> <span class='ocrx_word' id='word_1_78' title='bbox 1221 1358 1382 1411; x_wconf 88' lang='lat' dir='ltr'><strong>alium</strong></span> <span class='ocrx_word' id='word_1_79' title='bbox 1414 1356 1572 1426; x_wconf 83' lang='lat' dir='ltr'><strong>hujus</strong></span> <span class='ocrx_word' id='word_1_80' title='bbox 1607 1357 1820 1425; x_wconf 83' lang='lat' dir='ltr'><strong>generis</strong></span> 
     </span>
    </p>
   </div>
   <div class='ocr_carea' id='block_1_12' title="bbox 217 1445 1820 1518">
    <p class='ocr_par' dir='ltr' id='par_1_12' title="bbox 217 1445 1820 1518">
     <span class='ocr_line' id='line_1_12' title="bbox 217 1445 1820 1518; baseline 0.004 -22"><span class='ocrx_word' id='word_1_81' title='bbox 217 1445 495 1509; x_wconf 85' lang='lat' dir='ltr'><strong>morbum,</strong></span> <span class='ocrx_word' id='word_1_82' title='bbox 530 1447 675 1502; x_wconf 87' lang='lat' dir='ltr'><strong>illico</strong></span> <span class='ocrx_word' id='word_1_83' title='bbox 699 1447 1057 1518; x_wconf 83' lang='lat' dir='ltr'><strong>blaspliemias</strong></span> <span class='ocrx_word' id='word_1_84' title='bbox 1084 1449 1361 1504; x_wconf 82' lang='lat' dir='ltr'><strong>effundunt</strong></span> <span class='ocrx_word' id='word_1_85' title='bbox 1391 1467 1406 1505; x_wconf 89' lang='lat'><strong>:</strong></span> <span class='ocrx_word' id='word_1_86' title='bbox 1432 1464 1495 1503; x_wconf 90' lang='lat' dir='ltr'><strong>ac</strong></span> <span class='ocrx_word' id='word_1_87' title='bbox 1521 1449 1820 1504; x_wconf 78' lang='lat' dir='ltr'><strong>molestiam</strong></span> 
     </span>
    </p>
   </div>
   <div class='ocr_carea' id='block_1_13' title="bbox 215 1534 1816 1609">
    <p class='ocr_par' dir='ltr' id='par_1_13' title="bbox 215 1534 1816 1609">
     <span class='ocr_line' id='line_1_13' title="bbox 215 1534 1816 1609; baseline 0.004 -24"><span class='ocrx_word' id='word_1_88' title='bbox 215 1534 438 1602; x_wconf 81' lang='lat' dir='ltr'><strong>quidem</strong></span> <span class='ocrx_word' id='word_1_89' title='bbox 479 1537 650 1590; x_wconf 89' lang='lat' dir='ltr'><strong>morbi</strong></span> <span class='ocrx_word' id='word_1_90' title='bbox 691 1537 995 1604; x_wconf 78' lang='lat' dir='ltr'><strong>sustinent,</strong></span> <span class='ocrx_word' id='word_1_91' title='bbox 1027 1549 1278 1593; x_wconf 72' lang='lat' dir='ltr'><strong>caiterutn</strong></span> <span class='ocrx_word' id='word_1_92' title='bbox 1308 1539 1482 1593; x_wconf 87' lang='lat' dir='ltr'><strong>fructu</strong></span> <span class='ocrx_word' id='word_1_93' title='bbox 1522 1539 1816 1609; x_wconf 85' lang='lat' dir='ltr'><strong>privamur.</strong></span> 
     </span>
    </p>
   </div>
   <div class='ocr_carea' id='block_1_14' title="bbox 216 1625 1821 1696">
    <p class='ocr_par' dir='ltr' id='par_1_14' title="bbox 216 1625 1821 1696">
     <span class='ocr_line' id='line_1_14' title="bbox 216 1625 1821 1696; baseline 0.003 -19"><span class='ocrx_word' id='word_1_94' title='bbox 216 1625 360 1690; x_wconf 83' lang='lat' dir='ltr'><strong>Quid</strong></span> <span class='ocrx_word' id='word_1_95' title='bbox 389 1625 552 1690; x_wconf 86' lang='lat' dir='ltr'><strong>facis,</strong></span> <span class='ocrx_word' id='word_1_96' title='bbox 585 1642 617 1680; x_wconf 92' lang='grc' dir='ltr'>ο</span> <span class='ocrx_word' id='word_1_97' title='bbox 646 1627 827 1694; x_wconf 91' lang='lat' dir='ltr'><strong>homo,</strong></span> <span class='ocrx_word' id='word_1_98' title='bbox 860 1629 912 1682; x_wconf 91' lang='lat' dir='ltr'><strong>in</strong></span> <span class='ocrx_word' id='word_1_99' title='bbox 941 1627 1266 1696; x_wconf 83' lang='lat' dir='ltr'><strong>beneficum,</strong></span> <span class='ocrx_word' id='word_1_100' title='bbox 1298 1629 1350 1682; x_wconf 90' lang='lat' dir='ltr'><strong>in</strong></span> <span class='ocrx_word' id='word_1_101' title='bbox 1385 1629 1732 1694; x_wconf 84' lang='lat' dir='ltr'><strong>salvatorem,</strong></span> <span class='ocrx_word' id='word_1_102' title='bbox 1765 1627 1821 1682; x_wconf 91' lang='lat' dir='ltr'><strong>in</strong></span> 
     </span>
    </p>
   </div>
   <div class='ocr_carea' id='block_1_15' title="bbox 218 1715 1816 1789">
    <p class='ocr_par' dir='ltr' id='par_1_15' title="bbox 218 1715 1816 1789">
     <span class='ocr_line' id='line_1_15' title="bbox 218 1715 1816 1789; baseline 0.004 -25"><span class='ocrx_word' id='word_1_103' title='bbox 218 1715 578 1782; x_wconf 83' lang='lat' dir='ltr'><strong>provisorem,</strong></span> <span class='ocrx_word' id='word_1_104' title='bbox 614 1717 665 1770; x_wconf 94' lang='lat' dir='ltr'><strong>in</strong></span> <span class='ocrx_word' id='word_1_105' title='bbox 699 1719 770 1770; x_wconf 89' lang='lat' dir='ltr'><strong>tui</strong></span> <span class='ocrx_word' id='word_1_106' title='bbox 798 1734 979 1772; x_wconf 86' lang='lat' dir='ltr'><strong>curam</strong></span> <span class='ocrx_word' id='word_1_107' title='bbox 1006 1727 1273 1789; x_wconf 88' lang='lat' dir='ltr'><strong>agentem,</strong></span> <span class='ocrx_word' id='word_1_108' title='bbox 1314 1719 1554 1774; x_wconf 89' lang='lat' dir='ltr'><strong>convicia</strong></span> <span class='ocrx_word' id='word_1_109' title='bbox 1575 1718 1816 1788; x_wconf 74' lang='lat' dir='ltr'><strong>jaciens?</strong></span> 
     </span>
    </p>
   </div>
   <div class='ocr_carea' id='block_1_16' title="bbox 214 1804 1818 1882">
    <p class='ocr_par' dir='ltr' id='par_1_16' title="bbox 214 1804 1818 1882">
     <span class='ocr_line' id='line_1_16' title="bbox 214 1804 1818 1882; baseline 0.003 -24"><span class='ocrx_word' id='word_1_110' title='bbox 214 1804 338 1859; x_wconf 86' lang='lat' dir='ltr'><strong>Non</strong></span> <span class='ocrx_word' id='word_1_111' title='bbox 380 1816 432 1860; x_wconf 88' lang='lat' dir='ltr'><strong>te</strong></span> <span class='ocrx_word' id='word_1_112' title='bbox 459 1809 625 1861; x_wconf 86' lang='lat' dir='ltr'><strong>sentis</strong></span> <span class='ocrx_word' id='word_1_113' title='bbox 648 1809 708 1862; x_wconf 85' lang='lat' dir='ltr'><strong>in</strong></span> <span class='ocrx_word' id='word_1_114' title='bbox 741 1810 1089 1880; x_wconf 75' lang='lat' dir='ltr'><strong>prmcipitium</strong></span> <span class='ocrx_word' id='word_1_115' title='bbox 1118 1811 1326 1882; x_wconf 91' lang='lat' dir='ltr'><strong>abripi,</strong></span> <span class='ocrx_word' id='word_1_116' title='bbox 1359 1818 1518 1880; x_wconf 88' lang='lat' dir='ltr'><strong>teque</strong></span> <span class='ocrx_word' id='word_1_117' title='bbox 1550 1811 1724 1881; x_wconf 90' lang='lat' dir='ltr'><strong>ipsum</strong></span> <span class='ocrx_word' id='word_1_118' title='bbox 1763 1809 1818 1864; x_wconf 92' lang='lat' dir='ltr'><strong>in</strong></span> 
     </span>
    </p>
   </div>
   <div class='ocr_carea' id='block_1_17' title="bbox 214 1901 1818 1972">
    <p class='ocr_par' dir='ltr' id='par_1_17' title="bbox 214 1901 1818 1972">
     <span class='ocr_line' id='line_1_17' title="bbox 214 1901 1818 1972; baseline 0.002 -21"><span class='ocrx_word' id='word_1_119' title='bbox 214 1901 445 1952; x_wconf 81' lang='lat' dir='ltr'><strong>extremi</strong></span> <span class='ocrx_word' id='word_1_120' title='bbox 483 1901 628 1954; x_wconf 79' lang='lat' dir='ltr'><strong>exitii</strong></span> <span class='ocrx_word' id='word_1_121' title='bbox 657 1901 964 1958; x_wconf 80' lang='lat' dir='ltr'><strong>barathrum</strong></span> <span class='ocrx_word' id='word_1_122' title='bbox 989 1903 1261 1972; x_wconf 84' lang='lat' dir='ltr'><strong>dejicere?</strong></span> <span class='ocrx_word' id='word_1_123' title='bbox 1290 1903 1424 1958; x_wconf 83' lang='lat' dir='ltr'><strong>Num</strong></span> <span class='ocrx_word' id='word_1_124' title='bbox 1455 1903 1598 1957; x_wconf 90' lang='lat' dir='ltr'><strong>enim</strong></span> <span class='ocrx_word' id='word_1_125' title='bbox 1628 1903 1674 1957; x_wconf 91' lang='lat' dir='ltr'><strong>si</strong></span> <span class='ocrx_word' id='word_1_126' title='bbox 1701 1901 1818 1956; x_wconf 86' lang='lat' dir='ltr'><strong>hla-</strong></span> 
     </span>
    </p>
   </div>
   <div class='ocr_carea' id='block_1_18' title="bbox 213 1991 1819 2062">
    <p class='ocr_par' dir='ltr' id='par_1_18' title="bbox 213 1991 1819 2062">
     <span class='ocr_line' id='line_1_18' title="bbox 213 1991 1819 2062; baseline 0.002 -18"><span class='ocrx_word' id='word_1_127' title='bbox 213 1991 516 2060; x_wconf 80' lang='lat' dir='ltr'><strong>sphemian:</strong></span> <span class='ocrx_word' id='word_1_128' title='bbox 547 1994 785 2062; x_wconf 84' lang='lat' dir='ltr'><strong>proferas</strong></span> <span class='ocrx_word' id='word_1_129' title='bbox 806 2038 820 2060; x_wconf 97' lang='lat'><strong>,</strong></span> <span class='ocrx_word' id='word_1_130' title='bbox 853 1995 1110 2051; x_wconf 87' lang='lat' dir='ltr'><strong>leviorem</strong></span> <span class='ocrx_word' id='word_1_131' title='bbox 1140 1996 1322 2051; x_wconf 86' lang='lat' dir='ltr'><strong>reddis</strong></span> <span class='ocrx_word' id='word_1_132' title='bbox 1352 1995 1641 2050; x_wconf 85' lang='lat' dir='ltr'><strong>morbum?</strong></span> <span class='ocrx_word' id='word_1_133' title='bbox 1671 1995 1819 2049; x_wconf 82' lang='lat' dir='ltr'><strong>Exa-</strong></span> 
     </span>
    </p>
   </div>
   <div class='ocr_carea' id='block_1_19' title="bbox 213 2082 1814 2153">
    <p class='ocr_par' dir='ltr' id='par_1_19' title="bbox 213 2082 1814 2153">
     <span class='ocr_line' id='line_1_19' title="bbox 213 2082 1814 2153; baseline 0.005 -19"><span class='ocrx_word' id='word_1_134' title='bbox 213 2082 409 2136; x_wconf 85' lang='lat' dir='ltr'><strong>cerbas</strong></span> <span class='ocrx_word' id='word_1_135' title='bbox 431 2086 607 2153; x_wconf 88' lang='lat' dir='ltr'><strong>potius</strong></span> <span class='ocrx_word' id='word_1_136' title='bbox 628 2086 798 2151; x_wconf 91' lang='lat' dir='ltr'><strong>illum,</strong></span> <span class='ocrx_word' id='word_1_137' title='bbox 827 2102 890 2141; x_wconf 89' lang='lat' dir='ltr'><strong>ac</strong></span> <span class='ocrx_word' id='word_1_138' title='bbox 911 2089 1276 2144; x_wconf 84' lang='lat' dir='ltr'><strong>molestiorem</strong></span> <span class='ocrx_word' id='word_1_139' title='bbox 1301 2088 1480 2144; x_wconf 91' lang='lat' dir='ltr'><strong>reddis</strong></span> <span class='ocrx_word' id='word_1_140' title='bbox 1501 2089 1814 2144; x_wconf 88' lang='lat' dir='ltr'><strong>crueiatum.</strong></span> 
     </span>
    </p>
   </div>
   <div class='ocr_carea' id='block_1_20' title="bbox 213 2171 1821 2248">
    <p class='ocr_par' dir='ltr' id='par_1_20' title="bbox 213 2171 1821 2248">
     <span class='ocr_line' id='line_1_20' title="bbox 213 2171 1821 2248; baseline 0.006 -24"><span class='ocrx_word' id='word_1_141' title='bbox 213 2171 444 2242; x_wconf 80' lang='lat' dir='ltr'><strong>Propter</strong></span> <span class='ocrx_word' id='word_1_142' title='bbox 471 2173 570 2228; x_wconf 90' lang='lat' dir='ltr'><strong>hoc</strong></span> <span class='ocrx_word' id='word_1_143' title='bbox 599 2177 741 2230; x_wconf 89' lang='lat' dir='ltr'><strong>enim</strong></span> <span class='ocrx_word' id='word_1_144' title='bbox 771 2176 1014 2234; x_wconf 89' lang='lat' dir='ltr'><strong>diabolus</strong></span> <span class='ocrx_word' id='word_1_145' title='bbox 1041 2181 1350 2235; x_wconf 89' lang='lat' dir='ltr'><strong>innumeras</strong></span> <span class='ocrx_word' id='word_1_146' title='bbox 1381 2180 1620 2248; x_wconf 81' lang='lat' dir='ltr'><strong>impingit</strong></span> <span class='ocrx_word' id='word_1_147' title='bbox 1653 2180 1821 2234; x_wconf 88' lang='lat' dir='ltr'><strong>mole-</strong></span> 
     </span>
    </p>
   </div>
   <div class='ocr_carea' id='block_1_21' title="bbox 211 2263 1814 2340">
    <p class='ocr_par' dir='ltr' id='par_1_21' title="bbox 211 2263 1814 2340">
     <span class='ocr_line' id='line_1_21' title="bbox 211 2263 1814 2340; baseline 0.006 -25"><span class='ocrx_word' id='word_1_148' title='bbox 211 2263 372 2330; x_wconf 89' lang='lat' dir='ltr'><strong>stias,</strong></span> <span class='ocrx_word' id='word_1_149' title='bbox 396 2274 449 2317; x_wconf 91' lang='lat' dir='ltr'><strong>ut</strong></span> <span class='ocrx_word' id='word_1_150' title='bbox 473 2265 523 2318; x_wconf 84' lang='lat' dir='ltr'><strong>in</strong></span> <span class='ocrx_word' id='word_1_151' title='bbox 547 2265 676 2320; x_wconf 90' lang='lat' dir='ltr'><strong>illud</strong></span> <span class='ocrx_word' id='word_1_152' title='bbox 698 2267 1004 2324; x_wconf 88' lang='lat' dir='ltr'><strong>barathrum</strong></span> <span class='ocrx_word' id='word_1_153' title='bbox 1030 2279 1081 2326; x_wconf 90' lang='lat' dir='ltr'><strong>te</strong></span> <span class='ocrx_word' id='word_1_154' title='bbox 1102 2272 1417 2340; x_wconf 73' lang='lat' dir='ltr'><strong>prmcipitet.</strong></span> <span class='ocrx_word' id='word_1_155' title='bbox 1445 2272 1572 2324; x_wconf 87' lang='lat' dir='ltr'><strong>Etsi</strong></span> <span class='ocrx_word' id='word_1_156' title='bbox 1600 2271 1814 2340; x_wconf 87' lang='lat' dir='ltr'><strong>quidem</strong></span> 
     </span>
    </p>
   </div>
   <div class='ocr_carea' id='block_1_22' title="bbox 215 2357 1820 2433">
    <p class='ocr_par' dir='ltr' id='par_1_22' title="bbox 215 2357 1820 2433">
     <span class='ocr_line' id='line_1_22' title="bbox 215 2357 1820 2433; baseline 0.005 -23"><span class='ocrx_word' id='word_1_157' title='bbox 215 2357 416 2411; x_wconf 87' lang='lat' dir='ltr'><strong>viderit</strong></span> <span class='ocrx_word' id='word_1_158' title='bbox 454 2368 507 2414; x_wconf 91' lang='lat' dir='ltr'><strong>tc</strong></span> <span class='ocrx_word' id='word_1_159' title='bbox 549 2359 910 2431; x_wconf 88' lang='lat' dir='ltr'><strong>blasphemias</strong></span> <span class='ocrx_word' id='word_1_160' title='bbox 945 2363 1304 2432; x_wconf 89' lang='lat' dir='ltr'><strong>proferentem</strong></span> <span class='ocrx_word' id='word_1_161' title='bbox 1332 2406 1346 2429; x_wconf 92' lang='lat'><strong>,</strong></span> <span class='ocrx_word' id='word_1_162' title='bbox 1377 2365 1622 2432; x_wconf 88' lang='lat' dir='ltr'><strong>protinus</strong></span> <span class='ocrx_word' id='word_1_163' title='bbox 1661 2372 1820 2433; x_wconf 88' lang='lat' dir='ltr'><strong>auget</strong></span> 
     </span>
    </p>
   </div>
   <div class='ocr_carea' id='block_1_23' title="bbox 215 2448 1818 2524">
    <p class='ocr_par' dir='ltr' id='par_1_23' title="bbox 215 2448 1818 2524">
     <span class='ocr_line' id='line_1_23' title="bbox 215 2448 1818 2524; baseline 0.004 -22"><span class='ocrx_word' id='word_1_164' title='bbox 215 2448 458 2504; x_wconf 88' lang='lat' dir='ltr'><strong>dolorem</strong></span> <span class='ocrx_word' id='word_1_165' title='bbox 499 2464 561 2506; x_wconf 87' lang='lat' dir='ltr'><strong>ac</strong></span> <span class='ocrx_word' id='word_1_166' title='bbox 603 2454 859 2523; x_wconf 90' lang='lat' dir='ltr'><strong>majorem</strong></span> <span class='ocrx_word' id='word_1_167' title='bbox 901 2453 1096 2520; x_wconf 89' lang='lat' dir='ltr'><strong>reddit,</strong></span> <span class='ocrx_word' id='word_1_168' title='bbox 1139 2470 1246 2524; x_wconf 91' lang='lat' dir='ltr'><strong>quo</strong></span> <span class='ocrx_word' id='word_1_169' title='bbox 1286 2453 1592 2508; x_wconf 88' lang='lat' dir='ltr'><strong>stimulatus</strong></span> <span class='ocrx_word' id='word_1_170' title='bbox 1630 2469 1818 2509; x_wconf 82' lang='lat' dir='ltr'><strong>rursus</strong></span> 
     </span>
    </p>
   </div>
   <div class='ocr_carea' id='block_1_24' title="bbox 213 2539 1815 2614">
    <p class='ocr_par' dir='ltr' id='par_1_24' title="bbox 213 2539 1815 2614">
     <span class='ocr_line' id='line_1_24' title="bbox 213 2539 1815 2614; baseline 0.003 -21"><span class='ocrx_word' id='word_1_171' title='bbox 213 2539 432 2610; x_wconf 82' lang='lat' dir='ltr'><strong>indigne</strong></span> <span class='ocrx_word' id='word_1_172' title='bbox 459 2540 595 2597; x_wconf 90' lang='lat' dir='ltr'><strong>feras</strong></span> <span class='ocrx_word' id='word_1_173' title='bbox 626 2543 805 2612; x_wconf 89' lang='lat' dir='ltr'><strong>:quod</strong></span> <span class='ocrx_word' id='word_1_174' title='bbox 831 2545 876 2598; x_wconf 91' lang='lat' dir='ltr'><strong>si</strong></span> <span class='ocrx_word' id='word_1_175' title='bbox 905 2544 1099 2599; x_wconf 88' lang='lat' dir='ltr'><strong>viderit</strong></span> <span class='ocrx_word' id='word_1_176' title='bbox 1125 2553 1177 2599; x_wconf 92' lang='lat' dir='ltr'><strong>te</strong></span> <span class='ocrx_word' id='word_1_177' title='bbox 1200 2544 1407 2599; x_wconf 83' lang='lat' dir='ltr'><strong>fortiter</strong></span> <span class='ocrx_word' id='word_1_178' title='bbox 1430 2541 1815 2614; x_wconf 80' lang='lat' dir='ltr'><strong>perferentem,</strong></span> 
     </span>
    </p>
   </div>
   <div class='ocr_carea' id='block_1_25' title="bbox 210 2632 1820 2706">
    <p class='ocr_par' dir='ltr' id='par_1_25' title="bbox 210 2632 1820 2706">
     <span class='ocr_line' id='line_1_25' title="bbox 210 2632 1820 2706; baseline 0.004 -25"><span class='ocrx_word' id='word_1_179' title='bbox 210 2647 426 2701; x_wconf 86' lang='lat' dir='ltr'><strong>quoque</strong></span> <span class='ocrx_word' id='word_1_180' title='bbox 452 2633 669 2688; x_wconf 91' lang='lat' dir='ltr'><strong>morbus</strong></span> <span class='ocrx_word' id='word_1_181' title='bbox 694 2632 851 2689; x_wconf 90' lang='lat' dir='ltr'><strong>fuerit</strong></span> <span class='ocrx_word' id='word_1_182' title='bbox 875 2636 1074 2702; x_wconf 88' lang='lat' dir='ltr'><strong>acrior,</strong></span> <span class='ocrx_word' id='word_1_183' title='bbox 1107 2634 1208 2689; x_wconf 92' lang='lat' dir='ltr'><strong>hoc</strong></span> <span class='ocrx_word' id='word_1_184' title='bbox 1233 2635 1402 2706; x_wconf 89' lang='lat' dir='ltr'><strong>magis</strong></span> <span class='ocrx_word' id='word_1_185' title='bbox 1427 2645 1671 2705; x_wconf 87' lang='lat' dir='ltr'><strong>agentem</strong></span> <span class='ocrx_word' id='word_1_186' title='bbox 1695 2649 1789 2706; x_wconf 82' lang='lat' dir='ltr'><strong>gra</strong></span> <span class='ocrx_word' id='word_1_187' title='bbox 1805 2665 1820 2678; x_wconf 88' lang='lat'><strong><em>-</em></strong></span> 
     </span>
    </p>
   </div>
   <div class='ocr_carea' id='block_1_26' title="bbox 212 2721 1817 2795">
    <p class='ocr_par' dir='ltr' id='par_1_26' title="bbox 212 2721 1817 2795">
     <span class='ocr_line' id='line_1_26' title="bbox 212 2721 1817 2795; baseline 0.005 -23"><span class='ocrx_word' id='word_1_188' title='bbox 212 2721 319 2773; x_wconf 88' lang='lat' dir='ltr'><strong>tias</strong></span> <span class='ocrx_word' id='word_1_189' title='bbox 350 2721 459 2775; x_wconf 88' lang='lat' dir='ltr'><strong>Deo</strong></span> <span class='ocrx_word' id='word_1_190' title='bbox 491 2740 503 2774; x_wconf 95' lang='lat'>:</span> <span class='ocrx_word' id='word_1_191' title='bbox 535 2722 678 2777; x_wconf 93' lang='lat' dir='ltr'><strong>illico</strong></span> <span class='ocrx_word' id='word_1_192' title='bbox 711 2723 963 2792; x_wconf 90' lang='lat' dir='ltr'><strong>desistit,</strong></span> <span class='ocrx_word' id='word_1_193' title='bbox 997 2733 1054 2778; x_wconf 93' lang='lat' dir='ltr'><strong>ut</strong></span> <span class='ocrx_word' id='word_1_194' title='bbox 1091 2725 1178 2794; x_wconf 88' lang='lat' dir='ltr'><strong>qui</strong></span> <span class='ocrx_word' id='word_1_195' title='bbox 1213 2725 1478 2778; x_wconf 90' lang='lat' dir='ltr'><strong>incassum</strong></span> <span class='ocrx_word' id='word_1_196' title='bbox 1509 2723 1817 2795; x_wconf 79' lang='lat' dir='ltr'><strong>frustraque</strong></span> 
     </span>
    </p>
   </div>
   <div class='ocr_carea' id='block_1_27' title="bbox 212 2818 1818 2888">
    <p class='ocr_par' dir='ltr' id='par_1_27' title="bbox 212 2818 1818 2888">
     <span class='ocr_line' id='line_1_27' title="bbox 212 2818 1818 2888; baseline 0.004 -22"><span class='ocrx_word' id='word_1_197' title='bbox 212 2825 407 2886; x_wconf 89' lang='lat' dir='ltr'><strong>pergat</strong></span> <span class='ocrx_word' id='word_1_198' title='bbox 451 2818 710 2872; x_wconf 86' lang='lat' dir='ltr'><strong>insidiari.</strong></span> <span class='ocrx_word' id='word_1_199' title='bbox 757 2819 823 2872; x_wconf 87' lang='lat' dir='ltr'><strong>Et</strong></span> <span class='ocrx_word' id='word_1_200' title='bbox 871 2819 1318 2888; x_wconf 86' lang='lat' dir='ltr'><strong>quemadmodum</strong></span> <span class='ocrx_word' id='word_1_201' title='bbox 1366 2820 1516 2873; x_wconf 90' lang='lat' dir='ltr'><strong>canis</strong></span> <span class='ocrx_word' id='word_1_202' title='bbox 1562 2819 1818 2874; x_wconf 74' lang='lat' dir='ltr'><strong>assistens</strong></span> 
     </span>
    </p>
   </div>
   <div class='ocr_carea' id='block_1_28' title="bbox 209 2910 1817 2981">
    <p class='ocr_par' dir='ltr' id='par_1_28' title="bbox 209 2910 1817 2981">
     <span class='ocr_line' id='line_1_28' title="bbox 209 2910 1817 2981; baseline 0.001 -19"><span class='ocrx_word' id='word_1_203' title='bbox 209 2923 415 2963; x_wconf 71' lang='lat' dir='ltr'><strong>mensa:</strong></span> <span class='ocrx_word' id='word_1_204' title='bbox 439 2911 484 2964; x_wconf 89' lang='lat' dir='ltr'><strong>si</strong></span> <span class='ocrx_word' id='word_1_205' title='bbox 510 2910 703 2965; x_wconf 92' lang='lat' dir='ltr'><strong>viderit</strong></span> <span class='ocrx_word' id='word_1_206' title='bbox 729 2910 1004 2966; x_wconf 90' lang='lat' dir='ltr'><strong>hominem</strong></span> <span class='ocrx_word' id='word_1_207' title='bbox 1041 2922 1342 2966; x_wconf 78' lang='lat' dir='ltr'><strong>vescentem</strong></span> <span class='ocrx_word' id='word_1_208' title='bbox 1369 2911 1594 2966; x_wconf 84' lang='lat' dir='ltr'><strong>subinde</strong></span> <span class='ocrx_word' id='word_1_209' title='bbox 1619 2910 1817 2981; x_wconf 91' lang='lat' dir='ltr'><strong>aliquid</strong></span> 
     </span>
    </p>
   </div>
   <div class='ocr_carea' id='block_1_29' title="bbox 213 3004 1818 3074">
    <p class='ocr_par' dir='ltr' id='par_1_29' title="bbox 213 3004 1818 3074">
     <span class='ocr_line' id='line_1_29' title="bbox 213 3004 1818 3074; baseline 0.001 -18"><span class='ocrx_word' id='word_1_210' title='bbox 213 3017 404 3056; x_wconf 91' lang='lat' dir='ltr'><strong>eorum</strong></span> <span class='ocrx_word' id='word_1_211' title='bbox 444 3018 564 3073; x_wconf 75' lang='lat' dir='ltr'><strong>qua:</strong></span> <span class='ocrx_word' id='word_1_212' title='bbox 592 3004 644 3056; x_wconf 93' lang='lat' dir='ltr'><strong>in</strong></span> <span class='ocrx_word' id='word_1_213' title='bbox 685 3019 872 3058; x_wconf 78' lang='lat' dir='ltr'><strong>mensa</strong></span> <span class='ocrx_word' id='word_1_214' title='bbox 913 3014 1038 3058; x_wconf 84' lang='lat' dir='ltr'><strong>sum</strong></span> <span class='ocrx_word' id='word_1_215' title='bbox 1066 3005 1164 3074; x_wconf 91' lang='lat' dir='ltr'><strong>ipsi</strong></span> <span class='ocrx_word' id='word_1_216' title='bbox 1202 3004 1566 3074; x_wconf 86' lang='lat' dir='ltr'><strong>projicientem</strong></span> <span class='ocrx_word' id='word_1_217' title='bbox 1589 3046 1604 3071; x_wconf 96' lang='lat'><strong>,</strong></span> <span class='ocrx_word' id='word_1_218' title='bbox 1638 3013 1818 3058; x_wconf 86' lang='lat' dir='ltr'><strong>manet</strong></span> 
     </span>
    </p>
   </div>
   <div class='ocr_carea' id='block_1_30' title="bbox 210 3091 1815 3164">
    <p class='ocr_par' dir='ltr' id='par_1_30' title="bbox 210 3091 1815 3164">
     <span class='ocr_line' id='line_1_30' title="bbox 210 3091 1815 3164; baseline 0.002 -20"><span class='ocrx_word' id='word_1_219' title='bbox 210 3093 429 3148; x_wconf 88' lang='lat' dir='ltr'><strong>assidue</strong></span> <span class='ocrx_word' id='word_1_220' title='bbox 459 3112 473 3147; x_wconf 89' lang='lat'><strong>:</strong></span> <span class='ocrx_word' id='word_1_221' title='bbox 502 3091 645 3163; x_wconf 84' lang='lat' dir='ltr'><strong>quod</strong></span> <span class='ocrx_word' id='word_1_222' title='bbox 689 3095 733 3148; x_wconf 89' lang='lat' dir='ltr'><strong>si</strong></span> <span class='ocrx_word' id='word_1_223' title='bbox 774 3095 941 3151; x_wconf 83' lang='lat' dir='ltr'><strong>semel</strong></span> <span class='ocrx_word' id='word_1_224' title='bbox 980 3103 1140 3164; x_wconf 88' lang='lat' dir='ltr'><strong>atque</strong></span> <span class='ocrx_word' id='word_1_225' title='bbox 1181 3097 1372 3149; x_wconf 90' lang='lat' dir='ltr'><strong>iterum</strong></span> <span class='ocrx_word' id='word_1_226' title='bbox 1410 3096 1488 3149; x_wconf 88' lang='lat' dir='ltr'><strong>sic</strong></span> <span class='ocrx_word' id='word_1_227' title='bbox 1521 3094 1710 3157; x_wconf 86' lang='lat' dir='ltr'><strong>astitit,</strong></span> <span class='ocrx_word' id='word_1_228' title='bbox 1758 3103 1815 3148; x_wconf 87' lang='lat' dir='ltr'><strong>ut</strong></span> 
     </span>
    </p>
   </div>
   <div class='ocr_carea' id='block_1_31' title="bbox 211 3172 1815 3256">
    <p class='ocr_par' dir='ltr' id='par_1_31' title="bbox 211 3172 1815 3256">
     <span class='ocr_line' id='line_1_31' title="bbox 211 3172 1815 3256; baseline 0.001 -18"><span class='ocrx_word' id='word_1_229' title='bbox 211 3185 521 3239; x_wconf 89' lang='lat' dir='ltr'><strong>discesserit</strong></span> <span class='ocrx_word' id='word_1_230' title='bbox 551 3172 682 3239; x_wconf 82' lang='lat' dir='ltr'><strong>nihil</strong></span> <span class='ocrx_word' id='word_1_231' title='bbox 710 3185 934 3255; x_wconf 89' lang='lat' dir='ltr'><strong>adeptus</strong></span> <span class='ocrx_word' id='word_1_232' title='bbox 955 3229 969 3253; x_wconf 96' lang='lat'><strong>,</strong></span> <span class='ocrx_word' id='word_1_233' title='bbox 1002 3187 1245 3256; x_wconf 84' lang='lat' dir='ltr'><strong>protinus</strong></span> <span class='ocrx_word' id='word_1_234' title='bbox 1275 3187 1508 3240; x_wconf 88' lang='lat' dir='ltr'><strong>abstinet</strong></span> <span class='ocrx_word' id='word_1_235' title='bbox 1535 3185 1698 3240; x_wconf 90' lang='lat' dir='ltr'><strong>veluti</strong></span> <span class='ocrx_word' id='word_1_236' title='bbox 1724 3187 1815 3256; x_wconf 90' lang='lat' dir='ltr'><strong>qui</strong></span> 
     </span>
    </p>
   </div>
   <div class='ocr_carea' id='block_1_32' title="bbox 204 3277 1814 3348">
    <p class='ocr_par' dir='ltr' id='par_1_32' title="bbox 204 3277 1814 3348">
     <span class='ocr_line' id='line_1_32' title="bbox 204 3277 1814 3348; baseline 0 -16"><span class='ocrx_word' id='word_1_237' title='bbox 204 3277 320 3348; x_wconf 85' lang='lat' dir='ltr'><strong>jam</strong></span> <span class='ocrx_word' id='word_1_238' title='bbox 363 3279 558 3333; x_wconf 88' lang='lat' dir='ltr'><strong>frustra</strong></span> <span class='ocrx_word' id='word_1_239' title='bbox 586 3291 640 3334; x_wconf 90' lang='lat' dir='ltr'><strong>et</strong></span> <span class='ocrx_word' id='word_1_240' title='bbox 677 3279 942 3334; x_wconf 91' lang='lat' dir='ltr'><strong>incassum</strong></span> <span class='ocrx_word' id='word_1_241' title='bbox 978 3278 1195 3334; x_wconf 90' lang='lat' dir='ltr'><strong>assistat</strong></span> <span class='ocrx_word' id='word_1_242' title='bbox 1226 3297 1238 3331; x_wconf 87' lang='lat'><strong>:</strong></span> <span class='ocrx_word' id='word_1_243' title='bbox 1268 3279 1452 3333; x_wconf 88' lang='lat' dir='ltr'><strong>itidem</strong></span> <span class='ocrx_word' id='word_1_244' title='bbox 1489 3286 1544 3332; x_wconf 91' lang='lat' dir='ltr'><strong>et</strong></span> <span class='ocrx_word' id='word_1_245' title='bbox 1571 3277 1814 3333; x_wconf 90' lang='lat' dir='ltr'><strong>diabolus</strong></span> 
     </span>
    </p>
   </div>
   <div class='ocr_carea' id='block_1_33' title="bbox 203 3369 1802 3440">
    <p class='ocr_par' dir='ltr' id='par_1_33' title="bbox 203 3369 1802 3440">
     <span class='ocr_line' id='line_1_33' title="bbox 203 3369 1802 3440; baseline -0.001 -16"><span class='ocrx_word' id='word_1_246' title='bbox 203 3369 400 3440; x_wconf 79' lang='lat' dir='ltr'><strong>iugiter</strong></span> <span class='ocrx_word' id='word_1_247' title='bbox 429 3370 582 3424; x_wconf 90' lang='lat' dir='ltr'><strong>nobis</strong></span> <span class='ocrx_word' id='word_1_248' title='bbox 608 3371 796 3435; x_wconf 88' lang='lat' dir='ltr'><strong>inhiat,</strong></span> <span class='ocrx_word' id='word_1_249' title='bbox 825 3371 870 3424; x_wconf 89' lang='lat' dir='ltr'><strong>si</strong></span> <span class='ocrx_word' id='word_1_250' title='bbox 892 3369 1032 3440; x_wconf 91' lang='lat' dir='ltr'><strong>quod</strong></span> <span class='ocrx_word' id='word_1_251' title='bbox 1063 3370 1435 3439; x_wconf 87' lang='lat' dir='ltr'><strong>blasphemum</strong></span> <span class='ocrx_word' id='word_1_252' title='bbox 1458 3370 1679 3424; x_wconf 86' lang='lat' dir='ltr'><strong>verbum</strong></span> <span class='ocrx_word' id='word_1_253' title='bbox 1700 3369 1802 3438; x_wconf 89' lang='lat' dir='ltr'><strong>ipsi</strong></span> 
     </span>
    </p>
   </div>
   <div class='ocr_carea' id='block_1_34' title="bbox 203 3459 1804 3530">
    <p class='ocr_par' dir='ltr' id='par_1_34' title="bbox 203 3459 1804 3530">
     <span class='ocr_line' id='line_1_34' title="bbox 203 3459 1804 3530; baseline -0.001 -16"><span class='ocrx_word' id='word_1_254' title='bbox 203 3476 309 3514; x_wconf 87' lang='lat' dir='ltr'><strong>ceu</strong></span> <span class='ocrx_word' id='word_1_255' title='bbox 333 3462 449 3514; x_wconf 93' lang='lat' dir='ltr'><strong>cani</strong></span> <span class='ocrx_word' id='word_1_256' title='bbox 481 3460 844 3530; x_wconf 91' lang='lat' dir='ltr'><strong>projiciamus,</strong></span> <span class='ocrx_word' id='word_1_257' title='bbox 875 3460 976 3515; x_wconf 93' lang='lat' dir='ltr'><strong>hoc</strong></span> <span class='ocrx_word' id='word_1_258' title='bbox 1003 3469 1223 3530; x_wconf 91' lang='lat' dir='ltr'><strong>accepto</strong></span> <span class='ocrx_word' id='word_1_259' title='bbox 1249 3474 1435 3515; x_wconf 88' lang='lat' dir='ltr'><strong>rursus</strong></span> <span class='ocrx_word' id='word_1_260' title='bbox 1461 3459 1768 3530; x_wconf 80' lang='lat' dir='ltr'><strong>aggreditur</strong></span> <span class='ocrx_word' id='word_1_261' title='bbox 1792 3476 1804 3512; x_wconf 71' lang='grc' dir='ltr'><strong>ι</strong></span> 
     </span>
    </p>
   </div>
   <div class='ocr_carea' id='block_1_35' title="bbox 203 3549 1809 3622">
    <p class='ocr_par' dir='ltr' id='par_1_35' title="bbox 203 3549 1809 3622">
     <span class='ocr_line' id='line_1_35' title="bbox 203 3549 1809 3622; baseline 0 -19"><span class='ocrx_word' id='word_1_262' title='bbox 203 3550 352 3620; x_wconf 84' lang='lat' dir='ltr'><strong>quod</strong></span> <span class='ocrx_word' id='word_1_263' title='bbox 386 3550 430 3605; x_wconf 91' lang='lat' dir='ltr'><strong>si</strong></span> <span class='ocrx_word' id='word_1_264' title='bbox 471 3551 896 3620; x_wconf 82' lang='lat' dir='ltr'><strong>perseveraveris</strong></span> <span class='ocrx_word' id='word_1_265' title='bbox 933 3551 1130 3622; x_wconf 87' lang='lat' dir='ltr'><strong>gratias</strong></span> <span class='ocrx_word' id='word_1_266' title='bbox 1169 3565 1354 3621; x_wconf 89' lang='lat' dir='ltr'><strong>agere,</strong></span> <span class='ocrx_word' id='word_1_267' title='bbox 1379 3549 1706 3620; x_wconf 87' lang='lat' dir='ltr'><strong>jugulaveris</strong></span> <span class='ocrx_word' id='word_1_268' title='bbox 1742 3550 1809 3604; x_wconf 84' lang='lat' dir='ltr'><strong>il-</strong></span> 
     </span>
    </p>
   </div>
   <div class='ocr_carea' id='block_1_36' title="bbox 204 3641 1804 3721">
    <p class='ocr_par' dir='ltr' id='par_1_36' title="bbox 204 3641 1804 3721">
     <span class='ocr_line' id='line_1_36' title="bbox 204 3641 1804 3721; baseline 0.003 -27"><span class='ocrx_word' id='word_1_269' title='bbox 204 3641 316 3694; x_wconf 86' lang='lat' dir='ltr'><strong>lum</strong></span> <span class='ocrx_word' id='word_1_270' title='bbox 344 3641 501 3708; x_wconf 91' lang='lat' dir='ltr'><strong>fame,</strong></span> <span class='ocrx_word' id='word_1_271' title='bbox 530 3641 882 3712; x_wconf 90' lang='lat' dir='ltr'><strong>celeriterque</strong></span> <span class='ocrx_word' id='word_1_272' title='bbox 910 3641 1152 3712; x_wconf 88' lang='lat' dir='ltr'><strong>abegeris</strong></span> <span class='ocrx_word' id='word_1_273' title='bbox 1178 3649 1229 3696; x_wconf 92' lang='lat' dir='ltr'><strong>et</strong></span> <span class='ocrx_word' id='word_1_274' title='bbox 1261 3641 1514 3712; x_wconf 88' lang='lat' dir='ltr'><strong>aufugere</strong></span> <span class='ocrx_word' id='word_1_275' title='bbox 1538 3643 1804 3721; x_wconf 78' lang='lat' dir='ltr'><strong>coegeris.</strong></span> 
     </span>
    </p>
   </div>
   <div class='ocr_carea' id='block_1_37' title="bbox 206 3731 1804 3804">
    <p class='ocr_par' dir='ltr' id='par_1_37' title="bbox 206 3731 1804 3804">
     <span class='ocr_line' id='line_1_37' title="bbox 206 3731 1804 3804; baseline 0.002 -19"><span class='ocrx_word' id='word_1_276' title='bbox 206 3731 403 3786; x_wconf 86' lang='lat' dir='ltr'><strong>Verum</strong></span> <span class='ocrx_word' id='word_1_277' title='bbox 433 3748 538 3786; x_wconf 90' lang='lat' dir='ltr'><strong>non</strong></span> <span class='ocrx_word' id='word_1_278' title='bbox 566 3742 717 3802; x_wconf 89' lang='lat' dir='ltr'><strong>potes</strong></span> <span class='ocrx_word' id='word_1_279' title='bbox 747 3743 923 3789; x_wconf 88' lang='lat' dir='ltr'><strong>tacere</strong></span> <span class='ocrx_word' id='word_1_280' title='bbox 951 3734 1189 3787; x_wconf 89' lang='lat' dir='ltr'><strong>cruciatu</strong></span> <span class='ocrx_word' id='word_1_281' title='bbox 1217 3732 1538 3787; x_wconf 89' lang='lat' dir='ltr'><strong>stimulatus.</strong></span> <span class='ocrx_word' id='word_1_282' title='bbox 1568 3732 1678 3788; x_wconf 84' lang='lat' dir='ltr'><strong>Nec</strong></span> <span class='ocrx_word' id='word_1_283' title='bbox 1703 3749 1804 3804; x_wconf 88' lang='lat' dir='ltr'><strong>ego</strong></span> 
     </span>
    </p>
   </div>
   <div class='ocr_carea' id='block_1_38' title="bbox 204 3822 1810 3894">
    <p class='ocr_par' dir='ltr' id='par_1_38' title="bbox 204 3822 1810 3894">
     <span class='ocr_line' id='line_1_38' title="bbox 204 3822 1810 3894; baseline -0.001 -18"><span class='ocrx_word' id='word_1_284' title='bbox 204 3822 467 3893; x_wconf 89' lang='lat' dir='ltr'><strong>prohibeo</strong></span> <span class='ocrx_word' id='word_1_285' title='bbox 498 3833 548 3878; x_wconf 90' lang='lat' dir='ltr'><strong>te</strong></span> <span class='ocrx_word' id='word_1_286' title='bbox 575 3823 756 3894; x_wconf 89' lang='lat' dir='ltr'><strong>loqui,</strong></span> <span class='ocrx_word' id='word_1_287' title='bbox 783 3823 878 3878; x_wconf 89' lang='lat' dir='ltr'><strong>sed</strong></span> <span class='ocrx_word' id='word_1_288' title='bbox 920 3823 1043 3877; x_wconf 90' lang='lat' dir='ltr'><strong>volo</strong></span> <span class='ocrx_word' id='word_1_289' title='bbox 1078 3831 1128 3877; x_wconf 89' lang='lat' dir='ltr'><strong>te</strong></span> <span class='ocrx_word' id='word_1_290' title='bbox 1165 3837 1264 3892; x_wconf 91' lang='lat' dir='ltr'><strong>pro</strong></span> <span class='ocrx_word' id='word_1_291' title='bbox 1301 3822 1632 3891; x_wconf 87' lang='lat' dir='ltr'><strong>blasphemia</strong></span> <span class='ocrx_word' id='word_1_292' title='bbox 1665 3822 1810 3892; x_wconf 89' lang='lat' dir='ltr'><strong>loqui</strong></span> 
     </span>
    </p>
   </div>
   <div class='ocr_carea' id='block_1_39' title="bbox 200 3914 1810 3985">
    <p class='ocr_par' dir='ltr' id='par_1_39' title="bbox 200 3914 1810 3985">
     <span class='ocr_line' id='line_1_39' title="bbox 200 3914 1810 3985; baseline -0.001 -17"><span class='ocrx_word' id='word_1_293' title='bbox 200 3916 497 3984; x_wconf 83' lang='lat' dir='ltr'><strong>gratiarum</strong></span> <span class='ocrx_word' id='word_1_294' title='bbox 534 3916 799 3970; x_wconf 89' lang='lat' dir='ltr'><strong>actionem</strong></span> <span class='ocrx_word' id='word_1_295' title='bbox 821 3957 836 3981; x_wconf 93' lang='lat'><strong>,</strong></span> <span class='ocrx_word' id='word_1_296' title='bbox 875 3930 974 3985; x_wconf 90' lang='lat' dir='ltr'><strong>pro</strong></span> <span class='ocrx_word' id='word_1_297' title='bbox 1008 3914 1187 3970; x_wconf 87' lang='lat' dir='ltr'><strong>verbis</strong></span> <span class='ocrx_word' id='word_1_298' title='bbox 1232 3914 1610 3985; x_wconf 88' lang='lat' dir='ltr'><strong>indignationis</strong></span> <span class='ocrx_word' id='word_1_299' title='bbox 1649 3914 1810 3969; x_wconf 88' lang='lat' dir='ltr'><strong>verba</strong></span> 
     </span>
    </p>
   </div>
   <div class='ocr_carea' id='block_1_40' title="bbox 199 4007 1807 4072">
    <p class='ocr_par' dir='ltr' id='par_1_40' title="bbox 199 4007 1807 4072">
     <span class='ocr_line' id='line_1_40' title="bbox 199 4007 1807 4072; baseline -0.004 -5"><span class='ocrx_word' id='word_1_300' title='bbox 199 4008 547 4067; x_wconf 68' lang='lat' dir='ltr'><strong>laudationis.</strong></span> <span class='ocrx_word' id='word_1_301' title='bbox 593 4008 862 4064; x_wconf 81' lang='lat' dir='ltr'><strong>Confitere</strong></span> <span class='ocrx_word' id='word_1_302' title='bbox 901 4007 1163 4071; x_wconf 91' lang='lat' dir='ltr'><strong>Domino,</strong></span> <span class='ocrx_word' id='word_1_303' title='bbox 1204 4007 1375 4062; x_wconf 89' lang='lat' dir='ltr'><strong>clama</strong></span> <span class='ocrx_word' id='word_1_304' title='bbox 1413 4007 1768 4061; x_wconf 82' lang='lat' dir='ltr'><strong>vehementer</strong></span> <span class='ocrx_word' id='word_1_305' title='bbox 1791 4048 1807 4072; x_wconf 92' lang='lat'><strong>,</strong></span> 
     </span>
    </p>
   </div>
   <div class='ocr_carea' id='block_1_41' title="bbox 198 4096 1807 4166">
    <p class='ocr_par' dir='ltr' id='par_1_41' title="bbox 198 4096 1807 4166">
     <span class='ocr_line' id='line_1_41' title="bbox 198 4096 1807 4166; baseline -0.006 -7"><span class='ocrx_word' id='word_1_306' title='bbox 198 4099 540 4159; x_wconf 87' lang='lat' dir='ltr'><strong>obsecrando</strong></span> <span class='ocrx_word' id='word_1_307' title='bbox 565 4117 578 4154; x_wconf 92' lang='lat'>:</span> <span class='ocrx_word' id='word_1_308' title='bbox 603 4099 772 4154; x_wconf 86' lang='lat' dir='ltr'><strong>clama</strong></span> <span class='ocrx_word' id='word_1_309' title='bbox 796 4098 1166 4164; x_wconf 85' lang='lat' dir='ltr'><strong>vehementer,</strong></span> <span class='ocrx_word' id='word_1_310' title='bbox 1195 4097 1545 4166; x_wconf 80' lang='lat' dir='ltr'><strong>glorificando</strong></span> <span class='ocrx_word' id='word_1_311' title='bbox 1571 4114 1585 4150; x_wconf 91' lang='lat'>:</span> <span class='ocrx_word' id='word_1_312' title='bbox 1611 4097 1688 4151; x_wconf 92' lang='lat' dir='ltr'><strong>sic</strong></span> <span class='ocrx_word' id='word_1_313' title='bbox 1716 4096 1807 4151; x_wconf 92' lang='lat' dir='ltr'><strong>tibi</strong></span> 
     </span>
    </p>
   </div>
   <div class='ocr_carea' id='block_1_42' title="bbox 197 4186 1809 4266">
    <p class='ocr_par' dir='ltr' id='par_1_42' title="bbox 197 4186 1809 4266">
     <span class='ocr_line' id='line_1_42' title="bbox 197 4186 1809 4266; baseline -0.006 -15"><span class='ocrx_word' id='word_1_314' title='bbox 197 4207 256 4251; x_wconf 89' lang='lat' dir='ltr'><strong>et</strong></span> <span class='ocrx_word' id='word_1_315' title='bbox 285 4195 507 4253; x_wconf 88' lang='lat' dir='ltr'><strong>morbus</strong></span> <span class='ocrx_word' id='word_1_316' title='bbox 535 4191 780 4247; x_wconf 89' lang='lat' dir='ltr'><strong>redditur</strong></span> <span class='ocrx_word' id='word_1_317' title='bbox 806 4191 995 4266; x_wconf 86' lang='lat' dir='ltr'><strong>levior,</strong></span> <span class='ocrx_word' id='word_1_318' title='bbox 1017 4189 1328 4245; x_wconf 88' lang='lat' dir='ltr'><strong>discedente</strong></span> <span class='ocrx_word' id='word_1_319' title='bbox 1353 4187 1568 4258; x_wconf 88' lang='lat' dir='ltr'><strong>quidem</strong></span> <span class='ocrx_word' id='word_1_320' title='bbox 1593 4186 1809 4243; x_wconf 83' lang='lat' dir='ltr'><strong>diabolo</strong></span> 
     </span>
    </p>
   </div>
   <div class='ocr_carea' id='block_1_43' title="bbox 199 4281 1804 4357">
    <p class='ocr_par' dir='ltr' id='par_1_43' title="bbox 199 4281 1804 4357">
     <span class='ocr_line' id='line_1_43' title="bbox 199 4281 1804 4357; baseline -0.004 -15"><span class='ocrx_word' id='word_1_321' title='bbox 199 4295 422 4357; x_wconf 89' lang='lat' dir='ltr'><strong>propter</strong></span> <span class='ocrx_word' id='word_1_322' title='bbox 461 4295 607 4341; x_wconf 84' lang='lat' dir='ltr'><strong>tuam</strong></span> <span class='ocrx_word' id='word_1_323' title='bbox 647 4284 936 4354; x_wconf 85' lang='lat' dir='ltr'><strong>gratiarum</strong></span> <span class='ocrx_word' id='word_1_324' title='bbox 975 4284 1242 4338; x_wconf 91' lang='lat' dir='ltr'><strong>actionem</strong></span> <span class='ocrx_word' id='word_1_325' title='bbox 1269 4323 1284 4346; x_wconf 98' lang='lat'><strong>,</strong></span> <span class='ocrx_word' id='word_1_326' title='bbox 1316 4281 1412 4337; x_wconf 91' lang='lat' dir='ltr'><strong>Dei</strong></span> <span class='ocrx_word' id='word_1_327' title='bbox 1451 4297 1581 4336; x_wconf 88' lang='lat' dir='ltr'><strong>vero</strong></span> <span class='ocrx_word' id='word_1_328' title='bbox 1609 4281 1804 4336; x_wconf 71' lang='lat' dir='ltr'><strong>auxilio</strong></span> 
     </span>
    </p>
   </div>
   <div class='ocr_carea' id='block_1_44' title="bbox 199 4371 1812 4444">
    <p class='ocr_par' dir='ltr' id='par_1_44' title="bbox 199 4371 1812 4444">
     <span class='ocr_line' id='line_1_44' title="bbox 199 4371 1812 4444; baseline -0.003 -10"><span class='ocrx_word' id='word_1_329' title='bbox 199 4377 515 4434; x_wconf 88' lang='lat' dir='ltr'><strong>accedente.</strong></span> <span class='ocrx_word' id='word_1_330' title='bbox 552 4373 689 4432; x_wconf 81' lang='lat' dir='ltr'><strong>Nam</strong></span> <span class='ocrx_word' id='word_1_331' title='bbox 720 4375 765 4430; x_wconf 91' lang='lat' dir='ltr'><strong>si</strong></span> <span class='ocrx_word' id='word_1_332' title='bbox 804 4375 1165 4444; x_wconf 87' lang='lat' dir='ltr'><strong>hlasphemias</strong></span> <span class='ocrx_word' id='word_1_333' title='bbox 1202 4371 1455 4428; x_wconf 85' lang='lat' dir='ltr'><strong>effuderis</strong></span> <span class='ocrx_word' id='word_1_334' title='bbox 1477 4415 1494 4439; x_wconf 94' lang='lat'><strong>,</strong></span> <span class='ocrx_word' id='word_1_335' title='bbox 1526 4374 1728 4443; x_wconf 87' lang='lat' dir='ltr'><strong>pariter</strong></span> <span class='ocrx_word' id='word_1_336' title='bbox 1755 4382 1812 4429; x_wconf 84' lang='lat' dir='ltr'><strong>et</strong></span> 
     </span>
    </p>
   </div>
   <div class='ocr_carea' id='block_1_45' title="bbox 198 4464 1811 4531">
    <p class='ocr_par' dir='ltr' id='par_1_45' title="bbox 198 4464 1811 4531">
     <span class='ocr_line' id='line_1_45' title="bbox 198 4464 1811 4531; baseline -0.004 -7"><span class='ocrx_word' id='word_1_337' title='bbox 198 4469 300 4525; x_wconf 88' lang='lat' dir='ltr'><strong>Dei</strong></span> <span class='ocrx_word' id='word_1_338' title='bbox 323 4468 574 4523; x_wconf 84' lang='lat' dir='ltr'><strong>auxilium</strong></span> <span class='ocrx_word' id='word_1_339' title='bbox 602 4465 945 4531; x_wconf 89' lang='lat' dir='ltr'><strong>submovisti,</strong></span> <span class='ocrx_word' id='word_1_340' title='bbox 968 4475 1022 4520; x_wconf 91' lang='lat' dir='ltr'><strong>et</strong></span> <span class='ocrx_word' id='word_1_341' title='bbox 1047 4465 1316 4520; x_wconf 86' lang='lat' dir='ltr'><strong>diabolum</strong></span> <span class='ocrx_word' id='word_1_342' title='bbox 1337 4464 1594 4519; x_wconf 89' lang='lat' dir='ltr'><strong>adversus</strong></span> <span class='ocrx_word' id='word_1_343' title='bbox 1620 4471 1811 4519; x_wconf 91' lang='lat' dir='ltr'><strong>temet-</strong></span> 
     </span>
    </p>
   </div>
   <div class='ocr_carea' id='block_1_46' title="bbox 200 4557 1812 4632">
    <p class='ocr_par' dir='ltr' id='par_1_46' title="bbox 200 4557 1812 4632">
     <span class='ocr_line' id='line_1_46' title="bbox 200 4557 1812 4632; baseline -0.004 -16"><span class='ocrx_word' id='word_1_344' title='bbox 200 4563 380 4632; x_wconf 91' lang='lat' dir='ltr'><strong>ipsum</strong></span> <span class='ocrx_word' id='word_1_345' title='bbox 411 4560 692 4616; x_wconf 90' lang='lat' dir='ltr'><strong>reddidisti</strong></span> <span class='ocrx_word' id='word_1_346' title='bbox 718 4559 1022 4625; x_wconf 69' lang='lat' dir='ltr'><strong>saaviorem,</strong></span> <span class='ocrx_word' id='word_1_347' title='bbox 1051 4567 1105 4613; x_wconf 89' lang='lat' dir='ltr'><strong>et</strong></span> <span class='ocrx_word' id='word_1_348' title='bbox 1132 4558 1358 4628; x_wconf 92' lang='lat' dir='ltr'><strong>teipsum</strong></span> <span class='ocrx_word' id='word_1_349' title='bbox 1388 4561 1556 4628; x_wconf 87' lang='lat' dir='ltr'><strong>magis</strong></span> <span class='ocrx_word' id='word_1_350' title='bbox 1585 4557 1812 4612; x_wconf 85' lang='lat' dir='ltr'><strong>involvi-</strong></span> 
     </span>
    </p>
   </div>
   <div class='ocr_carea' id='block_1_47' title="bbox 199 4647 1808 4726">
    <p class='ocr_par' dir='ltr' id='par_1_47' title="bbox 199 4647 1808 4726">
     <span class='ocr_line' id='line_1_47' title="bbox 199 4647 1808 4726; baseline -0.003 -19"><span class='ocrx_word' id='word_1_351' title='bbox 199 4654 268 4708; x_wconf 87' lang='lat' dir='ltr'><strong>sti</strong></span> <span class='ocrx_word' id='word_1_352' title='bbox 295 4651 592 4707; x_wconf 90' lang='lat' dir='ltr'><strong>doloribus.</strong></span> <span class='ocrx_word' id='word_1_353' title='bbox 623 4651 718 4726; x_wconf 83' lang='lat' dir='ltr'><strong>Sin</strong></span> <span class='ocrx_word' id='word_1_354' title='bbox 745 4650 943 4721; x_wconf 89' lang='lat' dir='ltr'><strong>gratias</strong></span> <span class='ocrx_word' id='word_1_355' title='bbox 971 4649 1162 4720; x_wconf 86' lang='lat' dir='ltr'><strong>egeris,</strong></span> <span class='ocrx_word' id='word_1_356' title='bbox 1192 4658 1248 4703; x_wconf 87' lang='lat' dir='ltr'><strong>et</strong></span> <span class='ocrx_word' id='word_1_357' title='bbox 1275 4647 1493 4702; x_wconf 87' lang='lat' dir='ltr'><strong>insidias</strong></span> <span class='ocrx_word' id='word_1_358' title='bbox 1522 4647 1808 4718; x_wconf 88' lang='lat' dir='ltr'><strong>prepulisti</strong></span> 
     </span>
    </p>
   </div>
   <div class='ocr_carea' id='block_1_48' title="bbox 199 4737 1806 4811">
    <p class='ocr_par' dir='ltr' id='par_1_48' title="bbox 199 4737 1806 4811">
     <span class='ocr_line' id='line_1_48' title="bbox 199 4737 1806 4811; baseline -0.004 -14"><span class='ocrx_word' id='word_1_359' title='bbox 199 4744 326 4799; x_wconf 89' lang='lat' dir='ltr'><strong>mali</strong></span> <span class='ocrx_word' id='word_1_360' title='bbox 364 4742 644 4810; x_wconf 67' lang='lat' dir='ltr'><strong>daemonis,</strong></span> <span class='ocrx_word' id='word_1_361' title='bbox 684 4751 740 4797; x_wconf 90' lang='lat' dir='ltr'><strong>et</strong></span> <span class='ocrx_word' id='word_1_362' title='bbox 781 4740 878 4796; x_wconf 91' lang='lat' dir='ltr'><strong>Dei</strong></span> <span class='ocrx_word' id='word_1_363' title='bbox 917 4755 1014 4811; x_wconf 85' lang='lat' dir='ltr'><strong>pro</strong></span> <span class='ocrx_word' id='word_1_364' title='bbox 1053 4751 1104 4794; x_wconf 90' lang='lat' dir='ltr'><strong>te</strong></span> <span class='ocrx_word' id='word_1_365' title='bbox 1148 4739 1364 4794; x_wconf 91' lang='lat' dir='ltr'><strong>solliciti</strong></span> <span class='ocrx_word' id='word_1_366' title='bbox 1403 4738 1666 4794; x_wconf 88' lang='lat' dir='ltr'><strong>medelam</strong></span> <span class='ocrx_word' id='word_1_367' title='bbox 1707 4737 1806 4793; x_wconf 90' lang='lat' dir='ltr'><strong>tibi</strong></span> 
     </span>
    </p>
   </div>
   <div class='ocr_carea' id='block_1_49' title="bbox 195 4830 530 4889">
    <p class='ocr_par' dir='ltr' id='par_1_49' title="bbox 195 4830 530 4889">
     <span class='ocr_line' id='line_1_49' title="bbox 195 4830 530 4889; baseline -0.006 -3"><span class='ocrx_word' id='word_1_368' title='bbox 195 4830 530 4889; x_wconf 88' lang='lat' dir='ltr'><strong>conciliasti.</strong></span> 
     </span>
    </p>
   </div>
   <div class='ocr_carea' id='block_1_50' title="bbox 282 4944 1797 5016">
    <p class='ocr_par' dir='ltr' id='par_1_50' title="bbox 282 4944 1797 5016">
     <span class='ocr_line' id='line_1_50' title="bbox 282 4944 1797 5016; baseline 0.001 -16"><span class='ocrx_word' id='word_1_369' title='bbox 282 4944 488 5016; x_wconf 78' lang='lat' dir='ltr'><strong>Lingua</strong></span> <span class='ocrx_word' id='word_1_370' title='bbox 516 4944 817 5000; x_wconf 81' lang='lat' dir='ltr'><strong>cohibenda.</strong></span> <span class='ocrx_word' id='word_1_371' title='bbox 840 4975 912 4985; x_wconf 99' lang='lat'><strong>—</strong></span> <span class='ocrx_word' id='word_1_372' title='bbox 936 4944 1132 4999; x_wconf 80' lang='lat' dir='ltr'><strong>Verum</strong></span> <span class='ocrx_word' id='word_1_373' title='bbox 1161 4960 1230 5000; x_wconf 76' lang='lat' dir='ltr'><strong>ex</strong></span> <span class='ocrx_word' id='word_1_374' title='bbox 1259 4944 1645 5000; x_wconf 90' lang='lat' dir='ltr'><strong>consuetudine</strong></span> <span class='ocrx_word' id='word_1_375' title='bbox 1689 4945 1797 5001; x_wconf 80' lang='lat' dir='ltr'><strong>fre-</strong></span> 
     </span>
    </p>
   </div>
   <div class='ocr_carea' id='block_1_51' title="bbox 205 5034 1809 5106">
    <p class='ocr_par' dir='ltr' id='par_1_51' title="bbox 205 5034 1809 5106">
     <span class='ocr_line' id='line_1_51' title="bbox 205 5034 1809 5106; baseline -0.001 -16"><span class='ocrx_word' id='word_1_376' title='bbox 205 5045 437 5106; x_wconf 87' lang='lat' dir='ltr'><strong>quenter</strong></span> <span class='ocrx_word' id='word_1_377' title='bbox 483 5035 684 5106; x_wconf 88' lang='lat' dir='ltr'><strong>impetu</strong></span> <span class='ocrx_word' id='word_1_378' title='bbox 731 5035 939 5105; x_wconf 89' lang='lat' dir='ltr'><strong>rapitur</strong></span> <span class='ocrx_word' id='word_1_379' title='bbox 966 5034 1143 5104; x_wconf 90' lang='lat' dir='ltr'><strong>lingua</strong></span> <span class='ocrx_word' id='word_1_380' title='bbox 1170 5075 1184 5100; x_wconf 93' lang='lat'><strong>,</strong></span> <span class='ocrx_word' id='word_1_381' title='bbox 1218 5043 1277 5089; x_wconf 91' lang='lat' dir='ltr'><strong>ut</strong></span> <span class='ocrx_word' id='word_1_382' title='bbox 1320 5050 1632 5104; x_wconf 86' lang='lat' dir='ltr'><strong>perversum</strong></span> <span class='ocrx_word' id='word_1_383' title='bbox 1678 5034 1809 5090; x_wconf 89' lang='lat' dir='ltr'><strong>illud</strong></span> 
     </span>
    </p>
   </div>
   <div class='ocr_carea' id='block_1_52' title="bbox 199 5125 1809 5196">
    <p class='ocr_par' dir='ltr' id='par_1_52' title="bbox 199 5125 1809 5196">
     <span class='ocr_line' id='line_1_52' title="bbox 199 5125 1809 5196; baseline -0.001 -14"><span class='ocrx_word' id='word_1_384' title='bbox 199 5127 426 5183; x_wconf 85' lang='lat' dir='ltr'><strong>verbum</strong></span> <span class='ocrx_word' id='word_1_385' title='bbox 464 5135 641 5180; x_wconf 89' lang='lat' dir='ltr'><strong>sonet.</strong></span> <span class='ocrx_word' id='word_1_386' title='bbox 670 5125 868 5179; x_wconf 76' lang='lat' dir='ltr'><strong>Verum</strong></span> <span class='ocrx_word' id='word_1_387' title='bbox 896 5141 1017 5180; x_wconf 90' lang='lat' dir='ltr'><strong>cum</strong></span> <span class='ocrx_word' id='word_1_388' title='bbox 1050 5125 1155 5180; x_wconf 89' lang='lat' dir='ltr'><strong>huc</strong></span> <span class='ocrx_word' id='word_1_389' title='bbox 1204 5127 1461 5194; x_wconf 88' lang='lat' dir='ltr'><strong>rapietur,</strong></span> <span class='ocrx_word' id='word_1_390' title='bbox 1498 5127 1809 5196; x_wconf 90' lang='lat' dir='ltr'><strong>priusquam</strong></span> 
     </span>
    </p>
   </div>
   <div class='ocr_carea' id='block_1_53' title="bbox 99 5216 1810 5292">
    <p class='ocr_par' dir='ltr' id='par_1_53' title="bbox 99 5216 1810 5292">
     <span class='ocr_line' id='line_1_53' title="bbox 99 5216 1810 5292; baseline 0.001 -20"><span class='ocrx_word' id='word_1_391' title='bbox 99 5223 108 5230; x_wconf 83' lang='lat'><strong>‘</strong></span> <span class='ocrx_word' id='word_1_392' title='bbox 201 5216 708 5292; x_wconf 79' lang='lat' dir='ltr'><strong>verbumeﬂ&#39;uderit</strong></span> <span class='ocrx_word' id='word_1_393' title='bbox 733 5258 748 5282; x_wconf 97' lang='lat'><strong>,</strong></span> <span class='ocrx_word' id='word_1_394' title='bbox 782 5217 1091 5271; x_wconf 84' lang='lat' dir='ltr'><strong>commorde</strong></span> <span class='ocrx_word' id='word_1_395' title='bbox 1121 5217 1267 5271; x_wconf 86' lang='lat' dir='ltr'><strong>illam</strong></span> <span class='ocrx_word' id='word_1_396' title='bbox 1299 5217 1533 5287; x_wconf 83' lang='lat' dir='ltr'><strong>undique</strong></span> <span class='ocrx_word' id='word_1_397' title='bbox 1560 5217 1810 5273; x_wconf 87' lang='lat' dir='ltr'><strong>dentibus</strong></span> 
     </span>
    </p>
   </div>
   <div class='ocr_carea' id='block_1_54' title="bbox 197 5307 1810 5379">
    <p class='ocr_par' dir='ltr' id='par_1_54' title="bbox 197 5307 1810 5379">
     <span class='ocr_line' id='line_1_54' title="bbox 197 5307 1810 5379; baseline -0.001 -15"><span class='ocrx_word' id='word_1_398' title='bbox 197 5309 414 5364; x_wconf 85' lang='lat' dir='ltr'><strong>acriter.</strong></span> <span class='ocrx_word' id='word_1_399' title='bbox 459 5308 687 5362; x_wconf 73' lang='lat' dir='ltr'><strong>Prmstat</strong></span> <span class='ocrx_word' id='word_1_400' title='bbox 732 5307 877 5361; x_wconf 90' lang='lat' dir='ltr'><strong>illam</strong></span> <span class='ocrx_word' id='word_1_401' title='bbox 922 5324 1064 5362; x_wconf 90' lang='lat' dir='ltr'><strong>nunc</strong></span> <span class='ocrx_word' id='word_1_402' title='bbox 1106 5308 1273 5362; x_wconf 81' lang='lat' dir='ltr'><strong>fluere</strong></span> <span class='ocrx_word' id='word_1_403' title='bbox 1318 5309 1610 5378; x_wconf 89' lang='lat' dir='ltr'><strong>sanguine,</strong></span> <span class='ocrx_word' id='word_1_404' title='bbox 1649 5325 1810 5379; x_wconf 89' lang='lat' dir='ltr'><strong>quam</strong></span> 
     </span>
    </p>
   </div>
   <div class='ocr_carea' id='block_1_55' title="bbox 198 5401 1811 5470">
    <p class='ocr_par' dir='ltr' id='par_1_55' title="bbox 198 5401 1811 5470">
     <span class='ocr_line' id='line_1_55' title="bbox 198 5401 1811 5470; baseline 0.001 -14"><span class='ocrx_word' id='word_1_405' title='bbox 198 5413 330 5457; x_wconf 90' lang='lat' dir='ltr'><strong>tunc</strong></span> <span class='ocrx_word' id='word_1_406' title='bbox 355 5401 737 5470; x_wconf 89' lang='lat' dir='ltr'><strong>concupiscere</strong></span> <span class='ocrx_word' id='word_1_407' title='bbox 763 5407 966 5469; x_wconf 88' lang='lat' dir='ltr'><strong>guttam</strong></span> <span class='ocrx_word' id='word_1_408' title='bbox 993 5441 1007 5464; x_wconf 96' lang='lat'><strong>,</strong></span> <span class='ocrx_word' id='word_1_409' title='bbox 1042 5417 1141 5456; x_wconf 87' lang='lat' dir='ltr'><strong>nec</strong></span> <span class='ocrx_word' id='word_1_410' title='bbox 1187 5402 1475 5470; x_wconf 91' lang='lat' dir='ltr'><strong>impetrare</strong></span> <span class='ocrx_word' id='word_1_411' title='bbox 1519 5415 1680 5470; x_wconf 91' lang='lat' dir='ltr'><strong>posse</strong></span> <span class='ocrx_word' id='word_1_412' title='bbox 1707 5403 1811 5458; x_wconf 89' lang='lat' dir='ltr'><strong>tale</strong></span> 
     </span>
    </p>
   </div>
   <div class='ocr_carea' id='block_1_56' title="bbox 199 5492 1809 5564">
    <p class='ocr_par' dir='ltr' id='par_1_56' title="bbox 199 5492 1809 5564">
     <span class='ocr_line' id='line_1_56' title="bbox 199 5492 1809 5564; baseline -0.002 -15"><span class='ocrx_word' id='word_1_413' title='bbox 199 5493 542 5564; x_wconf 76' lang='lat' dir='ltr'><strong>refrigerium</strong></span> <span class='ocrx_word' id='word_1_414' title='bbox 569 5511 583 5546; x_wconf 89' lang='lat'><strong>:</strong></span> <span class='ocrx_word' id='word_1_415' title='bbox 614 5501 837 5562; x_wconf 65' lang='lat' dir='ltr'><strong>praastat</strong></span> <span class='ocrx_word' id='word_1_416' title='bbox 876 5492 1019 5546; x_wconf 89' lang='lat' dir='ltr'><strong>illam</strong></span> <span class='ocrx_word' id='word_1_417' title='bbox 1052 5495 1439 5562; x_wconf 90' lang='lat' dir='ltr'><strong>temporarium</strong></span> <span class='ocrx_word' id='word_1_418' title='bbox 1483 5493 1626 5548; x_wconf 81' lang='lat' dir='ltr'><strong>ferre</strong></span> <span class='ocrx_word' id='word_1_419' title='bbox 1654 5493 1809 5548; x_wconf 87' lang='lat' dir='ltr'><strong>dolo-</strong></span> 
     </span>
    </p>
   </div>
   <div class='ocr_carea' id='block_1_57' title="bbox 198 5585 1817 5654">
    <p class='ocr_par' dir='ltr' id='par_1_57' title="bbox 198 5585 1817 5654">
     <span class='ocr_line' id='line_1_57' title="bbox 198 5585 1817 5654; baseline 0.001 -14"><span class='ocrx_word' id='word_1_420' title='bbox 198 5599 317 5640; x_wconf 90' lang='lat' dir='ltr'><strong>rem</strong></span> <span class='ocrx_word' id='word_1_421' title='bbox 350 5626 365 5646; x_wconf 86' lang='lat'><strong>,</strong></span> <span class='ocrx_word' id='word_1_422' title='bbox 397 5599 557 5654; x_wconf 81' lang='lat' dir='ltr'><strong>quam</strong></span> <span class='ocrx_word' id='word_1_423' title='bbox 604 5593 732 5638; x_wconf 91' lang='lat' dir='ltr'><strong>tunc</strong></span> <span class='ocrx_word' id='word_1_424' title='bbox 777 5585 1082 5652; x_wconf 87' lang='lat' dir='ltr'><strong>perenniter</strong></span> <span class='ocrx_word' id='word_1_425' title='bbox 1123 5594 1180 5640; x_wconf 90' lang='lat' dir='ltr'><strong>et</strong></span> <span class='ocrx_word' id='word_1_426' title='bbox 1226 5585 1616 5642; x_wconf 83' lang='lat' dir='ltr'><strong>immortalibus</strong></span> <span class='ocrx_word' id='word_1_427' title='bbox 1659 5587 1817 5642; x_wconf 88' lang='lat' dir='ltr'><strong>malis</strong></span> 
     </span>
    </p>
   </div>
   <div class='ocr_carea' id='block_1_58' title="bbox 200 5673 1812 5748">
    <p class='ocr_par' dir='ltr' id='par_1_58' title="bbox 200 5673 1812 5748">
     <span class='ocr_line' id='line_1_58' title="bbox 200 5673 1812 5748; baseline 0.002 -18"><span class='ocrx_word' id='word_1_428' title='bbox 200 5674 466 5741; x_wconf 86' lang='lat' dir='ltr'><strong>cruciari,</strong></span> <span class='ocrx_word' id='word_1_429' title='bbox 511 5673 962 5744; x_wconf 88' lang='lat' dir='ltr'><strong>quemadmodum</strong></span> <span class='ocrx_word' id='word_1_430' title='bbox 1006 5675 1369 5732; x_wconf 89' lang='lat' dir='ltr'><strong>divitis.illius</strong></span> <span class='ocrx_word' id='word_1_431' title='bbox 1409 5677 1590 5748; x_wconf 87' lang='lat' dir='ltr'><strong>lingua</strong></span> <span class='ocrx_word' id='word_1_432' title='bbox 1617 5677 1812 5733; x_wconf 81' lang='lat' dir='ltr'><strong>ardore</strong></span> 
     </span>
    </p>
   </div>
   <div class='ocr_carea' id='block_1_59' title="bbox 201 5765 1874 5839">
    <p class='ocr_par' dir='ltr' id='par_1_59' title="bbox 201 5765 1874 5839">
     <span class='ocr_line' id='line_1_59' title="bbox 201 5765 1874 5839; baseline 0.002 -17"><span class='ocrx_word' id='word_1_433' title='bbox 201 5775 442 5822; x_wconf 75' lang='lat' dir='ltr'><strong>mstuans</strong></span> <span class='ocrx_word' id='word_1_434' title='bbox 471 5766 674 5821; x_wconf 92' lang='lat' dir='ltr'><strong>nullum</strong></span> <span class='ocrx_word' id='word_1_435' title='bbox 702 5765 1008 5836; x_wconf 83' lang='lat' dir='ltr'><strong>impetravit</strong></span> <span class='ocrx_word' id='word_1_436' title='bbox 1052 5768 1411 5839; x_wconf 88' lang='lat' dir='ltr'><strong>refrigerium.</strong></span> <span class='ocrx_word' id='word_1_437' title='bbox 1442 5770 1582 5825; x_wconf 91' lang='lat' dir='ltr'><strong>Deus</strong></span> <span class='ocrx_word' id='word_1_438' title='bbox 1610 5785 1811 5839; x_wconf 72' lang='lat' dir='ltr'><strong>prmce-</strong></span> <span class='ocrx_word' id='word_1_439' title='bbox 1870 5834 1874 5838; x_wconf 92' lang='lat'><strong>_</strong></span> 
     </span>
    </p>
   </div>
   <div class='ocr_carea' id='block_1_60' title="bbox 199 5845 1808 5930">
    <p class='ocr_par' dir='ltr' id='par_1_60' title="bbox 199 5845 1808 5930">
     <span class='ocr_line' id='line_1_60' title="bbox 199 5845 1808 5930; baseline 0.003 -18"><span class='ocrx_word' id='word_1_440' title='bbox 199 5857 275 5928; x_wconf 86' lang='lat' dir='ltr'><strong>pit</strong></span> <span class='ocrx_word' id='word_1_441' title='bbox 302 5869 356 5914; x_wconf 92' lang='lat' dir='ltr'><strong>ut</strong></span> <span class='ocrx_word' id='word_1_442' title='bbox 383 5845 628 5913; x_wconf 83' lang='lat' dir='ltr'><strong>inimicos</strong></span> <span class='ocrx_word' id='word_1_443' title='bbox 658 5866 776 5913; x_wconf 90' lang='lat' dir='ltr'><strong>tuos</strong></span> <span class='ocrx_word' id='word_1_444' title='bbox 797 5857 1008 5930; x_wconf 86' lang='lat' dir='ltr'><strong>diligas,</strong></span> <span class='ocrx_word' id='word_1_445' title='bbox 1039 5868 1092 5915; x_wconf 87' lang='lat' dir='ltr'><strong>tu</strong></span> <span class='ocrx_word' id='word_1_446' title='bbox 1116 5876 1245 5917; x_wconf 84' lang='lat' dir='ltr'><strong>vero</strong></span> <span class='ocrx_word' id='word_1_447' title='bbox 1273 5861 1438 5918; x_wconf 89' lang='lat' dir='ltr'><strong>Deum</strong></span> <span class='ocrx_word' id='word_1_448' title='bbox 1468 5872 1516 5918; x_wconf 90' lang='lat' dir='ltr'><strong>te</strong></span> <span class='ocrx_word' id='word_1_449' title='bbox 1538 5870 1808 5918; x_wconf 84' lang='lat' dir='ltr'><strong>amantem</strong></span> 
     </span>
    </p>
   </div>
   <div class='ocr_carea' id='block_1_61' title="bbox 1439 415 2252 484">
    <p class='ocr_par' dir='ltr' id='par_1_61' title="bbox 1439 415 2252 484">
     <span class='ocr_line' id='line_1_61' title="bbox 1439 415 2252 484; baseline 0.004 -3"><span class='ocrx_word' id='word_1_450' title='bbox 1439 426 1524 481; x_wconf 85' lang='lat' dir='ltr'><strong>DE</strong></span> <span class='ocrx_word' id='word_1_451' title='bbox 1567 426 1842 482; x_wconf 78' lang='lat' dir='ltr'><strong>LAZARO</strong></span> <span class='ocrx_word' id='word_1_452' title='bbox 1881 426 2127 484; x_wconf 83' lang='lat' dir='ltr'><strong>CONCIO</strong></span> <span class='ocrx_word' id='word_1_453' title='bbox 2167 415 2252 484; x_wconf 90' lang='lat' dir='ltr'><strong>tu.</strong></span> 
     </span>
    </p>
   </div>
   <div class='ocr_carea' id='block_1_62' title="bbox 3383 424 3540 480">
    <p class='ocr_par' dir='ltr' id='par_1_62' title="bbox 3383 424 3540 480">
     <span class='ocr_line' id='line_1_62' title="bbox 3383 424 3540 480; baseline -0.006 -2"><span class='ocrx_word' id='word_1_454' title='bbox 3383 424 3540 480; x_wconf 54' lang='lat'><strong>{002‘</strong></span> 
     </span>
    </p>
   </div>
   <div class='ocr_carea' id='block_1_63' title="bbox 1928 539 3526 612">
    <p class='ocr_par' dir='ltr' id='par_1_63' title="bbox 1928 539 3526 612">
     <span class='ocr_line' id='line_1_63' title="bbox 1928 539 3526 612; baseline -0.004 -16"><span class='ocrx_word' id='word_1_455' title='bbox 1928 541 2229 596; x_wconf 77' lang='lat' dir='ltr'><strong>aversaris?</strong></span> <span class='ocrx_word' id='word_1_456' title='bbox 2259 541 2400 596; x_wconf 91' lang='lat' dir='ltr'><strong>Deus</strong></span> <span class='ocrx_word' id='word_1_457' title='bbox 2423 539 2585 612; x_wconf 87' lang='lat' dir='ltr'><strong>jussit</strong></span> <span class='ocrx_word' id='word_1_458' title='bbox 2615 551 2674 596; x_wconf 94' lang='lat' dir='ltr'><strong>ut</strong></span> <span class='ocrx_word' id='word_1_459' title='bbox 2698 539 2953 595; x_wconf 83' lang='lat' dir='ltr'><strong>conviciis</strong></span> <span class='ocrx_word' id='word_1_460' title='bbox 2982 539 3384 604; x_wconf 81' lang='lat' dir='ltr'><strong>insectantibus,</strong></span> <span class='ocrx_word' id='word_1_461' title='bbox 3431 539 3526 590; x_wconf 81' lang='lat' dir='ltr'><strong>be-</strong></span> 
     </span>
    </p>
   </div>
   <div class='ocr_carea' id='block_1_64' title="bbox 1932 629 3525 703">
    <p class='ocr_par' dir='ltr' id='par_1_64' title="bbox 1932 629 3525 703">
     <span class='ocr_line' id='line_1_64' title="bbox 1932 629 3525 703; baseline -0.003 -16"><span class='ocrx_word' id='word_1_462' title='bbox 1932 635 2092 703; x_wconf 85' lang='lat' dir='ltr'><strong>nigne</strong></span> <span class='ocrx_word' id='word_1_463' title='bbox 2131 633 2408 703; x_wconf 90' lang='lat' dir='ltr'><strong>loquaris,</strong></span> <span class='ocrx_word' id='word_1_464' title='bbox 2457 631 2898 688; x_wconf 89' lang='lat' dir='ltr'><strong>maledicentihus</strong></span> <span class='ocrx_word' id='word_1_465' title='bbox 2923 631 3210 687; x_wconf 88' lang='lat' dir='ltr'><strong>benedicas</strong></span> <span class='ocrx_word' id='word_1_466' title='bbox 3258 629 3424 702; x_wconf 86' lang='lat' dir='ltr'><strong>(Luc.</strong></span> <span class='ocrx_word' id='word_1_467' title='bbox 3471 637 3525 685; x_wconf 81' lang='grc' dir='ltr'><strong>ϋ.</strong></span> 
     </span>
    </p>
   </div>
   <div class='ocr_carea' id='block_1_65' title="bbox 1924 723 3527 796">
    <p class='ocr_par' dir='ltr' id='par_1_65' title="bbox 1924 723 3527 796">
     <span class='ocr_line' id='line_1_65' title="bbox 1924 723 3527 796; baseline -0.001 -18"><span class='ocrx_word' id='word_1_468' title='bbox 1924 725 2014 779; x_wconf 74' lang='grc'><strong>27.</strong></span> <span class='ocrx_word' id='word_1_469' title='bbox 2043 725 2115 780; x_wconf 75' lang='lat'><strong>9.8</strong></span> <span class='ocrx_word' id='word_1_470' title='bbox 2139 726 2157 796; x_wconf 94' lang='lat'><strong>)</strong></span> <span class='ocrx_word' id='word_1_471' title='bbox 2182 743 2195 775; x_wconf 92' lang='lat'><strong>:</strong></span> <span class='ocrx_word' id='word_1_472' title='bbox 2230 735 2284 779; x_wconf 91' lang='lat' dir='ltr'><strong>tu</strong></span> <span class='ocrx_word' id='word_1_473' title='bbox 2311 740 2440 781; x_wconf 90' lang='lat' dir='ltr'><strong>vero</strong></span> <span class='ocrx_word' id='word_1_474' title='bbox 2469 724 2545 780; x_wconf 91' lang='lat' dir='ltr'><strong>illi</strong></span> <span class='ocrx_word' id='word_1_475' title='bbox 2573 724 2928 780; x_wconf 90' lang='lat' dir='ltr'><strong>benefacienti</strong></span> <span class='ocrx_word' id='word_1_476' title='bbox 2958 733 3011 779; x_wconf 90' lang='lat' dir='ltr'><strong>et</strong></span> <span class='ocrx_word' id='word_1_477' title='bbox 3039 724 3113 778; x_wconf 91' lang='lat' dir='ltr'><strong>tui</strong></span> <span class='ocrx_word' id='word_1_478' title='bbox 3137 739 3321 778; x_wconf 90' lang='lat' dir='ltr'><strong>curam</strong></span> <span class='ocrx_word' id='word_1_479' title='bbox 3348 723 3527 792; x_wconf 89' lang='lat' dir='ltr'><strong>agenti</strong></span> 
     </span>
    </p>
   </div>
   <div class='ocr_carea' id='block_1_66' title="bbox 1926 816 3530 886">
    <p class='ocr_par' dir='ltr' id='par_1_66' title="bbox 1926 816 3530 886">
     <span class='ocr_line' id='line_1_66' title="bbox 1926 816 3530 886; baseline 0 -15"><span class='ocrx_word' id='word_1_480' title='bbox 1926 819 2234 882; x_wconf 80' lang='lat' dir='ltr'><strong>maledicis.</strong></span> <span class='ocrx_word' id='word_1_481' title='bbox 2265 834 2387 874; x_wconf 91' lang='lat' dir='ltr'><strong>cum</strong></span> <span class='ocrx_word' id='word_1_482' title='bbox 2428 818 2574 875; x_wconf 90' lang='lat' dir='ltr'><strong>nulla</strong></span> <span class='ocrx_word' id='word_1_483' title='bbox 2621 818 2672 872; x_wconf 91' lang='lat' dir='ltr'><strong>in</strong></span> <span class='ocrx_word' id='word_1_484' title='bbox 2701 833 2762 873; x_wconf 89' lang='lat' dir='ltr'><strong>re</strong></span> <span class='ocrx_word' id='word_1_485' title='bbox 2800 818 2960 872; x_wconf 77' lang='lat' dir='ltr'><strong>lmsus</strong></span> <span class='ocrx_word' id='word_1_486' title='bbox 2989 816 3102 872; x_wconf 89' lang='lat' dir='ltr'><strong>sis?</strong></span> <span class='ocrx_word' id='word_1_487' title='bbox 3133 817 3326 871; x_wconf 86' lang='lat' dir='ltr'><strong>Annon</strong></span> <span class='ocrx_word' id='word_1_488' title='bbox 3359 817 3530 886; x_wconf 83' lang='lat' dir='ltr'><strong>petitit</strong></span> 
     </span>
    </p>
   </div>
   <div class='ocr_carea' id='block_1_67' title="bbox 1927 907 3530 977">
    <p class='ocr_par' dir='ltr' id='par_1_67' title="bbox 1927 907 3530 977">
     <span class='ocr_line' id='line_1_67' title="bbox 1927 907 3530 977; baseline -0.001 -15"><span class='ocrx_word' id='word_1_489' title='bbox 1927 909 2136 963; x_wconf 87' lang='lat' dir='ltr'><strong>solvere</strong></span> <span class='ocrx_word' id='word_1_490' title='bbox 2165 910 2550 964; x_wconf 87' lang='lat' dir='ltr'><strong>tentationem?</strong></span> <span class='ocrx_word' id='word_1_491' title='bbox 2574 907 2770 972; x_wconf 84' lang='lat' dir='ltr'><strong>Potuit,</strong></span> <span class='ocrx_word' id='word_1_492' title='bbox 2800 907 2892 962; x_wconf 90' lang='lat' dir='ltr'><strong>sed</strong></span> <span class='ocrx_word' id='word_1_493' title='bbox 2920 907 3176 977; x_wconf 90' lang='lat' dir='ltr'><strong>permisit,</strong></span> <span class='ocrx_word' id='word_1_494' title='bbox 3203 916 3258 961; x_wconf 88' lang='lat' dir='ltr'><strong>ut</strong></span> <span class='ocrx_word' id='word_1_495' title='bbox 3284 907 3380 960; x_wconf 86' lang='lat' dir='ltr'><strong>fias</strong></span> <span class='ocrx_word' id='word_1_496' title='bbox 3404 920 3530 976; x_wconf 84' lang='lat' dir='ltr'><strong>pro-</strong></span> 
     </span>
    </p>
   </div>
   <div class='ocr_carea' id='block_1_68' title="bbox 1927 998 3527 1067">
    <p class='ocr_par' dir='ltr' id='par_1_68' title="bbox 1927 998 3527 1067">
     <span class='ocr_line' id='line_1_68' title="bbox 1927 998 3527 1067; baseline -0.001 -15"><span class='ocrx_word' id='word_1_497' title='bbox 1927 999 2123 1053; x_wconf 90' lang='lat' dir='ltr'><strong>batior.</strong></span> <span class='ocrx_word' id='word_1_498' title='bbox 2154 1000 2348 1054; x_wconf 78' lang='lat' dir='ltr'><strong>Verum</strong></span> <span class='ocrx_word' id='word_1_499' title='bbox 2370 1014 2516 1064; x_wconf 89' lang='lat' dir='ltr'><strong>ecce,</strong></span> <span class='ocrx_word' id='word_1_500' title='bbox 2543 999 2740 1067; x_wconf 87' lang='lat' dir='ltr'><strong>inquis,</strong></span> <span class='ocrx_word' id='word_1_501' title='bbox 2767 999 3001 1054; x_wconf 89' lang='lat' dir='ltr'><strong>collabor</strong></span> <span class='ocrx_word' id='word_1_502' title='bbox 3023 998 3233 1052; x_wconf 84' lang='lat' dir='ltr'><strong>interim</strong></span> <span class='ocrx_word' id='word_1_503' title='bbox 3257 1012 3319 1051; x_wconf 93' lang='lat' dir='ltr'><strong>ac</strong></span> <span class='ocrx_word' id='word_1_504' title='bbox 3346 1012 3527 1066; x_wconf 88' lang='lat' dir='ltr'><strong>pereo.</strong></span> 
     </span>
    </p>
   </div>
   <div class='ocr_carea' id='block_1_69' title="bbox 1927 1087 3532 1160">
    <p class='ocr_par' dir='ltr' id='par_1_69' title="bbox 1927 1087 3532 1160">
     <span class='ocr_line' id='line_1_69' title="bbox 1927 1087 3532 1160; baseline -0.002 -17"><span class='ocrx_word' id='word_1_505' title='bbox 1927 1087 2046 1143; x_wconf 81' lang='lat' dir='ltr'><strong>Non</strong></span> <span class='ocrx_word' id='word_1_506' title='bbox 2087 1100 2307 1160; x_wconf 86' lang='lat' dir='ltr'><strong>propter</strong></span> <span class='ocrx_word' id='word_1_507' title='bbox 2334 1089 2640 1144; x_wconf 86' lang='lat' dir='ltr'><strong>afflictionis</strong></span> <span class='ocrx_word' id='word_1_508' title='bbox 2673 1098 2917 1143; x_wconf 90' lang='lat' dir='ltr'><strong>naturam</strong></span> <span class='ocrx_word' id='word_1_509' title='bbox 2959 1089 3100 1158; x_wconf 89' lang='lat' dir='ltr'><strong>peris</strong></span> <span class='ocrx_word' id='word_1_510' title='bbox 3126 1131 3142 1156; x_wconf 92' lang='lat'><strong>,</strong></span> <span class='ocrx_word' id='word_1_511' title='bbox 3185 1088 3278 1143; x_wconf 89' lang='lat' dir='ltr'><strong>sed</strong></span> <span class='ocrx_word' id='word_1_512' title='bbox 3311 1097 3532 1158; x_wconf 78' lang='lat' dir='ltr'><strong>propter-</strong></span> 
     </span>
    </p>
   </div>
   <div class='ocr_carea' id='block_1_70' title="bbox 1925 1167 3531 1245">
    <p class='ocr_par' dir='ltr' id='par_1_70' title="bbox 1925 1167 3531 1245">
     <span class='ocr_line' id='line_1_70' title="bbox 1925 1167 3531 1245; baseline -0.001 -11"><span class='ocrx_word' id='word_1_513' title='bbox 1925 1187 2068 1236; x_wconf 86' lang='lat' dir='ltr'><strong>tuam</strong></span> <span class='ocrx_word' id='word_1_514' title='bbox 2101 1181 2424 1236; x_wconf 90' lang='lat' dir='ltr'><strong>socordiam.</strong></span> <span class='ocrx_word' id='word_1_515' title='bbox 2477 1183 2569 1236; x_wconf 91' lang='lat' dir='ltr'><strong>Dic</strong></span> <span class='ocrx_word' id='word_1_516' title='bbox 2604 1179 2737 1235; x_wconf 87' lang='lat' dir='ltr'><strong>mihi</strong></span> <span class='ocrx_word' id='word_1_517' title='bbox 2758 1222 2771 1245; x_wconf 91' lang='lat'><strong>,</strong></span> <span class='ocrx_word' id='word_1_518' title='bbox 2806 1191 2922 1234; x_wconf 91' lang='lat' dir='ltr'><strong>utra</strong></span> <span class='ocrx_word' id='word_1_519' title='bbox 2950 1194 3037 1234; x_wconf 88' lang='lat' dir='ltr'><strong>res</strong></span> <span class='ocrx_word' id='word_1_520' title='bbox 3061 1167 3143 1234; x_wconf 72' lang='grc' dir='ltr'><strong>ρει</strong></span> <span class='ocrx_word' id='word_1_521' title='bbox 3170 1178 3390 1242; x_wconf 90' lang='lat' dir='ltr'><strong>facilior,</strong></span> <span class='ocrx_word' id='word_1_522' title='bbox 3421 1178 3531 1232; x_wconf 56' lang='grc' dir='ltr'><strong>Μαι</strong></span> 
     </span>
    </p>
   </div>
   <div class='ocr_carea' id='block_1_71' title="bbox 1929 1268 3512 1343">
    <p class='ocr_par' dir='ltr' id='par_1_71' title="bbox 1929 1268 3512 1343">
     <span class='ocr_line' id='line_1_71' title="bbox 1929 1268 3512 1343; baseline -0.004 -17"><span class='ocrx_word' id='word_1_523' title='bbox 1929 1272 2193 1342; x_wconf 83' lang='lat' dir='ltr'><strong>spliemia,</strong></span> <span class='ocrx_word' id='word_1_524' title='bbox 2220 1288 2286 1326; x_wconf 93' lang='lat' dir='ltr'><strong>an</strong></span> <span class='ocrx_word' id='word_1_525' title='bbox 2311 1273 2603 1343; x_wconf 89' lang='lat' dir='ltr'><strong>gratiarum</strong></span> <span class='ocrx_word' id='word_1_526' title='bbox 2630 1272 2802 1326; x_wconf 83' lang='lat' dir='ltr'><strong>actio?</strong></span> <span class='ocrx_word' id='word_1_527' title='bbox 2829 1270 3017 1326; x_wconf 86' lang='lat' dir='ltr'><strong>Nonne</strong></span> <span class='ocrx_word' id='word_1_528' title='bbox 3043 1269 3131 1324; x_wconf 88' lang='lat' dir='ltr'><strong>illa</strong></span> <span class='ocrx_word' id='word_1_529' title='bbox 3151 1283 3245 1324; x_wconf 91' lang='lat' dir='ltr'><strong>eos</strong></span> <span class='ocrx_word' id='word_1_530' title='bbox 3262 1268 3349 1338; x_wconf 89' lang='lat' dir='ltr'><strong>qui</strong></span> <span class='ocrx_word' id='word_1_531' title='bbox 3375 1269 3512 1321; x_wconf 60' lang='lat' dir='ltr'><strong>audia</strong></span> 
     </span>
    </p>
   </div>
   <div class='ocr_carea' id='block_1_72' title="bbox 1928 1360 3517 1431">
    <p class='ocr_par' dir='ltr' id='par_1_72' title="bbox 1928 1360 3517 1431">
     <span class='ocr_line' id='line_1_72' title="bbox 1928 1360 3517 1431; baseline -0.002 -13"><span class='ocrx_word' id='word_1_532' title='bbox 1928 1373 2020 1419; x_wconf 91' lang='lat' dir='ltr'><strong>unt</strong></span> <span class='ocrx_word' id='word_1_533' title='bbox 2046 1364 2229 1419; x_wconf 91' lang='lat' dir='ltr'><strong>hostes</strong></span> <span class='ocrx_word' id='word_1_534' title='bbox 2256 1373 2312 1419; x_wconf 91' lang='lat' dir='ltr'><strong>et</strong></span> <span class='ocrx_word' id='word_1_535' title='bbox 2337 1365 2584 1419; x_wconf 87' lang='lat' dir='ltr'><strong>inimicos</strong></span> <span class='ocrx_word' id='word_1_536' title='bbox 2613 1364 2707 1418; x_wconf 91' lang='lat' dir='ltr'><strong>tibi</strong></span> <span class='ocrx_word' id='word_1_537' title='bbox 2746 1363 2955 1430; x_wconf 90' lang='lat' dir='ltr'><strong>reddit,</strong></span> <span class='ocrx_word' id='word_1_538' title='bbox 2987 1371 3040 1417; x_wconf 92' lang='lat' dir='ltr'><strong>et</strong></span> <span class='ocrx_word' id='word_1_539' title='bbox 3066 1362 3119 1415; x_wconf 91' lang='lat' dir='ltr'><strong>in</strong></span> <span class='ocrx_word' id='word_1_540' title='bbox 3149 1360 3517 1431; x_wconf 76' lang='lat' dir='ltr'><strong>mgritudinem</strong></span> 
     </span>
    </p>
   </div>
   <div class='ocr_carea' id='block_1_73' title="bbox 1924 1451 3529 1527">
    <p class='ocr_par' dir='ltr' id='par_1_73' title="bbox 1924 1451 3529 1527">
     <span class='ocr_line' id='line_1_73' title="bbox 1924 1451 3529 1527; baseline -0.002 -17"><span class='ocrx_word' id='word_1_541' title='bbox 1924 1455 2089 1510; x_wconf 80' lang='lat' dir='ltr'><strong>aninii</strong></span> <span class='ocrx_word' id='word_1_542' title='bbox 2110 1455 2327 1523; x_wconf 90' lang='lat' dir='ltr'><strong>conjicit</strong></span> <span class='ocrx_word' id='word_1_543' title='bbox 2350 1473 2364 1510; x_wconf 92' lang='lat'><strong>:</strong></span> <span class='ocrx_word' id='word_1_544' title='bbox 2392 1455 2507 1527; x_wconf 55' lang='lat' dir='ltr'><strong>haec</strong></span> <span class='ocrx_word' id='word_1_545' title='bbox 2531 1470 2657 1509; x_wconf 81' lang='lat' dir='ltr'><strong>vero</strong></span> <span class='ocrx_word' id='word_1_546' title='bbox 2683 1455 2990 1508; x_wconf 88' lang='lat' dir='ltr'><strong>innumeras</strong></span> <span class='ocrx_word' id='word_1_547' title='bbox 3011 1451 3166 1507; x_wconf 83' lang='lat' dir='ltr'><strong>ail‘ert</strong></span> <span class='ocrx_word' id='word_1_548' title='bbox 3184 1451 3529 1527; x_wconf 70' lang='lat' dir='ltr'><strong>philosophiae</strong></span> 
     </span>
    </p>
   </div>
   <div class='ocr_carea' id='block_1_74' title="bbox 1925 1542 3526 1615">
    <p class='ocr_par' dir='ltr' id='par_1_74' title="bbox 1925 1542 3526 1615">
     <span class='ocr_line' id='line_1_74' title="bbox 1925 1542 3526 1615; baseline -0.005 -14"><span class='ocrx_word' id='word_1_549' title='bbox 1925 1559 2173 1611; x_wconf 89' lang='lat' dir='ltr'><strong>coronas,</strong></span> <span class='ocrx_word' id='word_1_550' title='bbox 2205 1545 2682 1615; x_wconf 88' lang='lat' dir='ltr'><strong>incredibilemque</strong></span> <span class='ocrx_word' id='word_1_551' title='bbox 2708 1544 2776 1599; x_wconf 92' lang='lat' dir='ltr'><strong>ab</strong></span> <span class='ocrx_word' id='word_1_552' title='bbox 2805 1543 3054 1598; x_wconf 89' lang='lat' dir='ltr'><strong>omnibus</strong></span> <span class='ocrx_word' id='word_1_553' title='bbox 3094 1542 3526 1602; x_wconf 87' lang='lat' dir='ltr'><strong>admirationem,</strong></span> 
     </span>
    </p>
   </div>
   <div class='ocr_carea' id='block_1_75' title="bbox 1925 1634 3535 1713">
    <p class='ocr_par' dir='ltr' id='par_1_75' title="bbox 1925 1634 3535 1713">
     <span class='ocr_line' id='line_1_75' title="bbox 1925 1634 3535 1713; baseline -0.003 -21"><span class='ocrx_word' id='word_1_554' title='bbox 1925 1638 2158 1708; x_wconf 79' lang='lat' dir='ltr'><strong>denique</strong></span> <span class='ocrx_word' id='word_1_555' title='bbox 2188 1638 2423 1713; x_wconf 88' lang='lat' dir='ltr'><strong>ingentia</strong></span> <span class='ocrx_word' id='word_1_556' title='bbox 2451 1654 2479 1691; x_wconf 93' lang='lat' dir='ltr'><strong>a</strong></span> <span class='ocrx_word' id='word_1_557' title='bbox 2503 1638 2616 1692; x_wconf 91' lang='lat' dir='ltr'><strong>Deo</strong></span> <span class='ocrx_word' id='word_1_558' title='bbox 2639 1635 2894 1706; x_wconf 66' lang='lat' dir='ltr'><strong>praemia?</strong></span> <span class='ocrx_word' id='word_1_559' title='bbox 2921 1636 3029 1691; x_wconf 88' lang='lat' dir='ltr'><strong>Cur</strong></span> <span class='ocrx_word' id='word_1_560' title='bbox 3056 1635 3216 1705; x_wconf 87' lang='lat' dir='ltr'><strong>igitur</strong></span> <span class='ocrx_word' id='word_1_561' title='bbox 3236 1634 3376 1704; x_wconf 88' lang='lat' dir='ltr'><strong>quod</strong></span> <span class='ocrx_word' id='word_1_562' title='bbox 3407 1635 3535 1687; x_wconf 89' lang='lat' dir='ltr'><strong>utile</strong></span> 
     </span>
    </p>
   </div>
   <div class='ocr_carea' id='block_1_76' title="bbox 1928 1723 3535 1798">
    <p class='ocr_par' dir='ltr' id='par_1_76' title="bbox 1928 1723 3535 1798">
     <span class='ocr_line' id='line_1_76' title="bbox 1928 1723 3535 1798; baseline -0.003 -15"><span class='ocrx_word' id='word_1_563' title='bbox 1928 1736 2031 1791; x_wconf 90' lang='lat' dir='ltr'><strong>est,</strong></span> <span class='ocrx_word' id='word_1_564' title='bbox 2061 1727 2205 1798; x_wconf 85' lang='lat' dir='ltr'><strong>quod</strong></span> <span class='ocrx_word' id='word_1_565' title='bbox 2247 1727 2404 1783; x_wconf 87' lang='lat' dir='ltr'><strong>facile</strong></span> <span class='ocrx_word' id='word_1_566' title='bbox 2430 1769 2447 1795; x_wconf 91' lang='lat'><strong>,</strong></span> <span class='ocrx_word' id='word_1_567' title='bbox 2480 1727 2620 1796; x_wconf 89' lang='lat' dir='ltr'><strong>quod</strong></span> <span class='ocrx_word' id='word_1_568' title='bbox 2652 1726 2944 1796; x_wconf 90' lang='lat' dir='ltr'><strong>jucundum</strong></span> <span class='ocrx_word' id='word_1_569' title='bbox 2973 1725 3226 1779; x_wconf 90' lang='lat' dir='ltr'><strong>omittens</strong></span> <span class='ocrx_word' id='word_1_570' title='bbox 3249 1766 3267 1791; x_wconf 92' lang='lat'><strong>,</strong></span> <span class='ocrx_word' id='word_1_571' title='bbox 3312 1724 3363 1778; x_wconf 91' lang='lat' dir='ltr'><strong>id</strong></span> <span class='ocrx_word' id='word_1_572' title='bbox 3393 1723 3535 1794; x_wconf 90' lang='lat' dir='ltr'><strong>quod</strong></span> 
     </span>
    </p>
   </div>
   <div class='ocr_carea' id='block_1_77' title="bbox 1928 1814 3534 1894">
    <p class='ocr_par' dir='ltr' id='par_1_77' title="bbox 1928 1814 3534 1894">
     <span class='ocr_line' id='line_1_77' title="bbox 1928 1814 3534 1894; baseline -0.002 -22"><span class='ocrx_word' id='word_1_573' title='bbox 1928 1816 2076 1872; x_wconf 75' lang='lat' dir='ltr'><strong>lmdit</strong></span> <span class='ocrx_word' id='word_1_574' title='bbox 2096 1860 2111 1885; x_wconf 96' lang='lat'><strong>,</strong></span> <span class='ocrx_word' id='word_1_575' title='bbox 2145 1818 2288 1888; x_wconf 84' lang='lat' dir='ltr'><strong>quod</strong></span> <span class='ocrx_word' id='word_1_576' title='bbox 2312 1819 2631 1894; x_wconf 67' lang='lat' dir='ltr'><strong>contristat,</strong></span> <span class='ocrx_word' id='word_1_577' title='bbox 2658 1816 2798 1887; x_wconf 89' lang='lat' dir='ltr'><strong>quod</strong></span> <span class='ocrx_word' id='word_1_578' title='bbox 2828 1814 3097 1882; x_wconf 84' lang='lat' dir='ltr'><strong>tabefacit,</strong></span> <span class='ocrx_word' id='word_1_579' title='bbox 3131 1815 3270 1868; x_wconf 92' lang='lat' dir='ltr'><strong>illius</strong></span> <span class='ocrx_word' id='word_1_580' title='bbox 3300 1815 3418 1869; x_wconf 90' lang='lat' dir='ltr'><strong>loco</strong></span> <span class='ocrx_word' id='word_1_581' title='bbox 3436 1820 3534 1869; x_wconf 65' lang='lat' dir='ltr'><strong>‘se-</strong></span> 
     </span>
    </p>
   </div>
   <div class='ocr_carea' id='block_1_78' title="bbox 1925 1906 3527 1978">
    <p class='ocr_par' dir='ltr' id='par_1_78' title="bbox 1925 1906 3527 1978">
     <span class='ocr_line' id='line_1_78' title="bbox 1925 1906 3527 1978; baseline -0.004 -14"><span class='ocrx_word' id='word_1_582' title='bbox 1925 1910 2124 1965; x_wconf 81' lang='lat' dir='ltr'><strong>ctaris?</strong></span> <span class='ocrx_word' id='word_1_583' title='bbox 2161 1910 2304 1976; x_wconf 87' lang='lat' dir='ltr'><strong>Quin</strong></span> <span class='ocrx_word' id='word_1_584' title='bbox 2343 1917 2399 1964; x_wconf 88' lang='lat' dir='ltr'><strong>et</strong></span> <span class='ocrx_word' id='word_1_585' title='bbox 2435 1910 2633 1978; x_wconf 90' lang='lat' dir='ltr'><strong>alioqui</strong></span> <span class='ocrx_word' id='word_1_586' title='bbox 2663 1910 2705 1962; x_wconf 86' lang='lat' dir='ltr'><strong>si</strong></span> <span class='ocrx_word' id='word_1_587' title='bbox 2745 1907 3058 1962; x_wconf 88' lang='lat' dir='ltr'><strong>tentationis</strong></span> <span class='ocrx_word' id='word_1_588' title='bbox 3096 1921 3159 1961; x_wconf 93' lang='lat' dir='ltr'><strong>ac</strong></span> <span class='ocrx_word' id='word_1_589' title='bbox 3198 1906 3527 1976; x_wconf 89' lang='lat' dir='ltr'><strong>paupertatis</strong></span> 
     </span>
    </p>
   </div>
   <div class='ocr_carea' id='block_1_79' title="bbox 1924 2001 3532 2071">
    <p class='ocr_par' dir='ltr' id='par_1_79' title="bbox 1924 2001 3532 2071">
     <span class='ocr_line' id='line_1_79' title="bbox 1924 2001 3532 2071; baseline -0.002 -14"><span class='ocrx_word' id='word_1_590' title='bbox 1924 2002 2145 2058; x_wconf 82' lang='lat' dir='ltr'><strong>afﬂictio</strong></span> <span class='ocrx_word' id='word_1_591' title='bbox 2169 2017 2330 2058; x_wconf 89' lang='lat' dir='ltr'><strong>causa</strong></span> <span class='ocrx_word' id='word_1_592' title='bbox 2355 2011 2500 2058; x_wconf 85' lang='lat' dir='ltr'><strong>esset</strong></span> <span class='ocrx_word' id='word_1_593' title='bbox 2520 2001 2971 2071; x_wconf 80' lang='lat' dir='ltr'><strong>blasphemiarum</strong></span> <span class='ocrx_word' id='word_1_594' title='bbox 2998 2041 3012 2065; x_wconf 95' lang='lat'><strong>,</strong></span> <span class='ocrx_word' id='word_1_595' title='bbox 3046 2005 3320 2069; x_wconf 89' lang='lat' dir='ltr'><strong>oporteret</strong></span> <span class='ocrx_word' id='word_1_596' title='bbox 3342 2013 3532 2053; x_wconf 81' lang='lat' dir='ltr'><strong>omnes</strong></span> 
     </span>
    </p>
   </div>
   <div class='ocr_carea' id='block_1_80' title="bbox 1935 2090 3526 2165">
    <p class='ocr_par' dir='ltr' id='par_1_80' title="bbox 1935 2090 3526 2165">
     <span class='ocr_line' id='line_1_80' title="bbox 1935 2090 3526 2165; baseline -0.001 -17"><span class='ocrx_word' id='word_1_597' title='bbox 1935 2094 2026 2165; x_wconf 90' lang='lat' dir='ltr'><strong>qui</strong></span> <span class='ocrx_word' id='word_1_598' title='bbox 2058 2095 2111 2149; x_wconf 93' lang='lat' dir='ltr'><strong>in</strong></span> <span class='ocrx_word' id='word_1_599' title='bbox 2140 2103 2452 2165; x_wconf 89' lang='lat' dir='ltr'><strong>pattpertate</strong></span> <span class='ocrx_word' id='word_1_600' title='bbox 2481 2096 2663 2148; x_wconf 88' lang='lat' dir='ltr'><strong>vivunt</strong></span> <span class='ocrx_word' id='word_1_601' title='bbox 2691 2093 3036 2162; x_wconf 90' lang='lat' dir='ltr'><strong>blasphemos</strong></span> <span class='ocrx_word' id='word_1_602' title='bbox 3082 2106 3221 2146; x_wconf 86' lang='lat' dir='ltr'><strong>esse.</strong></span> <span class='ocrx_word' id='word_1_603' title='bbox 3248 2090 3400 2146; x_wconf 86' lang='lat' dir='ltr'><strong>Nunc</strong></span> <span class='ocrx_word' id='word_1_604' title='bbox 3429 2108 3526 2147; x_wconf 89' lang='lat' dir='ltr'><strong>au-</strong></span> 
     </span>
    </p>
   </div>
   <div class='ocr_carea' id='block_1_81' title="bbox 1925 2185 3528 2257">
    <p class='ocr_par' dir='ltr' id='par_1_81' title="bbox 1925 2185 3528 2257">
     <span class='ocr_line' id='line_1_81' title="bbox 1925 2185 3528 2257; baseline -0.001 -17"><span class='ocrx_word' id='word_1_605' title='bbox 1925 2195 2031 2241; x_wconf 90' lang='lat' dir='ltr'><strong>tem</strong></span> <span class='ocrx_word' id='word_1_606' title='bbox 2078 2188 2218 2242; x_wconf 91' lang='lat' dir='ltr'><strong>inter</strong></span> <span class='ocrx_word' id='word_1_607' title='bbox 2268 2202 2362 2242; x_wconf 90' lang='lat' dir='ltr'><strong>eos</strong></span> <span class='ocrx_word' id='word_1_608' title='bbox 2413 2188 2503 2257; x_wconf 88' lang='lat' dir='ltr'><strong>qui</strong></span> <span class='ocrx_word' id='word_1_609' title='bbox 2550 2187 2603 2241; x_wconf 90' lang='lat' dir='ltr'><strong>in</strong></span> <span class='ocrx_word' id='word_1_610' title='bbox 2648 2195 2886 2240; x_wconf 84' lang='lat' dir='ltr'><strong>extrema</strong></span> <span class='ocrx_word' id='word_1_611' title='bbox 2936 2185 3134 2254; x_wconf 79' lang='lat' dir='ltr'><strong>degunt</strong></span> <span class='ocrx_word' id='word_1_612' title='bbox 3179 2194 3528 2254; x_wconf 89' lang='lat' dir='ltr'><strong>paupertate,</strong></span> 
     </span>
    </p>
   </div>
   <div class='ocr_carea' id='block_1_82' title="bbox 1923 2272 3526 2350">
    <p class='ocr_par' dir='ltr' id='par_1_82' title="bbox 1923 2272 3526 2350">
     <span class='ocr_line' id='line_1_82' title="bbox 1923 2272 3526 2350; baseline -0.001 -17"><span class='ocrx_word' id='word_1_613' title='bbox 1923 2274 2078 2334; x_wconf 89' lang='lat' dir='ltr'><strong>multi</strong></span> <span class='ocrx_word' id='word_1_614' title='bbox 2114 2272 2314 2349; x_wconf 86' lang='lat' dir='ltr'><strong>jugiter</strong></span> <span class='ocrx_word' id='word_1_615' title='bbox 2343 2289 2508 2350; x_wconf 87' lang='lat' dir='ltr'><strong>agunt</strong></span> <span class='ocrx_word' id='word_1_616' title='bbox 2550 2280 2749 2349; x_wconf 86' lang='lat' dir='ltr'><strong>gratias</strong></span> <span class='ocrx_word' id='word_1_617' title='bbox 2775 2296 2788 2332; x_wconf 89' lang='lat'><strong>:</strong></span> <span class='ocrx_word' id='word_1_618' title='bbox 2817 2277 2903 2330; x_wconf 93' lang='lat' dir='ltr'><strong>alii</strong></span> <span class='ocrx_word' id='word_1_619' title='bbox 2933 2289 3114 2331; x_wconf 88' lang='lat' dir='ltr'><strong>contra</strong></span> <span class='ocrx_word' id='word_1_620' title='bbox 3137 2318 3151 2341; x_wconf 97' lang='lat'><strong>,</strong></span> <span class='ocrx_word' id='word_1_621' title='bbox 3199 2278 3289 2347; x_wconf 89' lang='lat' dir='ltr'><strong>qui</strong></span> <span class='ocrx_word' id='word_1_622' title='bbox 3334 2278 3526 2346; x_wconf 83' lang='lat' dir='ltr'><strong>Opibus</strong></span> 
     </span>
    </p>
   </div>
   <div class='ocr_carea' id='block_1_83' title="bbox 1923 2366 3520 2436">
    <p class='ocr_par' dir='ltr' id='par_1_83' title="bbox 1923 2366 3520 2436">
     <span class='ocr_line' id='line_1_83' title="bbox 1923 2366 3520 2436; baseline -0.001 -14"><span class='ocrx_word' id='word_1_623' title='bbox 1923 2386 1986 2424; x_wconf 83' lang='lat' dir='ltr'><strong>ac</strong></span> <span class='ocrx_word' id='word_1_624' title='bbox 2011 2370 2212 2424; x_wconf 82' lang='lat' dir='ltr'><strong>divitiis</strong></span> <span class='ocrx_word' id='word_1_625' title='bbox 2236 2369 2481 2434; x_wconf 83' lang='lat' dir='ltr'><strong>afﬂuunt,</strong></span> <span class='ocrx_word' id='word_1_626' title='bbox 2503 2383 2610 2422; x_wconf 90' lang='lat' dir='ltr'><strong>non</strong></span> <span class='ocrx_word' id='word_1_627' title='bbox 2637 2376 2853 2422; x_wconf 87' lang='lat' dir='ltr'><strong>cessant</strong></span> <span class='ocrx_word' id='word_1_628' title='bbox 2871 2381 3118 2421; x_wconf 87' lang='lat' dir='ltr'><strong>evomere</strong></span> <span class='ocrx_word' id='word_1_629' title='bbox 3140 2366 3520 2436; x_wconf 85' lang='lat' dir='ltr'><strong>blasphemias.</strong></span> 
     </span>
    </p>
   </div>
   <div class='ocr_carea' id='block_1_84' title="bbox 1924 2459 3516 2533">
    <p class='ocr_par' dir='ltr' id='par_1_84' title="bbox 1924 2459 3516 2533">
     <span class='ocr_line' id='line_1_84' title="bbox 1924 2459 3516 2533; baseline -0.001 -17"><span class='ocrx_word' id='word_1_630' title='bbox 1924 2462 2106 2533; x_wconf 79' lang='lat' dir='ltr'><strong>Itaque</strong></span> <span class='ocrx_word' id='word_1_631' title='bbox 2132 2479 2238 2516; x_wconf 94' lang='lat' dir='ltr'><strong>non</strong></span> <span class='ocrx_word' id='word_1_632' title='bbox 2265 2463 2377 2533; x_wconf 91' lang='lat' dir='ltr'><strong>ipsa</strong></span> <span class='ocrx_word' id='word_1_633' title='bbox 2406 2477 2587 2516; x_wconf 88' lang='lat' dir='ltr'><strong>rerum</strong></span> <span class='ocrx_word' id='word_1_634' title='bbox 2614 2469 2825 2525; x_wconf 90' lang='lat' dir='ltr'><strong>natura,</strong></span> <span class='ocrx_word' id='word_1_635' title='bbox 2854 2459 2949 2515; x_wconf 89' lang='lat' dir='ltr'><strong>sed</strong></span> <span class='ocrx_word' id='word_1_636' title='bbox 2975 2468 3157 2514; x_wconf 85' lang='lat' dir='ltr'><strong>nostra</strong></span> <span class='ocrx_word' id='word_1_637' title='bbox 3188 2460 3431 2514; x_wconf 86' lang='lat' dir='ltr'><strong>voluntas</strong></span> <span class='ocrx_word' id='word_1_638' title='bbox 3461 2469 3516 2515; x_wconf 84' lang='lat' dir='ltr'><strong>et</strong></span> 
     </span>
    </p>
   </div>
   <div class='ocr_carea' id='block_1_85' title="bbox 1923 2552 3431 2608">
    <p class='ocr_par' dir='ltr' id='par_1_85' title="bbox 1923 2552 3431 2608">
     <span class='ocr_line' id='line_1_85' title="bbox 1923 2552 3431 2608; baseline -0.001 -1"><span class='ocrx_word' id='word_1_639' title='bbox 1923 2553 2024 2607; x_wconf 91' lang='lat' dir='ltr'><strong>hoc</strong></span> <span class='ocrx_word' id='word_1_640' title='bbox 2045 2562 2099 2608; x_wconf 90' lang='lat' dir='ltr'><strong>et</strong></span> <span class='ocrx_word' id='word_1_641' title='bbox 2134 2553 2260 2607; x_wconf 91' lang='lat' dir='ltr'><strong>illud</strong></span> <span class='ocrx_word' id='word_1_642' title='bbox 2285 2552 2472 2608; x_wconf 87' lang='lat' dir='ltr'><strong>efficit.</strong></span> <span class='ocrx_word' id='word_1_643' title='bbox 3426 2552 3431 2556; x_wconf 80' lang='grc'><strong>’</strong></span> 
     </span>
    </p>
   </div>
   <div class='ocr_carea' id='block_1_86' title="bbox 1994 2639 3534 2713">
    <p class='ocr_par' dir='ltr' id='par_1_86' title="bbox 1994 2639 3534 2713">
     <span class='ocr_line' id='line_1_86' title="bbox 1994 2639 3534 2713; baseline 0 -17"><span class='ocrx_word' id='word_1_644' title='bbox 1994 2641 2448 2713; x_wconf 75' lang='grc' dir='ltr'><strong>Ραηρενιαεηιιοε</strong></span> <span class='ocrx_word' id='word_1_645' title='bbox 2478 2659 2581 2696; x_wconf 82' lang='lat' dir='ltr'><strong>non</strong></span> <span class='ocrx_word' id='word_1_646' title='bbox 2611 2641 2874 2696; x_wconf 69' lang='lat' dir='ltr'><strong>lazdat.—</strong></span> <span class='ocrx_word' id='word_1_647' title='bbox 2895 2640 3122 2711; x_wconf 87' lang='lat' dir='ltr'><strong>Propter</strong></span> <span class='ocrx_word' id='word_1_648' title='bbox 3152 2639 3255 2695; x_wconf 90' lang='lat' dir='ltr'><strong>hoc</strong></span> <span class='ocrx_word' id='word_1_649' title='bbox 3297 2641 3438 2695; x_wconf 87' lang='lat' dir='ltr'><strong>enim</strong></span> <span class='ocrx_word' id='word_1_650' title='bbox 3479 2649 3534 2696; x_wconf 78' lang='lat' dir='ltr'><strong>et</strong></span> 
     </span>
    </p>
   </div>
   <div class='ocr_carea' id='block_1_87' title="bbox 1923 2732 3535 2802">
    <p class='ocr_par' dir='ltr' id='par_1_87' title="bbox 1923 2732 3535 2802">
     <span class='ocr_line' id='line_1_87' title="bbox 1923 2732 3535 2802; baseline 0.001 -16"><span class='ocrx_word' id='word_1_651' title='bbox 1923 2733 2061 2788; x_wconf 89' lang='lat' dir='ltr'><strong>hanc</strong></span> <span class='ocrx_word' id='word_1_652' title='bbox 2105 2733 2448 2788; x_wconf 90' lang='lat' dir='ltr'><strong>recitavimus</strong></span> <span class='ocrx_word' id='word_1_653' title='bbox 2493 2733 2802 2802; x_wconf 88' lang='lat' dir='ltr'><strong>parabolam</strong></span> <span class='ocrx_word' id='word_1_654' title='bbox 2829 2773 2843 2794; x_wconf 93' lang='lat'><strong>,</strong></span> <span class='ocrx_word' id='word_1_655' title='bbox 2894 2741 2950 2785; x_wconf 94' lang='lat' dir='ltr'><strong>ut</strong></span> <span class='ocrx_word' id='word_1_656' title='bbox 2992 2745 3349 2800; x_wconf 87' lang='lat' dir='ltr'><strong>cognosceres</strong></span> <span class='ocrx_word' id='word_1_657' title='bbox 3392 2732 3535 2801; x_wconf 85' lang='lat' dir='ltr'><strong>quod</strong></span> 
     </span>
    </p>
   </div>
   <div class='ocr_carea' id='block_1_88' title="bbox 1924 2821 3535 2892">
    <p class='ocr_par' dir='ltr' id='par_1_88' title="bbox 1924 2821 3535 2892">
     <span class='ocr_line' id='line_1_88' title="bbox 1924 2821 3535 2892; baseline -0.001 -14"><span class='ocrx_word' id='word_1_658' title='bbox 1924 2823 2194 2879; x_wconf 91' lang='lat' dir='ltr'><strong>hominem</strong></span> <span class='ocrx_word' id='word_1_659' title='bbox 2220 2823 2500 2879; x_wconf 90' lang='lat' dir='ltr'><strong>socordem</strong></span> <span class='ocrx_word' id='word_1_660' title='bbox 2545 2838 2613 2878; x_wconf 91' lang='lat' dir='ltr'><strong>ne</strong></span> <span class='ocrx_word' id='word_1_661' title='bbox 2644 2822 2844 2877; x_wconf 81' lang='lat' dir='ltr'><strong>divitiae</strong></span> <span class='ocrx_word' id='word_1_662' title='bbox 2873 2821 3085 2892; x_wconf 89' lang='lat' dir='ltr'><strong>quidem</strong></span> <span class='ocrx_word' id='word_1_663' title='bbox 3110 2821 3332 2891; x_wconf 87' lang='lat' dir='ltr'><strong>juvent,</strong></span> <span class='ocrx_word' id='word_1_664' title='bbox 3363 2832 3535 2876; x_wconf 85' lang='lat' dir='ltr'><strong>atten-</strong></span> 
     </span>
    </p>
   </div>
   <div class='ocr_carea' id='block_1_89' title="bbox 1924 2919 3536 2992">
    <p class='ocr_par' dir='ltr' id='par_1_89' title="bbox 1924 2919 3536 2992">
     <span class='ocr_line' id='line_1_89' title="bbox 1924 2919 3536 2992; baseline 0 -18"><span class='ocrx_word' id='word_1_665' title='bbox 1924 2932 2034 2975; x_wconf 92' lang='lat' dir='ltr'><strong>tum</strong></span> <span class='ocrx_word' id='word_1_666' title='bbox 2081 2937 2213 2976; x_wconf 90' lang='lat' dir='ltr'><strong>vero</strong></span> <span class='ocrx_word' id='word_1_667' title='bbox 2254 2937 2324 2977; x_wconf 90' lang='lat' dir='ltr'><strong>ne</strong></span> <span class='ocrx_word' id='word_1_668' title='bbox 2369 2930 2659 2992; x_wconf 89' lang='lat' dir='ltr'><strong>paupertas</strong></span> <span class='ocrx_word' id='word_1_669' title='bbox 2689 2922 2906 2991; x_wconf 89' lang='lat' dir='ltr'><strong>quidem</strong></span> <span class='ocrx_word' id='word_1_670' title='bbox 2936 2921 3130 2976; x_wconf 66' lang='lat' dir='ltr'><strong>laedere</strong></span> <span class='ocrx_word' id='word_1_671' title='bbox 3175 2921 3343 2990; x_wconf 88' lang='lat' dir='ltr'><strong>possit</strong></span> <span class='ocrx_word' id='word_1_672' title='bbox 3394 2919 3536 2988; x_wconf 89' lang='lat' dir='ltr'><strong>Quid</strong></span> 
     </span>
    </p>
   </div>
   <div class='ocr_carea' id='block_1_90' title="bbox 1922 3011 3535 3082">
    <p class='ocr_par' dir='ltr' id='par_1_90' title="bbox 1922 3011 3535 3082">
     <span class='ocr_line' id='line_1_90' title="bbox 1922 3011 3535 3082; baseline -0.001 -17"><span class='ocrx_word' id='word_1_673' title='bbox 1922 3012 2066 3080; x_wconf 87' lang='lat' dir='ltr'><strong>dico,</strong></span> <span class='ocrx_word' id='word_1_674' title='bbox 2093 3011 2425 3082; x_wconf 78' lang='lat' dir='ltr'><strong>paupertas?</strong></span> <span class='ocrx_word' id='word_1_675' title='bbox 2455 3011 2678 3065; x_wconf 85' lang='lat' dir='ltr'><strong>Etiamsi</strong></span> <span class='ocrx_word' id='word_1_676' title='bbox 2709 3012 2888 3065; x_wconf 88' lang='lat' dir='ltr'><strong>omnia</strong></span> <span class='ocrx_word' id='word_1_677' title='bbox 2918 3011 3390 3081; x_wconf 89' lang='lat' dir='ltr'><strong>conglomerentur</strong></span> <span class='ocrx_word' id='word_1_678' title='bbox 3416 3025 3535 3078; x_wconf 71' lang='lat' dir='ltr'><strong>quae</strong></span> 
     </span>
    </p>
   </div>
   <div class='ocr_carea' id='block_1_91' title="bbox 1924 3101 3535 3172">
    <p class='ocr_par' dir='ltr' id='par_1_91' title="bbox 1924 3101 3535 3172">
     <span class='ocr_line' id='line_1_91' title="bbox 1924 3101 3535 3172; baseline -0.004 -13"><span class='ocrx_word' id='word_1_679' title='bbox 1924 3114 2050 3159; x_wconf 91' lang='lat' dir='ltr'><strong>sunt</strong></span> <span class='ocrx_word' id='word_1_680' title='bbox 2094 3107 2234 3159; x_wconf 90' lang='lat' dir='ltr'><strong>inter</strong></span> <span class='ocrx_word' id='word_1_681' title='bbox 2260 3103 2506 3159; x_wconf 90' lang='lat' dir='ltr'><strong>homines</strong></span> <span class='ocrx_word' id='word_1_682' title='bbox 2550 3104 2717 3171; x_wconf 87' lang='lat' dir='ltr'><strong>mala,</strong></span> <span class='ocrx_word' id='word_1_683' title='bbox 2743 3118 3032 3172; x_wconf 91' lang='lat' dir='ltr'><strong>numquam</strong></span> <span class='ocrx_word' id='word_1_684' title='bbox 3078 3102 3370 3171; x_wconf 89' lang='lat' dir='ltr'><strong>percellent</strong></span> <span class='ocrx_word' id='word_1_685' title='bbox 3415 3101 3535 3154; x_wconf 76' lang='lat' dir='ltr'><strong>ani-</strong></span> 
     </span>
    </p>
   </div>
   <div class='ocr_carea' id='block_1_92' title="bbox 1923 3191 3528 3263">
    <p class='ocr_par' dir='ltr' id='par_1_92' title="bbox 1923 3191 3528 3263">
     <span class='ocr_line' id='line_1_92' title="bbox 1923 3191 3528 3263; baseline -0.003 -13"><span class='ocrx_word' id='word_1_686' title='bbox 1923 3213 2069 3250; x_wconf 91' lang='lat' dir='ltr'><strong>mum</strong></span> <span class='ocrx_word' id='word_1_687' title='bbox 2101 3195 2333 3250; x_wconf 89' lang='lat' dir='ltr'><strong>hominis</strong></span> <span class='ocrx_word' id='word_1_688' title='bbox 2361 3195 2530 3250; x_wconf 92' lang='lat' dir='ltr'><strong>Deum</strong></span> <span class='ocrx_word' id='word_1_689' title='bbox 2560 3194 2792 3249; x_wconf 89' lang='lat' dir='ltr'><strong>amantis</strong></span> <span class='ocrx_word' id='word_1_690' title='bbox 2813 3235 2828 3260; x_wconf 91' lang='lat'><strong>,</strong></span> <span class='ocrx_word' id='word_1_691' title='bbox 2858 3193 3239 3263; x_wconf 69' lang='lat' dir='ltr'><strong>sapietttimque</strong></span> <span class='ocrx_word' id='word_1_692' title='bbox 3266 3191 3490 3246; x_wconf 88' lang='lat' dir='ltr'><strong>studiosi</strong></span> <span class='ocrx_word' id='word_1_693' title='bbox 3513 3233 3528 3256; x_wconf 87' lang='lat'><strong>,</strong></span> 
     </span>
    </p>
   </div>
   <div class='ocr_carea' id='block_1_93' title="bbox 1921 3280 3533 3357">
    <p class='ocr_par' dir='ltr' id='par_1_93' title="bbox 1921 3280 3533 3357">
     <span class='ocr_line' id='line_1_93' title="bbox 1921 3280 3533 3357; baseline -0.003 -17"><span class='ocrx_word' id='word_1_694' title='bbox 1921 3301 2093 3357; x_wconf 90' lang='lat' dir='ltr'><strong>neque</strong></span> <span class='ocrx_word' id='word_1_695' title='bbox 2124 3284 2546 3356; x_wconf 87' lang='lat' dir='ltr'><strong>persuadebunt,</strong></span> <span class='ocrx_word' id='word_1_696' title='bbox 2579 3294 2636 3338; x_wconf 79' lang='lat' dir='ltr'><strong>nt</strong></span> <span class='ocrx_word' id='word_1_697' title='bbox 2667 3300 2696 3339; x_wconf 91' lang='lat' dir='ltr'><strong>a</strong></span> <span class='ocrx_word' id='word_1_698' title='bbox 2722 3285 2918 3338; x_wconf 88' lang='lat' dir='ltr'><strong>virtute</strong></span> <span class='ocrx_word' id='word_1_699' title='bbox 2948 3281 3183 3337; x_wconf 87' lang='lat' dir='ltr'><strong>discedat</strong></span> <span class='ocrx_word' id='word_1_700' title='bbox 3210 3298 3223 3335; x_wconf 91' lang='lat'><strong>:</strong></span> <span class='ocrx_word' id='word_1_701' title='bbox 3258 3291 3311 3336; x_wconf 90' lang='lat' dir='ltr'><strong>ct</strong></span> <span class='ocrx_word' id='word_1_702' title='bbox 3338 3280 3533 3336; x_wconf 89' lang='lat' dir='ltr'><strong>horum</strong></span> 
     </span>
    </p>
   </div>
   <div class='ocr_carea' id='block_1_94' title="bbox 1921 3373 3534 3444">
    <p class='ocr_par' dir='ltr' id='par_1_94' title="bbox 1921 3373 3534 3444">
     <span class='ocr_line' id='line_1_94' title="bbox 1921 3373 3534 3444; baseline -0.002 -12"><span class='ocrx_word' id='word_1_703' title='bbox 1921 3379 2072 3434; x_wconf 86' lang='lat' dir='ltr'><strong>testis</strong></span> <span class='ocrx_word' id='word_1_704' title='bbox 2097 3386 2181 3434; x_wconf 90' lang='lat' dir='ltr'><strong>est</strong></span> <span class='ocrx_word' id='word_1_705' title='bbox 2207 3377 2463 3432; x_wconf 85' lang='lat' dir='ltr'><strong>Lazarus.</strong></span> <span class='ocrx_word' id='word_1_706' title='bbox 2495 3375 2961 3444; x_wconf 86' lang='lat' dir='ltr'><strong>Quemadmodum</strong></span> <span class='ocrx_word' id='word_1_707' title='bbox 3009 3389 3040 3428; x_wconf 91' lang='lat' dir='ltr'><strong>e</strong></span> <span class='ocrx_word' id='word_1_708' title='bbox 3065 3373 3279 3428; x_wconf 85' lang='lat' dir='ltr'><strong>diverso</strong></span> <span class='ocrx_word' id='word_1_709' title='bbox 3312 3373 3534 3428; x_wconf 86' lang='lat' dir='ltr'><strong>mollem</strong></span> 
     </span>
    </p>
   </div>
   <div class='ocr_carea' id='block_1_95' title="bbox 1917 3465 3532 3532">
    <p class='ocr_par' dir='ltr' id='par_1_95' title="bbox 1917 3465 3532 3532">
     <span class='ocr_line' id='line_1_95' title="bbox 1917 3465 3532 3532; baseline -0.004 -7"><span class='ocrx_word' id='word_1_710' title='bbox 1917 3486 1981 3526; x_wconf 89' lang='lat' dir='ltr'><strong>ac</strong></span> <span class='ocrx_word' id='word_1_711' title='bbox 2009 3469 2327 3524; x_wconf 91' lang='lat' dir='ltr'><strong>dissolutum</strong></span> <span class='ocrx_word' id='word_1_712' title='bbox 2358 3483 2464 3521; x_wconf 93' lang='lat' dir='ltr'><strong>non</strong></span> <span class='ocrx_word' id='word_1_713' title='bbox 2502 3467 2858 3532; x_wconf 61' lang='lat' dir='ltr'><strong>divitize,&#39;non</strong></span> <span class='ocrx_word' id='word_1_714' title='bbox 2884 3465 3106 3531; x_wconf 89' lang='lat' dir='ltr'><strong>sanitas,</strong></span> <span class='ocrx_word' id='word_1_715' title='bbox 3139 3479 3244 3517; x_wconf 92' lang='lat' dir='ltr'><strong>non</strong></span> <span class='ocrx_word' id='word_1_716' title='bbox 3273 3472 3532 3532; x_wconf 84' lang='lat' dir='ltr'><strong>perpetua</strong></span> 
     </span>
    </p>
   </div>
   <div class='ocr_carea' id='block_1_96' title="bbox 1918 3555 3534 3632">
    <p class='ocr_par' dir='ltr' id='par_1_96' title="bbox 1918 3555 3534 3632">
     <span class='ocr_line' id='line_1_96' title="bbox 1918 3555 3534 3632; baseline -0.004 -15"><span class='ocrx_word' id='word_1_717' title='bbox 1918 3560 2247 3632; x_wconf 86' lang='lat' dir='ltr'><strong>prosperitas</strong></span> <span class='ocrx_word' id='word_1_718' title='bbox 2267 3603 2282 3628; x_wconf 90' lang='lat'><strong>,</strong></span> <span class='ocrx_word' id='word_1_719' title='bbox 2315 3577 2420 3614; x_wconf 92' lang='lat' dir='ltr'><strong>non</strong></span> <span class='ocrx_word' id='word_1_720' title='bbox 2452 3559 2594 3614; x_wconf 91' lang='lat' dir='ltr'><strong>aliud</strong></span> <span class='ocrx_word' id='word_1_721' title='bbox 2625 3557 2894 3629; x_wconf 86' lang='lat' dir='ltr'><strong>quidpiam</strong></span> <span class='ocrx_word' id='word_1_722' title='bbox 2933 3572 3184 3626; x_wconf 89' lang='lat' dir='ltr'><strong>umquam</strong></span> <span class='ocrx_word' id='word_1_723' title='bbox 3211 3555 3398 3626; x_wconf 88' lang='lat' dir='ltr'><strong>juvare</strong></span> <span class='ocrx_word' id='word_1_724' title='bbox 3434 3569 3534 3626; x_wconf 84' lang='lat' dir='ltr'><strong>po-</strong></span> 
     </span>
    </p>
   </div>
   <div class='ocr_carea' id='block_1_97' title="bbox 1919 3655 2063 3709">
    <p class='ocr_par' dir='ltr' id='par_1_97' title="bbox 1919 3655 2063 3709">
     <span class='ocr_line' id='line_1_97' title="bbox 1919 3655 2063 3709; baseline -0.014 0"><span class='ocrx_word' id='word_1_725' title='bbox 1919 3655 2063 3709; x_wconf 91' lang='lat' dir='ltr'><strong>terit.</strong></span> 
     </span>
    </p>
   </div>
   <div class='ocr_carea' id='block_1_98' title="bbox 1988 3738 3536 3815">
    <p class='ocr_par' dir='ltr' id='par_1_98' title="bbox 1988 3738 3536 3815">
     <span class='ocr_line' id='line_1_98' title="bbox 1988 3738 3536 3815; baseline -0.005 -15"><span class='ocrx_word' id='word_1_726' title='bbox 1988 3746 2042 3800; x_wconf 90' lang='lat'><strong>8.</strong></span> <span class='ocrx_word' id='word_1_727' title='bbox 2082 3744 2162 3800; x_wconf 88' lang='lat' dir='ltr'><strong>Ne</strong></span> <span class='ocrx_word' id='word_1_728' title='bbox 2191 3745 2352 3815; x_wconf 88' lang='lat' dir='ltr'><strong>igitur</strong></span> <span class='ocrx_word' id='word_1_729' title='bbox 2396 3742 2636 3797; x_wconf 89' lang='lat' dir='ltr'><strong>dicamus</strong></span> <span class='ocrx_word' id='word_1_730' title='bbox 2680 3738 2822 3810; x_wconf 91' lang='lat' dir='ltr'><strong>quod</strong></span> <span class='ocrx_word' id='word_1_731' title='bbox 2855 3745 3139 3809; x_wconf 87' lang='lat' dir='ltr'><strong>paupertas</strong></span> <span class='ocrx_word' id='word_1_732' title='bbox 3162 3779 3176 3802; x_wconf 97' lang='lat'><strong>,</strong></span> <span class='ocrx_word' id='word_1_733' title='bbox 3224 3738 3444 3792; x_wconf 89' lang='lat' dir='ltr'><strong>morbus</strong></span> <span class='ocrx_word' id='word_1_734' title='bbox 3479 3745 3536 3792; x_wconf 71' lang='lat' dir='ltr'><strong>et</strong></span> 
     </span>
    </p>
   </div>
   <div class='ocr_carea' id='block_1_99' title="bbox 1919 3827 3537 3905">
    <p class='ocr_par' dir='ltr' id='par_1_99' title="bbox 1919 3827 3537 3905">
     <span class='ocr_line' id='line_1_99' title="bbox 1919 3827 3537 3905; baseline -0.004 -14"><span class='ocrx_word' id='word_1_735' title='bbox 1919 3835 2274 3905; x_wconf 80' lang='lat' dir='ltr'><strong>periculorum</strong></span> <span class='ocrx_word' id='word_1_736' title='bbox 2301 3833 2528 3888; x_wconf 92' lang='lat' dir='ltr'><strong>insultus</strong></span> <span class='ocrx_word' id='word_1_737' title='bbox 2548 3831 2874 3901; x_wconf 88' lang='lat' dir='ltr'><strong>compellant</strong></span> <span class='ocrx_word' id='word_1_738' title='bbox 2895 3829 2961 3884; x_wconf 92' lang='lat' dir='ltr'><strong>ad</strong></span> <span class='ocrx_word' id='word_1_739' title='bbox 2984 3828 3390 3897; x_wconf 81' lang='lat' dir='ltr'><strong>blasphemiam.</strong></span> <span class='ocrx_word' id='word_1_740' title='bbox 3415 3827 3537 3884; x_wconf 88' lang='lat' dir='ltr'><strong>Non</strong></span> 
     </span>
    </p>
   </div>
   <div class='ocr_carea' id='block_1_100' title="bbox 1918 3919 3517 3996">
    <p class='ocr_par' dir='ltr' id='par_1_100' title="bbox 1918 3919 3517 3996">
     <span class='ocr_line' id='line_1_100' title="bbox 1918 3919 3517 3996; baseline -0.004 -16"><span class='ocrx_word' id='word_1_741' title='bbox 1918 3935 2218 3996; x_wconf 89' lang='lat' dir='ltr'><strong>paupertas,</strong></span> <span class='ocrx_word' id='word_1_742' title='bbox 2239 3924 2334 3979; x_wconf 90' lang='lat' dir='ltr'><strong>sed</strong></span> <span class='ocrx_word' id='word_1_743' title='bbox 2360 3923 2606 3986; x_wconf 83' lang='lat' dir='ltr'><strong>stultitia,</strong></span> <span class='ocrx_word' id='word_1_744' title='bbox 2633 3937 2739 3976; x_wconf 91' lang='lat' dir='ltr'><strong>non</strong></span> <span class='ocrx_word' id='word_1_745' title='bbox 2767 3921 3008 3985; x_wconf 89' lang='lat' dir='ltr'><strong>morbus,</strong></span> <span class='ocrx_word' id='word_1_746' title='bbox 3029 3919 3123 3973; x_wconf 92' lang='lat' dir='ltr'><strong>sed</strong></span> <span class='ocrx_word' id='word_1_747' title='bbox 3155 3928 3517 3988; x_wconf 84' lang='lat' dir='ltr'><strong>contemptus.</strong></span> 
     </span>
    </p>
   </div>
   <div class='ocr_carea' id='block_1_101' title="bbox 1916 4008 3534 4087">
    <p class='ocr_par' dir='ltr' id='par_1_101' title="bbox 1916 4008 3534 4087">
     <span class='ocr_line' id='line_1_101' title="bbox 1916 4008 3534 4087; baseline -0.005 -15"><span class='ocrx_word' id='word_1_748' title='bbox 1916 4035 2023 4072; x_wconf 93' lang='lat' dir='ltr'><strong>non</strong></span> <span class='ocrx_word' id='word_1_749' title='bbox 2051 4015 2414 4087; x_wconf 89' lang='lat' dir='ltr'><strong>periculorum</strong></span> <span class='ocrx_word' id='word_1_750' title='bbox 2441 4013 2699 4078; x_wconf 80' lang='lat' dir='ltr'><strong>insultas,</strong></span> <span class='ocrx_word' id='word_1_751' title='bbox 2726 4011 2821 4068; x_wconf 88' lang='lat' dir='ltr'><strong>sed</strong></span> <span class='ocrx_word' id='word_1_752' title='bbox 2850 4011 3061 4080; x_wconf 90' lang='lat' dir='ltr'><strong>pietatis</strong></span> <span class='ocrx_word' id='word_1_753' title='bbox 3081 4008 3317 4064; x_wconf 91' lang='lat' dir='ltr'><strong>desertio</strong></span> <span class='ocrx_word' id='word_1_754' title='bbox 3335 4051 3350 4076; x_wconf 87' lang='lat'><strong>,</strong></span> <span class='ocrx_word' id='word_1_755' title='bbox 3383 4015 3441 4063; x_wconf 87' lang='lat' dir='ltr'><strong>ut</strong></span> <span class='ocrx_word' id='word_1_756' title='bbox 3464 4009 3534 4064; x_wconf 92' lang='lat' dir='ltr'><strong>ad</strong></span> 
     </span>
    </p>
   </div>
   <div class='ocr_carea' id='block_1_102' title="bbox 1916 4092 3533 4181">
    <p class='ocr_par' dir='ltr' id='par_1_102' title="bbox 1916 4092 3533 4181">
     <span class='ocr_line' id='line_1_102' title="bbox 1916 4092 3533 4181; baseline -0.007 -16"><span class='ocrx_word' id='word_1_757' title='bbox 1916 4109 2326 4181; x_wconf 89' lang='lat' dir='ltr'><strong>blasphemiam,</strong></span> <span class='ocrx_word' id='word_1_758' title='bbox 2360 4108 2432 4162; x_wconf 89' lang='lat' dir='ltr'><strong>ita</strong></span> <span class='ocrx_word' id='word_1_759' title='bbox 2457 4106 2524 4161; x_wconf 88' lang='lat' dir='ltr'><strong>ad</strong></span> <span class='ocrx_word' id='word_1_760' title='bbox 2553 4121 2714 4161; x_wconf 91' lang='lat' dir='ltr'><strong>omne</strong></span> <span class='ocrx_word' id='word_1_761' title='bbox 2739 4092 2956 4159; x_wconf 68' lang='lat' dir='ltr'><strong>malitiae</strong></span> <span class='ocrx_word' id='word_1_762' title='bbox 2984 4117 3153 4173; x_wconf 90' lang='lat' dir='ltr'><strong>genus</strong></span> <span class='ocrx_word' id='word_1_763' title='bbox 3181 4101 3398 4156; x_wconf 81' lang='lat' dir='ltr'><strong>adducit</strong></span> <span class='ocrx_word' id='word_1_764' title='bbox 3426 4101 3533 4155; x_wconf 79' lang='lat' dir='ltr'><strong>mi.</strong></span> 
     </span>
    </p>
   </div>
   <div class='ocr_carea' id='block_1_103' title="bbox 1916 4209 2302 4260">
    <p class='ocr_par' dir='ltr' id='par_1_103' title="bbox 1916 4209 2302 4260">
     <span class='ocr_line' id='line_1_103' title="bbox 1916 4209 2302 4260; baseline -0.013 1"><span class='ocrx_word' id='word_1_765' title='bbox 1916 4220 2019 4260; x_wconf 88' lang='lat' dir='ltr'><strong>nus</strong></span> <span class='ocrx_word' id='word_1_766' title='bbox 2046 4209 2302 4258; x_wconf 86' lang='lat' dir='ltr'><strong>attentos.</strong></span> 
     </span>
    </p>
   </div>
   <div class='ocr_carea' id='block_1_104' title="bbox 1995 4285 3534 4362">
    <p class='ocr_par' dir='ltr' id='par_1_104' title="bbox 1995 4285 3534 4362">
     <span class='ocr_line' id='line_1_104' title="bbox 1995 4285 3534 4362; baseline -0.006 -12"><span class='ocrx_word' id='word_1_767' title='bbox 1995 4295 2100 4350; x_wconf 85' lang='lat' dir='ltr'><strong>Cur</strong></span> <span class='ocrx_word' id='word_1_768' title='bbox 2147 4310 2250 4349; x_wconf 86' lang='lat' dir='ltr'><strong>non</strong></span> <span class='ocrx_word' id='word_1_769' title='bbox 2298 4309 2471 4348; x_wconf 79' lang='lat' dir='ltr'><strong>omnes</strong></span> <span class='ocrx_word' id='word_1_770' title='bbox 2513 4293 2596 4346; x_wconf 87' lang='lat' dir='ltr'><strong>hic</strong></span> <span class='ocrx_word' id='word_1_771' title='bbox 2641 4291 2785 4362; x_wconf 81' lang='lat' dir='ltr'><strong>punit</strong></span> <span class='ocrx_word' id='word_1_772' title='bbox 2826 4289 3080 4344; x_wconf 77' lang='lat' dir='ltr'><strong>Deus.—</strong></span> <span class='ocrx_word' id='word_1_773' title='bbox 3113 4286 3220 4342; x_wconf 88' lang='lat' dir='ltr'><strong>Sed</strong></span> <span class='ocrx_word' id='word_1_774' title='bbox 3257 4300 3416 4355; x_wconf 82' lang='lat' dir='ltr'><strong>quam</strong></span> <span class='ocrx_word' id='word_1_775' title='bbox 3463 4285 3534 4340; x_wconf 90' lang='lat' dir='ltr'><strong>ob</strong></span> 
     </span>
    </p>
   </div>
   <div class='ocr_carea' id='block_1_105' title="bbox 1914 4377 3531 4454">
    <p class='ocr_par' dir='ltr' id='par_1_105' title="bbox 1914 4377 3531 4454">
     <span class='ocr_line' id='line_1_105' title="bbox 1914 4377 3531 4454; baseline -0.009 -11"><span class='ocrx_word' id='word_1_776' title='bbox 1914 4402 2131 4442; x_wconf 83' lang='lat' dir='ltr'><strong>causam</strong></span> <span class='ocrx_word' id='word_1_777' title='bbox 2155 4427 2171 4453; x_wconf 94' lang='lat'><strong>,</strong></span> <span class='ocrx_word' id='word_1_778' title='bbox 2204 4384 2409 4454; x_wconf 88' lang='lat' dir='ltr'><strong>inquiet</strong></span> <span class='ocrx_word' id='word_1_779' title='bbox 2434 4383 2624 4453; x_wconf 87' lang='lat' dir='ltr'><strong>aliquis</strong></span> <span class='ocrx_word' id='word_1_780' title='bbox 2645 4424 2661 4450; x_wconf 94' lang='lat'><strong>,</strong></span> <span class='ocrx_word' id='word_1_781' title='bbox 2691 4381 2782 4436; x_wconf 91' lang='lat' dir='ltr'><strong>alii</strong></span> <span class='ocrx_word' id='word_1_782' title='bbox 2811 4379 3030 4450; x_wconf 89' lang='lat' dir='ltr'><strong>quidem</strong></span> <span class='ocrx_word' id='word_1_783' title='bbox 3071 4379 3156 4431; x_wconf 86' lang='lat' dir='ltr'><strong>hic</strong></span> <span class='ocrx_word' id='word_1_784' title='bbox 3201 4377 3492 4447; x_wconf 87' lang='lat' dir='ltr'><strong>puniuntur</strong></span> <span class='ocrx_word' id='word_1_785' title='bbox 3513 4417 3531 4443; x_wconf 94' lang='lat'><strong>,</strong></span> 
     </span>
    </p>
   </div>
   <div class='ocr_carea' id='block_1_106' title="bbox 1916 4465 3535 4543">
    <p class='ocr_par' dir='ltr' id='par_1_106' title="bbox 1916 4465 3535 4543">
     <span class='ocr_line' id='line_1_106' title="bbox 1916 4465 3535 4543; baseline -0.007 -10"><span class='ocrx_word' id='word_1_786' title='bbox 1916 4478 2007 4532; x_wconf 89' lang='lat' dir='ltr'><strong>alii</strong></span> <span class='ocrx_word' id='word_1_787' title='bbox 2054 4493 2185 4532; x_wconf 92' lang='lat' dir='ltr'><strong>vero</strong></span> <span class='ocrx_word' id='word_1_788' title='bbox 2225 4476 2356 4540; x_wconf 91' lang='lat' dir='ltr'><strong>illic,</strong></span> <span class='ocrx_word' id='word_1_789' title='bbox 2400 4490 2465 4530; x_wconf 86' lang='lat' dir='ltr'><strong>ac</strong></span> <span class='ocrx_word' id='word_1_790' title='bbox 2491 4489 2598 4528; x_wconf 93' lang='lat' dir='ltr'><strong>non</strong></span> <span class='ocrx_word' id='word_1_791' title='bbox 2643 4473 2822 4543; x_wconf 89' lang='lat' dir='ltr'><strong>potius</strong></span> <span class='ocrx_word' id='word_1_792' title='bbox 2865 4484 3053 4526; x_wconf 86' lang='lat' dir='ltr'><strong>omnes</strong></span> <span class='ocrx_word' id='word_1_793' title='bbox 3100 4468 3226 4534; x_wconf 71' lang='lat' dir='ltr'><strong>hic?</strong></span> <span class='ocrx_word' id='word_1_794' title='bbox 3264 4468 3434 4536; x_wconf 82' lang='lat' dir='ltr'><strong>Quam</strong></span> <span class='ocrx_word' id='word_1_795' title='bbox 3464 4465 3535 4522; x_wconf 89' lang='lat' dir='ltr'><strong>ob</strong></span> 
     </span>
    </p>
   </div>
   <div class='ocr_carea' id='block_1_107' title="bbox 1915 4557 3528 4635">
    <p class='ocr_par' dir='ltr' id='par_1_107' title="bbox 1915 4557 3528 4635">
     <span class='ocr_line' id='line_1_107' title="bbox 1915 4557 3528 4635; baseline -0.009 -12"><span class='ocrx_word' id='word_1_796' title='bbox 1915 4583 2134 4624; x_wconf 90' lang='lat' dir='ltr'><strong>causam</strong></span> <span class='ocrx_word' id='word_1_797' title='bbox 2157 4568 2182 4622; x_wconf 83' lang='lat'><strong>?</strong></span> <span class='ocrx_word' id='word_1_798' title='bbox 2206 4567 2469 4635; x_wconf 88' lang='lat' dir='ltr'><strong>Quoniam</strong></span> <span class='ocrx_word' id='word_1_799' title='bbox 2500 4566 2546 4619; x_wconf 89' lang='lat' dir='ltr'><strong>si</strong></span> <span class='ocrx_word' id='word_1_800' title='bbox 2575 4564 2680 4618; x_wconf 88' lang='lat' dir='ltr'><strong>hoc</strong></span> <span class='ocrx_word' id='word_1_801' title='bbox 2705 4571 2876 4628; x_wconf 90' lang='lat' dir='ltr'><strong>esset,</strong></span> <span class='ocrx_word' id='word_1_802' title='bbox 2905 4574 3095 4615; x_wconf 93' lang='lat' dir='ltr'><strong>omnes</strong></span> <span class='ocrx_word' id='word_1_803' title='bbox 3126 4559 3309 4628; x_wconf 89' lang='lat' dir='ltr'><strong>utique</strong></span> <span class='ocrx_word' id='word_1_804' title='bbox 3333 4557 3528 4627; x_wconf 86' lang='lat' dir='ltr'><strong>periis-</strong></span> 
     </span>
    </p>
   </div>
   <div class='ocr_carea' id='block_1_108' title="bbox 1915 4651 3534 4730">
    <p class='ocr_par' dir='ltr' id='par_1_108' title="bbox 1915 4651 3534 4730">
     <span class='ocr_line' id='line_1_108' title="bbox 1915 4651 3534 4730; baseline -0.009 -12"><span class='ocrx_word' id='word_1_805' title='bbox 1915 4676 2129 4718; x_wconf 84' lang='lat' dir='ltr'><strong>scmus:</strong></span> <span class='ocrx_word' id='word_1_806' title='bbox 2155 4674 2345 4714; x_wconf 86' lang='lat' dir='ltr'><strong>omnes</strong></span> <span class='ocrx_word' id='word_1_807' title='bbox 2370 4659 2513 4713; x_wconf 88' lang='lat' dir='ltr'><strong>enim</strong></span> <span class='ocrx_word' id='word_1_808' title='bbox 2541 4662 2731 4730; x_wconf 75' lang='lat' dir='ltr'><strong>sumus</strong></span> <span class='ocrx_word' id='word_1_809' title='bbox 2751 4655 2970 4711; x_wconf 84' lang='lat' dir='ltr'><strong>obnoxii</strong></span> <span class='ocrx_word' id='word_1_810' title='bbox 3002 4653 3196 4723; x_wconf 83' lang='lat' dir='ltr'><strong>pmnis.</strong></span> <span class='ocrx_word' id='word_1_811' title='bbox 3219 4651 3453 4706; x_wconf 82' lang='lat' dir='ltr'><strong>Rursum</strong></span> <span class='ocrx_word' id='word_1_812' title='bbox 3486 4651 3534 4705; x_wconf 91' lang='lat' dir='ltr'><strong>si</strong></span> 
     </span>
    </p>
   </div>
   <div class='ocr_carea' id='block_1_109' title="bbox 1917 4742 3534 4822">
    <p class='ocr_par' dir='ltr' id='par_1_109' title="bbox 1917 4742 3534 4822">
     <span class='ocr_line' id='line_1_109' title="bbox 1917 4742 3534 4822; baseline -0.007 -16"><span class='ocrx_word' id='word_1_813' title='bbox 1917 4753 2094 4807; x_wconf 87' lang='lat' dir='ltr'><strong>nullus</strong></span> <span class='ocrx_word' id='word_1_814' title='bbox 2122 4752 2211 4807; x_wconf 90' lang='lat' dir='ltr'><strong>hic</strong></span> <span class='ocrx_word' id='word_1_815' title='bbox 2230 4751 2534 4822; x_wconf 90' lang='lat' dir='ltr'><strong>puniretur,</strong></span> <span class='ocrx_word' id='word_1_816' title='bbox 2564 4749 2747 4820; x_wconf 78' lang='lat' dir='ltr'><strong>plures</strong></span> <span class='ocrx_word' id='word_1_817' title='bbox 2771 4746 3127 4802; x_wconf 88' lang='lat' dir='ltr'><strong>redderentur</strong></span> <span class='ocrx_word' id='word_1_818' title='bbox 3155 4742 3534 4809; x_wconf 85' lang='lat' dir='ltr'><strong>socordiorcs,</strong></span> 
     </span>
    </p>
   </div>
   <div class='ocr_carea' id='block_1_110' title="bbox 1916 4826 3532 4916">
    <p class='ocr_par' dir='ltr' id='par_1_110' title="bbox 1916 4826 3532 4916">
     <span class='ocr_line' id='line_1_110' title="bbox 1916 4826 3532 4916; baseline -0.009 -14"><span class='ocrx_word' id='word_1_819' title='bbox 1916 4846 2176 4916; x_wconf 89' lang='lat' dir='ltr'><strong>multique</strong></span> <span class='ocrx_word' id='word_1_820' title='bbox 2189 4828 2553 4901; x_wconf 89' lang='lat' dir='ltr'><strong>dicerentnon</strong></span> <span class='ocrx_word' id='word_1_821' title='bbox 2565 4856 2687 4898; x_wconf 90' lang='lat' dir='ltr'><strong>esse</strong></span> <span class='ocrx_word' id='word_1_822' title='bbox 2699 4826 3328 4911; x_wconf 88' lang='lat' dir='ltr'><strong>providentiam.Etenim</strong></span> <span class='ocrx_word' id='word_1_823' title='bbox 3347 4835 3390 4888; x_wconf 92' lang='lat' dir='ltr'><strong>si</strong></span> <span class='ocrx_word' id='word_1_824' title='bbox 3408 4849 3532 4889; x_wconf 85' lang='lat' dir='ltr'><strong>cum</strong></span> 
     </span>
    </p>
   </div>
   <div class='ocr_carea' id='block_1_111' title="bbox 1917 4927 3534 5004">
    <p class='ocr_par' dir='ltr' id='par_1_111' title="bbox 1917 4927 3534 5004">
     <span class='ocr_line' id='line_1_111' title="bbox 1917 4927 3534 5004; baseline -0.008 -9"><span class='ocrx_word' id='word_1_825' title='bbox 1917 4937 2295 4995; x_wconf 84' lang='lat' dir='ltr'><strong>nunc&#39;videant</strong></span> <span class='ocrx_word' id='word_1_826' title='bbox 2316 4935 2518 4991; x_wconf 88' lang='lat' dir='ltr'><strong>multos</strong></span> <span class='ocrx_word' id='word_1_827' title='bbox 2536 4933 2813 5004; x_wconf 83' lang='lat' dir='ltr'><strong>improbos</strong></span> <span class='ocrx_word' id='word_1_828' title='bbox 2836 4931 3030 5002; x_wconf 86' lang='lat' dir='ltr'><strong>puniri,</strong></span> <span class='ocrx_word' id='word_1_829' title='bbox 3053 4929 3249 4982; x_wconf 91' lang='lat' dir='ltr'><strong>multas</strong></span> <span class='ocrx_word' id='word_1_830' title='bbox 3269 4927 3534 4996; x_wconf 90' lang='lat' dir='ltr'><strong>ejusmodi</strong></span> 
     </span>
    </p>
   </div>
   <div class='ocr_carea' id='block_1_112' title="bbox 1916 5017 3527 5100">
    <p class='ocr_par' dir='ltr' id='par_1_112' title="bbox 1916 5017 3527 5100">
     <span class='ocr_line' id='line_1_112' title="bbox 1916 5017 3527 5100; baseline -0.009 -14"><span class='ocrx_word' id='word_1_831' title='bbox 1916 5017 2281 5100; x_wconf 75' lang='lat' dir='ltr'><strong>blasphemias</strong></span> <span class='ocrx_word' id='word_1_832' title='bbox 2309 5034 2566 5083; x_wconf 90' lang='lat' dir='ltr'><strong>evomunt</strong></span> <span class='ocrx_word' id='word_1_833' title='bbox 2590 5043 2603 5078; x_wconf 90' lang='lat'><strong>:</strong></span> <span class='ocrx_word' id='word_1_834' title='bbox 2631 5025 2676 5080; x_wconf 94' lang='lat' dir='ltr'><strong>si</strong></span> <span class='ocrx_word' id='word_1_835' title='bbox 2704 5040 2774 5079; x_wconf 90' lang='lat' dir='ltr'><strong>ne</strong></span> <span class='ocrx_word' id='word_1_836' title='bbox 2802 5023 2907 5078; x_wconf 89' lang='lat' dir='ltr'><strong>hoc</strong></span> <span class='ocrx_word' id='word_1_837' title='bbox 2936 5020 3151 5092; x_wconf 88' lang='lat' dir='ltr'><strong>quidem</strong></span> <span class='ocrx_word' id='word_1_838' title='bbox 3182 5026 3350 5084; x_wconf 87' lang='lat' dir='ltr'><strong>esset,</strong></span> <span class='ocrx_word' id='word_1_839' title='bbox 3374 5019 3527 5089; x_wconf 42' lang='lat' dir='ltr'><strong>quid:</strong></span> 
     </span>
    </p>
   </div>
   <div class='ocr_carea' id='block_1_113' title="bbox 1921 5115 3518 5197">
    <p class='ocr_par' dir='ltr' id='par_1_113' title="bbox 1921 5115 3518 5197">
     <span class='ocr_line' id='line_1_113' title="bbox 1921 5115 3518 5197; baseline -0.01 -18"><span class='ocrx_word' id='word_1_840' title='bbox 1921 5139 2046 5179; x_wconf 93' lang='lat' dir='ltr'><strong>nam</strong></span> <span class='ocrx_word' id='word_1_841' title='bbox 2086 5121 2373 5178; x_wconf 75' lang='lat' dir='ltr'><strong>dicerent?</strong></span> <span class='ocrx_word' id='word_1_842' title='bbox 2402 5120 2472 5197; x_wconf 86' lang='lat' dir='ltr'><strong>ad</strong></span> <span class='ocrx_word' id='word_1_843' title='bbox 2498 5118 2642 5190; x_wconf 92' lang='lat' dir='ltr'><strong>quod</strong></span> <span class='ocrx_word' id='word_1_844' title='bbox 2685 5115 2905 5171; x_wconf 70' lang='lat' dir='ltr'><strong>malitia:</strong></span> <span class='ocrx_word' id='word_1_845' title='bbox 2935 5128 3103 5186; x_wconf 89' lang='lat' dir='ltr'><strong>genus</strong></span> <span class='ocrx_word' id='word_1_846' title='bbox 3133 5128 3240 5167; x_wconf 92' lang='lat' dir='ltr'><strong>non</strong></span> <span class='ocrx_word' id='word_1_847' title='bbox 3267 5126 3518 5181; x_wconf 83' lang='lat' dir='ltr'><strong>raperen-</strong></span> 
     </span>
    </p>
   </div>
   <div class='ocr_carea' id='block_1_114' title="bbox 1921 5203 3531 5280">
    <p class='ocr_par' dir='ltr' id='par_1_114' title="bbox 1921 5203 3531 5280">
     <span class='ocr_line' id='line_1_114' title="bbox 1921 5203 3531 5280; baseline -0.009 -7"><span class='ocrx_word' id='word_1_848' title='bbox 1921 5218 2048 5274; x_wconf 82' lang='lat' dir='ltr'><strong>tur?</strong></span> <span class='ocrx_word' id='word_1_849' title='bbox 2075 5217 2184 5272; x_wconf 77' lang='lat' dir='ltr'><strong>Has</strong></span> <span class='ocrx_word' id='word_1_850' title='bbox 2207 5216 2280 5271; x_wconf 86' lang='lat' dir='ltr'><strong>ob</strong></span> <span class='ocrx_word' id='word_1_851' title='bbox 2317 5230 2406 5271; x_wconf 87' lang='lat' dir='ltr'><strong>res</strong></span> <span class='ocrx_word' id='word_1_852' title='bbox 2437 5215 2580 5269; x_wconf 90' lang='lat' dir='ltr'><strong>Deus</strong></span> <span class='ocrx_word' id='word_1_853' title='bbox 2619 5211 2754 5266; x_wconf 89' lang='lat' dir='ltr'><strong>alios</strong></span> <span class='ocrx_word' id='word_1_854' title='bbox 2785 5209 3001 5280; x_wconf 89' lang='lat' dir='ltr'><strong>quidem</strong></span> <span class='ocrx_word' id='word_1_855' title='bbox 3045 5206 3131 5260; x_wconf 91' lang='lat' dir='ltr'><strong>hie</strong></span> <span class='ocrx_word' id='word_1_856' title='bbox 3157 5205 3309 5276; x_wconf 83' lang='lat' dir='ltr'><strong>punit</strong></span> <span class='ocrx_word' id='word_1_857' title='bbox 3331 5246 3346 5269; x_wconf 93' lang='lat'><strong>,</strong></span> <span class='ocrx_word' id='word_1_858' title='bbox 3390 5203 3531 5258; x_wconf 83' lang='lat' dir='ltr'><strong>alios</strong></span> 
     </span>
    </p>
   </div>
   <div class='ocr_carea' id='block_1_115' title="bbox 1919 5295 3519 5379">
    <p class='ocr_par' dir='ltr' id='par_1_115' title="bbox 1919 5295 3519 5379">
     <span class='ocr_line' id='line_1_115' title="bbox 1919 5295 3519 5379; baseline -0.01 -16"><span class='ocrx_word' id='word_1_859' title='bbox 1919 5327 2048 5366; x_wconf 90' lang='lat' dir='ltr'><strong>vero</strong></span> <span class='ocrx_word' id='word_1_860' title='bbox 2073 5324 2183 5364; x_wconf 88' lang='lat' dir='ltr'><strong>non</strong></span> <span class='ocrx_word' id='word_1_861' title='bbox 2214 5306 2384 5379; x_wconf 86' lang='lat' dir='ltr'><strong>punit.</strong></span> <span class='ocrx_word' id='word_1_862' title='bbox 2416 5306 2573 5360; x_wconf 87' lang='lat' dir='ltr'><strong>Punit</strong></span> <span class='ocrx_word' id='word_1_863' title='bbox 2600 5305 2816 5373; x_wconf 88' lang='lat' dir='ltr'><strong>quidem</strong></span> <span class='ocrx_word' id='word_1_864' title='bbox 2846 5301 3050 5370; x_wconf 82' lang='lat' dir='ltr'><strong>aliquos</strong></span> <span class='ocrx_word' id='word_1_865' title='bbox 3070 5340 3084 5364; x_wconf 95' lang='lat'><strong>,</strong></span> <span class='ocrx_word' id='word_1_866' title='bbox 3116 5297 3370 5352; x_wconf 84' lang='lat' dir='ltr'><strong>excideris</strong></span> <span class='ocrx_word' id='word_1_867' title='bbox 3400 5295 3519 5348; x_wconf 90' lang='lat' dir='ltr'><strong>illo-</strong></span> 
     </span>
    </p>
   </div>
   <div class='ocr_carea' id='block_1_116' title="bbox 1921 5390 3529 5468">
    <p class='ocr_par' dir='ltr' id='par_1_116' title="bbox 1921 5390 3529 5468">
     <span class='ocr_line' id='line_1_116' title="bbox 1921 5390 3529 5468; baseline -0.01 -11"><span class='ocrx_word' id='word_1_868' title='bbox 1921 5418 2040 5457; x_wconf 89' lang='lat' dir='ltr'><strong>rum</strong></span> <span class='ocrx_word' id='word_1_869' title='bbox 2073 5400 2255 5454; x_wconf 84' lang='lat' dir='ltr'><strong>vitium</strong></span> <span class='ocrx_word' id='word_1_870' title='bbox 2282 5441 2296 5463; x_wconf 96' lang='lat'><strong>,</strong></span> <span class='ocrx_word' id='word_1_871' title='bbox 2325 5411 2647 5468; x_wconf 74' lang='lat' dir='ltr'><strong>pmnamque</strong></span> <span class='ocrx_word' id='word_1_872' title='bbox 2685 5395 2793 5449; x_wconf 93' lang='lat' dir='ltr'><strong>illic</strong></span> <span class='ocrx_word' id='word_1_873' title='bbox 2838 5391 3069 5448; x_wconf 88' lang='lat' dir='ltr'><strong>reddens</strong></span> <span class='ocrx_word' id='word_1_874' title='bbox 3095 5390 3355 5445; x_wconf 88' lang='lat' dir='ltr'><strong>leviorem</strong></span> <span class='ocrx_word' id='word_1_875' title='bbox 3381 5429 3396 5450; x_wconf 97' lang='lat'><strong>,</strong></span> <span class='ocrx_word' id='word_1_876' title='bbox 3444 5395 3529 5441; x_wconf 89' lang='lat' dir='ltr'><strong>aut</strong></span> 
     </span>
    </p>
   </div>
   <div class='ocr_carea' id='block_1_117' title="bbox 1920 5481 3526 5557">
    <p class='ocr_par' dir='ltr' id='par_1_117' title="bbox 1920 5481 3526 5557">
     <span class='ocr_line' id='line_1_117' title="bbox 1920 5481 3526 5557; baseline -0.011 -8"><span class='ocrx_word' id='word_1_877' title='bbox 1920 5494 2080 5548; x_wconf 88' lang='lat' dir='ltr'><strong>etiam</strong></span> <span class='ocrx_word' id='word_1_878' title='bbox 2104 5495 2160 5547; x_wconf 81' lang='lat' dir='ltr'><strong>in</strong></span> <span class='ocrx_word' id='word_1_879' title='bbox 2191 5501 2359 5547; x_wconf 91' lang='lat' dir='ltr'><strong>totum</strong></span> <span class='ocrx_word' id='word_1_880' title='bbox 2391 5491 2625 5545; x_wconf 83' lang='lat' dir='ltr'><strong>liberans</strong></span> <span class='ocrx_word' id='word_1_881' title='bbox 2655 5489 2807 5557; x_wconf 83' lang='lat' dir='ltr'><strong>illos,</strong></span> <span class='ocrx_word' id='word_1_882' title='bbox 2839 5496 2892 5541; x_wconf 90' lang='lat' dir='ltr'><strong>et</strong></span> <span class='ocrx_word' id='word_1_883' title='bbox 2926 5500 3022 5540; x_wconf 89' lang='lat' dir='ltr'><strong>eos</strong></span> <span class='ocrx_word' id='word_1_884' title='bbox 3049 5483 3142 5554; x_wconf 93' lang='lat' dir='ltr'><strong>qui</strong></span> <span class='ocrx_word' id='word_1_885' title='bbox 3170 5496 3421 5552; x_wconf 85' lang='lat' dir='ltr'><strong>perverse</strong></span> <span class='ocrx_word' id='word_1_886' title='bbox 3449 5481 3526 5533; x_wconf 58' lang='lat' dir='ltr'><strong>vio</strong></span> 
     </span>
    </p>
   </div>
   <div class='ocr_carea' id='block_1_118' title="bbox 1922 5574 3522 5655">
    <p class='ocr_par' dir='ltr' id='par_1_118' title="bbox 1922 5574 3522 5655">
     <span class='ocr_line' id='line_1_118' title="bbox 1922 5574 3522 5655; baseline -0.009 -14"><span class='ocrx_word' id='word_1_887' title='bbox 1922 5596 2055 5641; x_wconf 89' lang='lat' dir='ltr'><strong>vunt</strong></span> <span class='ocrx_word' id='word_1_888' title='bbox 2083 5584 2450 5655; x_wconf 88' lang='lat' dir='ltr'><strong>castigatiores</strong></span> <span class='ocrx_word' id='word_1_889' title='bbox 2477 5582 2710 5638; x_wconf 81' lang='lat' dir='ltr'><strong>reddens</strong></span> <span class='ocrx_word' id='word_1_890' title='bbox 2749 5579 2851 5634; x_wconf 90' lang='lat' dir='ltr'><strong>hac</strong></span> <span class='ocrx_word' id='word_1_891' title='bbox 2881 5577 3155 5649; x_wconf 90' lang='lat' dir='ltr'><strong>punitione</strong></span> <span class='ocrx_word' id='word_1_892' title='bbox 3188 5591 3204 5630; x_wconf 87' lang='lat'><strong>:</strong></span> <span class='ocrx_word' id='word_1_893' title='bbox 3232 5574 3369 5629; x_wconf 87' lang='lat' dir='ltr'><strong>alios</strong></span> <span class='ocrx_word' id='word_1_894' title='bbox 3395 5587 3522 5628; x_wconf 89' lang='lat' dir='ltr'><strong>vero</strong></span> 
     </span>
    </p>
   </div>
   <div class='ocr_carea' id='block_1_119' title="bbox 1921 5666 3514 5743">
    <p class='ocr_par' dir='ltr' id='par_1_119' title="bbox 1921 5666 3514 5743">
     <span class='ocr_line' id='line_1_119' title="bbox 1921 5666 3514 5743; baseline -0.008 -11"><span class='ocrx_word' id='word_1_895' title='bbox 1921 5692 2133 5732; x_wconf 89' lang='lat' dir='ltr'><strong>rursum</strong></span> <span class='ocrx_word' id='word_1_896' title='bbox 2165 5691 2272 5731; x_wconf 90' lang='lat' dir='ltr'><strong>non</strong></span> <span class='ocrx_word' id='word_1_897' title='bbox 2299 5675 2492 5743; x_wconf 91' lang='lat' dir='ltr'><strong>punit,</strong></span> <span class='ocrx_word' id='word_1_898' title='bbox 2520 5684 2579 5728; x_wconf 89' lang='lat' dir='ltr'><strong>ut</strong></span> <span class='ocrx_word' id='word_1_899' title='bbox 2605 5674 2651 5727; x_wconf 88' lang='lat' dir='ltr'><strong>si</strong></span> <span class='ocrx_word' id='word_1_900' title='bbox 2680 5671 3059 5741; x_wconf 87' lang='lat' dir='ltr'><strong>resipiscentcs</strong></span> <span class='ocrx_word' id='word_1_901' title='bbox 3084 5668 3186 5723; x_wconf 92' lang='lat' dir='ltr'><strong>sibi</strong></span> <span class='ocrx_word' id='word_1_902' title='bbox 3209 5666 3339 5736; x_wconf 90' lang='lat' dir='ltr'><strong>ipsis</strong></span> <span class='ocrx_word' id='word_1_903' title='bbox 3363 5679 3514 5720; x_wconf 37' lang='lat' dir='ltr'><strong>caves</strong></span> 
     </span>
    </p>
   </div>
   <div class='ocr_carea' id='block_1_120' title="bbox 1920 5754 3517 5836">
    <p class='ocr_par' dir='ltr' id='par_1_120' title="bbox 1920 5754 3517 5836">
     <span class='ocr_line' id='line_1_120' title="bbox 1920 5754 3517 5836; baseline -0.008 -12"><span class='ocrx_word' id='word_1_904' title='bbox 1920 5770 2065 5833; x_wconf 86' lang='lat' dir='ltr'><strong>rint,</strong></span> <span class='ocrx_word' id='word_1_905' title='bbox 2122 5782 2185 5822; x_wconf 90' lang='lat' dir='ltr'><strong>ac</strong></span> <span class='ocrx_word' id='word_1_906' title='bbox 2221 5767 2316 5822; x_wconf 90' lang='lat' dir='ltr'><strong>Dei</strong></span> <span class='ocrx_word' id='word_1_907' title='bbox 2363 5765 2750 5836; x_wconf 89' lang='lat' dir='ltr'><strong>benignitatem</strong></span> <span class='ocrx_word' id='word_1_908' title='bbox 2789 5761 3006 5818; x_wconf 89' lang='lat' dir='ltr'><strong>reveriti</strong></span> <span class='ocrx_word' id='word_1_909' title='bbox 3049 5759 3284 5822; x_wconf 88' lang='lat' dir='ltr'><strong>fuerint,</strong></span> <span class='ocrx_word' id='word_1_910' title='bbox 3334 5765 3388 5811; x_wconf 89' lang='lat' dir='ltr'><strong>et</strong></span> <span class='ocrx_word' id='word_1_911' title='bbox 3428 5754 3517 5811; x_wconf 77' lang='lat' dir='ltr'><strong>hic</strong></span> 
     </span>
    </p>
   </div>
   <div class='ocr_carea' id='block_1_121' title="bbox 1922 5841 3517 5931">
    <p class='ocr_par' dir='ltr' id='par_1_121' title="bbox 1922 5841 3517 5931">
     <span class='ocr_line' id='line_1_121' title="bbox 1922 5841 3517 5931; baseline -0.009 -17"><span class='ocrx_word' id='word_1_912' title='bbox 1922 5860 2217 5915; x_wconf 88' lang='lat' dir='ltr'><strong>liberentur</strong></span> <span class='ocrx_word' id='word_1_913' title='bbox 2262 5874 2293 5912; x_wconf 91' lang='lat' dir='ltr'><strong>a</strong></span> <span class='ocrx_word' id='word_1_914' title='bbox 2325 5872 2480 5931; x_wconf 74' lang='lat' dir='ltr'><strong>pmna</strong></span> <span class='ocrx_word' id='word_1_915' title='bbox 2520 5865 2576 5913; x_wconf 89' lang='lat' dir='ltr'><strong>et</strong></span> <span class='ocrx_word' id='word_1_916' title='bbox 2608 5841 2719 5913; x_wconf 84' lang='lat' dir='ltr'><strong>illic</strong></span> <span class='ocrx_word' id='word_1_917' title='bbox 2753 5871 2782 5910; x_wconf 90' lang='lat' dir='ltr'><strong>a</strong></span> <span class='ocrx_word' id='word_1_918' title='bbox 2812 5852 3111 5925; x_wconf 83' lang='lat' dir='ltr'><strong>supplicio:</strong></span> <span class='ocrx_word' id='word_1_919' title='bbox 3149 5852 3234 5908; x_wconf 91' lang='lat' dir='ltr'><strong>sin</strong></span> <span class='ocrx_word' id='word_1_920' title='bbox 3267 5846 3517 5921; x_wconf 80' lang='lat' dir='ltr'><strong>perstite-</strong></span> 
     </span>
    </p>
   </div>
  </div>
