4160 6324
665 377 799 433 1003

664 492 793 556 rint,
819 488 986 544 nihilo
1011 488 1259 545 meliores
1284 488 1404 543 facti
1438 489 1654 545 lenitate
1679 491 1772 546 Dei
1793 494 1880 562 qui
1904 494 2040 547 mala
2067 506 2245 551 nostra

657 582 746 634 diu
771 582 981 646 tolerat,
1002 581 1258 649 majorem
1284 582 1580 636 sustineant
1604 584 1893 638 cruciatum
1922 597 2137 655 preptcr
2164 589 2247 641 in-

656 674 858 743 signem
888 674 1119 743 ipsorum
1137 682 1517 742 contemptum.
1545 674 1696 742 Quod
1718 676 1763 730 si
1791 678 1907 745 quis
1934 678 2127 732 dixerit
2155 695 2248 733 eos

655 765 743 832 qui
767 762 1054 831 puniuntur
1067 762 1383 817 detrimento
1405 764 1563 828 affici,
1584 767 1864 833 (poterant
1882 768 2022 821 enim
2053 769 2244 837 alioqui

656 854 995 924 resipiscere)
1023 852 1148 907 illud
1180 853 1615 921 respondebimus
1641 874 1654 909 :
1682 856 1726 909 si
1770 856 1909 911 Deus
1950 860 2249 926 prtescisset

655 944 793 1008 fore,
836 951 895 997 ut
940 944 1352 1013 resipiscerent,
1386 961 1715 1015 nequaquam
1749 947 2003 1015 punisset.
2037 948 2245 1003 Etenim

659 1032 704 1085 si
730 1048 865 1102 quos
912 1034 1055 1088 videt
1090 1049 1308 1089 manere
1348 1035 1767 1104 incorrigibiles,
1816 1037 2049 1100 omittit,
2082 1039 2249 1092 multo

663 1122 830 1192 magis
849 1137 982 1191 quos
1010 1134 1227 1178 noverat
1252 1140 1314 1178 ex
1349 1126 1511 1193 ipsius
1534 1126 1747 1180 lenitate
1774 1126 1972 1181 laturos
1999 1129 2246 1195 fructum,

656 1228 909 1283 passurus
925 1224 1039 1271 erat
1067 1215 1120 1270 in
1140 1217 1385 1285 praesenti
1405 1218 1527 1282 vita,
1560 1228 1615 1271 ut
1638 1228 2088 1288 consequerentur
2117 1229 2249 1283 tem-

666 1306 812 1371 poris
846 1307 1073 1373 Spatium
1099 1305 1164 1359 ad
1198 1308 1582 1375 pmnitcntiam.
1612 1307 1763 1362 Nunc
1782 1319 1958 1363 autem
1987 1324 2079 1365 eos
2108 1325 2247 1379 prac-

662 1396 880 1463 r‘piens,
912 1404 965 1449 et
990 1397 1094 1449 illis
1115 1398 1365 1451 leviorem
1395 1399 1445 1450 in
1474 1398 1650 1453 futuro
1676 1400 1873 1453 smCttlo
1900 1416 2106 1469 poenam
2128 1401 2248 1454 red-

661 1484 759 1548 dit,
794 1495 848 1539 et
870 1486 966 1541 hos
987 1487 1348 1557 castigatiores
1375 1490 1585 1544 illorum
1613 1492 1884 1560 suppliciis
1914 1492 2053 1563 facit.
2078 1493 2247 1559 Quam

663 1574 734 1627 ob
761 1591 870 1628 rem
904 1576 1061 1645 igitur
1101 1593 1206 1631 non
1237 1576 1373 1632 idem
1403 1579 1503 1633 hoc
1534 1581 1658 1635 facit
1702 1582 1754 1634 in
1784 1581 1936 1635 malis
1962 1581 2249 1636 omnibus?

666 1664 733 1719 Ut
754 1665 787 1717 ii
815 1670 901 1735 qui
930 1675 1165 1733 manent,
1197 1683 1290 1737 per
1310 1668 1552 1724 timorem
1579 1670 1804 1724 aliorum
1837 1672 2107 1740 suppliciis
2128 1672 2251 1726 red-

664 1756 861 1811 dantur
902 1760 1302 1829 castigatiores,
1357 1761 1755 1831 prmdiccntque
1803 1763 1893 1816 Dei
1938 1763 2205 1817 lenitatem
2234 1804 2247 1826 ,

664 1846 883 1915 ejusque
908 1848 1286 1904 humanitatem
1310 1852 1544 1915 reveriti,
1570 1852 1826 1906 desistant
1846 1868 1873 1903 a
1899 1853 2114 1907 malitia.
2140 1853 2247 1909 Sed

666 1938 795 1991 nihil
834 1939 1019 1993 horum
1050 1940 1288 2008 faciunt,
1316 1942 1502 2010 inquit.
1532 1942 1645 1996 Non
1692 1944 1848 2013 igitur
1886 1944 2024 1998 Deus
2054 1946 2163 2012 jam
2196 1946 2247 1999 in

668 2043 829 2083 causa
860 2040 973 2097 est,
1018 2030 1111 2085 s'ed
1154 2033 1359 2086 illorum
1390 2033 1629 2087 socordia
1652 2075 1665 2098 ,
1704 2034 1790 2103 qui
1824 2034 2105 2089 noluerunt
2140 2044 2246 2090 tam

672 2120 850 2174 multis
878 2122 1127 2177 remediis
1167 2122 1231 2175 ad
1280 2124 1542 2192 propriam
1584 2126 1658 2177 uti
1696 2126 1939 2179 salutem.
1983 2128 2155 2197 Atque
2194 2138 2252 2181 ut

672 2225 961 2279 cognoscas
1004 2212 1145 2281 quod
1185 2213 1305 2268 ideo
1350 2215 1449 2268 hoc
1496 2217 1699 2281 fecerit,
1742 2216 1956 2271 attende
1999 2236 2012 2271 :
2047 2218 2253 2273 Miscuit

675 2301 799 2353 olim
839 2304 1148 2371 sanguinem
1182 2304 1517 2358 Galilceorum
1553 2306 1749 2360 Pilatus
1788 2322 1907 2361 cum
1945 2308 2249 2374 sacrificiis,

673 2399 727 2442 et
752 2390 1065 2445 accedentes
1103 2390 1201 2445 hoc
1232 2392 1399 2460 ipsum
1436 2395 1871 2448 renuntiaverunt
1904 2394 2062 2461 Jesu,
2095 2406 2251 2466 atque

672 2480 760 2533 ille
784 2480 929 2545 dicit,
961 2480 1095 2545 Quid
1120 2483 1326 2551 putatis,
1348 2484 1481 2551 quod
1508 2485 1584 2536 illi
1612 2482 1817 2537 (ἱαιὶιωὶ
1841 2485 1937 2539 soli
1965 2497 2252 2555 peccatores

674 2572 916 2637 fuerunt?
954 2568 1088 2635 Non,
1129 2570 1243 2623 dico
1284 2571 1417 2624 vobis
1445 2586 1462 2625 :
1494 2574 1588 2625 nisi
1619 2575 1955 2643 paenitentiam
1986 2578 2181 2645 egeritis
2206 2588 2252 2629 et

673 2677 761 2713 vos
789 2662 1023 2715 similiter
1058 2661 1279 2730 peribiti:
1310 2661 1457 2732 (Luc.
1494 2665 1579 2718 l5.
1609 2664 1685 2734 2).
1716 2665 1946 2719 Rursum
1986 2668 2071 2720 alii
2100 2676 2251 2721 octo-

674 2749 845 2804 decim
874 2751 1049 2804 obruti
1075 2763 1198 2819 sunt
1225 2753 1371 2806 ruina
1402 2754 1673 2819 cujusdam
1704 2759 1884 2821 turris,
1915 2756 1981 2810 de
2010 2757 2093 2811 his
2124 2774 2256 2827 quo-

678 2853 781 2909 que
809 2841 993 2895 eadcm
1025 2842 1168 2895 dicit.
1201 2842 1332 2896 Nam
1365 2844 1504 2914 quod
1533 2846 1625 2910 ait,
1655 2846 1791 2912 Quid
1810 2848 1994 2916 putatis
2016 2834 2150 2917 quod
2178 2850 2254 2903 illi

677 2942 958 3001 peccatores
987 2944 1128 2987 erant
1154 2936 1250 2987 soli
1266 2937 1290 2987 ?
1310 2952 1429 2998 non,
1459 2938 1573 2990 dico
1602 2939 1757 2999 vobis,
1786 2938 2022 2992 declarat
2040 2940 2181 3008 quod
2203 2950 2255 2993 et

678 3023 916 3077 viventes
950 3024 1136 3078 iisdem
1170 3034 1319 3080 erant
1344 3026 1579 3080 obnoxii.
1609 3028 1764 3095 Quod
1794 3039 1969 3084 autem
1997 3032 2069 3084 ait
2098 3048 2110 3082 :
2138 3030 2255 3084 Nisi

679 3115 1018 3179 paenitentiam
1043 3116 1257 3183 egeritis,
1290 3124 1335 3169 et
1373 3134 1459 3170 vos
1495 3118 1725 3171 similiter
1749 3120 1992 3188 peribitis,
2023 3120 2257 3174 declarat

678 3205 821 3272 quod
860 3214 914 3259 et
953 3207 1070 3260 illos
1095 3208 1337 3276 permisit
1375 3209 1472 3263 hac
1502 3210 1568 3264 de
1607 3225 1767 3265 causa
1806 3212 1891 3264 illa
1920 3212 2046 3280 pati,
2080 3221 2139 3267 ut
2174 3214 2257 3266 vi-

682 3305 865 3350 ventes
891 3312 956 3350 ex
976 3298 1037 3351 iis
1059 3314 1175 3366 qua:
1196 3301 1403 3354 cmteris
1428 3302 1731 3356 acciderant
1748 3301 1956 3357 terrore
1975 3314 2254 3372 concepto,

684 3387 1072 3455 resipiscerent,
1112 3399 1163 3442 et
1192 3390 1341 3459 regni
1380 3390 1606 3447 heredes
1644 3395 1849 3447 tierent.
1887 3394 2023 3460 Quid
2065 3395 2259 3464 igitur?

682 3474 747 3528 Ut
774 3493 892 3547 ego,
921 3479 1107 3547 inquit,
1136 3479 1252 3533 fiam
1280 3481 1486 3547 melior,
1517 3483 1605 3537 ille
1628 3485 1880 3553 punitur?
1904 3485 2017 3539 Non
2045 3497 2261 3556 propter

685 3566 805 3635 hoc,
838 3570 928 3623 sed
959 3581 1176 3640 propter
1200 3588 1352 3626 suum
1382 3573 1547 3641 ipsius
1574 3587 1852 3645 peccatum
1885 3578 2117 3647 punitur.
2147 3580 2262 3632 Cte—

685 3668 856 3713 tcrum
890 3660 1096 3713 illorum
1137 3662 1381 3717 interitus
1410 3667 1630 3719 attentis
1656 3681 1721 3720 ex
1748 3668 2036 3721 abundanti
2079 3671 2135 3721 tit
2172 3684 2262 3723 oe-

684 3752 829 3805 casio
864 3753 1069 3816 salutis,
1103 3753 1224 3806 dum
1260 3764 1402 3808 metu
1441 3771 1504 3809 ex
1547 3758 1611 3811 iis
1650 3772 1767 3827 quae
1806 3759 1923 3814 aliis
1956 3760 2263 3813 acciderunt

682 3853 963 3911 concepto,
994 3844 1289 3898 redduntur
1316 3847 1609 3915 probiores.
1647 3847 1829 3902 Itidem
1867 3858 1922 3903 et
1946 3850 2148 3903 domini
2179 3849 2261 3902 fa-

686 3934 834 3987 ciunt
878 3952 891 3986 :
935 3950 1040 3986 uno
1085 3949 1225 4001 smpe
1274 3934 1471 3989 famulo
1514 3935 1798 4006 flagellato,
1844 3939 2080 4008 reliqups
2121 3950 2263 3994 metu

686 4025 915 4079 reddunt
936 4026 1344 4081 emendatiores.
1376 4026 1507 4082 Cum
1541 4030 1697 4099 igitur
1726 4031 1921 4085 videris
1946 4032 2154 4102 aliquos
2181 4035 2260 4087 vel

687 4114 739 4166 in
772 4114 1097 4183 naufragium
1135 4116 1399 4182 incidisse,
1430 4119 1515 4173 vel
1551 4120 1743 4173 mdium
1784 4122 1934 4175 ruina
1974 4137 2263 4191 oppressos

688 4219 830 4271 esse,
854 4206 933 4257 vel
966 4206 1210 4260 incendio
1236 4209 1477 4275 periisse,
1499 4210 1635 4264 vela
1658 4211 1831 4266 ﬂuviis
1852 4214 2103 4283 abreptos
2123 4230 2262 4282 esse,

690 4304 780 4347 aut
805 4296 911 4349 alio
937 4298 1181 4364 qquiam
1208 4298 1365 4351 modo
1392 4300 1624 4356 violento
1647 4302 1806 4355 vitam
1831 4304 2009 4358 finisse
2039 4323 2052 4358 :
2076 4304 2266 4360 deinde

693 4387 846 4447 alios,
893 4387 981 4455 qni
1025 4388 1208 4443 eadem
1255 4406 1374 4444 eum
1422 4392 1525 4446 illis
1570 4401 1625 4448 et
1670 4395 1912 4463 graviora
1946 4406 2262 4465 peccarunt,

693 4476 822 4529 nihil
868 4479 971 4531 tale
1001 4492 1203 4546 passos,
1238 4497 1304 4535 ne
1329 4483 1660 4539 conturberis
1688 4484 1871 4539 dicens
1890 4526 1905 4550 ,
1935 4503 2031 4541 cur
2055 4488 2264 4542 tandem

692 4571 779 4639 qui
809 4572 991 4625 eadem
1021 4585 1325 4641 peccarunt,
1360 4592 1464 4630 non
1492 4575 1675 4632 eadem
1709 4579 1848 4647 passi
1880 4581 2041 4633 sunt?
2072 4581 2266 4635 Verum

696 4661 824 4716 illud
866 4673 1076 4731 reputa,
1116 4665 1258 4733 quod
1298 4666 1438 4721 Deus
1478 4667 1624 4721 illum
1662 4668 1873 4737 quidem
1913 4686 2099 4738 passus
2135 4679 2271 4725 este

695 4753 871 4807 medio
904 4755 1014 4807 tolli
1056 4757 1455 4827 praefocarique,
1497 4759 1760 4813 mitiorem
1792 4761 1838 4814 ei
1870 4775 2176 4830 praeparans
2216 4762 2269 4814 in

695 4846 870 4899 futuro
914 4847 1110 4902 saeculo
1159 4850 1483 4913 cruciatum,
1515 4860 1604 4903 aut
1653 4852 1811 4906 etiam
1862 4854 1911 4906 in
1959 4862 2125 4907 totum
2147 4869 2267 4908 eum

696 4938 931 4991 liberans
966 4955 979 4992 :
1013 4940 1151 4991 hunc
1176 4953 1303 4991 vero
1342 4939 1473 4993 nihil
1510 4940 1611 4994 tale
1658 4956 1846 5009 passus
1876 4952 1954 4995 est
1982 4943 2266 5009 sustinere,

688 5043 749 5087 ut
797 5028 1016 5083 alterius
1065 5029 1323 5097 supplicio
1385 5031 1689 5100 castigatior
1732 5033 1938 5096 factus,
1979 5031 2271 5086 modestior

692 5121 1049 5176 redderetur:
1082 5121 1219 5187 quod
1260 5121 1301 5173 si
1348 5122 1770 5189 perseveraverit
1814 5122 1865 5175 in
1900 5121 2119 5184 iisdem.
2148 5137 2272 5176 cru-

694 5208 1020 5266 delissimam
1074 5213 1170 5265 sibi
1202 5214 1297 5281 ipsi
1329 5229 1396 5267 ex
1434 5229 1529 5267 sua
1578 5214 1818 5269 socordia
1872 5222 2149 5267 eoaeervat
2195 5214 2275 5267 ul-

700 5314 896 5357 tionem
919 5345 933 5368 ,
972 5319 1068 5357 nec
1103 5303 1243 5357 Deus
1270 5304 1424 5357 fuerit
1448 5318 1605 5357 causa
1633 5303 1982 5358 intolerabilis
2006 5303 2272 5372 supplicii.

701 5398 929 5451 llursum
972 5396 1013 5449 si
1066 5396 1262 5449 videris
1320 5394 1519 5463 justum
1560 5392 1717 5463 afﬂigi
1744 5435 1759 5459 ,
1800 5402 1889 5447 aut
1939 5393 2115 5447 omnia
2158 5408 2277 5462 qua:

700 5485 837 5539 dicta
889 5495 1012 5540 sunt
1061 5486 1475 5554 perpetientem,
1535 5500 1601 5539 ne
1656 5484 2015 5538 consterneris
2076 5484 2272 5537 animo.

703 5577 832 5631 Nam
878 5592 931 5631 et
1002 5577 1076 5631 illi
1146 5592 1232 5631 res
1284 5578 1529 5641 accrbze,
1585 5576 1978 5646 splendidiores
2051 5576 2278 5631 reddunt

702 5682 928 5721 coronas
961 5686 972 5718 :
1005 5684 1055 5721 et
1100 5667 1317 5721 omnino
1356 5668 1555 5736 quaevis
1603 5680 1754 5735 paena
1780 5707 1795 5731 ,
1855 5666 2112 5734 siquidem
2150 5681 2273 5734 pec-

705 5770 840 5809 cato:
856 5758 971 5813 ibus
991 5756 1511 5827 inﬂigatur,detrahit
1536 5756 1730 5828 aliquid
1753 5756 1998 5811 vitiorum
2018 5756 2233 5828 ponderi
2262 5775 2272 5808 :

1374 376 1430 430 S.
1471 374 1748 433 JOANNIS
1784 377 2261 440 CllliYSOSTOMl
2303 378 2615 441 ARCHIEP.
2656 382 3194 441 CONSTANTINOP.

3804 382 3930 441 tuM

2359 495 2611 564 sinjustis
2629 495 3333 567 inﬂigatur,splendidiorem
3352 498 3523 554 reddit
3546 499 3653 554 illis
3678 500 3929 567 animum,

2355 586 2433 639 sic
2452 595 2508 638 ut
2532 586 2767 655 utrisque
2795 589 3057 643 maximus
3082 605 3146 643 ex
3172 587 3459 644 afﬂictione
3487 590 3691 645 fructus
3708 592 3929 662 eveniat,

2356 683 2555 729 tantum
2578 676 2620 728 si
2644 686 2792 744 grate
2809 678 3221 734 toleremushoc
3237 680 3374 732 enim
3404 691 3483 734 est
3499 680 3641 749 quod
3661 682 3935 749 quaeritur.

2428 764 2479 818 9.
2510 764 2731 833 Propter
2758 764 2859 817 hoc
2898 781 3018 819 cum
3048 768 3155 820 sint
3207 769 3465 835 ejusmodi
3506 770 3752 829 exempla
3781 769 3933 823 innu-

2356 854 2654 920 merabilia,
2704 849 3601 920 sacrarumScripturarumhistoria
3620 860 3707 912 bis
3740 859 3939 927 repleta

2355 951 2469 1007 est,
2488 942 2663 1012 justos
2696 958 2755 996 ac
2795 944 3020 1013 injustos
3053 945 3204 1000 malis
3225 946 3451 1001 afﬂictos
3478 946 3633 1001 nobis
3653 950 3936 1011 exhibens,

2357 1041 2412 1085 ut
2431 1032 2544 1086 sive
2561 1032 2735 1101 justus
2752 1033 2845 1098 sis,
2871 1034 2981 1089 sive
3000 1044 3265 1103 peccator,
3293 1038 3538 1106 quoniam
3562 1038 3731 1093 babes
3759 1055 3936 1094 exem-

2356 1121 2438 1189 pla
2464 1161 2479 1185 ,
2516 1120 2655 1176 feras
2708 1124 2930 1178 fortiter.
2958 1123 3075 1179 Non
3121 1128 3291 1181 solum
3341 1138 3518 1181 autem
3549 1128 3785 1183 ostendit
3841 1130 3933 1184 tibi

2356 1212 2627 1279 improbos
2652 1214 2806 1268 malis
2834 1212 3058 1270 afﬂictos
3082 1258 3097 1280 ,
3128 1232 3310 1271 verum
3333 1219 3492 1272 etiam
3525 1218 3753 1275 feliciter
3774 1236 3938 1291 agen-

2359 1310 2473 1368 tes,
2498 1316 2565 1355 ne
2603 1302 2814 1357 illorum
2848 1305 3097 1360 felicitate
3141 1307 3476 1363 conturberis
3502 1350 3518 1373 ,
3546 1310 3798 1364 nimirum
3846 1309 3940 1363 do-

2357 1397 2477 1444 ctus
2505 1407 2569 1445 ex
2620 1392 2686 1447 iis
2711 1409 2828 1462 quae
2854 1393 3001 1449 diviti
3047 1398 3400 1462 acciderunt,
3465 1391 3778 1465 cuiusmodi
3826 1399 3940 1454 illos

2358 1488 2477 1549 post
2546 1478 2685 1536 hanc
2740 1482 2899 1536 vitam
2954 1493 3167 1539 maneat
3217 1487 3561 1553 incendium,
3620 1488 3722 1541 nisi
3777 1490 3937 1541 vitam

2355 1584 2472 1623 eam
2526 1571 2854 1639 reliquerint.
2916 1573 3031 1627 Non
3085 1590 3407 1644 possumus,
3460 1576 3664 1646 inquit,
3730 1587 3785 1631 et
3860 1576 3942 1631 hic

2355 1670 2410 1713 et
2433 1660 2537 1715 illic
2561 1663 2743 1730 requie
2769 1662 2867 1716 frui
2899 1680 2912 1715 :
2944 1680 3048 1718 non
3082 1680 3363 1735 possumus
3391 1708 3407 1734 ,
3440 1667 3678 1737 inquam.

2430 1751 2736 1806 Sanctorum
2779 1755 2954 1808 veteris
3001 1753 3307 1809 Testamenti
3359 1773 3621 1811 a’rumure.
3656 1787 3727 1797 —
3760 1756 3949 1827 quue

2354 1841 2483 1911 justi
2514 1844 2761 1898 vixerunt
2799 1845 2884 1898 hic
2926 1845 3088 1899 vitam
3130 1846 3403 1901 laboribus
3450 1848 3760 1902 obnoxiam.
3806 1848 3943 1915 Quid

2357 1934 2515 2004 igitur
2538 1978 2553 2001 ,
2582 1936 2775 2005 inquis,
2808 1937 3118 1991 Abraham?
3169 1938 3238 1991 Et
3264 1940 3384 2009 quis
3433 1948 3538 1993 tam
3587 1941 3756 1995 multa
3810 1940 3943 1993 dura

2357 2040 2638 2095 perpessus
2666 2026 2786 2081 est?
2814 2026 3000 2082 Nonne
3026 2043 3054 2081 a
3087 2039 3309 2099 paterno
3334 2030 3615 2085 exsultavit
3642 2031 3791 2084 solo?
3811 2029 3946 2084 Non-

2360 2132 2428 2171 ne
2474 2132 2502 2169 a
2533 2116 2644 2171 suis
2688 2118 2933 2172 omnibus
2959 2117 3202 2173 divulsus
3228 2121 3343 2174 est?
3367 2120 3552 2175 Nonne
3582 2122 3635 2175 in
3668 2121 3949 2191 peregrina

2356 2206 2572 2277 regione
2620 2207 2811 2262 famem
2864 2210 3153 2263 sustinuit?
3198 2209 3386 2265 Nonne
3429 2211 3574 2265 velut
3624 2226 3749 2266 erro
3801 2212 3949 2279 quis-

2358 2297 2496 2366 piam
2529 2338 2543 2362 ,
2575 2298 2800 2353 subinde
2855 2301 3019 2353 vertit
3048 2301 3220 2355 solum
3248 2342 3262 2365 ,
3295 2316 3324 2355 a
3357 2300 3632 2371 Babylone
3680 2301 3732 2353 in
3778 2300 3951 2353 Meso-

2359 2388 2686 2455 potamiam,
2742 2389 2865 2443 inde
2916 2390 2968 2443 in
3016 2390 3391 2457 Palmstinam,
3439 2406 3624 2446 rursus
3680 2393 3821 2446 illine
3892 2393 3947 2445 in

2361 2479 2650 2549 Egyptum
2675 2479 2824 2550 (Gen.
2852 2482 2937 2535 l2.
2968 2492 3014 2535 et
3035 2482 3169 2553 sqq.)
3192 2482 3215 2536 ?
3245 2484 3370 2549 Quis
3397 2484 3595 2537 referre
3618 2484 3785 2553 possit
3808 2484 3949 2537 bella

2360 2585 2479 2637 qua:
2516 2585 2611 2639 pro
2671 2585 2835 2625 uxore
2867 2610 2881 2635 ,
2930 2586 3048 2641 qu;e
3101 2588 3223 2626 eum
3271 2572 3512 2627 barbaris
3573 2574 3777 2643 gessit?
3828 2573 3952 2642 quis

2360 2662 2597 2730 strages?
2622 2662 2738 2730 quis
2786 2675 3023 2731 cognata:
3052 2662 3264 2718 familia:
3314 2665 3732 2733 captivitatem?
3783 2664 3953 2733 llujus

2361 2752 2570 2820 generis
2600 2753 2701 2805 alia
2730 2762 2855 2806 sunt
2905 2754 3327 2819 innumerabilia.
3374 2754 3508 2809 Cum
3550 2756 3715 2808 tilium
3764 2770 3954 2810 susce-

2368 2844 2561 2911 pisset,
2593 2858 2769 2897 nonne
2795 2844 2937 2913 quod
2987 2854 3067 2898 est
3094 2847 3330 2899 omnium
3361 2846 3590 2900 maxime
3614 2846 3955 2899 intolerabile

2365 2924 2646 3003 perpessus
2688 2943 2808 3000 est,
2859 2950 2979 2989 cum
3041 2937 3150 2989 suis
3210 2936 3375 3005 ipsius
3418 2938 3664 2991 manibus
3716 2946 3957 2990 mactare

2363 3026 2543 3095 jussus
2571 3066 2590 3093 ,
2618 3042 2773 3095 quem
2804 3026 3083 3097 adamabat
3109 3056 3125 3091 ι
3158 3042 3279 3080 eum
3318 3042 3480 3096 quem
3509 3027 3742 3081 habebat
3785 3029 3957 3080 caris-

2364 3118 2557 3171 simum
2602 3115 2762 3185 (Ibid.
2796 3116 2885 3187 22)
2908 3116 2931 3168 ?
2956 3115 3092 3182 Quin
3132 3126 3184 3171 et
3216 3116 3327 3185 ipse
3355 3116 3710 3170 immolandus
3759 3116 3909 3170 lsaac
3930 3157 3951 3179 ,

2368 3224 2546 3262 nonne
2580 3208 2724 3261 omni
2755 3223 2821 3262 ex
2871 3221 3020 3277 parte
3050 3222 3262 3276 semper
3307 3221 3335 3258 a
3363 3206 3603 3261 finitimis
3641 3206 3957 3271 vexabatur,

2365 3300 2501 3355 adeo
2566 3308 2623 3353 ut
2670 3307 2726 3353 et
2772 3315 2938 3353 uxore
2984 3299 3243 3367 spoliatus
3294 3296 3453 3352 fuerit
3500 3298 3959 3367 quemadmodum

2368 3402 2518 3461 pater
2540 3429 2556 3455 ,
2601 3398 2657 3445 et
2684 3399 2832 3443 tanto
2860 3398 3097 3459 tempore
3146 3390 3263 3443 sine
3292 3388 3473 3442 liberis
3512 3388 3795 3442 manserit?
3820 3388 3961 3456 Quid

2368 3497 2530 3553 porro
2556 3481 2719 3537 πωροι)
2765 3482 2816 3535 in
2844 3482 3026 3551 patriis
3071 3479 3273 3533 :edibus
3304 3479 3561 3534 educatus
3584 3521 3599 3544 ,
3633 3494 3812 3533 nonne
3839 3494 3962 3548 gra-

2367 3575 2511 3628 viora
2534 3586 2690 3642 quam
2723 3586 2858 3625 avus
2884 3585 3167 3640 perpessus
3188 3570 3309 3624 est?
3340 3572 3415 3623 Ac
3442 3585 3510 3624 ne
3526 3571 3748 3639 singulis
3772 3585 3960 3624 recen-

2369 3664 2557 3718 sendis
2607 3663 2948 3733 prolixiorem
2979 3661 3262 3716 reddamus
3312 3661 3607 3715 orationem
3634 3702 3649 3723 ,
3678 3660 3803 3714 audi
3834 3659 3963 3729 quid

2367 3757 2433 3809 de
2480 3764 2585 3808 tota
2630 3756 2736 3808 vita
2762 3769 2855 3809 sua
2884 3754 3024 3807 dicat
3050 3769 3064 3805 :
3090 3751 3255 3805 Pauci
3300 3761 3346 3804 et
3386 3752 3510 3805 ntali
3551 3752 3659 3805 dies
3708 3752 3805 3805 mei
3828 3792 3844 3813 ,
3871 3767 3964 3805 nec

2375 3848 2683 3917 perligerttnt
2737 3846 2804 3898 ad
2858 3846 2964 3899 dies
3015 3854 3217 3915 patrum
3263 3859 3485 3896 meorum
3539 3843 3704 3913 (Ibid.
3735 3844 3826 3897 47.
3882 3843 3960 3914 9).

2374 3940 2661 3993 Enimvero
2699 3938 2743 3991 si
2775 3938 2891 4007 quis
2921 3936 3087 3989 tilium
3115 3937 3449 4005 conspiceret
3491 3936 3543 3987 in
3575 3936 3731 4004 regio
3768 3936 3963 3988 throno

2370 4029 2639 4083 sedentem
2672 4068 2687 4094 ,
2733 4036 2788 4081 et
2831 4036 2973 4080 tanta
3003 4026 3264 4081 fruentem
3304 4027 3471 4095 gloria
3512 4040 3690 4079 annon
3734 4034 3959 4095 prmter-

2376 4122 2568 4175 itarum
2638 4117 2998 4173 calamitatum
3066 4116 3547 4171 oblivisceretur?
3630 4124 3809 4169 tamen
3879 4116 3964 4170 ille

2373 4212 2425 4265 in
2484 4218 2688 4263 tantum
2743 4218 2860 4264 erat
2901 4208 3058 4262 malis
3107 4216 3408 4261 maceratus
3440 4247 3457 4273 ,
3508 4215 3567 4261 ut
3615 4222 3683 4260 ne
3737 4206 3792 4260 in
3824 4215 3965 4261 tanta

2370 4298 2584 4369 quidem
2647 4298 2999 4369 prosperitate
3076 4298 3308 4367 potuerit
3384 4306 3752 4352 anteaetorum
3843 4311 3958 4351 rna-

2372 4392 2546 4445 lorum
2598 4389 2860 4445 oblivisci.
2895 4389 3031 4457 Quid
3080 4399 3262 4443 autem
3306 4387 3521 4442 David?
3550 4388 3721 4455 Quam
3769 4388 3964 4441 multas

2378 4481 2631 4535 sustinuit
2672 4480 3004 4548 tragmdias?
3044 4480 3236 4534 Annon
3265 4478 3450 4533 eadem
3473 4479 3604 4533 dicit
3630 4494 3749 4549 qua:
3776 4478 3962 4543 Iacob,

2375 4574 2515 4628 hunc
2540 4573 2593 4627 in
2649 4572 2865 4627 modum
2916 4572 3173 4641 loquens?
3201 4569 3327 4623 Dies
3377 4587 3629 4624 annorum
3679 4580 3963 4625 nostrorum

2374 4666 2427 4717 in
2451 4664 2574 4734 ipsis
2602 4666 2923 4733 septuaginta
2972 4664 3092 4716 anni
3140 4662 3231 4715 :si
3271 4672 3441 4715 autem
3488 4663 3540 4715 in
3592 4662 3961 4732 potentatibus,

2380 4756 2634 4824 octoginta
2663 4755 2785 4805 anui
2806 4796 2818 4817 ,
2848 4762 2895 4805 et
2924 4753 3057 4822 quod
3084 4753 3305 4822 amplius
3325 4753 3531 4806 illorum
3561 4753 3706 4806 labor
3733 4769 3794 4805 ac
3813 4750 3966 4804 dolor

2376 4844 2549 4914 (Psal.
2587 4844 2676 4899 89.
2722 4844 2834 4909 10).
2864 4844 2999 4911 Quid
3047 4859 3175 4897 vero
3244 4842 3548 4897 Jeremias?
3588 4843 3775 4897 Nonne
3822 4842 3959 4895 diem

2377 4949 2489 4991 sua:
2517 4935 2807 4989 nativitatis
2832 4943 3160 4997 exsecratur,
3188 4933 3257 4987 ob
3282 4934 3437 4987 malis
3476 4932 3820 4987 succedenti:
3860 4947 3959 4985 ma-

2379 5020 2585 5093 la(Jer.
2634 5026 2893 5095 20.14)?
2942 5025 3079 5091 Quid
3122 5032 3299 5078 autem
3352 5024 3526 5077 Moses
3570 5024 3733 5093 ipse?
3777 5022 3961 5077 Nonne

2378 5102 2611 5174 animum
2637 5120 2974 5189 despondens
3024 5121 3098 5174 ait
3124 5160 3139 5182 ,
3176 5120 3359 5174 Occide
3409 5136 3488 5173 me
3514 5162 3529 5180 ,
3579 5121 3623 5173 si
3673 5121 3747 5174 sic
3774 5137 3963 5175 mecum

2376 5221 2581 5263 acturus
2626 5220 2697 5264 est
2736 5209 2926 5278 (Num.
2959 5212 3045 5265 11.
3072 5206 3205 5279 ’15)ἱθ
3234 5210 3412 5265 Helias
3439 5224 3587 5276 vero,
3621 5211 3773 5279 cujus
3804 5212 3960 5266 animi

2385 5300 2684 5358 sublimitas
2716 5300 2781 5353 ad
2810 5301 3001 5357 caelum
3030 5315 3198 5369 usque
3229 5300 3559 5369 pertingebat
3580 5339 3599 5366 ,
3646 5300 3735 5369 qui
3777 5300 3963 5356 caelum

2382 5392 2621 5458 clausit,
2666 5408 2841 5445 annon
2898 5399 3017 5460 post
3069 5391 3231 5445 multa
3285 5391 3425 5445 edita
3479 5392 3721 5461 prodigia
3772 5392 3963 5460 jugiter

2383 5488 2707 5542 lamentatur
2737 5485 2806 5538 ita
2855 5485 3080 5553 loquens
3111 5484 3258 5538 Deo:
3292 5482 3434 5536 Tolle
3480 5484 3705 5535 animam
3748 5499 3910 5535 mea.
3934 5497 3963 5533 ο

2384 5594 2463 5631 me
2486 5592 2503 5630 :
2526 5593 2623 5629 non
2649 5592 2761 5630 sum
2814 5574 2991 5629 melior
3017 5573 3247 5645 patribus
3281 5575 3406 5627 meis
3454 5574 3529 5641 ('5.
3577 5572 3709 5643 Reg.
3748 5574 3836 5627 19.
3866 5572 3961 5638 1ὶῖ

2389 5666 2489 5721 Sed
2518 5681 2769 5735 quorsum
2822 5667 3011 5719 attinet
3038 5665 3136 5719 ista
3164 5664 3468 5734 singulatim
3516 5663 3811 5732 persequi?
3836 5664 3959 5718 Pau-

2392 5767 2472 5812 lus
2501 5773 2685 5811 omnes
2714 5757 2870 5810 simul
2912 5755 3223 5826 complexus
3251 5755 3325 5809 sic
3352 5754 3477 5809 dicit
3513 5770 3525 5805 :
3555 5750 3880 5807 Circuierunt
3919 5754 3961 5803 ut
