4142 6332
209 434 351 490 [003

200 550 320 605 ἀπὸ
351 551 450 621 τῆς
485 550 836 618 ἀνεξικακίας
862 552 1231 627 ὠφελούμενοι
1261 556 1354 610 τοῦ
1386 557 1547 624 Θεοῦ,
1581 557 1802 630 μείζονα

202 633 488 688 ὕποστῶσι
514 635 616 704 τὴν
657 637 926 707 τιμωρίαν
972 637 1060 691 διὰ
1100 640 1200 708 τὴν
1233 640 1374 708 ἀγαν
1407 641 1586 694 αὐτῶν
1629 657 1803 695 κατα-

203 717 491 788 φρόνησιν.
521 717 583 770 Εἰ
630 718 686 770 δέ
720 718 866 786 λέγοι
896 737 980 782 τις
1012 721 1124 775 τῶν
1168 718 1226 775 εὖ
1263 723 1484 776 εἰδότων
1519 725 1601 777 ὃτι
1633 724 1682 777 οί
1713 741 1804 778 κο-

203 797 498 868 λαζόμενοι
540 800 936 870 ἐπηρεάζονται
966 804 1247 873 (ἠδύναντο
1278 805 1388 875 γάρ
1418 807 1798 877 μετανοῆσαι),

201 884 387 936 ἐκεῖνο
433 882 500 937 ἂν
552 885 821 956 εἴποιμεν,
853 888 934 940 ὅτι
993 889 1043 941 εἰ
1086 889 1308 960 προῄδει
1365 890 1802 960 μετανοήσοντας

201 965 406 1028 αὐτοὺς
448 968 477 1020 6
517 967 669 1030 Θεὸς,
701 969 802 1022 οὐκ
846 969 911 1022 ἂν
945 969 1220 1023 ἐκόλασεν.
1252 972 1315 1023 Εἰ
1364 972 1473 1043 γάρ
1512 971 1604 1035 οὓς
1659 968 1800 1026 οἶδεν

200 1048 570 1118 ἀδιορθὼτους
617 1051 898 1120 μένοντας,
936 1053 1086 1122 ὅμως
1131 1053 1343 1124 ἀφίησι,
1386 1054 1566 1126 πολλῷ
1600 1055 1800 1125 μᾶλλον

198 1131 301 1197 οὓς
338 1133 452 1205 ᾔδει
501 1134 895 1205 κερδανοῦντας
940 1136 1047 1189 ἀπὸ
1083 1137 1181 1207 τῆς
1217 1137 1381 1191 αὐτοῦ
1419 1139 1803 1210 μακροθυμίας

199 1217 391 1270 εἴασεν
437 1216 508 1270 ἀν
535 1219 591 1270 ἐν
640 1220 705 1289 τῇ
742 1217 991 1293 παρούσῃ
1020 1219 1154 1292 ζωῇ,
1183 1220 1322 1275 ὥστε
1355 1222 1665 1277 ἀπολαῦσαι
1703 1225 1802 1293 τῆς

205 1299 551 1370 προθεσμίας
593 1301 672 1364 είς
709 1302 1019 1373 μετάνοιαν.
1061 1304 1201 1357 Νυνὶ
1239 1304 1295 1357 δέ
1355 1304 1800 1379 προαναρπάζων

200 1383 425 1447 αὐτοὺς,
457 1383 733 1448 κάκείνοις
788 1385 1128 1457 κουφοτέραν
1169 1386 1268 1458 τὴν
1311 1389 1428 1441 ἐκεῖ
1459 1389 1615 1460 δίκην
1663 1388 1800 1442 καθ-

204 1465 419 1537 ίστησι,
456 1470 550 1521 καὶ
604 1465 828 1531 τούτους
882 1472 1363 1542 σωφρονεστέρους
1412 1475 1531 1536 ταῖς
1573 1472 1798 1525 ἐκείνων

199 1551 500 1622 τιμωρίαις
545 1553 964 1625 κατεργάζεται.
1011 1555 1124 1607 Kal
1166 1555 1312 1618 τίνος
1353 1555 1540 1608 ἐνεκεν
1570 1557 1670 1608 οὐκ
1705 1557 1799 1609 ἐπὶ

202 1636 426 1689 πάντων
476 1635 635 1690 τοῦτο
672 1641 817 1690 ποιεῖ
865 1637 976 1692 τῶν
1034 1639 1328 1708 πονηρῶν;
1372 1639 1490 1692 ’Ἱνα
1528 1638 1605 1710 τῷ
1647 1638 1797 1710 φόϐῳ

200 1722 301 1773 καὶ
333 1722 452 1782 ταῖς
495 1719 696 1790 ἐτέρων
729 1720 1022 1792 τιμωρίαις
1071 1722 1325 1790 μένοντες
1368 1722 1797 1794 σωφρονέστεροι

198 1803 496 1871 γένωνται.
532 1805 625 1856 καὶ
676 1805 773 1875 τὴν
823 1804 1211 1876 μακροθυμίαν
1265 1806 1655 1870 ἐπαινέσαντες
1701 1805 1797 1859 τοῦ

198 1885 339 1939 Θεοῦ
380 1886 476 1940 καί⁵
514 1888 615 1957 τὴν
649 1887 952 1941 ἐπιείκειαν
991 1887 1355 1953 αἰδεσθέντες,
1387 1890 1490 1960 τῆς
1528 1889 1800 1960 πονηρίας

197 1970 536 2024 ἀποστῶσιν.
573 1971 714 2023 Ἀλλ’
738 1971 890 2024 οὐδὲν
919 1970 1126 2024 τούτων
1157 1971 1390 2036 ποιοῦσι,
1427 1971 1611 2042 φησίν.
1654 1971 1794 2024 Ἀλλ’

196 2053 300 2124 οὐχ
338 2053 524 2117 όΘεὸς
568 2055 740 2117 αῐτιος
787 2054 996 2119 λοιπὸν,
1040 2055 1157 2107 ἀλλ’
1204 2056 1236 2126 ή
1281 2056 1504 2109 ἐκείνων
1553 2054 1796 2126 ῥᾳθυμία

200 2137 280 2208 μὴ
311 2137 676 2209 βουληθέντων
704 2139 979 2203 τοσούτοις
1008 2139 1323 2210 φαρμάκοις
1348 2141 1429 2202 εἰς
1459 2139 1556 2210 τὴν
1589 2139 1800 2192 οἰκείαν

198 2221 619 2294 ἀποχρήσασθαι
644 2221 940 2292 σωτηρίαν.
974 2221 1079 2274 Kal
1109 2224 1196 2275 ἵνα
1229 2221 1407 2292 μάθῃς
1423 2223 1508 2274 ὅτι
1529 2221 1618 2274 διὰ
1639 2221 1798 2275 τοῦτο

195 2302 362 2356 τοῦτο
392 2308 554 2365 ποιεῖ,
581 2304 818 2375 πρόσεχε
842 2311 887 2358 ⁸.
921 2303 1116 2374 ’Έμιξέ
1140 2322 1270 2358 ποτε
1302 2305 1363 2358 τὸ
1389 2299 1530 2376 αἷμα
1554 2304 1664 2358 τῶν
1690 2305 1729 2357 Γ
1732 2323 1795 2358 a-

196 2385 424 2441 λιλαίων
461 2389 489 2439 6
524 2387 757 2450 Πιλᾶτος
789 2387 929 2458 μετά
955 2388 1064 2440 τῶν
1093 2387 1319 2452 θυσιῶν,
1353 2388 1448 2463 καὶ
1472 2388 1798 2459 προσελθόν-

195 2489 292 2534 τες
325 2472 470 2535 τινές
496 2471 841 2541 ἀπήγγειλαν
858 2471 935 2543 τῷ
956 2472 1180 2543 Χριστῷ
1204 2472 1337 2525 αὐτὸ
1357 2471 1518 2526 τοῦτο
1536 2489 1550 2503 ⁸
1585 2473 1680 2526 καὶ
1710 2473 1798 2525 λέο

194 2571 286 2622 γει
304 2570 316 2584 ·
354 2556 418 2608 Τί
440 2555 672 2609 δοκεῖτε
687 2555 775 2608 ὅτι
803 2555 1022 2609 ἐκεῖνοι
1050 2559 1102 2609 οἱ
1119 2557 1437 2610 Γαλιλαῖοι
1457 2557 1796 2625 ἁμαρτωλοὶ

187 2639 369 2708 μόνοι
400 2634 600 2708 ἦσανς
624 2639 793 2707 Οὐχὶ,
829 2639 984 2708 λέγω
1021 2639 1167 2709 ὑμῖν
1188 2656 1201 2670 °
1238 2641 1415 2703 ἀλλ’,
1444 2640 1555 2694 ἐὰν
1577 2639 1664 2709 μὴ
1689 2658 1796 2710 με·

195 2723 560 2790 τανοήσητε,
587 2725 685 2776 καὶ
717 2722 887 2792 ὑμεῖς
919 2725 1136 2793 ὁμοίως
1162 2724 1514 2778 ἀπολεῖσθε.
1567 2724 1737 2780 Πάλιν
1766 2727 1794 2766 ὶ)

193 2805 378 2877 ἕτεροι
399 2806 532 2860 δέκα
563 2807 654 2859 κα).
689 2805 833 2859 ὀκτὼ
873 2805 1301 2877 κατεχώσθησαν
1329 2807 1434 2860 ὑπὸ
1476 2807 1690 2878 πύργου
1715 2827 1795 2862 τι-

192 2890 288 2952 νός
312 2906 324 2918 ’
358 2889 452 2942 καὶ
502 2890 632 2960 περὶ
679 2890 906 2943 ἐκείνων
946 2890 1016 2942 τὰ
1058 2889 1199 2942 αὐτά
1229 2886 1350 2943 εἷπε
1376 2906 1389 2918 ·
1453 2889 1530 2960 τῷ
1561 2893 1659 2961 μέν
1686 2893 1794 2964 γάρ

193 2974 395 3035 εἰπεῖν,
425 2971 493 3025 Τί
520 2971 749 3026 δοκεῖτε
773 2973 860 3026 ὅτι
891 2973 1109 3026 ἐκεῖνοι
1136 2973 1475 3042 ἀμαρτωλοί
1505 2973 1670 3042 ἦσαν
1694 2977 1795 3044 μό-

191 3057 523 3125 νονςοὺχί,
578 3055 734 3126 λέγω
776 3057 952 3126 ὑμῖν·
997 3058 1202 3124 ἔδειξεν
1258 3060 1340 3112 ὃτι
1370 3060 1464 3112 καὶ
1506 3060 1556 3112 οἱ
1591 3058 1794 3123 ζῶντες

189 3139 306 3192 τῶν
339 3139 518 3192 αὐτῶν
547 3133 688 3210 ἦσαν
717 3139 1037 3194 ὑπεύθυνοι·
1071 3141 1150 3211 τῷ
1178 3141 1235 3194 δέ
1270 3144 1444 3195 εἰπεῖν
1470 3181 1484 3204 ,
1521 3142 1604 3194 ὅτι
1651 3141 1793 3195 Ἐὰν

95 3266 100 3269 .
187 3222 278 3292 μὴ
294 3221 736 3292 μετανοήσητε.
770 3225 867 3277 καὶ
907 3224 1078 3294 ὑμεῖς
1110 3225 1395 3291 ὡσαύτως
1437 3224 1788 3289 ἀπολεῖσθε,

191 3306 400 3370 ἔδειξεν
434 3307 515 3360 ὅτι
543 3307 818 3370 κάκείνοις
858 3307 1204 3379 συνεχώρησε
1235 3307 1324 3361 διὰ
1351 3307 1510 3362 τοῦτο
1560 3308 1788 3370 παθεῖν,

193 3388 288 3442 ἵνα
315 3392 362 3442 οἰ
392 3388 593 3454 ζῶντες
626 3393 692 3443 ἐκ
720 3390 824 3443 τῶν
847 3391 1056 3462 ἑτέροις
1096 3389 1421 3460 συμϐάντων
1459 3389 1792 3459 φοϐηθέντες

193 3473 294 3525 καὶ
329 3475 794 3542 μετανοήσαντες,
827 3472 1102 3542 βασιλείας
1135 3472 1464 3543 κληρονόμοι
1502 3472 1786 3540 γένωνται.

192 3555 263 3607 Τί
293 3552 422 3613 οὖν,
458 3557 544 3609 ἵνα
572 3557 820 3627 γένωμαι
845 3557 955 3625 ἐγὼ
980 3557 1206 3627 βελτίων
1240 3559 1448 3620 ἐκεῖνος
1484 3554 1790 3620 κολάζεταις

195 3639 366 3710 φησίν
391 3657 405 3704 ;
445 3640 517 3692 Οὐ
541 3639 630 3692 διά
653 3639 831 3706 τοῦτο,
863 3640 999 3693 ἀλλά
1025 3639 1316 3703 κολάζεται
1352 3639 1452 3710 μὲν
1476 3638 1564 3690 διὰ
1588 3640 1687 3708 τὴν
1709 3641 1789 3692 οί-

194 3723 356 3776 κείαν
383 3724 690 3794 ἀμαρτίανυ
721 3724 932 3792 γίνεται
961 3725 1018 3777 δέ
1047 3725 1111 3777 ἐκ
1133 3723 1452 3795 περιουσίας
1476 3725 1587 3785 τοῖς
1618 3740 1789 3794 προσ-

192 3807 384 3876 έχουσι
417 3807 689 3880 σωτηρίας
714 3807 972 3870 ὑπόθεσις
991 3847 1005 3871 ,
1035 3806 1111 3877 τῷ
1151 3807 1303 3878 φόϐῳ
1337 3806 1447 3860 τῶν
1473 3805 1621 3876 αὐτῷ
1649 3823 1790 3877 συμ-

191 3890 410 3943 ϐάντων
441 3891 894 3962 σπουδαιοτέρους
922 3891 1120 3953 αὐτοὺς
1161 3890 1354 3943 ποιῶν.
1403 3889 1559 3942 Οῦτω
1588 3890 1682 3941 καὶ
1704 3890 1789 3941 δε-

193 3974 396 4027 σπόται
425 3973 670 4028 ποιοῦσιν
691 3992 704 4006 ·
736 3975 835 4028 ἐνα
866 3973 1128 4037 πολλάκις
1172 3971 1621 4044 μαστιγώσαντες
1644 3973 1790 4025 οἰκέ-

187 4073 316 4127 την,
347 4058 472 4120 τοὺς
486 4057 706 4120 λοιποὺς
728 4058 1204 4129 σωφρονεστέρους
1232 4056 1500 4126 ἐποίησαν
1515 4046 1593 4127 τῷ
1617 4057 1786 4124 φόϐῳ.

192 4140 369 4193 Ὅταν
396 4135 489 4193 οὖν
509 4140 625 4212 ἴδῃς
645 4141 799 4203 τινάς
827 4141 860 4212 ἢ
889 4141 1137 4210 ναυαγίῳ
1169 4139 1592 4211 περιπεσόντας,
1623 4141 1654 4210 ἢ
1687 4140 1791 4192 ὐπὸ

185 4223 376 4286 οἰκίας
409 4223 897 4293 καταχωσθέντας,
924 4226 956 4295 ἢ
992 4224 1096 4276 ὐπὸ
1119 4224 1456 4295 ἐμπρησμοῦ
1506 4224 1790 4294 παραπολ-

185 4296 480 4378 λυμένους,
505 4308 539 4379 ἢ
565 4308 670 4360 ὑπὸ
698 4299 966 4377 ποταμῶν
985 4308 1429 4378 παρασυρέντας,
1454 4308 1657 4379 ἢάλλῳ
1681 4309 1790 4360 τινὶ

184 4390 382 4462 τρόπῳ
402 4392 630 4462 τοιούτῳ
660 4391 822 4461 βιαίῳ
850 4393 948 4462 τὴν
993 4391 1154 4462 ζωὴν·
1185 4389 1622 4454 καταλύσαντας,
1669 4387 1789 4444 εἶτα

183 4475 415 4546 ἑτέρους
436 4475 504 4528 τά
529 4475 670 4529 αὐτά
707 4476 888 4538 αὐτοῖς
918 4476 951 4546 ἢ
984 4476 1078 4528 καὶ
1104 4475 1172 4528 τά
1203 4475 1422 4546 χείρονα
1446 4475 1788 4548 ἁμαρτάνονα

179 4576 311 4623 τας,
339 4558 434 4611 καὶ
466 4559 632 4629 μηδὲν
657 4560 931 4623 παθόντας
959 4558 1227 4624 τοιοῦτον,
1268 4561 1342 4630 μὴ
1374 4558 1682 4630 θορυϐηθῇς
1707 4557 1790 4611 λέ-

179 4658 327 4711 γων’
354 4641 419 4694 Τί
469 4641 672 4712 δήποτε
702 4644 771 4696 τά
796 4643 935 4696 αὐτά
983 4643 1418 4714 ἁμαρτάνοντες,
1446 4643 1507 4694 οὐ
1542 4641 1609 4694 τά
1649 4641 1788 4694 αὐτά

179 4726 568 4793 πεπόνθασιν;
599 4727 735 4780 ἀλλὰ
762 4727 918 4780 τοῦτο
949 4726 1191 4795 λογίζου,
1231 4727 1314 4779 ὃτι
1349 4725 1442 4780 τὸν
1476 4726 1574 4796 μὲν
1603 4725 1787 4779 εἴασεν

178 4810 543 4882 ἀναιρεθῆναι
567 4812 662 4864 καὶ
684 4809 1079 4879 ἀποπνιγῆναι,
1105 4809 1467 4880 ήμερωτέραν
1503 4809 1653 4879 αὐτῷ
1679 4825 1785 4862 πα-

180 4894 546 4966 ρασκευάζων
573 4905 595 4932 ο
622 4894 722 4964 τὴν
745 4896 864 4947 ἐκεῖ
886 4893 1183 4966 τιμωρίαν,
1213 4893 1245 4963 ᾗ
1275 4893 1370 4945 καὶ
1401 4891 1587 4944 τέλεον
1618 4893 1782 4946 αὐτὸν

176 4977 576 5035 ἀπαλλάττων·
605 4977 795 5031 τοῦτον
824 4978 879 5031 δέ
910 4977 1062 5030 οὐδὲν
1088 4977 1266 5046 ἀφῆκε
1287 4975 1529 5029 τοιοῦτον
1565 4976 1778 5042 παθεῖν,

173 5069 276 5116 tia
404 5060 594 5114 τούτου
624 5061 868 5131 τιμωρίᾳ
910 5059 1301 5130 σωφρονισθείς
1321 5098 1334 5124 ,
1378 5059 1782 5130 ἐπιεικέστερος

179 5147 417 5216 γένηται
437 5163 448 5175 ·
482 5144 548 5197 ἂν
575 5144 632 5197 δὲ
663 5143 901 5216 ἐπιμένῃ
923 5145 1036 5205 τοῖς
1071 5145 1256 5206 αὐτοῖς
1282 5184 1296 5208 ,
1341 5142 1784 5214 ἀπαραμύθητον

171 5229 368 5299 ἑαυτῷ
400 5229 553 5300 παρά
605 5231 719 5291 τοῖς
748 5228 945 5281 ἐαυτοῦ
987 5226 1140 5299 [749]
1191 5227 1466 5299 ῥᾳθυμίας
1517 5227 1784 5296 σωρεύσει

175 5313 286 5383 τὴν
315 5312 586 5383 τιμωρίαν
606 5327 618 5340 °
650 5312 746 5364 καὶ
797 5312 824 5362 6
856 5311 988 5373 Θεὸς
1021 5310 1122 5362 οὐκ
1151 5312 1323 5373 αίτιος
1372 5310 1472 5380 τῆς
1503 5311 1781 5381 ἀφορήτου

173 5395 483 5458 κολάσεως.
542 5395 709 5448 Πάλιν
767 5394 833 5447 ἂν
866 5393 980 5466 ἴδῃς
1029 5394 1238 5446 δίκαιον
1278 5394 1618 5465 θλιϐόμενον,
1651 5393 1683 5463 ἦ
1719 5393 1784 5447 τὰ

173 5479 564 5552 προειρημένα
589 5479 807 5532 ἅπαντα
837 5478 1140 5547 πάσχοντα,
1173 5477 1248 5549 μὴ
1290 5477 1614 5550 καταπέσῃς
1634 5493 1647 5506 ο
1688 5475 1782 5529 καὶ

167 5567 294 5635 τερ
321 5563 559 5633 κάκείνῳ
591 5561 1012 5634 λαμπροτέρους
1042 5564 1170 5626 τοὺς
1215 5562 1514 5633 στεφάνους
1551 5563 1782 5633 ἐργάζε-

243 5731 273 5761 ⁸
296 5729 672 5792 Πρόσεχεᾶεεεῑ
693 5729 740 5778 in
763 5730 957 5779 duobus
977 5743 1094 5780 mss.

237 5793 271 5835 ι»
299 5777 399 5842 Αιιῑ
417 5777 498 5841 xuii
515 5793 646 5855 ὐμεῖς
662 5793 722 5840 τὰ
742 5793 862 5841 αὐτὰ
882 5794 1229 5852 ὐποστήσεσθε,
1250 5793 1404 5842 πάλιν.

243 5860 268 5887 (⁵
296 5856 394 5902 Aiii
416 5860 466 5901 et
489 5857 635 5902 Savil.
666 5855 714 5900 in
736 5869 887 5916 marg.
915 5855 1301 5909 κατασκευάζων.

243 5918 268 5960 ἆ
309 5919 345 5964 Α
372 5917 402 5964 Ii
425 5916 566 5963 δεινὼ
599 5917 676 5964 καὶ
699 5918 784 5973 γὰρ
809 5918 1009 5976 τιμωρία
1032 5921 1182 5976 πᾶσα,
1207 5919 1262 5962 ἂν
1289 5917 1386 5978 μέν.

1415 444 1504 502 DE
1544 444 1823 501 LAZARO
1865 444 2117 503 CONCK)
2157 447 2246 503 ιιι.

3369 445 3505 502 ιιοι

1910 577 1999 614 ται
2032 560 2100 614 τὰ
2128 560 2297 614 δεινά.
2324 560 2433 613 Καὶ
2466 560 2653 625 ἁπλῶς
2682 563 2830 617 πᾶσα
2855 563 3101 627 κόλασις,
3129 563 3194 618 ἂν
3224 564 3322 633 μὲν
3342 562 3368 600 ά
3408 566 3502 620 ἐπι

1910 645 2252 716 ἁμαρτωλῶν
2277 643 2518 714 γίνηται,
2571 645 2936 716 ὑποτέμνεται
2989 648 3176 718 τὸτῆς
3227 645 3504 719 ἁμαρτίας

1908 727 2129 798 φορτίον
2148 746 2160 758 ·
2186 727 2252 780 ἂν
2272 727 2330 780 δέ
2352 728 2446 780 ἐπὶ
2471 729 2727 794 δικαίων,
2747 730 3112 801 φαιδροτέραν
3131 731 3312 783 αὐτῶν
3335 733 3474 800 ἐργά
3490 762 3511 775 ο

1906 810 2062 874 ζεται
2090 811 2190 881 τὴν
2223 810 2422 882 ψυχὴν,
2456 812 2552 866 καί⁵
2588 812 2844 884 μέγιστον
2897 814 3185 884 ἑκατέροις
3222 813 3282 865 τὸ
3312 812 3506 884 κέρδος

1906 895 2015 947 ἀπὸ
2038 895 2138 962 τῆς
2189 893 2423 963 θλίψεως
2484 896 2794 964 συμϐαίνει,
2847 895 3010 966 μόνον
3036 897 3133 950 ἐάν
3162 897 3505 968 εὐχαρίστως

1906 977 2163 1048 φέρωμεν
2183 995 2197 1009 ·
2230 977 2387 1031 τοῦτο
2420 977 2529 1049 γάρ
2559 979 2675 1031 ἐστι
2697 978 2758 1031 τὸ
2791 978 3150 1049 ζητούμενον.

1977 1109 2042 1165 θ’.
2066 1110 2164 1162 Διά
2194 1109 2351 1162 τοῦτο
2378 1111 2588 1181 μυρίων
2617 1110 2876 1165 τοιούτων
2907 1114 3376 1185 παραδειγμάτων
3400 1117 3503 1187 τῆς

1905 1190 2058 1254 θείας
2085 1192 2311 1262 Γραφῆς
2337 1195 2368 1264 ή
2404 1194 2615 1265 ἱστορία
2654 1206 2676 1233 ο
2700 1195 3112 1267 ἐμπέπλησται,
3134 1199 3229 1250 καὶ
3257 1198 3504 1264 δικαίους

1905 1275 1996 1326 καὶ
2021 1276 2292 1345 πονηροὺς
2329 1277 2516 1339 κακῶς
2561 1278 2873 1349 πάσχοντας
2923 1281 3058 1348 ἡμῖν
3098 1279 3498 1343 ὑποδείκνυσιν,

1904 1357 1993 1411 ἵνα
2021 1357 2086 1411 ἀν
2110 1375 2168 1410 τε
2194 1356 2399 1422 δίκαιος
2487 1375 2592 1422 τις,
2618 1358 2685 1413 ἄν
2719 1377 2779 1413 τε
2839 1361 3190 1432 ἁμαρτωλὸς,
3248 1363 3388 1434 ἔχων
3433 1366 3504 1419 τὰ

1904 1441 2301 1510 ὑποδείγματα,
2338 1441 2480 1514 φέρῃ
2521 1442 2806 1510 γενναίως.
2837 1445 2912 1496 Οὐ
2951 1445 3260 1516 πάσχοντας
3299 1447 3354 1501 δὲ
3398 1465 3501 1502 κα-

1903 1523 2016 1586 κῶς
2045 1523 2225 1593 μόνον,
2253 1523 2394 1576 ἀλλά
2422 1525 2517 1577 καὶ
2553 1525 2970 1595 εὐπραγοῦντάς
3002 1545 3084 1581 σοι
3122 1529 3361 1582 δείκνυσι
3405 1548 3502 1584 πο-

1902 1608 2122 1677 νηροὺς,
2151 1607 2236 1658 ἵνα
2271 1606 2345 1678 μὴ
2373 1609 2494 1670 ταῖς
2538 1609 2761 1660 ἐκείνων
2790 1609 3120 1681 εὐπραγίαις
3169 1611 3499 1684 θορυϐηθῇς,

1907 1689 2094 1759 μαθὼν
2131 1690 2240 1743 ἀπδ
2271 1690 2379 1743 τῶν
2420 1690 2498 1761 τῷ
2536 1691 2776 1760 πλουσίῳ
2816 1693 2992 1762 τούτῳ
3045 1695 3500 1765 συμϐεϐηκότων,

1902 1767 2014 1824 οἷον
2040 1772 2240 1836 αὐτοὺς
2277 1774 2415 1842 μετά
2456 1773 2629 1827 ταῦτα
2665 1775 2816 1844 μένει
2848 1775 2908 1828 τὸ
2954 1775 3087 1849 πῦρ,
3119 1778 3168 1829 εί
3220 1778 3294 1848 μὴ
3331 1795 3500 1848 μετα-

1903 1853 2155 1925 ϐληθεῖεν
2195 1854 2240 1907 τ.
2273 1857 2380 1908 Kal
2406 1857 2506 1909 οὐκ
2527 1857 2664 1916 ἔστι,
2700 1858 2855 1928 φησὶ,
2885 1858 2979 1910 καὶ
3003 1860 3242 1914 ἐνταῦθα
3270 1863 3365 1914 καὶ
3387 1863 3504 1915 ἐκεῖ

1905 1937 2142 2002 ἀνέσεως
2173 1939 2470 1993 ἀπολαύειν
2495 1957 2510 2006 ;
2550 1941 2664 1992 Οὐκ
2687 1941 2823 1994 ἔστι.

1973 2079 2074 2132 Διά
2104 2078 2266 2132 τοῦτο
2291 2079 2528 2134 ἐνταῦθα
2551 2081 2600 2133 οἱ
2620 2080 2819 2134 δίκαιοι
2849 2081 2941 2133 τὸν
2970 2082 3231 2134 ἐπίπονον
3264 2083 3502 2138 ἐϐίωσαν

1908 2161 2041 2230 βίον.
2083 2162 2147 2214 Τί
2177 2157 2304 2224 οὖν,
2360 2164 2546 2233 φησὶν,
2581 2165 2610 2216 6
2649 2163 2936 2234 Ἀϐραάμ;
2981 2166 3090 2218 Kal
3129 2166 3215 2228 τίς
3262 2166 3504 2221 τοσαῦτα

1901 2245 2071 2298 ἔπαθε
2101 2246 2427 2317 δεινά;οὐχὶ
2461 2248 2559 2317 τῆς
2585 2249 2844 2319 πατρίδος
2882 2250 3178 2316 ἐξέπεσενς
3227 2252 3352 2321 οὐχὶ
3391 2251 3504 2304 τῶν

1899 2329 2120 2381 οίκείων
2151 2329 2425 2400 ἐχωρίσθη
2451 2331 2703 2395 πάντων;
2738 2332 2838 2384 οὐκ
2870 2333 2926 2384 ἐν
2951 2333 3211 2403 ἀλλοτρίᾳ
3240 2337 3308 2404 γῇ
3344 2334 3503 2405 λιμὸν

1901 2411 2227 2482 ὐπέμεινεν;
2258 2413 2399 2481 οὐχὶ,
2439 2412 2693 2484 καθάπερ
2746 2413 2974 2486 ἀλήτης,
3014 2416 3255 2488 συνεχῶς
3301 2434 3500 2487 μεταν-

1903 2495 2090 2549 ίστατο
2111 2539 2124 2560 ,
2155 2495 2265 2549 ἀπὸ
2306 2496 2622 2560 Βαϐυλῶνος
2655 2499 2733 2560 εἰς
2760 2499 3215 2571 Μεσοποταμίαν,
3247 2502 3504 2555 κάκεῖθεν

1899 2580 1979 2642 εἰς
2009 2580 2400 2648 Παλαιστίνην,
2435 2577 2554 2632 εἶτα
2578 2581 2830 2633 ἐντεῦθεν
2857 2583 2937 2645 εἰς
2977 2583 3293 2650 Αἴγυπτον;
3329 2584 3394 2636 Τί
3437 2586 3503 2639 ἀν

1897 2679 1981 2725 τις
2014 2664 2159 2716 εἴποι
2189 2663 2316 2725 τοὺς
2340 2663 2441 2733 τῆς
2463 2662 2747 2730 γυναικὸς,
2772 2665 2899 2726 τοὺς
2928 2665 3037 2716 τῶν
3072 2665 3365 2737 βαρϐάρων
3401 2684 3501 2719 πο-
3541 2683 3548 2688 ·

1898 2743 2099 2814 λέμους
2129 2745 2224 2797 καὶ
2258 2747 2473 2814 σφαγάς
2494 2761 2508 2807 ;
2527 2746 2624 2815 τὴν
2648 2745 3029 2815 αἰχμαλωσίαν
3057 2748 3155 2818 τῆς
3178 2747 3273 2801 τοῦ
3305 2766 3505 2816 συγγεα

1899 2827 2022 2889 νοῦς
2061 2826 2266 2891 οἰκίαςς
2301 2829 2472 2897 μυρία
2498 2828 2661 2898 ἓτερα
2694 2828 2957 2895 τοιαῦτα;
2993 2831 3122 2882 Ὅτε
3163 2831 3219 2882 δὲ
3264 2833 3359 2884 καὶ
3409 2832 3503 2885 τὸν

1899 2910 2012 2963 υίὸν
2045 2910 2259 2972 ἐλαϐεν,
2289 2912 2351 2963 οὐ
2389 2910 2456 2963 τά
2492 2912 2710 2964 πάντων
2759 2911 3037 2981 ἀνήκεστα
3083 2914 3370 2984 ὑπέμεινε,
3408 2907 3531 2966 τὸν’

1897 2992 2048 3062 αὐτῷ
2079 2993 2330 3046 ποθεινὸν
2347 2994 2439 3046 καὶ
2462 2994 2766 3064 ἐπέραστον
2789 2997 2912 3056 ταῖς
2930 2995 3097 3048 αὐτοῦ
3123 2997 3321 3064 σφάξαι
3343 3000 3502 3068 χερσὶ

1896 3076 2282 3146 κελευόμενος;
2314 3077 2379 3129 Τί
2411 3077 2468 3130 δὲ
2497 3078 2705 3140 αὐτὸςό
2729 3079 3092 3146 σφαγιασθείς
3130 3080 3350 3147 Ἰσαάκ;
3379 3083 3502 3152 οὐχὶ

1899 3160 2167 3212 πάντοθεν
2197 3160 2463 3229 ⁴ἢλαύνετο
2494 3162 2644 3232 παρὰ
2678 3159 2788 3214 τῶν
2829 3163 3047 3233 ὁμόρων
3090 3165 3355 3234 συνεχῶς,
3406 3167 3503 3219 καὶ

1895 3242 1995 3314 τὴν
2027 3247 2260 3311 γυναῖκα
2288 3245 2562 3315 ἀφῃρέθη,
2600 3244 2852 3316 καθάπερ
2885 3247 3026 3299 καὶὸ
3053 3247 3258 3318 πατὴρ,
3306 3249 3400 3301 καὶ
3440 3251 3498 3302 ἐν

1895 3327 2128 3398 ἀπαιδίᾳ
2159 3328 2414 3381 τοσοῦτον
2443 3329 2682 3400 διέμεινε
2715 3331 2909 3401 χρόνον
2931 3347 2945 3395 ;
2971 3330 3035 3382 Τί
3060 3331 3116 3384 δέ
3144 3333 3172 3384 6
3209 3331 3428 3396 Ἰακὼϐ,
3469 3333 3500 3385 ὁ

1894 3411 1952 3461 ἐν
1973 3410 2122 3479 οἰκίᾳ
2147 3411 2401 3482 τραφεὶς,
2436 3413 2558 3481 οὐχὶ
2595 3412 2690 3465 τοῦ
2726 3414 2955 3466 πάππου
2993 3412 3352 3486 χαλεπώτερα
3395 3415 3501 3468 ὐπ-

1895 3490 2077 3562 έμεινε
2095 3508 2108 3557 ;
2124 3492 2229 3546 Kal
2253 3493 2340 3547 ἵνα
2366 3494 2440 3564 μὴ
2461 3492 2639 3547 πάντα
2660 3494 3061 3564 καταλέγοντες
3089 3496 3306 3568 μακρὸν
3329 3497 3500 3550 ποιῶ-

1897 3593 1996 3645 μεν
2035 3576 2125 3630 τὸν
2172 3576 2351 3646 λόγον,
2414 3578 2647 3632 ἄκουσον
2700 3579 2752 3632 τί
2783 3597 2920 3651 φησι
2970 3581 3099 3652 περί
3145 3582 3246 3651 τῆς
3274 3581 3498 3652 ἀπάσης

1893 3659 2060 3714 αὐτοῦ
2093 3659 2270 3731 ζωῆς·
2303 3663 2517 3729 Μικραί
2551 3663 2652 3714 καὶ
2695 3664 2956 3730 πονηραὶ
3015 3667 3075 3717 al
3112 3665 3326 3732 ἡμέραι
3350 3683 3494 3734 μου,

1893 3743 1992 3795 καὶ
2017 3745 2128 3797 οὐκ
2179 3745 2472 3814 ἀφίκοντο
2511 3749 2600 3814 εἰς
2628 3747 2738 3812 τὰς
2777 3748 3001 3817 ἡμέρας
3053 3749 3174 3802 τῶν
3219 3750 3500 3818 πατέρων

1887 3844 2029 3895 μου.
2065 3827 2262 3880 Καίτοι
2289 3827 2372 3891 τίς
2401 3827 2523 3880 ἰδὼν
2557 3829 2670 3882 υἱὸν
2701 3830 2795 3882 ἐπὶ
2821 3830 3012 3902 θρόνου
3045 3831 3331 3901 βασιλικοῦ
3360 3833 3497 3885 καθ-

1892 3912 2096 3981 ήμενον
2128 3913 2221 3964 καὶ
2249 3912 2522 3983 τοσαύτης
2556 3914 2900 3968 ἀπολαύοντα
2929 3916 3110 3984 δόξης,
3142 3916 3243 3968 οὐκ
3293 3915 3359 3970 ἂν
3397 3919 3498 3970 ἐπ-

1892 3993 2096 4065 ελήσθη
2111 3994 2220 4046 τῶν
2241 3994 2629 4066 παρελθουσῶν
2652 4016 2715 4050 συ
2725 3998 2980 4068 μφορῶν;
3019 3999 3160 4051 Ἀλλ’
3177 4001 3334 4070 ὅμως
3351 4000 3497 4052 ἐκεῖ·

1891 4094 1980 4140 νος
2005 4075 2179 4138 οὕτως
2208 4071 2277 4147 ἦν
2303 4081 2797 4150 τεταριχευμένος,
2827 4084 2902 4146 ὼς
2947 4084 3082 4153 μηδέ
3124 4086 3182 4136 ἐν
3214 4068 3494 4155 εὐημερίᾳ

1889 4159 2130 4232 τοσαύτῃ
2152 4161 2509 4217 ἐπιλαθέσθαι
2541 4165 2650 4216 τῶν
2683 4167 3069 4236 γεγενημένων
3089 4168 3300 4220 δεινῶν.
3345 4167 3410 4218 Τί
3437 4165 3494 4218 δέ

1889 4247 1917 4297 ὁ
1957 4247 2159 4312 Δαυῖδ;
2191 4247 2365 4309 πόσας
2394 4248 2656 4318 ὑπέμεινε
2691 4252 3038 4322 τραγῳδίας;
3069 4253 3190 4322 οὐχὶ
3241 4251 3309 4303 τὰ
3353 4249 3493 4303 αὐτὰ

1889 4328 2040 4399 αὐτῷ
2086 4330 2179 4382 καὶ
2229 4323 2387 4394 οὗτος
2436 4331 2734 4400 φθέγγεται
2784 4333 2990 4402 λέγων·
3020 4339 3092 4391 ΑΙ
3132 4335 3343 4404 ἡμέραι
3376 4333 3495 4387 τῶν

1889 4410 2042 4465 ἐτῶν
2066 4411 2237 4480 ἡμῶν
2267 4413 2337 4465 ἐν
2365 4413 2571 4479 αὐτοῖς
2600 4415 3012 4484 ἐϐδομήκοντα
3039 4419 3146 4486 ἔτη
3166 4435 3178 4447 ο
3208 4419 3316 4471 ἐὰν
3337 4417 3404 4469 δὲ
3426 4419 3494 4470 ἐν

1889 4495 2298 4562 δυναστείαις,
2314 4496 2686 4566 ὀγδοήκοντα
2706 4499 2833 4565 ἔτη,
2854 4499 2951 4552 καί
2968 4500 3031 4552 τὸ
3057 4502 3270 4554 πλεῖον
3293 4501 3494 4554 αὐτῶν

1889 4579 2080 4644 κόπος
2105 4579 2203 4633 καὶ
2247 4581 2477 4646 πόνος;
2510 4581 2574 4633 Τί
2603 4581 2661 4634 δέ
2688 4584 2716 4634 6
2746 4582 3049 4653 Ἰερεμίας;
3099 4584 3220 4654 οὐχὶ
3268 4585 3364 4636 καὶ
3391 4584 3494 4654 τὴν

1889 4662 2104 4732 ἡμέραν
2121 4661 2288 4714 αὐτοῦ
2307 4663 2404 4731 τῆς
2423 4665 2733 4734 γεννήσεως
2764 4667 3073 4735 καταρᾶται
3112 4667 3202 4719 διὰ
3223 4666 3293 4720 τὰ
3319 4666 3492 4719 ἐπάλ-

1888 4743 2028 4814 ληλα
2061 4746 2239 4812 δεινά;
2273 4745 2337 4798 Τί
2363 4747 2422 4800 δέ
2449 4748 2477 4799 6
2506 4748 2748 4818 Μωῦσῆς
2773 4766 2788 4816 ;
2815 4750 2937 4818 οὐχί
2968 4749 3063 4802 καὶ
3097 4750 3258 4814 αὐτὸς
3289 4753 3492 4818 ἀπαγο-

1892 4827 2063 4898 ρεύων
2090 4831 2276 4899 φησὶν,
2324 4830 2713 4885 Ἀπόκτεινόν
2732 4851 2830 4902 με,
2851 4837 2902 4887 εἰ
2931 4833 3086 4887 οὕτω
3112 4853 3215 4904 μοι
3239 4835 3491 4903 μέλλεις

1886 4912 2116 4976 ποιεῖν-ς
2151 4913 2210 4965 '0
2249 4913 2306 4965 δέ
2351 4913 2558 4977 Ἠλίας,
2589 4917 2623 4986 ἡ
2649 4916 3039 4987 οὐρανομήκης
3067 4918 3236 4988 ψυχὴ,
3276 4917 3430 4990 [750]
3461 4921 3489 4970 6

1885 4996 1979 5051 τὸν
2012 4997 2244 5068 οὐρανὸν
2275 4997 2630 5062 ἀποκλείσας,
2661 5001 2722 5051 οὐ
2757 5000 2896 5069 μετὰ
2917 5000 2985 5052 τὰ
3017 5000 3186 5054 πολλὰ
3230 5001 3488 5071 θαύματα

1888 5079 2105 5152 θρηνῶν
2125 5081 2354 5135 διετέλει
2389 5083 2525 5152 πρὸς
2547 5084 2640 5135 τὸν
2669 5081 2834 5149 Θεὸν,
2887 5085 3066 5152 λέγων
3088 5126 3103 5150 ,
3157 5082 3336 5153 Ἆρον
3372 5085 3487 5155 τὴν

1886 5165 2100 5234 ψυχήν
2115 5183 2235 5234 μου
2255 5167 2357 5219 ἀπ’
2379 5166 2546 5235 ἐμοῦ,
2569 5167 2602 5217 ὅ
2611 5185 2661 5220 τι
2678 5170 2788 5220 οὐκ
2810 5170 2925 5236 είμί
2943 5170 3211 5233 ,ϐελτίων
3235 5168 3352 5222 τῶν
3375 5185 3489 5224 πα-

1886 5247 2073 5316 τέρων
2096 5266 2217 5317 μου
2249 5251 2301 5314 l3;
2342 5250 2452 5302 Kal
2495 5250 2546 5301 τί
2578 5251 2682 5322 χρὴ
2721 5250 2926 5305 τούτων
2961 5251 3194 5305 ἕκαστον
3237 5253 3483 5320 ἐπιέναις

1888 5332 2102 5394 Πάντας
2126 5332 2236 5403 γὰρ
2267 5332 2465 5395 αὐτοὺς
2489 5333 2628 5402 ὁμοῦ
2656 5335 2937 5389 συλλαϐὼν
2968 5338 2995 5388 6
3021 5334 3233 5398 Παῦλος
3261 5336 3483 5401 διέξεισι

1886 5413 2084 5483 λέγων·
2126 5413 2554 5482 Περιῆλθονέν
2577 5417 2908 5486 μηλωταῖς,
2943 5419 3015 5472 ἐν
3065 5419 3314 5488 αἰγείοις
3349 5418 3484 5490 δέρ-

1879 5516 2092 5568 μασιν,
2112 5501 2564 5568 ὑστερούμενοι,
2594 5502 2955 5571 θλιϐόμενοι,
2983 5504 3482 5571 κακουχούμενοι,

1883 5575 1972 5636 ὧν
1994 5584 2107 5637 οὐκ
2135 5579 2216 5653 ἦν
2236 5583 2409 5650 ἄξιος
2439 5587 2472 5637 o'
2502 5585 2752 5653 κόσμος.
2787 5587 2898 5640 Kal
2922 5586 3106 5651 ἁπλῶς
3133 5587 3286 5641 πᾶσα
3315 5587 3483 5657 ἀνάγ-

1883 5809 1893 5813 ·
1955 5799 1976 5860 ‘f
1999 5793 2094 5860 ᾼιῑῑ
2115 5798 2144 5852 ἡ
2169 5797 2264 5843 τῶν
2284 5797 2417 5844 θείων
2436 5800 2624 5860 γραφῶν
2645 5803 2742 5847 ἱστ.

1959 5855 1976 5893 τ
2011 5859 2125 5905 Post
2147 5855 2476 5917 μεταϐληθεῐεν
2501 5855 2582 5908 aiii
2601 5863 2781 5910 addunt
2811 5859 3035 5910 ἐντεῦθεν.

1958 5921 1979 5958 ε
2007 5919 2150 5968 Alius
2173 5921 2368 5982 βελτίων
2392 5923 2507 5974 ὑπὲρ
2533 5924 2639 5976 τοὺς
2662 5925 2865 5980 πατέρας
2885 5938 2992 5980 μου.
