4160 6324
698 394 840 446 1007
1405 388 1459 442 S.
1499 381 1775 442 JOANNIS
1804 375 2275 436 CHRYSOSTOMI
2314 372 2628 428 AliClllEP.
2669 370 3205 428 CONSTANTINOP.
3424 446 3427 453 λ
3851 377 3984 431 i003

700 510 1003 579 complures
1033 515 1155 561 ante
1178 518 1274 559 nos
1303 504 1670 557 disseruerunt
1700 499 1752 552 in
1781 498 1917 551 hanc
1952 492 2278 563 parabulam,

702 601 1004 669 complures
1032 594 1274 650 fortassis
1301 601 1355 646 et
1377 601 1494 660 post
1522 605 1618 643 nos
1644 586 1919 641 disserturi
1943 592 2064 637 sunt
2088 600 2099 612 °
2126 596 2283 635 nemo

703 700 881 745 tamen
911 686 1105 757 poterit
1140 692 1279 739 totas
1308 696 1437 751 opes
1466 693 1676 733 eruere.
1706 676 1836 730 Nam
1869 689 1930 727 ea
1957 682 2037 727 est
2064 670 2287 739 opulen-

704 782 791 834 tite
820 788 1004 831 natura
1040 795 1051 829 :
1090 790 1195 845 quo
1226 773 1419 827 foderis
1458 769 1636 833 altius,
1669 766 1771 819 hoc
1810 764 1976 833 magis
2014 760 2287 817 exundant

702 870 866 925 divini
895 881 1085 921 sensus
1111 885 1122 919 :
1156 864 1273 917 fons
1295 862 1435 915 enim
1466 868 1547 913 est
1574 870 1858 924 numquam
1887 853 2162 907 deficiens.

776 960 838 1011 S.
879 957 1087 1026 Babylo:
1122 965 1167 1008 et
1206 962 1484 1022 martyrum
1523 948 1708 1001 habita:
1757 945 2011 1009 orationes
2058 956 2285 1009 panegy-

701 1053 839 1105 ricis.
870 1079 939 1089 --
962 1045 1254 1115 Oportebat
1281 1042 1495 1112 quidem
1522 1038 1799 1108 superiore
1826 1045 2094 1090 conventu
2132 1031 2285 1084 debi-

704 1149 818 1193 tttm
845 1138 947 1192 hoc
977 1135 1306 1190 dissolviSse.
1334 1131 1534 1195 Verum
1577 1122 1681 1183 non
1721 1125 2141 1181 existimavimus
2168 1136 2288 1176 esse

707 1240 879 1285 lutum
922 1228 1062 1283 beati
1103 1224 1317 1294 Babyla:
1359 1231 1414 1277 et
1458 1222 1592 1289 bigte
1620 1227 1925 1274 sanctorum
1971 1221 2285 1284 martyrum,

705 1322 794 1389 qui
821 1327 941 1390 post
970 1318 1115 1371 illum
1138 1320 1504 1376 occurrerunt,
1526 1310 1780 1379 praeclara
1808 1315 1953 1377 gesta
1975 1302 2249 1375 praeterire
2270 1319 2283 1355 :

706 1425 881 1479 coque
906 1407 1209 1462 distulimus
1238 1404 1558 1458 solutionem
1582 1441 1597 1467 ,
1631 1398 1939 1453 dill‘erentes
1967 1398 2017 1449 in
2052 1408 2288 1464 praesen-

710 1511 817 1554 tem
840 1497 1003 1559 diem,
1033 1506 1087 1549 ut
1121 1503 1290 1548 totum
1313 1480 1549 1548 debititm
1573 1488 1947 1544 dissolvamus.
1972 1487 2082 1553 Age
2108 1483 2287 1552 igitur,

706 1591 958 1658 quoniam
991 1596 1043 1641 et
1072 1572 1312 1655 patribus
1338 1598 1463 1637 suas
1492 1579 1677 1635 laudes
1707 1575 2078 1649 persolvimus,
2105 1588 2211 1627 non
2236 1580 2290 1625 ut

710 1679 783 1733 illi
814 1677 1279 1748 promerebantur,
1328 1672 1421 1726 sed
1463 1685 1557 1740 pro
1584 1667 1782 1721 viribus
1813 1664 2011 1718 nostris
2034 1704 2049 1727 ,
2084 1661 2293 1730 persol-

711 1784 899 1825 vamus
925 1780 979 1824 et
1008 1767 1160 1822 vobis
1204 1764 1361 1833 hujus
1391 1758 1736 1831 expositionis
1778 1755 2048 1825 reliquias.
2093 1752 2291 1807 Verum

711 1880 778 1917 ne
810 1878 904 1916 vos
948 1855 1287 1914 delassemini
1312 1896 1329 1921 ,
1372 1854 1678 1924 priusquam
1706 1848 1772 1903 ad
1799 1850 1955 1901 linem
1986 1844 2292 1915 perveneri-

711 1970 851 2016 mus,
898 1951 1044 2006 illinc
1089 1955 1393 2017 repetemus
1437 1954 1738 1997 sermonem
1766 1978 1780 2002 ,
1814 1936 1901 1991 ubi
1948 1936 2094 1989 illum
2128 1948 2296 2001 nuper

712 2045 999 2100 tinivimus.
1021 2039 1249 2095 Ubinam
1274 2035 1419 2089 illum
1444 2029 1746 2086 tinivimus?
1774 2028 1829 2081 ln
1852 2027 1985 2081 chao
2008 2025 2294 2079 dirimente

707 2136 880 2205 justos
906 2148 934 2186 a
963 2127 1354 2201 peccatoribus.
1381 2123 1515 2177 Cum
1544 2122 1683 2175 enim
1714 2118 1936 2173 dixisset
1955 2116 2129 2181 dives,
2158 2116 2296 2167 mitte

714 2227 967 2281 Lazarum
988 2267 1003 2292 ,
1046 2226 1119 2278 illi
1165 2222 1440 2292 respondit
1466 2216 1732 2274 Abraham
1764 2232 1775 2268 :
1806 2213 1970 2268 Chaos
1999 2213 2171 2280 ingens
2200 2210 2294 2275 ﬁr-

712 2328 904 2370 matum
930 2324 1001 2369 est
1024 2317 1156 2368 inter
1184 2329 1276 2366 nos
1300 2320 1347 2365 et
1374 2326 1480 2375 vos,
1505 2317 1561 2361 ut
1586 2308 1671 2376 qui
1696 2305 1851 2359 velint
1878 2302 2062 2356 ist/tino
2087 2301 2299 2353 transire

711 2410 778 2459 ad
808 2422 898 2459 nos
927 2420 1026 2459 non
1056 2403 1271 2473 possint,
1318 2415 1475 2470 neque
1505 2399 1620 2451 hinc
1648 2396 1813 2449 isthuc
1838 2400 2095 2446 transeunt
2126 2392 2145 2462 (
2170 2389 2293 2475 huc.

714 2498 800 2552 16.
849 2496 966 2566 24).
1008 2494 1293 2563 Multisque
1343 2491 1521 2545 verbis
1569 2485 2091 2549 demonstravimus,
2138 2480 2290 2551 quod

714 2597 1057 2658 posteaquam
1082 2586 1224 2640 Deus
1247 2584 1464 2637 multam
1507 2578 1890 2634 humanitatem
1920 2589 2043 2643 erga
2070 2587 2169 2626 nos
2200 2588 2296 2625 ex-

713 2678 904 2743 hibuit,
951 2683 1194 2746 Oportcat
1237 2676 1287 2728 in
1317 2672 1545 2741 propriis
1587 2668 1879 2724 benefactis
1923 2680 2070 2735 spem
2112 2663 2299 2716 salutis

711 2768 997 2831 collocare,
1033 2780 1135 2819 non
1169 2774 1348 2835 patres
1370 2804 1384 2828 ,
1430 2774 1580 2825 avos,
1628 2773 1690 2821 ac
1736 2770 1963 2827 proavos
1992 2767 2293 2815 recensere,

713 2872 888 2926 neque
916 2866 1192 2925 cognatos,
1221 2853 1442 2915 amicos,
1473 2848 1795 2903 domesticos
1825 2861 1888 2899 ac
1911 2845 2134 2898 vicinos.
2166 2841 2299 2894 Fra-

713 2960 789 3001 ter
812 2948 952 3000 enim
985 2962 1085 2998 non
1113 2943 1317 2997 redimit
1350 2940 1600 2994 :redimet
1648 2939 1796 2991 homo
1824 2934 1996 3006 (Psal.
2046 2934 2135 2988 48.
2183 2930 2298 3004 8)?

714 3035 821 3089 Sed
848 3033 1103 3105 quidquid
1130 3028 1401 3099 deprecati
1453 3027 1649 3081 fuerint
1677 3024 2128 3096 supplicarintque
2150 3063 2165 3089 ,
2210 3022 2299 3091 qui

716 3129 839 3183 hinc
864 3140 983 3180 cum
1013 3124 1244 3196 peccatis
1289 3120 1591 3191 tnigrarint,
1623 3119 1889 3171 incassum
1918 3115 2029 3185 jam
2074 3114 2299 3168 frustra-

713 3237 817 3289 que
844 3221 1148 3290 loquentur.
1180 3216 1388 3271 Etenim
1417 3213 1648 3291 virgines
1692 3211 1795 3266 illae
1825 3210 2060 3279 quinque
2105 3206 2300 3277 implo-

717 3292 905 3365 rabant
930 3310 997 3365 ab
1026 3307 1322 3378 :cqualibus
1345 3305 1543 3368 oleum,
1578 3318 1678 3357 nec
1706 3304 2059 3369 impetrarunt
2087 3295 2296 3369 (Matth.

715 3402 806 3472 25)
834 3420 847 3455 :
874 3410 929 3454 et
969 3401 1013 3453 is
1051 3398 1141 3467 qui
1171 3396 1423 3450 talentum
1454 3395 1506 3448 in
1538 3402 1675 3447 terra
1700 3389 1998 3452 defoderat,
2022 3402 2141 3441 cum
2169 3384 2305 3439 mul-

720 3503 825 3545 tam
871 3489 1267 3561 excusationem
1316 3484 1609 3548 attulisset,
1657 3480 1872 3535 tandem
1917 3476 2303 3534 condemnatus

716 3592 818 3637 est.
857 3582 985 3635 Item
1029 3581 1117 3649 qui
1162 3579 1335 3648 ipsum
1364 3575 1685 3630 esurientem
1718 3587 1822 3647 non
1868 3575 2159 3643 paverent,
2203 3581 2303 3620 nec

718 3674 915 3729 sitienti
944 3682 1124 3741 potum
1152 3669 1411 3723 dederant
1446 3684 1458 3720 :
1488 3680 1609 3719 cum
1650 3672 1705 3719 et
1747 3662 1846 3732 ipsi
1877 3660 2159 3714 crederent
2184 3672 2303 3711 sese

718 3766 786 3820 ad
817 3762 1128 3833 ignorantia:
1174 3758 1524 3829 patrocinium
1556 3768 1714 3825 posse
1739 3752 2045 3821 confugere,
2076 3763 2175 3803 nec
2204 3763 2303 3802 ve-

720 3858 859 3909 niam
887 3895 903 3920 ,
954 3866 1053 3906 nec
1092 3848 1490 3905 excusationem
1533 3850 1851 3914 repererunt
1894 3840 2126 3911 (Matth.
2169 3838 2301 3909 22).

721 3946 913 4003 Cznteri
942 3960 1067 3998 vero
1096 3957 1195 3996 nec
1218 3941 1358 4011 quod
1391 3940 1661 3992 hiscereut
1706 3932 1972 3991 ltabebant
1996 3974 2011 4000 ,
2040 3932 2187 3986 velut
2215 3930 2304 3984 ille

722 4037 951 4093 sordidis
996 4036 1212 4089 indutus
1253 4031 1511 4086 vestibus.
1561 4029 1692 4083 Nam
1741 4034 2021 4081 accusatus
2061 4024 2302 4103 obticuit.

721 4128 835 4183 Non
864 4135 1039 4181 autem
1072 4124 1158 4178 hic
1187 4122 1366 4187 modo,
1398 4135 1578 4174 verum
1605 4128 1658 4173 et
1699 4119 1834 4173 alius
1876 4116 1964 4170 ille
1988 4156 2001 4179 ,
2047 4115 2135 4185 qui
2162 4113 2304 4183 quod

722 4221 979 4273 adversus
1009 4210 1309 4284 proximum
1345 4212 1731 4281 prmteritarum
1760 4207 2081 4263 olfeusarum
2113 4205 2303 4259 memi-

724 4310 915 4370 nisset,
960 4314 1279 4372 centumque
1308 4301 1556 4355 denarios
1596 4299 1663 4353 ab
1689 4314 1754 4353 eo
1782 4298 2101 4367 postulasset
2124 4336 2138 4355 .
2186 4304 2306 4363 post

726 4415 889 4469 super
913 4397 994 4449 his
1023 4395 1151 4465 ipsis
1171 4410 1198 4447 a
1222 4393 1437 4447 domino
1467 4390 1828 4459 reprehensus
1849 4388 1916 4442 ob
1938 4386 2303 4441 crudelitatem

728 4500 781 4544 et
825 4485 1299 4547 inhumanitatem,
1349 4481 1480 4536 nihil
1530 4480 1711 4533 habuit
1766 4478 1906 4547 quod
1960 4476 2308 4546 responderet

726 4579 834 4652 (ib.
860 4577 971 4647 i8).
998 4574 1151 4631 Unde
1180 4574 1517 4643 perspicuum
1544 4580 1642 4635 est,
1668 4570 1809 4639 quod
1836 4584 2008 4637 neque
2034 4582 2131 4621 nos
2154 4566 2309 4636 quid-

726 4685 883 4741 quam
907 4668 1017 4722 illic
1038 4665 1356 4727 sublevabit,
1382 4664 1425 4717 si
1452 4679 1553 4715 non
1577 4661 1916 4716 habuerimus
1944 4660 2081 4712 bona
2108 4672 2301 4726 opera:

728 4775 910 4815 verum
940 4760 1051 4811 sive
1091 4755 1358 4824 supplices
1401 4754 1658 4807 fuerimus
1682 4751 2159 4818 obsecremusque,
2194 4749 2307 4803 sive

731 4849 1095 4911 tacuerimus,
1143 4860 1294 4914 teque
1338 4859 1499 4913 super
1542 4858 1639 4897 nos
1669 4842 1845 4895 veniet
1890 4840 2209 4909 supplicium
2246 4854 2308 4893 ac

732 4938 984 4993 vindicta.
1014 4935 1266 4989 Ausculta
1300 4933 1457 5001 igitur
1498 4931 1766 5002 quomodo
1802 4931 1891 4984 hic
1931 4945 2049 4983 cum
2078 4928 2185 4983 duo
2215 4944 2309 4997 po-

732 5031 957 5084 stularet
984 5027 1050 5080 ab
1074 5024 1362 5086 Abraham,
1388 5034 1613 5092 utroque
1640 5021 1923 5076 frustratus
1953 5021 2041 5074 sit.
2074 5020 2306 5073 Primum

731 5120 873 5174 enim
903 5132 997 5186 pro
1024 5117 1199 5183 seipso
1227 5113 1545 5183 deprecatus
1570 5121 1681 5177 est,
1707 5111 1872 5177 Mitte,
1904 5112 2170 5181 inquiens,
2203 5110 2309 5164 La-

732 5224 904 5263 zarum
928 5222 947 5259 :
973 5221 1096 5260 max
1127 5221 1232 5258 non
1250 5196 1373 5273 ".pro
1398 5204 1595 5272 seipse,
1624 5190 1745 5257 sed”
1764 5217 1860 5271 pro
1890 5200 2140 5257 fratribus
2171 5220 2183 5255 :
2218 5216 2311 5255 ve-

734 5313 851 5351 rum
898 5296 1028 5349 nihil
1080 5290 1465 5365 postulatorum
1519 5291 1768 5346 obtinuit.
1823 5289 2094 5359 Siquidem
2145 5290 2310 5343 altera

739 5386 1041 5456 postulatio,
1088 5398 1280 5451 nempe
1308 5384 1454 5453 prior
1484 5425 1497 5447 ,
1531 5382 1649 5435 talis
1677 5391 1813 5446 erat,
1846 5380 2066 5450 utquod
2099 5381 2315 5449 peteba-

740 5489 823 5531 tur
850 5476 961 5531 fieri
1008 5491 1112 5529 non
1158 5482 1338 5543 posset
1368 5490 1395 5524 τ·
1414 5472 1579 5526 altera
1607 5487 1733 5526 vero
1758 5514 1773 5538 ,
1804 5471 2050 5525 videlicet
2080 5486 2174 5539 pro
2201 5470 2311 5525 fra-

740 5568 928 5631 tribus,
956 5575 1071 5622 crat
1106 5579 1451 5633 supervacua.
1480 5563 1615 5628 Quin
1646 5564 1840 5631 potius,
1872 5563 1914 5615 si
1945 5562 2171 5627 videtur,
2202 5560 2313 5629 ipsa

738 5660 900 5716 verba
941 5659 1105 5713 multo
1149 5672 1269 5711 cum
1317 5656 1491 5710 studio
1522 5655 1817 5709 audiamus.
1870 5654 2077 5707 Etenim
2118 5652 2162 5705 si
2192 5666 2313 5705 cum

734 5752 1087 5824 magistratus
1120 5750 1170 5805 in
1214 5748 1387 5804 medio
1418 5748 1532 5802 foro
1563 5762 1710 5802 reum
1756 5745 1991 5810 adducit,
2039 5745 2313 5801 carnifices

2389 490 2627 555 adhibet,
2670 500 3083 560 accusatumque
3123 490 3289 545 laniat
3310 529 3326 555 ,
3357 506 3547 547 omnes
3579 507 3771 562 magno
3800 496 3982 547 studio

2388 589 2736 645 concurrunt,
2782 579 3060 649 cupientes
3087 580 3274 635 audire
3313 580 3439 650 quid
3467 581 3762 652 interroget
3786 581 3978 651 judex,

2388 670 2514 741 quid
2560 686 2685 723 reus
2728 670 3052 739 respondeat
3095 671 3311 725 :multo
3353 671 3522 740 magis
3566 670 3655 725 hic
3693 672 3987 742 diligenter

2390 760 2793 814 auscultandum
2844 769 2947 825 est,
2992 760 3119 829 quid
3169 776 3332 825 reus,
3378 761 3629 815 nimirum
3675 761 3761 815 hic
3804 762 3981 826 dives,

2391 851 2663 921 postulet;
2710 851 2836 920 quid
2879 860 3062 905 contra
3102 852 3278 919 justus
3316 851 3475 920 judex
3518 852 3840 921 respondeat
3887 868 3985 920 per

2389 942 2679 997 Abraham.
2730 942 2846 996 Non
2876 943 3018 997 enim
3047 944 3345 1010 patriarcha
3388 952 3505 997 erat
3550 944 3639 1013 qui
3677 943 3983 1013 judicabat,

2390 1047 2711 1103 quamquam
2755 1034 2803 1088 is
2844 1034 3223 1102 pronuntiabat
3254 1053 3265 1086 :
3298 1049 3491 1087 verum
3524 1034 3984 1103 quemadmodum

2392 1124 2443 1177 in
2472 1124 2755 1177 mundanis
2796 1124 2911 1178 istis
2945 1124 3157 1193 judiciis
3199 1124 3417 1193 quoties
3451 1122 3652 1178 fuerint
3683 1126 3857 1194 aliqui
3882 1127 3985 1186 rei.

2392 1222 2519 1284 puta
2544 1215 2804 1277 latrones,
2833 1223 2923 1269 aut
2949 1214 3251 1283 homicida),
3282 1215 3382 1270 bos
3408 1216 3556 1285 leges
3581 1218 3766 1286 procul
3792 1235 3826 1271 a
3853 1233 3987 1273 con-

2391 1314 2576 1373 spectu
2616 1305 2814 1373 judicis
2840 1314 3183 1375 segregantes
3212 1313 3265 1360 et
3302 1315 3570 1371 arcentes,
3615 1322 3720 1361 non
3747 1309 3987 1376 pennit-

2394 1401 2511 1447 tunt
2535 1402 2593 1447 ut
2616 1395 2834 1449 audiant
2860 1410 3043 1450 vocem
3068 1395 3287 1465 judicis,
3309 1396 3451 1463 quod
3478 1396 3553 1450 illi
3578 1406 3631 1451 et
3660 1399 3761 1451 hoc
3783 1408 3841 1452 et
3864 1398 3995 1452 aliis

2396 1482 2688 1537 honoribus
2710 1484 3019 1554 judicentur
3069 1483 3317 1554 indigni;
3358 1485 3452 1540 sed
3482 1486 3685 1540 medius
3715 1489 3989 1556 quispiam

2396 1572 2683 1643 interpres,
2724 1585 2779 1630 et
2812 1575 3007 1645 judicis
3046 1570 3517 1646 interrogationes,“
3550 1586 3603 1630 et
3642 1578 3717 1631 rei
3759 1592 3990 1647 respon-

2396 1665 2575 1719 siones
2603 1664 2841 1733 perfert:
2876 1666 2977 1721 hoc
3015 1681 3144 1720 sane
3186 1674 3339 1735 pacto
3375 1675 3429 1721 et
3468 1674 3594 1723 tunc
3632 1665 3827 1720 facturn
3880 1676 3988 1720 est.

2396 1753 2511 1808 Non
2539 1754 2705 1808 Deum
2751 1754 2852 1825 ipsi
2892 1756 3199 1822 loquentem
3229 1754 3431 1809 audivit
3460 1770 3606 1821 reus,
3648 1756 3741 1809 sed
3778 1755 3993 1809 medius

2397 1856 2514 1902 erat
2554 1846 2819 1901 Abraham
2844 1888 2859 1913 ,
2903 1848 2990 1917 qui
3026 1846 3218 1917 judicis
3241 1862 3429 1900 vocem
3454 1847 3502 1901 ei
3532 1847 3619 1915 qui
3651 1846 3992 1915 judicabatur

2398 1938 2601 1993 retulit.
2640 1936 2754 1993 Non
2778 1937 2921 1993 enim
2963 1952 3029 1992 ex
3070 1952 3191 1991 sese
3230 1936 3443 1991 dicebat
3469 1951 3587 2006 qua:
3616 1935 3849 2002 dicebat,
3890 1938 3992 1991 sed

2398 2027 2604 2081 divinas
2642 2026 2789 2081 diviti
2822 2028 2967 2097 leges
3011 2025 3301 2089 recitabat,
3337 2040 3560 2095 quaeque
3588 2024 3794 2079 caelitus
3836 2023 3989 2080 fere-

2399 2117 2611 2181 bantur,
2646 2119 2939 2172 sententias
2970 2115 3273 2188 proferebat
3298 2131 3313 2181 ;
3363 2116 3482 2170 ideo
3512 2130 3613 2170 nec
3641 2115 3874 2171 habebat
3898 2116 3993 2169 hic

2398 2210 2539 2279 quod
2567 2210 2978 2264 contradiceret.

2470 2301 2525 2354 2.
2554 2300 2922 2355 Auscultemus
2948 2301 3121 2369 itaque
3146 2300 3428 2372 diligenter
3449 2298 3539 2354 his
3561 2314 3679 2369 qua:
3707 2299 3983 2355 dicuntur.

2402 2392 2534 2445 Nam
2560 2393 2610 2445 in
2636 2391 2733 2445 hac
2755 2393 3004 2461 parabola
3024 2394 3143 2449 data
3165 2414 3324 2470 opera
3343 2401 3619 2466 immorer,
3642 2413 3738 2455 nec
3761 2394 3993 2463 desisto,

2404 2481 2612 2535 tametsi
2641 2492 2885 2551 quartum
2911 2484 3018 2551 jam
3062 2484 3204 2543 diem
3253 2490 3306 2543 in
3335 2492 3435 2544 hac
3459 2506 3678 2555 versor,
3710 2502 3994 2561 propterea

2401 2573 2539 2642 quod
2566 2588 2629 2628 ex
2664 2574 2763 2629 hac
2785 2576 3124 2631 enarratione
3145 2581 3425 2649 plurimum
3448 2580 3650 2636 fructus
3670 2585 3813 2637 nasci
3835 2584 3995 2639 video

2405 2673 2512 2716 tum
2554 2663 2801 2718 divitibus
2823 2708 2837 2731 ,
2892 2674 2998 2718 tum
3033 2670 3389 2737 pauperibus,
3424 2679 3534 2725 tum
3565 2672 3631 2725 iis
3658 2673 3743 2740 qui
3777 2684 3997 2742 propter

2404 2754 2760 2823 improborum
2786 2755 3107 2825 felicitatem,
3128 2769 3286 2829 atque
3310 2761 3465 2815 etiam
3488 2772 3705 2830 propter
3726 2763 3998 2830 justoruut

2404 2846 2635 2914 inopiam
2678 2856 2733 2901 et
2778 2845 3120 2905 alﬂictionem
3168 2851 3572 2905 conturbantur.
3618 2853 3803 2923 Neque
3843 2855 3997 2909 enim

2405 2937 2508 2990 ulla
2546 2952 2630 2991 res
2673 2937 2892 3006 perinde
2934 2937 3072 2993 solet
3117 2940 3389 2995 hominum
3419 2943 3607 3012 vulgus
3636 2943 3913 2999 offendere
3942 2960 4002 3000 ac

2405 3027 2753 3111 perturbare,
2804 3038 2861 3082 ut
2905 3030 3045 3099 quod
3098 3032 3289 3087 divites
3326 3049 3495 3102 prave
3546 3035 3786 3090 viventes
3829 3038 4003 3091 multa

2406 3119 2646 3175 fruantur
2672 3122 3057 3189 prosperitate:
3078 3132 3283 3189 contra,
3308 3124 3436 3193 justi
3464 3140 3587 3179 cum
3615 3127 3811 3181 virtute
3830 3128 4004 3181 vitam

2405 3220 2642 3280 agentes,
2671 3211 2736 3264 ad
2776 3220 3074 3266 extremam
3118 3214 3427 3284 redigantur
3471 3214 3741 3284 inopiam,
3792 3216 4010 3287 aliaquo

2408 3303 2774 3373 perpetiantur
2803 3302 3078 3357 innumera
3111 3296 3421 3373 paupertate
3449 3305 3560 3374 ipsa
3590 3307 3857 3375 graviora.

2480 3391 2604 3458 Qui:
2649 3396 2842 3463 fructus
2888 3408 2951 3445 ea:
2988 3392 3083 3446 hac
3129 3394 3375 3463 parabola
3411 3395 4003 3465 colligatur.—Verutn

2408 3484 2522 3538 haec
2562 3484 2809 3553 parabola
2842 3483 3039 3538 sufficit
3074 3484 3137 3538 ad
3177 3487 3474 3554 praestanda
3515 3488 4005 3545 remediazdivites

2406 3574 2621 3642 quidem
2667 3572 2911 3644 redigens
2952 3574 3018 3629 ad
3068 3575 3382 3629 modestiam
3409 3618 3424 3642 ,
3474 3590 3737 3645 pauperes
3779 3594 3911 3634 vero
3950 3582 4000 3633 in

2410 3649 2757 3732 praesentibus
2791 3662 2943 3716 malis
2983 3663 3264 3717 consolans
3289 3682 3302 3718 :
3326 3651 3379 3718 et
3423 3665 3543 3719 illos
3574 3666 3790 3735 quidem
3812 3668 4000 3722 admo—

2409 3770 2563 3820 nens,
2592 3770 2658 3808 ne
2687 3754 3002 3817 efferantur,
3046 3755 3254 3824 quoties
3286 3755 3341 3820 ii,
3391 3756 3480 3825 qui
3508 3756 3753 3825 improbe
3782 3760 3997 3824 vivunt,

2409 3845 2495 3899 hic
2524 3861 2707 3915 pmnas
2737 3861 2844 3900 non
2890 3846 3051 3910 dant,
3097 3847 3292 3916 quippe
3329 3861 3448 3901 cum
3497 3862 3592 3902 eos
3635 3860 3849 3903 maneat
3896 3851 4000 3905 illic

2407 3935 2752 4005 gravissimus
2790 3934 3087 4017 cruciatus;
3131 3936 3229 3989 hos
3259 3950 3385 3989 vero
3414 3936 3732 4004 consolans,
3764 3955 3832 3991 ne
3861 3938 3994 3992 alio-

2408 4043 2527 4081 rum
2548 4025 2794 4080 felicitate
2818 4028 3210 4095 perturbentur,
3234 4042 3406 4097 neque
3426 4038 3615 4097 putent
3636 4045 3723 4083 res
3739 4031 3998 4087 humanas

2409 4119 2610 4187 absque
2650 4116 2747 4171 Dei
2777 4118 3104 4186 providentia
3146 4117 3294 4185 ferri,
3335 4133 3457 4172 cum
3506 4118 3595 4173 hic
3632 4121 3808 4187 justus
3847 4123 3997 4176 malis

2408 4209 2678 4278 afﬂigitur,
2710 4209 2982 4279 improbus
3002 4219 3185 4264 contra
3215 4224 3276 4264 ac
3301 4210 3593 4265 sceleratus
3614 4210 3776 4267 homo
3808 4228 3994 4281 perpe-

2411 4310 2497 4355 tua
2520 4300 2712 4354 fruitur
2740 4301 3111 4368 prOSperitate.
3137 4301 3307 4355 Ambo
3333 4301 3594 4371 siquidem
3618 4318 3712 4371 pro
3741 4302 3997 4372 dignitate

2411 4390 2670 4460 recipient
2697 4389 2824 4453 illic,
2858 4389 2944 4443 hic
2970 4390 3182 4460 quidem
3209 4404 3436 4443 coronas
3461 4391 3731 4459 patientiae
3762 4392 3995 4447 tolerati-

2413 4480 2637 4547 timque,
2682 4478 2768 4530 ille
2808 4493 2937 4531 vero
2980 4479 3238 4546 supplicia
3289 4493 3579 4548 pennasque
3621 4482 3995 4550 improbitatis.

2415 4569 2559 4622 lianc
2579 4568 2880 4637 parabolam
2906 4567 3176 4621 inscribite
3193 4568 3386 4622 divites
3406 4572 3607 4637 pariter
3625 4586 3685 4625 ac
3706 4587 3993 4641 pauperes:

2412 4660 2601 4713 divites
2630 4659 2842 4727 quidem
2874 4658 2926 4712 in
2957 4658 3248 4727 parietibus
3274 4659 3469 4713 domus
3494 4670 3706 4725 vestrae,
3734 4676 3997 4731 pauperes

2412 4759 2588 4803 autem
2619 4748 2669 4801 in
2702 4748 2991 4816 parietibus
3011 4749 3174 4819 animi
3207 4749 3368 4803 vestri
3394 4769 3408 4803 :
3432 4759 3486 4805 et
3512 4750 3556 4804 si
3586 4751 3794 4820 quando
3820 4752 3995 4807 deleta

2404 4840 2578 4895 fuerit
2619 4839 2803 4893 oborta
2835 4834 3099 4893 oblivione
3120 4880 3133 4904 ,
3167 4839 3357 4894 illinite
3383 4840 3562 4895 denuo
3583 4883 3597 4906 ,
3632 4843 3697 4897 ab
3726 4843 3881 4899 initio
3912 4860 3997 4898 re-

2417 4932 2779 4985 miniscentes.
2815 4930 2925 4984 lmo
2956 4945 3086 4985 vero
3114 4933 3271 4986 etiam
3319 4931 3511 4988 divites
3536 4934 3683 5003 prius
3723 4934 3774 4987 in
3821 4945 3999 4990 mente

2415 5037 2573 5092 quam
2596 5022 2648 5075 in
2678 5021 2881 5075 :edibus
2913 5020 3049 5075 hanc
3078 5021 3365 5077 describite
3384 5064 3398 5087 ,
3432 5038 3746 5093 semperque
3767 5024 3997 5080 circum-

2418 5112 2569 5181 ferte,
2616 5118 2670 5165 et
2710 5110 2812 5164 erit
2840 5110 2991 5165 vobis
3034 5109 3412 5165 documentum
3436 5152 3451 5178 ,
3483 5113 3811 5182 materiaque
3844 5116 4001 5168 totius

2418 5200 2789 5269 philosophiae.
2829 5199 2962 5253 Nam
2990 5200 3033 5253 si
3065 5199 3201 5253 hanc
3233 5200 3431 5269 jugiter
3476 5200 3783 5272 inscriptam
3825 5204 4000 5257 animo

2420 5302 2713 5356 teneamus,
2735 5306 2905 5358 neque
2928 5290 3089 5359 hujus
3111 5291 3230 5345 vitae
3252 5291 3370 5345 laeta
3398 5300 3648 5361 poterunt
3669 5310 3764 5349 nos
3791 5295 3996 5359 innare.

2421 5398 2594 5452 neque
2624 5382 2791 5436 tristia
2820 5382 3054 5451 dejicere
3086 5392 3562 5453 prosternereque;
3603 5386 3695 5439 sed
3723 5400 3825 5439 non
3855 5387 4001 5439 aliter

2421 5489 2577 5544 quam
2607 5471 2868 5526 afficimur
2906 5472 3128 5542 picturis
3170 5473 3224 5527 in
3269 5473 3469 5542 pariete
3494 5473 3711 5539 additis,
3743 5489 3872 5544 erga
3900 5475 3999 5528 hac

2423 5572 2643 5632 utraque
2658 5564 2713 5615 af
2713 5562 2969 5617 ficiemur.
2985 5561 3440 5630 Quemadmodum
3459 5563 3602 5618 enim
3620 5563 4000 5632 conSpicientes

2426 5653 2477 5707 in
2509 5654 2713 5721 pariete
2739 5655 2937 5722 pictum
2976 5655 3193 5709 divitem
3238 5669 3301 5710 ac
3326 5669 3654 5724 pauperem,
3697 5670 3797 5711 nec
3826 5656 3901 5710 illi
3932 5655 4001 5709 in~

2426 5742 2702 5810 videmus,
2748 5758 2847 5799 nec
2886 5761 3181 5825 pauperem
3224 5743 3584 5820 despicimus,
3633 5758 3699 5801 co
3725 5746 3868 5823 quod
3896 5762 4003 5823 qua
