4142 6332
138 380 301 438 10οἹ

132 507 264 559 λιν.
302 502 496 558 Πολλοὶ
527 503 656 573 γοῦν
692 504 792 575 μὲν
823 505 919 559 καὶ.
946 506 1055 578 πρὸ
1080 506 1238 578 ήμῶν
1268 508 1348 573 είς
1369 510 1573 579 ταύτην
1598 506 1752 578 εἰρή-

136 603 294 642 κασι
321 587 422 657 τὴν
447 588 722 650 ὑπόθεσιν,
758 588 943 642 πολλοί
988 592 1082 643 καὶ
1110 591 1229 656 μεθ’
1261 592 1409 662 ἡμᾶς
1438 592 1567 650 ἴσως
1588 588 1752 660 ,ἐροῦ-

135 688 265 725 σιν·
292 669 408 725 ἀλλ’
436 671 609 735 οὐδεὶς
628 670 720 724 τὸν
756 673 972 726 ἅπαντα
1002 674 1229 727 πλοῦτον
1262 674 1497 727 κενῶσαι
1528 673 1754 741 δυνήσε-

132 770 270 808 ται.
310 753 547 825 Τοιαύτη
594 755 703 823 7&9
747 755 848 825 τῆς
891 757 1211 828 περιουσίας
1248 757 1453 829 ταύτης
1492 759 1525 827 ή
1566 756 1749 825 φύσις’

134 838 381 907 ὅσῳπερ
412 835 479 890 ἂν
518 836 825 911 διασκάψῃς
870 840 927 891 ἐν
970 840 1046 911 τῷ
1088 840 1264 909 βάθει,
1302 841 1539 910 τοσούτῳ
1593 839 1755 892 πλέον

134 916 455 969 ἀναϐλύσει
477 917 546 971 τά
575 917 693 971 θεῖα
719 920 986 989 νοήματα·
1023 920 1175 992 πηγὴ
1190 922 1300 992 γάρ
1322 922 1470 973 ἐστιν
1495 920 1753 973 οὐδέποτε

136 999 316 1053 ἐπιλε
326 1000 447 1052 ίπου
454 1016 541 1053 σα.

225 1082 345 1136 Καὶ
376 1081 479 1135 ἔδει
505 1082 605 1153 μὲν
627 1085 692 1154 τῇ
727 1085 973 1156 προτέρᾳ
1009 1086 1227 1151 συνάξει
1257 1086 1417 1140 τοῦτο
1446 1086 1577 1157 ὑμῖν
1617 1086 1755 1139 ἀπο-

138 1164 347 1220 δοῦναι
372 1166 433 1219 τὸ
461 1166 642 1236 χρέος,
683 1166 795 1219 ἀλλ’
829 1168 931 1221 οὐκ
954 1168 1197 1243 ἀσφαλὲς
1227 1164 1369 1223 εἶναι
1401 1171 1755 1240 ἐνομίσαμεν,

141 1248 253 1303 τοῦ
294 1249 568 1321 μακαρίου
605 1250 826 1303 Βαϐύλα
861 1251 953 1303 καὶ
985 1252 1085 1321 τῆς
1118 1251 1411 1323 ξυνωρίδος
1441 1254 1549 1305 τῶν
1586 1253 1757 1321 ἀγίων

147 1332 464 1404 μαρτύρων
504 1332 611 1385 τῶν
654 1334 772 1403 μετ’
802 1335 1009 1387 ἐκεῖνον
1046 1332 1337 1408 παρελθεῖν
1373 1336 1443 1390 τά
1474 1335 1753 1407 κατορθώ-

149 1433 336 1487 ματα.
394 1416 484 1469 Διὸ
524 1416 623 1486 τὴν
662 1417 968 1488 καταϐολὴν
1010 1419 1411 1490 ύπερεθέμεθα,
1460 1420 1758 1491 τηροῦντες

145 1500 241 1563 εἰς
289 1499 389 1570 τὴν
415 1500 699 1570 παροῦσαν
732 1502 863 1570 ὑμῖν
890 1503 1105 1573 ἡμέραν
1149 1502 1446 1573 ὁλόκληρον
1487 1503 1586 1575 τήν
1614 1504 1759 1557 ἔκτι-

129 1600 270 1636 ισιν.
302 1582 439 1654 Φέρε
467 1579 583 1648 οὖν,
615 1585 803 1657 ἐπειδὴ
826 1586 919 1639 καὶ
946 1588 1061 1648 τοῖς
1086 1586 1329 1657 πατράσι
1357 1586 1457 1651 τὰς
1482 1586 1758 1658 εὐφημίας

148 1665 701 1738 ἀποδεδώκαμεν,οὐ
735 1668 835 1732 τὰς
867 1670 990 1745 κατ’
1021 1668 1180 1733 ἀξίαν
1211 1669 1310 1741 τὴν
1336 1670 1585 1737 ἐκείνων,
1623 1670 1760 1723 ἀλλά

146 1749 263 1817 τὰς
290 1750 433 1805 κατά
462 1751 693 1823 δύναμιν
721 1752 819 1824 τήν
851 1752 1148 1824 ήμετέραν,
1178 1754 1470 1824 ἀποδῶμεν
1503 1756 1598 1809 καὶ
1628 1756 1759 1825 ύμῖν

149 1834 259 1889 τοῦ
292 1834 630 1905 διηγήματος
670 1836 859 1890 τούτου
897 1837 958 1905 τὸ
990 1837 1265 1907 λείψανον,
1306 1838 1468 1892 Ἀλλά
1505 1839 1579 1911 μὴ
1620 1840 1760 1893 ἀπο-

152 1920 404 1989 κάμητε,
436 1918 542 1982 ἐως
582 1919 649 1973 ἂν
681 1920 820 1991 πρὸς
870 1920 931 1974 τὺ
970 1920 1123 1985 τέλος
1154 1920 1503 1993 ἀφικώμεθα,
1551 1922 1763 1976 ἐκεῖθεν

153 2004 533 2067 ἀναλαϐόντες
591 2004 682 2058 τὸν
746 2004 934 2074 λόγον,
988 2005 1117 2059 ἔνθα
1172 2007 1335 2061 αὐτὸν
1396 2006 1761 2078 κατελίπομεν

155 2087 384 2158 πρώην.
419 2087 531 2142 Ποῦ
566 2088 624 2142 δὲ
646 2089 809 2143 αὐτὸν
839 2090 1238 2161 κατελίπομεν;
1278 2092 1366 2145 Ἐν
1403 2092 1481 2163 τῷ
1518 2093 1761 2164 χάσματι

154 2169 244 2241 τῷ
265 2170 556 2243 διείργοντι
582 2174 709 2237 τοὺς
732 2172 978 2237 δικαίους
1007 2174 1115 2228 ἀπὸ
1141 2174 1250 2228 τῶν
1280 2175 1641 2247 ἁμαρτωλῶν.
1670 2178 1763 2230 El-

155 2254 363 2318 πόντος
404 2254 514 2325 7&9
550 2256 645 2309 τοῦ
690 2255 970 2322 πλουσίου,
1024 2256 1277 2327 Πέμψον
1304 2256 1591 2329 Λάζαρον,
1639 2256 1760 2314 εἶπε

158 2336 309 2409 πρὸς
355 2337 518 2391 αὐτὸν
549 2340 579 2392 6
626 2338 900 2410 Ἁϐραάμ·
950 2339 1108 2407 Χάος
1147 2352 1174 2381 ι
1214 2340 1371 2410 μέγα
1416 2340 1763 2411 ἐστήρικται

150 2421 396 2492 μεταξὺ
430 2420 601 2492 ἡμῶν
629 2422 729 2477 καί
761 2422 950 2498 ὑμῶν,
977 2424 1137 2491 ὅπως
1164 2428 1219 2478 οι
1240 2425 1525 2493 θέλοντες
1555 2425 1763 2497 διαϐῆ-

156 2523 268 2560 ναι
293 2504 523 2560 ἐκεῖθεν
551 2508 701 2574 πρὸς
734 2506 914 2576 ἡμᾶς,
942 2506 1029 2576 μή
1052 2507 1368 2573 δύνωνται,
1394 2509 1552 2579 μηδὲ
1580 2513 1635 2565 οι
1667 2511 1763 2564 ὲν-

158 2588 383 2645 τεῦθεν
403 2588 530 2643 ἐκεῖ
559 2588 905 2657 διαπερῶσι.
944 2590 1053 2642 Καὶ
1081 2590 1397 2663 ἐδείκνυμεν
1437 2592 1525 2647 διά
1551 2592 1763 2647 πολλῶν

156 2673 281 2727 τῶν
309 2672 635 2743 εἰρημένων,
665 2672 741 2735 ώς
768 2674 850 2725 ὅτι
886 2672 1027 2743 μετὰ
1049 2674 1148 2744 τὴν
1184 2674 1279 2727 τοῦ
1304 2674 1439 2729 Θεοῦ
1467 2674 1765 2747 φιλανθρω-

160 2754 327 2819 πίαν,
368 2757 426 2808 ἰν
465 2758 578 2817 τοῖς
605 2755 831 2817 οἰκείοις
866 2754 1257 2827 κατορθώμασι
1282 2757 1385 2820 τάς
1406 2757 1628 2823 ἐλπίδας
1662 2760 1764 2831 τῆς

165 2839 450 2911 σωτηρίας
482 2838 629 2908 ἔχειν
662 2838 793 2909 χρὴ,
837 2839 911 2910 μὴ
960 2839 1204 2911 πατέρας
1245 2841 1339 2895 καὶ
1378 2842 1638 2906 πάππους
1670 2845 1765 2897 καὶ

163 2922 527 2986 ἐπιπάππους
554 2921 944 2994 ἀριθμοῦντας,
978 2923 1113 2993 μηδὲ
1146 2927 1428 2993 συγγενεῖς
1452 2926 1545 2979 καὶ
1576 2926 1766 2996 φίλους

164 3005 271 3061 καὶ
314 3005 550 3068 οἰκείους
593 3004 688 3058 καὶ
727 3006 994 3073 γείτονας·
1053 3005 1335 3077 Ἁδελφὸς
1388 3008 1497 3079 γάρ
1542 3012 1615 3063 οὑ
1659 3015 1767 3065 ,ιυ-

165 3088 435 3158 εροῦται·
493 3086 865 3156 λυτρώσεται
925 3087 1274 3159 ἄνθρωπος;
1341 3090 1481 3143 Ἀλλ’
1545 3094 1646 3145 ὅσα
1700 3092 1767 3147 ἂν

167 3172 600 3243 παρακαλέσωσι
636 3173 731 3226 καί
756 3173 1219 3228 καθικετεύσωσιν
1254 3176 1302 3227 οἰ
1350 3176 1485 3245 μετά
1519 3178 1768 3249 ἁμαρτη-

172 3257 365 3327 μάτων
405 3255 659 3310 ἐντεῦθεν
704 3255 1053 3323 ἀπελθόντες,
1092 3258 1270 3311 πάντα
1299 3259 1420 3328 εἰκῆ
1464 3260 1559 3313 καί
1589 3260 1769 3332 μάτην

167 3341 360 3395 λοιπὸν
393 3340 599 3411 ἐροῦσι.
646 3340 759 3394 Καὶ
796 3340 907 3410 7&9
940 3342 995 3393 αἰ
1040 3341 1301 3413 παρθένοι
1338 3343 1394 3394 αἱ
1428 3342 1588 3396 πέντε
1630 3362 1769 3416 παρ-

170 3423 444 3479 εκάλεσαν
474 3420 575 3487 τὰς
606 3423 876 3493 ὁμήλικας
905 3423 1047 3493 ὑπὲρ
1083 3422 1286 3484 ἐλαίου,
1320 3424 1416 3478 καὶ
1446 3425 1547 3478 οὐκ
1574 3427 1771 3481 ἐπέτυ-

171 3522 311 3584 χονχ
324 3506 417 3561 καὶ
440 3506 470 3557 6
494 3504 556 3559 τὺ
577 3505 840 3561 τάλαντον
868 3506 1228 3577 κατακρύψας
1251 3507 1311 3561 τὺ
1339 3510 1396 3560 ἐν
1430 3512 1495 3579 τῇ
1522 3513 1614 3581 γῇ,
1641 3511 1775 3565 πολ-ι

170 3591 245 3645 λά
274 3589 775 3661 ἀπολογησάμενος,
808 3590 1107 3661 κατεκρίθη
1137 3590 1317 3644 πάλιν·
1343 3594 1438 3646 καὶ
1462 3594 1511 3646 οί
1548 3593 1623 3662 μὴ
1645 3594 1771 3665 θρέ-

171 3675 379 3745 ψαντες
425 3674 587 3735 αὐτὸν
632 3672 928 3738 πεινῶντα,
973 3673 1108 3743 μηδὲ
1157 3674 1478 3740 ποτίσαντες
1509 3676 1769 3746 διψῶντα,

175 3758 277 3815 καὶ
319 3759 475 3813 αὐτοὶ
512 3756 798 3822 δοκοῦντες
848 3760 929 3819 εἰς
975 3757 1201 3827 ἄγνοιαν
1244 3754 1635 3829 καταφεύγειν,
1660 3764 1770 3817 οὐδ’

177 3852 378 3904 ἐκεῖνοι
414 3848 745 3920 συγγνώμης
772 3850 867 3903 καὶ
894 3848 1193 3917 ἀπολογίας
1220 3850 1431 3921 ἔτυχον.
1463 3852 1683 3923 ’Έτεροι
1714 3854 1773 3907 δὲ

177 3933 302 3988 οὐδὲ
334 3934 505 3986 εἰπεῖν
539 3949 590 3985 τι
633 3933 881 4003 ἴσχυσαν,
917 3931 1106 4004 ὥσπερ
1141 3934 1350 3996 ἐκεῖνος
1383 3936 1412 3987 6
1447 3934 1518 3988 τά
1550 3935 1775 4007 ῥυπαρά

179 4014 532 4087 ἐνδεδυμένος
570 4016 781 4087 ἰμάτια·
829 4014 1233 4086 ἐγκαλούμενος
1273 4017 1383 4087 γὰρ
1425 4018 1607 4087 ἐσίγα.
1662 4020 1775 4090 Οὐχ

180 4096 335 4165 οὗτος
362 4099 420 4153 δὲ
444 4100 626 4171 μόνον,
650 4098 787 4154 ἀλλά
824 4101 919 4153 καὶ
950 4100 1107 4165 ἀλλος
1133 4100 1211 4171 τῷ
1247 4099 1475 4171 πλησίον
1511 4092 1776 4175 μνησικα-

182 4185 382 4253 κήσας,
432 4183 527 4237 καί
580 4183 775 4237 ἐκατὸν
817 4184 1131 4258 ἀπαιτήσας
1174 4184 1428 4256 δηνάρια,
1484 4182 1600 4239 εἶτα
1634 4188 1775 4258 ὑπὲρ

183 4266 387 4331 τούτων
426 4266 606 4322 αὐτῶν
642 4265 796 4337 παρά
823 4256 917 4319 τοῦ
956 4266 1217 4321 δεσπότου
1248 4268 1653 4341 ἐγκαλούμενος
1681 4256 1776 4322 ἐπὶ

184 4351 428 4424 ὠμότητι
458 4351 551 4404 καὶ
582 4350 967 4423 ἀπανθρωπίᾳ,
994 4352 1148 4406 οὐδὲν
1183 4351 1345 4424 ἐσχεν
1375 4355 1569 4408 εἰπεῖν.
1612 4355 1776 4408 Ὅθεν
1814 4344 1821 4345 ί

185 4437 366 4509 δῆλον,
398 4436 482 4489 ὅτι
526 4434 679 4488 οὐδὲν
726 4434 887 4506 ἡμῶν
929 4436 1047 4487 ἐκεῖ
1074 4438 1465 4507 προστήσεται,
1495 4438 1590 4492 ἐὰν
1638 4437 1776 4509 ἔργα

194 4521 269 4594 μὴ
309 4520 519 4590 εχωμεν
567 4517 772 4587 ἀγαθά·
828 4516 945 4571 ἀλλ’
975 4518 1041 4571 ἀν
1087 4535 1145 4571 τε
1188 4518 1633 4593 καθικετεύωμεν
1683 4522 1778 4574 καὶ

193 4602 619 4679 παρακαλῶμεν,
644 4603 710 4657 ἀν
742 4619 801 4655 τε
828 4602 1093 4673 σιγῶμεν,
1124 4602 1327 4673 ὁμοίως
1355 4605 1442 4674 ἐφ’
1476 4606 1626 4675 ήμᾶς
1656 4605 1777 4677 ἥξει

191 4691 260 4746 τά
295 4690 392 4762 τῆς
425 4688 702 4751 κολάσεως
744 4688 840 4741 καὶ
880 4687 982 4758 τῆς
1016 4686 1308 4758 τιμωρίας.
1340 4689 1611 4742 ’Ἄκουσον
1645 4690 1779 4758 γοῦν

195 4774 309 4838 πῶς
354 4773 448 4827 καὶ
476 4767 631 4835 οὗτος
665 4771 898 4841 αἰτήσας
939 4771 1188 4842 αἰτήσεις
1230 4769 1325 4823 δύο
1367 4772 1460 4825 τὸν
1500 4771 1776 4844 Ἀϐραὰμ,

193 4858 517 4931 ἀμφοτέρων
545 4856 806 4927 ἀπέτυχε.
837 4854 1110 4927 Πρότερον
1136 4855 1235 4926 μὲν
1262 4854 1371 4927 7&9
1404 4856 1547 4929 ὑπὲρ
1583 4858 1779 4913 ἑαυτοῦ

193 4943 291 5014 τήν
316 4940 599 5013 ἱκετηρίαν
652 4940 888 4993 ἐποιεῖτο
935 4938 1131 5007 λέγων,
1180 4938 1433 5007 Πέμψον
1488 4939 1775 5010 Λάζαρον·

198 5024 420 5098 ὕστερον
468 5024 526 5077 δὲ
579 5024 681 5078 οὐκ
725 5023 806 5077 ἐτι
847 5024 989 5094 ὑπὲρ
1042 5022 1262 5087 ἐαυτοῦ,
1310 5023 1455 5078 ἀλλά
1497 5025 1640 5097 ὺπέρ
1672 5026 1781 5080 τῶν

200 5110 459 5179 ἀδελφῶν·
483 5108 622 5164 ἀλλά
655 5108 915 5179 οὐδεμίαν
940 5110 1139 5180 ήνυσεν
1166 5107 1406 5178 αἴτησιν.
1452 5109 1516 5163 Ἦ
1545 5109 1646 5180 μὲν
1672 5110 1781 5180 γάρ

198 5192 266 5267 ἦν
287 5192 546 5257 ἀδύνατος
578 5193 613 5263 ή
653 5192 917 5263 προτέρα,
950 5192 1101 5265 [755]
1131 5195 1164 5263 ἡ
1188 5192 1419 5265 δευτέρα
1455 5192 1513 5247 δὲ
1552 5195 1781 5266 περιττή

202 5279 239 5349 ή
268 5276 403 5348 ὑπὲρ
432 5275 539 5331 τῶν
569 5274 832 5344 ἀδελφῶν.
864 5275 1012 5346 Πλὴν
1034 5274 1191 5340 ἀλλά,
1217 5276 1266 5328 εἰ
1295 5274 1462 5340 δοκεῖ,
1485 5276 1581 5330 καὶ
1602 5276 1784 5331 αὐτῶν

201 5359 519 5430 ἀκούσωμεν
574 5358 684 5412 τῶν
734 5358 995 5429 ῥημάτων
1035 5356 1175 5428 μετά
1224 5357 1427 5429 πολλῆς
1475 5359 1784 5430 τῆςισπου-

201 5445 297 5516 δῆς
331 5441 381 5499 δ.
430 5444 494 5496 Εἰ
544 5440 653 5512 7&9
700 5442 959 5513 ἀρχοντος
997 5444 1055 5495 ἐν
1098 5443 1274 5514 ἀγορᾷ
1316 5442 1459 5517 μέσῃ
1490 5444 1784 5500 κατάδικον

203 5528 518 5599 ἀγαγόντος,
545 5526 641 5578 καὶ
668 5523 896 5595 δημίους
920 5528 1374 5596 περιστήσαντος,
1401 5527 1496 5581 καί
1530 5528 1787 5594 καταξαί-

204 5628 377 5673 νοντος
414 5609 506 5663 τὸν
541 5607 863 5673 ὑπεύθυνον,
912 5608 1053 5678 μετὰ
1086 5608 1288 5681 πολλῆς
1326 5609 1429 5682 τῆς
1472 5611 1785 5683 προθυμίας

206 5693 582 5768 συντρέχουσιν
620 5690 861 5757 ἅπαντες
905 5691 1136 5749 ἀκοῦσαι
1167 5692 1502 5767 βουλόμενοι,
1528 5696 1581 5752 τί
1626 5699 1724 5769 μὲν
1757 5700 1787 5753 6

264 5789 292 5821 ⁸
316 5786 410 5835 Alii
432 5786 616 5835 χάσμα.

267 5789 292 5821 ³
316 5786 410 5860 Alii.
432 5786 616 5899 χάσῖξ.

267 5847 295 5893 b
315 5850 411 5903 ΑΜ
431 5856 516 5910 τῆς
597 5846 792 5914 ριϐιίας.

1372 381 1457 441 DE
1498 383 1778 442 LAZARO
1815 384 2087 445 CUNCIO‘
2116 387 2208 443 IV.

3328 386 3346 439 Ι
3358 387 3464 442 008

1860 504 2123 578 δικαστὴς
2156 509 2360 578 ἐρωτᾷ,
2385 506 2437 560 τί
2466 506 2523 559 δὲ
2545 505 2573 559 6
2604 502 2895 567 κατάδικος
2931 500 3305 571 ἀποκρίνεται·
3341 503 3468 555 πολ·

1862 591 1939 661 λῴ
1975 592 2177 662 μᾶλλον
2208 590 2441 645 ἐνταῦθα
2484 589 2621 660 μετά
2658 588 2948 658 ἀκριϐείας
2983 586 3206 640 ἀκούειν
3246 586 3372 657 χρὴ,
3410 586 3465 639 τί

1866 677 1966 747 μὲν
2002 678 2030 728 ὁ
2059 676 2351 739 κατάδικος
2382 666 2559 737 οὗτος,
2587 675 2615 725 6
2644 670 2897 734 πλούσιος
2929 670 3097 739 λέγω,
3133 669 3294 735 ἀξιοῖ,
3325 670 3379 721 τί
3407 669 3467 722 δὲ

1862 763 1890 813 6
1920 760 2125 824 δίκαιος
2159 758 2417 829 δικαστὴς
2443 755 2801 826 ἀποκρίνεται
2824 754 2912 807 διὰ
2946 754 3040 807 τοῦ
3076 752 3348 823 Ἀϐραάμ.
3387 753 3464 805 Οὐ

1863 844 1973 913 7&9
2005 846 2033 896 6
2066 843 2413 914 πατριάρχης
2441 836 2510 910 ἦν
2532 841 2560 892 6
2590 837 2850 901 δικάζων,
2875 840 2924 889 εἰ
2952 838 3047 889 καὶ
3078 836 3246 899 αὐτὸς
3266 835 3468 904 ἐφθέγ-

1864 941 2009 993 γετο·
2050 926 2165 979 ἀλλ’
2200 918 2390 994 ὥσπερ
2423 924 2516 975 ἐπὶ
2544 921 2653 974 τῶν
2691 920 2892 985 ἔξωθεν
2936 919 3308 989 δικαστηρίων
3338 917 3467 971 τού-

1864 1028 1992 1075 των,
2019 1000 2145 1063 ὅταν
2192 1003 2293 1062 ὦσί
2333 1024 2481 1069 τινες
2512 1004 2805 1058 ὑπεύθυνοι
2840 1003 3036 1076 λῃσταί
3086 1004 3181 1056 καὶ
3207 1002 3470 1074 ἀνδροφόι

1865 1110 1967 1154 νοι,
2008 1093 2200 1163 πόρρω
2228 1091 2327 1161 τῆς
2356 1088 2532 1159 ὂψεως
2570 1088 2663 1141 τοῦ
2700 1086 3016 1150 δικάζοντος
3054 1086 3468 1154 ἀποστήσαντες

1865 1173 2085 1239 τούτους
2115 1176 2162 1226 οί
2184 1174 2363 1243 νόμοι,
2392 1172 2493 1241 τῆς
2515 1170 2611 1225 τοῦ
2643 1170 2923 1241 κρίνοντος
2948 1171 3049 1221 οὐκ
3076 1169 3481 1239 ἐπιτρέπουσιν-

1866 1257 2097 1311 ἀκοῦσαι
2138 1256 2341 1325 φωνῆς,
2375 1250 2479 1308 κᾶν
2524 1253 2701 1323 τούτῳ
2745 1251 2884 1323 μετὰ
2914 1252 3022 1304 τῶν
3053 1251 3229 1305 ἄλλων
3268 1253 3469 1313 αὐτοὺς

1868 1337 2248 1410 ἀτιμάζοντες,
2285 1337 2421 1391 ἀλλά
2444 1335 2610 1407 μέσος
2634 1352 2718 1398 τις
2743 1336 2985 1388 διακονεῖ
3011 1337 3133 1397 ταῖς
3162 1336 3467 1405 ἐρωτήσεσι

1866 1422 1958 1476 τοῦ
1988 1419 2324 1484 δικάζοντος,
2366 1420 2456 1473 καὶ
2496 1421 2619 1481 ταῖς
2661 1417 2991 1488 ἀποκρίσεσι
3032 1417 3141 1471 τῶν
3182 1415 3470 1486 δικαζομέ-

1866 1522 1973 1561 νων
1997 1517 2045 1545 ε·
2076 1504 2220 1560 οὕτω
2254 1504 2318 1576 δὴ
2346 1504 2444 1555 καὶ
2469 1502 2591 1555 τότε
2622 1500 2851 1570 ἐγίνετο.
2891 1501 2968 1553 Οὐ
2995 1500 3091 1553 τοῦ
3118 1500 3255 1553 Θεοῦ
3294 1499 3467 1569 φθεγ-

1869 1588 2102 1660 γομένου
2132 1588 2271 1659 πρὸς
2304 1587 2467 1639 αὐτὸν
2491 1586 2692 1655 ήκουεν
2724 1586 2751 1637 6
2792 1576 3108 1648 κατάδικος,
3136 1584 3271 1637 ἀλλὰ
3304 1586 3466 1655 μέσος

1867 1668 1935 1741 ἦν
1964 1674 1992 1723 6
2028 1670 2299 1741 Ἀϐραάμ,
2325 1668 2393 1721 τά
2416 1666 2569 1739 παρὰ
2594 1666 2690 1720 τοῦ
2713 1666 3031 1731 δικάζοντος
3048 1667 3470 1739 διακονούμενος

1868 1755 1945 1826 τῷ
1983 1754 2345 1824 δικαζομένῳ.
2375 1753 2449 1817 Οὐ
2478 1750 2587 1821 γάρ
2622 1750 2835 1805 οἴκοθεν
2865 1752 3051 1820 ἔλεγεν
3080 1752 3224 1822 άπερ
3258 1752 3468 1819 ἔλεγεν,

1870 1838 2007 1892 ἀλλά
2029 1839 2207 1901 θείους
2232 1836 2567 1905 ἀνεγίνωσκε
2591 1834 2790 1904 νόμους
2818 1835 2989 1905 αὐτῷ,
3019 1837 3115 1888 καὶ
3140 1836 3237 1898 τάς
3262 1835 3471 1890 ἀνωθεν

1872 1922 2178 1994 φερομένας
2207 1920 2391 1989 ἐλεγεν
2413 1915 2741 1987 ἀποφάσεις.
2770 1917 2969 1989 Διόπερ
2993 1911 3150 1982 οὗτος
3176 1917 3298 1971 οὐδέ
3322 1918 3471 1971 ἀντι-

1873 2005 2054 2073 λέγειν
2087 2000 2221 2074 εἶχε.

1945 2089 2007 2158 β’.
2028 2088 2395 2159 Προσέχωμεν
2414 2086 2597 2141 τοίνυν
2630 2089 2767 2161 μετά
2782 2086 3071 2157 ἀκριϐείας
3094 2087 3209 2147 τοῖς
3235 2083 3472 2155 λεγομέ-

1870 2187 2002 2235 νοις.
2040 2170 2151 2225 Καὶ
2176 2170 2290 2241 7&9
2322 2169 2580 2242 ἐπίτηδες
2611 2169 2934 2242 ἐνδιατρίϐω
2974 2168 3154 2242 ταύτῃ
3184 2170 3251 2239 τῇ
3288 2184 3472 2239 παρα-

1872 2254 2023 2324 ϐολῇ,
2091 2254 2183 2307 καὶ
2250 2254 2519 2325 τετάρτην
2588 2254 2805 2327 ¹ἡμέραν
2866 2252 3029 2325 έχων,
3100 2251 3305 2321 ταύτης
3368 2251 3474 2304 οὐκ

1872 2338 2202 2407 ἀφίσταμαι,
2250 2336 2439 2408 ἐπειδὴ
2489 2337 2583 2391 καὶ
2619 2336 2754 2391 πολὺ
2799 2335 2859 2389 τὸ
2912 2335 3103 2406 κέρδος
3159 2336 3221 2387 ἐκ
3278 2332 3471 2386 τούτου

1870 2420 1965 2474 τοῦ
1992 2420 2330 2491 διηγήματος
2353 2418 2464 2489 ὁρῶ
2491 2419 2780 2490 γινόμενον
2810 2419 2905 2472 καὶ
2935 2408 3219 2479 πλουσίοις
3252 2416 3347 2469 καὶ
3378 2415 3474 2467 πέ-

1872 2522 2019 2571 νησι,
2053 2505 2147 2558 καὶ
2179 2506 2291 2567 τοῖς
2322 2503 2463 2575 ὑπὲρ
2493 2503 2589 2573 τῆς
2619 2502 2730 2555 τῶν
2758 2500 3011 2571 πονηρῶν
3044 2499 3351 2571 εὐπραγίας
3378 2498 3475 2552 καὶ

1870 2590 1971 2659 τῆς
2015 2587 2123 2641 τῶν
2155 2586 2381 2641 δικαίων
2412 2586 2604 2650 πενίας
2645 2586 2741 2639 καὶ
2767 2584 2999 2654 θλίψεως
3029 2583 3471 2655 θορυϐουμένοις.

1873 2670 1985 2724 Καὶ
2004 2668 2115 2741 7&9
2144 2670 2296 2722 οὐδὲν
2326 2667 2471 2722 οὕτω
2499 2669 2628 2732 τοὺς
2652 2668 2883 2731 πολλοὺς
2910 2666 3289 2731 σκανδαλίζειν
3316 2665 3474 2718 εῖωθε

1874 2754 1969 2808 καὶ
2002 2754 2312 2824 ταράττειν,
2353 2751 2428 2815 ὡς
2465 2752 2527 2805 τὸ
2562 2751 2854 2815 πλουσίους
2896 2752 2954 2806 ἐν
2990 2750 3229 2822 πονηρία
3262 2748 3477 2814 ζῶντας

1874 2837 2178 2909 εὐημερίας
2206 2835 2503 2890 ἀπολαύειν
2532 2836 2753 2906 πολλῆς,
2783 2835 2879 2888 καὶ
2910 2834 3155 2897 δικαίους
3180 2834 3319 2905 μετά
3342 2834 3476 2905 ἀρε-

1873 2921 1973 2991 τῆς
1992 2920 2203 2985 ζῶντας
2222 2918 2360 2989 πρὸς
2376 2920 2614 2989 ἐσχάτην
2628 2918 2952 2971 ἐλαύνεσθαι
2970 2918 3183 2980 πενίαν,
3200 2917 3295 2969 καί
3308 2917 3475 2988 ἐτερσ.

1877 3004 2047 3074 μυρία
2076 3004 2175 3073 τῆς
2199 3001 2393 3065 πενίας
2426 3003 2724 3073 ὑπομένειν
2747 3000 3107 3074 χαλεταῦτερα
3137 3001 3472 3071 πράγματα.

1960 3084 2121 3139 Ἀλλά
2155 3083 2295 3156 αῦτη
2328 3084 2487 3156 ἱκανὴ
2514 3088 2547 3157 ή
2580 3086 2867 3158 παραϐολὴ
2900 3085 3203 3156 παρασχεῖν
3232 3084 3302 3135 τά
3332 3084 3476 3156 φάρ-

1880 3186 2053 3240 μακα,
2087 3169 2212 3232 τοὺς
2242 3168 2342 3239 μὲν
2378 3168 2746 3233 πλουτοῦντας
2793 3166 3227 3240 σωφρονίζουσα,
3255 3167 3385 3230 τοὺς
3417 3166 3475 3219 δέ

1878 3253 2119 3323 πένητας
2169 3252 2661 3323 παραμυθουμένη·
2708 3254 2955 3316 ἐκείνους
3007 3254 3105 3323 μὲν
3144 3250 3477 3304 παιδεύουσα

1882 3337 1957 3408 μὴ
1992 3336 2133 3407 μέγα
2173 3338 2413 3407 φρονεῖν,
2458 3338 2585 3399 τοὺς
2623 3336 2680 3389 δὲ
2720 3337 2960 3407 πένητας
3000 3327 3475 3407 παραμυθουμένη

1879 3419 1973 3471 ἐπὶ
2030 3423 2143 3482 τοῖς
2185 3418 2444 3491 παροῦσι·
2498 3419 2787 3482 κάκείνους
2836 3419 2937 3489 μὲν
2977 3418 3052 3489 μὴ
3108 3417 3475 3489 μεγαλαυχεῖν

1881 3502 2143 3556 πείθουσα
2162 3500 2213 3566 δ,
2260 3503 2388 3555 ὅταν
2429 3501 2859 3574 πονηρευόμενοι
2907 3501 2982 3573 μὴ
3027 3502 3190 3555 δῶσιν
3242 3499 3479 3554 ἐνταῦθα

1880 3588 2057 3659 δίκην,
2097 3587 2173 3650 ὡς
2202 3586 2596 3659 χαλεπωτάτης
2636 3585 3098 3658 ἀπαντησομένης
3145 3585 3330 3648 αὐτοῖς
3360 3588 3480 3637 ἐκεῖ

1880 3670 1983 3740 τῆς
2010 3670 2303 3742 τιμωρίας·
2331 3670 2555 3732 τούτους
2576 3670 2632 3723 δὲ
2660 3668 3079 3742 παρακαλοῦσα,
3108 3669 3182 3741 μὴ
3219 3672 3340 3732 ταῖς
3361 3668 3479 3722 ἐτέ-

1887 3771 1995 3825 ρων
2037 3754 2368 3825 εὐπραγίαις
2418 3752 2787 3825 θορυϐεῖσθαι,
2844 3753 2980 3825 μηδὲ
3023 3752 3269 3823 νομίζειν
3311 3753 3480 3823 ἀπρο-

1882 3838 2050 3907 νόητα
2080 3832 2219 3891 εἶναι
2251 3837 2319 3891 τά
2344 3837 2469 3891 καθ’
2500 3838 2672 3908 ἡμᾶς,
2706 3838 2834 3891 ὅταν
2872 3837 3082 3902 δίκαιος
3117 3838 3215 3908 μὲν
3243 3838 3481 3892 ἐνταῦθα

1878 3921 2070 3990 πάσχῃ
2128 3919 2335 3983 κακῶς,
2388 3920 2627 3991 πονηρὸς
2667 3919 2725 3973 δέ
2772 3921 2866 3975 καὶ
2928 3920 3125 3991 μιαρὸς
3189 3915 3481 3993 ἅνθρωπος

1884 4003 2188 4074 εὐημερίας
2241 4000 2491 4075 ἀπολαύῃ
2536 4002 2842 4074 διηνεκοῦς.
2893 4004 3221 4077 Ἀμφότεροι
3267 4004 3377 4076 γάρ
3418 4006 3481 4058 τὸ

1886 4090 2006 4145 κατ’
2052 4087 2209 4154 ἀξίαν
2242 4087 2619 4157 ἀπολήψονται
2662 4088 2801 4153 ἐκεῖ,
2840 4090 2869 4141 6
2898 4090 2998 4159 μὲν
3027 4089 3155 4157 τοὺς
3181 4088 3482 4156 στεφάνους

1882 4172 1985 4241 τῆς
2014 4170 2294 4242 ὑπομονῆς
2332 4170 2428 4224 καὶ
2464 4170 2566 4241 τῆς
2598 4170 2920 4242 καρτερίας,
2955 4173 2984 4225 6
3015 4171 3071 4225 δέ
3098 4162 3197 4236 τάς
3227 4172 3483 4237 κολάσεις

1885 4257 1981 4309 καὶ
2012 4254 2113 4318 τὰς
2149 4254 2423 4326 τιμωρίας
2462 4252 2564 4323 τῆς
2601 4254 2888 4325 πονηρίας.
2919 4254 3143 4327 Ταύτην
3173 4255 3271 4327 τήν
3299 4272 3483 4329 παρα-

1886 4337 2048 4409 ϐολὴν
2068 4336 2384 4407 ἐγγράψατε
2418 4337 2516 4390 καὶ
2542 4335 2786 4391 πλούσιοι
2821 4338 2917 4391 καὶ
2941 4338 3197 4411 πένητες·
3233 4338 3483 4394 πλούσιοι

1885 4424 1943 4475 ἐν
1990 4423 2102 4485 τοῖς
2144 4420 2344 4487 τοίχοις
2387 4419 2488 4490 τῆς
2522 4421 2793 4493 ὑμετέρας
2835 4422 3038 4487 οἰκίας,
3078 4423 3312 4494 πένητες
3340 4424 3399 4478 δέ
3426 4427 3483 4477 ἐν

1885 4508 2000 4570 τοῖς
2027 4505 2227 4576 τοίχοις
2263 4503 2365 4574 τῆς
2392 4503 2653 4567 διανοίας·
2686 4503 2789 4557 κᾶν
2816 4504 3111 4577 ἐξαλειφθῇ
3151 4523 3284 4559 ποτε
3310 4506 3484 4579 λήθης

1888 4587 2270 4660 ἐγγινομένης,
2324 4586 2647 4660 ἐπιχρίσατε
2712 4587 2877 4641 πάλιν
2932 4587 3022 4642 διά
3089 4588 3193 4659 τῆς
3259 4591 3485 4661 μνήμης

1887 4672 2116 4727 ἀνωθεν.
2152 4670 2371 4727 Μᾶλλον
2400 4671 2458 4725 δὲ
2484 4674 2579 4725 καὶ
2605 4674 2653 4725 οἰ
2678 4672 2927 4727 πλούσιοι
2958 4673 3066 4745 πρὸ
3088 4673 3190 4744 τῆς
3215 4673 3395 4738 οἰκίας
3425 4676 3485 4727 ἐν

1888 4759 1955 4828 τῇ
1990 4756 2199 4827 διανοίᾳ
2221 4754 2583 4825 διαγράψατε,
2617 4756 2713 4809 καὶ
2741 4756 2984 4827 συνεχῶς
3011 4757 3364 4828 περιφέρετε,
3391 4758 3486 4811 καὶ

1890 4841 2044 4897 ἔσται
2089 4838 2465 4893 διδασκαλεῖον
2527 4839 2658 4909 ὑμῖν
2713 4839 2810 4893 καὶ
2853 4840 3113 4905 ὑπόθεσις
3160 4840 3486 4911 φιλοσοφίας

1891 4925 2130 4995 ἀπάσης.
2196 4922 2323 4976 Ἐάν
2385 4921 2497 4994 γὰρ
2554 4922 2761 4993 ταύτην
2810 4922 3075 4993 διηνεκῶς
3118 4922 3272 4996 [754]
3322 4927 3487 4994 ἐγγε-

1890 5005 2218 5079 γραμμένην
2252 5005 2467 5077 ἔχ’ωμεν
2502 5006 2562 5059 ἐν
2590 5008 2657 5077 τῇ
2684 5004 2913 5077 διανοίᾳ,
2950 5004 3075 5059 οὐτε
3112 5006 3182 5061 τά
3208 5009 3485 5081 περιχαρῆ

1891 5090 1983 5146 τοῦ
2018 5090 2288 5163 παρόντος
2315 5089 2431 5160 βίου
2460 5091 2609 5159 ἡμᾶς
2642 5091 2886 5160 φυσῆσαι
2916 5090 3231 5161 δυνήσεται,
3254 5090 3378 5146 οὐτε
3414 5094 3487 5148 τά

1890 5173 2113 5246 λυπηρά
2138 5172 2477 5227 ταπεινῶσαι
2512 5174 2605 5226 καί⁵
2638 5172 2913 5227 καθελεῖν·
2946 5172 3084 5227 ἀλλά
3113 5174 3188 5238 ὡς
3220 5174 3359 5245 πρὸς
3385 5174 3488 5241 τάς

1892 5257 2214 5329 ζωγραφίας
2245 5257 2344 5321 τὰς
2367 5259 2391 5287 ε
2420 5259 2478 5312 ἐν
2500 5259 2613 5320 τοῖς
2642 5257 2866 5327 τοίχοις,
2900 5254 3044 5309 οὓτω
3073 5257 3211 5327 πρὸς
3244 5258 3488 5330 ἑκάτερα

1890 5343 2069 5398 ταῦτα
2104 5341 2517 5411 διακεισόμεθα.
2554 5340 2823 5411 Καθάπερ
2870 5339 2982 5413 γὰρ
3026 5345 3085 5396 ἐν
3126 5345 3255 5405 τοῖς
3282 5345 3487 5415 τοίχοις

1891 5425 2280 5499 γεγραμμένον
2327 5424 2562 5497 ὁρῶντες
2616 5424 2870 5477 πλούσιον
2930 5424 3027 5479 καὶ
3066 5424 3297 5498 πένητα,
3357 5426 3485 5484 οὐτε

1892 5510 2088 5582 ἐκείνῳ
2142 5507 2469 5579 φθονοῦμεν,
2520 5505 2645 5560 οὔτε
2692 5505 2787 5560 τοῦ
2837 5506 3072 5579 πένητος
3122 5513 3484 5589 ὕπερορῶμεν

1892 5596 1979 5650 διά
2016 5596 2079 5650 τὸ
2106 5592 2264 5648 σκιὰν
2296 5591 2435 5646 ἀλλά
2470 5590 2547 5664 μὴ
2577 5590 2921 5664 πραγμάτων
2948 5592 3210 5666 ἀλήθειαν
3248 5589 3388 5651 εῖναι
3414 5596 3485 5651 τά

1957 5734 1981 5763 ο
1998 5729 2109 5781 Alii
2137 5727 2223 5779 τοῦ
2243 5727 2569 5783 δικαζομένου.

1957 5792 1987 5834 εὶ
2019 5792 2258 5841 Πείθουσα
2276 5785 2423 5838 deest"
2445 5792 2494 5837 in
2517 5785 2709 5837 duobus
2729 5800 2849 5836 mss.

1965 5860 1987 5887 °
2010 5855 2109 5911 Alii
2132 5853 2235 5904 ἀλλ’
2259 5852 2421 5916 ὥσπερ
2438 5850 2540 5908 ταῖς
2563 5848 2845 5917 ζωγραφίαις
2865 5849 2985 5911 ταῖς.
