4142 6332
691 350 831 409 ιοῡο

682 470 957 544 ορῶμενω
981 469 1123 523 οὕτω
1151 471 1242 524 καὶ
1267 470 1495 525 πλούτου
1523 474 1616 526 καί
1638 474 1851 540 πενίας,
1877 476 1970 528 καὶ
1993 473 2152 547 δόξης
2183 478 2276 530 καὶ

683 554 930 624 ἀτιμίας,
963 556 1056 608 καὶ
1082 555 1191 609 τῶν
1219 554 1394 609 ἀλλων
1428 556 1684 610 ἁπάντων
1713 558 1820 611 τῶν
1844 575 1903 611 τε
1934 559 2275 632 σκυθρωπῶν

684 640 779 691 καὶ
842 638 1084 710 φαιδρῶν
1134 638 1234 708 τὴν
1288 638 1450 708 φύσιν
1490 639 1556 693 ἂν
1598 639 2028 712 καταμάθωμεν,
2072 643 2173 713 τῆς
2216 644 2277 709 ἐξ

692 721 924 776 ἑκάστου
974 722 1180 775 τούτων
1224 723 1582 795 ἐγγινομένης
1634 726 1767 795 ἡμῖν
1805 722 2121 796 ἀνωμαλίας
2168 726 2272 779 ἀπ-

688 804 1131 876 αλλαγησόμεθα.
1167 806 1333 869 Σκιάς
1361 807 1468 878 γάρ
1500 811 1649 860 ἐστιν
1683 808 2068 880 ἀπατηλότερα
2096 810 2271 862 ἀπαν-

683 906 753 942 τα
801 889 991 948 ταῦτα.
1047 890 1141 943 καὶ
1170 890 1260 944 τὸν
1286 890 1491 961 ὑψηλὸν
1534 891 1629 944 καὶ
1673 894 1920 959 γενναῖον
1962 892 2116 947 οὐδὲν
2146 892 2272 949 οὔτε

683 971 790 1024 τῶν
815 970 1084 1044 λάμπρῶν
1119 975 1214 1028 καὶ
1243 974 1503 1041 ἐπιδόξων
1533 975 1758 1045 ἐπᾶραι,
1787 974 1910 1028 οὕτε
1940 976 2047 1030 τῶν
2080 994 2275 1031 ταπει-

684 1053 790 1107 νῶν
832 1056 925 1108 καὶ
970 1058 1399 1129 ἀπερριμμένων
1444 1058 1720 1111 συστεῖλαι
1748 1059 2059 1131 δυνήσεται.
2112 1061 2275 1116 Ἀλλά

682 1139 793 1210 γάρ
835 1138 952 1210 ὥρα
973 1141 1158 1195 λοιπὸν
1182 1144 1314 1211 ἡμῖν
1347 1142 1440 1194 καὶ
1472 1142 1581 1195 τῶν
1613 1143 1874 1215 ῥημάτων
1904 1143 2134 1199 ἀκοῦσαι
2162 1146 2272 1199 τῶν

682 1222 775 1275 τοῦ
822 1222 1101 1278 πλουσίου.
1151 1225 1372 1292 Ἐρωτῶ
1403 1243 1496 1291 σε,
1544 1229 1699 1297 φησί,
1742 1228 1950 1297 πάτερ,
2000 1230 2270 1295 τουτέστι,

683 1306 1009 1378 παρακαλῶ,
1040 1306 1252 1379 δέομαι,
1299 1309 1547 1375 ἱκετεύω,
1590 1311 1691 1364 ἵνα
1731 1311 1976 1381 πέμψῃς
2025 1314 2114 1378 εἰς
2166 1314 2272 1367 τὸν

681 1384 853 1443 οἷκον
902 1390 1009 1444 τοῦ
1064 1393 1290 1460 πατρός
1332 1410 1453 1463 μου
1503 1392 1790 1463 Λάζαρον’
1840 1395 1957 1447 εἰσὶ
2015 1393 2125 1464 γάρ
2169 1412 2272 1464 μοι

681 1471 861 1527 πέκτε
902 1473 1171 1542 ἀδελφοί·
1202 1475 1302 1528 ἵνα
1337 1474 1805 1545 διαμαρτύρηται
1845 1479 2070 1543 αὐτοῖς,
2110 1477 2270 1543 ὅπως

674 1550 763 1623 μὴ
795 1555 1057 1611 ἔλθωσιν
1096 1558 1184 1623 εἰς
1218 1557 1327 1610 τόν
1350 1559 1541 1614 τόπον
1571 1560 1788 1615 τοῦτον
1819 1558 1929 1627 τῆς
1960 1560 2265 1625 βασάνου.

692 1636 911 1707 Ἐπειδὴ
967 1638 1077 1691 τῶν
1128 1639 1253 1693 καθ’
1300 1642 1491 1695 ἐαυτὸν
1528 1642 1818 1712 ἀπέτυχεν,
1872 1642 2015 1711 ὑπὲρ
2064 1642 2270 1713 ἑτέρων

680 1724 916 1773 ποιεῖται
950 1721 1049 1793 τὴν
1082 1725 1383 1795 ἱκετηρίαν.
1416 1725 1560 1795 Ὅρα
1593 1724 1711 1788 πῶς
1754 1725 2139 1799 φιλάνθρωπος
2175 1725 2270 1778 καὶ

676 1803 886 1875 ἥμερος
913 1805 1136 1873 γέγονεν
1167 1806 1273 1859 ὑπὸ
1312 1808 1409 1878 τῆς
1449 1807 1744 1871 κολάσεως.
1800 1809 1858 1861 ’0
1889 1809 1996 1879 γάρ
2034 1807 2127 1862 τοῦ
2160 1809 2271 1861 Λα-

676 1886 846 1957 ζάρου
869 1890 1231 1960 καταφρονῶν
1270 1891 1556 1961 παρόντος,
1608 1892 1811 1962 ἐτέρων
1838 1892 2088 1967 ἀπόντων
2112 1908 2272 1962 φρον-

676 1971 832 2037 τίζει·
865 1973 893 2024 6
934 1972 1026 2025 τὸν
1062 1976 1168 2044 πρὸ
1210 1974 1318 2025 τῶν
1350 1974 1646 2045 ὀφθαλμῶν
1696 1975 1948 2045 κείμενον
1995 1976 2269 2046 παρατρέ-

678 2072 813 2125 χων,
844 2055 953 2108 τῶν
982 2056 1081 2127 οὐχ
1102 2057 1396 2126 ὁρωμένων
1428 2057 1723 2129 μέμνηται,
1760 2059 1852 2111 καὶ
1894 2059 2032 2130 μετά
2069 2058 2269 2128 πολλῆς

677 2138 822 2202 ἀξιοί
843 2142 944 2210 τῆς
975 2139 1141 2209 τιμῆς
1166 2140 1265 2194 καὶ
1296 2141 1396 2211 τῆς
1422 2141 1677 2213 σπουδῆς,
1708 2141 1850 2198 ὥστε
1875 2141 2125 2211 γενέσθαι
2147 2142 2269 2195 τινά

676 2222 859 2275 αὐτῶν
894 2223 1154 2292 πρόνοιαν
1186 2221 1323 2293 πρὸς
1371 2224 1696 2296 ἀπαλλαγὴν
1734 2225 1844 2279 τῶν
1885 2225 2259 2296 καταληψομέ-

676 2324 782 2359 νων
819 2306 1019 2368 αύτοὺς
1064 2306 1271 2359 κακῶν.
1312 2308 1421 2359 Καὶ
1467 2309 1779 2378 παρακαλεῖ
1818 2311 2136 2380 πεμφθῆναι
2177 2311 2268 2362 τὸν

675 2388 926 2460 Λάζαρον
974 2392 1054 2453 εἰς
1111 2391 1201 2443 τὸν
1240 2385 1388 2443 οἷκον
1416 2391 1513 2444 τοῦ
1558 2392 1764 2467 πατρρς
1799 2392 1985 2456 αὐτοῦ,
2034 2392 2163 2446 ἐνθα
2199 2391 2270 2445 τὰ

677 2473 982 2542 σκάμματα
1009 2469 1076 2543 ἦν
1102 2473 1271 2544 αὐτῷ,
1302 2477 1396 2527 καὶ
1422 2476 1481 2529 τὸ
1510 2477 1721 2530 στάδιον
1750 2476 1980 2547 ἀνεῴγει
2008 2477 2106 2547 τῆς
2137 2478 2266 2549 ἀρε-

674 2556 793 2626 τῆς.
832 2558 1058 2611 Ἐκεῖνοι
1093 2557 1438 2627 βλεπέτωσαν
1476 2561 1636 2635 αὑτὸν
1672 2561 2123 2629 στεφανούμενον,
2163 2577 2269 2630 φηο

678 2640 783 2700 σίν,
821 2642 871 2692 οἱ
903 2641 1230 2712 θεασάμενοι
1260 2643 1687 2714 ἀγωνισάμενον⁸
1716 2647 1767 2697 οἱ
1795 2646 2073 2716 μάρτυρες
2102 2642 2267 2697 αὑτοῦ

673 2724 773 2793 τῆς
796 2726 985 2788 πενίας
1014 2726 1107 2778 καὶ
1137 2725 1228 2779 τοῦ
1261 2725 1420 2796 λιμοῦ
1451 2727 1673 2782 καὶτῶν
1705 2728 1916 2799 μυρίων
1938 2728 2147 2793 κακῶν,
2176 2746 2269 2797 γε-

674 2806 955 2860 νέσθωσαν
1002 2809 1279 2881 μάρτυρες
1317 2812 1417 2881 τῆς
1455 2813 1640 2883 τιμῆς,
1677 2813 1779 2882 τῆς
1808 2812 2131 2883 μεταϐολῆς.
2166 2815 2265 2883 τῆς

672 2890 833 2960 δόξης
860 2892 1100 2963 ἀπάσης,
1131 2893 1217 2945 ἵνα
1245 2894 1587 2964 ἑκατέρωθεν
1610 2896 1992 2959 παιδευθέντες
2026 2898 2121 2950 καὶ
2158 2913 2265 2967 μα-
2298 2905 2306 2909 “

675 2972 881 3039 θόντες,
914 2975 996 3029 ὅτι
1036 2977 1097 3028 ού
1129 2976 1293 3047 μέχρι
1319 2977 1413 3030 τοῦ
1449 2980 1719 3050 παρόντος
1754 2979 1870 3050 βίου
1910 2981 1979 3033 τά
2017 2980 2266 3051 ἡμέτερα

675 3059 933 3129 στήσεται
985 3060 1309 3129 πράγματα,
1372 3060 1514 3115 οὕτω
1570 3065 2137 3135 παρασκευάσωνται,
2190 3064 2267 3127 ὡς

673 3140 974 3211 δυνηθῆναι
1027 3144 1230 3213 ταύτην
1274 3145 1374 3216 τὴν
1432 3146 1652 3199 κόλασιν
1691 3147 1974 3217 διαφυγεῖν
2035 3149 2129 3202 καὶ
2167 3149 2267 3219 τὴν

672 3225 968 3295 τιμωρίαν.
1041 3226 1106 3279 Τί
1165 3222 1258 3280 οὗν
1318 3231 1345 3281 6
1411 3229 1705 3301 ’Λόραάμ;
1772 3232 2023 3299 Ἔχουσι
2093 3231 2265 3285 Μωυ-

672 3306 790 3359 σέα
836 3306 936 3360 καὶ
996 3308 1140 3376 τοὺς
1195 3311 1528 3381 προφήτας,
1585 3315 1785 3383 φησὶν,⁸
1823 3314 2265 3368 ἀκουσάτωσαν

673 3390 895 3446 αὐτῶν.
952 3392 1066 3463 Οὐχ
1129 3392 1291 3459 οὕτω,
1345 3397 1499 3465 φησὶ,
1551 3398 1615 3450 σὺ
1672 3397 1813 3471 κήδῃ
1866 3398 1974 3451 τῶν
2019 3397 2265 3465 ἀδελφῶν

674 3491 795 3539 σου,
858 3474 935 3539 ὡς
986 3476 1014 3529 6
1066 3480 1297 3547 ποιήσας
1352 3481 1549 3543 αὐτοὺς
1598 3479 1750 3543 Θεός.
1794 3482 2039 3551 Μυρίους
2081 3482 2265 3546 αὐτοῖς

673 3557 948 3629 ἐπέστησε
996 3558 1349 3625 διδασκάλους
1397 3562 1823 3634 παραινοῦντας,
1870 3565 2264 3634 συμδουλεύον-

673 3658 797 3706 τας,
830 3641 1236 3708 νουθετοῦντας.
1273 3646 1337 3697 Τί
1375 3642 1467 3699 οὖν
1494 3648 1658 3712 αὐτὸς
1689 3649 1885 3714 πάλιν;
1918 3649 2087 3719 Οὐχὶ,
2108 3650 2262 3720 φησί,

675 3724 863 3794 πάτερ
893 3725 1159 3796 Ἀϐραὰμ,
1184 3728 1349 3783 ἀλλὰ
1372 3728 1481 3783 ἐάν
1498 3749 1589 3797 τις
1613 3732 1735 3788 ἀπὸ
1758 3732 1989 3802 νεκρῶν
2008 3732 2263 3803 ἀπέλθῃ,

674 3807 836 3873 αὐτῷ
865 3810 1290 3866 πιστεύσουσι.
1320 3814 1505 3867 Ταῦτα
1537 3814 1601 3886 δὴ
1650 3816 1718 3890 τά
1761 3816 1871 3869 τῶν
1924 3817 2135 3872 πολλῶν
2167 3820 2268 3890 ῥή-

680 3910 848 3964 ματα.
879 3892 989 3946 Ποῦ
1030 3894 1118 3947 νῦν
1159 3898 1296 3949 εἰσιν
1322 3899 1369 3949 οἰ
1400 3897 1667 3967 λέγοντες,
1690 3888 1795 3964 Ὓίς
1824 3898 1985 3972 ἦλθεν
2016 3888 2263 3968 ἐκεῖθενς

675 3977 762 4042 τίς
801 3979 864 4031 ἐκ
887 3978 996 4030 τῶν
1029 3979 1239 4050 νεκρῶν
1266 3981 1463 4054 ἀνέστη
1487 4000 1500 4048 ;
1522 3983 1607 4047 τίς
1639 3980 1759 4038 εἶπε
1787 3986 1853 4039 τὰ
1882 3988 1940 4038 ἐν
1972 3986 2132 4057 ᾆδου;
2159 3987 2264 4039 Πό-

678 4080 749 4115 σα
773 4062 995 4117 τοιαῦτα
1021 4064 1117 4117 καὶ
1146 4064 1446 4134 τηλικαῦτα
1483 4068 1620 4139 πρὸς
1646 4068 1839 4123 ἑαυτὸν
1863 4065 2015 4123 εἶπεν
2051 4073 2079 4123 6
2110 4071 2268 4124 πλού-

685 4163 794 4209 τιος
825 4148 1051 4210 ἐκεῖνος,
1087 4146 1251 4217 ἡνίκα
1278 4142 1518 4220 ἐτρύφα;
1568 4152 1705 4205 Ούδέ
1743 4154 1850 4225 γὰρ
1896 4153 2084 4219 ἁπλῶς
2128 4172 2268 4228 παρ-

678 4229 936 4284 εκάλεσεν
966 4232 1269 4301 ἀναστῆναί
1292 4251 1414 4303 τινα
1441 4237 1505 4287 ἐκ
1534 4236 1642 4289 τῶν
1666 4240 1879 4311 νεκρῶν
1899 4257 1910 4269 ’
1942 4240 2057 4295 ἀλλ’
2079 4244 2266 4315 ἐπειδὴ

677 4316 789 4369 τῶν
832 4316 1067 4388 Γραφῶν
1102 4317 1315 4371 ἀκούων
1346 4320 1693 4391 κατεφρόνει,
1738 4325 2027 4393 κατεγέλα,
2065 4320 2269 4398 μύθους

679 4398 819 4455 εἶναι
846 4402 1065 4473 ἐνόμιζε
1097 4402 1164 4456 τά
1183 4402 1453 4473 λεγόμενα
1472 4421 1485 4434 ·
1517 4398 1611 4475 ἀφ“
1632 4398 1707 4461 ὧν
1733 4403 1827 4461 οὖν
1850 4410 2015 4474 αὐτὸς
2035 4410 2264 4482 ἔπασχε,

677 4488 774 4542 καί
801 4490 929 4559 περὶ
960 4487 1071 4540 τῶν
1098 4486 1343 4557 ἀδελφῶν
1375 4489 1612 4560 ἐνόμιζε.
1647 4493 1927 4561 Κάκεῖνοι,
1964 4496 2150 4567 φησὶν,
2178 4496 2269 4549 οὖ-

677 4589 785 4635 cm;
819 4570 1247 4625 ὑποπτεύουσιν·
1296 4571 1392 4624 ἐὰν
1424 4574 1481 4626 δέ
1516 4591 1600 4639 τις
1633 4575 1740 4628 ἀπὸ
1773 4579 1983 4651 νεκρῶν
2032 4581 2265 4655 ἀπέλθῃ,

675 4657 779 4709 ούκ
828 4656 1224 4727 ἀπιστήσουσιν
1274 4655 1444 4727 αὐτῷ,
1477 4658 1538 4709 ού
1595 4660 2084 4729 καταγελάσονται,
2131 4666 2267 4719 ἀλλά

681 4739 885 4808 μᾶλλον
905 4742 1017 4802 τοῖς
1037 4739 1353 4810 λεγομένοις
1376 4742 1724 4811 προσέξουσι.
1741 4744 1805 4796 Τί
1827 4741 1919 4799 οὖν
1935 4748 1963 4800 6
1978 4746 2230 4819 Ἀϐραάμ
2250 4766 2265 4816 ;

678 4825 749 4877 El
774 4825 1074 4890 Μωῦσέως
1097 4825 1195 4878 καὶ
1226 4825 1345 4879 τῶν
1371 4826 1694 4897 προφητῶν
1722 4831 1834 4883 οὐκ
1864 4830 2266 4898 ἁκούουσινε,

677 4905 821 4960 οὐδὲ
847 4903 999 4978 [755]
1036 4907 1147 4960 ἐάν
1180 4926 1268 4975 τις
1309 4910 1378 4963 ἐκ
1408 4910 1640 4979 νεκρῶν
1671 4912 1929 4980 ἀναστῇ,
1966 4915 2266 4969 ἀκούσον-

678 5005 792 5041 ται.
830 4990 939 5042 Καὶ
975 4992 1056 5043 δτι
1088 4990 1247 5045 τοῦτό
1281 4995 1428 5045 ἐστιν
1469 4994 1690 5064 ἀληθὲς,
1720 4997 1801 5049 ὅτι
1839 4998 1866 5049 6
1896 4997 2002 5050 τῶν
2034 4998 2267 5069 Γραφῶν

677 5073 779 5124 οὐκ
822 5072 1037 5126 ἀκούων
1084 5075 1221 5133 οὐδὲ
1257 5077 1468 5147 νεκρῶν
1519 5078 1893 5149 ἀνισταμένων
1946 5082 2265 5147 ἀκούσεται,

680 5154 892 5219 ἔδειξαν
937 5160 985 5209 οί
1030 5159 1291 5229 Ἰουδαῖοι,
1322 5161 1373 5213 οἳ
1403 5161 1595 5231 ἐπειδὴ
1631 5160 1907 5228 Μωῦσέως
1955 5166 2056 5218 ούκ
2103 5166 2269 5235 ηκου-

682 5254 782 5291 σαν
832 5240 951 5320 καὶ,
980 5242 1089 5294 τῶν
1138 5244 1456 5314 προφητῶν,
1492 5245 1613 5298 ούδέ
1661 5249 1887 5317 νεκροὺς
1926 5249 2269 5314 ἀναστάντας

684 5322 883 5404 ἰδόντες
912 5324 1241 5380 ἐπίστευσαν
1262 5344 1276 5357 ο
1312 5327 1446 5382 ἀλλά
1475 5328 1570 5383 νῦν
1604 5330 1703 5398 μὲν
1736 5333 2023 5404 ἀναιρεῖνδ
2050 5335 2143 5387 τὸν
2165 5336 2268 5390 Λά-

680 5403 849 5477 ζαρον
879 5409 1217 5479 ἐπεχείρουν,
1245 5410 1340 5463 νῦν
1370 5411 1425 5463 δέ
1458 5414 1568 5475 τοῖς
1598 5413 1919 5479 ἀποστόλοις
1953 5418 2266 5489 ἐπεπήδων,

688 5490 861 5543 καίτοι
889 5492 1099 5547 πολλῶν
1128 5495 1478 5550 ἀναστάντων
1508 5497 1720 5569 νεκρῶν
1750 5501 1808 5553 ἐν
1837 5500 1915 5572 τῷ
1958 5502 2135 5573 καιρῷ
2173 5504 2265 5557 τοῦ

685 5589 940 5644 σταύρου.

748 5748 771 5773 ⁸
795 5747 890 5795 Alii
915 5749 1000 5796 οὐκ
1021 5750 1247 5806 ἥκουσαν.

747 5806 771 5840 δ
790 5811 888 5860 Alii
915 5812 1111 5860 ἀνελεῖν.

1392 352 1447 405 S.
1488 349 1774 408 JOANNIS
1808 351 2304 410 CHRYSOSTOill
2347 355 2671 414 ARCHIEP.
2713 359 3261 419 CONSTANTINOP.

3852 357 3977 416 1010

2457 476 2657 547 γ’.Ἶνα
2686 480 2742 534 δὲ
2771 482 2866 534 καὶ
2892 482 3159 553 ἑτέρωθεν
3177 481 3375 553 μάθῃς,
3393 483 3475 535 δτι
3506 476 3973 546 ἀξιοπιστοτέραή

2386 561 2495 614 τῶν
2530 564 2826 634 προφητῶν
2860 564 3174 618 διδασκαλία
3206 566 3307 634 τῆς
3329 566 3437 617 τῶν
3462 561 3845 631 ἀνισταμένων
3875 560 3975 612 ἀπ-

2388 644 2673 713 αγγελίας,
2702 648 2877 700 ἐκεῖνο
2904 648 3199 717 σκόπησον,
3229 647 3314 702 δτι
3341 647 3537 716 νεκρὸς
3574 647 3677 716 μὲν
3705 646 3846 705 Ξιπας
3865 641 3974 694 δού-

2385 728 2476 793 λός
2509 731 2657 783 ἔστιν
2679 749 2691 761 ’
2735 730 2771 785 ἃ
2817 732 2874 785 δέ
2911 733 2966 784 αἰ
2999 732 3215 803 Γραφαί
3232 731 3597 800 φθέγγονται,
3628 728 3806 783 ταῦτα
3833 730 3860 779 6
3886 727 3982 777 Δεο’

2385 813 2593 882 σπότης
2642 813 2978 883 ἐφθέγξατοο
3011 816 3155 868 ὥστε
3202 815 3304 868 κᾶν
3356 814 3550 885 νεκρὸς
3595 814 3829 882 ἀναστῇ,
3876 813 3973 863 κᾶν

2383 896 2613 964 ἄγγελος
2637 896 2697 961 ἐξ
2718 897 2949 969 οὐρανοῦ
2978 899 3212 969 καταὸῇ,
3239 898 3458 952 πάντων
3482 897 3733 950 ἔστωσαν
3759 896 3816 947 αἱ
3842 894 3973 963 Γρα-

2385 980 2484 1048 φαί¹
2516 979 3054 1052 ἀξιοπιστότεραι.’0
3096 982 3207 1053 γὰρ
3254 981 3363 1034 τῶν
3401 979 3653 1049 ἀγγέλων
3680 976 3969 1045 Δεσπότης.

2384 1063 2480 1114 καὶ
2508 1062 2615 1115 τῶν
2642 1064 2853 1133 νεκρῶν
2885 1065 2978 1118 καί⁵
3004 1065 3115 1118 τῶν
3144 1064 3366 1129 ζώντων
3387 1063 3614 1135 Κύριος,
3641 1060 3805 1123 αὐτὸς
3838 1059 3969 1111 ἐκεῐο

2382 1165 2483 1210 νας
2518 1148 2904 1219 ἐνομοθέτησε.
2942 1150 3055 1203 Καὶ
3097 1149 3180 1203 ὅτι
3216 1148 3449 1220 περιττά
3480 1144 3740 1216 ζητοῦσιν
3782 1146 3831 1195 οἱ
3879 1139 3972 1211 ζηο

2380 1231 2604 1293 τούντες
2632 1236 2863 1303 νεκροὺς
2889 1233 3099 1286 ἐκεῖθεν
3131 1233 3328 1295 ἐλθεῖν,
3360 1231 3495 1302 πρὸς
3519 1233 3636 1292 τοῖς
3665 1228 3973 1298 εἰρημένοις

2382 1315 2476 1368 καὶ
2495 1315 2603 1368 ἀπὸ
2624 1316 2733 1369 τῶν
2761 1317 3045 1387 παρόντων
3074 1317 3189 1371 ἔστι
3212 1316 3383 1382 δεῖξαι
3406 1312 3777 1383 δικαστηρίων
3796 1308 3969 1362 τοῦτο.

2394 1399 2460 1451 Ἦ
2501 1399 2697 1468 γέεννα
2729 1400 2792 1451 ού
2824 1400 3079 1469 φαίνεται
3120 1402 3235 1462 τοῖς
3266 1398 3521 1457 ἀπίστοις
3541 1411 3555 1423 ·
3590 1397 3705 1458 τοῖς
3738 1394 3847 1463 γὰρ
3883 1408 3973 1443 πι-

2383 1485 2531 1546 στοῖς
2563 1484 2679 1535 ἐστι
2714 1483 2852 1555 δήλη
2880 1484 2977 1537 καὶ
3004 1482 3240 1555 φανερὰ,
3266 1481 3384 1536 ἀλλ’
3410 1482 3563 1551 ὅμως
3582 1482 3698 1541 τοῖς
3723 1477 3973 1537 ἀπίστοις

2378 1565 2441 1617 ού
2482 1565 2764 1633 φαίνεται·
2817 1565 2885 1619 τά
2936 1568 3125 1637 μέντοι
3172 1566 3504 1636 δικαστήρια
3553 1560 3831 1631 φαίνεται,
3884 1557 3974 1610 καὶ

2378 1647 2502 1701 καθ’
2527 1649 2768 1719 ’ἐκάστην
2794 1650 3009 1721 ἡμέραν
3030 1640 3325 1720 ἀκούομεν,
3349 1649 3429 1701 δτι
3456 1651 3485 1701 6
3508 1647 3658 1700 δεῖνα
3684 1640 3971 1711 ἐκολάσθη,

2377 1730 2473 1784 τοῦ
2501 1732 2672 1794 δεῖνος
2694 1734 2727 1801 ἡ
2757 1732 2915 1785 ούσία
2956 1732 3255 1804 ἐδημεύθη,
3287 1732 3477 1803 ἔτερος
3507 1730 3577 1784 τά
3620 1727 3861 1800 μέταλλα
3886 1726 3973 1796 ἐρ-

2378 1816 2628 1883 γάζεται,
2666 1814 2829 1879 ἀλλος
2876 1817 3129 1887 κατεκάη
3164 1816 3321 1888 πυρὶ,
3362 1814 3525 1877 ἄλλος
3572 1813 3750 1884 ἐτέρῳ
3792 1811 3974 1882 τρόπῳ

2350 1928 2353 1931 -
2380 1896 2657 1961 κολάσεως
2695 1897 2791 1950 καὶ
2839 1899 3115 1970 τιμωρίας
3158 1897 3430 1952 ἀπώλετο.
3448 1896 3590 1949 Ἀλλ’
3617 1897 3777 1989 ἰόμως
3806 1892 3973 1989 ταῦτα

2378 1979 2674 2061 ἀκούοντες
2717 1983 2765 2034 οἰ
2816 1983 3047 2053 πονηροὶ
3090 1983 3181 2035 καί
3213 1981 3515 2051 κακοῦργοι
3544 1979 3641 2033 καὶ
3681 1978 3880 2061 γόητες
3915 1978 3975 2027 οὗ

2380 2058 2830 2135 σωφρονίζονται.
2864 2066 2976 2117 Καὶ
3004 2065 3058 2117 τί
3084 2065 3251 2133 λέγω,
3284 2066 3334 2117 εἰ
3372 2066 3423 2117 οἱ
3457 2064 3737 2134 μηδέποτε
3764 2058 3973 2119 τούτοις

2378 2148 2769 2219 περιπεσόντες
2832 2149 2894 2202 οὐ
2953 2149 3425 2219 σωφρονίζονται;
3475 2146 3745 2207 πολλάκις
3795 2141 3976 2207 πολλοὶ

2378 2233 2588 2285 τούτων
2618 2232 2841 2296 ἁλόντες
2874 2232 3360 2302 καϊδιαφυγόντες
3384 2231 3484 2302 τὴν
3516 2228 3766 2293 κόλασιν,
3794 2225 3891 2278 καὶ
3917 2224 3973 2276 τὺ

2378 2315 2756 2389 δεσμωτήριον
2800 2315 3149 2387 διορύξαντες
3176 2314 3268 2368 καὶ
3298 2312 3783 2383 ἀποπηδήσαντες,
3817 2308 3973 2360 πάλιν

2377 2402 2491 2463 τοῖς
2521 2402 2709 2465 αὐτοῖς
2736 2400 3016 2463 ἐπέθεντο,
3048 2402 3143 2455 καί¹
3170 2397 3352 2469 πολλῷ
3376 2396 3745 2469 χαλεπώτερα
3773 2391 3973 2446 τούτων

2378 2484 2727 2555 εἰργάσαντο.
3204 2565 3213 2567 _
3405 2564 3427 2567 μ
3535 2564 3544 2567 Δ
3646 2561 3657 2567 _
3855 2557 3880 2567 η

2448 2567 2540 2639 Μὴ
2568 2569 2749 2621 τοίνυν
2784 2567 3042 2639 ζητῶμεν
3075 2565 3227 2637 παρά
3258 2564 3469 2637 νεκρῶν
3522 2561 3749 2617 ἀκούειν
3781 2561 3970 2647 ταῦτα,

2376 2649 2414 2704 ἀ
2436 2651 2626 2722 πολλῴ
2670 2653 3005 2723 σαφέστερον
3036 2653 3093 2705 αἱ
3126 2650 3345 2721 Γραφαὶ
3385 2648 3509 2701 καθ’
3538 2647 3781 2714 ἑκάστην
3826 2644 3973 2713 ἡμᾶς

2379 2734 2697 2790 παιδεύουσι
2720 2737 2820 2806 τὴν
2851 2736 3087 2808 ἡμέραν.
3112 2735 3174 2788 Εἰ
3201 2734 3312 2804 γὰρ
3340 2733 3458 2804 ᾔδει
3486 2731 3648 2783 τούτο
3675 2730 3704 2780 6
3725 2726 3973 2790 Θεὸς,δτι

2377 2818 2564 2887 νεκροὶ
2609 2821 2963 2890 ἀνιστάμενοι
3015 2820 3142 2882 τοὺς
3178 2817 3389 2881 ζῶντας
3423 2814 3720 2885 ὠφέλησαν
3751 2810 3839 2873 ἂν,
3879 2810 3973 2861 οὐκ

2376 2898 2443 2953 ἂν
2495 2901 2820 2973 παρέλιπεν,
2864 2902 2975 2955 οὐδ’
3007 2902 3071 2955 ἂν
3121 2901 3341 2972 παρῆκε
3393 2897 3653 2951 τοσοῦτον
3702 2893 3895 2963 κέρδος
3948 2892 3974 2943 6

2378 2986 2557 3038 πάντα
2611 2988 2747 3055 ἡμῖν
2792 2986 2929 3057 πρὸς
2976 2986 3038 3038 τὸ
3092 2984 3373 3054 συμφέρον
3424 2978 3972 3051 πραγματευόμενος.

2376 3070 2562 3141 Χωρὶς
2589 3070 2647 3122 δέ
2672 3070 2903 3133 τούτων,
2935 3070 2984 3121 εί
3013 3068 3255 3139 συνεχῶς
3285 3064 3511 3137 ἔμελλον
3535 3060 3862 3116 ἀνίστασθαι
3886 3075 3974 3153 ἐδε-

2377 3154 2522 3223 κροὶ,
2549 3155 2645 3207 καὶ
2674 3155 2743 3207 τά
2765 3155 2883 3206 ἐκεῖ
2907 3154 3085 3206 πάντα
3115 3150 3487 3219 ἀπαγγέλλειν
3520 3151 3676 3219 ἡμῖν,
3700 3146 3976 3199 καὶτοῦτο

2375 3237 2441 3290 ἂν
2485 3237 2563 3307 τῷ
2592 3237 2772 3308 χρόνῳ
2804 3235 3183 3307 κατεφρονήθη
3220 3235 3418 3288 πάλιν·
3466 3232 3605 3303 πρὸς
3653 3229 3711 3282 δὲ
3760 3227 3974 3288 τούτοις

2376 3321 2471 3373 καὶ
2524 3321 2736 3391 πονηρά
2785 3320 2851 3373 ἂν
2900 3320 3164 3388 εἰσήγαγε
3202 3317 3454 3388 δόγματα
3484 3317 3511 3367 ό
3541 3311 3788 3375 διάϐολος
3837 3309 3976 3380 μετά

2376 3404 2579 3473 πολλῆς
2613 3404 2714 3473 τῆς
2740 3402 3012 3465 εὐκολίας.
3044 3401 3251 3455 Εἴδωλα
3282 3400 3391 3471 γὰρ
3425 3397 3659 3467 ἠδύνατο
3698 3392 3973 3447 δεικνύναι

2376 3487 2659 3550 πολλάκις,
2693 3486 2725 3556 ῆ
2767 3486 2862 3538 καί.
2908 3484 3352 3555 παρασκευάζων
3387 3481 3542 3544 τινὰς
3571 3477 3973 3548 ὑποκρίνασθαι

2376 3572 2606 3626 θάνατον
2637 3571 2734 3625 καὶ
2763 3569 3219 3643 κατορύττεσθαι,
3249 3566 3523 3621 δεικνύναι
3565 3562 3733 3617 πάλιν
3783 3561 3866 3623 ὡς
3913 3560 3971 3611 ἐκ

2375 3656 2589 3728 νεκρῶν
2633 3654 3001 3717 ἀναστάντας,
3046 3653 3143 3706 καὶ
3191 3650 3259 3705 δι’
3287 3650 3512 3704 ἐκείνων
3568 3649 3669 3702 ὅσα
3721 3644 3973 3728 ἐϐούλετο

2376 3725 2731 3793 πιστεύεσθαι
2758 3740 2879 3801 ταῖς
2908 3736 3018 3789 τῶν
3048 3734 3432 3803 ἀπατωμένων
3458 3731 3746 3792 διανοίαις.
3777 3728 3841 3780 Εἰ
3870 3725 3973 3795 γὰρ

2374 3823 2491 3887 νῦν,
2522 3823 2736 3886 οὐδενὸς
2759 3822 2913 3885 δντος
2947 3819 3215 3884 τοιούτου,
3242 3819 3444 3889 ὄνειροι
3475 3814 3741 3876 πολλάκις
3775 3810 3972 3880 φανένο

2374 3926 2468 3971 τες
2517 3909 2575 3960 ἐν
2621 3906 2816 3970 τύποις
2850 3906 2959 3969 τῶν
3008 3904 3380 3965 ἀπελθόντων,
3422 3898 3656 3962 πολλοὺς
3683 3895 3971 3967 ἠπάτησαν

2377 3993 2473 4046 καὶ
2505 3990 2821 4062 διέφθειράν
2845 4006 2860 4020 ⁸
2898 3988 3081 4059 πολλῷ
3127 3987 3352 4059 μᾶλλον,
3382 3987 3431 4039 εἰ
3463 3984 3624 4038 τοῦτο
3666 3976 3970 4051 γεγενημέ-

2376 4096 2466 4131 νον
2511 4073 2579 4146 ἦν
2616 4078 2711 4130 καὶ
2740 4076 3087 4147 κεκρατηκὸς
3118 4077 3175 4128 ἐν
3204 4076 3329 4137 ταῖς
3360 4072 3471 4126 τῶν
3514 4066 3827 4138 ἀνθρώπων
3858 4063 3968 4147 δια·

2375 4161 2571 4224 νοίαις,
2603 4154 2716 4213 οἷον
2759 4146 2855 4213 ὅτι
2892 4146 3079 4212 πολλοί
3130 4156 3239 4210 τῶν
3283 4154 3630 4210 ἀπελθόντων
3671 4146 3969 4217 ἐπανῆλθον

2377 4246 2562 4307 πάλιν,
2601 4243 2818 4315 μυρίοις
2846 4241 2913 4296 ἂν
2957 4244 2987 4296 6
3033 4242 3230 4313 μιαρὸς
3273 4240 3486 4310 δαίμων
3536 4237 3746 4297 ἐκεῖνος
3794 4232 3969 4292 δόλους

2377 4328 2593 4394 ἔπλεξε,
2633 4329 2727 4382 καί
2757 4327 2961 4397 πολλὴν
3007 4326 3225 4396 ἀπάτην
3275 4326 3354 4387 εἰς
3398 4323 3489 4376 τὸν
3531 4321 3646 4391 βίον
3684 4318 3967 4397 εἰσήγαγε.

2377 4413 2479 4467 Διά
2500 4411 2656 4467 τοῦτο
2683 4396 2975 4465 ἀπέκλεισε
2998 4411 3096 4474 τὰς
3120 4409 3293 4480 θύρας
3315 4409 3342 4460 6
3363 4406 3515 4471 Θεὸς,
3541 4405 3637 4458 καὶ
3659 4403 3759 4455 οὐκ
3783 4396 3969 4468 ἀφίησί

2376 4515 2501 4551 τινα
2525 4496 2632 4551 τῶν
2661 4495 3009 4550 ἀπελθόντων
3037 4492 3406 4552 ἐπανελθόντα
3436 4491 3611 4543 εἰπεῖν
3636 4487 3705 4540 τά
3734 4486 3875 4545 ἐκεῖ,
3888 4483 3967 4534 ῖνα

2381 4582 2458 4653 μὴ
2498 4580 2677 4634 λαϐὼν
2714 4579 2970 4650 ἀφορμὴν
3010 4577 3163 4651 [756]
3194 4575 3446 4630 ἐντεῦθεν
3476 4576 3707 4635 ἐκεῖνος,
3733 4567 3964 4653 τάᾃπαρ⁹

2378 4651 2576 4719 ἐαυτοῦ
2602 4664 2779 4719 πάντα
2803 4663 3097 4734 εἰσαγάγῃ.
3130 4661 3240 4713 Καὶ
3264 4659 3375 4730 γὰρ
3394 4661 3485 4712 ὅτε
3510 4657 3791 4728 προφῆται
3815 4651 3965 4725 ἦσαν,

2376 4748 2833 4820 ψευδοπροφήτας
2863 4748 3054 4817 ἤγειρε
3075 4762 3088 4776 ·
3114 4744 3220 4798 καί
3235 4745 3325 4797 ὅτε
3354 4741 3668 4805 ἀπόστολοι,
3698 4739 3962 4809 ψευδαπο-

2381 4833 2600 4897 στόλους
2620 4849 2633 4862 ·
2661 4832 2755 4887 καὶ
2777 4832 2866 4884 ὅτε
2898 4829 3139 4901 Χριστὸς
3165 4829 3361 4898 ἐφάνη,
3395 4825 3829 4896 ψευδοχρίστους
3850 4841 3862 4851 ·
3884 4820 3968 4874 καί.

2377 4916 2466 4970 ὅτε
2493 4916 2742 4986 δόγματα
2775 4913 3063 4985 εἰσηνέχθη
3087 4913 3237 4983 ὑγιῆ,
3273 4910 3655 4980 διεφθαρμένα
3686 4908 3965 4977 εἰσήγαγε,

2377 5000 2445 5056 τά
2467 5001 2683 5066 ζιζάνια
2714 4996 2993 5068 πανταχοῦ
3015 4996 3344 5065 διασπείρων
3365 4996 3411 5048 θ.
3429 4994 3597 5046 ’Ὥστε
3630 4992 3679 5045 εἰ
3700 4993 3797 5043 καὶ
3821 4990 3969 5043 τοῦτο

2381 5084 2601 5155 συνέϐη,
2638 5083 2730 5137 καὶ
2774 5082 2935 5134 τοῦτο
2968 5080 3326 5155 ἐπεχείρησεν
3353 5076 3421 5131 ἂν
3460 5074 3861 5147 ὑποκρίνεσθαι
3890 5070 3963 5124 διὰ

2377 5169 2486 5223 τῶν
2521 5168 2738 5221 οἰκείων
2768 5165 3041 5238 ὀργάνων,
3070 5164 3190 5235 οὐχὶ
3218 5162 3447 5233 νεκροὺς
3476 5158 3696 5230 ἀληθῶς
3726 5157 3965 5221 ἀνιστὰς,

2378 5252 2517 5307 ἀλλά
2570 5252 2932 5321 μαγγανείαις
2982 5248 3094 5301 τισὶ
3142 5247 3238 5299 καὶ
3285 5244 3525 5307 ἀπάταις
3557 5243 3657 5306 τὰς
3689 5242 3845 5310 δψεις
3870 5239 3967 5291 τῶν

2378 5336 2629 5407 δρώντων
2658 5333 2960 5402 ἀπατῶν,ἣ
2993 5331 3087 5385 καί
3114 5346 3266 5393 τινας
3291 5326 3760 5399 παρασκευάζων,
3789 5325 3964 5391 ῶσπερ

2379 5420 2550 5491 ἔφθην
2596 5418 2788 5480 εἰπὼν,
2824 5415 3217 5486 ὑποκρίνεσθαι
3250 5410 3532 5483 τελευτὴν,
3571 5410 3643 5464 τά
3683 5412 3796 5465 ἀνω
3831 5411 3967 5462 κάτω

2379 5505 2558 5558 πάντα
2588 5503 2846 5572 ἐποίησεν
2876 5500 2941 5554 ἂν
2968 5502 3063 5553 καί.
3097 5500 3370 5568 συνέχεεν.
3390 5497 3530 5550 Ἀλλ’
3557 5500 3587 5551 6
3607 5497 3743 5560 Θεὸς
3763 5498 3962 5550 ἅπαντα

2378 5592 2551 5643 ταῦτα
2602 5585 2890 5657 προειδὼς,
2939 5585 3288 5654 ἀπετείχισεν
3335 5580 3487 5652 αὐτῷ
3534 5581 3637 5656 τὴν
3687 5576 3963 5647 ὲπιδουλὴν

2444 5826 2468 5857 ⁸
2493 5826 2591 5875 Alit
2619 5822 2966 5889 κατασπείρων.
