4160 6324
206 359 226 411 Ι
231 355 340 411 009

203 468 477 533 videmus,
509 465 696 520 umbra
729 478 903 518 rerum
929 461 1057 528 sint,
1087 475 1194 514 non
1220 463 1414 514 veritas
1440 478 1453 514 :
1477 461 1554 514 sic
1579 470 1633 514 et
1659 458 1796 513 divi-

204 559 404 613 tiarum
428 567 485 610 et
514 555 863 625 paupertatis,
894 552 1079 623 gloria:
1104 561 1158 605 et
1179 550 1509 620 ignominim,
1539 550 1794 603 aliarum-

199 665 310 718 que
333 663 516 703 rerum
543 646 781 702 omnium
824 645 936 697 sive
978 644 1208 697 tristium
1234 641 1347 696 sive
1373 642 1614 696 iustarum
1645 649 1798 694 natu-

197 754 316 792 ram
344 741 388 792 si
419 737 746 803 noverimus,
795 733 1138 788 liberabimur
1167 749 1194 785 a
1226 731 1547 798 turbatione,
1578 747 1698 801 qua:
1727 746 1792 784 ex

197 832 395 882 harum
434 842 750 896 unaquaque
793 826 848 878 in
891 824 1047 878 nobis
1090 823 1233 893 gigni
1277 823 1433 876 solet.
1483 822 1607 876 Hmc
1649 822 1792 876 enim

194 918 382 972 omnia
414 918 601 986 quavis
624 916 810 970 umbra
834 914 1107 969 fallaciora
1131 923 1289 979 sunt;
1321 914 1522 967 homini
1548 929 1672 968 vero
1689 915 1793 968 alta

195 1017 382 1063 mente
413 1010 640 1079 praedito
668 1018 828 1078 atque
862 1023 1127 1076 generoso
1168 1006 1330 1061 nullm
1358 1022 1445 1061 res
1472 1006 1708 1062 illustres
1723 1021 1793 1062 ac

192 1099 496 1167 splendidre
538 1099 806 1167 attollere,
846 1099 1006 1152 nulla:
1045 1099 1275 1154 humiles
1302 1097 1632 1167 abjectarque
1662 1113 1789 1151 con-

197 1192 418 1246 trahere
453 1191 690 1246 animum
733 1198 978 1260 possunt.
1020 1190 1218 1244 Verum
1261 1189 1611 1258 jam-tempus
1640 1191 1792 1244 nobis

191 1294 302 1348 est,
337 1290 392 1336 ut
416 1283 597 1337 divitis
633 1284 795 1338 verba
821 1283 1140 1338 audiamus:
1170 1282 1273 1336 Oro
1294 1291 1361 1348 te,
1391 1283 1580 1352 inquit,
1610 1291 1786 1352 pater,

195 1374 302 1430 hoc
330 1385 412 1430 est
433 1376 662 1432 obsecro
687 1391 943 1446 rogoque,
972 1384 1024 1428 ut
1046 1376 1213 1430 mittas
1229 1371 1484 1428 Lazarum
1508 1376 1561 1428 in
1587 1376 1793 1428 domum

195 1467 359 1534 patris
389 1467 522 1532 mei;
552 1477 670 1520 sum
709 1468 842 1520 enim
874 1468 997 1520 mihi
1024 1468 1242 1536 quinque
1266 1470 1480 1537 fratres;
1510 1476 1564 1519 ut
1611 1467 1791 1535 testiﬁ-

192 1568 340 1612 cetur
378 1559 518 1626 illis,
571 1576 635 1612 ne
676 1561 879 1613 veniant
925 1560 978 1612 in
1019 1561 1154 1613 hunc
1194 1560 1361 1612 locum
1408 1569 1788 1612 tormentorum.

198 1648 492 1719 Postquam
539 1665 636 1718 pro
675 1665 736 1703 se
788 1666 894 1704 non
943 1650 1357 1718 impetraverat,
1399 1665 1496 1719 pro
1521 1651 1636 1704 aliis
1670 1651 1793 1704 facit

192 1741 667 1810 supplicationem.
714 1743 844 1797 Vide
882 1758 1040 1812 quam
1090 1743 1400 1806 humanum,
1447 1758 1604 1812 quam
1633 1758 1789 1796 man-

192 1843 404 1908 suetum
445 1850 598 1904 poena
645 1834 937 1889 reddiderit
965 1849 1110 1888 eum.
1140 1834 1243 1900 Qui
1270 1849 1501 1903 namque
1524 1832 1787 1887 Lazarum

194 1935 520 1995 prazsentem
555 1925 902 1996 despiciebat,
937 1927 1163 1980 aliorum
1194 1926 1495 1981 absentium
1526 1942 1668 1980 nunc
1690 1942 1786 1981 cu-

191 2033 309 2072 ram
359 2018 522 2080 habet
555 2037 568 2072 :
601 2019 690 2088 qui
735 2030 861 2073 ante
909 2019 1094 2073 oculos
1131 2019 1399 2087 iacentem
1444 2019 1786 2088 praeteribat,

191 2108 440 2162 meminit
485 2124 672 2164 eorum
717 2125 853 2179 quos
902 2125 1007 2162 non
1064 2109 1226 2173 videt,
1287 2110 1562 2180 multoque
1611 2109 1788 2163 studio

197 2199 474 2266 postulat,
523 2211 578 2254 ut
607 2202 784 2270 aliquo
814 2201 974 2256 modo
1003 2203 1105 2257 illis
1152 2202 1509 2271 prospiciatur
1531 2202 1788 2258 adversus

191 2290 523 2346 imminentia
552 2294 686 2347 mala
715 2293 1102 2364 :obsccratque
1126 2301 1183 2347 ut
1209 2293 1445 2347 Lazarus
1478 2293 1529 2347 in
1557 2294 1778 2348 domum

194 2381 363 2448 patris
385 2383 648 2449 mittatur,
675 2384 760 2437 ubi
787 2384 887 2452 ipsi
919 2384 1094 2439 fuerat
1121 2400 1282 2439 arena
1310 2386 1646 2457 stadiumque
1672 2387 1784 2440 vir-

190 2475 318 2526 tutis
347 2484 611 2543 apertum.
644 2474 720 2528 Illi
765 2476 978 2544 videant
1022 2476 1168 2530 illum
1199 2477 1489 2541 coronari,
1523 2480 1610 2547 qui
1637 2478 1786 2533 vide-

189 2574 320 2619 rlnt
350 2575 648 2620 certantem
678 2586 691 2621 :
717 2569 803 2636 qui
833 2579 996 2622 testes
1023 2569 1232 2622 fuerunt
1262 2568 1336 2621 illi
1368 2571 1690 2637 paupertatis
1722 2585 1786 2624 ae

190 2654 381 2720 famis,
430 2657 764 2726 aliorumque
804 2659 1068 2713 malorum
1116 2659 1605 2728 innumerabilium,
1655 2660 1785 2715 fiant

191 2753 360 2801 testes
384 2746 602 2802 honoris
634 2757 688 2802 et
713 2749 1016 2819 ignominia:
1057 2751 1110 2803 in
1140 2765 1353 2806 omnem
1385 2751 1610 2820 gloriam
1637 2767 1782 2807 com-

187 2848 410 2892 mutans
441 2856 454 2892 :
483 2847 544 2897 ut
585 2841 838 2909 utrinque
886 2842 1130 2910 castigati
1168 2841 1455 2912 doctique,
1508 2843 1649 2913 quod
1695 2857 1782 2897 res

187 2938 388 2983 nostra:
431 2945 761 2999 nequaquam
806 2933 1086 3000 praesentis
1130 2932 1252 2986 vita:
1290 2932 1520 2987 termino
1547 2934 1780 2988 circum.

187 3018 509 3085 scribantur,
542 3020 753 3100 tandem
801 3031 1104 3091 praeparent
1130 3037 1270 3087 sese,
1315 3032 1372 3076 ut
1399 3024 1535 3078 hanc
1567 3039 1778 3094 poenam

185 3111 587 3182 cruciatumque
609 3114 812 3183 possint
840 3113 1094 3183 effugere.
1119 3114 1256 3182 Quid
1281 3114 1440 3184 igitur
1463 3116 1779 3171 Abraham?

190 3198 409 3268 Habent,
459 3201 648 3271 inquit,
701 3202 932 3273 Moysem
974 3213 1020 3258 et
1051 3204 1344 3273 prophetas,
1393 3205 1606 3259 audiant
1639 3206 1776 3260 illos.

187 3293 301 3347 Non
341 3311 494 3365 atque
527 3306 582 3349 tu
609 3311 766 3350 curas
795 3296 988 3350 fratres
1033 3305 1149 3351 tuos
1175 3307 1332 3366 atque
1365 3297 1506 3352 Deus
1536 3299 1624 3366 qui
1659 3298 1778 3354 illos

185 3386 454 3440 condidit:
478 3392 789 3441 Innumeros
833 3387 937 3446 illis
965 3387 1207 3440 adhibuit
1237 3388 1521 3456 magistros
1544 3430 1558 3452 ,
1595 3389 1780 3444 admor

189 3479 411 3542 nitores,
461 3479 814 3541 consultores,
860 3477 1250 3532 adhortatores.
1297 3476 1445 3543 Quid
1487 3479 1644 3547 igitur
1687 3479 1777 3534 ille

184 3567 492 3636 respondit?
523 3566 666 3632 Non,
690 3569 879 3636 inquit,
901 3579 1043 3634 pater
1072 3568 1350 3634 Abraham,
1380 3568 1470 3621 sed
1497 3570 1542 3623 si
1568 3571 1680 3638 quis
1711 3586 1775 3623 ea:

183 3659 391 3712 mortuis
417 3658 607 3721 redeat,
637 3658 714 3711 illi
744 3658 963 3710 credent.
989 3657 1115 3711 limo
1140 3667 1262 3710 sunt
1292 3658 1434 3727 vulgi
1467 3658 1648 3713 verba.
1671 3659 1773 3714 Ubi

183 3763 326 3803 nunc
354 3757 480 3802 sunt
505 3750 592 3818 qui
620 3748 840 3813 dicunt,
889 3748 1036 3802 illiue
1064 3748 1255 3803 rediit?
1281 3749 1410 3816 Quis
1439 3764 1504 3803 ex
1547 3751 1775 3804 mortuis

180 3840 450 3895 surrexit?
478 3839 608 3907 Quis
630 3841 865 3893 narravit
889 3856 1008 3909 quae
1034 3849 1160 3894 sunt
1179 3841 1318 3910 apud
1341 3841 1576 3896 inferos?
1599 3841 1770 3908 Quam

181 3929 347 3988 multa
375 3932 473 3984 alia
503 3940 753 4000 tantaque
784 3930 993 3984 dicebat
1020 3931 1160 3998 apud
1200 3932 1433 4000 seipsum
1472 3933 1620 3987 dives
1645 3933 1764 4000 ille,

179 4035 297 4074 cum
337 4036 640 4076 versaretur
680 4025 728 4075 in
761 4021 1209 4094 deliciis?Neque
1250 4024 1392 4077 enim
1436 4033 1637 4081 temere
1677 4043 1772 4097 por

181 4114 426 4177 stulabat,
463 4123 519 4166 ut
546 4114 736 4183 aliquis
766 4122 1011 4184 surgeret
1039 4130 1102 4169 ex
1136 4116 1382 4170 mortuis.
1415 4116 1608 4172 Verum
1637 4133 1770 4189 quo-

180 4203 318 4257 niam
344 4206 454 4272 ipse
480 4205 704 4260 audiens
719 4206 1023 4274 Scriptoras
1047 4215 1461 4276 contempserat,
1483 4209 1766 4276 deriserat,

180 4295 380 4351 fabulas
429 4311 549 4350 esse
595 4313 713 4366 qua:
762 4297 1074 4352 dicebantur
1113 4299 1605 4370 credideratzerga
1655 4301 1769 4356 haec

176 4387 310 4441 sicut
344 4388 455 4457 ipse
477 4387 651 4442 fuerat
675 4387 916 4455 affectus,
952 4389 1020 4442 ita
1044 4389 1270 4444 habebat
1292 4391 1596 4459 opinionem
1622 4399 1675 4445 et
1701 4391 1768 4446 de

178 4477 429 4535 fratribus
477 4484 607 4536 suis.
656 4481 771 4549 illi,
820 4483 1023 4552 inquit,
1070 4483 1148 4538 sic
1186 4484 1507 4552 opinantur:
1539 4483 1678 4552 quod
1723 4485 1763 4538 si

177 4571 289 4637 quis
314 4587 378 4624 ex
410 4573 640 4626 mortuis
671 4573 885 4627 redierit
911 4614 925 4638 ,
958 4588 1061 4627 non
1092 4572 1426 4642 derogabunt
1458 4574 1617 4628 fidem
1647 4574 1762 4640 illi,

178 4677 346 4732 neque
376 4663 729 4730 deridebunt,
771 4665 863 4718 sed
902 4666 1078 4734 potius
1107 4666 1482 4720 auscultabunt
1522 4667 1616 4732 iis,
1647 4681 1765 4736 qua:

178 4752 436 4809 dicentur.
466 4755 601 4822 Quid
637 4757 796 4826 igitur
825 4757 1128 4812 Abraham?
1156 4758 1217 4813 Si
1251 4757 1443 4811 Mosen:
1476 4768 1522 4812 et
1548 4760 1766 4830 prophe-

177 4855 249 4898 tas
273 4848 619 4913 nonattdiunt,
639 4864 729 4901 nec
753 4849 920 4917 siquis
938 4865 968 4900 a
988 4849 1198 4902 mortuis
1219 4850 1514 4915 surrexerit,
1538 4851 1759 4904 credent.

181 4935 334 5007 quue
361 4954 543 4992 verum
574 4954 693 4993 esse
718 4981 732 5003 ,
765 4939 906 5007 quod
956 4941 1044 5009 qui
1090 4956 1196 4993 non
1239 4940 1387 4994 audit
1420 4939 1721 5008 Scripturas
1745 4983 1760 5008 ,

180 5044 346 5099 neque
377 5046 441 5085 ex
473 5033 696 5086 mortuis
721 5034 977 5086 excitatos
1007 5033 1282 5086 auditurus
1303 5033 1392 5096 sit,
1426 5034 1765 5090 declararunt

178 5119 340 5177 Judaei
369 5122 491 5193 :qui
522 5123 771 5191 quoniam
801 5124 1000 5177 Moscm
1034 5139 1094 5178 ac
1125 5124 1414 5193 pmphetas
1444 5141 1549 5179 non
1582 5125 1764 5180 audie-

176 5222 328 5278 rant,
363 5229 537 5283 neque
575 5229 696 5289 cum
730 5224 969 5269 mortuos
995 5215 1252 5269 vidissent
1277 5216 1557 5282 excitatos,
1590 5215 1761 5270 credi-

176 5305 362 5362 derunt
387 5323 602 5363 :verum
626 5323 767 5362 nunc
798 5307 1012 5378 quidem
1040 5308 1298 5362 Lazarum
1327 5308 1574 5363 occidere
1601 5323 1762 5362 cona-

178 5397 384 5466 bantur,
415 5416 558 5455 nunc
584 5416 771 5456 rursus
793 5401 846 5454 in
876 5401 1160 5470 Apostolus
1187 5401 1444 5470 impetum
1473 5400 1758 5465 faciebant,

175 5493 409 5558 quamvis
464 5493 611 5546 multi
660 5493 770 5562 jam
821 5509 887 5547 ex
939 5494 1164 5547 mortuis
1216 5501 1598 5560 surrexerant,
1655 5509 1760 5563 quo

180 5589 408 5652 tempore
437 5597 567 5638 crux
597 5583 1010 5654 pra’dicabatur.

240 5675 289 5729 ὅ.
324 5676 392 5732 Ut
435 5692 562 5730 vero
593 5686 646 5731 et
688 5676 902 5730 aliunde
943 5689 1234 5744 cognoscas
1265 5675 1404 5745 quod
1448 5676 1660 5745 gravior
1689 5676 1758 5731 sit

177 5762 563 5838 Scripturarum
590 5783 651 5822 ac
678 5767 1052 5837 pmphetarum
1080 5766 1340 5834 doctrina,
1360 5784 1518 5837 quam
1547 5769 1586 5822 si
1610 5769 1698 5838 qui
1726 5785 1754 5822 a

1452 347 1538 401 DE
1576 343 1853 402 LAZARO
1892 343 2135 401 COXCIO
2174 348 2261 402 IV.

3361 355 3496 410 10M

1911 459 2134 513 mortuis
2179 459 2481 515 rcsuscitati
2503 460 2807 514 renuntient
2838 477 2852 514 :
2885 460 3010 515 illud
3052 463 3328 519 considera
3354 468 3497 532 quod

1901 547 2140 616 quisquis
2168 557 2406 603 mortuus
2435 559 2537 614 est,
2561 563 2747 604 servus
2772 558 2884 604 est:
2904 566 3022 620 qum
3054 567 3182 607 vero
3205 553 3500 624 Scriptura

1900 637 2228 707 loquuntur,
2280 640 2527 709 loquutus
2574 650 2657 697 est
2703 641 2978 696 Dominus.
3012 643 3244 697 Proinde
3275 646 3497 701 etiamsi

1899 736 2142 783 mortuus
2168 730 2469 796 reviviscat,
2487 730 2696 785 etiamsi
2721 733 2941 808 angelus
2971 749 3000 786 e
3028 734 3160 788 caelo
3181 734 3496 804 descendat,

1898 819 2132 875 maxime
2157 819 2396 874 omnium
2427 820 2752 876 credendum
2782 831 2865 877 est
2891 822 3202 892 Scripturis.
3231 826 3364 880 Nam
3396 843 3496 881 an-

1898 910 2137 979 gelorum
2168 912 2427 966 Dominus
2450 954 2465 979 ,
2495 922 2826 969 mortuorum
2871 916 3068 982 pariter
3109 933 3172 972 ac
3201 919 3493 974 viventium

1897 1003 2164 1070 dominus,
2195 1005 2307 1073 ipse
2337 1019 2429 1059 eas
2457 1005 2714 1059 condidit.
2740 1006 2824 1059 Ad
2856 1006 2968 1060 haec
2996 1007 3138 1077 quod
3166 1023 3492 1078 supervacao

1898 1109 1996 1146 nea
2020 1103 2260 1165 quaerant
2286 1096 2374 1165 qui
2402 1095 2710 1154 desiderant
2737 1104 2794 1151 ut
2823 1098 3017 1154 mortui
3058 1099 3201 1153 illinc
3229 1100 3452 1155 redeant
3475 1142 3491 1168 ,

1897 1197 2092 1254 praeter
2117 1186 2231 1241 haec
2255 1203 2374 1258 qua:
2399 1188 2539 1243 dicta
2557 1198 2703 1255 sunt,
2735 1190 2895 1244 etiam
2922 1191 2988 1243 ab
3015 1189 3172 1260 hujus
3199 1193 3382 1247 mundi
3403 1195 3495 1247 tri-

1899 1278 2181 1332 bunalibus
2226 1280 2598 1336 demonstrare
2640 1281 2783 1336 licet.
2835 1281 3090 1337 Cebenna
3133 1301 3238 1338 non
3281 1285 3495 1341 videtur

1897 1371 2219 1425 incredulis:
2245 1388 2367 1427 nam
2396 1373 2736 1431 credentibus
2766 1382 2849 1428 est
2880 1375 3158 1444 perspicua
3189 1379 3495 1431 manifesta-

1895 1475 2019 1530 que,
2053 1472 2228 1516 tamen
2257 1463 2325 1517 ab
2356 1462 2648 1518 incredulis
2677 1479 2782 1516 non
2809 1464 3146 1533 perspicitur.
3181 1466 3493 1522 Tribuualia

1896 1555 2178 1622 videntur,
2227 1556 2573 1625 quotidieque
2618 1555 2864 1610 audimus
2910 1557 3052 1625 quod
3099 1558 3188 1612 ille
3230 1560 3494 1630 supplicio

1895 1643 2117 1700 affectus
2161 1655 2280 1711 est,
2313 1646 2454 1700 illius
2499 1649 2796 1717 proscripta
2845 1647 3024 1712 bona,
3055 1649 3192 1703 alius
3240 1660 3493 1718 operatur

1896 1736 1950 1791 in
1990 1737 2222 1806 fodinis,
2253 1738 2388 1794 alius
2433 1749 2656 1796 exustus
2694 1748 2777 1794 est
2819 1740 2964 1810 igni,
2999 1741 3133 1796 alius
3177 1742 3285 1796 alio
3315 1759 3491 1812 pmnm

1893 1825 2247 1898 vindictaeque
2274 1844 2469 1899 genere
2497 1829 2651 1897 periit
2670 1845 2687 1882 :
2705 1838 2758 1883 et
2783 1839 2957 1887 tamen
2987 1829 3101 1889 hmo
3127 1846 3247 1884 cum
3267 1832 3491 1892 audiunt

1894 1919 2018 1972 mali
2045 1933 2108 1974 ac
2139 1918 2424 1975 facinerosi
2453 1918 2785 1986 maleﬁcique
2812 1935 2919 1972 non
2946 1919 3320 1974 emendantur.
3350 1920 3489 1988 Quid

1895 2025 2023 2063 vero
2047 2009 2169 2064 dico
2197 2010 2388 2066 mirum
2414 2051 2429 2075 ,
2459 2009 2603 2078 quod
2648 2010 2682 2063 ii
2711 2049 2727 2073 ,
2771 2010 2860 2076 qui
2906 2025 3196 2080 numquam
3228 2012 3279 2065 in
3309 2027 3372 2066 ea
3404 2013 3488 2065 iu-

1891 2098 2139 2163 ciderint,
2170 2114 2278 2155 non
2304 2099 2690 2175 emendantur?
2712 2099 2860 2154 Multi
2887 2099 3198 2170 frequenter
3223 2102 3275 2155 in
3306 2103 3369 2156 iis
3395 2102 3489 2157 dc-

1893 2187 2163 2257 prehensi,
2187 2198 2530 2259 posteaquam
2551 2188 2853 2259 effugerunt
2885 2205 3122 2259 pmnatn,
3140 2191 3492 2262 perfossaque

1892 2294 2110 2334 carcere
2152 2280 2318 2347 elapsi
2347 2288 2506 2343 sunt,
2537 2295 2725 2340 rursus
2755 2280 2940 2334 eadem
2969 2280 3351 2350 aggrediuntur
3370 2323 3385 2348 ,
3433 2292 3490 2337 ct

1891 2369 2060 2426 multo
2081 2368 2164 2422 his
2187 2369 2524 2424 sceleratiora
2549 2378 2877 2439 perpetrant.

1963 2460 2155 2514 Μονιαὶ
2181 2477 2338 2529 quare
2367 2478 2467 2514 non
2493 2471 2794 2531 appareant.
2811 2460 2975 2516 ——Ne
3002 2463 3160 2532 igitur
3183 2479 3490 2533 qumramus

1891 2551 2004 2607 hmo
2049 2553 2236 2608 audire
2265 2571 2294 2607 a
2325 2555 2552 2608 mortuis
2577 2597 2592 2621 ,
2623 2569 2742 2623 qua:
2791 2554 2959 2608 multo
3005 2555 3204 2609 clarius
3250 2556 3491 2625 quotidie

1889 2659 1988 2698 nos
2013 2643 2207 2699 docent
2244 2658 2410 2699 sacra:
2437 2645 2625 2700 literaz.
2658 2643 2792 2698 Nam
2821 2645 2865 2698 si
2907 2645 3141 2703 novisset
3170 2646 3272 2708 hoc
3303 2647 3444 2702 Deus
3467 2689 3488 2716 ,

1887 2738 2028 2807 quod
2082 2739 2278 2792 mortui
2325 2740 2539 2794 excitati
2593 2740 2893 2802 viventibus
2947 2749 3130 2796 essent
3167 2725 3483 2810 profuturi,

1887 2837 2221 2900 nequaquam
2263 2832 2568 2897 omisisset,
2620 2847 2792 2900 neque
2836 2841 3040 2886 tantum
3086 2833 3296 2889 lucrum
3342 2852 3483 2905 pra:-

1888 2921 2157 2985 tcriisset,
2190 2921 2278 2990 qui
2324 2930 2513 2981 cuncta
2546 2921 2699 2976 nobis
2741 2923 2887 2977 utilia
2939 2933 3209 2992 procurat.
3239 2925 3320 2984 Ad
3367 2927 3486 2981 haec

1887 3014 1931 3069 si
1961 3013 2177 3069 assidue
2204 3023 2359 3070 erant
2382 3014 2648 3074 excitandi
2675 3015 2870 3068 mortui
2895 3055 2910 3081 ,
2942 3016 3206 3085 nobisque
3229 3032 3348 3086 quae
3375 3017 3486 3072 illic

1883 3117 2142 3177 geruntur
2169 3107 2520 3166 renuntiaturi
2549 3148 2566 3174 ,
2597 3116 2650 3164 et
2679 3107 2778 3161 hoc
2808 3107 2981 3176 ipsum
3023 3123 3310 3178 progressu
3341 3118 3479 3164 tem-

1883 3198 2029 3267 poris
2072 3199 2255 3256 fuisset
2283 3205 2644 3267 contemptum
2679 3215 2694 3251 :
2727 3206 2985 3266 prmterea
3018 3214 3267 3267 perversa
3315 3201 3478 3255 etiam

1881 3288 2128 3357 dogmata
2158 3288 2402 3343 diabolus
2438 3288 2766 3352 invexisset,
2799 3288 2954 3357 idque
2981 3289 3268 3344 admodum
3303 3291 3474 3345 facile.

1884 3380 2148 3433 Potuisset
2173 3380 2315 3434 enim
2363 3380 2671 3449 frequenter
2696 3379 2979 3438 ostendere
3021 3379 3303 3434 simulacra
3329 3419 3344 3444 ,
3388 3389 3482 3435 aut

1881 3471 2177 3526 subornare
2195 3471 2281 3540 qui
2310 3471 2623 3531 simularent
2640 3471 2866 3525 mortem
2893 3486 2955 3525 ac
2981 3472 3331 3540 sepulturam,
3353 3488 3478 3528 mox

1882 3574 2066 3613 rursus
2093 3575 2214 3614 sese
2256 3560 2642 3625 ostenderent,
2673 3561 2823 3630 quasi
2853 3576 2884 3614 e
2912 3562 3135 3615 mortuis
3176 3564 3436 3618 excitatos
3460 3604 3478 3628 ,

1880 3667 1944 3706 ac
1987 3668 2084 3721 per
2131 3652 2249 3704 illos
2291 3666 2641 3720 quaecumque
2685 3650 2844 3705 vellet
2888 3651 3212 3720 persuadere
3253 3652 3477 3707 delusis.

1881 3744 2090 3801 Etenim
2121 3743 2167 3799 si
2198 3759 2338 3801 nunc
2366 3759 2486 3804 cum
2519 3744 2622 3798 tale
2650 3743 2782 3800 nihil
2810 3744 2900 3810 sit,
2930 3744 3137 3796 somnia
3167 3744 3474 3815 frequenter

1877 3833 2264 3888 dormientibus
2294 3834 2404 3887 visa
2423 3833 2584 3888 veluti
2612 3849 2819 3898 eorum,
2838 3834 2926 3902 qui
2959 3833 3082 3889 hinc
3106 3834 3476 3903 decesserunt,

1879 3925 2075 3978 mullos
2129 3924 2493 3993 deccperunt,
2547 3924 2896 3992 perdiderunt
2949 3926 3474 3996 subverteruntque,

1879 4016 2045 4071 multo
2091 4016 2259 4084 magis
2308 4015 2357 4068 id
2402 4015 2722 4078 accidisset,
2769 4016 2813 4069 si
2859 4010 2960 4069 hoc
2999 4015 3196 4072 factum
3241 4017 3470 4086 fuisset,

1875 4114 2034 4174 atque
2061 4104 2111 4158 in
2141 4104 2411 4159 mentibus
2436 4104 2713 4158 hominum
2742 4105 3089 4171 obtinuisset;
3109 4107 3252 4175 quod
3280 4123 3475 4178 nempe

1877 4196 2026 4252 multi
2053 4196 2425 4252 defunctorum
2451 4197 2737 4252 rediissent
2764 4197 2817 4252 in
2844 4197 3027 4265 vitam,
3057 4198 3472 4256 innumerabiles

1874 4287 2165 4342 sceleratus
2207 4288 2298 4342 ille
2344 4287 2553 4341 daemon
2599 4288 2750 4342 dolos
2798 4289 3094 4357 texuisset,
3143 4291 3474 4361 multamque

1875 4379 2118 4434 fraudem
2164 4380 2217 4432 in
2247 4379 2409 4432 vitam
2453 4378 2728 4432 hominum
2761 4378 3072 4433 induxisset.
3116 4378 3301 4449 quue
3330 4382 3471 4436 Deus

1874 4471 2099 4525 occlusit
2141 4469 2319 4536 fores,
2370 4484 2469 4525 nec
2511 4470 2772 4538 permittit
2818 4471 3048 4540 aliquem
3094 4470 3469 4527 defunctorum

1875 4563 1979 4619 huc
2006 4579 2281 4620 reversum
2312 4579 2552 4627 narrare,
2585 4562 2710 4632 quid
2741 4562 2850 4617 illic
2881 4565 2989 4627 fiat,
3024 4579 3090 4618 ne
3119 4565 3209 4619 ille
3245 4574 3466 4635 accepta

1873 4654 2154 4714 occasione
2169 4657 2385 4718 technas
2404 4671 2528 4710 suas
2544 4670 2729 4710 omnes
2747 4655 2980 4710 invehat.
2995 4655 3130 4710 Nam
3147 4672 3266 4711 cum
3287 4668 3468 4712 essent

1873 4747 2146 4817 prophetae
2170 4789 2185 4814 ,
2234 4745 2729 4817 pseudopmphetas
2775 4745 3044 4801 excitabat
3076 4764 3090 4800 :
3123 4761 3244 4801 cum
3286 4758 3468 4802 essent

1871 4837 2139 4908 apostoli,
2173 4837 2612 4907 pseudapestolos
2647 4855 2660 4890 :
2693 4852 2814 4892 cum
2851 4837 3097 4896 Christus
3140 4849 3465 4909 appareret,

1873 4931 2307 5001 pseudochristos
2339 4949 2354 4985 :
2386 4946 2508 4984 cum
2538 4930 2786 4999 dogmata
2817 4946 2946 4988 sana
2974 4930 3188 4989 inducta
3219 4931 3467 4999 fuissent,

1871 5032 2124 5093 corrupta
2181 5022 2514 5087 inducebat,
2574 5021 2768 5091 ubique
2825 5021 3181 5079 disseminaus
3238 5024 3466 5078 zizania.

1873 5116 2054 5187 Itaque
2078 5117 2286 5171 etiamsi
2333 5115 2463 5170 illud
2503 5116 2812 5180 evenisset,
2859 5114 2962 5169 hoc
3004 5130 3216 5185 quoque
3242 5124 3467 5170 conatus

1870 5207 2057 5262 fuisset
2101 5207 2298 5278 fingere
2338 5223 2434 5277 per
2478 5223 2572 5264 sua
2621 5222 2818 5276 organa
2843 5248 2858 5273 ,
2906 5221 3013 5263 non
3055 5223 3180 5262 vere
3221 5208 3466 5263 excitatis

1870 5302 2094 5356 mortuis
2119 5342 2132 5366 ,
2162 5301 2258 5355 sed
2291 5299 2567 5355 maleficiis
2592 5299 2909 5369 quibusdam
2933 5315 2997 5354 ac
3034 5297 3311 5355 fraudibus
3335 5315 3466 5355 con-

1869 5393 2128 5447 tuentium
2160 5391 2328 5446 oculis
2359 5391 2595 5460 deceptis
2619 5431 2634 5456 ,
2667 5399 2759 5450 aut
2784 5390 3047 5460 quosdam
3077 5391 3238 5444 etiam
3271 5390 3462 5445 subor-

1869 5500 2003 5543 nans
2023 5527 2038 5550 ,
2069 5483 2516 5554 quemadmodum
2557 5483 2736 5544 dicere
2761 5498 3030 5550 ccepcram
3057 5523 3072 5548 ,
3105 5482 3194 5551 qui
3236 5490 3466 5537 mortem

1865 5578 2203 5643 simularent,
2232 5590 2444 5633 sursum
2474 5575 2724 5630 deorsum
2757 5574 3076 5637 miscuisset,
3107 5572 3464 5628 confudisset-

1866 5687 1969 5742 que
1995 5669 2194 5729 omnia.
2224 5667 2329 5723 Sed
2361 5667 2501 5725 Deus
2528 5707 2542 5732 ,
2571 5680 2691 5720 cum
2722 5664 2834 5718 haec
2864 5664 3039 5717 omnia
3087 5662 3420 5732 praevidisset
3443 5701 3460 5726 ,

1869 5764 2131 5835 praeclusit
2162 5762 2234 5816 illi
2264 5762 2400 5814 viam
2433 5759 2499 5814 ad
2531 5757 2628 5812 has
2661 5757 2879 5810 insidias
2904 5797 2917 5820 ,
2951 5756 3207 5824 nobisque
3237 5767 3463 5823 parcens
