4160 6324
658 371 787 424 {OH

660 508 765 544 non
795 486 1055 558 permisit,
1076 493 1129 538 ut
1147 482 1425 550 quisquam
1447 491 1694 545 umquam
1715 472 1857 526 illinc
1879 470 1983 524 huc
2000 480 2250 524 reversus

659 581 725 635 de
754 580 819 634 iis
864 592 981 647 qua:
1011 575 1079 629 ibi
1125 581 1248 625 sunt
1288 578 1526 624 narraret
1555 564 1852 619 viventibus
1899 558 2200 614 hominibus
2234 571 2246 607 :

659 676 857 727 docens
887 683 999 730 nos,
1023 677 1078 721 ut
1093 663 1383 734 Scripturis
1415 660 1589 729 potius
1618 654 1945 711 credendum
1976 650 2250 705 existime-

661 779 778 816 mus
805 802 820 825 ,
853 774 1011 827 quam
1058 752 1266 809 caeteris
1309 750 1575 804 omnibus.
1611 747 1897 814 Propterea
1939 739 2078 811 quod
2113 739 2254 791 Deus

658 854 831 907 multo
857 852 1113 904 clariores
1143 844 1566 914 insignioresque
1593 854 1679 892 res
1706 847 1885 905 gestas
1908 874 1923 900 ,
1952 846 2109 900 quam
2142 830 2252 897 ipsa

662 948 728 999 sit
774 941 1138 1001 resurrectio,
1190 921 1340 990 nobis
1386 928 1845 987 commonstravit.
1893 923 2087 978 Orbem
2133 919 2254 973 uni-

662 1048 875 1089 versum
908 1028 1190 1088 Convertit,
1222 1038 1457 1078 errorem
1489 1020 1685 1088 abegit,
1721 1017 1996 1070 veritatem
2029 1008 2252 1074 induxit,

664 1140 759 1194 per
789 1123 1031 1176 homines
1061 1119 1355 1188 piscatores
1382 1129 1444 1166 ac
1487 1112 1618 1163 viles
1647 1108 1760 1160 haec
1787 1105 1964 1159 omnia
2012 1101 2214 1170 peregit
2240 1137 2254 1162 ,

663 1217 891 1284 denique
943 1209 1152 1265 abunde
1183 1221 1371 1275 magna
1423 1218 1531 1257 suae
1563 1196 1908 1270 providentia”:
1937 1194 2254 1248 documenta

664 1307 817 1361 nobis
843 1305 1040 1373 ubique
1071 1298 1312 1370 przebuit.
1344 1295 1421 1349 Ne
1451 1294 1627 1362 itaque
1652 1298 1900 1360 putemus
1929 1300 2014 1339 res
2046 1291 2256 1336 nostras

664 1398 823 1466 hujus
853 1397 974 1448 vita:
1004 1392 1230 1446 termino
1274 1383 1638 1441 circumscribi
1665 1422 1678 1444 ,
1712 1379 1806 1435 sed
1834 1376 2115 1431 credamus
2147 1373 2258 1466 fore

662 1461 914 1557 indicium
933 1499 995 1537 ac
1018 1477 1500 1540 remunerationem
1524 1472 1782 1535 omnium,
1803 1479 2150 1537 qumcumque
2173 1461 2259 1514 hic

665 1597 693 1632 a
721 1577 872 1632 nobis
895 1581 1172 1646 geruntur.

737 1668 976 1728 Gentiles,
1003 1663 1175 1717 ,ἴυάωὶ
1194 1672 1238 1714 et
1263 1658 1497 1712 Haretici
1521 1652 1836 1708 consentiunt
1857 1649 1920 1704 de
1943 1646 2139 1718 judicio
2172 1660 2259 1697 ea:-

662 1756 1064 1814 tremo.—Nam
1093 1755 1141 1806 id
1170 1762 1252 1805 est
1280 1750 1414 1803 adeo
1444 1745 1782 1801 manifestum
1807 1741 2259 1808 conspicuumque

661 1849 895 1911 cunctis,
944 1854 1001 1899 ιιι
1026 1855 1079 1898 et
1103 1842 1272 1897 Judaei
1316 1849 1368 1893 et
1407 1839 1606 1900 Graeci,
1638 1844 1691 1888 et
1728 1831 1960 1886 haeretici
1983 1872 1997 1896 ,
2029 1827 2261 1882 breviter

661 1941 836 1996 onmis
860 1936 1098 2008 quisquis
1125 1944 1207 1988 est
1237 1933 1397 1985 homo
1418 1944 1578 1997 super
1605 1927 1688 1980 his
1717 1923 2035 1980 consentiat.
2063 1920 2263 1988 Quam-

661 2047 820 2101 quam
849 2030 988 2083 enim
1035 2041 1140 2079 non
1182 2019 1629 2092 quemadmodum
1672 2017 1859 2080 decet,
1909 2014 1976 2067 de
2016 2025 2258 2066 resurre-

662 2122 840 2176 ctione
881 2115 1321 2186 philosophantur
1371 2123 1588 2172 omnes,
1642 2115 1874 2159 attamen
1922 2103 1988 2156 de
2023 2101 2256 2171 judicio,

662 2213 837 2282 deque
859 2208 1051 2277 pomis,
1084 2205 1255 2273 deque
1275 2200 1622 2256 tribunalibus
1644 2213 1761 2266 qua:
1786 2196 1891 2250 illic
1913 2203 2056 2259 sunt,
2077 2206 2262 2244 omnes

662 2299 1020 2362 consentiunt,
1049 2295 1155 2349 illic
1185 2308 1305 2348 esse
1326 2293 1554 2360 aliquam
1584 2303 1767 2343 eorum
1810 2301 1928 2356 quae
1957 2285 2043 2338 hic
2067 2299 2261 2352 gerun-

664 2398 750 2442 tur
787 2387 1268 2443 remunerationem
1303 2399 1320 2438 :
1354 2380 1494 2452 quod
1538 2381 1589 2434 ni
1632 2389 1807 2445 esset,
1852 2393 1956 2446 qua
1999 2375 2066 2430 de
2101 2389 2260 2430 causa

665 2480 810 2534 Deus
830 2479 1018 2533 coelum
1039 2486 1144 2530 tam
1170 2473 1406 2542 amplum
1428 2469 1776 2533 extendisset,
1807 2478 2002 2521 terram
2024 2467 2261 2520 substra-

665 2571 859 2634 visset,
907 2584 1055 2622 mare
1104 2567 1412 2628 dilatasset,
1463 2577 1638 2616 aerem
1694 2559 2022 2624 dilfudisset,
2064 2567 2260 2612 tantam

666 2661 1048 2732 providentiam
1089 2658 1433 2723 declarasset,
1479 2655 1578 2708 nisi
1608 2653 1674 2708 ad
1700 2654 1856 2707 ﬁnem
1890 2667 2057 2721 usque
2096 2649 2262 2705 nostri

665 2769 846 2807 curam
876 2751 1150 2805 habiturus
1176 2759 1317 2803 esset
1339 2748 1362 2800 ?

735 2845 788 2896 4.
823 2842 1009 2896 Nonne
1040 2839 1185 2894 vides
1216 2839 1410 2891 multos
1435 2877 1449 2902 ,
1488 2836 1575 2906 qui
1603 2850 1724 2890 eum
1771 2834 1962 2887 virtute
1991 2835 2259 2891 vixerunt,

668 2936 1051 3001 innumeraque
1075 2930 1211 2984 mala
1235 2929 1375 3000 passi
1397 2937 1540 2991 sunt,
1564 2926 1860 2981 decessisse
1887 2923 2026 2977 nulla
2043 2937 2102 2976 re
2124 2921 2262 2974 bona

667 3023 956 3093 percepta?
1021 3022 1168 3076 Alios
1223 3029 1446 3085 contra,
1495 3033 1617 3071 cum
1681 3015 1898 3069 multam
1947 3012 2261 3083 pravitatem

665 3115 1055 3178 commiserint,
1103 3112 1304 3167 alienas
1335 3111 1610 3164 facultates
1643 3108 1952 3177 rapuerint,
1992 3105 2175 3159 viduas
2212 3113 2266 3158 et

665 3207 936 3276 orphanos
978 3203 1347 3273 spoliaverint,
1377 3198 1870 3276 oppresserintque,
1902 3196 2091 3265 opibus
2129 3194 2265 3248 deli-

667 3275 868 3367 ciisque
893 3304 946 3350 et
967 3293 1257 3348 innumeris
1285 3292 1437 3346 bonis
1467 3289 1607 3343 fruiti
1635 3275 1849 3350 fuerint,
1879 3285 2175 3341 decessisse
2199 3299 2265 3338 ne

667 3389 923 3444 tantulum
952 3386 1164 3456 quidem
1189 3383 1311 3437 mali
1344 3381 1568 3452 passos?

744 3479 989 3534 Probatio
1011 3475 1407 3530 inmortalitatis
1429 3475 1630 3527 animae.
1647 3501 1719 3513 -
1731 3471 1986 3537 Quaenam
2008 3469 2167 3539 igitur
2184 3467 2265 3522 vel

669 3573 747 3627 illi
779 3571 984 3641 priores
1015 3569 1224 3622 virtutis
1257 3568 1473 3636 praemia
1501 3564 1780 3632 recipient,
1819 3563 1903 3616 vel
1927 3563 2012 3616 isti
2031 3560 2264 3630 pravita-

669 3665 737 3716 tis
763 3662 930 3716 ferent
954 3660 1230 3730 surpplicia,
1258 3659 1299 3710 si
1322 3665 1515 3710 nostras
1542 3670 1630 3709 res
1653 3656 1793 3708 ultra
1819 3653 1979 3707 vitam
2007 3652 2143 3706 hanc
2161 3667 2264 3706 non

663 3753 1057 3828 proferuntur?
1088 3751 1216 3804 Nam
1244 3750 1286 3801 si
1318 3749 1456 3801 Deus
1481 3755 1596 3810 est,
1614 3746 1768 3800 sicuti
1798 3760 1980 3800 revera
2003 3752 2104 3807 est,
2142 3759 2265 3798 eum

668 3827 865 3914 iustum
896 3859 1015 3898 esse
1055 3856 1212 3895 nemo
1252 3855 1354 3894 non
1385 3827 1662 3893 fatebitur:
1688 3837 1846 3905 Atqui
1877 3836 1919 3890 si
1947 3836 2122 3904 justus
2161 3843 2263 3898 est,

670 3946 724 3988 et
748 3936 828 3988 his
858 3945 911 3988 et
946 3933 1051 3986 illis
1080 3930 1267 3985 reddet
1301 3944 1397 3999 pro
1434 3928 1672 3993 meritis,
1718 3937 1771 3980 et
1799 3926 1900 3979 hoc
1939 3926 2002 3991 in,
2023 3925 2267 3980 confesso

669 4033 772 4078 est.
814 4018 969 4090 Quod
1006 4023 1050 4076 si
1076 4029 1131 4077 et
1159 4021 1242 4074 his
1271 4028 1324 4075 et
1357 4020 1461 4072 illis
1487 4017 1747 4088 rependet
1783 4031 1878 4085 pro
1905 4015 2110 4070 meritis
2133 4056 2146 4079 ,
2182 4015 2268 4070 hic

673 4129 798 4170 vero
845 4113 1023 4167 nullus
1062 4126 1248 4167 eorum
1292 4110 1524 4179 recepit,
1571 4123 1743 4178 neque
1781 4107 1869 4162 ille
1913 4107 2268 4176 improbitatis

677 4222 911 4278 pcettam,
955 4219 1128 4274 neque
1159 4202 1246 4257 hic
1286 4202 1495 4257 virtutis
1525 4201 1743 4271 praemia
1779 4218 1792 4254 :
1823 4200 2158 4269 perspicuum
2185 4205 2268 4254 est

674 4309 879 4355 restare
921 4307 1130 4366 tempus
1171 4293 1380 4365 aliquod
1418 4294 1472 4348 in
1507 4307 1615 4363 quo
1657 4307 1958 4363 congruens
1988 4291 2265 4362 praemium

673 4391 865 4444 horttm
901 4396 1123 4457 uterque
1153 4385 1308 4441 feret.

743 4479 1077 4534 Conscientia:
1098 4476 1318 4530 tribunal
1338 4477 1708 4546 incorruptum.
1725 4505 1797 4515 —
1810 4473 1916 4530 Sed
1933 4488 2098 4545 quare
2115 4473 2268 4529 nobis

669 4571 912 4640 judicem
943 4571 994 4624 in
1024 4571 1204 4624 animo
1231 4570 1307 4623 sic
1333 4577 1592 4638 perpetuo
1619 4567 1921 4636 vigilantem
1941 4607 1955 4632 ,
2005 4575 2060 4620 et
2097 4574 2270 4620 atten-

673 4673 785 4716 tutn
826 4663 969 4717 Deus
995 4660 1310 4716 constituit?
1336 4658 1728 4713 Conscientiam
1756 4658 1966 4726 loquor.
1994 4655 2105 4710 Nec
2126 4656 2267 4709 enim

670 4763 754 4808 est
799 4754 938 4808 ullus
973 4753 1113 4805 inter
1143 4751 1386 4804 homines
1420 4750 1554 4802 adeo
1581 4748 1821 4818 vigilans,
1862 4755 1919 4800 ut
1961 4755 2046 4801 est
2088 4755 2269 4801 nostra

673 4842 1026 4900 conscientia.
1067 4841 1200 4896 Nam
1231 4841 1434 4895 externi
1456 4839 1662 4908 iudices
1687 4848 1740 4892 et
1763 4839 2005 4907 pecuniis
2033 4854 2274 4893 corrum-

679 4945 901 5006 puntur,
952 4943 1007 5004 et
1048 4932 1495 4987 assentationibus
1533 4931 1881 4995 deliniuntur,
1926 4940 1981 4987 et
2015 4939 2160 4985 metu
2198 4930 2272 4984 si-

678 5029 909 5093 mulant,
953 5025 1184 5095 denique
1210 5023 1372 5078 multa
1403 5030 1526 5077 sunt
1550 5021 1651 5075 alia
1677 5037 1795 5091 quae
1823 5031 2025 5077 rectum
2060 5022 2271 5076 illorum

674 5120 933 5191 judicium
956 5117 1252 5187 deprava’nt
1283 5133 1296 5168 :
1329 5123 1382 5168 at
1411 5112 1752 5168 conscientite
1775 5113 2002 5167 tribunal
2027 5114 2153 5167 nulli
2177 5112 2274 5167 ho-

679 5211 884 5266 minum
919 5210 1069 5263 novit
1100 5206 1311 5273 cedere,
1353 5205 1448 5260 sed
1472 5204 1714 5272 quamvis
1738 5202 1950 5258 dederis
1978 5204 2232 5274 pecunias
2250 5247 2268 5272 ,

679 5302 923 5373 quamvis
952 5299 1195 5366 mineris,
1228 5298 1472 5369 quamvis
1493 5295 1635 5351 aliud
1664 5297 1922 5366 quidlibet
1944 5296 2152 5362 feceris,
2179 5296 2270 5366 ju-

681 5403 817 5447 stam
841 5392 977 5447 feret
995 5391 1317 5446 sententiam
1349 5387 1604 5442 adversus
1634 5396 1971 5455 peccatorum
1994 5386 2275 5456 cogitatio-

684 5498 799 5548 nes,
828 5483 964 5537 adeo
993 5491 1048 5536 ut
1078 5481 1196 5550 ipse
1219 5493 1433 5550 quoque
1461 5477 1551 5547 qui
1605 5485 1881 5546 peccatum
1908 5477 2145 5540 admisit,
2189 5493 2275 5531 se-

682 5574 855 5642 ipsum
913 5572 1271 5637 condemnet,
1303 5570 1463 5625 etiam
1518 5569 1563 5623 si
1617 5567 1754 5622 alius
1809 5567 1990 5622 nullus
2037 5576 2270 5622 accuset.

680 5661 862 5734 Neque
893 5662 944 5717 id
974 5661 1141 5717 semel
1170 5671 1328 5732 atque
1364 5661 1578 5721 iterum,
1627 5657 1720 5712 sed
1761 5659 1977 5728 saepius,
2029 5658 2137 5712 imo
2179 5673 2274 5726 per

675 5774 895 5817 onmem
938 5755 1098 5812 vitam
1145 5754 1246 5810 hoc
1278 5754 1452 5810 facere
1501 5765 1608 5808 non
1643 5751 1838 5806 desinit
1869 5769 1881 5805 :
1916 5761 1969 5807 et
2011 5751 2134 5806 licet
2183 5751 2268 5805 in-

1344 364 1403 421 S.
1441 358 1720 419 JUANNIS
1749 348 2225 411 CHRYSOSTOMI
2270 344 2585 402 AltCillEP.
2629 339 3166 399 CONSTAN'I'INUP.

3829 341 3977 395 1012

2364 475 2498 532 gens
2549 460 2804 529 temporis
2852 458 3186 512 intervallum
3233 455 3632 519 intercesserit,
3677 471 3975 522 numquam

2365 565 2540 606 tamen
2581 550 2927 605 obliviscetur
2963 565 3148 604 eorum
3189 564 3307 618 quae
3350 547 3485 601 facta
3529 559 3671 601 sunt.
3728 547 3873 614 Quin
3926 559 3978 601 et

2363 661 2483 700 cum
2529 652 2868 713 perpetratur
2923 622 3348 711 peccatummet
3410 642 3717 710 priusquam
3775 657 3977 710 perpe-

2368 746 2556 799 tretur,
2608 744 2661 788 et
2705 743 2982 802 postquam
3028 744 3110 788 est
3150 742 3548 801 perpetratum,
3603 734 3834 786 acerbus
3884 747 3982 786 no-

2363 829 2446 883 bis
2508 828 2750 882 imminet
2807 836 3110 890 accusator,
3159 826 3392 880 maxime
3443 839 3572 878 vero
3622 835 3981 894 posteaquam

2367 928 2727 988 perpetratum
2787 919 2962 971 fuerit.
3029 917 3160 991 Nam
3226 918 3277 970 in
3320 917 3678 986 perpetrando
3735 916 3981 978 scelere,

2366 1009 2616 1077 quoniam
2667 1007 2936 1076 voluptate
2984 1021 3165 1060 sumus
3206 1005 3372 1069 ebrii,
3427 1021 3530 1058 non
3580 1005 3801 1073 perinde
3859 1016 3960 1061 seu

2366 1099 2524 1151 timus
2572 1115 2585 1150 :
2636 1107 2887 1150 cancrum
2954 1096 3113 1150 simul
3163 1103 3324 1165 atque
3386 1095 3732 1149 commissum
3776 1096 3944 1152 fuerit
3973 1137 3985 1157 τ

2365 1191 2674 1259 ccperitque
2717 1189 2896 1254 linem,
2943 1198 3052 1242 tum
3093 1188 3309 1242 demum
3357 1189 3621 1243 exstincta
3675 1188 3978 1257 voluptate,

2365 1296 2581 1334 amarus
2629 1280 2957 1349 paenitentiae
2999 1280 3244 1334 stimulus
3273 1279 3533 1342 succedit,
3585 1287 3773 1333 contra
3809 1293 3979 1347 quam

2365 1373 2609 1426 aceidere
2657 1372 2794 1424 solet
2845 1370 3157 1424 mulieribus
3201 1368 3642 1439 parturientibus.
3695 1367 3830 1422 Nam
3874 1368 3983 1420 illis

2366 1472 2490 1517 ante
2516 1472 2725 1531 partum
2759 1461 2910 1514 labor
2935 1471 3017 1515 est
3042 1461 3230 1530 ingens
3249 1501 3262 1524 ,
3301 1475 3596 1529 gravesque
3625 1461 3783 1514 nixus
3805 1501 3821 1524 ,
3869 1458 3983 1512 dis-

2367 1562 2609 1607 sccantes
2630 1567 2722 1606 eas
2756 1551 3102 1606 intolerandis
3123 1551 3400 1606 doloribus
3427 1567 3440 1602 :
3465 1559 3585 1620 post
3607 1559 3814 1619 partum
3847 1564 3983 1603 vero

2365 1647 2641 1712 relaxatio,
2685 1645 2868 1700 dolore
2907 1647 3061 1699 simul
3090 1660 3212 1698 cum
3242 1644 3442 1699 infante
3476 1645 3784 1714 egrediente
3817 1660 3830 1698 :
3879 1659 3980 1695 ve-

2367 1754 2484 1791 rum
2509 1737 2593 1792 hic
2620 1753 2723 1791 nou
2748 1738 2894 1801 item,
2924 1737 3017 1791 sed
3034 1736 3159 1790 dum
3183 1736 3505 1805 parturimus
3529 1736 3979 1804 coneipimusque

2366 1839 2647 1898 corruptos
2672 1828 2893 1882 affectus
2915 1870 2930 1894 ,
2970 1827 3301 1882 delectamur
3326 1825 3726 1896 gaudemusque
3762 1843 3778 1879 :
3815 1834 3980 1879 emto-

2366 1936 2483 1973 rum
2500 1920 2583 1973 ubi
2603 1919 2858 1973 fuerimus
2879 1918 3022 1972 enixi
3042 1918 3239 1972 malum
3256 1919 3400 1972 illum
3423 1933 3648 1987 puerum
3673 1925 3980 1986 peceatum,

2369 2019 2476 2062 tum
2514 2017 2797 2077 conspecta
2825 2007 3061 2063 fmditate
3107 2016 3312 2076 partus,
3342 2007 3728 2062 discruciamur
3761 2008 3982 2076 gravius

2366 2114 2524 2168 quam
2565 2099 2817 2153 mulieres
2853 2098 3229 2168 parturientes.
3258 2097 3595 2168 QuaprOpter
3620 2113 3718 2162 ne,
3763 2113 3793 2150 a
3826 2098 3980 2167 prin-

2367 2190 2507 2257 cipio
2536 2190 2782 2253 maxime,
2818 2190 3184 2258 concipiamus
3207 2189 3457 2242 inanimo
3481 2197 3797 2257 corruptam
3825 2190 3980 2258 cupi-

2367 2280 2584 2334 ditatem
2616 2299 2629 2334 :
2662 2280 2802 2349 quod
2833 2280 2875 2334 si
2906 2280 3119 2350 quando
3144 2279 3569 2349 conceperimus,
3599 2289 3776 2334 tamen
3806 2280 3976 2334 fetum

2368 2373 2509 2427 intus
2536 2369 2906 2439 prazfocemus.
2950 2371 3153 2425 Rursus
3187 2371 3230 2424 si
3259 2369 3362 2426 huc
3392 2385 3559 2440 usque
3592 2369 3849 2424 fuerimus
3881 2387 3981 2426 ne-

2366 2464 2623 2533 gligentes
2644 2504 2658 2528 ,
2688 2463 3017 2530 iniquitatem
3048 2463 3099 2516 in
3146 2478 3279 2531 opus
3311 2477 3646 2532 progressam
3677 2465 3981 2540 mox’occiq

2367 2554 2555 2608 damus
2587 2569 2681 2622 per
2707 2551 3122 2616 confessionem,
3166 2570 3259 2622 per
3284 2555 3567 2624 lacrymas,
3603 2570 3698 2622 per
3725 2555 3980 2624 proprio-

2368 2665 2485 2703 rum
2539 2648 2946 2702 commissorum
2998 2649 3417 2702 accusationem.
3478 2635 3819 2701 Nihil‘enitn
3870 2657 3982 2700 tam

2367 2739 2583 2795 exitiale
2627 2749 2866 2809 peccato,
2895 2755 3053 2809 quam
3087 2740 3290 2808 peccati
3334 2738 3601 2793 accusatio
3643 2738 3981 2793 condemna-

2370 2831 2570 2900 tioque,
2593 2846 2714 2885 eum
2746 2830 3074 2900 paenitudine
3105 2830 3459 2901 lacrymisque
3490 2830 3798 2900 conjuncta.
3828 2829 3982 2884 Con-

2367 2922 2630 2977 demnasti
2669 2932 2813 2976 tuum
2852 2923 3166 2992 peccatum?
3208 2921 3503 2990 deposuisti
3530 2922 3820 2976 sarcinam.
3851 2921 3985 2988 Quis

2370 3012 2486 3068 [nec
2515 3013 2681 3067 dicit?
2721 3013 2840 3081 Ipse
2860 3013 3024 3082 judex
3053 3013 3212 3066 Deus.
3241 3011 3341 3065 Dic
3369 3021 3422 3065 tu
3452 3023 3658 3081 peccata
3697 3025 3789 3065 tua
3816 3014 3980 3083 prior,

2369 3113 2422 3156 ut
2434 3105 2731 3172 justiﬁceris
2755 3103 2905 3175 (Isai.
2936 3105 3025 3158 45.
3057 3103 3174 3173 26).
3195 3099 3302 3156 Cur
3327 3103 3485 3172 igitur
3513 3112 3566 3157 te
3586 3144 3600 3167 ,
3625 3118 3812 3172 qumso
3833 3144 3847 3166 ,
3881 3118 3980 3172 pu-

2369 3195 2493 3261 det,
2529 3206 2582 3250 et
2610 3197 2884 3251 erubescis
2910 3196 3089 3251 dicere
3130 3205 3345 3264 peccata
3374 3195 3504 3250 tua?
3531 3195 3668 3250 Num
3705 3196 3851 3249 enim
3883 3196 3980 3249 ho-

2373 3287 2502 3341 mini
2533 3286 2687 3351 dieis,
2725 3297 2781 3340 ut
2811 3295 2862 3340 te
2885 3285 3082 3355 probro
3113 3285 3346 3339 afliciat?
3376 3285 3511 3339 Num
3543 3286 3686 3340 enim
3715 3300 3986 3341 conservo

2369 3377 2661 3441 confiteris,
2705 3386 2761 3431 ut
2797 3377 2849 3430 in
2898 3376 3166 3445 publicum
3201 3375 3480 3445 proferat?
3523 3376 3635 3430 lmo
3660 3392 3792 3431 vero
3814 3377 3864 3432 ei
3891 3376 3984 3446 qui

2371 3469 2628 3522 Dominus
2656 3476 2757 3534 est,
2798 3468 2848 3522 ei
2875 3467 2963 3537 qui
2993 3467 3069 3521 ttti
3095 3483 3278 3522 curam
3308 3468 3468 3537 gerit,
3510 3468 3558 3522 ei
3582 3468 3673 3538 qui
3711 3467 3984 3523 humanus

2371 3566 2473 3626 est,
2505 3558 2554 3612 ei
2583 3558 2672 3626 qui
2705 3557 2943 3612 medicus
2969 3567 3072 3623 est,
3101 3558 3337 3612 ostendis
3360 3558 3600 3611 vulnera.

2447 3648 2616 3715 Quare
2645 3649 2690 3701 ei
2726 3649 3068 3716 conﬁtendum
3095 3649 3180 3716 qui
3198 3650 3292 3701 scit
3319 3637 3506 3701 omnia.
3531 3647 3807 3718 -Neque
3833 3650 3982 3707 enim

2373 3740 2598 3809 ignorat,
2631 3739 2837 3794 etiamsi
2870 3749 2925 3792 tu
2953 3754 3058 3793 non
3089 3739 3311 3805 dixeris,
3343 3741 3434 3808 qui
3463 3741 3668 3795 sciebat
3695 3742 3856 3795 etiam
3883 3757 3981 3796 an-

2377 3841 2589 3900 tequam
2616 3840 2974 3900 perpeti-ares.
3001 3831 3138 3899 Quid
3166 3832 3325 3902 igitur
3345 3841 3426 3886 est
3456 3847 3652 3897 caussa,
3671 3849 3778 3903 quo
3800 3835 3982 3890 minus

2372 3923 2558 3978 dicas?
2585 3923 2702 3978 Non
2725 3925 2866 3978 enim
2897 3940 2963 3980 ex
2990 3925 3329 3979 accusatione
3357 3934 3445 3979 tua
3475 3923 3531 3978 fit
3556 3926 3769 3994 gravius
3790 3941 3982 3994 pecea-

2374 4025 2529 4070 tum:
2575 4017 2683 4072 imo
2725 4032 2852 4071 vero
2893 4016 3074 4070 mitius
3115 4031 3178 4070 ac
3214 4016 3402 4071 levius.
3451 4016 3518 4070 Et
3557 4016 3626 4071 ob
3660 4017 3767 4072 hoc
3804 4018 3979 4086 ipsum

2375 4109 2516 4163 Deus
2543 4108 2656 4162 vult
2699 4117 2751 4162 te
2779 4107 2960 4162 dicere
2988 4125 3001 4160 :
3035 4123 3141 4161 non
3179 4117 3238 4162 ut
3269 4107 3526 4176 puniaris,
3554 4106 3650 4162 sed
3682 4118 3737 4161 ut
3766 4109 3979 4163 relaxe-

2373 4199 2481 4253 ris:
2513 4213 2617 4252 non
2650 4198 2843 4266 ut'ipse
2872 4198 3004 4251 sciat
3024 4207 3336 4266 peccatum:
3367 4213 3462 4251 cur
3479 4198 3624 4252 enim
3654 4199 3701 4252 id
3723 4200 3978 4268 postulet,

2373 4303 2492 4342 cum
2536 4288 2645 4356 jam
2679 4288 2848 4342 sciat?
2889 4288 2982 4342 sed
3016 4297 3072 4342 ut
3100 4287 3258 4353 scias,
3299 4298 3556 4357 quantum
3604 4288 3695 4341 tibi
3741 4288 3980 4344 debitum

2373 4379 2695 4434 remittatur.
2742 4377 2868 4433 Ideo
2895 4393 3023 4433 vero
3052 4379 3164 4432 vult
3203 4388 3253 4433 te
3277 4379 3415 4433 scire
3439 4378 3685 4433 beneficii
3710 4378 3979 4448 magnitu-

2376 4471 2576 4537 dinem,
2627 4479 2686 4525 ut
2720 4479 2977 4543 perpetuo
3005 4472 3206 4541 gratias
3251 4485 3397 4540 agas,
3434 4480 3490 4525 ut
3535 4471 3748 4542 segnior
3789 4475 3890 4524 tias
3913 4471 3978 4525 ad

2377 4559 2702 4630 peccandum
2725 4601 2738 4623 ,
2796 4568 2854 4613 ut
2885 4560 2950 4614 ad
2980 4562 3228 4615 virtutem
3271 4561 3590 4632 promptior.
3638 4560 3748 4616 Nisi
3779 4559 3996 4617 dixeris

2376 4651 2540 4705 debiti
2558 4651 2996 4721 magnitudinem,
3019 4667 3126 4705 non
3146 4667 3404 4721 agnosces
3415 4652 3598 4723 gratia:
3615 4654 3978 4708 eminentiam.

2377 4741 2514 4807 Non,
2546 4743 2734 4812 inquit,
2775 4757 2908 4812 cogo
2937 4751 2987 4796 te
3010 4743 3064 4796 in
3097 4742 3328 4798 medium
3353 4742 3569 4810 prodire
3598 4731 3888 4808 theatrum,
3923 4759 3991 4800 ac

2378 4836 2576 4908 multos
2605 4816 2861 4890 adhibere
2890 4844 3056 4890 testes
3087 4853 3102 4888 :
3151 4836 3282 4889 mihi
3320 4836 3422 4890 soli
3457 4835 3546 4889 dic
3571 4845 3843 4905 peccatum
3872 4837 3981 4904 pri-

2379 4928 2539 4980 vatim
2560 4964 2573 4990 ,
2607 4935 2664 4980 ut
2700 4941 2884 4980 sanem
2929 4927 3081 4982 ulcus
3103 4967 3118 4992 ,
3156 4936 3316 4997 teque
3350 4927 3538 4982 dolore
3568 4928 3808 4982 liberem.
3857 4927 3980 4982 Ideo

2379 5020 2534 5074 nobis
2559 5019 2748 5072 indidit
2770 5019 3173 5082 conscientiam,
3213 5019 3374 5088 idque
3397 5021 3586 5090 quovis
3619 5030 3764 5089 patre
3788 5034 3976 5073 amati-

2380 5112 2508 5167 tius.
2539 5110 2672 5165 Nam
2697 5118 2846 5179 pater
2864 5110 2951 5164 ubi
2978 5111 3167 5175 semel,
3198 5111 3409 5174 iterum,
3433 5126 3494 5164 ac
3527 5111 3707 5177 tertio,
3737 5111 3978 5166 deciesve

2383 5202 2545 5257 filium
2575 5200 2930 5269 increpaverit
2957 5219 2971 5254 :
3003 5201 3048 5254 si
3080 5200 3271 5254 viderit
3292 5201 3713 5271 incorrigibilem
3739 5217 3977 5262 manere.

2378 5292 2670 5363 desperans
2720 5291 2950 5359 abdicat,
3002 5292 3222 5360 expellit
3254 5307 3284 5346 e
3320 5291 3519 5346 familia
3541 5334 3554 5356 ,
3602 5307 3635 5345 a
3665 5293 3979 5362 cognatione

2381 5393 2608 5440 resecat.
2646 5387 2715 5454 At
2756 5398 2862 5436 non
2897 5383 3085 5438 eodem
3131 5382 3292 5437 modo
3315 5383 3678 5447 conscientia,
3722 5381 3812 5438 sed
3856 5382 3976 5437 licet

2380 5476 2567 5541 semel,
2601 5474 2722 5529 licet
2746 5474 2956 5539 iterum,
2980 5474 3104 5529 licet
3123 5483 3220 5539 ter,
3253 5473 3380 5528 licet
3400 5474 3597 5528 millies
3619 5473 3973 5537 admonuerit,

2381 5576 2542 5636 tuque
2577 5580 2682 5620 non
2716 5564 3078 5634 obtemperes,
3107 5564 3345 5619 monebit
3387 5564 3602 5630 iterum,
3630 5579 3730 5618 nec
3758 5563 3975 5618 desistet

2383 5674 2550 5729 usque
2575 5659 2640 5712 ad
2662 5673 2969 5728 supremum
3002 5658 3222 5713 halitum
3252 5659 3363 5713 sive
3383 5657 3546 5721 domi,
3575 5659 3688 5712 sive
3718 5658 3774 5711 in
3804 5656 3972 5720 biviis,

2385 5754 2497 5807 sive
2532 5751 2582 5805 in
2612 5764 2819 5819 mensa,
2848 5749 2962 5806 sive
2987 5750 3040 5807 in
3072 5750 3210 5819 foro,
3239 5749 3350 5805 sive
3373 5749 3425 5804 in
3454 5749 3643 5804 itinere
3677 5766 3690 5801 :
3730 5747 3971 5819 frequen-
