4122 6334
735 360 879 417 1013

711 564 905 627 τασίας
935 563 1253 638 παρίστησι.

782 672 844 722 ε’.
867 667 978 722 Καὶ
1003 670 1105 739 ὅρα
1139 669 1332 738 σοφίαν
1348 668 1506 723 Θεοῦ.
1536 669 1672 723 Οὐτε
1691 650 1913 738 διηνεκῆ
1941 667 2040 737 τὴν
2064 684 2306 737 κατηγο-

1446 360 1502 416 S.
1544 358 1830 416 JOANNIS
1869 354 2366 418 CHRYSOSTOMI
2404 357 2724 422 ARCHIEP.
2770 364 3320 426 CONSTANTINOP.

713 480 826 544 τοῖς
853 478 959 532 τῶν
985 479 1391 551 ἡμαρτημένων
1416 481 1548 551 ἡμῖν
1589 479 1661 546 τὰ
1706 479 1898 534 εἴδωλα
1927 481 2018 533 καὶ
2043 478 2142 542 τὰς
2169 494 2308 547 φαν-

3864 371 3979 426 ιοιι

2412 478 2735 552 λαμπρότης
2766 484 2860 537 τοῦ
2883 485 3071 553 γένους
3112 485 3332 548 παντός.
3374 483 3534 537 Ἀλλά
3571 486 3871 557 τοιοῦτονὴ
3901 488 3978 558 βα·

2410 565 2624 618 σκανίαο
2653 570 2766 630 τοῖς
2797 569 3017 632 οἰκείοις
3046 569 3278 638 πολεμεῖ
3310 567 3515 633 καλοῖς,
3557 567 3651 622 καὶ
3694 567 3894 638 μᾶλλον
3923 573 3976 625 ἂν

2406 645 2579 700 ἕλοιτο
2620 649 2792 720 μυρία
2843 651 3074 722 πάσχειν
3117 663 3140 691 ο
3188 652 3340 706 δεινά
3385 653 3415 704 6
3465 652 3864 723 βασκαίνων,ῆ
3901 655 3976 706 τὸν

714 752 836 822 ρίαν
878 729 1139 824 ἑποίη’σεν
1194 729 1335 806 εἶναι
1403 752 1500 806 τοῦ
1554 729 1854 816 συνειδόζεος
1903 729 2012 820 ’(οδ
2071 729 2303 822 γὰρ”ἂν
2405 729 2634 800 πλησίον
2659 733 2789 787 [δεῖν
2817 731 3231 804 εὐδοκιμοῦντα,
3272 734 3376 788 κᾶν
3405 737 3486 799 είς
3509 733 3672 788 αὐτὸν
3698 735 3974 790 διαϐαίνειν

702 838 1024 909 ἠνέγκαμεν
1053 837 1111 891 τὸ
1144 837 1386 910 φορτίον,
1427 839 1668 909 συνεχῶς
1699 839 2146 908 ἐγκαλούμενοι),
2175 835 2299 890 οὐτε

709 921 882 986 οὕτως
911 921 1133 992 ἀσθενῆ,
1154 921 1229 984 ώς
1248 923 1311 975 ἐκ
1336 921 1558 993 πρώτης
1581 921 1675 975 καὶ
1698 922 1959 992 δευτέρας
1989 920 2298 990 ἀπαγορεῦ-

708 1021 801 1056 σαι
839 1004 1239 1075 παραινέσεως.
1278 1005 1340 1058 Et
1375 1005 1473 1074 μέν
1509 1005 1777 1079 γάρ-καθ’
1809 1005 2047 1074 ἐκάστην
2080 1005 2300 1074 ἡμέραν

707 1090 801 1141 καὶ
842 1087 992 1160 ῶραν
1034 1089 1262 1160 ἔμελλεν
1301 1091 1449 1161 ἡμᾶς
1493 1092 1725 1153 κεντεῖν,
1763 1089 1866 1142 κᾶν
1906 1090 2298 1160 ἀπεπνίγημεν

705 1176 813 1226 ἀπὸ
840 1175 940 1244 τῆς
973 1173 1236 1244 ἀθυμίας·
1279 1175 1337 1231 εί,
1362 1173 1420 1227 δὲ
1462 1173 1610 1240 ama
1644 1174 1738 1226 ml
1763 1173 2016 1245 δεύτερον
2050 1173 2299 1243 ὑπομνῆ-

707 1278 806 1314 σαν
837 1273 861 1301 α
895 1261 1106 1330 ἀπέστη
1137 1260 1237 1331 τῆς
1266 1260 1663 1330 ἐπιτιμήσεως,
1690 1259 1790 1311 οὐκ
1810 1257 1876 1312 ἂν
1904 1258 2105 1327 πολλὴν
2132 1260 2298 1329 ἐκαρ-
2330 1287 2343 1298 ρ

706 1343 1012 1415 πωσάμεθα
1065 1346 1163 1415 τὴν
1220 1343 1512 1411 ὠφέλειαν.
1569 1342 1667 1396 Διά
1717 1341 1877 1395 τοῦτο
1923 1341 2149 1413 διηνεκῆ
2197 1342 2296 1412 μὲν

702 1428 907 1498 ταύτην
929 1428 1186 1499 ἐποίησεν
1215 1424 1356 1480 εἶναι
1378 1427 1480 1498 τὴν
1497 1427 1836 1497 ἐπιτίμησιν,
1859 1423 1920 1477 οὐ
1946 1425 2052 1496 μὴν
2072 1425 2291 1496 συνεχῆο

700 1509 928 1579 διηνεκῆ
956 1512 1076 1579 μὲν,
1110 1510 1196 1564 ἵνα
1231 1509 1305 1581 μὴ
1337 1511 1414 1571 είς
1446 1509 1718 1580 ρᾳθυμίαν
1747 1507 2136 1578 ἐμπίπτωμεν,
2177 1509 2294 1562 ἀλλ’

701 1595 788 1648 ἀεὶ
824 1595 914 1648 καὶ
942 1596 1103 1666 μέχρι
1132 1594 1391 1663 τελευτῆς
1424 1593 1969 1664 ὐπομιμνησκόμενοι
2009 1594 2290 1664 νήφωμενθ

700 1680 761 1732 οὐ
795 1681 991 1749 συνεχῆ
1027 1680 1082 1731 δὲ
1109 1679 1229 1732 οὐδέ
1256 1677 1580 1744 ἐπάλληλον,
1600 1678 1690 1730 ἵνα
1718 1675 1794 1747 μὴ
1833 1677 2288 1747 καταπίπτωμεν,

697 1762 834 1815 ἀλλὰ
865 1761 1080 1822 ἀνέσεις
1097 1763 1248 1825 τινάς
1276 1760 1646 1832 λαμϐάνοντες
1670 1759 1762 1812 καὶ
1786 1759 2142 1830 παραμυθίας
2168 1761 2292 1814 ἀνα-

699 1845 976 1916 πνέωμεν.
1014 1847 1229 1916 Ὥσπερ
1264 1845 1372 1916 γάρ
1408 1845 1468 1898 τὸ
1515 1845 1638 1914 μηδ’
1671 1845 1808 1908 ὅλως
1838 1847 2026 1912 ἀλγεῖν
2057 1846 2147 1898 ἐπὶ
2178 1849 2291 1909 τοῖς

695 1931 1092 2000 ἁμαρτήμασιν
1121 1927 1385 2000 ὀλέθριον,
1421 1929 1516 1980 καὶ
1539 1928 1634 1999 τὴν
1665 1928 1900 1998 ἐσχάτην
1931 1928 2288 1998 ἀναισθησίαν

695 2014 940 2068 ἐντίκτον
972 2015 1126 2084 ἡμῖν,
1147 2011 1289 2065 οὐτω
1310 2011 1370 2063 τὺ
1401 2012 1642 2082 συνεχῶς
1673 2012 1768 2066 καὶ
1795 2012 1939 2082 πέρα
1960 2011 2054 2064 τοῦ
2083 2012 2287 2083 μέτρου

690 2096 852 2149 τοῦτο
881 2095 1110 2164 πάσχειν
1141 2094 1453 2159 ἐπιϐλαϐές.

777 2203 839 2253 Ἡ
873 2201 981 2272 γὰρ
1021 2199 1297 2270 ὑπερϐολὴ
1354 2200 1454 2268 τῆς
1495 2199 1738 2269 ἀθυμίας
1783 2198 1937 2269 ἴσχυε
1976 2199 2072 2252 καὶ
2117 2198 2226 2252 τῶν
2259 2199 2286 2239 b

690 2286 833 2338 κατά
856 2286 1020 2355 φύσιν
1059 2283 1320 2346 πολλάκις
1354 2281 1661 2336 ἐκϐαλοῦσα
1692 2282 1926 2352 φρενῶν,
1957 2282 2288 2354 ὑποϐρύχιον

693 2368 919 2438 ποιῆσαι
959 2368 1057 2439 τὴν
1082 2367 1281 2437 ψυχὴν,
1312 2367 1406 2420 καὶ
1439 2365 1575 2436 πρὸς
1623 2366 1840 2420 ἄπαντα
1885 2366 2160 2436 ἄχρηστον
2197 2369 2289 2437 ἐρ-

691 2452 966 2519 γάσασθαι
1001 2451 1070 2504 τά
1094 2450 1252 2503 καλά.
1289 2448 1384 2501 Διά
1437 2450 1596 2502 τοῦτο
1631 2451 1726 2502 καὶ
1768 2451 1835 2503 ἐκ
1877 2449 2286 2520 διαλειμμάτων

693 2538 825 2606 ἡμῖν
851 2535 942 2589 τὸν
975 2534 1401 2606 τοῦ-συνειδότος
1443 2533 1665 2602 ἔλεγχον
1713 2533 2128 2603 παρεσκεύασεν
2164 2535 2284 2586 ἐπι-

691 2604 958 2683 τίθεσθαι,
992 2604 1178 2688 ἐπέιδή
1208 2616 1413 2687 σφόδρα
1442 2616 1590 2669 ἐστὶν
1629 2616 1925 2686 ἀπότομος,
1964 2617 2060 2670 καί
2085 2616 2286 2683 παντὸς

693 2702 921 2772 κέντρου
946 2700 1308 2771 σφοδρότερον
1330 2700 1420 2752 τὸν
1445 2699 1809 2770 ἡμαρτηκότα
1837 2699 2051 2752 νύττειν
2071 2699 2282 2754 εἴωθεν.
2317 2731 2322 2734 -

687 2785 827 2838 ,υύδέ
858 2785 968 2856 γὰρ
1003 2784 1168 2854 ἡνίκα
1217 2782 1283 2836 ἂν
1337 2782 1747 2852 ἀμαρτάνωμεν
1801 2782 1973 2846 αὐτοὶ,
2021 2781 2157 2834 ἀλλά
2189 2781 2284 2834 καὶ

693 2869 856 2939 ἡνίκα
888 2869 955 2922 ἂν
989 2867 1262 2938 ’ἑτεροιτά
1287 2867 1427 2919 αὐτά
1473 2864 1874 2936 πλημμελῶσιν
1905 2869 2060 2937 ἡμῖν,
2087 2866 2284 2932 διεγεί-

695 2970 847 3020 ρεται
883 2951 1128 3022 σφοδρῶς
1153 2951 1248 3005 καὶ
1284 2949 1422 3018 μετά
1472 2949 1673 3018 πολλῆς
1705 2950 1859 3018 ἡμῶν
1908 2946 2154 3021 καταϐοᾷ
2185 2951 2285 3020 τῆς

692 3036 956 3099 εὐτονίας.
991 3036 1101 3088 Καὶ
1128 3034 1237 3105 γάρ
1267 3035 1293 3086 6
1327 3033 1546 3104 πόρνος,
1577 3031 1672 3103 καὶ
1699 3034 1725 3084 6
1749 3032 1956 3102 μοιχὸς,
1989 3033 2084 3086 καὶ
2110 3036 2137 3086 6
2166 3034 2286 3086 κλέ-

685 3136 836 3188 πτης
877 3119 937 3171 οὐ
974 3118 1135 3186 μόνον
1180 3119 1310 3171 ὅταν
1355 3115 1518 3178 αὐτὸς
1573 3116 1973 3186 κατηγορῆται,
2007 3116 2121 3169 ἀλλ’
2153 3118 2283 3170 ὅταν

689 3205 789 3255 καὶ
824 3203 1025 3274 ἐτέρων
1051 3200 1276 3254 τοιαῦτα
1310 3198 1702 3274 τολμησάντων
1743 3197 1918 3271 ἀκούῃ
1943 3216 2282 3270 κατηγορου-

696 3288 892 3356 μένων,
918 3286 1083 3349 αὐτὸς
1132 3287 1352 3355 ,ἡγεῖται
1395 3281 1780 3353 μαστίζεσθαι,
1814 3283 1873 3333 ἐν
1922 3285 2045 3346 ταῖς
2074 3284 2278 3354 ἐτέρων

690 3371 1039 3441 ἐπιτιμήσεσι
1067 3369 1165 3439 τῆς
1185 3369 1392 3429 οἰκείας
1416 3365 1690 3436 ἁμαρτίας
1718 3365 2014 3435 λαμϐάνων
2036 3367 2282 3437 ἀνάμνη-

691 3471 799 3520 σιν,
840 3454 935 3508 καὶ
962 3454 1272 3521 ἐγκαλεῖται
1307 3451 1405 3521 μὲν
1437 3450 1615 3512 ἄλλος,
1671 3449 1968 3522 πλήττεται
1992 3451 2049 3504 δὲ
2075 3446 2229 3514 οὗτος
2251 3453 2280 3502 ὁ

692 3540 861 3609 μηδὲν
887 3537 1307 3608 ἐγκαλούμενος,
1336 3537 1464 3588 ὅταν
1541 3534 1606 3587 τά
1631 3534 1768 3587 αὐτά
1800 3534 1994 3606 ἐκείνῳ
2023 3536 2282 3604 τετολμη-

692 3623 822 3687 κώς’
862 3623 1049 3692 ῶσπερ
1085 3617 1176 3674 οῦν
1209 3621 1303 3673 καὶ¹
1336 3619 1430 3670 ἐπὶ
1458 3621 1569 3681 τοῖς
1600 3617 2044 3690 κατορθώμασιν,
2076 3620 2280 3691 ἐτέρων

693 3705 1193 3776 ἐγκωμιαζομένων
1246 3703 1339 3757 καὶ
1396 3701 1972 3774 στεφανουμένωνλοί
2025 3703 2093 3757 τά
2141 3705 2282 3757 αὐτά

691 3789 1124 3861 κατωρθωκότες
1157 3788 1385 3850 ἐκείνοις
1415 3786 1665 3856 χαίρουσι
1697 3786 1791 3840 καὶ
1821 3786 2172 3854 ἀγάλλονται,
2204 3789 2282 3852 ὡς

693 3875 794 3927 οὐκ
829 3873 1052 3926 ἐκείνων
1091 3871 1288 3943 μᾶλλον
1315 3871 1348 3940 ἢ
1379 3870 1564 3926 ¹αὐτῶν
1593 3870 2022 3940 ἐπαινουμένων.
2043 3872 2109 3924 Τί
2129 3871 2278 3945 [759]

693 3956 875 4010 τοίνυν
904 3957 1099 4024 γένοιτ’
1133 3955 1198 4009 ἂν
1227 3955 1321 4007 τοῦ
1347 3953 1734 4025 ἡμαρτηκότος
1756 3953 2108 4024 ἀθλιώτερον,
2128 3956 2280 4021 ὅταν,

696 4040 898 4110 ἐτέρων
945 4037 1465 4108 κατηγορουμένων,
1503 4037 1666 4100 αὐτὸς
1723 4036 2098 4108 καταδύηται;
2139 4038 2280 4092 τίδὲ

674 4123 790 4176 -τοῦ
823 4122 1024 4188 ζῶντος
1077 4125 1133 4175 ἐν
1183 4123 1352 4191 ἀρετῇ
1391 4121 1824 4192 μακαριώτερον,
1875 4123 2025 4186 ὅταν,
2074 4122 2279 4192 ἐτέρων

692 4204 1529 4292 ἐπαινουμένων,-αὐτδς’χαίρῃ
1584 4204 1679 4292 καὶ
1713 4204 2007 4292 διαχέτχται
2029 4247 2043 4270 ,
2079 4208 2136 4292 ἐν
2169 4209 2281 4269 τοῖς

696 4293 898 4362 ἐτέρων
927 4290 1220 4360 ἐγκωμίοις
1249 4287 1556 4358 ὑπόμνησιν
1588 4287 1880 4357 λαμϐάνων
1921 4287 2034 4341 τῶν
2063 4291 2279 4343 οἰκείων

693 4375 1169 4446 κατορθωμάτων;
1203 4371 1385 4427 Ταῦτα
1408 4373 1508 4442 τῆς
1535 4371 1628 4424 τοῦ
1646 4371 1781 4424 Θεοῦ
1810 4372 2002 4440 σοφίας
2028 4373 2095 4426 τὰ
2119 4374 2276 4443 ἔργα,

693 4460 867 4514 ταῦτα
886 4459 983 4528 τῆς
1018 4458 1279 4528 μεγίστης
1307 4455 1474 4509 αὐτοῦ
1503 4457 1756 4526 προνοίας
1779 4455 1850 4508 τά
1883 4461 2105 4527 σημεῖα.
2148 4461 2279 4528 Ἀγ-

695 4562 838 4614 κυρα
863 4543 970 4611 γάρ
1005 4542 1086 4604 τίς
1111 4543 1258 4594 ἐστιν
1282 4540 1403 4612 ἰερά
1429 4540 1520 4593 τοῦ
1548 4539 1850 4603 συνειδότος
1881 4543 1913 4611 ἡ
1935 4544 2276 4614 ἐπιτίμησις,

694 4629 795 4680 οὐκ
836 4625 980 4678 ἐῶσα
1013 4624 1196 4678 τέλεον
1229 4625 1375 4695 ἡμᾶς
1409 4625 1488 4687 εἰς
1527 4622 1616 4677 τὸν
1648 4623 1749 4693 τῆς
1789 4624 2065 4694 ἁμαρτίας
2108 4644 2278 4680 κατα-

698 4709 1047 4779 ποντισθῆναι
1079 4708 1257 4779 βυθόν.
1306 4707 1441 4761 Οὐδέ
1467 4707 1576 4778 γάρ
1606 4706 1734 4778 παρ’
1765 4707 1928 4760 αὐτὸν
1952 4708 2060 4763 τῶν
2097 4711 2278 4781 ἀμαρ-

693 4794 955 4865 τημάτων
988 4795 1080 4846 τὸν
1129 4791 1320 4862 καιρὸν
1356 4791 1534 4861 μόνον,
1566 4790 1703 4843 ἀλλά
1755 4792 1851 4843 καὶ
1900 4792 2040 4862 μετὰ
2078 4794 2280 4858 πολλὰς

694 4876 955 4930 ἐνιαυτῶν
1006 4874 1286 4946 περιόδους
1333 4870 1469 4927 οἶδεν
1525 4875 1676 4944 ἡμᾶς
1730 4873 1989 4940 πολλάκις
2041 4876 2280 4943 παλαιᾶς

693 4962 1138 5032 ἀναμιμνήσκειν
1168 4959 1461 5029 ἁμαρτίας·
1495 4959 1591 5010 καὶ
1623 4957 1815 5011 τούτου
1847 4961 1943 5012 καὶ
1983 4961 2078 5013 ἀπ’
2099 4962 2278 5016 αὐτῶν

693 5048 1118 5116 παραστήσομαι
1147 5046 1255 5097 τῶν
1283 5042 1514 5113 Γραφῶν
1547 5042 1690 5111 σαφῆ
1729 5042 1828 5112 τὴν
1854 5043 2149 5110 ἀπόδειξιν.

781 5145 1067 5201 ’Δπέδοντὸ
1097 5163 1228 5201 ποτε
1260 5145 1350 5198 τὸν
1397 5143 1595 5215 Ἰωσὴφ
1633 5145 1682 5196 οἱ
1729 5143 1975 5214 ἀδελφοὶ,
2024 5148 2278 5215 ἐγκαλεῖν

693 5233 792 5302 μὲν
819 5231 973 5284 οὐδὲν
1000 5231 1236 5301 ἔχοντες,
1269 5230 1348 5282 ὅτι
1385 5227 1442 5281 δέ
1480 5225 1708 5280 ἐνύπνια
1742 5227 1890 5299 ἐώρα
1917 5229 2016 5301 τὴν
2049 5232 2276 5301 μέλλου-

695 5333 793 5368 σαν
823 5314 973 5384 αὐτῷ
1002 5310 1496 5385 προαναφωνοῦντα
1523 5309 1700 5374 δόξαν.
1737 5307 1922 5364 Εἶδον
1952 5313 2083 5384 γάρ,
2108 5318 2241 5387 φησὶ
2259 5356 2276 5382 ,

692 5399 764 5451 τὰ
818 5397 1124 5466 δράγματα
1187 5393 1353 5464 ὑμῶν
1409 5393 1928 5463 προσκυνήσαντα
1996 5397 2063 5449 τὸ
2130 5399 2279 5467 ἐμόν

685 5479 941 5549 δράγμα.
959 5479 1150 5533 Καίτοι
1173 5479 1316 5551 ὐπέρ
1345 5477 1550 5530 τούτων
1579 5477 1869 5546 φυλάττειν
1894 5480 2057 5533 αὐτὸν
2083 5481 2270 5556 ἐχρῆψ

695 5565 956 5635 στέφανος
979 5563 1088 5634 γὰρ
1116 5564 1214 5634 τῆς
1239 5562 1415 5625 οίκίας
1437 5563 1652 5632 ἀπάσης
1674 5561 1900 5632 ἔμελλεν
1925 5563 2160 5631 ἔσεσθαι,
2183 5567 2276 5619 καὶ

753 5753 780 5783 ⁸
817 5752 950 5801 Unus
971 5766 1061 5801 ms.
1084 5753 1376 5814 ὑπομνήσας.

756 5814 780 5853 δ
807 5816 842 5865 L'
849 5829 940 5864 nus
964 5829 1051 5865 ms.
1075 5820 1127 5864 et
1147 5815 1294 5865 Sav'u.
1318 5817 1366 5864 in
1382 5827 1540 5880 marg.
1570 5814 1765 5880 ἀθυμίας
1784 5816 1881 5866 οἶδε
1907 5818 1985 5865 καὶ
2009 5818 2123 5865 τῶν.

2408 815 2593 883 μέλλοι
2625 816 2692 869 τά
2722 817 2821 887 τῆς
2851 819 3118 884 εὐδοξίας·
3151 812 3212 873 οὗ
3237 819 3287 872 τί
3310 818 3508 886 γένοιτ’
3532 819 3599 872 ἀν
3623 819 3972 890 ἁθλιώτερον;

2405 897 2586 969 Ὅπερ
2611 894 2703 952 οὖν
2732 902 2975 954 κάκεῖνοι
3000 902 3223 965 ἔπαθον,
3270 902 3368 954 καὶ
3409 901 3612 967 ἰδόντες
3651 903 3816 956 αὐτὸν
3856 905 3972 973 πόρε

2404 985 2576 1055 ρωθεν
2599 986 2825 1055 ἥκοντα,
2849 988 3058 1058 τροφὴν
3087 988 3271 1051 αὐτοῖς
3297 986 3615 1057 κομίζοντα,
3653 987 3793 1059 πρὸς
3829 988 3972 1055 ἀλλή-

2401 1069 2528 1132 λους
2554 1070 2758 1138 ἔλεγον·
2790 1071 2984 1136 Δεῦτε,
3019 1071 3470 1140 ἀποκτείνωμεν
3488 1069 3698 1134 αὐτὸν,
3728 1070 3825 1124 καὶ
3858 1070 3972 1123 16w-

2395 1170 2511 1222 μεν
2527 1155 2583 1207 τί
2597 1155 2768 1208 ἔσται
2787 1154 2861 1209 τὰ
2875 1151 3130 1210 ἐνύπνια
3151 1153 3362 1210 αὐτοῦ,
3382 1155 3445 1208 Εί
3462 1157 3556 1208 καὶ
3577 1155 3653 1225 μὴ
3668 1154 3745 1218 ώς
3765 1153 3971 1222 ἀδελφὸν

2399 1235 2652 1306 ᾐδέσθης,
2685 1237 2806 1292 οὐδέ
2832 1236 2932 1308 τὴν
2956 1238 3119 1306 φύσιν
3145 1238 3413 1306 ἐπέγνως,
3429 1239 3528 1308 τὴν
3552 1238 3684 1307 γοῦν
3707 1239 3970 1309 τράπεζαν

2400 1319 2569 1390 αὐτὴν
2594 1320 2908 1391 αἰδεσθῆναι
2937 1321 3066 1384 ἔδει,
3089 1322 3186 1375 καὶ
3214 1321 3308 1375 τὸν
3331 1321 3431 1390 τῆς
3463 1321 3742 1384 διακονίας
3766 1321 3968 1391 τρόων,

2397 1403 2480 1456 ὅτι
2506 1404 2720 1475 θρέψων
2750 1423 2808 1458 σε
2839 1405 3191 1477 παρεγένετο.
3241 1405 3384 1458 ’Δλλ’
3409 1407 3512 1476 ὅρα
3552 1405 3671 1469 πῶς
3701 1406 3796 1458 καὶ
3823 1406 3969 1457 ἀκον-

2396 1505 2487 1550 τες
2511 1489 2944 1560 προφητεύουσι·
3005 1490 3222 1553 Δεῦτε,
3275 1489 3480 1559 φασὶν,
3537 1490 3971 1556 ἀποκτείνωμεν

2394 1570 2601 1636 αὐτὸν,
2643 1572 2742 1626 καὶ
2773 1572 2991 1640 ἴδωμεν
3022 1573 3078 1624 τί
3101 1573 3274 1626 ἔσται
3299 1571 3487 1626 αὐτοῦ
3517 1572 3588 1625 τὰ
3609 1572 3882 1626 ἐνύπνια.
3915 1571 3968 1623 El

2393 1653 2501 1725 γάρ
2535 1654 2635 1706 οὐκ
2667 1655 3080 1720 ἐϐουλεύσαντο,
3129 1657 3237 1720 καὶ,
3275 1656 3370 1708 τὸν
3419 1655 3568 1707 δόλον
3624 1653 3855 1722 ὐφαναν,
3882 1654 3966 1706 καὶ

2393 1739 2490 1808 τὴν
2525 1740 2720 1809 ἀναιδῆ
2752 1740 2946 1810 βουλὴν
2977 1740 3221 1812 ἔρραψαν
3243 1739 3480 1808 ἐκείνην,
3515 1739 3616 1791 οὐκ
3644 1736 3709 1791 ἂν
3736 1737 3965 1804 ἔγνωσαν

2393 1823 2500 1874 τῶν
2529 1825 2796 1876 ἐνυπνίων
2826 1823 3053 1876 ἐκείνων
3081 1823 3180 1892 τὴν
3219 1821 3468 1892 δύναμιν.
3505 1822 3580 1874 Οὐ
3611 1819 3721 1889 γάρ
3747 1816 3813 1890 ἦν
3844 1820 3964 1879 ἴσον,

2395 1906 2558 1976 μηδὲν
2584 1905 2827 1960 παθόντα
2859 1906 3030 1959 δεινὸν
3076 1907 3168 1958 ἐπὶ
3214 1905 3306 1958 τὸν
3335 1905 3535 1975 θρόνον
3577 1902 3847 1971 ἀναϐῆναι
3879 1902 3965 1970 τῆς

2389 1988 2688 2056 Αἰγύπτου,
2712 1991 2805 2042 καὶ
2828 1989 2916 2043 διά
2947 1989 3220 2041 τοσούτων
3240 1990 3348 2042 τῶν
3378 1988 3718 2057 κωλυμάτων
3748 1987 3841 2039 καὶ
3870 1986 3965 2037 τῶν

2389 2073 2660 2143 ἐμποδίων
2692 2073 2720 2112 ἀ
2751 2074 2850 2143 τῆς
2893 2073 3066 2141 αὐτῆς
3097 2072 3304 2143 ταύτης
3337 2069 3693 2124 ἐπιλαϐέσθαι
3732 2070 3966 2140 λαμπρός

2387 2177 2570 2228 τητος.
2595 2160 2657 2212 El
2687 2160 2760 2229 μὴ
2787 2159 2895 2230 γάρ
2923 2158 3341 2225 ἐπεϐούλευσαν,
3377 2159 3478 2210 οὐκ
3504 2157 3571 2210 ἂν
3592 2159 3671 2218 είς
3706 2157 3964 2222 Αἴγυπτον

2387 2243 2669 2296 ἀπέδοντοο
2702 2245 2749 2295 εί
2779 2243 2853 2312 μὴ
2884 2242 3144 2295 ἀπέδοντο
3173 2245 3252 2304 είς
3285 2243 3582 2308 Αἴγυπτον,
3603 2241 3704 2292 οὐκ
3740 2239 3807 2291 ἂν
3839 2239 3964 2307 ἡρά-

2391 2325 2550 2396 σθηὴ
2583 2326 2862 2378 δέσποιναν
2906 2327 2953 2378 εί
2992 2327 3067 2395 μὴ
3107 2325 3320 2396 ἠράσθη
3378 2326 3410 2394 ἡ
3451 2323 3731 2387 δέσποινα,
3761 2323 3862 2374 οὐκ
3907 2321 3963 2374 ἀν

2388 2409 2652 2480 ἐνεϐλήθη
2684 2413 2764 2471 είς
2796 2411 2857 2461 τὸ
2886 2409 3280 2479 δεσμωτήριον,
3334 2409 3433 2461 οὐκ
3477 2407 3544 2461 ἂν
3575 2407 3857 2478 συνέκρινε
3907 2407 3963 2457 τὰ

2386 2496 2660 2566 ὁράματα,
2693 2497 2792 2548 οὐκ
2816 2496 2881 2548 ἂν
2920 2496 3016 2563 τῆς
3066 2493 3344 2563 βασιλείας
3374 2493 3657 2560 ἐπέτυχεν·
3687 2494 3735 2543 εί
3773 2492 3846 2561 μὴ
3872 2491 3962 2558 τῆς

2389 2579 2668 2650 βασιλείας
2698 2579 2754 2630 δὲ
2804 2577 3068 2646 ἐπέτυχεν
3110 2577 3346 2646 ἐκείνης,
3382 2574 3483 2627 οὐκ
3536 2576 3601 2628 ἂν
3642 2570 3806 2645 ἦλθον
3831 2569 3961 2626 οῦτοι

2388 2667 2508 2717 κατ’
2539 2663 2810 2734 ἐμπορίαν
2847 2663 3015 2726 σίτου,
3048 2661 3144 2713 καὶ
3166 2659 3582 2731 προσεκύνησαν
3609 2659 3795 2712 αὐτόν.
3815 2660 3962 2710 Ὥστε

2387 2746 2579 2816 ἐπειδὴ
2610 2745 2940 2799 ἀπέκτειναν
2970 2744 3154 2808 αὐτὸν,
3184 2743 3270 2795 διὰ
3293 2742 3449 2795 τοῦτο
3469 2742 3703 2811 μάλιστα
3732 2742 3961 2810 ἔγνωσαν

2387 2831 2551 2884 αὐτοῦ
2585 2829 2656 2883 τά
2699 2831 2948 2883 ἐνύπνια.
2976 2828 3041 2881 Τί
3071 2824 3191 2892 οὐν;
3228 2827 3385 2879 αὐτοὶ
3425 2827 3680 2896 πρόξενοι
3706 2827 3819 2879 τῶν
3849 2826 3964 2897 μελ·

2386 2915 2587 2967 λόντων
2606 2913 2828 2982 ἀγαθῶν
2858 2911 3008 2981 αὐτῷ
3043 2911 3260 2964 πάντων
3290 2910 3540 2978 ἐγένοντο
3564 2912 3659 2964 καὶ
3696 2911 3799 2979 τῆς
3829 2926 3965 2979 περι-

2387 2998 2614 3070 φανείας
2637 2997 2887 3067 ἐκεῖνης;
2935 2994 3223 3065 Οὐδαμῶς,
3263 2993 3402 3047 ἀλλά
3438 2995 3594 3046 αὐτοὶ⁷
3624 2993 3724 3063 μὲν
3759 2993 3963 3062 θανάτῳ

2386 3082 2480 3136 καὶ
2505 3081 2712 3152 ἀθυμίᾳ
2741 3083 2835 3134 καὶ
2867 3085 2934 3150 τῇ
2967 3079 3182 3150 δουλείᾳ
3226 3079 3320 3131 καὶ
3353 3079 3466 3141 τοῖς
3514 3077 3769 3146 ἐσχάτοις
3798 3094 3963 3147 παρα-

2383 3168 2566 3220 δοῦναι
2596 3165 2985 3218 ἐϐουλεύσαντο
3011 3166 3224 3226 κακοῖς·
3251 3164 3279 3215 6
3309 3162 3365 3215 δέ
3400 3162 3710 3231 εὐμήχανος
3737 3161 3871 3224 Θεὸς
3907 3163 3961 3229 τῇ

2383 3251 2492 3302 τῶν
2523 3248 2982 3302 ἐπιϐουλευόντων
3011 3247 3246 3316 πονηρίᾳ
3270 3244 3408 3314 πρὸς
3432 3243 3529 3314 τὴν
3551 3243 3646 3296 τοῦ
3674 3244 3965 3312 πραθέντος

2385 3336 2478 3388 καὶ
2506 3331 2980 3394 ὲπιϐουλευθέντος
3006 3329 3355 3400 εὐδοκίμησιν
3384 3329 3764 3398 ἀπεχρήσατο.

2459 3479 2661 3544 ς’.”1να
2680 3477 2737 3528 δὲ
2769 3474 2843 3545 μὴ
2862 3474 3151 3543 συντυχίας
3179 3473 3343 3536 τινὸς,
3360 3472 3495 3544 μηδέ
3516 3474 3864 3544 πραγμάτων
3886 3489 3966 3524 πε.

2389 3562 2666 3636 ριπετείας
2709 3571 2733 3598 ε
2769 3564 2836 3612 τά
2873 3557 3156 3628 συμϐάντα
3194 3552 3333 3609 εἶναι
3367 3555 3677 3625 νομίζηται,
3708 3557 3780 3608 δι’
3800 3555 3964 3608 αὐτῶν

2382 3647 2492 3700 τῶν
2530 3642 2981 3713 ἐναντιουμένων,
3018 3639 3082 3693 δι’
3118 3639 3298 3692 αὐτῶν
3321 3638 3430 3691 τῶν
3461 3639 3808 3703 κωλυόντων,
3838 3640 3963 3692 αὐτὰ

2383 3729 2781 3792 κατασκευάζει
2808 3725 2876 3778 τά
2907 3724 3269 3793 κωλυόμεναὸ
3287 3723 3564 3786 Θεὸς,τοῖς
3593 3720 3962 3797 ἐχθροῖςιῖθθ]

2383 3816 2548 3870 αὐτοῦ
2588 3813 2724 3883 πρὸς
2749 3811 2847 3881 τὴν
2881 3808 3234 3878 εὐδοκίμησιν
3267 3805 3537 3871 διακόνοίς
3562 3808 3870 3878 χρώμενος,
3889 3810 3962 3860 ἵνα

2388 3901 2589 3971 μάθῃς,
2617 3898 2699 3950 ὅτι
2725 3896 2760 3950 ἃ
2790 3899 2817 3950 6
2843 3895 2976 3958 Θεὸς
3002 3891 3377 3964 βεϐούλευται,
3409 3891 3584 3955 οὐδεὶς
3604 3893 3959 3952 διασκεδάσει,

2384 4000 2478 4038 και
2501 3982 2598 4052 τὴν
2631 3982 2790 4051 χεῖρα
2819 3976 2984 4033 αὐτοῦ
3027 3977 3125 4047 τὴν
3165 3974 3376 4046 ὑψηλὴν
3399 3974 3575 4038 οὐδεὶς
3612 3975 3958 4046 ἀποστρέψευ

2383 4069 2451 4122 ἵν’
2506 4067 2638 4118 ὅταν
2662 4060 2988 4131 ἐπιϐουλεύσῃ
3020 4060 3171 4129 παρά
3219 4074 3404 4124 τινων,
3465 4057 3541 4128 μὴ
3587 4059 3958 4129 καταπίπτῃς.

2386 4151 2521 4222 μηδέ
2543 4148 2924 4220 δυσχεραίνης,
2956 4143 3070 4197 ἀλλ’
3099 4141 3300 4194 εἰδέναι
3324 4140 3466 4216 ,ἔχῃς
3486 4182 3500 4205 ,
3545 4143 3627 4195 ὅτι
3661 4143 3802 4214 πρὸς
3824 4144 3962 4205 τέλος

2381 4235 2601 4306 ἀπαντᾷ
2633 4231 2868 4304 χρηστὸν
2889 4233 2922 4302 ἡ
2944 4228 3229 4298 ἐπιϐουλὴ,
3251 4227 3409 4297 μόνον
3429 4225 3496 4281 ἂν
3517 4229 3786 4297 γενναίως
3805 4229 3959 4298 φέρῃς

2383 4320 2449 4374 τά
2481 4318 2886 4390 συμπίπτοντα.
3475 4319 3478 4321 ’

2465 4465 2596 4518 Ἰδοὺ
2617 4463 2749 4533 γοῦν
2770 4465 2865 4516 καὶ
2889 4459 3127 4516 ἐνταῦθα
3152 4460 3347 4531 φθόνος
3370 4462 3652 4532 βασιλείαν
3685 4464 3860 4530 ἔτεκε,
3881 4467 3958 4519 καὶ

2383 4547 2654 4619 βασκανία
2681 4546 2921 4616 διάδημα
2967 4546 3298 4616 προεξένησε
3318 4586 3334 4612 ,
3365 4545 3462 4599 καὶ
3500 4546 3693 4618 θρόνον
3726 4550 3955 4620 ἐκόμισε,

2382 4634 2477 4686 καὶ
2509 4632 2666 4686 αὐτοὶ
2697 4633 2745 4683 οἱ
2780 4629 3304 4694 ἐπιϐουλεύσαντες,
3332 4630 3489 4684 αὐτοὶ
3520 4630 3844 4704 συνώθησαν
3872 4633 3957 4686 αὐ-

2383 4718 2472 4771 τὸν
2508 4715 2653 4785 πρὸς.
2689 4715 2752 4768 τὸ
2793 4715 3022 4786 μέγεθος
3067 4716 3284 4786 ἐκείνης
3316 4716 3418 4786 τῆς
3463 4717 3662 4788 ἀρχῆς
3697 4721 3797 4774 καὶ
3820 4723 3847 4774 6
3869 4721 3956 4790 μὲν

2382 4799 2787 4862 ἐπιϐουλευθεὶς
2841 4798 3225 4866 ἐϐασίλευσεν,
3271 4799 3322 4852 οί
3373 4799 3431 4853 δὲ
3486 4800 3957 4866 ἐπιϐουλεύσαντες

2382 4883 2680 4938 ἐδούλευονο
2712 4883 2964 4946 κάκεῖνος
2996 4883 3096 4953 μὲν
3119 4885 3526 4953 προσεκυνεῖτο,
3549 4877 3699 4940 οὗτοι
3719 4887 3778 4941 δὲ
3804 4904 3954 4962 προσ-

2383 4969 2629 5022 εκύνουν.
2682 4969 2852 5023 Ὅταν
2906 4967 3087 5021 τοίνυν
3143 4966 3347 5039 ἐπέλθῃ
3394 4984 3478 5022 σοι
3513 4967 3533 5007 τ
3581 4969 3738 5024 δεινά
3776 4965 3953 5042 συνεχῆ

2385 5054 2476 5108 καὶ
2505 5051 2818 5122 ἐπάλληλα,
2870 5051 2945 5122 μὴ
2981 5049 3212 5122 θορυϐοῦ
3231 5093 3246 5117 ,
3291 5049 3425 5121 μηδέ
3448 5050 3775 5124 δυσχέραινε
3796 5096 3813 5122 ,
3857 5054 3954 5109 ἀλλ’

2380 5138 2617 5208 ἀνάμενε
2647 5137 2708 5189 τὸ
2734 5135 2907 5200 τέλοςο
2935 5134 3156 5199 πάντως
3192 5135 3301 5207 γὰρ
3330 5138 3709 5207 ἀπαντήσεται
3746 5141 3844 5212 τῆς
3876 5139 3954 5193 τοῦ

2381 5219 2517 5275 Θεοῦ
2546 5219 2958 5291 μεγαλώωρεᾶς
2981 5219 3154 5284 ἀξιον,
3173 5219 3333 5290 μόνον
3355 5219 3449 5273 ἐὰν
3471 5221 3814 5293 εὐχαρίστως
3830 5225 3891 5277 τὰ
3909 5226 3955 5276 ἐν

2386 5305 2538 5375 μέσῳ
2579 5302 2961 5374 συμπίπτοντα
3007 5303 3258 5374 ἐνέγκῃς.
3311 5303 3464 5384 Ἐπεὶ
3507 5305 3606 5358 καὶ
3642 5304 3802 5370 οὗτος
3836 5309 3955 5380 μετὰ

2379 5390 2446 5442 τὰ
2484 5387 2736 5458 ὀνείρατα
2761 5389 2943 5440 ἐκεῖνα
2988 5386 3117 5457 περὶ
3155 5386 3265 5440 τῶν
3305 5387 3552 5458 ἐσχάτων
3583 5391 3953 5458 κινδυνεύσας,

2444 5630 2466 5658 ⁸
2489 5627 2588 5676 Alli
2604 5629 2784 5677 παθεῖν.

2441 5689 2466 5728 ιι
2493 5692 2590 5753 Alii
2615 5687 3000 5753 ἑμποδισμάτων.

2446 5755 2470 5820 f
2495 5751 2738 5820 υᾳυεκωε.
2761 5751 3028 5820 περιφορᾶς,
3054 5753 3180 5804 alios
3195 5753 3509 5820 περιφανείας.

2451 5812 2470 5852 ί
2497 5815 2596 5864 Alii
2629 5814 2782 5863 ἔπεισί
2805 5812 2900 5864 σοι’.
