4160 6324
341 403 485 462 1018

313 498 431 568 »ter
459 523 515 574 et
557 512 614 571 in
656 516 881 573 somniis
919 516 1050 588 ipsis
1090 526 1431 589 peccatorum
1460 519 1622 574 nobis
1662 519 1945 598 simulacra

338 594 663 680 spectraque
683 615 1036 678 repraisentat

414 699 469 756 5.
502 696 839 757 Conscientia
859 700 1097 757 stimutus
1114 744 1130 768 ,
1158 696 1318 771 quare
1339 718 1440 758 non
1465 712 1538 757 est
1565 712 1855 773 perpetuus.
1876 732 1947 744 ~—

339 789 479 848 Vide
533 801 715 847 autem
763 792 857 848 Dei
907 788 1245 864 sapientiam.
1290 792 1409 876 Non
1457 793 1586 850 fecit
1631 803 1942 865 perpetuam

333 883 687 940 conscientiae
709 885 1134 951 accusationem,
1160 901 1335 957 neque
1359 888 1501 942 enim
1533 886 1636 942 hoc
1661 901 1798 942 onus
1824 901 1939 958 per-

337 968 484 1030 Ierre
510 983 837 1044 poteramus,
866 976 913 1031 si
943 976 1142 1048 jugiter
1165 985 1471 1033 accusasset
1500 993 1514 1030 :
1551 990 1724 1047 neque
1753 990 1945 1073 rursus

319 1105 326 1122 ι
369 1064 476 1134 deo
502 1065 672 1121 levem
707 1074 764 1122 et
799 1066 1139 1136 imbeciliem,
1173 1077 1231 1122 ut
1259 1078 1378 1139 post
1408 1066 1567 1123 unam
1603 1077 1695 1123 aut
1717 1064 1942 1123 alteram

333 1131 758 1213 admonitionem
795 1131 1136 1230 desperaret.
1169 1131 1302 1214 Nam
1339 1161 1384 1216 si
1423 1161 1647 1233 singulis
1670 1160 1943 1216 diebus'et

335 1236 486 1304 heris
504 1249 690 1306 fuisset
705 1265 806 1307 nos
819 1251 1171 1319 stlmulatnra,
1191 1269 1422 1311 maerore
1443 1254 1940 1346 profecto‘suﬂ'oca-

332 1350 522 1393 remur
548 1356 562 1394 :
587 1354 773 1397 rursus
793 1343 839 1397 si
864 1352 985 1414 post
1004 1358 1163 1399 unam
1192 1354 1352 1416 atque
1371 1346 1595 1408 alteram
1619 1343 1942 1428 increpatio-

332 1443 460 1499 nem
503 1429 806 1499 desisteret,
831 1431 980 1488 haud
1016 1433 1241 1492 multum
1278 1437 1481 1493 fruetus
1520 1438 1675 1494 nobis
1699 1438 1932 1495 afferret.

326 1496 523 1588 .quuc
567 1520 692 1578 fecit
728 1496 1151 1593 obiurgationem
1197 1517 1533 1598 perpetuam,
1580 1524 1636 1583 at
1679 1544 1788 1585 non
1826 1529 1937 1587 frc-

329 1620 587 1676 quentem
617 1627 631 1664 :
662 1622 974 1684 perpetuam
1012 1602 1250 1688 quidem,
1282 1634 1350 1675 ne
1388 1620 1442 1675 in
1468 1617 1768 1691 socordiam
1807 1623 1939 1679 inci-

327 1694 607 1767 deremus,
652 1702 750 1757 sed
781 1717 995 1773 semper
1031 1715 1087 1761 et
1115 1723 1284 1779 usque
1315 1709 1389 1764 ‘ad
1419 1720 1646 1767 mortem
1675 1712 1936 1770 admoniti

329 1786 704 1860 vigilaremus;
746 1807 855 1848 non
895 1792 1230 1866 frequentem
1266 1806 1396 1854 vero
1419 1815 1483 1856 ac
1509 1802 1704 1871 smpius
1733 1806 1933 1873 repeti—

328 1883 462 1943 tam,
494 1895 562 1935 ne
586 1882 766 1938 animo
803 1885 1230 1955 concideremus,
1260 1890 1355 1946 sed
1382 1901 1439 1947 ut
1467 1893 1693 1949 subinde
1723 1895 1934 1950 relaxa-

327 1967 477 2024 tione
523 1971 818 2044 solatioqne
877 1979 1128 2047 quopiam
1191 1992 1446 2051 accepto,
1520 1979 1954 2053 respiraremus.’

322 2056 794 2126 QuemadmOdum
831 2068 975 2144 enim
1000 2070 1223 2126 omnino
1252 2088 1356 2128 non
1386 2073 1570 2130 dolere
1605 2075 1672 2130 de
1699 2077 1931 2146 peccatis

321 2150 543 2206 exitiale
577 2163 681 2220 est,
714 2164 872 2227 atque
913 2145 1071 2213 etiam
1110 2162 1234 2216 mali
1270 2160 1486 2219 sensum
1525 2166 1680 2222 nobis
1709 2181 1928 2238 prorsus

318 2237 561 2294 adimit:
607 2243 684 2297 sic
735 2252 790 2300 et
832 2244 1032 2318 jugiter
1076 2264 1348 2323 supraque
1381 2238 1604 2310 modum
1651 2256 1705 2312 id
1750 2255 1928 2313 facere

320 2330 543 2384 noxium
562 2341 664 2387 est.
1521 2417 1525 2421 η

397 2419 561 2475 Dolor
602 2424 903 2482 immodicus
929 2429 1142 2486 adducit
1169 2433 1443 2489 insaniam.
1467 2419 1543 2481 -ς
1571 2436 1754 2494 Potest
1779 2440 1924 2496 enim

271 2573 280 2579 _
318 2521 378 2564 et
418 2511 618 2569 doloris
650 2515 932 2575 immodica
971 2524 1279 2594 magnitudo
1311 2526 1621 2598 frequenter
1649 2531 1922 2588 hominem

316 2617 351 2655 a
381 2607 708 2662 naturalibus
735 2613 1010 2669 excutiens
1031 2600 1296 2685 sensibus,
1329 2621 1564 2675 animum
1586 2621 1920 2696 demergere,

315 2703 379 2746 et
406 2693 469 2746 ad
511 2695 735 2752 honesta
766 2703 943 2756 omnia
971 2704 1209 2760 inutilem
1238 2708 1483 2765 reddere.
1541 2693 1842 2784 Eapropter
1869 2725 1923 2770 et

314 2780 446 2836 iilutl
507 2788 766 2854 providit,
830 2800 886 2850 ut
937 2808 1004 2847 ex
1059 2795 1352 2854 intervallis
1411 2801 1566 2855 nobis
1617 2802 1922 2860 immineret

313 2876 662 2955 Conscientia:
686 2879 1008 2951 redargutio,
1039 2897 1323 2957 propterea
1352 2891 1492 2960 quod
1523 2901 1604 2948 est
1630 2895 1917 2951 admodum

313 2978 544 3033 Severa,
587 2951 642 3022 et
687 2971 878 3038 quovis
923 2974 1140 3031 stimulo
1180 2981 1356 3035 acrius
1381 2997 1616 3053 pungere
1643 2988 1920 3043 consuevit

312 3063 676 3124 peccatorem.
718 3057 836 3113 Non
860 3062 1003 3116 enim
1035 3074 1160 3122 tunc
1180 3068 1352 3123 solum
1375 3112 1389 3137 ,
1431 3086 1552 3127 cum
1594 3074 1691 3143 ips'i
1725 3091 1918 3145 pecca-

310 3159 457 3212 mus,
485 3150 834 3204 verumetiam
862 3166 986 3209 cum
1014 3157 1102 3211 alii
1132 3161 1473 3217 committunt
1497 3165 1684 3220 eadem
1706 3208 1720 3233 ,
1745 3169 1913 3225 vehe-

308 3245 526 3290 menter
545 3236 803 3308 insurgit,
844 3257 1142 3316 magnaque
1181 3253 1523 3308 contentione
1553 3256 1706 3311 nobis
1735 3261 1914 3315 occla«

305 3336 444 3379 mat.
475 3326 608 3383 Nam
644 3343 926 3404 scortator,
959 3338 1186 3409 adulter,
1216 3351 1308 3398 aut
1343 3343 1428 3399 fur
1463 3363 1568 3402 non
1598 3351 1756 3406 modo
1791 3368 1913 3408 cum

307 3428 596 3475 accusatur
635 3423 769 3494 ipse,
811 3433 1161 3488 verumetiam
1203 3449 1324 3489 cum
1367 3439 1517 3493 audit
1558 3441 1689 3496 alios
1723 3445 1931 3523 eadem,

307 3522 471 3565 ausos
508 3518 774 3584 accusari,
806 3519 921 3588 ipse
954 3525 1052 3578 sibi
1082 3527 1287 3582 videtur
1311 3527 1490 3601 ﬂagris
1518 3534 1649 3588 caedi
1679 3536 1804 3590 dum
1832 3539 1913 3593 in-

303 3614 597 3672 erepantur
625 3609 751 3674 alii,
794 3625 1011 3668 suorum
1056 3617 1412 3676 admissorum
1446 3627 1817 3699 reminiscens,
1857 3641 1911 3686 et

303 3696 444 3750 alius
473 3700 688 3768 quidem
716 3716 937 3760 vocatur
966 3709 1018 3762 in
1044 3709 1133 3779 jus
1154 3753 1168 3778 ,
1202 3711 1286 3768 hic
1314 3730 1444 3770 vero
1473 3715 1790 3788 flagellatur,
1823 3724 1907 3777 cui

302 3788 517 3844 nullum
567 3796 770 3849 crimen
817 3797 1129 3868 intenditur,
1178 3804 1222 3858 si
1270 3805 1428 3862 fuerit
1478 3811 1665 3865 eadem
1721 3828 1902 3890 ausus.

301 3879 768 3946 Quemadmodum
794 3888 848 3942 in
877 3891 1103 3947 aliorum
1135 3903 1280 3952 recte
1306 3897 1457 3954 factis
1475 3900 1600 3955 dum
1624 3885 1908 3961 laudantur

301 3978 364 4024 et
391 3985 735 4042 coronantur,
783 3979 874 4048 qui
905 3985 1092 4038 eadem
1139 4000 1261 4041 cum
1292 3986 1422 4059 ipsis
1450 3997 1596 4048 recte
1622 3994 1758 4050 facta
1781 4013 1906 4068 ges-

299 4073 511 4129 serunt,
555 4067 792 4134 gaudent
832 4072 1236 4145 exsultantque,
1277 4081 1430 4148 quasi
1479 4097 1586 4138 non
1630 4086 1706 4140 illi
1735 4067 1905 4158 magis

298 4168 465 4222 quam
491 4155 589 4225 ipsi
612 4157 976 4217 laudarentur.
1006 4163 1145 4231 Quid
1169 4168 1330 4237 igitur
1348 4185 1468 4228 esse
1495 4177 1661 4242 possit
1687 4155 1904 4236 homine

293 4240 587 4312 peccatore
617 4250 862 4308 miserius
883 4295 899 4319 ,
927 4256 1016 4326 qui
1042 4261 1253 4327 quoties
1280 4275 1600 4321 accusantur
1635 4269 1758 4336 alii,
1788 4271 1903 4342 ipse

294 4336 637 4392 exanimatur
656 4333 936 4413 ?'Contra,
980 4348 1107 4418 quid
1133 4365 1199 4405 eo
1227 4351 1437 4409 beatius
1455 4395 1471 4420 ,
1510 4359 1602 4429 qui
1646 4375 1769 4417 cum
1796 4365 1904 4418 vir-

297 4435 414 4481 tute
445 4429 593 4495 vivit,
624 4434 712 4500 qui
734 4433 858 4489 dum
888 4437 1174 4496 laudantur
1200 4443 1312 4512 alii,
1342 4445 1456 4516 ipse
1469 4449 1663 4519 gaudet
1693 4453 1902 4510 laetitia-

293 4517 405 4587 que
432 4520 645 4587 difﬂuit,
681 4540 744 4580 es
776 4527 1002 4584 aliorum
1028 4531 1273 4591 laudibus
1297 4517 1518 4594 suorum
1550 4553 1696 4598 recte
1724 4545 1897 4602 faeto-

293 4626 418 4665 rum
445 4616 758 4672 memoriam
783 4621 1088 4690 recipiens?
1116 4625 1243 4681 Haec
1265 4639 1389 4684 sunt
1407 4631 1601 4688 divinae
1622 4638 1897 4706 sapientiae

290 4716 482 4771 opera,
540 4705 655 4762 lucc
703 4713 941 4768 maxima
980 4716 1120 4772 illius
1163 4722 1514 4788 providentia:
1559 4740 1683 4784 sunt
1733 4746 1894 4802 argu-

290 4804 476 4850 menta
503 4815 516 4850 :
540 4802 884 4871 conscientia:
909 4806 1200 4877 increpatio
1225 4827 1374 4869 saera
1401 4827 1485 4871 est
1509 4833 1706 4875 ancora
1727 4865 1741 4889 ,
1786 4841 1893 4880 non

287 4887 476 4941 sitiens
497 4904 596 4943 nos
621 4893 833 4948 tandem
852 4896 904 4950 in
929 4909 1267 4964 peccatorum
1289 4905 1524 4980 demergi
1546 4913 1913 4990 profundum.’

287 4973 340 4990 ,τ
357 4970 378 4990 κ
587 4981 597 4990 .
809 4986 819 4990 -
845 4985 857 4990 -

285 4970 477 5046 Neque
512 4981 656 5035 enim
684 4997 779 5051 per
808 4985 858 5040 id
896 4996 1102 5058 tempus
1132 5001 1336 5050 tantum
1363 4970 1708 5070 quovpeccata
1745 5023 1892 5063 com-

285 5066 575 5138 mittimus,
601 5088 784 5129 verum
805 5078 962 5132 etiam
991 5092 1111 5150 post
1135 5086 1329 5142 multos
1347 5104 1608 5149 annorum
1638 5097 1892 5156 circuitus

285 5162 437 5216 novit
473 5179 570 5220 nos
609 5182 751 5239 sazpe
781 5173 974 5228 veteris
1018 5177 1312 5236 admonere
1342 5187 1545 5253 peccati
1576 5206 1589 5242 :
1637 5190 1796 5263 idque
1822 5209 1888 5249 ex

283 5253 419 5322 ipsis
445 5257 721 5334 evidenter
743 5266 1106 5334 comprobabo
1127 5271 1434 5344 Scriptnris.

359 5341 579 5402 Invidiae
607 5352 697 5405 vis.
717 5383 786 5393 -
805 5355 1171 5418 Vendiderunt
1195 5341 1324 5422 olim
1355 5367 1546 5427 fratres
1566 5374 1881 5448 Joscphum,

279 5435 417 5492 nihil
444 5440 661 5509 quidem
699 5443 956 5505 habentes
982 5454 1122 5523 quod
1153 5457 1480 5532 incusarent,
1509 5435 1884 5541 sedquoniam

276 5528 489 5586 viderat
518 5536 726 5592 somnia
765 5539 865 5610 ipsi
909 5543 1130 5614 gloriam
1159 5560 1439 5610 venturam
1485 5563 1878 5626 portendentia.

285 5618 534 5676 Videbunt
557 5665 572 5691 ,
620 5626 790 5696 inquit
812 5673 828 5698 ,
875 5637 1161 5707 manipulos
1190 5654 1376 5700 vestros
1400 5647 1670 5706 adorantes
1713 5658 1880 5711 mani-

272 5716 456 5780 pulum
486 5731 652 5769 meum
678 5716 832 5788 (Gen.
861 5723 952 5778 57.
985 5727 1063 5798 7).
1100 5730 1435 5804 Quamquam
1464 5739 1533 5794 ob
1561 5739 1676 5798 haec
1700 5745 1881 5803 decuit

267 5803 426 5861 illum
471 5819 691 5866 servare
737 5813 950 5892 potius,
981 5822 1125 5891 quod
1173 5803 1336 5888 totius
1381 5827 1828 5896 familia'corona
1851 5880 1871 5911 ,

1576 403 1663 459 DE
1704 400 1978 461 LAZARO
2013 401 2258 464 CONCIO
2297 408 2382 465 IV.

3523 429 3661 486 Ill”

2055 521 2327 592 totiusque
2367 528 2580 596 generis
2610 527 2776 586 decus
2822 531 2938 588 erat
2979 533 3208 591 futurus.
3239 537 3345 594 Sed
3389 540 3659 610 ejusmodi

2052 625 2139 666 res
2182 621 2268 669 est
2307 612 2504 672 invidia
2536 634 2551 671 :
2586 631 2785 691 pugnat
2810 623 3067 680 adversus
3093 626 3386 686 domestica
3416 632 3612 691 decora
3641 676 3656 700 ,

2051 704 2359 776 tiiauultque
2402 707 2616 765 invidus
2669 715 2951 770 innumera
2998 718 3202 789 perpeti
3253 723 3434 792 mala,
3494 741 3658 797 quam

2050 792 2234 850 videre
2277 798 2580 865 proximum
2614 802 2664 857 in
2698 805 2870 872 pretio
2899 806 3136 887 habitum
3163 851 3177 876 ,
3213 812 3424 869 etiamsi
3469 792 3656 887 gloria

2050 896 2175 952 pars
2202 885 2270 940 ad
2295 887 2470 957 ipsum
2512 889 2583 946 sit
2612 885 2990 961 permanatura
3024 916 3038 953 :
3070 915 3176 970 quo
3203 917 3336 960 sane
3362 885 3506 976 quid,
3532 923 3656 966 esse

2047 975 2219 1044 possit
2262 979 2556 1036 miserius?
2579 984 2731 1051 Quod
2757 995 2813 1043 et
2857 989 2959 1044 illis
2987 1004 3086 1046 usu
3117 995 3262 1050 venit
3294 1020 3309 1058 ;
3343 975 3476 1054 cum
3505 1003 3653 1059 enim

2048 1066 2303 1124 vidissent
2358 1071 2507 1128 illum
2559 1078 2770 1160 procul,
2799 1083 3141 1152 venientem,
3190 1088 3427 1161 ipsisque
3471 1095 3650 1151 cibum

2045 1155 2398 1230 alferentem,
2446 1165 2584 1221 inter
2626 1183 2686 1224 se
2723 1154 2974 1229 dicebant
3025 1193 3039 1230 :
3097 1154 3310 1249 Venite,
3338 1154 3651 1243 occidentes

2043 1257 2180 1315 eum,
2213 1267 2274 1304 ac
2301 1253 2560 1310 videamus
2588 1259 2712 1328 quid
2731 1263 2916 1333 futura
2944 1266 3045 1346 sint
3073 1268 3214 1324 illius
3239 1274 3436 1327 somnia
3492 1275 3646 1346 (Gen.

2043 1337 2133 1392 37.
2164 1339 2236 1396 20
2257 1341 2298 1411 ).
2335 1343 2401 1399 Ut
2431 1345 2648 1416 fratrem
2679 1366 2786 1433 non
2829 1344 3127 1414 reverearis
3150 1401 3166 1428 ,
3198 1377 3372 1433 neque
3402 1337 3648 1425 naturam

2042 1443 2302 1502 agnoscas
2325 1475 2341 1502 ,
2369 1445 2516 1493 certe
2541 1430 2784 1498 mensam
2811 1445 2980 1514 ipsam
3006 1451 3359 1508 conveniebat
3382 1458 3646 1526 revereri,

2041 1519 2326 1595 ipsumque
2352 1526 2637 1585 ministerii
2666 1532 2924 1604 officium,
2956 1539 3392 1612 quandoquidem
3420 1519 3648 1604 aliturun

1971 1618 1984 1624 ‘
2041 1621 2096 1670 te
2141 1617 2405 1674 veniebat.
2435 1621 2542 1677 Sed
2585 1624 2707 1681 vide
2750 1630 3022 1698 quomodo
3051 1641 3106 1688 et
3148 1633 3518 1706 imprudentes
3547 1655 3647 1695 va-

2041 1705 2350 1764 ticinantur.
2376 1710 2585 1789 Venite,
2616 1716 2885 1787 inquiunt,
2916 1717 3205 1780 orcidamtts
3231 1705 3368 1797 eum,
3397 1739 3444 1784 et
3471 1731 3644 1787 videa-

2039 1814 2150 1853 mus
2178 1802 2300 1871 quid
2341 1807 2520 1873 futura
2542 1807 2659 1891 sint‘
2689 1809 2828 1887 illius
2854 1800 3072 1903 souinia.
3102 1817 3314 1874 Etenim
3344 1823 3448 1877 nisi
3493 1835 3644 1880 stru-

2037 1889 2245 1946 xissent
2289 1893 2529 1965 insidias,
2561 1889 2665 1954 nisi
2711 1901 2865 1958 dolos
2912 1889 3227 1976 texuissent,
3258 1921 3310 1967 et
3355 1913 3642 1986 impudens

2037 1980 2167 2036 illud
2211 1986 2496 2041 concilium
2547 1992 3003 2065 concinnassent,
3054 2014 3389 2072 nequaquam
3436 1999 3658 2078 cogito?

2037 2070 2240 2126 vissent
2267 2073 2374 2129 vim
2424 2077 2636 2133 illorum
2681 2074 3033 2140 Somniorum.
3065 2087 3184 2144 Non
3229 2093 3373 2148 enim
3418 2098 3641 2165 perinde

2033 2175 2284 2232 mgnum
2313 2176 2429 2221 erat
2452 2210 2466 2232 ,
2511 2169 2710 2242 Joseph
2737 2215 2751 2240 ,
2782 2175 2828 2228 si
2857 2175 2990 2231 nihil
3017 2181 3194 2235 acerbi
3223 2197 3412 2252 passus
3453 2198 3635 2258 esset,

2033 2256 2395 2313 conscendere
2425 2257 2917 2338 thronum‘IEgypti
2937 2311 2950 2334 ,
2983 2285 3046 2324 ae
3076 2281 3154 2328 tot
3195 2274 3485 2334 obstaculis
3523 2256 3637 2336 dis;

2031 2347 2234 2416 cussis,
2264 2348 2406 2406 hunc
2431 2354 2680 2411 eumdem
2708 2347 2918 2432 assequi
2945 2363 3309 2432 splendorem.
3353 2357 3464 2425 Nisi
3491 2375 3636 2432 enim

2031 2435 2105 2490 illi
2151 2442 2474 2497 struxissent
2519 2446 2781 2518 insidias,
2833 2468 2938 2506 non
2989 2457 3357 2515 vendidissent
3405 2480 3529 2521 eum
3581 2469 3634 2524 in

2029 2515 2321 2602 Egyptum
2354 2552 2368 2588 :
2403 2537 2502 2590 nisi
2530 2539 2580 2591 in
2611 2515 2903 2612 lEgyptum
2936 2549 3343 2621 vendidissent,
3371 2515 3636 2614 non-vada-

2030 2630 2207 2676 matus
2251 2623 2440 2680 fuisset
2483 2629 2552 2682 ab
2592 2629 2721 2685 hera
2753 2648 2767 2684 :
2803 2635 2847 2687 si
2877 2651 2984 2690 non
3030 2637 3218 2696 fuisset
3261 2644 3540 2703 adamatus
3567 2646 3634 2708 ab

2029 2711 2156 2766 hera
2182 2756 2196 2778 ,
2226 2730 2333 2769 non
2367 2718 2551 2774 fuisset
2578 2723 2855 2793 conjectus
2899 2729 2950 2782 in
2982 2744 3253 2789 carcerem
3279 2777 3295 2801 ,
3327 2754 3432 2793 non
3465 2742 3633 2797 inter-

2028 2813 2270 2871 pretatus
2314 2806 2504 2864 fuisset
2549 2815 2754 2867 somnia
2784 2858 2798 2881 ,
2843 2834 2953 2873 non
3001 2836 3226 2892 regnum
3271 2828 3402 2882 illud
3444 2830 3635 2889 fuisset

2025 2906 2347 2964 assequutus
2380 2915 2403 2951 :.
2426 2900 2470 2952 si
2500 2916 2605 2956 non
2639 2903 2827 2960 fuisset
2854 2924 3075 2978 regnum
3108 2928 3490 2988 consequutus,
3518 2939 3630 2979 non

2025 2986 2300 3042 venissent
2330 2989 2402 3043 illi
2433 2999 2846 3063 commercaturi
2875 3001 3203 3060 frumentum
3228 3050 3242 3075 ,
3277 3026 3375 3065 nec
3404 3014 3630 3071 adoras-

2023 3086 2161 3132 sent.
2190 3077 2371 3150 Itaque
2389 3085 2641 3152 quoniam
2662 3090 2976 3148 occiderunt
3001 3095 3174 3164 illum,
3194 3101 3262 3155 ob
3281 3102 3381 3158 hoc
3397 3107 3630 3163 maxime

2022 3168 2407 3228 intellexerunt
2434 3169 2578 3232 illius
2608 3182 2836 3237 somnia.
2869 3185 3004 3253 Quid
3035 3190 3227 3260 igitur?
3254 3193 3433 3265 lpsinc
3457 3201 3629 3256 bono-

2020 3277 2138 3317 rum
2185 3267 2424 3332 omnium
2468 3284 2587 3340 quae
2619 3283 2739 3343 post
2784 3291 3116 3350 evenerunt,
3151 3285 3399 3358 illiusque
3440 3288 3640 3361 gloria;

2020 3352 2234 3411 fuerunt
2253 3360 2325 3414 illi
2344 3363 2753 3422 conciliatores?
2771 3369 3141 3442 Nequaquam.
3171 3352 3365 3434 Verum
3392 3352 3491 3453 ipsi
3508 3389 3628 3457 qui-

2018 3445 2140 3500 dem
2173 3449 2536 3507 moliebantur
2569 3455 2716 3511 illum
2747 3463 2928 3528 morti,
2948 3463 3332 3536 desperationi,
3353 3462 3622 3547 servituti,

2017 3536 2249 3593 breviter
2274 3545 2531 3598 extremis
2553 3547 2708 3602 malis
2735 3550 2946 3608 tradere
2980 3572 2991 3606 :
3026 3557 3120 3610 sed
3150 3559 3288 3614 Deus
3317 3565 3509 3620 melior
3535 3585 3625 3623 ar-

2018 3630 2146 3685 tifex
2170 3674 2184 3699 ,
2215 3633 2582 3691 insidiantium
2615 3642 2818 3698 malitia
2846 3646 2899 3700 in
2928 3649 3128 3704 venditi
3174 3653 3486 3727 insidiisque
3514 3642 3618 3714 iin-

2015 3725 2161 3790 petiti
2183 3725 2408 3794 gloriam
2433 3744 2559 3784 usus
2580 3741 2698 3815 est.\

2086 3813 2138 3867 6.
2178 3814 2256 3870 Ne
2281 3831 2409 3871 vero
2435 3830 2652 3889 putares
2691 3813 2879 3901 rerum.
2905 3841 3161 3899 eventus,
3195 3836 3277 3890 vel
3313 3852 3471 3895 casus
3496 3856 3620 3899 esse

2013 3903 2280 3974 fortuitos,
2312 3909 2395 3964 vel
2426 3913 2493 3965 ab
2517 3911 2874 3971 humanarum
2909 3935 3089 3976 rerum
3119 3925 3294 3989 subita
3323 3915 3620 4004 mutatione

2011 3998 2248 4067 pendere
2276 4019 2289 4057 :
2321 4018 2416 4072 per
2440 4019 2535 4059 eos
2562 4007 2654 4076 qui
2683 4008 3036 4069 adversantur
3065 4056 3083 4083 ,
3113 4033 3209 4087 per
3233 4036 3328 4077 eos
3352 4027 3441 4095 qui
3469 4000 3619 4084 obsi-I

2012 4099 2179 4156 stunt,
2194 4104 2445 4161 procurat
2461 4097 2622 4178 Deus,
2639 4109 2696 4153 ut
2712 4117 2799 4156 res
2820 4119 2939 4173 qua:
2957 4116 3223 4176 vetantur,
3242 4116 3614 4191 conficiantur,

2009 4179 2238 4238 inimicis
2265 4185 2374 4239 suis
2408 4187 2475 4240 ad
2506 4202 2657 4243 suam
2687 4192 2912 4265 gloriam
2946 4205 3099 4253 utens
3128 4203 3409 4274 ministris,
3449 4220 3506 4265 ut
3530 4213 3617 4266 in-

2009 4274 2215 4345 telligas
2255 4278 2397 4347 quod
2437 4279 2579 4336 Deus
2613 4279 2879 4354 decrevit,
2907 4303 2934 4342 a
2968 4293 3183 4349 nemine
3212 4296 3480 4369 dissipari,
3513 4305 3614 4362 nec

1954 4400 1956 4402 τ
2005 4383 2221 4423 manum
2251 4370 2393 4425 illam
2420 4374 2686 4431 excelsam
2717 4393 2745 4430 a
2772 4395 3039 4451 quoquam
3066 4401 3315 4444 aversum
3339 4392 3403 4448 iri
3432 4412 3444 4447 :
3469 4400 3613 4467 quod

2002 4459 2048 4512 si
2079 4461 2294 4529 quando
2321 4464 2389 4518 ab
2428 4465 2607 4537 aliquo
2648 4471 2847 4538 petaris
2885 4474 3114 4545 insidiis,
3151 4495 3220 4536 ne
3246 4459 3614 4546 consterneris

2002 4553 2204 4621 animo,
2228 4571 2361 4612 neve
2387 4559 2610 4616 moleste
2633 4562 2791 4632 feras,
2815 4549 2910 4621 sed
2935 4569 3077 4625 scire
3105 4576 3286 4640 possis
3307 4568 3612 4641 insidiasin

2003 4645 2199 4702 bonum
2241 4647 2403 4705 ﬁnem
2443 4653 2700 4724 exituras,
2736 4665 2940 4715 tantum
2987 4662 3033 4717 si
3075 4663 3284 4722 fortiter
3319 4670 3460 4728 feres
3487 4690 3610 4746 quas

2000 4738 2270 4794 accidunt.

2075 4829 2294 4885 Eventus
2321 4833 2372 4887 in
2399 4853 2552 4890 manu
2577 4836 2695 4892 Dei.
2725 4868 2794 4880 --
2815 4841 2958 4900 Ecce
2981 4845 3067 4902 hic
3103 4865 3315 4922 quoque
3358 4855 3496 4912 livor
3520 4877 3607 4917 re-

1997 4939 2159 4993 gnum
2175 4928 2398 4996 peperit,
2428 4924 2627 4986 invidia
2648 4936 2949 4992 conciliavit
2975 4939 3244 5012 diadema,
3267 4945 3334 5002 ad
3350 4948 3604 5010 thronum

1999 5016 2285 5083 perduxit,
2333 5029 2493 5091 atque
2517 5021 2592 5078 illi
2621 5024 2721 5095 ipsi
2750 5029 2840 5098 qui
2885 5033 3160 5089 struebant
3191 5035 3413 5097 insidias
3452 5048 3604 5100 auxi-

1998 5107 2190 5162 liantes
2217 5125 2597 5179 promoverunt
2639 5117 2705 5172 ad
2747 5120 2891 5175 illius
2917 5123 3125 5195 imperii
3153 5133 3599 5200 magnitudinem.

1995 5196 2062 5251 Et
2085 5200 2127 5253 is
2148 5202 2362 5270 quidem
2387 5205 2469 5259 cui
2493 5215 2708 5265 structa:
2743 5211 2951 5269 fuerant
2980 5217 3186 5275 insidia:
3218 5196 3440 5294 regnum
3473 5227 3604 5284 ade-

1997 5300 2117 5359 ptus
2146 5305 2227 5348 est
2255 5313 2267 5348 :
2302 5296 2337 5350 ii
2382 5315 2513 5355 vero
2540 5303 2629 5372 qui
2657 5315 2982 5378 struxerant,
3028 5314 3328 5373 servierunt
3359 5338 3375 5375 ε
3407 5320 3603 5378 adora-

1993 5382 2150 5438 batur
2179 5386 2287 5454 ille,
2338 5389 2393 5465 lii
2435 5391 2764 5451 adorarunt.
2793 5399 2971 5476 itaque
3003 5417 3127 5460 cum
3169 5408 3261 5463 tibi
3306 5412 3599 5471 acciderint

1990 5479 2183 5534 acerba
2210 5483 2573 5556 continuaque
2616 5491 2777 5558 mala,
2811 5509 2878 5548 ne
2911 5496 3140 5554 turbet-is
3167 5517 3340 5573 neque
3368 5505 3597 5564 moleste

1989 5567 2148 5634 feras,
2179 5572 2272 5627 sed
2320 5586 2541 5646 expecta
2585 5580 2769 5637 finem.
2805 5584 3034 5644 Omnino
3075 5567 3346 5666 continget
3394 5597 3596 5670 aliquid

1989 5661 2239 5717 munifico
2290 5665 2403 5722 Deo
2432 5668 2672 5740 dignum,
2707 5672 2922 5734 tantum
2953 5681 2997 5735 si
3029 5698 3150 5737 eum
3178 5688 3470 5757 gratiarum
3500 5706 3595 5748 π·-

1990 5751 2133 5806 tione
2161 5752 2299 5810 feras
2346 5773 2465 5830 quae
2494 5763 2746 5823 accidunt
2776 5786 2788 5822 :
2816 5751 3247 5859 quandoquidem
3297 5795 3396 5836 nec
3447 5782 3549 5838 istc
3572 5823 3589 5850 ,

1987 5857 2111 5901 cum
2137 5844 2227 5902 illa
2255 5851 2598 5928 somniasset,
2622 5875 2742 5916 cum
2775 5863 2827 5920 in
2857 5875 3158 5926 extremum
3181 5852 3473 5932 discrimen
3503 5892 3590 5931 vc-
