4122 6334
649 419 795 474 1.015

651 531 838 592 uisset,
870 541 990 581 cum
1020 523 1263 580 venditus
1290 539 1319 578 a
1340 523 1615 588 fratribus,
1636 539 1757 578 cum
1783 523 1851 577 ab
1877 523 2005 577 licra
2032 521 2235 579 insidiis

648 622 933 690 appetitus,
964 618 1193 688 denique
1212 632 1332 672 cum
1379 618 1431 670 in
1475 632 1745 671 carcerem
1775 623 1917 670 esset
1942 614 2237 683 conjectus,

651 710 861 765 dicebat
878 708 1016 779 apud
1042 722 1164 764 sese
1190 726 1204 760 :
1234 708 1357 777 quid
1390 707 1602 762 tandem
1631 708 1732 761 hoc
1756 716 1838 761 est
1865 703 1987 759 rei?
2014 702 2240 758 Fefelle-

649 810 774 857 runt
803 817 888 856 me
929 802 1017 856 illa
1042 802 1243 855 somnia
1280 819 1293 853 :
1324 799 1509 854 exsulo
1547 798 1794 868 aqpatria,
1823 796 2077 868 spoliatus
2120 810 2236 850 sum
2283 842 2293 851 .

651 893 915 956 libertate,
943 900 1162 962 propter
1187 892 1349 945 Deum
1382 906 1485 944 non
1508 891 1645 945 cessi
1668 890 1808 944 herae
1833 889 1898 943 ad
1919 888 2238 968 adulterium

648 984 891 1041 invitanti
919 1000 933 1039 :
966 994 1182 1053 propter
1204 983 1510 1052 pudicitiam
1554 997 1618 1038 ac
1642 984 1892 1038 virtutem
1932 981 2001 1036 do
2029 995 2235 1050 pmnas,

647 1090 711 1131 ac
736 1090 802 1130 ne
826 1076 900 1129 sic
927 1074 1140 1143 quidem
1171 1074 1310 1129 ultus
1330 1083 1413 1127 est
1433 1074 1602 1129 vicem
1629 1088 1801 1128 meam
1828 1072 1985 1136 Deus,
2010 1081 2100 1124 aut
2118 1085 2234 1124 ma-

647 1167 1059 1233 numporrexit,
1105 1163 1199 1219 se‘d
1228 1178 1415 1234 passus
1440 1172 1522 1218 est
1551 1178 1636 1218 me
1666 1162 1799 1218 tradi
1828 1161 2050 1236 vinculis
2076 1176 2235 1231 super

646 1257 748 1310 alia
776 1256 895 1310 aliis
927 1272 943 1311 :
975 1256 1306 1310 calamitates
1340 1255 1641 1309 inciderunt
1693 1262 1981 1323 perpetuas,
2020 1260 2141 1323 post
2160 1252 2236 1306 ci-

647 1358 878 1402 sternam
896 1347 1145 1414 servitus,
1166 1356 1286 1416 post
1299 1347 1609 1401 servitutem
1629 1345 1855 1410 insidiae,
1876 1353 1996 1415 post
2017 1343 2235 1398 insidias

645 1437 931 1502 calumnia,
955 1446 1072 1506 post
1096 1436 1412 1490 calumniam
1430 1451 1634 1491 carcer.
1666 1435 1864 1491 Verum
1890 1435 2077 1497 horum
2101 1432 2234 1490 nihil

646 1526 795 1580 illum
823 1525 1184 1596 perturbabat,
1212 1525 1305 1581 sed
1330 1527 1712 1596 perseverabat
1740 1527 1793 1580 in
1821 1540 1915 1596 spe
1943 1540 2065 1580 cum
2094 1525 2230 1581 bona

645 1616 857 1682 fiducia,
885 1618 1059 1672 sciens
1096 1617 1236 1688 quod
1263 1633 1384 1689 quae
1412 1619 1549 1673 dicta
1574 1627 1698 1674 sunt
1724 1633 1755 1673 a
1783 1618 1911 1685 Deo,
1944 1634 2232 1691 numquam

650 1706 915 1761 excident.

718 1796 853 1850 Deus
893 1813 1048 1867 quare
1085 1813 1184 1851 non
1241 1798 1411 1851 statim
1458 1799 1607 1867 eripit
1654 1808 1875 1854 sanctos.
1915 1830 1986 1841 --
2023 1800 2237 1856 Poterat

647 1888 858 1955 quidem
909 1889 1048 1942 Deus
1077 1889 1263 1943 eodem
1294 1890 1453 1944 etiam
1482 1891 1569 1943 die
1608 1890 1705 1944 ista
1754 1890 2030 1960 perficere,
2061 1891 2153 1947 sed
2183 1900 2241 1947 ut

648 1979 801 2032 simul
824 1988 878 2033 et
899 1995 1047 2033 suam
1071 1978 1305 2035 declaret
1324 1981 1633 2049 potentiam,
1657 1989 1711 2035 et
1738 1981 1895 2036 fidem
1920 1981 2238 2037 famulorum

650 2087 886 2134 suorum,
918 2072 1173 2139 permittit
1193 2073 1414 2149 multum
1440 2074 1694 2142 temporis
1720 2072 2069 2140 intercedere,
2102 2075 2240 2129 mul-

642 2171 805 2230 taque
833 2161 1065 2215 incidere
1095 2161 1494 2231 impedimenta,
1526 2165 1601 2216 uti
1629 2163 1787 2217 simul
1812 2173 1865 2218 et
1887 2165 2050 2233 ipsius
2077 2164 2241 2219 robur

649 2264 960 2317 cognoscas,
1017 2260 1126 2303 tum
1172 2251 1437 2320 explentis
1493 2253 1772 2322 promissa,
1818 2265 2157 2325 posteaquam
2185 2256 2239 2311 in

644 2338 1073 2410 desperationem
1094 2340 1319 2395 adducta
1342 2357 1428 2396 res
1449 2352 1549 2409 est,
1573 2352 1626 2397 et
1645 2358 1927 2398 servorum
1950 2347 2243 2415 perspicias

659 2432 993 2486 tolerantiam
1017 2447 1081 2487 ac
1110 2431 1286 2496 fidem,
1317 2448 1452 2503 quos
1480 2433 1611 2488 nihil
1642 2435 1853 2502 horum,
1884 2452 2001 2506 quze
2032 2438 2243 2493 interim

653 2524 919 2589 accidunt,
958 2539 987 2577 a
1039 2524 1173 2578 bona
1221 2538 1316 2594 spe
1344 2524 1579 2599 depellit.
1630 2525 1903 2599 Sediquod
1932 2528 2109 2583 dicere
2137 2544 2245 2585 cte-

661 2633 865 2685 peram,
909 2619 1105 2673 reversi
1149 2629 1273 2673 sunt
1319 2620 1425 2685 isti,
1480 2619 1619 2674 fame
1652 2621 1767 2675 illos
1808 2622 1965 2675 veluti
1996 2623 2245 2677 carnifice

652 2710 953 2778 praccipites
983 2712 1212 2781 agitante
1241 2752 1254 2776 ,
1309 2723 1363 2766 et
1418 2712 1638 2783 principi
1670 2713 1866 2783 Joscph
1912 2715 2201 2771 exhibente
2229 2733 2248 2771 ε·

654 2803 899 2857 volebant
928 2820 1109 2859 eruere
1158 2803 1483 2860 frumentum
1514 2824 1525 2857 :
1559 2806 1643 2861 hic
1690 2818 1865 2862 autem
1909 2812 1981 2864 ait
2033 2810 2098 2865 ad
2128 2826 2243 2880 eos,

578 2926 581 2927 ν
655 2892 1017 2962 Exploratores
1066 2896 1179 2949 estis
1234 2894 1399 2965 (Gen.
1432 2897 1520 2951 4‘2.
1552 2897 1640 2969 9).
1675 2898 1751 2952 Illi
1778 2899 1918 2967 apud
1954 2916 2070 2956 sese
2098 2902 2245 2958 dicc-

655 2986 802 3044 bant,
823 2987 1071 3054 quidnam
1106 2990 1203 3041 hoc
1230 2995 1310 3041 est
1332 2988 1887 3058 ?Alimeuta‘emptum
1905 2992 2165 3060 venimus,
2189 3001 2244 3049 et

656 3076 722 3131 de
750 3077 852 3130 vita
888 3077 1248 3147 periclitamur
1274 3080 1296 3132 ?
1328 3079 1515 3133 Merito
1546 3098 1558 3132 :
1593 3080 2023 3151 quandoquidem
2064 3095 2121 3138 et
2146 3085 2241 3141 ille

660 3169 807 3224 \obis
833 3170 1135 3225 alimoniam
1158 3171 1431 3236 afferebat,
1456 3172 1627 3242 deque
1647 3174 1752 3227 vita
1782 3175 2108 3244 periclitatus
2138 3187 2240 3233 est.

656 3260 919 3315 Caeterum
951 3262 1039 3316 ille
1068 3262 1281 3331 quidem
1306 3279 1429 3318 vcrc
1449 3279 1633 3332 passus
1662 3274 1780 3331 est;
1820 3282 1913 3322 vos
1941 3276 2116 3324 autem
2142 3270 2243 3326 hoc

657 3368 749 3421 per
779 3353 1171 3407 simulationem
1213 3355 1471 3424 patimini.
1498 3339 1617 3409 Noii
1646 3358 1786 3411 enim
1832 3359 2075 3414 inimicus
2106 3369 2240 3427 erat,

657 3444 748 3497 sed
780 3444 984 3497 inimici
1038 3438 1316 3513 personam
1367 3455 1769 3515 assumpserat,
1810 3452 2013 3520 utquid
2057 3453 2108 3506 in
2153 3468 2243 3522 pa-

659 3547 805 3588 terna
840 3533 1033 3588 familia
1075 3546 1321 3605 ageretur
1357 3537 1419 3590 ad
1463 3538 1672 3607 plenum
1708 3552 2070 3611 cognosceret.
2103 3544 2245 3610 Quo—

660 3629 799 3679 niam
838 3628 978 3680 enim
1010 3629 1151 3680 circa
1199 3627 1368 3696 ipsum
1414 3628 1637 3697 improbi
1683 3631 1977 3701 ingratique
2017 3634 2244 3701 fuerant,

661 3717 929 3786 Bcnjamin
973 3729 1148 3772 autem
1181 3733 1299 3771 cum
1331 3720 1462 3787 ipsis
1492 3735 1597 3773 non
1640 3713 1886 3787 viderat,
1937 3726 2134 3779 veritus
2180 3728 2248 3783 de

656 3824 822 3877 puero
853 3825 919 3864 nc
945 3810 1153 3878 quando
1172 3820 1223 3864 et
1250 3811 1334 3865 ille
1365 3811 1551 3866 eadem
1574 3828 1690 3882 quae
1714 3813 1875 3868 frater
1897 3830 2083 3884 passus
2112 3818 2245 3873 fuis-

660 3912 757 3960 set.
786 3900 934 3969 jubet
968 3918 1127 3955 umun
1158 3919 1220 3956 ex
1250 3904 1350 3956 illis
1381 3892 1610 3957 vinclum
1644 3905 1747 3957 illic
1782 3906 2031 3975 detineri,
2058 3908 2247 3965 deinde

664 3992 783 4045 illos
820 4003 1031 4060 sumpto
1062 3994 1203 4045 omni
1234 3993 1497 4047 frumento
1519 3994 1812 4061 discedere,
1842 4007 2087 4052 mortem
2138 4001 2242 4053 illis

664 4082 1037 4146 comminatus,
1070 4084 1167 4135 nisi
1196 4082 1413 4136 fratrem
1442 4100 1594 4138 suum
1624 4085 1968 4141 adducerent.
1997 4068 2119 4143 llaec
2151 4091 2245 4159 igi-

660 4182 750 4227 tur
778 4172 862 4226 ubi
888 4172 1019 4225 facta
1048 4182 1189 4239 sunt,
1214 4174 1347 4227 dixit
1378 4175 1479 4227 illis
1507 4193 1520 4229 :
1556 4176 1859 4246 Relinquite
1883 4180 2108 4250 aliquem
2142 4183 2248 4250 hic,

651 4274 721 4319 iet
756 4263 969 4319 fratrem
996 4276 1229 4319 vestrum
1260 4266 1543 4322 adducite:
1569 4269 1647 4322 siu
1690 4271 1885 4337 minus,
1926 4276 2245 4330 moriemini.

664 4356 803 4423 Quid
828 4366 936 4410 tum
963 4357 1102 4412 inter
1128 4373 1185 4412 se
1204 4359 1552 4427 loquebantur
1577 4362 1649 4414 illi
1676 4361 1963 4419 ?Profecto
1990 4366 2101 4421 haec
2126 4368 2245 4435 jure

663 4449 816 4505 nobis
860 4448 1145 4505 accidunt:
1187 4466 1309 4505 nam
1363 4452 1413 4506 in
1455 4452 1685 4521 peccatis
1724 4470 1906 4511 sumus
1934 4498 1953 4523 λ
1988 4458 2053 4512 de
2083 4460 2245 4516 fratre

661 4552 845 4595 nostro
869 4556 987 4595 cum
1014 4552 1225 4610 rogaret
1248 4556 1364 4596 nos.
1391 4543 1547 4597 Vides
1574 4554 1961 4613 postquantum
1992 4552 2244 4617 temporis

667 4634 864 4699 peccati
907 4634 1047 4686 illius
1088 4633 1547 4687 recordabantur?
1580 4634 1643 4688 Et
1679 4636 1745 4689 ad
1796 4646 1997 4705 patrem
2032 4639 2243 4708 quidem

662 4722 939 4777 dixerant:
972 4722 1104 4775 Fera
1127 4724 1342 4791 pessima
1363 4725 1613 4777 devoravit
1632 4724 1665 4777 .1
1670 4727 1821 4795 oseph
1846 4723 1998 4797 (Gen.
2016 4726 2105 4783 3'7.
2122 4727 2240 4799 55).

666 4814 930 4869 Caeterum
954 4815 1067 4883 ipso
1095 4815 1291 4884 Joseph
1319 4829 1579 4885 praesente
1600 4819 1948 4890 audienteque
1972 4832 2245 4891 peccatum

665 4922 820 4959 suum
866 4906 1179 4972 prodebant.
1230 4906 1364 4973 Quid
1418 4911 1513 4961 hac
1566 4925 1624 4963 re
1672 4910 1962 4966 mirabilius
2006 4914 2245 4971 accidere

669 4998 882 5066 possit?
916 4997 1179 5052 iudicium
1226 4999 1423 5067 absque
1454 5000 1910 5070 redargutionibus
1956 5006 2242 5075 peragitur,

667 5098 717 5140 rt
744 5089 1011 5141 excusatio
1040 5091 1153 5141 sine
1188 5090 1544 5155 accusatione,
1588 5092 1829 5159 probatio
1857 5094 1971 5148 sine
1999 5098 2241 5163 testibus,

668 5180 792 5230 dum
821 5176 939 5244 ipsi,
968 5177 1055 5245 qui
1089 5176 1295 5231 facinus
1326 5188 1656 5247 peregeraut,
1677 5182 1879 5249 seipsos
1905 5184 2243 5253 redarguunt,

666 5265 915 5335 quodque
948 5267 1081 5319 clan.
1121 5265 1313 5320 factum
1352 5266 1542 5333 fuerat,
1590 5268 1836 5327 efferunt.
1878 5274 2005 5341 Quis
2032 5291 2248 5345 persua-

1382 413 1451 467 S.
1492 410 1768 469 JOANNIS
1805 364 2282 466 CllRYSOSTDMl
2318 402 2638 462 ARCHIEP.
2679 405 3214 466 CONSTANTINOP.

3835 404 3957 468 1018

2372 521 2474 575 sit?
2494 522 2624 590 Quis
2655 523 2831 594 adegit
2855 524 2905 577 in
2935 524 3200 592 publicum
3227 524 3436 594 efferre,
3465 540 3585 597 quat
3610 538 3741 584 ante
3766 538 3956 585 tantum

2371 613 2625 681 temporis
2641 623 2844 683 patrata
2862 616 3020 669 sunt?
3045 618 3233 669 Annon
3261 618 3597 687 pchpicuum
3620 626 3706 672 est
3728 618 3831 674 huc
3847 620 3957 676 ade-

2371 703 2513 772 gisse
2536 704 2935 773 conscientiam,
2967 706 3221 775 judicem,
3249 708 3331 760 cui
3358 708 3517 762 verba
3554 708 3671 762 dari
3704 722 3814 763 non
3842 720 3954 779 pos-

2374 804 2538 859 sunt;
2567 809 2687 863 qua:
2719 795 2934 851 assidue
2969 797 3302 851 concutiebat
3328 798 3536 853 illorum
3567 802 3953 867 mentem,sni-

2371 900 2624 955 mumque
2650 886 2894 942 turbabat
2919 888 2943 942 ?
2971 887 3039 941 Et
3063 887 3154 942 ille
3174 888 3382 943 occisus
3410 898 3536 944 tunc
3563 890 3791 946 sedebat
3812 893 3957 949 tacite

2368 975 2614 1045 judicans
2649 978 2808 1032 illos:
2833 993 3062 1047 cumque
3101 979 3241 1034 nulla
3278 982 3548 1036 sententia
3578 982 3629 1035 in
3653 981 3808 1053 ipsos
3826 994 3956 1038 esset

2377 1069 2734 1137 pronuntiata,
2759 1069 2860 1138 ipsi
2903 1070 3363 1127 condemnationis
3405 1072 3666 1127 calculum
3709 1073 3955 1130 adversus

2376 1157 2780 1213 seseferebant.
2812 1159 2876 1214 Et
2901 1160 2985 1215 isti
3006 1160 3216 1230 quidem
3243 1162 3354 1215 haec
3378 1160 3656 1216 dicebant:
3686 1163 3825 1217 alius
3838 1178 3957 1218 vero

2346 1294 2349 1297 ι
2377 1263 2496 1304 sese
2517 1250 2825 1316 excusabat,
2848 1249 3034 1305 dicens
3061 1270 3075 1305 :
3108 1249 3294 1305 Nonne
3314 1252 3421 1305 dixi
3440 1254 3508 1305 ad
3523 1268 3607 1306 nos
3632 1253 3705 1305 ita
3727 1255 3956 1323 loquens:

2380 1339 2463 1395 Ne
2493 1340 2687 1395 lwdatis
2719 1358 2951 1411 puerum,
2980 1358 3099 1395 neve
3138 1343 3411 1413 quidquam
3459 1345 3579 1397 mali
3597 1344 3686 1398 illi
3712 1346 3913 1415 faciatis
3936 1388 3951 1411 ,

2375 1430 2612 1499 quoniam
2648 1430 2808 1501 frater
2830 1439 2999 1486 noster
3022 1442 3135 1486 est:
3164 1444 3209 1485 et
3237 1448 3347 1486 ecce
3384 1449 3516 1486 nunc
3559 1434 3767 1504 sanguis
3804 1435 3957 1503 ipsius

2375 1522 2656 1591 exquiritur
2679 1522 2742 1575 de
2768 1522 2995 1577 manibus
3021 1506 3247 1577 nostris?
3271 1521 3418 1593 (Gen.
3442 1523 3531 1577 ta.
3561 1524 3678 1594 22).
3715 1527 3955 1581 Attamen

2377 1611 2424 1667 is
2449 1612 2535 1682 qui
2569 1612 2683 1667 htec
2702 1612 2930 1680 dicebat,
2959 1614 3084 1667 nihil
3108 1613 3173 1668 de
3193 1615 3338 1669 caede
3360 1623 3450 1668 aut
3474 1614 3846 1671 interiectione
3873 1616 3956 1671 illa

2376 1703 2581 1759 dixerat
2606 1723 2619 1759 :
2647 1721 2828 1759 verum
2854 1720 2918 1758 nc
2959 1706 2970 1757 i
2980 1720 3071 1774 pse
3094 1705 3307 1774 quidem
3339 1705 3530 1760 sedens
3552 1706 3840 1775 quidquam
3864 1707 3957 1761 tale

2375 1797 2668 1879 quzrrebat,
2723 1797 2815 1851 scd
2859 1798 3020 1851 alium
3068 1797 3283 1851 fratrem
3326 1798 3677 1866 requirebat:
3724 1797 3956 1865 ipsorum

2377 1900 2550 1944 tamen
2572 1891 2891 1945 conscientia
2921 1907 3017 1961 per
3037 1890 3266 1947 oblatam
3289 1893 3623 1947 occasionem
3648 1891 3957 1955 insurrcxit,

2375 1983 2761 2053 momorditque
2804 1984 3016 2037 illorum
3065 1986 3304 2050 animos,
3352 1985 3615 2049 efficiens,
3646 1994 3705 2039 ut
3752 1986 3958 2039 nemine

2376 2074 2747 2143 compellente,
2794 2088 2887 2128 sua
2926 2074 3305 2130 confiterentur
3358 2071 3630 2131 facinora.
3672 2074 3875 2129 Eadem
3911 2086 3958 2129 et

2375 2166 2527 2220 nobis
2547 2168 2790 2222 accidunt
2812 2168 2862 2221 in
2894 2168 3125 2235 peccatis
3147 2167 3449 2236 praeteritis.
3478 2167 3611 2221 Cum
3643 2168 3785 2222 enim
3810 2166 3973 2222 malis'

2373 2269 2470 2311 nos
2482 2258 2943 2312 circumstantibus
2961 2257 3351 2325 examinantur,
3367 2257 3601 2327 priorum
3624 2269 3952 2328 peccatorum

2374 2350 2780 2427 reminiscimur.

2445 2442 2495 2493 7.
2540 2441 2666 2496 llaec
2706 2442 2862 2513 igitur
2890 2442 3069 2497 omnia
3098 2457 3217 2497 cum
3256 2442 3509 2509 sciamus,
3542 2441 3632 2497 ubi
3661 2441 3785 2516 quid
3815 2442 3954 2516 pravi

2367 2534 2715 2601 gesserimus,
2741 2549 2808 2588 ne
2836 2543 3203 2603 eXSpectemus
3228 2533 3559 2591 calamitates
3590 2538 3954 2605 malorumque

2368 2623 2659 2690 incursum,
2693 2638 2865 2693 neque
2885 2625 3141 2693 pericula,
3165 2641 3339 2695 neque
3366 2627 3597 2692 vincula,
3621 2628 3716 2681 sed
3739 2628 3952 2698 singulis

2366 2713 2595 2769 et‘horis
2628 2723 2681 2770 et
2701 2714 2890 2770 diebus
2925 2730 3243 2770 renovemus
3285 2716 3421 2785 apud
3459 2731 3560 2770 nos
3582 2718 3725 2785 ipsos
3748 2718 3845 2771 hoc
3868 2718 3951 2786 ju-

2369 2803 2591 2872 dicium,
2648 2807 2964 2859 sententiam
2988 2805 3240 2860 adtersus
3262 2822 3359 2860 nos
3382 2807 3529 2875 ipsos
3554 2807 3812 2873 feramus,
3842 2823 3950 2863 om-

2369 2898 2526 2967 nique
2553 2898 2709 2953 modo
2737 2912 2992 2953 conemur
3020 2899 3128 2953 Deo
3155 2914 3251 2954 nos
3280 2915 3527 2970 purgare,
3558 2916 3620 2954 ac
3658 2916 3826 2970 neque
3857 2901 3951 2971 ipsi

2367 2988 2435 3043 de
2455 2989 2843 3043 resurrectione
2865 2988 3035 3058 deque
3052 2990 3253 3058 judicio
3278 2990 3601 3053 dubitemus,
3628 3006 3799 3061 neque
3820 2992 3952 3047 alios

2368 3080 2438 3131 ita
2469 3078 2744 3148 loquentes
2768 3079 3022 3142 feramus,
3049 3078 3142 3133 sed
3168 3079 3337 3133 modis
3360 3080 3607 3134 omnibus
3636 3095 3727 3149 per
3750 3096 3810 3135 ea
3840 3096 3951 3150 qua:

2367 3168 2504 3223 dicta
2528 3178 2669 3234 sunt,
2696 3168 2801 3223 illis
2828 3169 3135 3224 obturemus
3166 3184 3245 3224 os.
3278 3169 3408 3224 Nam
3440 3170 3484 3224 si
3528 3171 3638 3225 illic
3665 3186 3771 3225 non
3806 3186 3951 3226 esse-

2369 3276 2487 3316 mus
2503 3261 2671 3315 daturi
2698 3277 2878 3331 paanas
2896 3262 3268 3327 admissurum,
3295 3262 3431 3316 Deus
3449 3278 3780 3333 nequaquam
3803 3265 3951 3319 nobis

2368 3352 2455 3407 hic
2483 3355 2842 3408 constituisset
2874 3354 2978 3408 tale
3011 3353 3287 3422 judicium.
3327 3353 3431 3407 Sed
3465 3363 3519 3407 et
3546 3354 3647 3407 hoc
3677 3356 3845 3422 ipsum
3875 3363 3951 3408 est

2376 3445 2515 3499 illius
2542 3445 2879 3514 benignitatis
2914 3444 3183 3498 indicium.
3224 3444 3481 3510 Quoniam
3510 3445 3650 3498 enim
3680 3454 3801 3498 tunc
3825 3459 3951 3497 exa-

2372 3546 2555 3590 cturus
2599 3546 2681 3590 est
2728 3551 2757 3589 a
2796 3535 2947 3601 nobis
2987 3537 3242 3589 rationem
3272 3535 3609 3599 delictorum,
3642 3536 3861 3589 instituit
3900 3540 3947 3589 in

2372 3627 2524 3681 nobis
2573 3628 2711 3681 hunc
2764 3611 2991 3694 iudicem
3032 3624 3530 3693 iucorruptibilcm,
3578 3635 3635 3679 ut
3675 3627 3718 3679 is
3767 3627 3849 3680 hic
3887 3626 3948 3681 de

2373 3718 2671 3773 commissis
2694 3718 2845 3772 nobis
2883 3717 3142 3785 judicium
3165 3716 3411 3779 reddens,
3461 3717 3948 3787 emendatioresqne

2372 3811 2596 3877 faciens,
2641 3826 2706 3864 ex
2733 3811 2822 3864 illo
2862 3810 3050 3879 eripiat
3092 3808 3328 3879 judicio:
3361 3809 3500 3877 quod
3540 3819 3591 3863 et
3622 3809 3815 3863 Paulus
3838 3810 3945 3864 ait:

2378 3901 2517 3955 Nam
2541 3903 2584 3955 si
2635 3904 2962 3969 nosmetipsos
2973 3901 3339 3970 iudicaremus,
3364 3917 3464 3954 non
3493 3901 3664 3969 utique
3690 3902 3943 3971 judicare.

2377 4010 2489 4047 mur
2507 4011 2537 4046 a
2558 3991 3204 4068 Domino(l.C0r.H.5I).
3224 3990 3293 4046 Ut
3323 3992 3479 4061 igitur
3517 4006 3688 4061 neque
3718 4000 3826 4045 tum
3850 4006 3947 4061 pn-

2380 4085 2605 4150 niamur,
2635 4098 2805 4153 neque
2849 4092 2958 4136 tmn
3001 4096 3182 4151 poenas
3207 4080 3415 4147 demus,
3460 4080 3511 4135 in
3559 4096 3709 4136 suam
3734 4082 3946 4151 quisque

2378 4175 2754 4231 conscientiam
2804 4172 3149 4243 ingrediatur,
3198 4173 3468 4241 vitamque
3508 4172 3738 4241 esplicet
3767 4191 3780 4225 :
3808 4188 3934 4227 cun-

2379 4266 2583 4335 ctisque
2616 4265 2913 4320 commissis
2932 4263 3214 4333 diligenter
3233 4264 3469 4317 excussis
3493 4262 3813 4318 condemnet
3834 4263 3944 4315 ani-

2380 4371 2519 4409 mam
2542 4396 2559 4422 ,
2614 4370 2732 4425 qua:
2776 4355 2890 4409 haec
2927 4355 3182 4424 patravit,
3218 4354 3503 4425 puniatque
3542 4354 3942 4425 cogitationem,

2375 4448 2591 4517 affligat,
2623 4450 2930 4518 crucietque
2958 4462 3107 4501 suam
3152 4447 3317 4516 ipsius
3358 4453 3618 4511 mentem,
3640 4446 3944 4516 Supplicium

2374 4559 2403 4594 a
2431 4542 2608 4611 scipso
2646 4541 2819 4611 exigat
2856 4555 2951 4609 pro
2994 4539 3242 4609 peccatis,
3286 4553 3384 4609 per
3423 4536 3941 4602 condemnationem,

2378 4649 2471 4702 per
2496 4634 2775 4703 diligenter
2800 4643 2971 4687 actam
2998 4631 3383 4701 paenitentiam,
3425 4645 3522 4701 per
3549 4628 3831 4699 lacrymas,
3855 4644 3941 4699 per

2376 4726 2783 4791 confessionem,
2829 4741 2925 4796 per
2960 4724 3237 4793 jejunium,
3286 4737 3381 4791 per
3418 4721 3826 4792 eleemosynam,
3856 4735 3942 4788 per

2376 4818 2753 4873 continentiam
2779 4833 2840 4883 ac
2869 4817 3162 4879 caritatem,
3192 4823 3251 4867 ut
3294 4812 3559 4883 possimus
3599 4826 3783 4865 omnes
3806 4810 3939 4865 cunni

2377 4910 2534 4966 modo
2577 4910 2662 4966 hic
2704 4910 2956 4979 depositis
2984 4907 3209 4977 peccatis
3231 4905 3393 4959 multa
3423 4919 3544 4958 cum
3590 4903 3778 4957 fiducia
3825 4902 3938 4955 illnc

2377 5003 2849 5073 proficisci:quam
2895 5000 3047 5054 nobis
3101 4996 3347 5051 omnibus
3387 4995 3658 5064 contingat
3700 4993 3934 5061 assequi,

2373 5096 2537 5165 gratia
2568 5110 2629 5148 ac
2656 5094 2976 5161 benignitate
3006 5088 3213 5144 Domini
3244 5087 3410 5141 nostri
3438 5085 3565 5141 Jcsu
3590 5084 3803 5148 Christi,
3830 5084 3936 5153 qui-

2372 5203 2492 5241 cum
2522 5186 2663 5240 Patri
2690 5198 2742 5239 et
2782 5193 2966 5238 sancto
3005 5182 3203 5254 Spiritu
3233 5180 3423 5250 gloria,
3466 5180 3517 5232 in
3548 5178 3745 5233 saecula
3772 5191 3933 5230 smon-

2368 5277 2559 5333 lorum.
2592 5280 2778 5332 Amen.

2469 5382 2847 5393 _—.__—___—

696 5376 2463 5405 W
1970 5381 3901 5413 WW

1639 5444 1743 5502 AD
1786 5397 2197 5505 lioanuaat
2244 5397 2983 5508 Dii—D—ORMIENTIBUS

1970 5394 2286 5405 —_._.~_..

748 5526 1148 5594 Chrysostomo
1201 5528 1342 5583 duce
1401 5529 1542 5583 hanc
1596 5531 1875 5584 homiliam
1948 5530 2250 5587 secundum

682 5614 919 5675 quatuor
950 5605 1067 5658 illas
1115 5605 1180 5660 de
1208 5605 1419 5661 Lazaro
1452 5613 1661 5677 priores
1691 5609 1963 5679 ponimus.
2020 5611 2075 5663 Id
2127 5628 2255 5665 vero

684 5700 794 5735 non
839 5684 999 5736 modo
1034 5689 1295 5753 temporis
1325 5688 1673 5757 ordinisque,
1712 5690 1805 5743 sed
1866 5690 2029 5742 etiam
2086 5706 2254 5761 argn-

682 5762 851 5815 mcnti
890 5762 1027 5815 ratio
1086 5766 1344 5831 postulat.
1404 5764 1537 5819 Nam
1587 5777 1707 5835 post
1756 5777 1988 5837 quatuor
2035 5770 2155 5824 illas
2187 5772 2255 5827 de

686 5838 894 5893 Lazaro
926 5855 982 5894 se
1010 5842 1150 5897 hanc
1192 5855 1591 5913 consequenter
1634 5847 1837 5904 dixisse
1878 5850 2036 5903 initio
2079 5852 2257 5905 decla-

688 5926 772 5971 rat
814 5918 947 5987 ipse.
981 5919 1101 5975 Dies
1139 5933 1367 5992 quatuor
1411 5925 1464 5978 in
1511 5925 1822 5995 explicanda
1884 5929 2024 5982 vobis
2064 5928 2257 5982 Lazuri

2360 5535 2618 5603 parabole
2648 5538 3085 5603 consumpsimus.
3125 5537 3312 5607 Neque
3338 5548 3516 5595 tamen
3557 5558 3618 5599 se
3647 5557 3923 5617 argumen-

2363 5623 2475 5669 tum
2519 5623 2752 5692 niutarc,
2798 5615 2888 5666 scd
2921 5615 3108 5692 eodem
3158 5616 3275 5684 ipso
3339 5618 3595 5676 insistere
3633 5615 3920 5692 profitetur,

2360 5708 2484 5745 cum
2509 5694 2683 5747 dicit:
2727 5690 2825 5745 Ille
2853 5694 2914 5744 de
2944 5691 3154 5746 Lazaro
3205 5696 3538 5767 evangelirus
3583 5690 3769 5754 cantus
3806 5700 3920 5767 fuit,

2361 5770 2445 5823 hic
2472 5772 2793 5839 apostolicus
2826 5788 3025 5835 sonus;
3086 5774 3173 5827 sed
3206 5792 3338 5829 unus
3383 5786 3456 5829 est
3488 5792 3805 5833 concentus:
3857 5778 3922 5829 si-

2360 5851 2568 5918 quidem
2607 5853 2659 5904 in
2697 5851 2789 5904 illa
2830 5854 3086 5921 parabole
3124 5857 3291 5909 multa
3344 5856 3406 5910 de
3451 5861 3822 5913 resurrectione
3874 5868 3921 5909 ct

2362 5932 2423 5984 de
2456 5931 2547 5984 illo
2583 5931 2839 5986 tribunali
2868 5933 3226 6007 philosophati
3279 5952 3505 6004 sumus;
3564 5955 3700 5992 nunc
3735 5940 3783 5990 ia
3842 5937 3920 5989 id-
