4160 6324
243 520 345 577 καὶ
361 517 592 591 πραθεὶς
610 516 715 573 ὑπὸ
736 512 1130 585 τῶν-ἀδελφῶν,
1153 512 1249 567 καὶ
1262 512 1415 585 παρά
1428 511 1528 582 τῆς
1547 509 1837 580 δεσποίνης

244 602 682 666 ἐπιϐουλευθεὶς,
723 601 819 654 καὶ
846 599 1009 653 πάλιν
1034 600 1114 662 είς
1138 597 1515 668 δεσμωτήριον
1545 592 1835 666 ἐμπεσὼν,

241 683 351 739 οὐκ
378 680 503 739 εἷπε
524 684 661 757 πρὸς
677 684 889 748 ἐαυτὸν,
914 683 981 736 Τί
1009 699 1138 735 ποτε
1163 680 1323 734 τοῦτό
1347 681 1529 746 ἐστινς
1560 678 1746 747 ἀπάτη
1770 676 1841 729 τά

242 767 508 840 ὀνείρατα
536 768 720 821 ἐκεῖνα
744 762 834 837 ἦν,
877 766 1137 831 ἐξέπεσον
1161 766 1263 835 τῆς
1292 762 1575 834 πατρίδος,
1602 762 1841 814 ἀπεστε-

246 851 431 924 ρήθην
460 849 791 922 ἐλευθερίας⁸
822 849 909 902 διὰ
934 848 1026 901 τὸν
1053 847 1186 901 Θεὸν
1212 845 1313 915 οὐκ
1343 840 1463 911 εἶξα
1485 847 1554 917 τῇ
1583 843 1841 913 δεσποίνῃ

244 936 387 1008 πρὸς
416 934 662 1007 μοιχείαν
695 932 957 1004 καλούση·
1001 931 1091 985 διά
1136 931 1492 1002 σωφροσύνην
1514 928 1609 983 καὶ
1637 926 1840 998 ἀρετὴν

246 1018 573 1091 κολάζομαιο
591 1018 687 1072 καὶ
709 1018 830 1072 ούδέ
846 1015 1022 1079 οὕτως
1043 1015 1271 1086 ῆμυνεν,
1287 1013 1407 1067 οὐδὲ
1429 1014 1587 1083 χεῖρα
1612 1009 1838 1081 ὤρεξεν,

243 1103 365 1159 ἀλλ’
396 1104 548 1157 εἴασε
580 1100 953 1174 παραδοθῆναι
974 1098 1195 1169 δεσμοῖς
1228 1095 1551 1167 ἐπαλλήλοις
1587 1095 1685 1147 καὶ
1719 1109 1843 1146 συνο

244 1190 402 1261 ιχέσι
437 1186 763 1259 συμφοραῖς’
803 1182 941 1255 μετά
971 1181 1081 1253 γὰρ
1100 1181 1190 1235 τὸν
1216 1182 1420 1261 λάκκον
1434 1179 1667 1243 δουλεία,
1702 1176 1843 1250 μετὰ

241 1253 494 1332 δουλείαν
510 1253 523 1259 ’
539 1253 823 1341 ἐπιϐουλὴ,
850 1267 989 1340 μετά
1014 1265 1308 1337 ἐπιϐουλὴν
1321 1253 1680 1343 συκοφαντία,
1702 1261 1841 1344 μετά

246 1354 618 1426 συκοφαντίαν
645 1352 1039 1425 δεσμωτήριον.
1082 1349 1222 1405 Ἀλλ’
1260 1342 1415 1403 οὐδὲν
1448 1346 1654 1402 τούτων
1678 1342 1842 1399 αὑτὸν

241 1440 521 1513 ἐθορύϐει,
551 1438 664 1492 ἀλλ’
691 1437 934 1508 ἓμενετῇ
960 1435 1138 1489 ἐλπίδι
1169 1434 1411 1508 θαρρῶν,
1452 1433 1549 1488 καὶ
1574 1431 1730 1497 είδὼς
1757 1432 1842 1486 ὅτι

241 1525 315 1579 τὰ
339 1514 607 1595 εἰρημένα
634 1521 699 1595 ού,
730 1522 1075 1576 διαπεσεῖται
1102 1520 1380 1574 οὐδέποτε.

333 1594 589 1661 Ἐδύνατο
622 1594 722 1678 μὲν
748 1604 858 1675 γὰρ
880 1607 909 1658 6
932 1604 1066 1668 Θεὸς
1082 1605 1177 1658 καὶ
1196 1606 1329 1675 παρ’
1345 1604 1520 1674 αὐτὴν
1542 1602 1686 1657 αὑτά
1713 1602 1843 1675 πλη-

246 1691 424 1764 ρῶσαι
457 1690 564 1760 τὴν
612 1688 850 1761 ἡμέραν,
882 1687 997 1742 ἀλλ’
1030 1688 1118 1742 ἵνα
1149 1688 1244 1741 κα)⁵
1274 1687 1374 1758 τήν
1417 1687 1581 1741 αὑτοῦ
1610 1686 1842 1757 δύναμιν

242 1771 609 1844 ἐπιδείξηται,
628 1772 724 1824 καὶ
743 1770 847 1842 τὴν
868 1770 1063 1824 πίστιν
1074 1770 1183 1824 τῶν
1204 1768 1375 1824 αὐτοῦ
1400 1770 1623 1836 δούλων,
1644 1770 1840 1841 ἀφίησι

232 1856 442 1929 χρόνον
473 1854 677 1927 μεταξὺ
713 1858 1091 1924 παρεμπεσεῖν
1117 1855 1347 1927 μακρὸν,
1370 1854 1465 1907 καὶ
1498 1853 1665 1907 πολλὰ
1688 1853 1842 1923 γενέ-

244 1941 376 1995 σθαι
405 1939 726 2011 κωλύματα,
758 1938 847 1991 ἵνα
869 1939 963 1991 καὶ
982 1939 1082 2009 τὴν
1109 1938 1276 1993 αὐτοῦ
1305 1937 1484 2010 μάθῃς
1515 1938 1692 2008 ίσχὺν,
1721 1937 1842 1990 τότε

243 2023 586 2096 πληροῦντας
620 2022 690 2075 τά
737 2021 1158 2093 ἐπηγγελμένα,
1213 2022 1343 2076 ὅταν
1394 2023 1475 2084 είς
1531 2022 1844 2090 ἀπόγνωσιν

244 2108 504 2183 ἐμπέσῃ,
548 2106 649 2160 καὶ
699 2106 801 2177 τὴν
843 2105 954 2158 τῶν
999 2104 1205 2159 δούλων
1248 2104 1365 2177 ἴδῃς
1419 2106 1698 2177 ὑπομονὴν
1750 2107 1845 2159 καὶ

245 2191 457 2254 πίστιν,
489 2188 666 2243 οὐδενὶ
683 2187 792 2241 τῶν
822 2188 883 2241 ἐν
908 2188 1060 2259 μέσῳ
1087 2186 1492 2258 συμϐαινόντων
1516 2189 1613 2259 τῆς
1634 2188 1846 2259 ἀγαθῆς

244 2272 582 2345 προσδοκίας
621 2270 1021 2325 ἐκπιπτόντων.
1070 2270 1234 2335 Ἀλλ’,
1264 2272 1403 2341 ὅπερ
1440 2258 1649 2339 ἔλεγον,
1677 2258 1845 2325 ἐπαν-

243 2356 418 2428 ῆλθον
453 2349 622 2419 οὗτοι,
663 2354 759 2408 τοῦ
785 2352 969 2424 λιμοῦ,
1004 2352 1259 2424 καθάπερ
1298 2352 1633 2425 στρατιώτου
1662 2355 1843 2418 τινὸς,

247 2440 349 2493 ἐπὶ
382 2437 628 2508 κεφαλὴν
659 2438 860 2501 αὐτοὺς
900 2434 1173 2500 ὠθοῦντος
1214 2437 1309 2490 καὶ
1354 2437 1719 2507 παριστάντος
1746 2438 1849 2508 ἄρα

244 2541 401 2594 χοντι
425 2521 505 2593 τῷ
537 2520 761 2592 Ἰωσήφ,
794 2521 891 2573 καὶ
917 2519 1201 2573 ἐϐούλοντο
1232 2520 1497 2589 πρίασθαι
1538 2523 1701 2573 σῖτον·
1736 2522 1763 2573 6
1791 2519 1849 2573 δὲ

240 2607 300 2661 τί
332 2623 467 2677 φησι
497 2605 636 2677 πρὸς
657 2602 887 2669 αὑτούς;
920 2602 1305 2659 Κατάσκοποί
1334 2603 1496 2657 ἐστε.
1516 2603 1579 2656 Οί
1609 2604 1667 2657 δέ
1696 2597 1849 2656 εἷπον

243 2690 309 2743 ἐν
350 2690 585 2753 ἑαυτοῖς,
630 2687 697 2740 Τί
749 2704 882 2739 ποτε
933 2685 1093 2739 τοῦτό
1150 2688 1300 2751 ἐστι;
1333 2686 1570 2756 -τροφὴν
1612 2684 1864 2756 ἤλθομενο

152 2765 157 2768 ’
244 2770 730 2845 ἐμπορευσόμενοι
750 2812 765 2836 ,
797 2769 893 2823 καὶ
928 2769 1060 2839 περὶ
1095 2767 1277 2839 ψυχῆς
1304 2767 1723 2839 κινδυνεύομεν;
1752 2768 1842 2820 El-

246 2854 447 2918 κότως,
480 2854 605 2906 ἐπεὶ
634 2853 727 2906 καὶ
756 2853 920 2916 αὐτὸς
957 2851 1164 2923 τροφὴν
1188 2852 1317 2921 ὑμῖν
1339 2850 1585 2922 ἐκόμισε,
1606 2852 1854 2923 καὶπερὶ

243 2937 353 3009 τῆς
378 2938 526 3009 ζωῆς
568 2936 970 2991 ἐκινδύνευσεν·
1017 2936 1135 2989 ἀλλ’
1164 2935 1328 2998 αὐτὸς
1356 2934 1457 3006 μέν
1485 2935 1715 3008 ἀληθείᾳ
1744 2937 1850 2989 ὑπ-

247 3019 470 3092 έμενεν,
516 3020 677 3091 ὑμεῖς
712 3020 770 3073 δὲ
827 3018 1120 3091 ὑποκρίσει
1166 3018 1329 3072 τοῦτο
1358 3018 1618 3089 πάσχετεο
1653 3020 1715 3073 ού
1740 3019 1851 3090 γὰρ

245 3102 447 3175 ἐχθρὸς
469 3097 559 3175 ἦν,
584 3102 730 3156 ἀλλά
755 3104 1101 3174 προσωπεῖον
1130 3102 1392 3156 ἀνέλαϐεν
1418 3103 1640 3175 ἐχθροῦ,
1669 3103 1757 3157 ἵνα
1780 3103 1850 3157 τά

246 3186 397 3251 κατά
433 3185 533 3259 τὴν
556 3186 735 3240 οἰκίαν
778 3186 916 3257 μετὰ
946 3185 1232 3257 ἀκριϐείας
1270 3186 1437 3259 μάθῃ.
1492 3187 1709 3258 Ἐπειδὴ
1741 3187 1851 3259 γάρ

245 3271 483 3341 πονηροὶ
516 3272 646 3341 περὶ
671 3270 836 3324 αὐτὸν
863 3270 1117 3339 ἐγένοντο
1144 3272 1239 3323 καὶ
1284 3269 1623 3342 ἀγνώμονες,
1664 3272 1755 3324 τόν
1790 3289 1851 3325 τε

245 3352 515 3423 Βενιαμὶν
540 3353 642 3406 οὐκ
667 3350 774 3406 είδε
821 3354 938 3424 μετ’
966 3354 1147 3407 αὐτῶν
1179 3352 1330 3419 ὄντα,
1364 3354 1545 3417 δείσας
1582 3355 1721 3426 ὑπὲρ
1754 3354 1850 3409 τοῦ

246 3436 470 3500 παιδὸς,
504 3438 718 3508 μήποτε
761 3439 1017 3501 κάκεῖνος
1051 3437 1122 3490 τά
1151 3437 1359 3506 ἀδελφά
1394 3438 1544 3509 αύτῷ
1588 3438 1848 3506 πέπονθε,

248 3518 468 3575 κελεύει
513 3519 735 3591 δεθῆναί
787 3538 910 3574 τινα
962 3520 1059 3574 ἐνα
1115 3521 1210 3574 καὶ
1243 3521 1512 3592 ἀφεθῆναι
1559 3524 1693 3576 ἐκεῖ-
1731 3518 1852 3576 εἶτα

248 3602 455 3665 αὐτοὺς
479 3602 752 3670 λαϐόντας
779 3604 872 3657 τὸν
907 3606 1051 3657 σῖτον
1075 3602 1323 3667 ἅπαντας
1368 3602 1524 3677 [761]
1560 3605 1850 3669 ἀπελθεῖν,

245 3686 563 3756 ἀπειλήσας
602 3686 833 3741 θάνατον
865 3688 1074 3751 αὐτοῖς,
1126 3690 1175 3741 εί
1229 3688 1305 3760 μὴ
1362 3688 1453 3742 τὸν
1501 3690 1728 3759 ἀδελφὸν
1760 3690 1852 3743 τὸν

243 3768 471 3823 ἑαυτῶν
495 3770 851 3839 ἐπαγάγοιεν.
895 3771 1049 3823 Ἐπεὶ
1104 3766 1199 3825 οὖν
1246 3771 1423 3826 ταῦτα
1478 3772 1718 3841 ἐγένετο,
1756 3773 1853 3825 καὶ

250 3849 433 3917 εἶπεν,
469 3852 674 3921 Ἀφετέ
718 3870 839 3906 τινα
887 3854 1143 3921 ἐνταῦθα,
1184 3848 1279 3908 καὶ
1322 3855 1415 3908 τὸν
1441 3854 1669 3925 ἀδελφὸν
1697 3856 1853 3927 ὑμῶν

248 3937 521 4005 ἀγάγετεο
554 3936 684 3989 εἰδὲ
715 3937 815 4007 μὴ,
838 3936 1056 4007 θανάτῳ
1093 3937 1476 3992 ἀποθανεῖσθε’
1512 3940 1564 3993 τί
1597 3938 1734 4011 πρὸς
1754 3937 1852 4003 ἀλ-

249 4019 455 4091 λήλους
483 4019 667 4087 ἔλεγον
693 4021 922 4086 ἐκεῖνοι;
950 4021 1081 4085 Ναὶ,
1105 4022 1165 4075 ἐν
1195 4023 1495 4095 ἁμαρτίαις
1521 4025 1689 4096 ἐσμὲν
1724 4026 1854 4097 περὶ

249 4102 355 4157 τοῦ
394 4103 629 4173 ἀδελφοῦ
660 4102 844 4175 ήμῶν,
874 4105 964 4158 ὅτε
994 4106 1284 4160 κατεδέετο
1315 4106 1496 4178 ἡμῶν.
1525 4102 1681 4174 Εἶδες
1714 4109 1855 4180 μετά

250 4187 425 4242 πόσον
448 4187 641 4258 χρόνον
687 4189 787 4259 τῆς
836 4189 1115 4261 ἁμαρτίας
1144 4185 1568 4263 ἀνεμνήσθησαν
1600 4192 1851 4264 ἐκείνης;

251 4270 531 4340 Καὶ“πρὸς
556 4271 653 4341 μὲν
676 4271 766 4325 τὸν
794 4272 1007 4343 πατέρα
1053 4271 1259 4341 ἔλεγον·
1316 4276 1538 4343 Θηρίον
1583 4276 1854 4343 πονηρὸν

249 4352 555 4423 κατέφαγε
581 4354 688 4407 τὸν
729 4355 965 4423 Ἰωσήφ*
1002 4356 1169 4409 αὑτοῦ
1199 4356 1254 4411 δὲ
1274 4358 1367 4411 τοῦ
1408 4359 1608 4430 Ἰωσὴφ
1648 4359 1853 4431 παρόν-

248 4452 350 4500 τος
372 4437 465 4490 καὶ
496 4435 809 4501 ἀκούοντος,
840 4437 941 4509 τὴν
970 4439 1247 4510 ἁμαρτίαν
1297 4441 1610 4512 ἐξήλεγχον.
1642 4443 1707 4495 Τί
1735 4441 1853 4495 τού-

247 4535 353 4573 ⁴ιου
401 4519 834 4591 παραδοξότερον
879 4520 1076 4589 γένοιτ’
1112 4522 1212 4589 6w;
1271 4525 1633 4596 Δικαστήριον
1681 4526 1852 4597 χωρὶς

250 4602 499 4672 ἐλέγχων
522 4602 750 4670 γίνεται,
777 4602 869 4657 κα)⁸
898 4604 1162 4674 ἀπολογία
1193 4608 1362 4677 χωρὶς
1384 4608 1852 4679 κατηγορίας,καὶ

251 4685 537 4751 ἀπόδειξις
578 4687 707 4742 ἀνευ
763 4686 1095 4759 μαρτύρων,
1127 4689 1307 4743 αὐτῶν
1362 4690 1472 4744 τῶν
1518 4692 1579 4744 τὸ
1622 4695 1855 4764 πρᾶγμα

259 4771 658 4842 ἐργασαμένων
687 4772 915 4836 ἑαυτοὺς
949 4773 1309 4843 ἐλεγχόντων,
1349 4776 1444 4828 καὶ⁵
1468 4776 1530 4829 τὸ
1557 4776 1732 4849 λάθρα
1763 4795 1855 4847 γε-

257 4855 563 4927 γενημένον
592 4856 1070 4926 ἑκπομπευόντων.
1090 4858 1185 4922 Τίς
1209 4858 1416 4923 ἔπεισε,
1434 4862 1517 4924 τίς
1542 4863 1856 4932 ἠνάγκασεν

263 4940 349 5003 εἰς
376 4939 538 5009 μέσον
574 4938 878 5009 ἐξενεγκεῖν
919 4940 989 4993 τὰ
1041 4941 1148 5013 πρὸ
1194 4943 1451 4997 τοσούτου
1506 4945 1851 5017 τολμηθέντα

258 5020 462 5093 χρόνου
482 5036 497 5052 ⁸
526 5022 642 5076 υύκ
668 5021 913 5095 εὔδηλον,
946 5024 1028 5079 ὅτι
1069 5024 1129 5078 τὸ
1159 5026 1416 5092 συνειδὸς,
1457 5030 1486 5080 6
1516 5029 1853 5101 ἀπαραλόγι-

1219 404 1307 459 DE
1346 382 1918 458 Lamno’como
1951 391 2019 450 ν..
2037 424 2107 437 -
2134 388 2475 448 morarum.

3405 381 3537 440 10M

1947 524 2071 571 στος
2097 507 2383 577 δικαστὴς,
2410 506 2651 576 συνεχῶς
2678 503 2860 558 αὐτῶν
2881 497 3133 556 κατέσειε
3156 496 3255 568 τὴν
3277 494 3542 560 διάνοιαν,

1946 592 2042 645 καὶ
2060 591 2158 661 τὴν
2172 591 2351 662 ψυχὴν
2376 590 2626 661 ἐθορύϐει
2643 606 2657 656 ;
2682 590 2793 641 Καὶ
2812 588 2839 639 6
2862 580 3149 655 φονευθεὶς
3163 581 3285 633 τότε
3307 578 3547 662 ἐκάθητο

1949 676 2076 745 σιγῇ
2127 661 2367 738 δικάζων
2414 672 2646 736 αύτούς·
2686 673 2781 724 καὶ
2832 666 3108 741 μηδεμιᾶς
3167 661 3546 733 ἐξενεχθείσης

1947 757 2280 825 ἀποφάσεως
2308 755 2428 809 καθ’
2456 754 2671 817 ἑαυτῶν
2705 754 2806 824 τὴν
2834 747 3313 813 καταδικάζουσαν
3348 746 3546 810 αὐτοὺς

1945 837 2127 909 ψῆφον
2175 838 2332 892 αὐτοὶ
2370 838 2587 910 ἔφερον.
2637 837 2750 890 Καὶ
2782 829 2929 889 οὗτοι
2980 834 3080 902 μὲν
3118 829 3290 883 ταῦτα
3322 828 3543 897 «ἔλεγον⁸

1946 920 2133 992 ἔτερος
2163 920 2222 974 δὲ
2274 922 2634 991 ἀπελογεῖτο,
2679 917 2875 987 λέγων·
2906 918 3031 970 Οὐκ
3074 912 3357 980 ἐλάλησα
3394 911 3545 980 πρὸς

1946 1003 2126 1076 ὑμᾶς,
2157 1006 2314 1059 οὕτω
2339 1005 2555 1076 λέγων·
2594 1003 2691 1072 Μὴ
2730 999 3063 1067 ἀδικήσητε
3105 999 3175 1051 τὸ
3206 996 3545 1064 παιδάριον,

1890 1132 1897 1137 κ
1941 1088 2099 1160 μηδὲ
2122 1090 2420 1167 ποιήσητε
2467 1087 2657 1144 αὐτὸν
2674 1086 2876 1158 μηδὲν
2909 1083 3135 1167 κακόν,
3167 1081 3256 1167 ὅτι
3279 1080 3541 1167 ᾀδδῖξλέντέξ

1948 1172 2119 1244 ἡμῶν
2153 1164 2306 1228 ἐστι·
2332 1173 2435 1228 καὶ
2472 1172 2603 1227 ἰδοὺ
2646 1171 2765 1225 νῦν
2792 1171 2859 1224 τὸ
2897 1165 3043 1238 αἷμα
3076 1164 3541 1233 αὐτοῦ,ἐκζητεῑ-

1947 1274 2066 1323 ται,
2106 1258 2294 1328 φησὶν,
2328 1257 2397 1312 ἐκ
2422 1255 2544 1311 τῶν
2569 1252 2788 1326 χειρῶν
2812 1251 3019 1322 ἠμῶν;
3047 1250 3244 1303 Καίτοι
3268 1248 3424 1302 οὐδὲν
3452 1248 3543 1301 αύ-

1948 1340 2040 1405 τὸς
2065 1344 2095 1397 6
2123 1341 2298 1396 ταῦτα
2321 1340 2498 1411 λέγων
2539 1338 2672 1412 περὶ
2717 1336 2812 1392 τοῦ
2846 1337 3010 1407 φόνου
3058 1334 3155 1389 κα)⁸
3183 1333 3285 1404 τῆς
3330 1333 3548 1404 σφαγῆς

1948 1424 2167 1496 ἐκείνης
2200 1421 2379 1489 εἷπεν,
2403 1422 2517 1476 ἀλλ’
2536 1421 2698 1486 αὐτὸς
2731 1419 2832 1492 μὲν
2858 1418 3168 1489 καθήμενος
3193 1416 3345 1470 οὐδὲν
3375 1416 3547 1469 τοιοῦ-

1946 1527 2039 1563 τον
2065 1508 2272 1579 ἐζήτει,
2306 1507 2442 1562 ἀλλά
2470 1507 2562 1561 τὸν
2591 1505 2782 1577 ἕτερον
2813 1503 3044 1571 ἀδελφὸν
3075 1500 3375 1571 ἐπεζήτεισ·
3396 1499 3454 1552 τὸ
3490 1498 3552 1551 δέ

1953 1591 2199 1656 συνειδὸς
2219 1591 2400 1646 αὐτῶν
2458 1590 2859 1661 ἐπιλαϐόμενον
2902 1584 3130 1657 καιροῦ,
3167 1584 3419 1654 διανέστη
3453 1583 3549 1637 καὶ

1949 1673 2235 1747 καθήψατο
2256 1674 2356 1748 τῆς
2378 1674 2605 1728 ἐκείνων
2634 1671 2895 1736 διανοίας,
2923 1670 3017 1724 καὶ
3040 1666 3269 1739 μηδενὸς
3296 1665 3548 1734 ἀναγκά-
3656 1708 3659 1711 λ

1949 1746 2170 1823 ζοντος,
2217 1758 2289 1811 τά
2314 1746 2696 1829 τετολμημένα
2742 1753 3080 1825 ὁμολογῆσαι
3132 1746 3561 1821 παρεσκεύασεέ

1944 1840 2133 1895 Ταῦτα
2154 1841 2248 1895 καὶ
2264 1842 2423 1912 ἡμεῖς
2445 1840 2707 1903 πολλάκις
2722 1837 3030 1909 πάσχομεν,
3044 1832 3425 1905 παρελθόντων
3440 1831 3548 1886 τῶν

1947 1924 2381 1996 ἁμαρτημάτων
2410 1926 2469 1978 ἐν
2494 1924 2691 1986 δεινοῖς
2720 1921 2830 1995 γὰρ
2864 1919 3245 1991 ἐξεταζόμενοι
3272 1921 3368 1974 καὶ
3389 1936 3456 1971 πε
3467 1935 3550 1989 ρι-

1949 2008 2195 2069 στάσεσι,
2216 2006 2631 2079 μνημονεύομεν
2648 2004 2761 2061 τῶν
2788 2004 3075 2077 προτέρων
3104 2004 3326 2075 ἀμαρτη
3336 2001 3546 2073 μάτων.

1953 2116 1957 2119 ⁷
2019 2096 2085 2171 .
2110 2104 2292 2176 Ἀπερ
2322 2099 2416 2158 οὖν
2451 2106 2669 2159 ἅπαντα
2691 2101 2915 2168 ειδότες,
2934 2100 3156 2155 ἐπειδάν
3173 2098 3552 2171 τιπράξωμεν

1949 2188 2219 2259 πονηρὸν,
2240 2187 2316 2259 μὴ
2346 2186 2711 2259 ἀναμένωμεν
2746 2184 3036 2256 συμφοράς
3066 2186 3163 2238 καὶ
3193 2182 3550 2256 περιστάσεις
3578 2208 3579 2211 η

1953 2271 2089 2344 μηδέ
2121 2259 2408 2335 κινδύνους
2447 2271 2543 2325 καὶ
2575 2268 2773 2340 δεσμὰ,
2799 2268 2936 2322 ἀλλὰ
2965 2267 3087 2322 καθ’
3119 2267 3360 2338 ἑκάστην
3397 2265 3550 2337 ὥραν

1948 2373 2009 2409 τε
2034 2356 2130 2409 καὶ
2156 2354 2374 2426 ἡμέραν
2401 2354 2750 2425 ἀνακινῶμεν
2785 2352 2918 2424 παρ’
2945 2354 3161 2415 ἐαυτοῖς
3204 2349 3266 2403 τὸ
3290 2350 3552 2421 δικαστή-

1955 2456 2069 2511 ριον
2105 2438 2288 2504 τοῦτο,
2327 2438 2423 2491 καὶ
2451 2438 2552 2501 τὰς
2586 2436 2799 2516 ψήφους
2854 2436 2979 2490 καθ’
3014 2434 3224 2489 ἐαυτῶν
3272 2435 3550 2506 φέρωμεν,

1951 2523 2048 2576 καὶ
2089 2522 2416 2594 πειρώμεθα
2459 2522 2626 2574 παντὶ
2651 2520 2840 2591 τρόπῳ
2876 2518 3269 2589 ἀπολογεῖσθαι
3294 2519 3374 2590 τῷ
3406 2519 3551 2591 Θεῷ,

1952 2607 2048 2659 καὶ
2074 2606 2215 2677 μήτε
2238 2605 2393 2658 αὐτοὶ
2421 2604 2553 2675 περ).
2581 2605 2680 2677 τῆς
2696 2603 3051 2667 ἀναστάσεως
3074 2604 3290 2674 καὶτῆς
3317 2603 3555 2675 κρίσεως

1953 2675 2418 2760 ἀμφισϐητῶμεν,
2452 2689 2591 2759 μήτε
2641 2675 2857 2760 ἐτέρων.
2887 2687 3160 2756 λεγόντων
3202 2686 3553 2758 ἀνεχώμεθα,

1953 2770 2092 2825 ἀλλὰ
2142 2771 2307 2826 παντὶ
2338 2770 2530 2841 τρόπῳ
2574 2769 2664 2823 διά
2698 2771 2808 2823 τῶν
2842 2770 3155 2843 εἰρημένων
3205 2766 3406 2834 αὐτοὺς
3435 2772 3558 2824 ἐπι-

1957 2854 2324 2925 στομίζωμεν.
2358 2855 2435 2907 Ού
2457 2853 2567 2925 γὰρ
2592 2852 2681 2917 ἂν,
2715 2855 2763 2906 εί
2805 2855 2883 2925 μὴ
2908 2854 3033 2907 τότε
3056 2854 3367 2925 ἐμέλλομεν
3396 2853 3557 2907 εὐθύ-

1956 2956 2054 3002 νας
2085 2938 2303 3007 ὑφέξειν
2348 2938 2459 2991 τῶν
2498 2936 3089 3009 πεπλημμελημένων,
3131 2936 3375 2991 τοιοῦτον
3422 2938 3556 3007 ἡμῖν

1956 3020 2192 3075 ἐνταῦθα
2219 3020 2280 3075 τὸ
2309 3020 2663 3091 δικαστήριον
2718 3019 3123 3091 ἐγκατέστησεν
3148 3021 3177 3073 6
3203 3020 3355 3084 Θεός.
3395 3018 3558 3073 Ἀλλά

1953 3104 2232 3158 καὶτοῦτο
2260 3105 2360 3176 τῆς
2382 3101 2548 3157 αὑτοῦ
2580 3101 2992 3173 φιλανθρωπίας
3019 3104 3339 3175 τεκμήριον.
3375 3103 3557 3156 Ἐπει-

1951 3188 2018 3258 δὴ
2045 3187 2157 3260 γὰρ
2186 3188 2305 3241 τότε
2337 3186 2522 3259 μέλλει
2544 3186 2701 3256 λόγον
2721 3187 2871 3259 ἡμᾶς
2893 3187 3145 3241 ἀπαιτεῖν
3165 3187 3275 3241 τῶν
3296 3186 3475 3258 πεπλη
3485 3205 3555 3258 μ-

1960 3272 2307 3343 μελημένων,
2344 3271 2719 3342 ἐγκατέστησε
2740 3268 2935 3324 τοῦτον
2974 3270 3068 3323 τὸν
3102 3269 3404 3324 ἀδέκαστον
3433 3289 3555 3343 κρι-

1951 3356 2072 3428 τὴν,
2092 3358 2180 3410 ἵνα
2210 3350 2365 3419 οὗτος
2394 3354 2628 3408 ἐνταῦθα
2653 3354 2800 3426 ὑπὲρ
2824 3353 2933 3408 τῶν
2946 3355 3183 3426 ήμαρτη
3194 3354 3370 3425 μένων
3401 3354 3557 3408 δικά-

1954 3438 2064 3503 ζων
2091 3441 2243 3511 ἡμῖν,
2274 3439 2371 3491 καὶ
2403 3438 2888 3509 σωφρονεστέρους
2920 3436 3426 3511 ποιῶν,ἐξαρπάσῃ
3457 3441 3557 3509 τῆς

1956 3523 2265 3594 μελλούσης
2298 3524 2415 3577 ἐκεῖ
2472 3522 2733 3593 κρίσεως.
2772 3524 2955 3594 Ὅπερ
3011 3517 3107 3576 οῦν
3160 3524 3257 3576 καὶ
3288 3525 3316 3576 6
3344 3522 3559 3588 Παῦλος

1953 3607 2133 3677 λέγειν·
2176 3607 2379 3676 Εὶ’γὰρ
2414 3606 2675 3673 ἑαυτοὺς
2696 3607 3040 3677 ἑκρίνομεν,
3066 3609 3180 3662 οὐκ
3212 3608 3289 3661 ἂν
3326 3609 3559 3677 ἐκρινόο

1948 3697 2103 3764 μεθα
2116 3692 2235 3747 ὑπὸ
2259 3692 2371 3745 τοῦ
2392 3693 2637 3759 Κυρίου.
2656 3690 2774 3746 Ἵνα
2798 3689 2892 3747 οὖν
2927 3693 3001 3765 μὴ
3025 3693 3150 3747 τότε
3175 3692 3556 3765 κολαζὼμεθα,

1957 3778 2035 3849 μὴ
2068 3778 2191 3830 τότε
2231 3776 2467 3837 εὐθύνας
2507 3775 2825 3847 θπέχωμεν,
2865 3778 3097 3842 ἕκαστος
3127 3779 3207 3841 εἰς
3232 3777 3292 3830 τὸ
3320 3778 3558 3843 συνειδὸς

1954 3862 2257 3916 εἰσελθέτω
2299 3860 2359 3912 τὸ
2406 3860 2627 3926 ἐαυτοῦ,
2662 3862 2755 3915 κα)⁵
2795 3862 2895 3934 τὴν
2929 3860 3074 3932 ζωὴν
3097 3861 3429 3928 ἀναπτύξας.
3466 3863 3559 3917 καὶ

1956 3947 2177 4003 ἅπαντα
2218 3943 2288 3998 τά
2334 3943 2857 4016 πεπλημμελημένα
2899 3945 3041 4015 μετά
3070 3944 3361 4016 ἀκριϐείας
3395 3945 3557 3998 ἐπελ-

1955 4029 2086 4095 θὼν,
2115 4028 2581 4095 καταγιδρωσκέτω
2625 4030 2726 4099 τῆς
2755 4028 2938 4099 ψυχῆς
2987 4028 3089 4098 τῆς
3120 4027 3295 4082 ταῦτα
3328 4030 3560 4101 ἐργασα-

1958 4116 2151 4187 μένης,
2193 4112 2474 4177 κολαζέτω
2498 4115 2629 4178 τοὺς
2655 4114 2978 4185 λογισμοὺς,
3009 4113 3261 4180 θλιϐέτω,
3293 4131 3560 4185 στενοχω-

1958 4200 2135 4274 ρείτω-
2157 4197 2309 4271 [⁵762]
2331 4199 2433 4268 τὴν
2463 4198 2660 4252 ἐαυτοῦ
2688 4198 2953 4262 διάνοιαν,
2976 4197 3133 4270 δίκην
3161 4198 3357 4252 ἑαυτὸν
3387 4199 3559 4251 ἀπαι-

1958 4285 2122 4339 τείτω
2148 4282 2259 4335 τῶν
2292 4282 2706 4353 ἡμαρτημένων
2748 4282 2837 4337 διὰ
2877 4282 2976 4354 τῆς
3019 4282 3441 4351 καταγνώσεως,
3471 4282 3561 4335 διὰ

1960 4367 2062 4436 τῆς
2116 4366 2408 4438 μετανοίας
2441 4369 2541 4437 τῆς
2578 4365 3116 4439 ήκριϐωμένηςλδιά
3154 4366 3430 4436 δακρύων,
3470 4366 3562 4419 διά

1961 4435 2425 4521 ἐξομολογήσεως,
2462 4435 2552 4502 διὰ
2598 4435 2855 4520 νηστείας
2897 4435 3435 4521 καῖ’ἐλεημοσύνης,
3471 4449 3562 4503 διὰ

1961 4532 2292 4606 ἐγκρατείας
2328 4533 2425 4586 καὶ
2458 4534 2701 4603 ἀγάπης,
2733 4533 2822 4588 ἵνα
2872 4533 3038 4587 παντὶ
3070 4533 3261 4605 τρόπῳ
3317 4532 3561 4604 δυνηθῶ-

1964 4637 2065 4690 μεν
2099 4619 2280 4672 πάντα
2298 4617 2533 4671 ἐνταῦθα
2550 4616 2877 4688 ἀποθέμενοι
2898 4616 2968 4670 τὰ
2986 4617 3209 4688 άμαρτή
3220 4634 3398 4689 ματα,
3418 4616 3559 4687 μετά

1958 4700 2161 4770 πολλῆς
2181 4700 2437 4754 ἀπελθεῖν
2468 4701 2586 4752 ἐκεῖ
2600 4700 2700 4771 τῆς
2727 4700 3044 4772 παρρησίας
3060 4718 3073 4730 ·
3091 4696 3160 4773 ἧς
3185 4700 3398 4770 γένοιτο
3418 4700 3557 4752 πάν-

1957 4802 2056 4849 τας
2077 4786 2224 4855 ήμᾶς
2253 4784 2552 4853 ἐπιτυχεῖν,
2576 4784 2762 4854 χάριτι
2797 4784 2891 4837 καὶ⁸
2915 4783 3301 4856 φιλανθρωπίᾳ
3322 4784 3418 4836 τοῦ
3441 4784 3555 4837 Ku-

1963 4866 2077 4938 ρίου
2110 4868 2266 4939 ἡμῶν
2300 4866 2476 4938 Ἰησοῦ
2507 4866 2769 4939 Χριστοῦ,
2795 4867 2916 4939 μεθ’
2936 4862 2997 4922 οὗ
3021 4867 3100 4939 τῷ
3133 4867 3311 4941 Πατρὶ
3343 4867 3376 4934 ἡ
3406 4865 3556 4933 δόξα,

1959 4950 2078 5022 ἅμα
2101 4952 2178 5022 τῷ
2195 4951 2335 5023 ἀγίῳ
2359 4950 2661 5021 Πνεύματι,
2682 4953 2763 5015 εἰς
2794 4952 2921 5015 τοὺς
2948 4952 3148 5017 αἰῶνας
3179 4952 3299 5007 τῶν
3318 4950 3555 5007 αἰώνωνι

1973 5035 2168 5103 ,Αμήνυ
3236 5042 3251 5051 κ

1707 5401 2107 5465 MONITUM.

282 5483 464 5550 ipsum
493 5478 862 5550 argumentum
900 5496 994 5534 nos
1044 5482 1217 5536 oratio
1248 5483 1483 5539 deduxit.
1526 5484 1865 5555 Quapropter

277 5561 340 5616 in
377 5560 608 5616 vetustis
636 5561 825 5614 multis
851 5559 1134 5615 codicibus
1190 5572 1314 5632 post
1347 5574 1583 5634 quatuor
1628 5568 1751 5625 illas
1798 5566 1865 5621 de

278 5640 495 5697 Lazaro
518 5641 812 5697 conciones
847 5643 965 5697 haec
1008 5642 1245 5711 locatur,
1279 5655 1333 5699 et
1379 5648 1568 5716 quinta
1609 5649 1866 5704 inscribi-

278 5726 396 5773 tur.
421 5717 538 5775 Etsi
574 5734 703 5775 vero
731 5720 801 5775 de
829 5722 1237 5778 resurrectione
1266 5734 1326 5779 ut
1372 5726 1667 5795 plurimum
1700 5728 1865 5785 verba

278 5795 473 5876 faciat,
507 5797 561 5853 in
585 5812 681 5853 eos
714 5798 956 5854 maxime
988 5799 1283 5869 invehitur,
1326 5804 1421 5876 qui
1466 5820 1564 5875 pro
1594 5806 1866 5862 defunctis

278 5875 518 5935 nimium
564 5878 1098 5953 immoderatumque
1137 5875 1351 5938 luctum
1386 5882 1726 5957 exhiberem,
1767 5902 1864 5945 nec

1973 5490 2095 5545 sine
2126 5492 2635 5563 magnagentilium
2658 5490 2900 5556 offensa;
2942 5488 3191 5562 excfnplo
3220 5503 3402 5550 autem
3429 5495 3556 5553 Jobi

1972 5578 2029 5623 et
2072 5570 2349 5624 Abraham
2394 5573 2460 5626 ad
2516 5572 2751 5625 liliorum
2797 5571 3046 5642 jacturas
3091 5573 3333 5643 azquiorc
3368 5577 3554 5631 animo

1974 5648 2229 5705 ferendas
2264 5652 2607 5705 cohortatur.

2044 5728 2230 5785 Jacobi
2279 5730 2511 5802 Goupyli
2550 5732 3051 5802 interpretationem
3103 5732 3376 5801 Latinam,
3433 5734 3556 5803 «μω

1974 5810 2161 5864 multis
2191 5812 2339 5869 vitiis
2385 5813 2691 5881 laborabat,
2741 5813 3056 5884 rejccimus,
3110 5828 3423 5886 novamque
3470 5811 3555 5871 ic-

1974 5905 2167 5947 ςιιιιιιδ.
