4160 6324
201 419 349 475 1017

315 590 2185 628 —_—_________—_____________..__I.-'~.

1404 399 1495 456 DE
1533 396 1810 455 LAZARO
1844 397 2096 456 CONCIO
2155 399 2221 455 ἰ.

3321 387 3472 445 .tots
3518 351 3523 357 ’

2192 599 3377 626 u—‘—-I——'-—————-—————-—-—-——-

939 885 1126 993 IN
1176 884 1820 1027 DICTUM
1883 874 2690 992 APOSTOLI
2741 871 2870 982 (‘0:

261 1214 350 1258 ea
393 1215 877 1265 oonutsa'rums
920 1219 1141 1267 suasu
1185 1221 1349 1266 nono
1392 1222 1509 1267 vos
1551 1222 1910 1279 IGNORABE,
1958 1222 2250 1267 FB‘ATRES
2292 1203 2351 1283 (1
2397 1202 2608 1266 Thess.
2654 1200 2716 1275 Is,
2766 1198 2892 1281 12),
2938 1218 3018 1261 ur
3048 1217 3110 1260 IN
3154 1216 3267 1261 son
3311 1215 3393 1260 ετ

1665 1322 1997 1367 ΔΒΒΔΗΑΕ.

250 1959 307 2014 1.
350 1956 478 2015 Dies
507 1967 739 2030 quatuor
763 1960 818 2016 in
848 1961 1159 2033 explicanda
1182 1965 1335 2021 vobis
1355 1965 1540 2021 Lazari
1560 1966 1785 2037 parabo-

178 2046 233 2101 h
259 2050 721 2119 consumpsimus,
775 2051 1190 2124 thesaurumque
1223 2056 1592 2124 exhausimus,
1622 2066 1782 2127 quem

178 2138 492 2195 invenimus
517 2142 571 2195 in
611 2155 836 2212 corpore
865 2142 1138 2200 ulceribus
1163 2154 1404 2201 scatente
1430 2164 1442 2199 :
1471 2147 1780 2202 thesaurum

178 2228 234 2284 in
256 2240 368 2299 quo
394 2246 497 2287 nec
522 2248 734 2299 aurum,
752 2248 852 2289 nec
874 2244 1174 2304 argentum,
1202 2250 1302 2291 nec
1330 2235 1534 2305 lapides
1563 2221 1782 2307 pretiosi

178 2320 429 2388 inerant;
458 2322 551 2378 sed
575 2322 939 2395 phiIOSOphia,
968 2324 1244 2392 fortitudo,
1268 2326 1545 2396 patientia,
1569 2327 1785 2398 ingens-

178 2426 283 2483 que
314 2416 739 2483 perseverantia.
769 2416 1230 2485 Quemadmodum
1260 2418 1405 2474 enim
1438 2418 1490 2473 in
1518 2416 1784 2473 thesauris

177 2502 279 2558 sub
293 2518 513 2559 sensum
530 2504 844 2562 cadentibus
866 2508 1145 2579 contingit,
1165 2518 1222 2564 ut
1236 2509 1543 2581 superficies
1572 2522 1781 2579 Sptnas,

178 2594 413 2665 tribulos
453 2596 801 2666 asperiusque
825 2599 998 2653 solum
1029 2615 1138 2669 prae
1159 2616 1217 2655 se
1248 2601 1401 2667 ferat,
1431 2601 1477 2654 si
1506 2600 1627 2669 quis
1654 2613 1784 2653 vero

177 2683 339 2738 altius
365 2693 563 2739 terram
593 2686 859 2756 effoderit,
884 2704 1093 2759 magna:
1121 2689 1316 2745 adsunt
1348 2690 1586 2757 divitiae;
1624 2690 1702 2745 sic
1728 2699 1784 2745 et

176 2773 231 2829 in
260 2774 469 2831 Lazaro
494 2779 755 2847 contigit;
776 2779 906 2836 foris
928 2782 1172 2850 vulnera,
1201 2783 1348 2837 intus
1368 2782 1567 2837 divitiae
1591 2784 1777 2853 ingen-

179 2873 293 2921 tes:
318 2881 520 2938 corpus
561 2870 875 2939 resolutum,
908 2870 1063 2927 fortis
1085 2872 1316 2943 vigilque
1351 2860 1561 2927 animus
1588 2890 1602 2927 :
1633 2873 1782 2951 vide-

178 2955 491 3025 rcque‘erat
516 2959 716 3014 dictum
745 2962 1096 3030 apostolicum
1138 2963 1238 3017 hac
1275 2964 1327 3017 in
1355 2978 1414 3017 re
1455 2963 1729 3033 impletum
1763 2981 1777 3018 :

183 3044 445 3111 Quantum
477 3055 709 3101 aternus
742 3050 893 3104 homo
934 3053 1295 3122 corrumpitur,
1321 3062 1517 3107 tantum
1552 3054 1781 3118 internus

180 3146 453 3190 renouatur
480 3136 557 3207 (2.
583 3136 701 3192 Cor.
731 3140 784 3194 4.
818 3139 932 3210 16).

248 3226 443 3282 Contra
495 3228 830 3289 Manio/usos.
856 3263 932 3273 —
957 3234 1035 3291 Ae
1089 3235 1284 3292 licebat
1333 3237 1549 3309 quidem
1612 3232 1777 3293 etiam

181 3316 342 3394 hodie
362 3319 504 3375 hanc
532 3323 840 3391 parabolam
860 3333 1119 3392 tractare,
1151 3338 1204 3381 et
1234 3343 1354 3382 cum
1378 3330 1646 3384 haereticis
1676 3345 1779 3399 pu-

183 3424 368 3479 gnare,
416 3411 508 3481 qui
552 3423 705 3467 vetus
735 3413 1140 3471 Testamentum
1184 3406 1508 3487 vituperant,
1557 3421 1780 3490 patriar-

184 3500 308 3557 chas
360 3514 655 3572 accusant,
699 3518 755 3561 et
805 3494 1000 3584 co'ntra.
1053 3510 1428 3566 universorum
1479 3523 1779 3569 creatorem

186 3592 352 3680 Deum
384 3596 622 3668 linguam
667 3596 905 3656 acuunt:
936 3616 1120 3656 verum
1166 3617 1235 3657 ne
1274 3604 1575 3659 satietatem
1617 3613 1780 3674 atque

186 3684 453 3770 fastidium
483 3691 655 3745 oratio
675 3682 828 3748 vobis
851 3692 1059 3757 aﬂ'erat,
1092 3693 1209 3749 haec
1235 3696 1524 3749 certamina
1551 3680 1694 3751 aliud
1724 3696 1776 3752 in

186 3783 392 3848 tempus
420 3792 764 3851 seponentes,
791 3800 890 3854 age
918 3784 985 3839 ad
1011 3786 1153 3840 aliud
1174 3797 1546 3857 argumentum
1575 3802 1780 3843 sermo-

185 3881 304 3921 nem
323 3880 724 3927 convertamus.
761 3874 896 3931 Nam
936 3872 1095 3933 unius
1133 3879 1347 3948 generis
1371 3880 1492 3935 cibo
1518 3880 1779 3937 instructa

186 3970 365 4013 mensa
385 3960 687 4017 satietatem
713 3965 875 4034 parit,
895 3967 1058 4021 variis
1079 3982 1206 4022 vero
1230 3967 1795 4041 eduliisfrequentata'.

186 4050 479 4118 appetitum
518 4056 737 4113 excitat.
761 4056 857 4112 ‘Ut
894 4058 1055 4127 igitur
1098 4059 1151 4112 in
1197 4059 1297 4114 hac
1336 4063 1596 4133 concione
1638 4064 1776 4120 idem

186 4141 415 4209 eveniat,
456 4143 525 4198 ad
562 4156 805 4201 sanctum
844 4147 1065 4210 Paulum
1097 4150 1256 4220 longo
1278 4151 1388 4219 jam
1418 4155 1672 4223 temporis
1707 4155 1781 4210 inc

187 4234 409 4289 tervallo
448 4244 803 4292 revertamur.
835 4238 1050 4294 Etenim
1092 4253 1395 4311 opportune
1437 4245 1593 4300 nobis
1620 4245 1780 4303 hodie

186 4318 332 4378 locus
358 4326 588 4395 apostoli
616 4326 788 4382 lectus
830 4338 935 4396 est,
974 4331 1065 4399 qui
1107 4319 1279 4401 nuper
1304 4332 1461 4388 dictis
1488 4345 1778 4392 consenta-

187 4428 283 4468 nea
319 4416 701 4486 suppeditabit.
732 4418 971 4475 Audistis
999 4423 1176 4492 itaque
1213 4423 1436 4479 Paulum
1482 4427 1638 4483 hodie
1666 4430 1777 4484 cla-

187 4515 510 4588 mantem'ac
532 4510 800 4567 dicentem
826 4529 838 4566 :
869 4510 947 4568 De
970 4513 1336 4571 dormientibus
1363 4527 1527 4573 autem
1549 4521 1667 4576 nolo
1693 4526 1779 4579 vos

188 4590 439 4665 ignorare,
491 4609 551 4654 ut
600 4618 702 4656 non
754 4606 1137 4673 contristemini,
1182 4608 1311 4663 sicut
1351 4620 1399 4663 et
1449 4612 1636 4676 ceteri,
1690 4617 1780 4684 qui

186 4702 321 4755 spem
362 4706 467 4745 non
514 4691 698 4747 habent
740 4694 817 4763 (1.
847 4693 1030 4752 Thess.
1075 4698 1129 4752 4.
1175 4698 1289 4769 12).
1336 4700 1428 4755 Ille
1469 4701 1537 4758 de
1575 4702 1779 4760 Lazaro

188 4780 522 4850 evangelicus
560 4791 751 4838 cantus
779 4783 895 4850 fuit,
932 4785 1021 4841 hic
1061 4789 1388 4858 apostolicus
1436 4806 1639 4858 sonus;
1681 4796 1776 4851 sed

190 4881 320 4924 unus
348 4881 430 4927 est
457 4886 770 4932 concentus.
802 4878 857 4932 Si
887 4879 1102 4948 quidem
1130 4881 1183 4934 in
1206 4881 1296 4936 illa
1326 4885 1585 4956 parabola
1612 4889 1775 4944 multa
1800 4944 1803 4947 λ

189 4956 251 5013 de
279 4966 707 5029 resurrectione,
725 4976 781 5023 et
808 4968 876 5024 de
902 4971 994 5024 illo
1022 4972 1269 5027 tribunali
1297 4975 1656 5046 philosophati
1687 4994 1779 5035 su-

190 5063 330 5121 mus;
373 5072 519 5112 nunc
558 5054 621 5113 in:
652 5058 882 5130 idipsum
929 5071 1302 5133 argumentum
1343 5081 1439 5121 nos
1483 5070 1655 5124 oratio
1682 5070 1779 5125 de-

191 5141 350 5201 duxit.
374 5148 557 5220 Itaque
586 5152 796 5208 etiamsi
823 5153 931 5224 jam
962 5155 1141 5211 locum
1164 5159 1388 5228 apostoli
1416 5160 1771 5229 defodiamus,

191 5238 428 5295 eumdem
469 5249 646 5297 tamen
695 5243 782 5299 hic
817 5244 1127 5301 thesaurum
1169 5249 1517 5317 reperiemus.
1562 5246 1773 5308 Etenim

193 5334 311 5417 tunc
353 5346 534 5417 sermo
566 5342 748 5389 noster
780 5345 919 5390 totus
934 5353 1024 5415 ~eo
1065 5339 1359 5407 spectabat,
1407 5351 1464 5395 ut
1504 5343 1773 5399 auditores

194 5414 538 5490 (iaceremus,
572 5423 703 5479 nihil
733 5425 785 5480 in
828 5426 927 5481 hac
946 5414 1071 5482 rvita
1098 5430 1433 5498 Splendidum
1462 5433 1774 5488 existiman-

247 5511 527 5581 (algcollata
538 5516 649 5565 cum
673 5525 778 5581 Mss.
799 5519 960 5580 Regiis
983 5519 1116 5579 1819,
1141 5522 1278 5581 1960,
1294 5522 1421 5571 1975
1445 5536 1457 5572 :
1484 5522 1787 5576 Colbertinis,

195 5568 269 5627 ιθέ
290 5568 554 5639 364.1030.
580 5584 630 5627 ιη
645 5580 817 5628 Codice
840 5568 971 5630 eam.
992 5568 1084 5632 δεμ
1104 5568 1773 5637 ἰιίἐεὶίὑίὶὑῖδεὶκῖσι’ἷο’ῖέὶᾁῖ

194 5642 309 5708 ψη,
332 5649 383 5691 et
398 5639 601 5708 homilia
624 5642 673 5708 in
698 5653 791 5708 eos
806 5656 886 5705 qut
910 5643 971 5708 ad
994 5646 1247 5695 Circenses
1268 5654 1480 5708 pergunt
1496 5648 1770 5701 inscribitur

190 5699 356 5758 Quinta
389 5707 439 5753 tn
462 5700 571 5755 aliis
584 5704 755 5762 Quinta
780 5699 1074 5769 inscribitur,
1102 5714 1152 5757 et
1176 5699 1297 5757 vere
1321 5699 1495 5772 quinta
1519 5716 1613 5759 est.

1895 1965 2045 2031 dum,
2072 1962 2169 2019 sed
2198 1975 2294 2030 spe
2334 1960 2558 2016 ulterius
2595 1957 3068 2031 progrediendum,
3102 1968 3261 2029 atque
3304 1960 3486 2015 animo

1890 2053 2126 2126 quotidie
2142 2051 2492 2122 reputandum
2514 2064 2655 2117 esse,
2679 2049 2862 2120 quales
2882 2049 2988 2104 illic
3003 2049 3301 2117 sententiae,
3324 2065 3486 2120 quam

1890 2144 2227 2201 formidabile
2246 2143 2505 2215 judicium
2534 2143 2766 2206 futurum
2808 2143 2876 2197 sit
2901 2161 2914 2197 :
2942 2157 3100 2213 quam
3130 2140 3301 2197 fraudi
3328 2143 3484 2214 inop-

1889 2243 2154 2307 portunus
2176 2236 2360 2307 judex.
2389 2234 2502 2303 Hpc
2518 2234 2716 2289 Paulus
2745 2232 2796 2287 in
2822 2232 3077 2287 hodierna
3099 2232 3330 2288 lectione
3354 2247 3490 2288 con-

1890 2327 2049 2393 sulit;
2095 2327 2191 2382 sed
2234 2327 2470 2383 animum
2509 2324 2790 2381 advertite.
2821 2324 2902 2379 De
2933 2326 3295 2380 dormientibus
3323 2335 3489 2380 autem

1890 2418 2007 2472 nolo
2035 2434 2121 2473 vos
2159 2420 2414 2488 ignorare,
2443 2417 2647 2487 fratres,
2692 2426 2748 2471 ut
2776 2433 2878 2471 non
2902 2417 3264 2471 contristemini
3290 2418 3416 2472 sicut
3441 2428 3489 2472 et

1888 2510 2077 2576 ceteri,
2104 2500 2209 2579 qui
2246 2512 2387 2579 spem
2425 2525 2528 2563 non
2567 2508 2769 2564 habent.
2811 2508 2872 2563 Si
2918 2507 3050 2562 enim
3078 2508 3328 2563 credimus
3351 2510 3487 2579 quod

1887 2598 2041 2654 Jesus
2076 2609 2303 2654 mortuus
2338 2606 2430 2666 est,
2460 2610 2507 2653 et
2535 2600 2807 2654 resurrexit
2856 2614 2876 2653 :
2926 2600 2997 2653 ita
3036 2608 3083 2654 et
3112 2598 3251 2673 Deus
3278 2617 3361 2655 eos
3402 2602 3488 2671 qui

1888 2686 2200 2743 dormierunt
2230 2706 2320 2758 per
2345 2688 2524 2743 Iesum
2546 2688 2761 2744 adducet
2787 2705 2902 2743 cum
2928 2705 2985 2743 eo
3015 2687 3180 2759 (Ibid.
3210 2690 3321 2759 15).

1959 2778 2063 2836 Cur
2082 2777 2272 2834 Christi
2298 2789 2530 2847 mortem,
2557 2779 2775 2845 aliarum
2796 2778 3149 2835 dormitionem
3170 2789 3307 2833 vocet
3336 2778 3478 2834 Pau-

1888 2870 2217 2925 lam—Hoc
2260 2870 2488 2941 primum
2530 2869 2932 2941 disquirendum
2976 2871 3129 2927 nobis
3177 2871 3476 2938 incumbit,

1887 2975 1984 3017 cur
2011 2977 2132 3017 eum
2154 2961 2221 3020 de
2239 2961 2454 3041 Christo
2473 2962 2727 3032 loquitur,
2755 2961 2871 3031 ejus
2895 2962 3097 3021 obitum
3124 2971 3352 3018 mortem
3382 2977 3481 3018 vo-

1886 3060 1993 3117 cet,
2035 3066 2158 3107 cum
2203 3059 2382 3107 autem
2430 3051 2498 3108 de
2551 3052 2769 3107 interitu
2812 3062 2997 3107 nostro
3034 3053 3161 3123 agit,
3209 3069 3332 3109 eum
3377 3068 3484 3109 non
3522 3095 3526 3099 ε

1886 3151 2137 3209 mortem,
2183 3142 2277 3197 sed
2305 3142 2683 3197 dormitionem
2713 3144 2965 3212 appellet.
2996 3142 3113 3198 Non
3140 3144 3284 3198 enim
3305 3143 3481 3211 dixit,

1885 3233 1954 3289 de
1974 3233 2202 3288 mortuis
2231 3242 2446 3297 autem;
2476 3228 2571 3288 sed
2598 3233 2762 3303 quid?
2790 3232 2869 3287 De
2894 3233 3252 3288 dormientibus
3277 3244 3444 3289 autem
3463 3252 3483 3290 :

1886 3333 1942 3381 et
1967 3340 2202 3393 rursum,
2232 3325 2317 3379 Ita
2346 3335 2393 3379 et
2422 3324 2561 3379 Deus
2589 3341 2693 3390 eos,
2722 3326 2807 3401 qui
2833 3324 3142 3379 dormierunt
3172 3343 3261 3395 per
3281 3325 3481 3392 Iesum,

1885 3418 2104 3472 adducet
2142 3434 2257 3473 cum
2282 3434 2339 3472 eo
2360 3417 2436 3489 (1.
2481 3416 2657 3472 Thess.
2687 3418 2742 3473 4.
2777 3418 2901 3488 l3);
2949 3433 3048 3473 nec
3089 3418 3245 3486 dixit,
3275 3434 3368 3474 eos
3393 3421 3482 3489 qui

1885 3509 2079 3564 mortui
2111 3518 2236 3563 sunt
2264 3526 2279 3563 :
2310 3518 2363 3565 et
2392 3509 2609 3575 iterum,
2645 3497 2766 3563 Nos
2786 3509 3137 3580 quivivimus,
3176 3511 3262 3580 qui
3298 3511 3484 3565 residui

1884 3614 2057 3653 sumus
2084 3599 2138 3653 in
2172 3599 2441 3653 adventum
2489 3598 2717 3666 Domini,
2752 3616 2855 3655 non
2894 3600 3252 3670 praveniemus
3287 3617 3371 3654 eos
3397 3602 3483 3670 qui

1886 3688 2199 3743 dormierunt
2224 3687 2328 3763 (Ib.
2359 3689 2471 3759 14).
2502 3688 2684 3760 Neque
2715 3689 2803 3745 hic
2844 3689 2997 3755 dixit,
3043 3704 3138 3745 eos
3162 3691 3252 3760 qui
3289 3691 3483 3746 mortui

1886 3766 2034 3848 sunt,
2059 3780 2152 3835 sed
2181 3789 2261 3835 ter
2290 3781 2613 3853 mentionem
2636 3779 2754 3850 ejus
2783 3779 3005 3846 faciens,
3036 3790 3117 3836 ter
3146 3788 3373 3836 mortem
3399 3795 3485 3833 vo-

1885 3870 2023 3927 cavit
2051 3870 2454 3926 dormitionem.
2488 3870 2806 3926 DeChristo
2832 3880 3013 3925 autem
3052 3887 3159 3925 non
3190 3871 3317 3926 item
3342 3887 3357 3925 :
3386 3870 3483 3927 sed

1884 3961 2193 4033 quomodo?
2240 3962 2303 4017 Si
2339 3964 2473 4017 enim
2505 3964 2755 4018 credimus
2783 3963 2917 4034 quod
2942 3962 3093 4019 Iesus
3116 3972 3345 4029 mortuus
3385 3968 3481 4046 est.

1883 4053 2002 4109 Non
2041 4052 2197 4118 dixit,
2231 4051 2594 4119 obdormivit,
2623 4053 2741 4119 sed,
2781 4061 3010 4107 mortuus
3050 4061 3141 4107 est.
3171 4052 3279 4109 Cur
3304 4053 3484 4123 itaque

1884 4146 2082 4202 Christi
2131 4147 2336 4201 obitum
2375 4154 2624 4215 mortem,
2666 4155 2909 4201 nostrum
2937 4161 3068 4202 vero
3099 4146 3479 4202 ‘dormitionem

1884 4237 2203 4307 appellavit?
2229 4252 2334 4292 non
2365 4237 2508 4293 enim
2538 4246 2739 4293 temere
2775 4246 2829 4293 et
2868 4237 2983 4292 sine
3007 4238 3217 4292 delectu
3253 4236 3356 4291 hac
3380 4251 3479 4289 vo-

1883 4342 2006 4383 eum
2035 4314 2417 4382 observatione
2441 4336 2525 4382 est
2556 4332 2712 4393 usus,
2736 4326 2840 4383 sed
2870 4327 3158 4397 sapientia:
3183 4326 3396 4397 plenum
3426 4335 3482 4381 et

1885 4434 2135 4490 magnum
2179 4418 2305 4489 quid
2357 4433 2641 4489 apparans.
2692 4419 2768 4474 De
2811 4418 3025 4473 Christo
3066 4420 3208 4473 enim
3252 4417 3481 4489 loquens

1885 4519 2115 4565 mortem
2164 4508 2317 4574 dixit,
2370 4517 2428 4562 ut
2476 4508 2711 4577 passinni
2754 4508 2910 4562 fidem
2960 4491 3178 4574 faceret,
3215 4506 3285 4564 de
3323 4506 3478 4560 nobis

1885 4617 2071 4673 agens,
2100 4600 2479 4657 dormitionem
2511 4601 2741 4667 vocavit,
2774 4607 2833 4654 ut
2866 4599 3106 4654 dolorem
3134 4599 3349 4655 leniret.
3374 4598 3474 4655 Ubi

1884 4696 2026 4750 enim
2069 4696 2180 4766 jam
2233 4699 2557 4757 resurrectio
2604 4707 2976 4774 praecesserat,
3031 4696 3202 4751 ﬁdens
3250 4705 3477 4750 mortem

1884 4795 2180 4853 memorat;
2230 4787 2324 4843 ubi
2366 4798 2541 4844 autem
2580 4798 2781 4842 tantum
2813 4776 3147 4856 sperabatur,
3196 4784 3478 4842 dormitio-

1884 4892 2008 4931 nem
2038 4887 2213 4943 vocat,
2242 4877 2343 4933 hac
2374 4894 2504 4934 voce
2539 4894 2668 4934 usus
2711 4879 2777 4932 ad
2806 4878 2993 4949 nostri
3030 4876 3475 4943 consolationem,

1882 4981 1939 5025 et
1966 4970 2033 5025 ad
2061 4987 2213 5040 spem
2240 4972 2623 5042 suggerendam
2652 4990 2664 5025 :
2698 4988 2819 5025 nam
2858 4972 2947 5040 qui
2973 4970 3191 5047 dormit,
3225 4970 3341 5024 sine
3371 4969 3473 5024 du-

1882 5061 1973 5115 bio
2014 5070 2277 5133 resurget,
2307 5063 2543 5134 nihilque
2583 5063 2727 5117 aliud
2760 5078 2905 5117 mors
2947 5071 3049 5127 est,
3088 5077 3246 5131 quam
3281 5062 3473 5132 longus

1881 5166 2133 5208 somnus.
2153 5155 2228 5210 Ne
2259 5154 2388 5209 mihi
2427 5155 2646 5224 dixeris,
2679 5165 2945 5210 mortuum
2991 5171 3091 5210 nec
3132 5156 3340 5221 audire,
3374 5171 3477 5211 nec

1882 5244 2050 5314 loqui,
2082 5260 2183 5300 nec
2214 5245 2421 5313 videre,
2456 5262 2628 5316 neque
2668 5262 2829 5302 sensu
2873 5246 3011 5301 afﬁci
3042 5266 3053 5301 :
3089 5262 3211 5301 nam
3243 5246 3474 5316 idipsum

1880 5333 1950 5390 de
1975 5335 2273 5391 dormiente
2306 5336 2554 5392 dixerim.
2600 5337 2655 5393 Si
2684 5336 2822 5407 quod
2859 5353 3020 5408 porro
3065 5338 3258 5391 mirum
3294 5338 3476 5392 dicere

1882 5427 2058 5493 liceat,
2090 5427 2406 5483 dormientis
2432 5429 2605 5483 anima
2637 5428 3029 5499 quodammodo
3058 5428 3291 5495 dormit;
3324 5444 3470 5482 mor-

1883 5519 1957 5573 tui
1989 5535 2091 5594 non
2138 5521 2287 5586 item,
2325 5521 2418 5576 sed
2462 5522 2662 5591 vigilat.
2713 5523 2799 5587 At,
2842 5521 3069 5591 inquies,
3108 5530 3349 5574 mortuus
3381 5536 3475 5589 pu-

1880 5611 2065 5666 trescit
2107 5621 2162 5667 et
2208 5612 2590 5681 corrumpitur,
2633 5612 2907 5682 pulvisque
2950 5620 3005 5666 et
3049 5612 3184 5665 cinis
3219 5605 3474 5662 efﬁcitur.

1878 5702 2015 5771 Quid
2053 5712 2163 5759 tmn
2198 5704 2342 5775 inde,
2394 5704 2623 5761 dilecte?
2670 5705 2794 5761 Ideo
2839 5703 3071 5760 maxime
3101 5707 3472 5782 gaudendum.
