4122 6334
671 365 809 421 1019

667 485 879 541 Etenim
909 485 952 538 si
980 483 1097 554 quis
1122 493 1353 539 Veterem
1382 483 1598 538 domum
1622 493 1920 553 quassatam
1955 493 2253 537 restaurare

663 575 811 640 velit,
843 575 1011 643 primo
1040 573 1366 627 habitatores
1411 574 1573 643 ejicit,
1618 576 1944 642 domumque
1977 572 2159 636 diruit,
2199 563 2254 626 et

663 667 1173 737 magnificentiorem
1197 665 1460 732 exstruit;
1487 666 1645 733 ejecti
1676 680 1801 719 vero
1833 680 1936 718 non
1965 664 2085 718 ideo
2113 678 2248 718 mae-

661 767 800 823 rent,
834 758 928 813 sed
971 756 1203 826 gaudent
1241 758 1436 825 potius.
1481 755 1598 810 Non
1644 755 1784 808 enim
1828 755 2246 818 demolitionem,

659 845 932 922 qitze'sub
980 858 1252 918 aspectum
1300 849 1457 912 cadit,
1505 849 1598 903 sed
1658 847 1891 903 futurum
1942 846 2246 912 aedificium,

656 942 799 1012 quod
833 957 934 996 non
959 941 1186 1008 videtur,
1210 941 1387 994 animo
1423 949 1689 1010 reputant.
1719 940 1793 994 lta
1824 941 2059 994 facturus
2088 939 2245 1004 Deus,

655 1049 849 1103 corpus
879 1033 1144 1098 dissolvit,
1175 1042 1230 1087 et
1273 1033 1325 1086 in
1368 1032 1459 1087 illo
1489 1031 1813 1086 habitantem
1845 1031 2073 1084 animam
2100 1031 2247 1100 prius

655 1125 853 1189 educit,
897 1140 994 1179 ceu
1035 1140 1102 1180 ex
1147 1124 1309 1178 domo
1348 1124 1618 1193 quapiam,
1647 1132 1705 1176 ut
1742 1131 1860 1192 post
1903 1122 1957 1176 in
2001 1122 2244 1176 eamdem

655 1219 1073 1289 magnificentius
1129 1227 1488 1273 constructam
1533 1217 1746 1270 domum
1775 1258 1790 1279 ,
1840 1215 2071 1268 animam
2121 1228 2242 1268 cum

653 1313 839 1381 majori
867 1312 1032 1380 gloria
1062 1310 1296 1365 reducat.
1329 1309 1404 1364 Ne
1434 1309 1590 1379 igitur
1610 1299 2007 1365 demolitionem
2035 1313 2257 1375 spcctc-.

653 1421 794 1471 lllllS,
826 1405 917 1458 sed
951 1403 1180 1458 futurum
1213 1402 1572 1472 splendorem.

720 1495 774 1547 2.
821 1495 1125 1562 iterumque
1163 1493 1205 1547 si
1234 1493 1351 1562 quis
1392 1492 1622 1568 statuam
1651 1489 1852 1544 habens
1894 1491 2140 1558 rubigine
2174 1503 2236 1544 ac

651 1597 890 1655 tempore
922 1584 1317 1650 labefactatam,
1368 1582 1652 1652 multisque
1691 1580 1926 1649 partibus
1971 1580 2243 1644 mutilam,

648 1681 818 1749 ipsam
842 1677 1126 1733 contritam
1171 1677 1221 1729 in
1255 1675 1520 1729 fornacem
1550 1674 1735 1742 injicit,
1772 1682 1827 1725 ut
1854 1672 2032 1726 ﬂando
2058 1672 2237 1742 Splen-

648 1770 906 1823 didiorem
953 1767 1159 1822 reddat.
1207 1765 1660 1833 Quemadmodum
1714 1764 1872 1834 igitur
1917 1765 1967 1818 in
2017 1762 2234 1834 fornace

646 1872 822 1917 statua
851 1861 1042 1915 detrita
1083 1874 1187 1913 non
1215 1858 1441 1921 deletur,
1474 1856 1566 1912 sed
1608 1865 1912 1919 renovatur,
1947 1856 2024 1911 sic
2062 1867 2232 1910 morte

644 1969 869 2024 corpora
896 1961 1073 2009 nostra
1103 1967 1208 2007 non
1240 1966 1458 2022 prorsus
1487 1957 1731 2019 pereunt,
1761 1949 1855 2004 scd
1885 1959 2226 2004 renovantur.

643 2046 778 2100 Cum
815 2046 974 2114 igitur
1001 2044 1202 2100 videris
1239 2058 1454 2098 carnem
1501 2051 1764 2107 nostram,
1805 2057 1902 2096 ceu
1930 2041 1984 2095 in
2013 2039 2230 2096 fornace

642 2138 964 2194 deﬂuentem
1009 2145 1062 2193 et
1093 2144 1504 2207 putrescentem,
1540 2150 1606 2188 ne
1650 2136 1702 2188 in
1733 2142 1954 2203 aspectu
1996 2134 2085 2187 illo
2113 2142 2225 2188 ste-

643 2231 795 2295 teris,
834 2229 931 2284 sed
971 2229 1147 2283 denuo
1191 2226 1526 2282 conﬂandam
1577 2234 1845 2294 exspecta.
1898 2225 2079 2294 Neque
2125 2224 2227 2278 hoc

642 2332 844 2377 tantum
872 2321 1098 2390 exempli
1128 2319 1286 2373 modo
1315 2327 1592 2373 contentus
1619 2317 1873 2380 esto,’scd
1905 2316 1971 2370 ad
2003 2316 2054 2370 id
2084 2316 2224 2385 quod

625 2416 788 2482 prius
817 2423 899 2469 est
934 2411 1300 2467 ratiocinando
1325 2411 1572 2479 procede.
1620 2409 1918 2464 Statuarius
1943 2409 2107 2475 enim,
2133 2408 2222 2478 qui

637 2521 833 2576 corpus
857 2521 1061 2560 aeneum
1108 2505 1309 2573 injecit,
1339 2519 1442 2557 non
1479 2517 1696 2556 auream
1723 2501 1812 2554 tibi
1843 2510 1897 2556 et
1943 2501 2220 2554 immorta-

638 2598 742 2652 lem
784 2597 959 2651 reddit
986 2605 1235 2662 statuam,
1266 2595 1361 2649 sed
1392 2610 1592 2648 teneam
1635 2608 1845 2648 rursum
1874 2593 2054 2648 efficit.
2079 2593 2222 2647 Con-

636 2699 717 2743 tra
765 2702 893 2743 vero
947 2689 1109 2754 Deus,
1161 2671 1305 2740 luteo
1359 2701 1420 2739 ac
1464 2685 1677 2739 mortali
1721 2685 1918 2752 injecto
1967 2698 2212 2753 corpore,

633 2794 849 2835 auream
903 2787 956 2833 et
999 2777 1353 2832 immortalem
1406 2776 1496 2829 tibi
1548 2783 1776 2830 statuam
1827 2774 2045 2830 reddit:
2078 2784 2244 2829 terra'

633 2873 797 2936 enim,
830 2886 949 2942 qure
971 2870 1169 2924 ﬂuxum
1201 2885 1263 2924 ac
1288 2869 1633 2939 eorruptibile
1660 2869 2104 2938 corpusaccepit,
2137 2869 2218 2921 in-

629 2964 976 3037 eorruptibile
1025 2963 1152 3017 illud
1197 2971 1251 3018 et
1290 2961 1591 3016 immortale
1634 2960 1885 3016 restituit.
1930 2960 2008 3015 Ne
2039 2961 2216 3030 itaque

630 3056 888 3110 intuearis
937 3069 1080 3120 eum,
1127 3054 1278 3122 cujus
1321 3053 1488 3108 clausi
1534 3060 1657 3106 sunt
1697 3052 1856 3116 oculi,
1907 3051 1997 3121 qui
2037 3059 2216 3105 mutus

626 3147 785 3218 jacet,
820 3145 913 3200 sed
942 3161 1088 3212 eum,
1123 3147 1210 3215 qui
1235 3153 1477 3214 resurget
1504 3153 1557 3199 et
1577 3144 1802 3214 accipiet
1825 3145 2046 3214 gloriam
2074 3143 2213 3198 inef-

628 3239 841 3293 fabilem
870 3247 922 3292 et
943 3237 1254 3307 stupendam
1281 3237 1706 3321 mirabilemque,
1732 3245 1890 3306 atque
1911 3252 1937 3290 a
1963 3237 2213 3305 praesenti

625 3324 931 3398 hujusmodi
964 3336 1178 3399 aspectu
1214 3327 1562 3397 cogitationes
1593 3326 1824 3382 transfer
1855 3329 1904 3380 in
1947 3342 2097 3397 spem
2127 3327 2209 3381 fu-

627 3432 821 3476 turam.
865 3424 934 3476 At
964 3421 1404 3477 consuetudinem
1442 3421 1690 3489 requiris,
1725 3420 1950 3489 ideoque
1981 3421 2212 3490 ingemi-

624 3516 731 3569 scis
766 3530 828 3569 ac
853 3514 1039 3585 luges?
1062 3515 1146 3568 'Et
1171 3514 1261 3583 qui
1297 3527 1403 3566 non
1443 3511 1733 3565 absurdum
1765 3512 1941 3574 fuerit,
1976 3511 2042 3578 si,
2087 3525 2207 3565 cum

625 3622 824 3677 sponso
872 3606 1100 3675 cuipiam
1150 3604 1311 3658 filiam
1360 3603 1728 3667 collocaveris,
1777 3602 1971 3671 illeque
2023 3609 2206 3658 seCum

623 3717 742 3754 eam
775 3701 826 3754 in
856 3700 1199 3770 longinquam
1238 3700 1509 3770 regionem
1538 3699 1840 3765 abduxerit,
1881 3699 2061 3769 ibique
2091 3715 2204 3754 rem

624 3806 881 3862 prospere
923 3793 1167 3861 gesserit,
1210 3807 1320 3853 rem
1371 3807 1475 3844 non
1506 3791 1798 3862 molestam
1850 3790 2021 3853 ducis,
2069 3791 2207 3847 bene

620 3893 786 3956 gest-1a
820 3884 897 3939 rei
927 3883 1062 3939 fama
1093 3884 1345 3938 absentim
1369 3857 1607 3938 dolorem
1636 3883 1870 3938 leniente
1898 3901 1911 3936 :
1937 3883 2023 3937 hic
2054 3899 2200 3948 vero,

619 3989 742 4028 cum
779 3989 881 4027 non
926 3975 1108 4038 homo,
1149 3988 1253 4028 non
1304 3989 1615 4040 conservus,
1662 3974 1754 4028 sed
1789 3975 1911 4048 ipse
1949 3976 2204 4031 Dominus

618 4077 901 4136 cognatum
938 4077 1085 4121 tuum
1125 4069 1380 4138 abripuit,
1437 4081 1662 4122 mmreas
1691 4076 1746 4122 et
1771 4068 2070 4124 crucierts?

692 4157 883 4213 Luctus
912 4175 1031 4228 erga
1059 4158 1322 4228 defunctos
1341 4160 1504 4227 qualis
1528 4175 1634 4213 esse
1662 4159 1854 4214 debeat.
1878 4190 1950 4201 —
1974 4161 2039 4215 Et
2065 4147 2201 4231 quo-

618 4246 1066 4319 modo,'inquies,
1095 4249 1256 4302 homo
1281 4263 1402 4303 cum
1427 4249 1547 4316 sim,
1571 4251 1771 4319 possim
1802 4265 1908 4305 non
1936 4251 2203 4306 moerere?

616 4340 800 4411 Neque
824 4356 924 4410 ego
952 4340 1004 4394 id
1033 4342 1241 4409 posrulo
1270 4359 1282 4395 :
1317 4357 1422 4396 non
1450 4358 1738 4398 mterorem
1766 4355 1909 4412 veto,
1949 4344 2042 4399 sed
2071 4360 2204 4400 mte-

615 4433 757 4486 roris
779 4431 1191 4486 vehementiam.
1215 4431 1439 4487 Mcerere
1467 4449 1714 4503 namque,
1748 4444 1952 4488 naturae
1978 4444 2078 4498 est,
2107 4435 2201 4491 sed

615 4526 754 4580 ultra
783 4525 997 4579 modum
1025 4541 1277 4592 maerere,
1311 4525 1528 4590 furoris,
1557 4528 1800 4594 insaniae,
1822 4528 2202 4598 muliebrisque

613 4617 800 4672 animi.
844 4617 1029 4682 bitere,
1075 4619 1397 4688 lacrymare;
1445 4617 1538 4673 sed
1577 4633 1644 4673 ne
1691 4634 1830 4688 :cgre
1875 4621 2202 4690 molesteque

612 4709 773 4774 feras,
806 4725 874 4765 ne
903 4710 1209 4779 indigneris.
1241 4709 1449 4765 Gratias
1490 4724 1588 4779 age
1630 4710 1701 4772 ei,
1732 4710 1820 4779 qui
1866 4711 2100 4776 abstulit,
2143 4720 2202 4766 ut

612 4801 922 4856 defunctum
966 4816 1212 4869 exornes,
1240 4802 1460 4871 ejusque
1494 4801 1665 4856 funeri
1695 4803 1806 4857 lucc
1830 4803 1972 4870 justa
2016 4805 2200 4872 splen-

610 4891 737 4946 dide
764 4894 1056 4961 persolvas,
1097 4893 1302 4962 ipsrque
1338 4892 1534 4946 mittas.
1564 4891 1618 4946 Si
1662 4894 1883 4948 moleste
1909 4893 2069 4958 feras,
2100 4895 2199 4965 ipsi

610 4985 1027 5041 contumeliosus
1053 5001 1133 5051 es,
1176 4986 1341 5040 Deum
1369 4985 1677 5049 exacerbas,
1709 4997 1863 5057 teque
1891 4987 2062 5056 ipsum
2101 4987 2198 5041 da-

609 5092 738 5132 mno
767 5076 970 5146 afficis';
989 5079 1079 5148 Sin
1097 5078 1291 5147 gratias
1307 5092 1452 5146 agas,
1485 5078 1561 5130 illi
1590 5078 1867 5141 honorem,
1894 5080 2001 5133 Deo
2025 5079 2196 5148 ipsum

605 5168 889 5237 abripienti
923 5165 1165 5243 gloriam,
1196 5169 1286 5223 tibi
1317 5169 1518 5222 lucrum
1557 5170 2194 5240 procuras.Lacrymare,

607 5268 665 5312 ut
693 5260 949 5314 Dominus
980 5271 1096 5315 tuus
1127 5261 1380 5315 Lazarum
1407 5260 1559 5326 luxit,
1593 5258 1806 5316 modum
1839 5261 2011 5328 nobis,
2045 5279 2202 5333 regu-

607 5352 712 5406 lam
749 5353 1137 5422 terminumque
1174 5351 1374 5415 doloris
1412 5367 1633 5422 ponens,
1665 5369 1821 5423 quem
1855 5355 2196 5423 prtetergredi

606 5460 714 5500 non
738 5444 881 5499 licet.
935 5444 1023 5499 Sic
1066 5457 1120 5499 et
1163 5444 1357 5498 Paulus
1385 5445 1494 5499 ait:
1525 5445 1602 5498 De
1631 5445 1990 5499 dormientibus
2030 5457 2197 5502 autem

606 5537 728 5591 uolo
754 5552 838 5590 vos
867 5538 1120 5608 ignorare,
1163 5546 1218 5590 ut
1245 5554 1344 5590 non
1382 5539 1740 5592 contristemini
1767 5544 1895 5592 sicut
1937 5550 1982 5593 et
2007 5542 2194 5609 ueteri,

605 5630 693 5701 qui
722 5646 861 5698 spem
899 5646 999 5683 non
1029 5630 1211 5684 habent
1239 5631 1314 5700 (l.
1351 5629 1526 5684 Thess.
1561 5632 1614 5685 4.
1644 5630 1756 5698 12).
1791 5631 1972 5697 Μωτε,
2007 5633 2193 5702 inquit,

607 5730 661 5774 at
694 5735 798 5773 non
842 5728 900 5773 ut
939 5720 1212 5787 Ethnicus,
1262 5721 1351 5790 qui
1398 5720 1480 5774 de,
1506 5723 1897 5777 resurrectione
1928 5723 2192 5793 desperat,

605 5823 698 5878 qui
739 5810 968 5867 futuram
1008 5812 1170 5868 vitam
1215 5826 1321 5868 non
1367 5821 1653 5884 exspectat.
1705 5813 1871 5871 Pudet
1916 5831 2020 5883 mc,
2064 5817 2190 5872 mihi

1412 364 1470 420 S.
1509 363 1787 423 JOANNIS
1822 361 2296 420 CllRYSOSTOMl
2334 361 2653 420 ARCHIEP.
2694 329 3225 428 CONSTANTINOP.

3821 377 3944 432 1090

2367 480 2587 543 credite,
2619 490 2672 539 et
2698 483 2976 549 erubesco,
3005 501 3125 541 cum
3155 504 3248 558 per
3277 486 3450 544 forum
3478 490 3634 545 video
3674 493 3940 548 mulierum

2364 579 2589 637 turmas,
2621 573 2869 630 indecore
2910 573 3147 647 agentes,
3179 581 3400 649 capillos
3428 584 3707 646 vellentes,
3739 584 3938 638 brachia

2359 677 2627 732 genasque
2656 665 2981 734 lacerantes;
3007 669 3165 739 idque
3185 686 3363 727 coram
3394 674 3651 730 Ethnicis.
3681 677 3817 744 Quid
3845 695 3936 732 non

2360 752 2431 805 illi
2473 753 2539 809 de
2571 756 2722 812 nobis
2751 760 2961 827 dicturi,
3004 762 3130 830 quid
3173 777 3279 818 non
3322 765 3656 822 voeiferaturi
3689 772 3851 824 sunt?
3878 772 3934 826 lii

2357 853 2484 898 sunt
2507 847 2593 914 qui
2625 847 2692 902 de
2733 853 3123 907 resurrectione
3156 853 3632 924 philosophantur?
3662 859 3802 916 Sane
3829 862 3934 930 qui-

2357 934 2499 988 dem.
2539 936 2654 990 Non
2692 940 2833 992 enim
2861 956 2980 994 eum
3008 943 3343 1013 dogmatibus
3367 955 3516 1017 gesta
3555 954 3926 1005 consentiunt:

2354 1027 2531 1080 verbis
2577 1029 2788 1098 quidem
2831 1032 2900 1087 de
2945 1037 3333 1098 resurrectione
3365 1037 3848 1108 phil050phantur:
3883 1055 3935 1094 re

2351 1129 2526 1174 autem
2571 1119 2681 1190 ipsa
2722 1123 2940 1192 perinde
2981 1140 3039 1179 se
3076 1136 3286 1196 gerunt,
3326 1130 3618 1199 atque'illi,
3663 1132 3754 1201 qui
3782 1132 3845 1186 de
3871 1147 3929 1187 ea

2350 1209 2672 1280 desperant:
2702 1216 2747 1268 si
2790 1221 3236 1276 resurrectionem
3280 1221 3394 1277 fore
3430 1224 3781 1291 confiderent,
3815 1225 3927 1280 talia

2349 1317 2454 1355 non
2482 1315 2703 1373 agerent
2730 1324 2743 1359 ε
2776 1308 2818 1361 si
2850 1324 3157 1376 persuasum
3188 1311 3462 1380 haberent,
3491 1314 3632 1370 hunc
3656 1314 3725 1369 ad
3745 1316 3928 1370 melio-

2347 1409 2460 1448 rem
2493 1397 2678 1452 fortem
2709 1400 2923 1465 abiisse,
2963 1419 3067 1458 non
3101 1406 3281 1476 utique
3319 1408 3579 1478 lugerent.
3616 1409 3742 1464 Haec
3769 1419 3822 1464 et
3849 1411 3928 1464 bis

2345 1489 2495 1556 plura
2539 1490 2722 1547 dicunt
2761 1495 3022 1562 infideles,
3073 1513 3194 1553 cum
3236 1500 3393 1555 talem
3444 1501 3669 1555 audiunt
3708 1503 3921 1558 luctum.

2344 1581 2734 1641 Erubescamus
2781 1603 2928 1658 ergo,
2977 1600 3032 1645 et
3090 1591 3414 1648 moderatius
3460 1608 3701 1664 agamus,
3755 1611 3920 1665 neque

2344 1682 2546 1728 tantum
2585 1687 2638 1732 et
2673 1680 2826 1734 nobis
2857 1682 2983 1759 ipsis
3012 1693 3065 1738 et
3093 1687 3483 1754 Spectatoribus
3510 1688 3690 1742 damni
3731 1690 3920 1744 infera-

2340 1781 2480 1820 mus.
2510 1767 2639 1835 Cur,
2670 1785 2871 1840 quaeso,
2903 1774 2980 1828 sic
3010 1775 3316 1832 defunctum
3344 1779 3527 1850 luges?
3565 1783 3646 1834 An
3677 1784 3796 1852 quia
3825 1784 3919 1836 im-

2339 1859 2538 1927 probus
2579 1863 2731 1916 erat?
2773 1866 2932 1934 Atqui
2978 1867 3098 1922 ideo
3134 1870 3317 1939 gratias
3345 1871 3582 1941 agendze,
3621 1875 3762 1942 quod
3810 1877 3921 1943 ejus

2338 1950 2651 2020 improbitas
2693 1958 2913 2024 praecisa
2954 1958 3133 2014 fuerit.
3183 1963 3252 2016 At
3291 1961 3426 2031 frugi
3475 1973 3530 2019 et
3569 1965 3745 2020 bonus
3774 1968 3920 2022 erat?

2336 2042 2460 2097 ideo
2501 2043 2669 2099 laetari
2717 2051 2988 2114 convenit,
3025 2051 3168 2121 quod
3209 2054 3316 2107 cito
3364 2055 3618 2123 abreptus
3657 2058 3747 2120 sit,
3781 2058 3917 2125 prius

2333 2148 2489 2203 quam
2522 2137 2834 2206 improbitas
2866 2143 3246 2197 conscientiam
3274 2144 3390 2214 ejus
3415 2155 3666 2213 mutaret,
3699 2148 3914 2203 abierit-

2331 2240 2435 2294 qtte
2464 2228 2517 2281 in
2546 2228 2743 2297 locum,
2768 2232 2857 2285 ubi
2889 2233 2941 2286 in
2969 2242 3080 2288 tuto
3112 2245 3369 2302 versatur,
3404 2252 3575 2306 neque
3604 2239 3707 2291 ulla
3745 2249 3912 2293 muta-

2332 2316 2406 2370 tio
2436 2321 2735 2374 metuenda.
2769 2322 2874 2377 Sed
2908 2323 3118 2393 juvenis
3162 2327 3320 2381 erat?
3347 2327 3546 2382 Idcirco
3572 2330 3799 2398 gloriam
3835 2346 3914 2383 ra-

2331 2409 2517 2476 pienti'
2549 2411 2657 2465 Deo
2708 2412 2928 2477 referas,
2982 2417 3122 2486 quod
3173 2419 3279 2471 cito
3329 2418 3475 2473 illum
3519 2420 3585 2473 ad
3641 2421 3908 2475 meliorem

2329 2508 2528 2554 sortem
2561 2504 2854 2559 vocaverit.
2891 2506 3067 2561 Senex
3099 2509 3245 2562 erat?
3275 2509 3354 2563 Ob
3381 2509 3431 2562 id
3459 2512 3643 2580 gratia:
3673 2513 3907 2582 agenda,

2327 2590 2521 2644 iterum
2555 2595 2780 2661 rapienti
2815 2597 2925 2652 Deo
2954 2599 3178 2669 gloriam
3210 2600 3428 2656 referas.
3477 2603 3629 2656 Hunc
3659 2603 3908 2659 efferendi

2326 2682 2543 2736 modum
2577 2685 2854 2740 crubesce.
2903 2688 3238 2756 Psalmodiae,
3287 2680 3495 2764 preces,
3526 2704 3738 2762 patrum
3782 2710 3904 2748 con-

2325 2782 2536 2838 ventus,
2571 2775 2793 2831 fratrum
2824 2778 3107 2833 multitudo
3153 2789 3335 2849 tanta;
3380 2781 3494 2836 haec
3535 2784 3776 2860 inquam,
3809 2801 3906 2839 non

2324 2863 2445 2919 ideo
2484 2865 2698 2934 adsunt,
2742 2878 2798 2922 ut
2836 2868 2989 2934 ﬂeas,
3031 2886 3260 2926 mmreas
3305 2880 3358 2926 et
3394 2872 3708 2942 indigneris,
3738 2874 3830 2929 sed
3858 2886 3910 2929 ut

2321 2955 2521 3023 gratias
2551 2958 2600 3011 ei
2632 2973 2778 3028 agas,
2825 2961 2913 3028 qui
2945 2961 3253 3016 defunctum
3296 2965 3519 3035 accepit.
3553 2964 3909 3031 Quemadmo-

2321 3047 2446 3103 dum
2487 3051 2629 3104 enim
2673 3066 2787 3118 eos,
2817 3053 2907 3121 qui
2950 3052 3016 3106 ad
3060 3054 3422 3123 magistratum
3451 3067 3726 3122 vocantur,
3759 3059 3905 3113 multi

2320 3156 2440 3197 cum
2496 3142 2741 3196 laudibus
2789 3152 2843 3197 et
2892 3145 3279 3200 acclamatione
3325 3148 3679 3213 comitantur;
3740 3151 3809 3203 ita
3856 3161 3907 3204 et

2319 3229 2552 3299 sanctos,
2611 3235 2702 3303 qui
2747 3235 3115 3304 decesserunt,
3167 3245 3350 3305 utpote
3391 3238 3480 3307 qui
3527 3239 3594 3293 ad
3650 3242 3904 3308 majorem

2318 3337 2611 3380 evocentur
2637 3326 2920 3394 honorem,
2949 3343 3070 3382 cum
3097 3331 3302 3400 magnis
3331 3345 3519 3386 omnes
3540 3332 3785 3387 laudibus
3813 3333 3905 3388 de-

2316 3418 2534 3474 ducunt.

2389 3510 2532 3564 Mors
2569 3513 2707 3581 quies
2757 3513 3104 3574 est.—Mors
3133 3515 3284 3586 quies
3321 3527 3420 3581 est,
3455 3528 3509 3573 et
3556 3534 3585 3572 a
3627 3521 3902 3577 sudoribus

2314 3603 2560 3670 curisque
2586 3603 2931 3658 sazcularibus
2959 3603 3222 3659 liberatio.
3249 3605 3380 3660 Cum
3409 3607 3565 3678 igitur
3590 3625 3654 3663 ex
3688 3612 3899 3679 propin-

2313 3694 2430 3765 quis
2451 3694 2682 3765 aliquem
2706 3695 2900 3750 videris
2924 3696 3047 3750 hinc
3076 3695 3383 3764 abeuntem,
3416 3715 3482 3752 ne
3507 3700 3721 3768 indigne
3742 3701 3895 3767 feras,

2311 3786 2404 3841 sed
2430 3802 2804 3858 compungere,
2838 3788 2902 3842 ad
2933 3789 3156 3859 teipsum
3182 3791 3314 3854 redi,
3347 3794 3728 3848 conscientiam
3756 3809 3901 3849 seru.

2312 3888 2448 3946 tare,
2492 3881 2594 3935 hoc
2635 3882 2936 3944 considera,
2990 3876 3138 3938 brevi
3191 3899 3370 3952 parem
3429 3887 3519 3940 tibi
3567 3889 3895 3944 subeundum

2311 3988 2432 4030 esse
2472 3972 2653 4028 finem.
2689 3975 3096 4043 Temperantior
3134 3986 3271 4043 esto,
3306 3987 3360 4032 et
3387 3980 3607 4034 alterius
3635 3995 3803 4037 morte
3829 3985 3895 4037 ti-

2310 4078 2456 4118 mere
2486 4064 2652 4130 disce,
2679 4064 2939 4134 ignaviam
2984 4082 3200 4120 omnem
3241 4069 3487 4136 praecide,
3518 4070 3655 4125 facta
3695 4084 3780 4126 tua
3806 4091 3894 4129 ex-

2309 4156 2500 4225 pende,
2535 4165 2708 4209 errata
2737 4159 2965 4227 corrige,
2994 4159 3249 4227 Optimam
3291 4159 3373 4214 fac
3412 4176 3622 4216 morum
3653 4167 3894 4220 mutatio-

2311 4261 2454 4300 nem.
2482 4246 2595 4300 Hoc
2620 4247 2688 4300 ab
2721 4247 3023 4303 inﬁdelibus
3050 4249 3366 4313 differimus,
3395 4254 3536 4321 quod
3563 4255 3718 4309 aliter
3741 4267 3893 4326 atque

2307 4337 2382 4392 illi
2406 4337 2472 4392 de
2499 4338 2658 4392 rebus
2678 4337 2808 4407 ipsis
2819 4338 3142 4406 judicemus.
3173 4339 3407 4409 Respicit
3433 4342 3661 4400 infidelis
3690 4347 3888 4412 calum,

2307 4439 2360 4485 et
2384 4429 2592 4495 adorat,
2623 4428 2766 4498 quod
2807 4430 2980 4484 deum‘
3013 4445 3132 4486 esse
3169 4432 3352 4486 credat
3387 4450 3401 4486 :
3433 4441 3630 4489 terram
3661 4438 3888 4505 respicit,

2308 4523 2585 4592 ipsamque
2607 4522 2756 4581 colit.
2787 4530 2843 4577 et
2869 4523 2956 4599 iis,
2981 4538 3100 4593 qua:
3127 4525 3178 4576 in
3218 4538 3435 4579 sensum
3457 4525 3676 4591 cadunt,
3707 4527 3886 4581 inhiat.

2306 4614 2378 4668 At
2405 4629 2503 4669 nos
2523 4629 2677 4668 secus
2702 4632 2714 4666 :
2742 4614 2986 4670 videmus
3013 4616 3157 4669 enim
3185 4616 3398 4681 caelum,
3427 4627 3479 4672 et
3504 4617 3632 4686 ejus
3649 4619 3888 4688 opiﬁcem

2307 4706 2634 4761 admiramur
2664 4724 2676 4759 :
2707 4707 2878 4775 ipsum
2909 4708 3102 4776 quippe
3143 4723 3248 4761 non
3276 4708 3453 4772 deum,
3483 4710 3579 4765 sed
3621 4712 3712 4766 Dei
3745 4711 3886 4782 Opifi-

2306 4799 2446 4853 cium
2485 4813 2603 4853 esse
2634 4799 2924 4853 credimus.
2971 4796 3146 4854 Video
3175 4800 3430 4854 mundum
3475 4803 3799 4868 universum,
3827 4818 3883 4859 ac

2306 4904 2402 4958 per
2427 4889 2574 4943 illum
2601 4889 2838 4944 deducor
2892 4888 2958 4944 ad
2996 4899 3312 4945 creatorem.
3345 4891 3501 4947 Videt
3545 4892 3636 4948 ille
3662 4894 3884 4963 divitias,

2307 4982 2543 5056 ipsisque
2572 4982 2739 5036 inhiat
2778 4979 2833 5038 et
2858 4983 3183 5052 obstupescit
3211 5001 3224 5037 :
3250 4984 3407 5039 video
3453 4995 3506 5039 et
3534 5001 3634 5057 ego
3661 4988 3884 5053 divitias,

2306 5081 2360 5128 et
2389 5067 2605 5128 irrideo.
2634 5073 2792 5127 Videt
2832 5075 2920 5128 ille
2950 5083 3339 5144 paupertatem.
3359 5085 3412 5130 et
3439 5076 3740 5146 ingemiscit
3766 5096 3780 5131 :
3808 5081 3887 5133 vi-

2306 5165 2408 5217 deo
2434 5175 2486 5218 et
2515 5179 2612 5234 ego
2638 5173 3027 5233 paupertatem,
3055 5174 3109 5217 et
3130 5165 3357 5221 exsulto.
3385 5166 3506 5220 Alio
3521 5182 3642 5237 ego,
3671 5168 3772 5224 alio
3801 5165 3883 5222 ille

2306 5257 2467 5311 modo
2494 5272 2579 5309 res
2611 5256 2943 5325 inspicimus.
2986 5255 3077 5311 Sic
3108 5265 3163 5310 et
3205 5258 3257 5310 in
3290 5269 3461 5314 morte
3491 5277 3590 5314 nos
3615 5262 3839 5330 gerimus
3869 5276 3880 5311 :

2306 5348 2452 5401 videt
2497 5347 2586 5402 ille
2630 5358 2923 5412 mortuum,
2966 5357 3019 5402 et
3058 5358 3325 5402 mortuum
3372 5359 3522 5418 putat
3554 5370 3567 5406 :
3599 5353 3752 5405 video
3789 5367 3884 5422 ego

2305 5451 2599 5506 mortuum,
2624 5452 2677 5495 et
2698 5457 2944 5494 somnum
2977 5457 3071 5511 pro
3115 5452 3288 5497 morte
3316 5443 3492 5497 video.
3537 5447 3613 5498 Ae
3640 5444 3882 5515 quemad—

2306 5525 2523 5588 modum
2556 5534 2608 5586 in
2639 5525 2806 5588 literis
2844 5534 3056 5598 accidit,
3099 5543 3158 5587 ut
3188 5536 3373 5589 iisdem
3403 5536 3575 5590 oculis
3602 5538 3742 5606 ipsas
3771 5551 3880 5591 cer-

2305 5641 2515 5690 namus,
2545 5625 2683 5678 doeti
2729 5633 2782 5680 et
2823 5625 3042 5689 indocti,
3094 5642 3193 5680 nec
3233 5627 3417 5682 cadent
3464 5638 3642 5683 tamen
3688 5639 3881 5693 mente;

2305 5718 2398 5771 sed
2417 5718 2504 5787 qui
2535 5717 2715 5771 literas
2745 5732 2850 5770 non
2879 5725 3094 5782 norunt,
3126 5732 3220 5771 eas
3249 5719 3418 5772 sohun
3446 5734 3546 5788 pro
3575 5720 3762 5774 litteris
3796 5721 3881 5771 ha-

2308 5813 2495 5880 beant,
2529 5811 2615 5883 qui
2643 5824 2768 5866 vero
2813 5818 3036 5877 norunt,
3078 5824 3266 5880 magna
3299 5821 3412 5866 arte
3456 5825 3676 5866 sensum
3708 5815 3757 5868 in
3790 5809 3881 5867 illis
