4122 6334
193 365 332 427 1019

192 484 304 536 Καὶ
339 485 467 548 τοὺς
507 483 869 554 ἐκϐληθέντας
906 484 967 538 οὐ
1015 484 1177 537 λυπεῖ
1204 483 1266 536 τὸ
1297 484 1606 554 γινόμενον,
1642 483 1778 536 ἀλλά

192 567 290 620 καὶ
326 567 604 636 εὐφραίνει
650 567 832 620 πλέον·
883 567 944 620 οὐ
989 566 1098 638 γὰρ
1139 569 1206 638 τῇ
1243 567 1562 638 καθαιρέσει
1608 583 1782 637 προσ-

192 649 374 720 έχουσι
395 652 460 719 τῇ
481 648 808 722 βλεπομένη,
841 650 980 703 ἀλλά
1004 651 1102 719 τὴν
1127 650 1428 718 μέλλουσαν
1453 651 1782 721 οίκοδομὴνα

192 733 557 801 φαντάζονται
590 735 691 804 τὴν
729 737 788 787 οὐ
817 734 1174 805 βλεπομένην.
1210 733 1367 786 Οὔτω
1392 733 1455 804 δὴ
1488 735 1580 786 καὶ
1605 734 1784 796 όΘεός

191 819 370 870 ποιεῖν
433 816 644 887 μέλλων
684 817 944 870 καταλύει
988 818 1148 888 ἡμῶν
1196 818 1259 870 τὸ
1293 816 1486 888 σῶμα,
1537 819 1632 872 καὶ
1685 818 1781 888 τὴν

191 897 510 952 ἐνοικοῦσαν
540 903 596 952 ἐν
625 901 772 970 αὐτῷ
804 901 982 972 ψυχὴν
1009 901 1191 970 ἐξάγει
1219 902 1505 972 πρότερον,
1526 901 1779 974 καθάπερ

193 983 251 1050 ἐξ
277 985 454 1046 οἰκίας
475 985 641 1048 τινὸς,
672 986 756 1038 ἵνα
779 985 1167 1057 λαμπροτέραν
1194 986 1363 1054 αὐτὴν
1390 987 1776 1056 οἰκοδομήσας,

189 1065 334 1135 μετά
351 1066 594 1129 πλείονος
632 1068 801 1137 αὐτὴν
816 1068 973 1137 δόξης
990 1068 1262 1140 εἰσαγάγῃ
1285 1067 1467 1122 πάλιν.
1489 1070 1580 1139 Μὴ
1598 1071 1777 1123 τοίνυν

182 1153 254 1220 τῇ
293 1149 612 1220 καθαιρέσει
651 1151 1028 1223 προσέχωμεν,
1049 1151 1186 1204 ἀλλά
1221 1154 1288 1223 τῇ
1333 1151 1602 1225 μελλούσῃ
1635 1154 1779 1225 λαμ-

183 1232 438 1304 πρότητι.

259 1315 327 1385 β’.
346 1316 513 1370 Πάλιν
535 1317 826 1388 ἀνδριάντα
856 1336 939 1382 τις
967 1318 1110 1389 ἔχων
1131 1319 1193 1390 ἰῷ
1209 1321 1300 1373 καὶ
1319 1321 1498 1392 χρόνῳ
1517 1321 1775 1394 διεφθαρ-

183 1399 375 1470 μένον,
426 1401 520 1453 καὶ
553 1401 726 1455 πολλά
750 1403 859 1456 τῶν
892 1403 1075 1473 μερῶν
1115 1404 1608 1475 ἀποτεθλασμένον,
1646 1423 1775 1459 συν-

179 1483 384 1552 τρίψας
420 1483 582 1537 αὐτὸν
613 1487 693 1547 εἰς
746 1487 1112 1557 χωνευτήριον
1155 1486 1436 1556 ἐμϐάλλει,
1470 1489 1565 1542 καὶ
1605 1489 1774 1559 τήξας

180 1567 353 1621 αὐτὸν
419 1567 694 1638 ἀκριϐῶς,
757 1567 901 1620 οὕτω
971 1569 1354 1641 λαμπρότερον
1421 1571 1770 1626 ἀποδίδωσιν.

182 1648 403 1721 Ὠσπερ
424 1646 515 1703 οὖν
543 1652 576 1720 ἡ
614 1653 672 1703 ἐν
709 1651 786 1722 τῷ
827 1654 1177 1723 χωνευτηρίῳ
1217 1655 1475 1725 συντριϐὴ
1505 1658 1604 1708 οὐκ
1634 1658 1774 1725 ἀφα-

179 1733 398 1802 νισμὸς,
426 1733 561 1786 ἀλλά
591 1735 987 1804 ἀνακαινισμός
1040 1736 1122 1800 τίς
1157 1737 1271 1790 ἐστι
1312 1736 1408 1790 τοῦ
1458 1738 1773 1809 ἀνδριάντος

177 1816 419 1868 ἐκείνου·
445 1813 587 1867 οὓτω
612 1816 837 1869 καὶτῶν
871 1817 1157 1886 ἡμετέρων
1187 1821 1454 1889 σωμάτων
1485 1823 1512 1872 ὀ
1541 1820 1773 1886 θάνατος

176 1898 283 1950 οὐκ
305 1897 553 1950 ἀπώλειά
580 1898 662 1961 τίς
687 1900 853 1962 ἐστιν,
873 1899 1007 1952 ἀλλά
1042 1901 1366 1964 ἀνανέωσις.
1394 1903 1563 1956 Ὅταν
1591 1905 1772 1959 τοίνυν

178 1979 323 2051 ἴδῃς,
365 1979 618 2051 καθάπερ
666 1983 725 2034 ἐν
759 1982 1130 2053 χωνευτηρίῳ,
1165 1985 1582 2056 καταρρέουσαν
1614 1988 1770 2056 ἡμῶν

175 2062 282 2131 τὴν
318 2064 495 2134 σάρκα
522 2064 617 2116 καὶ
647 2065 986 2134 σηπομένην,
1009 2065 1081 2136 μὴ
1114 2068 1246 2136 στῇς
1276 2067 1439 2137 μέχρι
1466 2068 1566 2137 τῆς
1595 2068 1772 2137 ὅψεως

175 2143 405 2215 ταύτης,
435 2145 573 2198 άλλά
597 2147 699 2217 τὴν
727 2147 1100 2217 ἀναχώνευσιν
1128 2149 1385 2218 ἀνάμενε·
1408 2150 1503 2203 καὶ
1529 2152 1663 2222 μηδὲ
1691 2152 1769 2222 τῷ

179 2227 373 2296 μέτρῳ
401 2227 496 2280 τοῦ
540 2229 986 2300 παραδείγματος
1016 2232 1294 2303 άρκεσθῇς
1320 2234 1516 2304 τούτῳ,
1545 2235 1771 2289 ἀλλ’ἐπὶ

173 2309 241 2361 τὸ
269 2310 534 2381 πρότερον
568 2311 798 2381 πρόελθε
829 2313 906 2383 τῷ
939 2314 1104 2384 λόγῳ.
1156 2314 1212 2368 Ὀ
1245 2315 1345 2384 μὲν
1381 2316 1490 2387 γὰρ
1516 2317 1767 2388 ἀνδριανο

173 2393 399 2455 τοποιὸς
456 2393 690 2463 χαλκοῦν
745 2395 999 2465 ἐμϐαλὼν
1054 2396 1242 2466 σῶμα,
1296 2400 1356 2450 οὐ
1406 2399 1641 2470 χρυσοῦν
1676 2401 1769 2453 καὶ

174 2475 454 2530 ἀθάνατόν
475 2494 558 2529 σοι
581 2477 877 2530 ἀποδίδωσι
903 2479 994 2532 τὸν
1025 2481 1339 2552 ἀνδριάντα,
1368 2483 1505 2536 ἀλλά
1533 2485 1768 2554 χαλκοῦν

173 2557 473 2630 ἐργάζεται
510 2560 692 2614 πάλινσ
722 2561 750 2612 ὀ
781 2560 836 2613 δέ
858 2561 988 2626 Θεὸς
1021 2564 1120 2632 οὐχ
1143 2563 1335 2627 οὕτως,
1379 2565 1516 2620 ἀλλά
1546 2568 1770 2638 πήλινον

173 2640 277 2693 καὶ
329 2641 520 2711 θνητὸν
564 2641 823 2711 ἐμϐαλὼν
857 2645 1035 2714 σῶμα,
1089 2647 1327 2715 χρυσοῦν
1373 2651 1468 2702 καὶ
1501 2651 1769 2716 ἀθάνατον

172 2722 477 2776 ἀποδίδωσί
534 2741 614 2776 σοι
669 2726 761 2779 τὸν
819 2727 1146 2797 ἀνδριάντα·
1195 2730 1436 2800 φθαρτὸν
1487 2733 1596 2804 γὰρ
1627 2736 1658 2803 ἡ
1693 2735 1768 2804 γῆ

169 2803 446 2874 δεξαμένη
479 2806 540 2858 τὸ
569 2807 725 2876 σῶμα
758 2812 847 2861 καὶ
874 2810 1160 2880 ἐπίκηρον,
1201 2812 1476 2884 ἄφθαρτον
1512 2803 1606 2868 καὶ
1634 2803 1769 2886 ἀκὴέ

173 2905 342 2960 ρατον
375 2889 664 2942 ἀποδίδωσι
694 2892 754 2943 τὸ
780 2893 932 2944 αὐτό.
963 2895 1056 2964 Μὴ
1103 2897 1283 2948 τοίνυν
1309 2897 1424 2968 ίδῃς
1445 2900 1649 2952 ἐκεῖνον
1676 2900 1767 2953 τὸν

174 2973 466 3044 μεμυκότα
520 2976 644 3037 τοὺς
696 2976 1159 3046 ὀφθαλμοὺς,τόν
1215 2980 1429 3048 ἄφωνον
1481 2985 1764 3054 κείμενον»

173 3055 314 3109 ἀλλά
371 3057 462 3110 τὸν
511 3058 906 3128 ἀνιστάμενον,
949 3061 1041 3114 τὸν
1096 3064 1555 3135 ἀπολαμϐάνοντα
1605 3069 1764 3136 δόξαν

168 3140 417 3224 ἄρρητον
447 3142 539 3193 καὶ
582 3143 829 3212 φρικώδη
880 3145 974 3196 καὶ
1021 3144 1361 3219 θαυμαστὴν,
1399 3152 1494 3205 καὶ
1532 3153 1641 3206 ἀπὸ
1668 3155 1768 3224 τῆς

169 3223 460 3295 παρούσης
493 3224 669 3293 ὄψεως
720 3228 858 3294 πρὸς
914 3228 1012 3296 τὴν
1063 3230 1365 3298 μέλλουσαν
1411 3234 1606 3288 ἐλπίδα
1638 3223 1766 3306 μετ-

170 3307 350 3374 ἀγαγε
384 3311 508 3370 τοὺς
540 3307 859 3377 λογισμούς.
914 3311 1074 3363 Ἀλλά
1127 3315 1414 3383 συνήθειαν
1460 3318 1761 3389 ἐπιζητεῖς,

169 3392 272 3443 καὶ
299 3391 386 3443 διὰ
427 3390 586 3444 τοῦτο
607 3392 772 3462 ὀδύρῃ
809 3395 903 3445 καὶ
932 3393 1190 3466 θρηνεῖς;
1230 3399 1338 3450 Καὶ
1362 3399 1480 3463 πῶς
1507 3401 1607 3454 οὐκ
1636 3405 1763 3456 ἆτο-

171 3491 298 3537 πον,
330 3476 380 3526 εἰ
419 3476 516 3544 μὲν
543 3478 760 3545 νυμφίῳ
791 3477 850 3528 τὸ
893 3477 1188 3548 θυγάτριον
1208 3481 1380 3551 δοίης,
1424 3479 1544 3537 εἶτα
1581 3486 1764 3542 λαϐὼν

168 3560 253 3620 εἰς
288 3560 502 3628 μακρὰν
527 3561 731 3621 ἐκεῖνος
759 3561 987 3614 ἀπέλθοι
1012 3562 1217 3633 χώραν,
1248 3567 1343 3618 καὶ
1375 3569 1554 3632 καλῶς
1585 3573 1762 3642 πράτ-

167 3657 281 3694 των
306 3641 598 3712 διατελοίη,
620 3643 788 3714 μηδὲν
815 3645 1066 3712 ἡγεῖσθαι
1101 3647 1274 3699 δεινὸν
1291 3650 1351 3701 τὸ
1367 3641 1760 3723 γεγενημένον,

165 3727 237 3795 τῇ
270 3724 708 3808 τῆςνεὺπριγίας
743 3727 902 3798 φήμῃ
937 3730 1378 3800 παραμυθεῖσθαι
1423 3735 1523 3804 τῆς
1556 3737 1761 3808 ἀποδη-

169 3808 303 3878 μίας
339 3807 439 3875 τὶν
477 3808 734 3878 ἀθυμίαν·
767 3809 1000 3863 ἐνταῦθα
1031 3811 1089 3864 δέ
1136 3813 1237 3865 οὐκ
1288 3815 1600 3885 ἀνθρώπου,
1637 3807 1762 3874 οὐδὲ

167 3889 462 3943 συνδούλου
488 3892 652 3955 τινὸς,
689 3891 804 3944 ἀλλ’
836 3894 1002 3946 αὐτοῦ
1036 3894 1131 3947 τοῦ
1178 3898 1453 3952 Δεσπότου
1505 3901 1761 3968 λαϐόντος

164 3973 261 4024 τὸν
291 3974 633 4043 προσήκοντα
654 4014 668 4036 ,
695 3975 883 4042 ἀλγεῖν
923 3981 1016 4030 καὶ
1039 3977 1356 4049 ὀδύρεσθαι;

239 4055 352 4138 Kal
378 4055 494 4138 πῶς
524 4055 634 4111 οἷόν
661 4073 741 4119 τε,
779 4059 935 4129 φησὶ,
970 4060 1044 4131 μὴ
1075 4061 1260 4131 ἀλγεῖν
1286 4065 1572 4138 ἄνθρωπον
1596 4069 1756 4136 ὀντα;

165 4136 306 4190 Οὐδὲ
335 4137 448 4204 ἐγὼ
490 4138 648 4191 τοῦτο
679 4139 824 4208 λέγω
845 4159 860 4172 ο
895 4143 1017 4195 οὐδέ
1052 4143 1152 4213 τὴν
1181 4136 1440 4215 ἀθυμίαν,
1484 4148 1622 4204 ἀλλά
1656 4154 1758 4225 τὴν

163 4223 419 4276 ἐπίτασιν
448 4225 545 4294 τῆς
591 4223 828 4294 ἀθυμίας
863 4226 1105 4298 ἀναιρῶ·
1139 4228 1202 4280 τὸ
1246 4230 1347 4302 μὲν
1381 4232 1490 4305 γάρ
1527 4223 1757 4307 ἀθυμεῖν

163 4310 268 4378 τῆς
312 4308 559 4377 φύσεως,
603 4308 664 4360 τὸ
702 4308 757 4360 δὲ
801 4310 942 4380 πέρα
985 4311 1080 4364 τοῦ
1118 4313 1319 4386 μέτρου
1369 4318 1525 4372 τοῦτο
1581 4309 1756 4375 ποιεῖν

170 4391 368 4454 μανίας
408 4393 503 4444 καὶ
541 4394 964 4464 παραφροσύνης
1004 4397 1100 4450 καὶ
1145 4399 1515 4465 γυναικώδους
1551 4403 1752 4478 ψυχῆς.

170 4475 466 4542 Ἀλγησον,
513 4475 803 4562 δάκρυσον,
849 4477 983 4530 ἀλλά
1029 4480 1103 4552 μὴ
1153 4475 1754 4562 ἀποδυσπετήσῃς,

161 4557 505 4646 δυσχεράνῃς
524 4598 572 4646 ,_
605 4559 683 4646 μή
699 4644 726 4646 _
741 4561 1136 4646 ἀγανακτήσῃς
1155 4581 1169 4593 ⁸
1227 4557 1623 4640 εὐχαρίστησον
1661 4557 1756 4646 ,τῷ

161 4641 518 4708 λαμϐάνοντι,
550 4642 635 4694 ἵνα
672 4642 822 4715 [765]
856 4648 1156 4719 κοσμήσῃς
1177 4648 1270 4702 τὸν
1301 4651 1626 4719 ἀπελθόντα,
1659 4641 1754 4712 καὶ

161 4723 397 4794 λαμπρά
446 4723 620 4809 ταῦτα
667 4726 818 4795 αὐτῷ
867 4731 1176 4802 συμπέμψῃ
1223 4733 1473 4803 ἐντάφια.
1503 4738 1603 4790 Ἂν
1651 4740 1752 4809 μὲν

159 4807 277 4876 γὰρ
309 4806 665 4878 δυσχεράνῃς,
700 4810 953 4864 κάκεῖνον
992 4812 1361 4884 καθύϐρισας,
1404 4819 1499 4879 καὶ
1537 4821 1629 4876 τὸν
1653 4806 1753 4878 λα-

159 4890 331 4944 ϐόντα
374 4890 734 4962 παρώξυνας,
782 4896 875 4948 καὶ
926 4895 1124 4951 σαυτὸν
1177 4900 1554 4972 κατέϐλαψας·
1599 4909 1665 4961 ἂν
1697 4911 1752 4966 δὲ

159 4977 588 5046 ⁸ὐχαρισιηεήσῃς,
624 4978 876 5032 κάκεῖνον
910 4980 1245 5052 ἐκόσμησας,
1279 4985 1371 5036 καὶ
1399 4988 1490 5040 τὸν
1519 4976 1753 5049 λαϐόντα

158 5058 457 5123 ἐδόξασας,
507 5061 600 5113 καὶ
644 5063 840 5114 σαυτὸν
889 5064 1200 5137 ὠφέλησας.
1255 5059 1539 5141 Δάκρυσον
1596 5077 1671 5140 ῶς
1722 5083 1751 5134 ὁ

158 5146 441 5211 Δεσπότης
486 5161 579 5196 σου
631 5144 896 5215 ἐδάκρυσε
939 5149 1030 5200 τὸν
1057 5149 1331 5221 Λάζαρον,
1370 5155 1543 5228 μέτρα
1583 5161 1752 5227 τιθεὶς

158 5229 296 5297 ἡμῖν
328 5230 423 5286 καὶ
466 5229 696 5315 κανόνας
731 5231 824 5283 καὶ
860 5234 1020 5302 ὅρους
1068 5237 1329 5307 ἀθυμίας,
1361 5238 1455 5303 οὓς
1488 5243 1750 5315 ὐχπερϐαί-

157 5328 276 5364 νειν
317 5313 378 5364 οὐ
425 5312 524 5364 δεῖ.
563 5311 721 5365 Οὕτω
755 5315 848 5368 καὶ
901 5317 1112 5382 Παῦλος
1159 5317 1310 5375 εἶπεε
1345 5328 1483 5396 Περὶ
1521 5311 1609 5380 δὲ’
1633 5330 1751 5384 τῶν

157 5396 628 5480 κεκοιμημένων,
658 5399 839 5469 φησὶν,
869 5402 940 5454 οὺ
971 5402 1123 5457 θέλω
1165 5406 1321 5475 ὑμᾶς
1351 5413 1614 5480 ἀγνοεῖν,
1646 5416 1748 5472 ἵνα

150 5479 245 5550 μὴ
293 5477 605 5568 ξυπῆσθε,
648 5482 728 5548 ὡς
763 5484 870 5568 ,καί
923 5488 976 5538 οὶ
1029 5490 1232 5542 λοιποὶ
1283 5496 1337 5546 οἱ
1376 5477 1462 5563 μὴ
1504 5497 1750 5568 ἔχοντες

155 5562 400 5649 ἐλπίδα.
423 5565 630 5649 Λυποῦ,
650 5567 835 5636 φησιν,
862 5569 998 5621 ἀλλὰ
1017 5571 1090 5642 μή
1108 5573 1182 5636 ὡς
1201 5562 1399 5646 Ἕλλην
1427 5581 1453 5629 ό
1469 5562 1748 5649 ἀέὸγινώζ

156 5662 311 5700 σκων
339 5648 709 5715 ἀναστάσεως,
732 5653 760 5704 ὀ
782 5652 1096 5718 ἀπελπίζων
1119 5656 1218 5727 τὴν
1246 5659 1544 5728 μέλλουσαν
1573 5648 1721 5738 ζωήν

245 5775 262 5796 ³
283 5780 418 5832 L'nus
440 5784 713 5847 οἰκοδομήν,
741 5787 865 5838 alius
896 5790 1276 5856 οἰκοδομηθῆναι,
1302 5797 1425 5848 alius
1447 5802 1734 5864 οἰκοδομεῖν.

1434 367 1523 422 DE
1561 367 1840 423 LAZARO
1877 366 2127 426 CONCIO
2166 370 2230 427 ιτ.

3347 381 3488 441 ιοεο

1892 484 2253 557 Αἰσχύνομαι,
2296 486 2642 557 πιστεύσατε,
2681 491 2776 546 καὶ
2812 490 3070 563 ἐρυθριῶ,
3102 494 3190 549 διὰ
3223 496 3322 567 τῆς
3351 499 3484 567 ἀγο-

1890 567 1987 636 ρᾶς
2027 570 2222 640 χοροὺς
2253 572 2530 638 γυναικῶν
2579 574 2724 644 ὀρῶν
2776 575 3246 646 ἀσχημονοῦντας,
3291 581 3481 651 τρίχας

1884 651 2222 736 τιλλομένας,
2259 653 2554 725 βραχίονας
2579 659 2944 728 τεμνομένας,
2977 662 3207 731 παρειὰς
3237 681 3486 736 σπαρατ-

1883 734 2139 803 τομένας,
2195 737 2300 788 ὑπὸ
2350 741 2464 801 τοῖς
2497 737 2800 808 ὀφθαλμοῖς
2849 741 2957 794 τῶν
2991 740 3260 814 Ἑλλήνων
3304 734 3484 801 ταῦτα

1883 817 2164 887 γινόμενα.
2215 819 2281 871 Τί
2337 820 2445 892 γὰρ
2503 823 2604 874 οὐκ
2658 823 2876 894 ἐροῦσιν
2930 827 3164 898 ἐκείνοις
3210 828 3263 880 τί
3313 828 3370 881 δέ
3417 829 3484 884 οὐ

1883 899 2206 968 φθέγξονται
2251 904 2382 972 περὶ
2415 904 2602 974 ἡμῶν;
2635 901 2795 958 Οὗτοί
2829 908 2969 960 εἰσιν
3002 910 3050 960 οί
3091 910 3220 980 περὶ
3253 911 3483 966 ἀναστά-

1883 997 2022 1046 σεως
2059 984 2514 1054 φιλοσοφοῦντες;
2575 987 2721 1040 Πάνυ
2775 1005 2858 1057 γε.
2896 991 2971 1042 Οὐ
3022 990 3130 1061 γὰρ
3189 983 3480 1063 συμϐαίνει

1878 1069 1993 1142 τοῖς
2022 1067 2255 1138 δόγμασι
2300 1069 2369 1122 τά
2401 1077 2700 1140 γινόμενα·
2733 1073 2790 1125 ἐν
2821 1075 3029 1144 ῥήμασι
3073 1075 3142 1127 τά
3176 1077 3304 1147 περὶ
3346 1079 3480 1131 ἀναὲ

1881 1149 2125 1214 στάσεως
2161 1151 2535 1223 φιλοσοφοῦσι,
2567 1156 2661 1208 καὶ
2703 1157 2760 1209 ἐν
2795 1159 2906 1220 τοῖς
2942 1158 3233 1229 πράγμασι
3262 1161 3331 1214 τά
3370 1162 3482 1215 τῶν

1877 1235 2278 1301 ἀπεγνωκότων
2323 1237 2601 1292 ποιοῦσινο
2641 1239 2690 1292 εἰ
2722 1239 2988 1312 ἐθάρρουν
3032 1237 3197 1306 οὗτοι,
3230 1244 3313 1296 ὅτι
3348 1245 3482 1300 ἀνά-

1879 1315 2069 1378 στασίς
2117 1319 2301 1382 ἐστιν,
2355 1320 2457 1372 οὐκ
2508 1319 2574 1372 ἂν
2619 1321 2793 1374 ταῦτα
2843 1323 3139 1393 ἐποίησαν·
3188 1325 3238 1378 εί
3286 1343 3480 1380 πεπει-

1878 1398 2035 1480 κότες
2059 1395 2201 1470 ἦσαν
2229 1402 2475 1467 ἑαυτοὺς,
2503 1404 2586 1458 ὅτι
2615 1405 2752 1476 πρὸς
2784 1405 3031 1475 βελτίονα
3059 1407 3210 1478 λῆξιν
3233 1406 3481 1480 ἀπῆλθεν

1877 1476 2062 1545 οὗτος,
2107 1483 2209 1536 οὐκ
2242 1483 2309 1536 ἂν
2352 1485 2685 1556 ἐθρήνησαν.
2727 1488 2916 1541 Ταῦτα
2962 1489 3058 1542 καὶ
3099 1476 3322 1544 πλείονα
3339 1476 3478 1545 ⁷τού-

1875 1581 1984 1617 των
2016 1564 2264 1634 λέγουσιν
2290 1568 2341 1620 οἰ
2366 1569 2584 1622 ἄπιστοι
2609 1570 2717 1623 τῶν
2755 1571 2970 1642 θρήνων
3001 1573 3226 1626 ἐκείνων
3253 1574 3480 1629 ἀκούον-

1874 1663 1987 1710 τες.
2023 1648 2422 1719 Αἰσχυνώμεθα
2454 1652 2653 1718 τοίνυν,
2687 1655 2782 1707 καὶ
2838 1655 3232 1727 σοφρωνῶμεν,
3265 1657 3360 1710 καὶ
3394 1659 3472 1729 μὴ

1875 1730 2144 1801 τοσαύτην
2191 1732 2286 1784 καὶ
2340 1734 2556 1798 ἑαυτοῖς
2610 1737 2854 1800 καὶτοῖς
2899 1738 3071 1808 ὁρῶσι
3123 1739 3474 1811 προξενῶμεν

1873 1812 1973 1882 τὴν
2029 1811 2260 1882 βλάϐην.
2296 1815 2453 1877 Τίνος
2487 1815 2595 1886 γὰρ
2622 1817 2834 1884 ἕνεκεν,
2870 1820 2994 1872 εἰπέ
3051 1837 3177 1890 μοι,
3212 1823 3474 1892 δακρύεις

1873 1894 2015 1947 οὕτω
2047 1896 2140 1948 τὸν
2178 1896 2518 1963 ἀπελθόντα;
2565 1901 2647 1952 ότι
2689 1902 2926 1973 πονηρὸς
2974 1898 3080 1973 ἦν;
3127 1904 3338 1957 Οὐκοῦν
3384 1906 3473 1958 διὰ

1872 1977 2032 2029 τοῦτο
2079 1979 2422 2048 εὐχαριστεῖν
2455 1981 2556 2046 δεῖ,
2604 1983 2689 2034 ὃτι
2730 1985 2967 2055 ἐνεκόπη
3025 1985 3096 2037 τὰ
3135 1986 3236 2056 τῆς
3273 1989 3469 2051 κακίας

1874 2059 2042 2129 αὐτῷ.
2089 2061 2248 2114 Ἀλλά
2293 2064 2530 2133 χρηστὸς
2562 2065 2655 2117 καὶ
2694 2068 2982 2138 ἐπιεικής;
3022 2069 3132 2121 Καὶ
3175 2069 3264 2124 διά
3312 2071 3472 2126 τοῦτο

1871 2142 2084 2223 χαίρειν
2113 2143 2212 2209 δεῖ,
2257 2145 2339 2198 ὅτι
2387 2146 2596 2214 ταχέως
2637 2148 2884 2218 ἡρπάγη,
2935 2151 3064 2221 πρὶν
3112 2151 3146 2221 ἢ
3186 2155 3251 2222 τῇ
3299 2154 3471 2225 κακίᾳ

1874 2212 2080 2297 ἀλλάξῃ
2125 2226 2364 2290 σύνεσιν,
2414 2212 2508 2280 καί
2543 2212 2902 2298 ἀπῆλθεν-είς
2952 2212 3153 2302 χ’ωρίον
3196 2212 3327 2288 ἔνθα
3380 2212 3468 2289 ἐπ’

1874 2308 2176 2376 ἀσφαλείας
2218 2308 2405 2362 λοιπὸν
2444 2310 2664 2381 ἕστηκε,
2717 2313 2810 2365 καὶ
2846 2315 3150 2386 μεταϐολὴν
3189 2318 3289 2371 οὐκ
3323 2318 3470 2373 ἐστιν

1876 2391 2221 2444 ὐποπτεῦσαί
2256 2411 2400 2447 τινα.
2440 2393 2600 2446 Ἀλλὰ
2634 2395 2752 2457 νέος
2786 2391 2882 2463 ἦν;
2923 2398 3032 2449 Καὶ
3063 2400 3152 2452 διὰ
3194 2400 3352 2454 τοῦτο
3383 2403 3470 2455 δό-

1873 2473 2035 2537 ξασον
2076 2475 2165 2527 τὸν
2193 2475 2447 2539 λαϐόντα,
2474 2478 2557 2529 ὅτι
2595 2479 2803 2546 ταχέως
2849 2479 3009 2532 αὐτὸν
3054 2483 3189 2553 πρὸς
3216 2485 3316 2553 τὴν
3349 2485 3470 2555 βελ-

1869 2557 2022 2610 τίονα
2072 2556 2225 2628 λῆξιν
2269 2559 2550 2612 ἐκάλεσεν.
2594 2561 2755 2614 Ἀλλά
2808 2564 3170 2633 γεγηρακώς;
3223 2569 3333 2620 Καὶ
3381 2569 3468 2623 διὰ

1868 2639 2028 2691 τοῦτο
2058 2640 2475 2710 εὐχαρίστησον,
2505 2643 2599 2694 καὶ
2626 2643 2718 2697 τὸν
2751 2644 2986 2698 λαϐόντα
3019 2646 3244 2710 δόξασον
3281 2651 3464 2705 πάλιν.

1867 2720 2200 2794 Αἰσχύνθητι
2241 2722 2304 2773 τὸ
2343 2723 2530 2793 σχῆμα
2575 2725 2674 2794 τῆς
2706 2727 2975 2796 ἐκφορᾶς·
3007 2729 3337 2801 ψαλμῳδίαι,
3371 2736 3468 2788 καὶ

1869 2803 2057 2872 εὐχαὶ,
2097 2803 2191 2856 καί⁵
2234 2806 2487 2875 πατέρων
2535 2807 2809 2875 σύλλογος,
2857 2811 2952 2862 καὶ
2986 2811 3189 2882 πλῆθος
3223 2815 3470 2885 ἀδελφῶν

1867 2887 2143 2953 τοσοῦτον,
2188 2887 2286 2956 οὐχ
2322 2888 2408 2940 ἵνα
2452 2889 2644 2961 κλαίῃς
2690 2893 2784 2945 καὶ
2817 2891 2985 2965 ὀδύρῃ
3027 2896 3121 2948 καὶ
3163 2899 3470 2953 ἀποδυσπε-

1866 2973 1988 3040 τῇς,
2023 2970 2139 3054 ἀλλξ
2172 2971 2260 3025 ἵνα
2292 2971 2623 3044 εὐχαριστῇς
2663 2974 2743 3044 τῷ
2771 2974 3010 3030 λαϐόντι.
3055 2980 3326 3053 Καθάπερ
3357 2984 3466 3054 γάρ

1865 3054 1993 3116 τοὺς
2047 3052 2142 3105 ἐπ’
2165 3054 2340 3125 ἀρχὴν
2395 3055 2768 3126 καλουμένους
2827 3059 3014 3113 πολλοί
3075 3052 3465 3134 προπέμπουσι

1865 3138 1986 3199 ταῖς
2021 3137 2343 3208 εὐφημίαις,
2379 3138 2525 3191 οῦτω
2555 3143 2648 3194 καὶ
2682 3143 2789 3196 τῶν
2824 3144 2995 3211 ἀγίων
3024 3148 3148 3210 τοὺς
3180 3149 3464 3214 ἀπιόντας,

1866 3217 1964 3303 ἀτε
2017 3219 2112 3271 ἐπὶ
2170 3219 2393 3290 μείζονα
2447 3222 2750 3293 κληθέντας
2811 3227 2999 3296 τιμὴν,
3057 3231 3196 3298 μετά
3262 3233 3465 3303 πολλῆς

1867 3299 2109 3365 ἅπαντες
2138 3304 2531 3374 προπέμπουσι
2560 3306 2662 3375 τῆς
2692 3309 2993 3379 εὐφημίας.

1950 3385 2280 3450 Ἀνάπαυσίς
2319 3389 2467 3440 ἐστιν
2493 3391 2521 3441 ὀ
2550 3389 2803 3457 θάνατος,
2840 3391 3078 3463 ἰδρώτων
3109 3396 3203 3449 καὶ
3247 3401 3465 3468 φροντί-

1863 3467 1972 3521 δων
2017 3468 2274 3538 βιοτικῶν
2323 3471 2639 3543 ἀπαλλαγή.
2675 3473 2843 3527 Ὅταν
2891 3472 2984 3529 οῦν
3031 3477 3146 3548 ἴδῃς
3183 3467 3307 3534 τινα
3354 3483 3466 3536 τῶν

1864 3552 2256 3637 προσηκόντων
2296 3553 2600 3608 ἀπελθόντα
2639 3556 2924 3622 ἐντεῦθεν,
2969 3560 3044 3630 μὴ
3092 3562 3462 3637 δυσχεράνῃς,

1863 3633 2003 3686 ἀλλά
2053 3636 2418 3707 κατανύγηθι,
2457 3639 2594 3708 πρὸς
2643 3642 2869 3694 σεαυτὸν
2905 3644 3188 3707 ἐπάνελθε,
3225 3648 3286 3700 τὸ
3339 3633 3464 3701 σῦν-

1864 3717 2003 3804 ειδός
2035 3719 2313 3804 ἐξέτασον,
2350 3723 2626 3794 σκόπησον
2665 3727 2746 3778 ὃτι
2789 3727 2882 3779 καὶ
2914 3728 2974 3780 σέ
3009 3730 3204 3800 μικρὸν
3235 3731 3463 3804 ὕστερον

1861 3799 2021 3853 τοῦτο
2048 3803 2210 3872 ιμένει
2241 3804 2302 3856 τὸ
2329 3805 2506 3869 τέλος.
2536 3807 2701 3860 Γενοῦ
2734 3799 3173 3882 σωφρονέστερος
3195 3815 3286 3868 καί
3313 3799 3462 3881 δέξαι

1864 3882 2030 3967 φόϐον
2074 3885 2182 3936 ἀπὸ
2223 3887 2323 3956 τῆς
2357 3889 2543 3960 ἐτέρου
2583 3892 2867 3962 τελευτῆς,
2899 3893 2996 3948 καὶ
3043 3896 3316 3967 ῥαθυμίαν
3359 3918 3458 3953 πε-

1867 3966 2089 4057 ρίκοψον
2121 3968 2361 4057 ἀπασαν,
2407 3972 2727 4057 ἀναλόγισαι
2765 3975 2835 4029 τὰ
2887 3966 3272 4049 πεπραγμένα,
3317 3983 3460 4057 διόρ-

1863 4047 2036 4141 θωσον
2074 4051 2145 4141 τὰ
2177 4053 2562 4141 ἡμαρτημένα,
2599 4059 2830 4130 ἀρίστην
2866 4062 3092 4131 ποίησον
3118 4047 3455 4141 μεταϐολήν.

1861 4130 2049 4222 Τούτῳ
2083 4133 2447 4222 διεστήκαμεν
2473 4139 2582 4191 τῶν
2614 4141 2882 4207 ἀπίστων,
2913 4130 2992 4214 τῷ
3026 4130 3237 4216 κρίσεις
3264 4130 3459 4222 ἐτέρας

1860 4216 1990 4302 περὶ
2040 4216 2149 4270 τῶν
2210 4221 2554 4290 πραγμάτων
2623 4223 2787 4294 ἐχειν.
2834 4227 2967 4298 Ὀρᾷ
3015 4229 3108 4282 τὸν
3153 4216 3381 4302 οὐρανὸν
3427 4237 3458 4290 ό

1853 4298 2120 4386 ἄπιστος,
2173 4303 2270 4386 καὶ
2318 4309 2653 4386 προσκυνεῖ·
2704 4309 2824 4361 θεὸν
2858 4311 2967 4382 γάρ
3027 4309 3167 4368 εἶναι
3211 4298 3452 4386 νομίζειο

1858 4383 1974 4470 ὁρᾷ*
2019 4383 2118 4470 την
2165 4385 2291 4470 γῆν,
2342 4385 2493 4458 [766]
2535 4389 2631 4443 καὶ
2684 4391 2996 4463 θεραπεύει,
3051 4398 3145 4450 καὶ
3202 4383 3337 4470 πρός
3386 4405 3455 4458 τά

1859 4467 2094 4560 αἰσθητά
2128 4469 2376 4560 κέχηνεν.
2419 4472 2569 4560 ⁹ᾼλλ⁹Δ
2593 4476 2752 4546 ἡμεῖς
2785 4479 2884 4549 οὐχ
2927 4480 3100 4546 οὕτως
3121 4499 3134 4514 ’
3165 4467 3282 4538 ἀλλ’
3314 4489 3453 4560 ὀρῶ-

1861 4567 1961 4643 μεν
1987 4551 2079 4603 τὸν
2107 4552 2377 4643 οὐρανὸνε
2399 4557 2494 4643 καὶ
2524 4557 2616 4610 τὸν
2639 4564 2988 4643 πεποιηκότα
3031 4566 3194 4643 αὐτὸν
3235 4551 3451 4643 θαυμά-

1858 4632 2059 4701 ζομεν’
2093 4635 2295 4707 οὐὶγάρ
2354 4635 2475 4692 θεὸν
2531 4641 2715 4707 αὐτὸν,
2774 4643 2890 4696 ἀλλ’
2943 4639 3105 4716 ἔργον
3143 4646 3282 4705 εἶναι
3313 4632 3448 4709 έεοῦ

1859 4716 2332 4788 πεπιστεύκαμεν.
2375 4719 2518 4792 Ὀρῶ
2567 4723 2666 4794 τὴν
2719 4727 2898 4780 κτίσιν
2957 4729 3200 4798 ἃπασαν,
3253 4737 3347 4789 καὶ
3380 4737 3450 4791 δι’

1858 4798 2030 4892 αὐτῇς
2090 4804 2539 4892 χιειραγωγοῦμαι
2574 4806 2724 4892 πρὸς
2779 4810 2874 4863 τὸν
2921 4812 3275 4886 δημιουργόν.
3316 4820 3450 4892 Ὁρᾷ

1857 4881 2088 4975 πλοῦτον
2117 4885 2345 4975 ἐκεῖνος,
2380 4889 2476 4975 καὶ
2521 4889 2720 4975 κέχηνε
2759 4893 2853 4946 καὶ
2880 4881 3296 4970 ἐκπέπληκται·

1856 4965 2088 5054 πλοῦτον
2133 4967 2265 5036 ἐγὼ,
2307 4969 2403 5054 καί
2436 4973 2746 5040 καταγελῶ.
2782 4977 2916 5049 Ὀρᾷ
2966 4965 3158 5036 πενίαν
3203 4965 3444 5054 ἐκεῖνος,

1855 5047 1950 5101 καί
1986 5049 2233 5138 ὀδύρεται
2253 5069 2266 5082 ·
2303 5052 2417 5138 ὀρῶ
2449 5055 2640 5110 πενίαν
2667 5057 2798 5126 ἐγὼ,
2829 5047 2922 5113 καὶ
2950 5062 3272 5138 ἀγάλλομαι.
3306 5047 3448 5126 Ἑτνέζ

1859 5149 1967 5219 ρως
1995 5131 2108 5202 ἐγὼ
2143 5133 2425 5203 βλέπω“τά
2465 5139 2787 5219 πράγματα,
2834 5145 2926 5198 καὶ
2968 5131 3170 5219 ἐτέρως
3214 5154 3440 5218 ἐκεῖνος.

1854 5212 2014 5309 ρῦτω
2063 5219 2158 5270 καὶ
2204 5219 2296 5272 ἐπὶ
2341 5219 2436 5273 τοῦ
2489 5215 2721 5277 θανάτου
2756 5212 3072 5309 *ποιοῦμενί
3117 5212 3218 5304 ὁρᾷ
3250 5212 3444 5309 νεκρδν

1854 5297 2080 5366 ἐκεῖνος,
2128 5304 2222 5355 καὶ
2263 5303 2472 5374 νομίζει
2503 5309 2696 5394 νεκρὸν
2725 5305 2862 5366 εἶναι
2891 5331 2904 5343 ·
2936 5297 3050 5385 ὀρῶ
3089 5297 3282 5390 νεκρὸν
3310 5297 3448 5394 ἐγὼ,

1855 5384 1946 5476 καὶ
1992 5384 2160 5438 ὕπνον
2193 5387 2316 5476 ἀντί
2364 5389 2596 5444 θανάτου
2635 5384 2994 5476 βλέπω..Καί
3042 5384 3297 5476 καθάπερ

1852 5467 1960 5558 τῶν
1987 5471 2332 5558 γραμμάτων
2357 5477 2471 5538 τοῖς
2508 5475 2609 5546 μὲν
2635 5463 2820 5542 αὐτοῖς
2848 5482 3063 5553 ὁρῶμεν
3086 5486 3224 5542 αὐτά
3248 5463 3446 5558 ὀφθαλ·

1856 5555 1974 5644 μρίς
2016 5552 2161 5644 οῖιτε
2196 5556 2422 5644 εἰδότες,
2447 5559 2505 5644 οἵ
2535 5576 2596 5644 τε
2647 5552 2974 5644 ἀγνοοῦντες
3010 5568 3080 5622 τά
3114 5552 3441 5644 γράμματα,

1851 5635 1910 5685 οὐ
1937 5638 2002 5707 τῇ
2030 5637 2172 5729 αὐτῇ
2199 5639 2256 5692 δέ
2284 5641 2516 5729 διανοίᾳ,
2544 5643 2660 5729 ἀλλ’
2693 5646 2743 5698 οἰ
2777 5647 2878 5719 μὲν
2903 5637 3004 5704 ὁύκ
3030 5635 3241 5718 εἰδότες.
3262 5635 3442 5729 γράμί

1856 5735 2024 5806 ματα,
2050 5714 2238 5789 ἁπλῶς
2278 5720 2420 5780 εἶναι
2460 5727 2744 5796 νομίζουσι
2778 5714 2858 5785 ⁷τὰ
2916 5714 3244 5806 βλεπόμενα,
3273 5714 3334 5793 ’όί
3378 5714 3443 5795 δὲ

1856 5804 2207 5876 ἐπιστάμενοι
2240 5810 2379 5879 μετὰ
2425 5812 2629 5884 πολλῆς
2665 5815 2862 5889 τέχνης
2895 5818 2986 5873 τὸν
3019 5804 3460 5896 ἐναποκείμενινν
