4154 6320
680 431 811 490 ίθΞΙ

677 544 804 600 νοῦν
827 539 1203 608 ἀναλέγονται·
1235 537 1379 592 οὕτω
1403 539 1468 608 δὴ
1513 539 1608 590 καῖ
1641 539 1733 593 ἐπὶ
1759 541 2249 610 τῶνπραγμάτων

679 627 794 689 τοῖς
830 625 930 695 μὲν
959 624 1142 685 αὐτοῖς
1187 619 1484 692 ὀφθαλμοῖς
1512 621 1727 692 όρῶμεν
1760 619 1828 673 τά
1862 619 2249 690 συμϐαίνοντα,

679 708 742 761 οὐ
790 709 857 776 τῇ
881 706 1032 774 ἀὐτῇ
1063 703 1121 756 δέ
1173 703 1383 774 διανοίᾳ
1426 704 1519 756 καὶ
1560 702 1775 774 γνώμῃ.
1826 702 1890 756 οι
1931 701 2109 756 τοίνυν
2155 700 2250 753 ἐπὶ

675 788 786 843 τῶν
839 787 1015 841 ἀλλων
1064 785 1318 839 ἀπάντων
1364 785 1706 857 διεστηκότες
1749 781 1952 850 αὐτῶν,
2003 784 2064 841 ἐν
2127 785 2250 848 ταῖς

677 872 806 941 περὶ
833 867 928 922 τοῦ
961 868 1190 923 θανάτου
1223 869 1590 938 συμπέσωμεν
1623 865 1851 939 ψήφοις,

747 961 818 1023 γ’.
848 953 1131 1024 Ἐννόησον
1163 948 1300 1019 πρὸς
1321 951 1444 1004 τίνα
1459 950 1693 1020 ἀπῆλθε,
1725 951 1819 1002 καὶ
1833 948 1964 1012 λαϐἐ
1994 964 2252 1019 παραμυο

676 1036 832 1090 θίανο
888 1035 1017 1097 ἔνθα
1067 1033 1276 1097 Παῦλός
1308 1035 1478 1100 ἐστιν,
1529 1031 1660 1086 ἔνθα
1707 1032 1933 1102 Πέτρος,
1963 1030 2093 1084 ἐνθα
2141 1030 2251 1082 τῶν

677 1120 848 1188 ἁγίων
872 1120 902 1172 6
918 1117 1077 1191 χορὸς
1097 1118 1273 1181 ἀπαςο
1304 1116 1555 1188 ἐννόησον
1579 1114 1697 1178 πῶς
1722 1115 2102 1184 ἀναστήσεται,
2128 1112 2248 1181 μεθ’

674 1202 808 1272 ὅσης
833 1201 992 1270 δόξης
1037 1201 1134 1254 καὶ
1179 1198 1564 1270 λαμπρότητος
1583 1214 1598 1228 ·
1651 1197 1903 1265 ἐννόησον
1925 1197 2008 1249 ὅτι
2038 1194 2249 1248 πενθῶν

614 1337 618 1340 ,
675 1285 772 1338 καὶ
801 1283 1123 1354 ὀδυρόμενος
1155 1279 1283 1335 οὔτε
1305 1281 1366 1334 τδ
1397 1279 1761 1351 γεγενημένον
1790 1279 1998 1349 δυνήσῃ
2027 1277 2250 1350 διορθώ-

678 1365 875 1419 σασθαι
905 1367 1018 1429 τοῖς
1062 1363 1336 1436 ὀδυρμοῖς,
1393 1363 1489 1416 καὶ
1524 1361 1720 1416 σαυτὸν
1766 1360 2137 1430 καταϐλάιψεις
2180 1359 2250 1414 τά

674 1450 910 1520 ἔσχαται
940 1447 1191 1518 ἐννόησον
1213 1446 1365 1510 τίνας
1395 1449 1534 1517 μιμῇ
1556 1445 1716 1500 τοῦτο
1742 1444 1932 1508 ποιῶν,
1955 1444 2052 1498 καὶ
2081 1443 2249 1512 φεῦγε

675 1533 776 1602 τήν
793 1523 1076 1585 κοινωνίαν
1096 1531 1195 1600 τῆς
1220 1529 1509 1600 ἁμαρτίας.
1535 1529 1699 1591 Τίνας
1728 1526 1822 1581 οὖν
1857 1529 1998 1598 μιμῇ
2037 1527 2131 1580 καὶ
2154 1527 2250 1596 ζη-

675 1617 786 1679 λοῖς
811 1631 827 1681 ;
861 1615 1001 1678 Τοὺς
1033 1611 1296 1675 ἀπίστους
1321 1623 1371 1677 ⁸,
1396 1607 1535 1675 τοὺς·
1555 1611 1665 1664 οὐκ
1678 1611 1900 1681 ἔχοντας
1923 1606 2134 1672 ἐλπίδα,
2152 1625 2250 1661 κα-

675 1697 852 1767 θάπερ
875 1697 970 1750 καὶ
993 1695 1023 1748 6
1053 1693 1265 1758 Παῦλος
1306 1687 1493 1749 εἷπεν·
1527 1693 1662 1748 Ἵνα
1710 1693 1789 1761 μὴ
1829 1690 2255 1760 λυπῆσθε,·ὼς

673 1779 774 1833 καί
805 1781 861 1832 ot
886 1777 1088 1832 λοιποὶ
1117 1779 1172 1832 οἱ
1191 1777 1279 1846 μὴ
1307 1767 1551 1845 ἔχοντες
1576 1776 1815 1830 ἐλπίδα.
1872 1776 1982 1828 Καὶ
2015 1774 2250 1846 πρόσεχε

670 1865 742 1933 τῇ
770 1862 865 1917 τοῦ
900 1862 1140 1932 ῥήματος
1163 1859 1447 1930 ἀκριϐείᾳο
1473 1859 1536 1912 ού
1559 1859 1669 1929 γὰρ
1701 1857 1874 1922 εἶπεν,
1905 1860 1970 1911 Ol
2001 1858 2076 1929 μὴ
2103 1858 2250 1927 έχον-

673 1967 766 2012 τες
795 1949 986 2001 ἐλπίδα
1009 1947 1377 2009 ἀναστάσεως,
1403 1945 1518 1998 ἀλλ’
1552 1945 1760 2007 ἁπλῶς,
1798 1948 1860 1998 οἱ
1885 1944 1971 2012 μὴ
2003 1944 2250 2011 ἔχοντες

671 2031 910 2098 ἐλπίδα.
953 2030 1010 2084 '0
1030 2029 1139 2100 γὰρ
1175 2029 1365 2081 ἐλπίδα
1392 2028 1492 2098 τῆς
1540 2030 1657 2080 ἐκεῖ
1703 2028 1933 2098 κρίσεως
1964 2026 2038 2098 μὴ
2070 2026 2208 2097 ἔχων
2231 2065 2247 2090 ,

673 2113 929 2183 οὐδεμίαν
954 2111 1146 2166 ἐλπίδα
1183 2110 1320 2181 ἔχει,
1351 2110 1458 2164 οὐδ’
1485 2112 1568 2162 ὅτι
1592 2110 1723 2172 Θεός
1750 2111 1899 2163 ἐστιν
1928 2105 2069 2163 οἶδεν
2088 2149 2104 2171 ,
2139 2109 2249 2162 οὐδ’

673 2198 758 2251 ὅτι
789 2197 1095 2267 προνοεῖται
1124 2194 1234 2247 τῶν
1273 2193 1556 2263 παρόντων
1605 2193 1976 2264 πραγμάτων,
2027 2193 2137 2245 οὐδ’
2165 2193 2248 2245 ὃτι

671 2280 744 2334 τά
771 2279 952 2332 πάντα
979 2279 1100 2332 θεία
1123 2295 1207 2340 τις
1230 2278 1401 2348 ἐφορᾷ
1429 2277 1575 2348 δίκη.
1620 2277 1678 2330 '0
1696 2275 1868 2328 ταῦτα
1893 2275 1949 2328 δὲ
1975 2276 2075 2328 οὐκ
2095 2276 2251 2340 εἰδὼς

673 2363 796 2418 οὐδὲ
827 2362 1085 2432 νομίζων,
1122 2360 1313 2430 θηρίου
1348 2359 1548 2420 παντός
1582 2360 1730 2410 ἐστιν
1761 2357 2128 2430 ἀλογώτερος,
2157 2361 2251 2413 καὶ

672 2448 873 2516 νόμους
894 2447 989 2499 καὶ
1011 2445 1333 2515 δικαστήρια
1363 2443 1457 2496 καὶ
1480 2442 1713 2510 θεσμοὺς
1743 2443 1838 2494 καὶ
1855 2442 2034 2494 πάντα
2065 2443 2250 2506 ἀπλῶς

671 2530 743 2584 τά
764 2528 950 2618 ἀχαθά
973 2527 1093 2618 ἀαιτὸΔ
1109 2527 1210 2618 τῆς
1231 2527 1438 2618 οίκείας
1466 2524 1716 2618 ἐξερίσας
1739 2525 1919 2618 ψυχῆς
1935 2542 1946 2554 ⁸
1975 2527 2004 2578 6
2032 2525 2140 2595 γάρ
2174 2528 2248 2596 μὴ

673 2611 990 2686 προσδοκῶν
1007 2611 1234 2674 εὐθύνας
1252 2611 1470 2680 ὑφέξειν
1493 2611 1600 2664 τῶν
1624 2612 2050 2683 πεπραγμένων,
2070 2613 2252 2682 πάσης

676 2698 776 2768 μὲν
808 2696 1010 2767 ἀρετῆς
1055 2693 1335 2763 ἀφέξεται,
1379 2695 1554 2764 πάσης
1589 2693 1646 2746 δὲ
1696 2695 1896 2757 κακίας
1949 2694 2246 2758 ἀνθέξεται.

673 2779 844 2851 Ταῦτ’
865 2773 957 2831 οὖν
979 2779 1345 2846 ἐννοήσαντες,
1370 2777 1463 2827 καὶ
1487 2777 1585 2845 τὴν
1615 2775 1801 2828 ἄνοιαν
1830 2777 1923 2828 καὶ
1953 2775 2049 2846 τὴν
2072 2793 2251 2845 παρα-

674 2863 906 2934 πληξίαν
926 2861 1034 2914 τῶν
1063 2859 1347 2930 Ἑλλήνιον,
1375 2854 1456 2922 οἷς
1483 2857 1845 2926 κοινωνοῦμεν
1871 2858 1956 2910 διὰ
1986 2858 2092 2910 τῶν
2119 2858 2252 2929 θρή-

672 2965 801 3011 νων,
836 2945 1207 3015 λογισάμενοι,
1253 2943 1544 3011 φεύγωμεν
1590 2941 1686 3010 τὴν
1718 2941 1853 3012 πρὸς
1889 2941 2086 3004 αὐτοὺς
2117 2957 2250 3009 συμ-

672 3029 900 3100 φωνίαν.
937 3027 1036 3081 Διά
1051 3027 1160 3099 γὰρ
1185 3025 1342 3079 τοῦτο
1360 3025 1454 3078 καὶ
1483 3023 1694 3086 Παῦλος
1717 3024 1894 3077 αὐτῶν
1913 3022 2247 3094 ἀνεμνήσθη,

675 3115 762 3167 [να
799 3112 901 3183 τήν
930 3109 1154 3176 ἀτιμίαν
1188 3109 1448 3178 ἐννοήσας
1481 3107 1617 3178 πρὸς
1647 3106 1713 3179 ἢν
1761 3106 2148 3168 καταπίπτεις,
2185 3107 2251 3157 ἐκ

634 3193 637 3195 ’
671 3197 771 3267 τῆς
799 3195 936 3266 πρὸς
957 3193 1197 3255 ἐκείνους
1218 3191 1534 3261 συμφωνίας
1550 3188 1846 3267 ἀνανήψῃς,
1873 3188 1966 3241 καὶ
1991 3189 2126 3258 πρὸς
2152 3187 2250 3259 τὴν

670 3255 878 3333 οἰκείαν
911 3255 1189 3343 εὐγένειαν
1219 3255 1537 3344 ἐπανέλθῃς.
1583 3255 1834 3323 Καὶ-οῦκ
1879 3255 2112 3323 ἐνταῦθα
2154 3255 2252 3340 μόο

672 3378 784 3426 νον,
819 3360 955 3413 ἀλλά
982 3357 1248 3427 πολλαχοῦ
1277 3356 1433 3409 τοῦτο
1456 3357 1597 3407 ποιεῖ
1625 3355 1722 3408 καὶ
1741 3353 1981 3423 συνεχῶς
2013 3356 2040 3406 6
2073 3353 2250 3422 μακά-

675 3434 791 3516 ριος
821 3441 1051 3504 Παῦλος.
1084 3441 1253 3492 Ὅταν
1284 3439 1394 3508 γὰρ
1427 3438 1734 3505 ἀπαγαγεῖν
1767 3436 1876 3488 τῶν
1916 3437 2250 3506 ἁμαρτημά-

671 3545 781 3579 των
818 3525 1092 3594 βούληται,
1144 3523 1384 3593 δείκνυσι
1435 3519 1544 3571 τίσι
1588 3516 1952 3588 κοινωνοῦμεν
2009 3518 2096 3571 διά
2142 3517 2250 3571 τῶν

673 3612 894 3681 ἀμαρτη
903 3609 1108 3680 μάτων,
1124 3606 1210 3659 ’ίνα
1225 3609 1290 3674 τῇ
1315 3602 1560 3671 ποιότητι
1586 3600 1678 3654 τοῦ
1701 3601 1992 3672 προσώπου
2010 3600 2248 3672 δηχθεὶς,

673 3694 771 3763 τὴν
799 3691 1083 3746 κοινωνίαν
1108 3687 1306 3758 φύγῃς.
1343 3683 1800 3738 Θεσσαλονικεῦσι
1833 3684 1963 3763 γοῦν
2000 3685 2246 3756 γράφων,

672 3761 846 3837 οῦτως
869 3773 1055 3840 ἐλεγεν
1073 3790 1087 3803 ο
1121 3771 1414 3832 Ἕκαστος
1438 3766 1504 3818 τὸ
1528 3765 1744 3818 ἑαυτοῦ
1768 3761 1938 3832 σῶμα
1971 3766 1999 3804 1³
2029 3765 2249 3820 κτᾶσθε

673 3857 744 3910 ὲν
779 3853 1052 3924 ἁγιασμῷ
1080 3853 1177 3906 καὶ
1208 3849 1366 3919 τιμῇ,
1395 3847 1480 3916 μὴ
1509 3847 1580 3900 ἐν
1600 3845 1771 3900 πάθει
1794 3847 2048 3916 ἀτιμίας,
2072 3847 2251 3900 καθά-

673 3963 786 4016 περ
806 3946 948 4013 ἔθνη
984 3944 1053 3998 τὰ
1063 3943 1149 4013 μὴ
1167 3943 1362 3996 εἰδότα
1392 3941 1558 3995 Θεόν.
1593 3938 1705 3990 Καὶ
1732 3937 1920 3990 πάλιν*
1941 3939 2036 4006 Μὴ
2057 3941 2251 4003 καθὼς

665 4031 748 4084 τὰ
794 4030 978 4084 λοιπὰ
1024 4028 1168 4094 ἔθνη
1223 4024 1372 4096 [767]
1449 4021 1818 4091 περιπατεῖτε
1855 4071 1858 4075 ,
1892 4023 1978 4096 ἐν.
2004 4024 2248 4090 ματαιό-

673 4130 806 4180 τητι
853 4111 958 4165 τοῦ
1012 4087 1402 4175 νοὸςῚαῗλτῶν.
1449 4087 1606 4157 υῦτω
1646 4105 1710 4173 δὴ
1751 4106 1844 4156 καὶ
1870 4087 2130 4157 ἐνταῦθα’
2166 4106 2249 4158 Οὐ

675 4195 830 4251 θέλω
856 4195 926 4246 δὲ
956 4190 1110 4261 ὑμᾶς
1138 4189 1396 4259 ἀγνοεῖν,
1423 4185 1694 4255 ἀδελφοί,
1735 4185 1869 4253 περί
1910 4186 2028 4238 τῶν
2061 4203 2252 4239 uaco:-

628 4317 630 4319 -
672 4280 974 4351 μημένων,
1005 4276 1208 4345 ἵναμὴ
1240 4273 1542 4342 λυπῆσθε,
1574 4269 1766 4336 καθὼς
1810 4269 1907 4323 καὶ
1950 4273 2005 4324 οί
2051 4270 2251 4324 λοιποί
2324 4280 2328 4287 “

676 4365 731 4416 οί
750 4363 835 4432 μὴ
854 4362 1097 4429 ἔχοντες
1133 4359 1372 4412 ἐλπίδα.
1391 4357 1466 4409 Οὐ
1487 4355 1593 4424 γάρ
1623 4357 1654 4426 ή
1677 4353 1837 4424 φύσις
1860 4353 1969 4405 τῶν
1993 4355 2251 4425 πραγμά-

676 4463 811 4507 των,
850 4444 1020 4514 ἀλλ’ή
1058 4441 1372 4513 προαίρεσις
1397 4443 1429 4510 ή
1463 4431 1927 4509 ήμετέραλυπεῖν
1953 4439 2098 4506 ἡμᾶς
2124 4437 2252 4490 είω-

679 4530 799 4583 θενο
829 4529 927 4598 οὐχ
960 4530 988 4580 6
1023 4527 1247 4588 θάνατος
1265 4522 1356 4576 τοῦ
1381 4521 1725 4586 ἀπελθόντος,
1767 4520 1882 4573 ἀλλ’
1923 4522 1957 4591 ή
1997 4520 2251 4575 ἀσθένεια

676 4612 787 4666 τῶν
817 4609 1172 4682 θρηνούντων.
1200 4609 1302 4661 Τὸν
1323 4605 1454 4676 γοῦν
1485 4606 1672 4658 πιστὸν
1710 4603 1863 4657 οὐδὲν
1896 4605 2007 4667 τῶν
2050 4606 2252 4676 παρόν-

675 4713 786 4748 των
825 4694 1063 4762 λυπῆσαι
1115 4692 1421 4763 δυνήσεται,
1470 4687 1608 4742 ἀλλά
1663 4688 1769 4758 πρὸ
1803 4687 1912 4741 τῶν
1949 4688 2249 4757 μελλόντων

676 4773 896 4845 ἀγαθῶν
925 4776 1018 4828 καὶ
1042 4777 1099 4827 ἐν
1122 4774 1200 4845 τῷ
1231 4773 1456 4844 παρόντι
1485 4772 1737 4843 διέστηκε
1759 4771 1866 4826 τῶν
1891 4772 2156 4836 ἀπίστων,
2189 4774 2248 4825 οὐ

681 4861 853 4931 μικρά
870 4855 1268 4928 ἀπολαμϐάνων
1297 4859 1362 4909 ἐκ
1387 4855 1487 4924 τῆς
1511 4855 1653 4907 κατὰ
1679 4853 1913 4926 Χριστὸν
1933 4854 2250 4931 φιλοσοφίας

676 4928 877 5009 ἀγαθά,
913 4942 1008 4995 καὶ
1041 4939 1302 5011 μεγίστην
1331 4941 1395 4992 ἐκ
1438 4939 1630 4991 τούτου
1670 4935 2053 5008 καρπούμενος
2089 4928 2250 4990 εὐθυ-

681 5028 808 5096 μίαν
830 5027 924 5078 καὶ
953 5023 1176 5094 διηνεκῆ
1199 5022 1393 5093 χαράν.
1415 5022 1505 5074 Διὸ
1534 5023 1628 5074 καὶ
1643 5023 1672 5073 6
1695 5021 1907 5085 Παῦλός
1924 5037 2088 5092 φησι·
2112 5023 2251 5075 Χαί-

683 5125 810 5178 ρετε
831 5109 900 5160 ὲν
919 5107 1115 5174 Κυρίῳ
1131 5105 1392 5181 μάντοτε
1410 5120 1423 5134 ·
1457 5103 1642 5158 πάλιν
1659 5102 1791 5172 ἐρῶ,
1822 5105 2072 5170 χαίρετε.
2092 5105 2252 5158 Ὥστε

647 5181 772 5246 ’καὶ
793 5191 901 5262 πρὸ
933 5190 1032 5258 τῆς
1060 5191 1406 5260 ἀναστάσεως
1426 5189 1485 5241 οὐ
1517 5188 1720 5258 μικρὰν
1752 5187 1956 5256 ταύτην
1989 5188 2253 5257 ἐλάϐομεν

679 5276 934 5347 ἀμοιϐὴν,
964 5273 1043 5343 τῷ
1075 5274 1154 5343 μὴ’
1173 5266 1544 5334 Ῐκαταπίπτειν
1578 5273 1671 5323 ἐπὶ⁵
1699 5271 1888 5340 μηδενὶ
1914 5271 2023 5324 τῶν
2056 5289 2254 5342 συμπι-

680 5361 920 5413 πτόντων
953 5356 1324 5420 δεινῶν,›ἀλλά
1360 5359 1425 5426 τῇ
1461 5355 1571 5407 τῶν
1601 5355 1902 5424 μελλόντων
1937 5355 2111 5408 ἐλπίδι
2146 5374 2253 5408 πα-

681 5441 953 5516 ραμυθίας
982 5439 1274 5493 ἀπολαύειν
1305 5437 1524 5507 πολλῆς.
1561 5437 1773 5507 Ὥσπερ
1795 5433 1887 5489 οὖν
1915 5439 2252 5508 ἑκατέρωθεν

681 5521 839 5596 ἡμεῖς
868 5523 1243 5595 κερδαίνομεν,
1277 5519 1448 5583 οὕτως
1470 5522 1498 5572 ό
1527 5518 1754 5582 ἄπιστος
1780 5521 2121 5590 ἑκατέρωθεν
2157 5540 2253 5575 κα-

741 5711 769 5737 ι
795 5708 876 5756 Sic
897 5717 1012 5752 mss.
1033 5703 1088 5751 In
1113 5701 1258 5750 editis
1283 5700 1390 5756 τοὺς
1408 5700 1634 5756 ἀπίστους
1652 5702 1815 5749 deest.

743 5770 773 5808 ι)
797 5769 908 5816 Mss.
932 5767 988 5813 τὸ
1010 5763 1180 5813 ἑαυτοῦ
1204 5761 1392 5826 σκεῦος,
1417 5773 1469 5826 ει
1495 5765 1561 5810 sic
1585 5763 1734 5813 Savil.
1781 5765 1830 5811 in
1858 5776 2008 5826 marg.
2033 5763 2084 5814 in
2113 5768 2250 5814 lcxlu

686 5843 798 5880 vero
821 5843 930 5879 cum
956 5828 1072 5876 Mor.
1098 5826 1152 5873 16
1185 5823 1354 5873 ἑαυτοῦ
1373 5825 1531 5886 σῶμα.

1399 429 1460 486 S.
1495 427 1783 486 JOANNIS
1813 428 2299 489 CHRYSOSTOMI
2339 430 2658 488 ARCHIBP.
2698 430 3260 492 CONSTANTINOP.

3796 429 3945 487 1023

2320 557 2329 566 ε
2357 537 2750 604 ταϐλάπτεται,
2791 539 2883 593 καὶ
2904 540 2984 611 τῷ
3008 538 3334 603 κολάζεσθαι
3357 539 3584 613 ὕστερον
3611 540 3702 595 διὰ
3727 541 3837 612 τὴν
3860 541 3960 610 τῆς

2358 620 2708 684 ἀναστάσεως
2735 622 3018 686 ἀπιστίαν,
3049 623 3145 677 καὶ
3179 621 3257 694 τῷ
3289 624 3659 677 καταπίπτειν
3698 623 3797 675 ἐπὶ
3840 624 3955 686 τοῖς

2357 703 2594 774 παροῦσι
2642 703 2952 776 πράγμασις
3008 706 3096 761 διά
3122 707 3186 760 16
3233 706 3402 778 μηδὲν
3432 707 3744 778 προσδοκᾷν
3808 705 3957 778 μετά

2354 784 2529 839 ταῦτα
2563 786 2819 856 χρηστόν.
2870 788 2945 840 Ού
2979 788 3161 841 τοίνυν
3187 788 3276 842 διὰ
3313 788 3413 858 τὴν
3447 789 3747 843 ἀνάστασιν
3787 788 3955 860 μόνον

2355 867 2643 938 ὀφείλομεν
2667 869 3010 938 εὐχαριστεῖν
3034 869 3113 941 τῷ
3143 870 3284 941 Θεῷ,
3315 870 3571 935 ἀλλάηκαὶ
3609 872 3700 925 διά
3727 873 3835 942 τὴν
3864 871 3956 923 ἐλ-

2356 950 2485 1003 πίδα
2509 950 2621 1019 τῆς
2641 952 3012 1018 ἀναστάσεως,
3037 955 3072 1024 ἢ
3095 955 3190 1008 καὶ
3219 954 3320 1026 τὴν
3338 953 3686 1026 όδυνωμένὴν
3716 954 3954 1008 δύναται

2356 1033 2860 1104 παραμυθήσασθαι
2889 1035 3091 1106 ψυχήν,
3126 1038 3223 1090 καὶ
3259 1039 3445 1091 πεῖσαι
3476 1035 3606 1106 περὶ
3638 1037 3750 1089 τῶν
3784 1036 3956 1090 ἀπελ-

2357 1114 2559 1168 θόντων
2592 1115 2839 1187 θαρρεῖν,
2869 1117 2946 1181 ὼς
2988 1118 3445 1189 ἀναστησομένων
3500 1119 3664 1171 πάλιν
3697 1119 3796 1171 καὶ
3827 1137 3954 1172 σηεν-

2358 1197 2634 1267 εσομένων
2661 1200 2815 1268 ήμῖν.
2840 1200 2904 1251 Εί
2933 1199 3040 1271 γάρ
3066 1199 3252 1269 ἀλγεῖν
3281 1201 3387 1271 χρὴ
3424 1201 3520 1254 καὶ
3545 1201 3790 1266 πενθεῖν,
3819 1203 3955 1264 τοὺς

2356 1279 2414 1332 ἐν
2444 1281 2741 1352 ἁμαρτίαις
2784 1281 2995 1347 ζῶντας
3035 1283 3251 1338 πενθεῖν
3281 1284 3365 1336 δεῖ
3401 1285 3496 1337 καὶ
3523 1283 3817 1355 ὀδύρεσθαι
3837 1322 3852 1344 ,
3886 1285 3951 1337 οὐ

2354 1363 2484 1427 τοῦς
2543 1364 2882 1430 ἀπελθόντας
2932 1365 3050 1436 μετ’
3102 1366 3330 1438 ἀρετῆς.
3387 1366 3546 1420 Οῦτω
3591 1368 3685 1422 καὶ
3728 1367 3954 1432 Παῦλος

2357 1449 2530 1498 ποιεῖ·
2563 1446 2874 1518 Κορινθίοις
2926 1446 3036 1518 γὰρ
3094 1443 3425 1502 ἐπιστέλλων
3453 1449 3623 1519 φησί·
3671 1449 3768 1514 Μή
3821 1465 3956 1516 πως

2355 1528 2610 1599 ἐλθόντα
2632 1531 2703 1596 με
2720 1529 2865 1596 πρὸς
2892 1528 3050 1597 ὑμᾶς
3064 1529 3404 1598 ταπεινώσῃ
3435 1533 3467 1584 ό
3487 1530 3655 1596 Θεὸς,
3678 1530 3777 1585 καί
3805 1547 3957 1585 πεν-

2357 1609 2524 1676 θήσω
2569 1613 2860 1678 πολλούς.
2919 1613 3033 1667 Οὐκ
3077 1608 3200 1667 εἷπε
3231 1614 3340 1667 τῶν
3365 1613 3770 1679 ἀποθανόντων,
3809 1613 3958 1668 ἀλλά

2357 1692 2468 1745 τῶν
2498 1693 3030 1765 προημαρτηκότων,
3078 1694 3174 1748 καὶ
3233 1694 3310 1766 μή
3345 1696 3806 1767 μετανοησάντων
3853 1696 3954 1749 ἐπὶ

2357 1777 2422 1846 τῇ
2459 1775 2718 1847 ἀσελγείᾳ
2751 1777 2845 1830 καὶ
2875 1777 3191 1849 ἀκαθαρσία
3217 1773 3251 1851 ᾖ
3281 1778 3526 1849 ἔπραξαν
3550 1795 3565 1808 ⁸
3610 1779 3841 1843 τούτους
3867 1779 3956 1834 δεῖ

2358 1859 2884 1922 πενθεῖν.υ’ύτω,κα)⁵
2914 1859 3073 1923 ἀλλος
3099 1864 3356 1932 παραινεῖ
3393 1863 3568 1931 λέγων
3590 1878 3606 1897 ·
3650 1863 3953 1919 Κλαῦσον

2356 1939 2455 1993 ἐπὶ
2485 1939 2698 2008 νεκρῷ,
2717 1941 2960 2006 ἐξέλιπε
2981 1943 3090 2012 γὰρ
3110 1941 3236 2011 φῶς
3255 1960 3269 1975 ·
3298 1944 3396 1997 καί
3425 1944 3524 1998 ἐπί
3545 1944 3724 2014 μωρῷ
3747 1944 3940 1998 κλαῦι

2358 2040 2495 2089 σον,
2534 2024 2777 2088 ἐξέλιπε
2823 2026 2935 2093 γὰρ
2980 2027 3256 2091 σύνεσις.
3307 2027 3516 2096 Ὀλίγον
3575 2028 3816 2081 κλαῦσον
3854 2027 3956 2087 ἐπὶ

2358 2105 2558 2176 νεκρῷ,
2587 2107 2669 2159 ὅτι
2701 2107 3107 2171 ἀναπέπαυται,
3137 2108 3230 2160 τοῦ
3261 2108 3318 2161 δέ
3342 2109 3528 2180 μωροῦ
3561 2110 3702 2181 ὑπὲρ
3727 2110 3825 2164 τὸν
3859 2110 3956 2164 θάλ-

2357 2205 2515 2242 νατον
2535 2191 2568 2259 ή
2596 2187 2711 2259 ζωὴ
2747 2191 2977 2260 πονηρά.
3010 2192 3073 2243 Et
3101 2191 3158 2244 δὲ
3187 2194 3216 2244 6
3244 2193 3515 2256 συνέσεως
3552 2193 3954 2264 ἀπεστερημέ-

2356 2287 2448 2333 νος
2467 2271 2758 2335 διαπαντὸς
2779 2271 2926 2336 ἀξιος
2953 2272 3022 2326 ἂν
3048 2273 3133 2344 είη
3159 2273 3500 2345 θρηνεῖσθαι,
3526 2274 3709 2344 πολλῷ
3740 2275 3955 2344 μᾶλλον

2357 2355 2386 2407 6
2422 2353 2768 2425 δικαιοσύνης
2807 2355 3036 2424 ἔρημος,
3091 2356 3186 2408 καὶ
3218 2356 3316 2426 τῆς
3365 2355 3511 2412 κατὰ
3546 2356 3679 2411 Θεὸν
3725 2356 3956 2420 ἐλπωος

2304 2453 2308 2460 ·
2359 2436 2748 2500 ἐκπεπτωκώς.
2808 2437 3045 2499 Τούτους
3081 2433 3174 2490 οὖν
3226 2438 3516 2509 πενθῶμεν
3561 2438 3958 2510 ἡμεῖς’τοᾱο

2361 2520 2462 2588 μὲν
2495 2521 2603 2590 γὰρ
2630 2520 2745 2590 ἔχει
2775 2519 2966 2590 κέρδος
2996 2519 3056 2572 16
3094 2520 3312 2595 πένθος.
3343 2522 3613 2586 Πολλάκις
3658 2521 3788 2591 γοῦν
3817 2523 3958 2587 τοὺς

2357 2602 2630 2666 τοιούτους
2659 2602 2984 2674 θρηνοῦντες
3013 2602 3468 2676 διωρθωσάμεθα.

2429 2710 2501 2762 Τὸ
2526 2709 2582 2763 δὲ
2607 2709 2700 2762 ἐπὶ
2729 2713 2842 2773 τοῖς
2872 2709 3218 2774 ἀπελθοῦσιν,
3247 2711 3504 2782 ἀνόνητον
3529 2711 3666 2782 ὁμοῦ
3687 2713 3779 2766 καὶ
3809 2713 3958 2783 βλαο

2359 2791 2538 2862 ϐερόν.
2604 2792 2696 2860 Μὴ
2728 2792 2909 2844 τοίνυν
2970 2791 3420 2862 ἀντιστρέψωμεν
3458 2795 3556 2864 τὴν
3600 2795 3772 2859 τάξιν,
3827 2795 3960 2849 ἀλλ’

2359 2872 2632 2943 ἁμαρτίαν
2656 2872 2947 2943 θρηνῶμεν
2981 2873 3142 2943 μόνον
3163 2873 3288 2930 ’,τά
3313 2875 3370 2926 δὲ
3401 2875 3537 2929 ἄλλα
3582 2877 3791 2938 πάντα,
3843 2877 3962 2931 κᾶν

2360 2957 2542 3020 πενία,
2578 2955 2680 3009 κᾶν
2710 2956 2884 3019 νόσος,
2921 2955 3023 3008 κᾶν
3065 2956 3296 3020 θάνατος
3339 2958 3664 3028 ἀωροςγκᾶν
3686 2963 3962 3032 ἐπήρεια,

2358 3037 2463 3090 κᾶν
2501 3037 2857 3106 συκοφαντία,
2887 3038 2990 3091 κᾶν
3021 3038 3202 3091 ὁτιοῦν
3234 3034 3554 3112 προσπίπτῃ
3595 3043 3702 3094 τῶν
3728 3042 3960 3114 ἀνθρω-

2358 3119 2527 3172 πίνων
2557 3120 2764 3192 κακῷν,
2801 3118 2978 3172 πάντα
3015 3122 3280 3188 γενναίως
3314 3121 3620 3192 φέρωμεν.·
3655 3123 3966 3190 Ὑπόθεσις

2358 3137 2527 3172 πινων
2557 3137 2764 3255 κακῗν,
2801 3137 2978 3172 παντα
3015 3137 3280 3188 γενναίως
3314 3137 3620 3192 φερωμεν.·
3657 3137 3963 3190 ’Μυουεσις

2358 3201 2468 3273 γάρ
2491 3204 2622 3273 ἡμῖν
2649 3220 2679 3254 τ
2741 3203 2891 3256 δεινά
2913 3203 3089 3258 ταῦτα
3115 3204 3397 3272 στεφάνων
3423 3205 3533 3258 εἰσὶ
3562 3205 3852 3272 πλειόνων,
3887 3208 3963 3263 ἂν

2359 3287 2639 3355 νήφωμεν.

2428 3383 2492 3436 6'.
2513 3384 2622 3436 Καὶ
2643 3383 2758 3444 πῶς
2779 3383 2924 3436 ἔστιν
2952 3384 3234 3456 ἄνθρωπον
3261 3384 3411 3452 ὄντα,
3434 3387 3588 3456 φησὶ,
3616 3387 3690 3456 μή
3720 3388 3919 3455 ἀλγεῖν
3945 3408 3963 3455 ;

2359 3466 2682 3520 Τοὺναντίον
2711 3466 2808 3536 μὲν
2839 3463 2930 3519 οὖν
2965 3467 3109 3534 λέγω
3128 3485 3141 3497 ·
3173 3469 3288 3532 πῶς
3321 3469 3470 3522 ἐστιν
3506 3462 3788 3540 ἄνθρωπον
3813 3472 3966 3528 ὄντα

2359 3549 2565 3617 ἀλγεῖν,
2589 3547 2732 3618 λόγῳ
2757 3548 3062 3618 τιμηθέντα
3085 3549 3179 3602 καὶ
3209 3550 3457 3620 λογισμῷ
3481 3591 3496 3616 ,
3532 3552 3627 3604 καὶ
3655 3555 3774 3615 ταῖς
3813 3557 3961 3625 περὶ

2357 3631 2466 3684 τῶν
2502 3631 2808 3701 μελλόντων
2850 3631 3032 3684 ἐλπίσι
3058 3649 3072 3696 ;
3103 3634 3212 3685 Καὶ
3241 3633 3326 3696 τίς
3350 3635 3498 3686 ἐστιν
3519 3673 3534 3698 ,
3572 3635 3634 3695 ὃς
3671 3636 3768 3703 οὐχ
3800 3636 3964 3692 ἑάλω

2357 3714 2433 3784 τῷ
2475 3713 2637 3766 πάθει
2681 3709 2898 3782 τούτῖρς
2939 3714 3099 3783 φησί.
3155 3715 3350 3788 Πολλοί
3379 3718 3472 3769 καὶ
3505 3717 3808 3786 πολλαχοῦ,
3855 3722 3964 3772 καὶ

2358 3800 2442 3865 ἐφ’
2477 3795 2634 3867 ἡμῶν
2654 3835 2668 3858 ,
2700 3797 2796 3849 καὶ
2823 3796 2914 3848 ἐπὶ
2942 3797 3050 3850 τῶν
3078 3798 3358 3865 προγόνων
3401 3799 3508 3852 τῶν
3543 3801 3854 3870 ἡμετέρων.
3896 3803 3972 3856 Ὁ

2357 3879 2487 3947 γοῦν
2521 3878 2662 3943 Ἰὼϐ,
2694 3878 2985 3948 ὁλοκλήρου
3033 3879 3128 3931 τοῦ
3169 3881 3334 3950 χοροῦ
3369 3880 3478 3932 τῶν
3525 3882 3734 3934 παίδων
3771 3884 3957 3937 ἀπελ-

2360 3965 2571 4027 θόντος,
2628 3964 2858 4017 ἄκουσον
2913 3963 2966 4015 τί
3021 3979 3216 4032 φησιν·
3261 3964 3315 4015 Ὀ
3373 3964 3586 4032 Κύριος
3631 3964 3887 4029 ἔδωκεν,
3922 3972 3959 4022 ό

2361 4049 2576 4113 Κύριος
2607 4045 2886 4113 ἀφείλετο
2907 4061 2920 4075 ·
2957 4046 3039 4109 ὡς
3073 4044 3153 4109 τῷ
3171 4048 3369 4113 Κυρίῳ
3395 4046 3630 4114 ἔδοξεν,
3662 4049 3815 4101 οὕτω
3844 4051 3956 4102 καὶ

2363 4129 2510 4202 [768]
2558 4128 2816 4198 ἐγένετο.
2843 4129 3147 4198 Θαυμαστά
3185 4128 3284 4198 μὲν
3313 4124 3406 4182 οῦν
3425 4128 3600 4182 ταῦτα
3630 4130 3726 4182 καὶ
3755 4133 3956 4198 ἁπλῶς

2359 4213 2693 4282 ἀκουόμεναο
2734 4210 2802 4264 ἂν
2829 4211 2884 4263 δὲ
2913 4211 3006 4263 καὶ
3035 4212 3151 4282 μετ’
3175 4211 3461 4282 ἀκριϐείας
3495 4211 3756 4288 ἐξετάσῃς
3780 4216 3954 4279 αὐτὰ,

2358 4297 2480 4348 τότε
2530 4293 2792 4364 μειζόνως
2837 4292 2957 4362 ὄψει
3002 4294 3063 4347 τὸ
3113 4293 3316 4364 θαῦμα.
3371 4293 3655 4365 Ἐννόησον
3692 4296 3819 4366 γάρ,
3862 4296 3972 4349 611‘

2361 4379 2480 4448 οὐχὶ
2516 4378 2641 4440 τοὺς
2687 4377 2905 4446 ήμίσεις
2933 4375 3126 4432 ἔλαϐεν
3154 4378 3183 4428 6
3225 4376 3490 4439 διάϐολος,
3521 4376 3618 4429 καὶ
3659 4379 3786 4441 τοὺς
3813 4379 3954 4448 ἠμί-

2362 4478 2476 4522 σεις
2518 4459 2750 4529 ἀφῆκεν,
2802 4458 2922 4510 ούδέ
2965 4459 3094 4521 τοὺς
3147 4458 3401 4522 πλείονας
3449 4457 3644 4522 ἔλαϐε,
3689 4459 3950 4524 καὶτοὺς

2359 4544 2613 4604 ἐλάττους
2679 4542 2924 4611 ἀφῆκενο
2994 4540 3131 4594 ἀλλά
3198 4541 3490 4612 ὁλόκληρον
3553 4542 3821 4611 ἐτρύγησε
3850 4544 3948 4596 τὸν

2361 4626 2592 4697 καρπὸν,
2617 4625 2712 4677 καὶ
2742 4625 2804 4677 16
2831 4623 3044 4694 δένδρον
3067 4625 3128 4677 οὺ
3155 4625 3423 4678 κατέϐαλε
3443 4640 3458 4654 ο
3489 4625 3670 4677 πᾶσαν
3694 4627 3946 4694 ἐπήγαγε

2359 4712 2457 4781 τὴν
2497 4710 2764 4763 θάλατταν
2799 4707 2936 4778 μετά
2967 4708 3076 4761 τῶν
3103 4708 3386 4778 κυμάτων,
3431 4709 3526 4762 καὶ
3551 4709 3613 4761 16
3641 4710 3846 4779 σκάφος
3879 4713 3943 4765 οὐ

2286 4844 2290 4847 .
2360 4793 2778 4848 κατεπόντισεν·
2814 4791 2943 4861 ὃλην
2976 4790 3074 4862 τὴν
3123 4790 3354 4861 δύναμιν
3415 4789 3673 4858 ἐκένωσε,
3709 4793 3806 4846 καὶ
3846 4795 3948 4849 τὸν

2361 4877 2569 4948 πύργον
2597 4876 2696 4928 οὐκ
2724 4875 2922 4929 ἔσεισε.

2446 4982 2607 5035 Ἀλλά
2638 4981 2880 5049 εἱστήκει
2908 4976 3172 5031 πάντοθεν
3207 4975 3552 5047 βαλλόμενος,
3583 4979 3680 5031 καὶ
3707 4979 3941 5050 ἀκλινὴς

2363 5067 2560 5137 μένων,
2594 5063 2689 5116 καὶ
2726 5062 2944 5130 νιφάδες
2983 5061 3239 5131 ἐφέροντο
3265 5059 3456 5129 βελῶν,
3480 5060 3576 5114 καὶ
3605 5062 3704 5114 οὐκ
3738 5063 3939 5130 ἐπλήτο

2359 5165 2512 5202 τετο²
2547 5146 2743 5217 μᾶλλον
2771 5145 3172 5214 δέᾁέπέμποντο
3208 5143 3327 5211 μὲν,
3357 5142 3459 5195 οὐκ
3497 5143 3828 5213 ἐτίτρωσκον
3854 5145 3933 5198 δέ.

2373 5231 2652 5300 Ἐννόησον
2684 5231 2807 5282 ὅσον
2845 5229 2983 5290 ἐστὶ,
3015 5226 3303 5288 τοσούτους
3341 5225 3538 5288 παῖδας
3574 5225 3700 5279 ἰδεῖν
3727 5227 3938 5280 ἀπολω-

2360 5314 2537 5377 λότας.
2575 5313 2638 5365 Τί
2689 5313 2798 5382 γάρ
2829 5311 2927 5364 οὑκ
2979 5306 3048 5380 ἦν
3095 5307 3281 5362 ίκακδν
3329 5308 3576 5373 δάκνειν;
3629 5311 3691 5360 τὸ
3735 5311 3938 5374 πάντας

2362 5386 2796 5466 ἀναρπασθῆναι,
2831 5395 2892 5446 16
2920 5395 3126 5456 πάντας
3157 5391 3350 5462 ἀθρόον
3380 5391 3474 5444 καὶ
3502 5393 3560 5443 ἐν
3601 5393 3786 5462 ἡμέρᾳ
3822 5394 3936 5461 μιᾷ.

2362 5482 2424 5534 16
2458 5475 2519 5534 ἐν’
2545 5478 2693 5548 αὐτῷ
2725 5481 2823 5552 τῆς
2861 5476 3077 5547 ἡλικίας
3104 5475 3180 5545 τῷ
3201 5475 3378 5535 ἀνθει,
3407 5475 3470 5527 16
3510 5474 3710 5545 πολλὴν
3741 5477 3937 5546 ἀρετήν

2364 5561 2855 5630 ἐπιδεδειγμένους,
2889 5560 2950 5611 16
2983 5561 3171 5630 τρόπῳ
3211 5557 3437 5628 τοιούτῳ
3467 5560 3737 5627 τιμωρίας
3777 5577 3935 5612 κατα-

2365 5649 2522 5701 λῦσαι
2560 5646 2650 5699 τὸν
2687 5645 2822 5715 βίον,
2850 5644 2912 5696 το
2955 5643 3092 5712 μετά
3131 5642 3399 5705 τοσαύτας
3441 5642 3655 5711 πληγὰς
3707 5644 3938 5713 ἐσχάτην

2322 5746 2329 5753 ’
2367 5730 2723 5800 ἐπενεχθῆναι
2770 5728 2996 5795 ταύτην,
3035 5727 3095 5779 16
3137 5727 3490 5798 φιλόστοργον
3531 5721 3670 5779 εἶναι
3715 5727 3807 5778 τὸν
3851 5743 3941 5795 γε-

2367 5815 2701 5884 γεννηκότα,
2754 5813 2814 5865 16
2861 5811 3144 5874 ποθεινοὺς
3198 5807 3336 5864 εἶναι
3387 5811 3510 5874 τοὺς
3569 5807 3941 5880 ἀπελθόντας;
