4122 6334
80 443 247 502 £02!

80 571 432 620 contentum
476 559 763 632 colligant;
810 561 889 619 sic
931 571 984 619 et
1032 563 1085 618 in
1132 563 1264 633 ipsis
1316 564 1478 621 rebus
1519 564 1713 621 iisdem

80 651 286 707 oculis
315 652 557 708 videmus
594 669 658 708 ea
683 657 820 725 'qu;e
862 655 1199 726 contingunt,
1249 655 1344 712 se'd
1375 661 1483 712 non
1523 656 1712 714 eadem

81 752 294 800 mente
321 751 380 800 et
401 745 604 799 animo.
629 748 712 801 An
742 746 906 817 igitur
929 749 1018 818 qui
1046 748 1100 803 in
1132 748 1382 805 omnibus
1409 748 1528 805 aliis
1553 748 1715 804 rebus

79 832 166 888 ab
225 834 336 891 illis
380 832 784 907 discrepantes,
831 840 883 893 in
929 839 996 894 iis
1044 855 1163 911 quae
1201 840 1268 896 ad
1310 850 1539 898 mortem
1585 857 1714 914 spe-

83 934 262 982 ctant
289 927 539 984 eumdem
567 945 727 1000 quem
765 931 840 986 illi
867 932 1132 987 calculum
1161 935 1464 1003 ponemus?

165 1017 236 1072 5.
269 1016 456 1089 Cogita
481 1019 548 1074 ad
578 1011 738 1092 quem
764 1021 956 1078 abierit
981 1064 996 1088 ,
1025 1031 1079 1079 et
1100 1025 1522 1081 consolationem
1558 1025 1711 1101 'acci-
1740 1087 1746 1090 _

84 1121 166 1176 pe
195 1123 214 1161 :
254 1123 322 1163 eo
349 1110 554 1175 scilicet
581 1110 669 1166 ubi
699 1111 895 1168 Paulus
920 1122 1024 1181 est,
1050 1114 1139 1170 ubi
1157 1114 1366 1182 Petrus,
1387 1115 1478 1170 ubi
1499 1122 1716 1171 sancto-

85 1193 232 1259 l‘itm
281 1201 481 1256 chorus
525 1204 722 1259 omnis.
767 1202 953 1276 Cogita
1001 1207 1274 1276 quomodo
1313 1196 1712 1264 resurrecturus

84 1292 172 1346 sit
199 1333 218 1357 ,
249 1308 376 1349 eum
401 1304 599 1365 quanta
627 1296 794 1367 gloria
823 1307 878 1353 et
905 1282 1214 1368 splendore.
1253 1301 1451 1356 Animo
1476 1309 1711 1371 raptito,

87 1390 152 1439 te
187 1382 325 1440 ﬂetu
349 1395 406 1441 et
428 1387 680 1460 lacrymis
705 1390 757 1445 in
797 1405 858 1446 re
887 1390 975 1446 illa
1015 1390 1149 1446 nihil
1192 1392 1711 1468 immutaturumvvel

92 1475 528 1532 emendaturum
552 1519 571 1546 ,
617 1479 711 1536 sed
755 1481 848 1536 tibi
879 1482 979 1553 ipsi
1020 1483 1276 1539 damnum
1320 1485 1507 1554 ingens
1535 1484 1714 1540 illatu-

88 1580 232 1622 rum
268 1587 281 1622 :
311 1569 484 1640 cogita
513 1587 648 1642 quos
669 1573 720 1628 id
746 1573 947 1629 faciens
972 1575 1198 1632 imiteris
1217 1619 1232 1643 ,
1255 1585 1311 1632 et
1344 1576 1466 1648 fuge
1489 1567 1728 1633 consor?

93 1661 249 1714 tium
297 1661 350 1715 in
400 1665 634 1732 peccatis
687 1664 1014 1740 huiusmodi.
1066 1668 1214 1737 Quos
1272 1685 1403 1742 ergo
1446 1670 1714 1727 imitaris?

93 1755 604 1821 quos‘azmularisl
650 1756 939 1826 lnﬁdeles,
971 1760 1062 1830 qui
1117 1775 1269 1832 spem
1315 1777 1422 1816 non
1460 1763 1710 1831 ‘ltabent,

95 1846 571 1915 quemadmodum
599 1857 653 1904 et
677 1848 875 1905 Paulus
902 1848 1036 1906 dixit
1067 1869 1081 1905 :
1117 1851 1185 1907 Ut
1204 1869 1307 1907 non
1327 1846 1712 1923 contristentini,

97 1939 247 1991 sicut
269 1949 314 1992 et
338 1942 506 1994 ceteri
529 1982 544 2006 ,
576 1941 665 2010 qui
688 1957 831 2012 spem
865 1959 968 1997 non
994 1931 1199 1997 htibent.
1234 1944 1303 2000 Et
1339 1938 1715 2007 animadverte

100 2026 248 2082 dicti
291 2030 688 2095 accurationem
717 2050 730 2084 :
765 2045 872 2087 non
893 2033 1038 2088 enim
1069 2033 1238 2100 dixit,
1278 2035 1368 2104 qui
1416 2049 1568 2105 spem
1606 2050 1714 2091 non

106 2120 324 2176 habent
349 2123 762 2179 resurrectionis
783 2165 800 2191 ,
829 2124 926 2180 sed
951 2125 1268 2195 simpliciter
1286 2165 1303 2193 ,
1329 2126 1432 2194 Qui
1454 2143 1594 2196 spem
1615 2131 1716 2197 nan

103 2212 322 2266 habent.
351 2212 482 2267 Nam
511 2215 599 2283 qui
624 2227 778 2284 spem
819 2229 926 2270 non
955 2214 1116 2271 habet
1153 2214 1474 2286 judiciiillic
1504 2216 1667 2272 futuri
1695 2257 1713 2283 ,

101 2302 318 2356 nullam
349 2318 500 2374 spem
531 2304 726 2373 habet,
759 2320 934 2375 neque
959 2306 1129 2360 Deum
1171 2321 1292 2362 esse
1321 2306 1508 2372 novit,
1540 2322 1717 2378 neque

109 2395 224 2451 scit
252 2411 374 2450 eum
405 2411 493 2452 res
521 2385 785 2452 humanas
813 2411 908 2452 sua
931 2412 1120 2468 regere
1146 2397 1474 2466 providentia
1501 2439 1516 2464 ,
1541 2412 1717 2468 neque

103 2485 353 2541 divinam
395 2487 679 2557 quamdam
698 2487 984 2558 "justitiam
1029 2487 1146 2544 hmo
1189 2489 1369 2544 omnia
1427 2490 1714 2559 inspicere.

101 2575 216 2643 Qui
244 2579 442 2632 autem’
455 2578 570 2633 haec
597 2593 703 2635 non
735 2579 1018 2649 intelligit,
1050 2594 1224 2650 neque
1253 2594 1436 2635 secum
1469 2588 1714 2650 reputat,

102 2667 230 2722 fcra
277 2668 462 2738 quavis
504 2669 750 2723 stolidior
790 2678 914 2736 est,
946 2669 1034 2740 qui
1074 2670 1259 2740 leges,
1309 2670 1508 2740 judicia
1533 2713 1548 2738 ,
1593 2671 1714 2742 jura

105 2756 369 2827 bonaque
412 2759 590 2812 omnia
636 2773 703 2813 ex
736 2759 916 2814 animo
955 2774 1056 2815 suo
1095 2760 1407 2815 eliminavit.
1440 2760 1541 2828 Qui
1573 2761 1718 2816 enim

109 2864 227 2902 non
254 2857 530 2919 exspectat
570 2865 631 2906 se
679 2851 975 2907 facinorum
1024 2854 1286 2908 rationem
1337 2853 1672 2928 redditurum
1698 2894 1715 2922 ,

112 2941 376 2996 virtutem
405 2955 626 3010 prorsus
673 2942 925 3011 deseret,
954 2945 1354 3015 nequitiamque
1383 2959 1600 3001 omnem
1633 2962 1720 3002 se-

110 3033 368 3087 ctabitur.
393 3031 519 3088 Haec
541 3034 874 3104 cogitantes,
907 3051 970 3091 ac
1012 3036 1292 3092 stultitiam
1324 3039 1720 3110 amentiamque

112 3122 415 3180 Gentilium
437 3165 453 3187 ,
481 3125 799 3194 quibuscum
829 3115 1062 3197 lugendo
1083 3130 1542 3184 communicamus
1561 3170 1577 3196 ,
1603 3130 1719 3185 ani-

115 3230 211 3270 mo
241 3205 554 3286 reputantes
577 3258 592 3283 ,
622 3233 692 3274 ne
713 3221 1108 3275 committamus
1134 3228 1193 3276 ut
1218 3234 1338 3275 cum
1358 3221 1465 3277 illis
1491 3236 1719 3276 consen-

116 3307 338 3362 tiamus.
387 3307 511 3363 ldeo
555 3324 784 3381 namque
822 3310 1019 3366 Paulus
1061 3311 1182 3367 illos
1210 3321 1633 3380 commemorat,
1661 3325 1722 3369 ut

117 3398 372 3483 dedecus
403 3399 458 3454 in
498 3403 638 3471 quod
669 3403 900 3459 incurris
929 3413 1183 3474 reputans
1210 3445 1225 3470 ,
1259 3406 1327 3460 ab
1354 3405 1566 3461 illorum
1604 3421 1722 3462 mo-

117 3491 275 3546 ribus
299 3491 488 3560 pedem
525 3493 725 3548 referas
751 3536 764 3559 ,
787 3503 842 3550 et
867 3494 932 3549 ad
963 3496 1229 3564 propriam
1258 3496 1449 3551 redeas
1474 3498 1721 3552 nobilita.

119 3593 232 3638 tem
258 3625 274 3650 ,
306 3598 482 3654 neque
511 3585 599 3641 hic
637 3587 806 3642 solum
831 3629 846 3652 ,
882 3586 974 3642 sed
1018 3589 1177 3654 etiam
1207 3589 1390 3644 multis
1420 3590 1470 3644 in
1498 3589 1628 3645 locis
1658 3605 1720 3647 ac

119 3653 430 3746 frequenter
451 3678 499 3731 id
528 3679 633 3748 agit
651 3680 835 3734 beatus
855 3653 1067 3735 Paulus.
1099 3681 1230 3736 Cum
1262 3681 1403 3736 enim
1429 3697 1459 3736 a
1486 3683 1721 3752 peCeatis

124 3769 241 3821 vult
261 3768 548 3836 abducere,
559 3772 799 3849 ostendit
815 3772 1128 3841 quibuscum
1151 3775 1609 3830 communicemus
1627 3792 1722 3844 per

122 3857 236 3928 ipsa
284 3869 600 3929 peccata,ut
626 3878 688 3915 ex
722 3877 964 3930 persona:
991 3864 1297 3920 conditione
1323 3875 1521 3932 motus,
1551 3868 1723 3922 socie-

122 3949 218 4003 tati
251 3952 544 4005 renunties.
567 3951 1133 4010 Tliessaionicensibus
1159 3956 1317 4025 igitur
1337 3956 1581 4012 scribens
1601 3998 1616 4024 ,
1648 3959 1718 4013 ita

122 4041 339 4098 dicebat
370 4060 383 4096 :
420 4043 772 4114 Unusquisque
815 4056 1033 4101 uestrum
1061 4048 1316 4116 passideat
1353 4064 1537 4116 corpus
1573 4066 1721 4104 suum

123 4135 176 4186 in
207 4135 609 4203 sanctiﬁcatione
649 4146 695 4190 et
727 4137 945 4201 honore,
992 4155 1093 4192 non
1141 4140 1192 4192 in
1225 4140 1460 4207 passione
1497 4139 1721 4210 ignomi-

126 4230 254 4293 niae,
283 4230 410 4281 sicut
458 4239 627 4299 gentes
654 4247 770 4302 qua:
808 4228 971 4284 Deum
1011 4247 1112 4284 non
1143 4240 1388 4284 noverunt
1418 4230 1493 4300 (1.
1538 4231 1719 4287 Thess.

127 4324 180 4375 4.
213 4323 266 4376 4.
290 4322 387 4392 '5).
431 4324 515 4377 Ac
531 4337 718 4377 rursus
753 4341 766 4377 :
798 4319 936 4376 :Non
962 4324 1089 4376 sicut
1112 4332 1305 4377 cwterte
1345 4333 1513 4394 gentes
1539 4325 1722 4378 ambu-

129 4415 238 4466 lmtl
266 4413 318 4465 in
343 4415 560 4466 vanitate
584 4408 760 4467 cordis
782 4413 860 4466 sui
889 4413 1053 4483 (Eph.
1092 4413 1301 4483 4.17).
1335 4413 1424 4469 Sic
1462 4422 1516 4468 et
1546 4415 1597 4468 in
1622 4417 1728 4472 hoc

130 4507 249 4559 loco
281 4521 295 4556 :
328 4503 466 4557 Nolo
489 4519 572 4558 vos
597 4505 834 4576 ignorare
855 4545 870 4570 ,
902 4508 1084 4574 fratres
1109 4546 1124 4570 ,
1150 4505 1214 4558 de
1243 4505 1605 4559 dormientibus
1626 4545 1643 4570 ,
1668 4516 1723 4558 ut

130 4613 230 4650 non
256 4596 617 4650 contristemini
643 4597 771 4650 sicut
800 4605 848 4649 et
876 4596 1046 4650 cwteri
1064 4636 1079 4662 ,
1109 4597 1196 4665 qui
1220 4613 1358 4666 spent
1387 4613 1488 4650 non
1514 4597 1721 4651 habent.

129 4687 244 4741 Non
271 4687 415 4745 cnim
446 4687 523 4741 rei
556 4687 723 4758 ipsius
747 4697 934 4742 natura
956 4729 971 4754 ,
999 4687 1093 4742 sed
1122 4687 1283 4741 animi
1312 4688 1481 4742 nostri
1523 4703 1723 4758 propo-

130 4783 292 4832 situm
321 4778 561 4833 dolorem
589 4780 742 4834 nobis
762 4779 953 4834 afferre
975 4779 1140 4833 solet:
1161 4793 1266 4833 non
1300 4794 1444 4834 mors
1464 4776 1721 4848 defuncti,

119 4873 226 4926 sed
256 4872 546 4942 lugentium
578 4873 879 4926 inﬁrmitas.
916 4871 1151 4927 Fidelem
1175 4873 1354 4942 itaque
1381 4873 1523 4928 nulla
1541 4889 1720 4928 rerum

134 4965 474 5030 praesentium
521 4963 704 5017 dolore
749 4963 966 5018 afﬁcere
1010 4964 1240 5032 poterit;
1272 4964 1367 5018 sed
1407 4964 1567 5018 etiam
1600 4953 1724 5022 ante

132 5056 306 5108 futura
341 5054 475 5107 bona
506 5066 562 5109 et
587 5055 638 5108 in
663 5055 914 5123 pratsenti
942 5055 1048 5109 vita
1070 5054 1138 5107 ab
1159 5053 1459 5110 infidelibus
1485 5064 1726 5108 remotus

131 5159 234 5213 est,
268 5163 374 5200 non
404 5162 565 5217 parva
611 5163 677 5203 ex
719 5147 1056 5218 philosophia
1098 5147 1397 5203 Christiana
1424 5148 1725 5218 percipiens

132 5239 291 5303 bona,
333 5238 725 5309 maximamque
752 5239 874 5295 inde
903 5251 1110 5295 metens
1152 5240 1502 5303 alacritatem,
1535 5255 1727 5310 perpe-

134 5341 390 5400 tuumque
417 5331 691 5401 gaudium.
720 5332 899 5400 Quare
929 5333 1121 5389 Paulus
1143 5333 1216 5386 ait
1249 5351 1262 5387 :
1293 5331 1519 5386 Gaudete
1543 5334 1595 5385 in
1620 5333 1725 5386 Do-

134 5425 271 5477 mino
297 5439 522 5492 semper,
568 5425 753 5478 iterum
787 5425 902 5479 dico
927 5466 941 5490 ,
992 5426 1206 5496 gaudete
1235 5424 1494 5494 (Rhilipp.
1541 5424 1596 5479 4.
1642 5423 1721 5495 4).

135 5514 316 5584 Itaque
345 5515 508 5569 etiam
545 5525 671 5570 ante
714 5518 1171 5572 resurrectionem
1204 5531 1309 5571 non
1343 5509 1559 5586 parvam
1588 5517 1724 5570 hanc

134 5604 434 5659 mercedem
459 5607 750 5676 accipimus
769 5649 783 5672 ,
814 5609 956 5677 quod
983 5609 1034 5662 in
1064 5608 1208 5662 nulla
1247 5607 1602 5663 accidentium
1631 5622 1724 5662 ca-

137 5693 431 5765 lamitatum
480 5699 662 5764 animo
708 5699 1086 5763 concidamus;
1133 5700 1226 5754 sed
1281 5701 1580 5754 futurorum
1629 5714 1724 5769 spe

137 5786 301 5841 multo
331 5787 566 5842 fruamur
606 5789 819 5845 solatio.
849 5774 1306 5860 Qu‘cmadtnodnm
1353 5794 1511 5861 igitur
1549 5791 1719 5846 utrin—

142 5892 243 5946 quo
269 5879 474 5934 lucrum
501 5880 758 5950 facimus,
789 5882 857 5936 ita
888 5882 1115 5939 inﬁdelis
1147 5883 1394 5954 utrinque
1422 5883 1615 5938 damno
1645 5880 1720 5937 af-

1313 451 1404 509 DE
1441 450 1720 512 LAZARO
1762 450 2026 512 CONCIO
2043 455 2110 512 Υ.

3275 454 3417 516 1022
3443 428 3446 430 Ὗ

1818 565 2029 636 ﬁcitur,
2059 577 2113 624 et
2153 567 2296 640 quod
2331 569 2548 627 domum
2591 573 2877 644 puniatur,
2909 579 3034 647 quia
3058 575 3421 645 resurrectio-

1819 670 1942 712 nem
1983 673 2090 714 non
2136 660 2405 731 credidit,
2435 671 2492 721 et
2519 665 2663 734 quod
2701 665 2882 722 animo
2903 669 3153 741 concidat
3176 671 3231 726 in
3275 687 3420 742 prte-

1817 749 2062 805 sentibus
2111 751 2272 807 rebus
2294 786 2319 818 ,ι
2358 754 2483 823 quia
2527 755 2659 809 nihil
2691 768 2810 826 post
2853 757 2995 813 hanc
3019 759 3184 815 vitam
3229 775 3418 831 sperat
3460 749 3462 751 ’

1821 837 1965 894 boni.
2013 839 2131 895 Non
2161 841 2334 896 solum
2378 857 2508 913 ergo
2537 854 2756 914 pr0pter
2799 849 3251 904 resurrectionem
3300 851 3414 906 Deo

1815 918 2016 999 gratias
2042 944 2201 1000 agere
2243 931 2504 988 debemus
2523 974 2538 998 ,
2580 934 2674 989 sed
2703 936 2863 990 etiam
2904 947 3122 1007 propter
3142 953 3292 1009 spem
3319 953 3411 996 re.-

1815 1019 2163 1074 surreetionis
2179 1062 2194 1086 ,
2217 1036 2336 1091 quae
2356 1032 2408 1077 et
2431 1033 2746 1080 maerentem
2767 1025 3006 1082 animum
3025 1028 3185 1083 solari
3206 1038 3406 1098 potest,

1815 1111 2226 1181 etpersuadere
2253 1113 2410 1169 nobis
2453 1123 2513 1170 ut
2540 1115 2683 1170 circa
2728 1115 3012 1173 defunctos
3042 1113 3412 1189 conﬁdamus,

1817 1214 1914 1274 eos
1941 1217 2137 1272 nempe
2165 1214 2565 1260 resurrecturos
2588 1247 2604 1271 ,
2631 1220 2696 1262 ac
2721 1207 3000 1264 nobiscum
3032 1208 3240 1266 futuros
3265 1225 3410 1268 esse.

1816 1290 1952 1347 Nam
2000 1295 2045 1349 si
2061 1309 2309 1351 .mterere
2335 1298 2588 1352 convenit
2625 1298 2689 1354 ac
2724 1297 2943 1370 lugere,
2967 1301 3183 1372 lugendi
3214 1303 3290 1370 ii,
3321 1306 3412 1375 qui

1818 1383 1873 1438 in
1904 1385 2139 1454 peccatis
2159 1386 2375 1452 vivunt,
2406 1403 2514 1443 non
2563 1388 2601 1444 ii
2651 1389 2889 1459 quicum
2937 1393 3136 1448 virtute
3177 1392 3415 1451 defuncti

1817 1483 1960 1530 sunt.
1986 1475 2076 1549 Sic
2094 1486 2152 1533 et
2180 1477 2376 1553 Paulus
2402 1478 2530 1535 facit
2558 1496 2573 1535 :
2602 1479 2896 1537 Corinthiis
2921 1485 3119 1555 quippe
3148 1485 3416 1556 scribens,

1815 1565 1928 1620 ait:
1955 1564 2240 1637 Nequando
2267 1569 2337 1622 ad
2361 1586 2447 1624 eos
2469 1571 2745 1625 uenientem
2776 1589 2853 1626 me
2897 1571 3038 1628 Deus
3067 1574 3301 1631 humils'et
3323 1619 3339 1645 ,
3368 1586 3422 1635 et

1817 1660 2009 1713 multos
2042 1660 2243 1732 lugeam
2272 1661 2350 1732 (2.
2381 1661 2502 1726 Cor.
2533 1661 2621 1718 l2.
2650 1662 2764 1736 2i).
2793 1663 2910 1718 Non
2939 1665 3135 1721 multos
3168 1683 3234 1723 ex
3263 1683 3416 1724 mor-

1821 1751 1927 1805 tuis
1955 1750 2128 1817 dixit;
2157 1751 2251 1806 scd
2282 1768 2346 1806 ex
2371 1751 2435 1807 iis
2458 1795 2474 1822 ,
2505 1753 2736 1824 quicum
2763 1765 2889 1810 ante
2909 1757 3298 1826 peccavissent,
3321 1773 3419 1816 eos

1819 1848 1999 1895 tamen
2041 1841 2275 1898 lascivia:
2304 1843 2639 1918 impuneque
2664 1845 2788 1900 vita:
2816 1860 2922 1900 non
2955 1847 3242 1917 pteniteret
3269 1865 3286 1906 :
3318 1849 3427 1906 bos

1787 1931 2003 2003 .lugere
2028 1936 2297 1988 convenit.
2328 1935 2418 1990 Sic
2442 1935 2582 1989 alius
2607 1945 2789 1992 monet
2820 1937 2903 1993 bis
2942 1938 3122 1994 verbis
3154 1957 3167 1992 :
3203 1938 3301 1995 Fle
3324 1957 3417 1995 suo

1816 2041 1909 2090 per
1936 2035 2136 2080 mortuo
2169 2042 2189 2081 :
2219 2029 2402 2100 defecit
2449 2029 2583 2083 enim
2613 2030 2826 2097 lumen;
2869 2040 2916 2086 et
2935 2048 3089 2100 super
3109 2033 3264 2088 stulto
3301 2034 3371 2103 [is
3397 2049 3422 2090 :

1820 2106 2006 2188 defecit
2051 2118 2187 2172 enim
2213 2118 2549 2188 intelligentia
2578 2119 2764 2190 (Eccli.
2792 2120 2884 2177 22.
2923 2111 3037 2194 lli).
3071 2121 3263 2176 Parum
3288 2121 3419 2178 fleas

1818 2222 1981 2279 super
2009 2217 2222 2265 mortuo
2242 2251 2257 2273 ,
2287 2211 2538 2280 quoniam
2563 2213 2862 2283 requievit;
2895 2215 3042 2270 stulti
3072 2222 3250 2271 autem
3277 2230 3423 2269 mor-

1821 2307 1874 2354 te
1892 2299 2007 2353 »vita
2034 2308 2117 2355 est
2139 2286 2394 2355 deterior.
2416 2302 2569 2370 Quod
2595 2307 2639 2356 si
2669 2303 3035 2375 intelligentia:
3053 2301 3251 2379 expers
3273 2319 3423 2360 sem-

1820 2405 1924 2460 per
1945 2390 2195 2463 lacrymis
2222 2391 2414 2463 dignus
2439 2403 2519 2448 est
2547 2409 2563 2460 ;
2593 2394 2764 2449 multo
2784 2395 2952 2466 magis
2963 2396 3177 2467 ,justitia
3197 2412 3420 2470 vacua,

1820 2471 1875 2538 et
1900 2482 1990 2554 qui
2016 2498 2047 2537 a
2078 2498 2174 2553 spe
2199 2484 2252 2538 in
2275 2484 2689 2543 Deumexcidit.
2721 2485 2832 2540 llos
2862 2487 3041 2558 itaque
3083 2488 3365 2560 lugeamus
3395 2507 3410 2546 :

1821 2574 1910 2630 hic
1957 2576 2150 2632 luctus'
2186 2577 2335 2632 luero
2381 2593 2488 2632 non
2522 2585 2606 2633 est
2640 2577 2930 2634 destitutus
2963 2597 2978 2634 :
3007 2593 3151 2651 saepe
3189 2596 3424 2652 namque

1822 2668 1966 2724 luctu
1999 2677 2185 2723 nostro
2215 2668 2337 2724 illos
2362 2669 2786 2726 emendavimus.

1892 2759 2168 2815 Peccatum
2197 2761 2361 2815 solum
2390 2761 2684 2833 lugendum.
2712 2792 2785 2804 —
2805 2762 3095 2820 Defunctos
3121 2771 3301 2821 autem
3342 2765 3424 2822 lu-

1825 2866 1954 2922 gere
1976 2867 2098 2906 eum
2133 2853 2320 2907 inutile
2343 2893 2358 2920 ,
2391 2863 2501 2907 tum
2529 2852 2850 2909 damnosum
2878 2863 2980 2909 est.
3029 2855 3108 2911 Ne
3138 2856 3296 2926 igitur
3327 2872 3423 2914 or-

1822 2945 2001 3000 dinem
2029 2945 2360 3001 invertamus
2386 2985 2402 3011 ,
2454 2945 2551 3000 sed
2582 2955 2859 3014 peccatum
2891 2946 3064 3002 solum
3094 2947 3372 3018 lugeamus
3403 2966 3420 3006 :

1822 3037 2026 3107 reliqua
2049 3052 2179 3092 vero
2202 3037 2382 3091 omnia
2407 3078 2422 3102 ,
2446 3037 2560 3092 sive
2581 3047 2948 3107 paupertatem
2972 3079 2986 3103 ,
3009 3040 3123 3094 sive
3144 3040 3415 3108 morbum,

1822 3127 1935 3182 sive
1982 3126 2319 3182 immaturam
2369 3135 2634 3191 mortem,
2682 3129 2796 3183 sive
2833 3128 3087 3184 damnum
3113 3170 3128 3192 .
3171 3130 3292 3186 sive
3332 3134 3424 3186 ca-

1823 3217 2076 3272 lumniam
2103 3260 2118 3284 ,
2173 3217 2286 3272 sive
2334 3217 2478 3272 aliud
2517 3218 2786 3298 quidpiam
2831 3218 3124 3274 humanum
3177 3220 3419 3290 malum,

1825 3307 2032 3364 fortiter
2059 3309 2318 3364 feramus.
2354 3309 2479 3364 llaec
2507 3312 2705 3386 quippe
2749 3310 2889 3365 mala
2914 3353 2931 3379 ,
2959 3312 3003 3366 si
3052 3320 3417 3384 temperantes

1823 3399 2086 3456 fuerimus
2111 3443 2125 3468 ,
2157 3401 2339 3471 plures
2364 3400 2520 3456 nobis
2547 3415 2776 3456 coronas
2803 3412 3114 3472 procurant.

1894 3493 1948 3547 4.
1981 3493 2051 3548 At
2079 3493 2166 3563 qui
2192 3534 2207 3557 ,
2257 3492 2500 3563 inquies,
2534 3492 2650 3547 ﬁeri
2679 3493 2884 3562 possit,
2917 3503 2978 3549 ut
3021 3494 3272 3570 homines
3296 3511 3420 3554 cum

1824 3584 1992 3638 simus
2014 3625 2028 3650 ,
2057 3583 2243 3638 dolore
2270 3598 2375 3638 non
2407 3583 2741 3638 afﬁciamur?
2762 3588 2830 3638 At
2854 3598 2954 3654 ego
2985 3595 3170 3639 contra
3197 3601 3420 3656 qumro:

1823 3678 1915 3748 qui
1947 3677 2060 3732 ﬁeri
2088 3676 2256 3748 possit
2277 3686 2332 3730 ut
2359 3677 2537 3744 lugeat
2559 3675 2741 3742 homo,
2760 3677 2850 3747 qui
2878 3677 3101 3732 rationis
3123 3679 3435 3750 particeps,

1824 3777 1878 3821 et
1902 3769 2198 3842 futurorum
2229 3781 2326 3837 spe
2352 3765 2514 3820 fultus
2535 3766 2653 3821 est?
2676 3765 2894 3836 Ecquis,
2925 3766 3168 3837 'inquics,
3193 3783 3432 3838 unquam

1825 3862 1944 3927 fuit,
1961 3861 2048 3930 qui
2081 3860 2181 3914 hac
2197 3858 2513 3930 aegritudine
2539 3874 2646 3914 non
2668 3868 2856 3928 captus
2885 3859 2994 3914 sit?
3023 3859 3168 3914 Multi
3185 3868 3236 3915 et
3258 3861 3428 3931 plurio

1824 3953 1926 4008 bus
1951 3953 2004 4006 in
2037 3953 2198 4019 locis,
2234 3961 2344 4007 tum
2376 3961 2563 4005 nostro
2583 3992 2598 4016 ,
2629 3960 2739 4005 tum
2771 3951 3170 4022 progenitorum
3206 3962 3425 4008 nostro-

1827 4058 1946 4098 rum
1968 4057 2104 4098 tevo.
2137 4043 2348 4096 Etenim
2380 4041 2505 4095 audi
2531 4040 2658 4111 quid
2685 4039 2808 4106 Job,
2829 4041 3027 4096 amisso
3057 4050 3167 4096 toto
3189 4041 3422 4099 ﬁliorum

1826 4142 1972 4190 caatu
1996 4175 2012 4200 ,
2054 4133 2199 4189 dicat
2230 4151 2242 4187 :
2271 4133 2520 4187 Domitius
2549 4133 2733 4197 dedit,
2753 4130 3000 4186 Dominus
3031 4130 3240 4186 abstulit
3269 4147 3288 4187 :
3315 4137 3422 4190 sic-

1825 4235 1879 4279 ut
1916 4223 2136 4278 Domino
2159 4224 2369 4295 placuit,
2397 4224 2470 4276 ita
2496 4225 2686 4293 factum
2714 4231 2787 4276 est
2832 4221 2954 4293 (Job
2981 4223 3033 4277 i.
3058 4221 3174 4292 2i).
3205 4222 3300 4277 Vel
3326 4239 3425 4278 au-

1831 4316 1944 4372 ditu
1970 4315 2188 4385 quidem
2219 4316 2333 4370 haec
2373 4311 2640 4369 mirabilia
2671 4321 2833 4369 sunt:
2859 4322 2916 4369 at
2959 4314 3006 4368 si
3037 4314 3126 4369 illa
3173 4315 3430 4372 accurate

1825 4405 2302 4476 cxpenderis,tunc
2319 4397 2490 4474 majus
2505 4418 2694 4472 cernes
2713 4403 3052 4458 miraculum.
3068 4403 3252 4475 Cogita
3273 4420 3428 4460 nam-

1825 4513 1929 4569 que
1945 4498 2240 4562 diabolum,
2261 4512 2368 4552 non
2385 4498 2674 4552 liberorum
2694 4495 2973 4551 dimidium
2997 4497 3302 4562 abstulisse;
3329 4514 3430 4552 ne-

1825 4605 1930 4660 que
1961 4589 2144 4659 plures
2169 4589 2453 4644 abstulisse
2473 4627 2488 4657 ,
2522 4589 2799 4658 pauciores
2815 4587 3121 4656 reliquisse;
3141 4587 3234 4642 sed
3262 4597 3431 4643 totum

1826 4680 2057 4736 fructum
2085 4680 2445 4736 demessuissc
2466 4719 2483 4746 ,
2530 4694 2630 4734 nec
2655 4678 2900 4734 arborem
2915 4677 3176 4748 deiecisse
3204 4695 3220 4732 :
3261 4687 3431 4734 totum

1827 4788 1977 4829 mare
1997 4788 2118 4828 cum
2135 4771 2381 4826 ﬂuctibus
2409 4770 2648 4837 induxit,
2667 4785 2841 4841 neque
2861 4777 3041 4824 tamen
3060 4770 3311 4841 scapham
3333 4769 3434 4826 de-

1827 4865 2049 4920 mersit:
2072 4873 2234 4918 totam
2263 4866 2370 4917 vim
2401 4861 2671 4922 adhibuit.
2697 4877 2874 4930 neque
2899 4863 3086 4918 turrim
3115 4863 3432 4920 commovit.

1895 4953 1997 5008 Job
2026 4953 2313 5024 exemplum
2343 4953 2616 5023 paliettlite.
2637 4951 2830 5006 ——Sed
2875 4953 3024 5006 stetit
3063 4953 3152 5007 ille
3197 4951 3434 5019 undique

1829 5049 1949 5102 telis
1967 5047 2260 5117 impetitus,
2281 5045 2674 5114 immobilisque
2701 5057 2957 5098 manens:
2983 5028 3275 5098 tela-instar
3295 5039 3439 5098 niVis

1828 5140 1881 5194 in
1904 5155 2024 5194 eum
2047 5138 2330 5194 confertim“
2350 5136 2676 5203 ferebantur;
2706 5150 2878 5205 neque
2903 5135 2994 5190 ille
3016 5135 3429 5205 percellebatur;

1830 5232 1938 5286 imo
1960 5230 2308 5286 mittebantur
2349 5229 2564 5298 quidem
2592 5269 2606 5292 ,
2637 5236 2692 5280 at
2714 5241 2818 5281 non
2847 5225 3215 5280 vulnerabant.
3249 5226 3438 5296 Cogita

1829 5334 2083 5394 quantum
2108 5325 2176 5378 sit
2198 5333 2274 5377 tot
2302 5321 2437 5375 ﬁlios
2461 5331 2699 5374 mortuos
2725 5333 2968 5374 cernere.
2995 5317 3132 5383 Quid
3161 5318 3300 5372 enim
3326 5335 3436 5374 non

1829 5415 2073 5470 dolorem
2127 5413 2429 5468 inferebat?
2464 5411 2616 5480 Quod
2663 5425 2853 5465 omnes
2896 5418 3212 5479 raperentur
3235 5451 3251 5475 ,
3283 5409 3425 5480 quod

1831 5521 2018 5562 omnes
2045 5506 2201 5562 simul
2229 5503 2440 5559 unodie
2459 5544 2473 5568 ,
2506 5502 2648 5571 quod
2675 5503 2726 5557 in
2759 5503 2873 5570 ipso
2902 5502 3076 5556 aetatis
3103 5501 3256 5568 flore,
3287 5503 3428 5572 quod

1830 5617 1951 5671 cum
1981 5603 2087 5668 jam
2115 5601 2382 5669 egregium
2414 5595 2686 5651 dedissent
2715 5593 2922 5648 virtutis
2942 5594 3214 5667 specimen
3240 5636 3254 5658 ,
3278 5596 3419 5663 quod

1832 5693 2074 5763 supplicii
2121 5705 2270 5746 more
2310 5689 2474 5742 vitam
2518 5687 2771 5749 ﬁnirent,
2799 5684 2942 5756 quod
2974 5694 3094 5755 post
3124 5695 3201 5739 tot
3244 5680 3428 5754 plagas

1832 5784 1946 5840 hanc
1973 5793 2236 5853 postrema
2259 5782 2562 5844 inferretur,
2592 5777 2731 5848 quod
2759 5787 2906 5848 pater
2948 5786 3091 5832 esset
3141 5777 3428 5832 liberorum

1834 5894 2019 5936 amans
2042 5919 2057 5946 ,
2093 5877 2230 5949 quod
2259 5874 2496 5933 defuncti
2523 5872 2800 5929 amabiles.
2824 5869 2958 5927 Cum
2986 5870 3128 5926 enim
3153 5867 3432 5940 improbos
