4122 6334
670 371 810 428 1023

665 483 929 554 quispiam
953 480 1147 535 liberos
1175 476 1401 542 amittit,
1428 477 1494 531 de
1514 476 1718 545 jactura
1739 472 1949 543 quidem
1970 468 2136 533 dolet,
2164 464 2256 519 sed

667 589 775 630 non
796 587 916 626 cum
942 581 1080 624 tanta
1106 565 1437 622 vehementia
1465 582 1479 619 :
1512 564 1880 619 defunctorum
1907 563 2047 616 enim
2068 559 2258 626 impro-

659 663 804 714 bitas
837 675 945 716 non
984 659 1055 714 ita
1081 673 1258 713 acrem
1285 656 1409 711 sinit
1449 669 1566 710 esse
1593 653 1855 708 dolorem.
1901 651 2034 706 Cum
2081 661 2258 704 autem

663 744 865 805 virtute
896 749 1099 820 praediti
1131 757 1287 814 sunt,
1316 747 1507 801 vulnus
1548 746 1637 800 diu
1665 744 1918 815 perdurat
1944 785 1957 808 ,
2001 742 2255 796 memoria

669 840 784 908 ejus
811 855 915 894 non
936 840 1190 894 amittitur
1214 856 1226 890 :
1252 838 1447 891 malum
1469 851 1681 890 omnem
1703 834 2119 889 consolationem
2142 834 2258 888 viu-

669 932 763 996 cit,
793 931 989 1001 duplex
1011 929 1254 985 stimulus
1275 936 1377 994 est,
1403 928 1533 981 alter
1563 943 1592 981 a
1619 934 1829 991 natura,
1861 926 1996 979 alter
2015 941 2044 995 a
2066 926 2258 980 virtute

672 1023 1064 1078 defunctorum.
1091 1022 1240 1089 Quod
1270 1030 1445 1075 autem
1485 1021 1556 1073 illi
1588 1021 1780 1074 virtute
1826 1019 1997 1072 ornati
2039 1027 2257 1092 essent,

672 1115 798 1168 hinc
820 1115 992 1183 palam
1018 1155 1036 1179 ,
1061 1113 1201 1182 quod
1229 1123 1377 1181 pater
1413 1128 1655 1181 magnam
1681 1126 1867 1166 eorum
1895 1126 2073 1164 curam
2099 1111 2259 1166 habe-

673 1206 1028 1275 ret,quodque
1050 1205 1249 1259 hostias
1273 1219 1367 1273 pro
1397 1204 1502 1258 illis
1527 1203 1835 1268 oﬁ'erret,de
1855 1203 2078 1257 occultis
2097 1203 2257 1257 etiam

673 1313 861 1352 eorum
913 1299 1149 1367 peccatis
1189 1297 1481 1361 sollicitus,
1524 1295 1761 1363 nihilque
1804 1295 1902 1376 ipsi
1951 1294 2069 1362 plus
2111 1293 2260 1346 cordi

677 1398 814 1444 erat.
857 1389 912 1443 ld
942 1404 1068 1443 vero
1099 1403 1201 1443 non
1225 1387 1383 1442 modo
1431 1386 1681 1439 virtutem
1711 1386 1936 1439 ﬁliorum
1984 1385 2256 1451 declarat,

673 1480 769 1535 sed
794 1481 952 1535 etiam
983 1482 1147 1551 patris
1171 1495 1426 1534 amorem.
1460 1479 1590 1533 Cum
1623 1479 1781 1548 igitur
1826 1487 1879 1533 et
1905 1487 2052 1547 pater
2077 1484 2218 1531 esset
2243 1518 2258 1542 ,

673 1581 729 1626 et
771 1588 936 1641 usque
956 1573 1088 1627 adeo
1111 1573 1277 1642 prolis
1301 1587 1504 1636 amans,
1532 1573 1619 1641 qui
1649 1586 1754 1624 non
1786 1571 2084 1624 naturalem
2102 1569 2261 1624 modo

673 1662 940 1729 allectum,
972 1664 1065 1718 sed
1095 1666 1253 1718 etiam
1285 1679 1430 1729 eum,
1458 1665 1545 1732 qui
1574 1680 1639 1716 ex
1665 1664 1854 1732 pietate
1883 1661 2258 1732 proﬁcisceba-

674 1761 795 1818 tur,
824 1754 1138 1819 exhiberet;
1164 1769 1282 1808 cum
1313 1755 1470 1807 etiam
1511 1753 1739 1807 defuncti
1783 1761 1942 1807 tanta:
1981 1752 2258 1822 probitatis

673 1853 887 1911 essent,
919 1845 1040 1900 hinc
1069 1846 1259 1914 triplex
1298 1846 1546 1900 maeroris
1584 1846 1719 1914 ignis
1753 1846 2083 1915 gignebatur.
2117 1845 2262 1899 Prte-

671 1944 817 1992 te‘rca
847 1952 965 1992 cum
997 1939 1184 2006 partim
1214 1946 1414 1991 tantum
1438 1938 1789 2006 abripiuntur,
1809 1938 2038 2006 aliquam
2067 1951 2261 1990 conso-

673 2027 925 2082 lationem
946 2030 1045 2084 hoc
1062 2031 1256 2084 malum
1283 2029 1458 2084 habet.
1495 2029 1632 2084 Nam
1661 2029 1858 2084 residui
1902 2028 1993 2081 ﬁlii
2019 2027 2258 2081 dolorem

672 2119 740 2173 de
764 2120 990 2173 aliorum
1018 2130 1186 2175 morte
1216 2122 1500 2175 obscurant
1538 2131 1592 2175 et
1617 2122 1876 2190 mitigant.
1907 2122 1974 2173 At
2002 2135 2121 2173 cum
2155 2133 2259 2172 uno

673 2217 916 2278 tempore
945 2211 1174 2264 universi
1205 2211 1502 2265 moriuntur
1525 2251 1540 2274 ,
1584 2211 1648 2264 ad
1678 2226 1832 2279 quem
1861 2209 2131 2278 respicere
2161 2223 2258 2277 po-

673 2301 800 2354 terit
844 2301 970 2364 ille,
1017 2303 1103 2369 qui
1145 2304 1430 2356 multorum
1471 2302 1698 2356 ﬁliorum
1728 2312 1877 2369 pater
1909 2300 2017 2370 jam
2051 2301 2260 2370 penitus

671 2392 833 2447 orbus
858 2394 981 2447 est?
1011 2394 1090 2447 Ad
1130 2394 1242 2448 haec
1271 2395 1505 2462 quintam
1534 2396 1691 2448 etiam
1722 2395 1924 2464 plagam
1974 2401 2255 2448 recensere

673 2481 816 2536 licet.
841 2484 1096 2550 Quaenam
1128 2485 1213 2538 illa
1244 2486 1368 2539 est?
1391 2486 1542 2552 Quod
1573 2486 1860 2555 derepente
1888 2501 2075 2540 omnes
2121 2486 2260 2539 inte-

673 2573 879 2626 rierint.
917 2573 1046 2627 Nam
1083 2575 1128 2628 si
1157 2591 1278 2630 cum
1319 2576 1455 2629 intra
1501 2586 1609 2630 tres
1639 2587 1728 2639 aut
1762 2577 1991 2645 quinque
2016 2576 2130 2630 dies
2161 2577 2263 2628 vita

672 2661 965 2731 funguntur
984 2665 1167 2734 aliqui,
1197 2675 1318 2719 tunc
1340 2668 1587 2720 mulieres
1612 2676 1666 2720 et
1693 2667 1900 2735 cognati
1924 2682 2108 2720 omnes
2137 2666 2264 2719 illud

673 2755 904 2809 maxime
939 2755 1253 2824 deplorant,
1287 2758 1426 2827 quod
1452 2758 1557 2811 cito
1587 2767 1641 2811 et
1670 2758 1959 2831 derepente
1977 2757 2271 2829 defunctus

673 2843 740 2897 ab
766 2860 948 2898 eorum
993 2847 1160 2900 oculis
1188 2847 1437 2916 abreptus
1477 2849 1579 2913 sit;
1623 2857 1821 2917 quanto
1867 2849 2034 2916 magis
2063 2847 2146 2900 hic
2185 2847 2265 2899 in-

674 2932 859 3000 doluit,
882 2937 971 3004 qui
995 2952 1097 2990 non
1123 2938 1258 2992 intra
1285 2948 1390 2994 tres
1414 2941 1494 2993 vel
1523 2940 1676 3004 duos,
1700 2940 1778 2993 vel
1809 2955 1968 2993 unum
1985 2940 2149 3005 diem,
2172 2938 2265 2992 sed

673 3023 804 3078 hora
839 3042 944 3080 una
971 3041 1156 3082 omnes
1200 3031 1277 3083 sic
1305 3031 1500 3082 amisit.
1544 3030 1735 3083 Malum
1782 3030 2103 3098 aliquamdiu
2142 3039 2264 3084 ante

671 3117 992 3184 praevisum,
1044 3121 1249 3174 etiamsi
1296 3121 1579 3178 admodum
1627 3122 1956 3176 intolerabile
1998 3123 2102 3187 sit,
2152 3122 2265 3191 ipsa

672 3214 850 3262 tamen
882 3213 1276 3278 exspectatione
1315 3214 1468 3268 facile
1496 3215 1726 3268 lenitur:
1761 3213 1901 3281 quod
1931 3223 2105 3268 autem
2145 3215 2265 3268 ino-

672 3295 906 3364 pinatum
933 3300 1141 3374 accidit,
1177 3301 1563 3358 intolerandmn
1605 3313 1705 3359 est.
1728 3303 1859 3358 Cum
1889 3303 2044 3373 igitur
2068 3303 2265 3373 aliquid

672 3398 768 3454 per
814 3399 872 3439 se
898 3401 1087 3455 grave,
1119 3390 1445 3459 inOpinatum
1476 3405 1738 3464 praeterea
1768 3395 2058 3464 contingit,
2093 3395 2263 3464 cogita

673 3497 831 3549 quam
858 3478 1189 3538 intolerabile
1218 3484 1306 3544 sit,
1339 3496 1392 3536 nt
1415 3500 1512 3538 nec
1535 3486 1662 3539 satis
1691 3486 1866 3539 verbis
1893 3485 2115 3554 exprimi
2144 3500 2264 3554 pos~

673 3574 762 3626 sit.
810 3573 900 3626 Vis
927 3584 1128 3631 sextam
1175 3573 1383 3642 plagam
1430 3577 1651 3630 audire?
1683 3577 1737 3630 In
1783 3579 1900 3646 ipso
1937 3578 2106 3631 astatis
2132 3577 2265 3632 flore

673 3676 860 3718 Omnes
905 3667 1150 3731 perdidit.
1186 3662 1344 3722 Scitis
1387 3675 1640 3734 quantum
1680 3682 1966 3724 maerorem
2009 3676 2066 3726 et
2105 3682 2264 3741 quam

674 3754 878 3806 varium
902 3755 1094 3809 luctum
1119 3757 1342 3812 inferant
1358 3766 1698 3827 praematura:
1712 3769 1931 3817 mortes.
1961 3762 2085 3817 H-;ec
2109 3777 2265 3831 porro

674 3856 820 3895 mors
849 3859 950 3897 non
983 3859 1292 3913 prmnatura
1324 3861 1544 3915 tantum,
1570 3852 1664 3906 sed
1692 3853 1849 3930 etiam
1876 3853 2101 3905 violenta
2125 3862 2260 3918 erat,

676 3931 747 3983 ita
776 3943 832 3985 ut
863 3934 974 3988 lucc
1004 3939 1227 4006 septima
1259 3940 1405 4010 plaga
1432 3952 1592 3995 esset.
1628 3942 1742 3995 Non
1764 3943 1905 3996 enim
1936 3943 1986 3996 in
2010 3943 2145 3996 lecto
2169 3958 2264 3997 eos

675 4023 951 4090 exspirare
994 4028 1330 4097 animamque
1359 4030 1540 4085 efﬂare
1569 4033 1732 4097 vidit,
1775 4032 1869 4086 sed
1893 4033 2082 4086 domus
2111 4033 2263 4086 ruina

677 4111 897 4167 obrutos
925 4130 1127 4171 omnes.
1162 4120 1436 4188 Perpende
1480 4123 1664 4192 igitur,
1706 4139 1809 4192 quo
1836 4124 2013 4177 animo
2048 4134 2190 4178 esset
2221 4124 2266 4178 is

676 4204 766 4271 qui
797 4205 1062 4261 cumulum
1108 4209 1257 4263 illum
1289 4213 1546 4267 effodiens
1571 4255 1585 4278 ,
1634 4231 1772 4269 nunc
1804 4215 2030 4283 lapidem
2059 4257 2073 4281 ,
2122 4229 2264 4269 nunc

679 4293 976 4347 membrum
1004 4298 1226 4368 alicujus
1253 4317 1282 4354 e
1312 4303 1435 4355 ﬁliis
1463 4306 1786 4368 extraheret,
1813 4306 1902 4375 qui
1939 4322 2150 4358 manum
2181 4307 2264 4358 vi-

677 4382 827 4438 deret
855 4386 1029 4442 adhuc
1058 4391 1302 4459 poculum
1336 4403 1624 4461 tenentem,
1654 4411 1881 4466 moxque
1905 4396 2143 4451 dextram
2174 4412 2268 4466 pa-

679 4475 807 4528 tina:
839 4477 1136 4547 impositam
1159 4527 1172 4548 ,
1204 4493 1477 4555 totumque
1501 4503 1696 4558 corpus
1720 4488 2070 4544 deformatum
2093 4532 2106 4557 ,
2139 4507 2265 4545 con-

680 4567 806 4620 trito
838 4585 988 4636 naso,
1016 4575 1289 4630 confracta
1315 4582 1506 4646 capite,
1530 4581 1804 4634 exstinctis
1830 4582 2014 4645 oculis,
2043 4582 2266 4635 cerebro

679 4653 783 4710 huc
802 4667 854 4712 et
879 4659 1002 4715 illuc
1029 4663 1271 4733 disjecto,
1307 4677 1434 4736 tota,
1461 4677 1518 4723 ut
1544 4685 1651 4724 uno
1681 4672 1842 4725 verbo
1864 4673 2055 4737 dicam,
2085 4672 2266 4739 specie

680 4745 1012 4815 labefactata,
1035 4755 1103 4808 ita
1124 4765 1180 4809 ut
1201 4772 1294 4825 per
1315 4760 1588 4815 vulnerum
1611 4764 1917 4818 varietatem
1947 4779 2049 4818 non
2082 4764 2269 4822 liceret

678 4841 1038 4898 amantissimo
1059 4849 1264 4915 parenti
1291 4851 1462 4905 vultus
1488 4852 1868 4909 internoscere.
1895 4855 2019 4910 Htec
2051 4856 2270 4911 audien-

681 4941 763 4988 tes
809 4939 1196 4998 conturbamiui
1240 4957 1302 4996 ac
1348 4942 1509 4998 ﬁetis.
1561 4945 1751 5001 Animo
1777 4959 2017 5018 reputate
2065 4951 2264 5020 igitur,

681 5025 802 5093 quis
838 5027 927 5081 ille
967 5040 1148 5094 esset,
1188 5033 1277 5100 qui
1313 5032 1430 5089 haec
1470 5036 1850 5104 conspiciebat.
1897 5039 1954 5095 Si
1998 5041 2138 5094 enim
2169 5055 2268 5095 nos

688 5125 808 5183 post
838 5126 1039 5173 tantum
1072 5124 1324 5189 temporis
1356 5125 1687 5180 intervallum
1717 5145 1820 5182 non
1847 5145 2128 5199 possumus
2156 5141 2265 5184 tra-

683 5209 910 5278 gmdiam
937 5212 1082 5265 illam
1114 5213 1229 5268 sine
1256 5209 1504 5287 lacrymis
1530 5219 1612 5273 vel
1640 5221 1820 5275 auditu
1868 5222 2025 5286 ferre,
2060 5224 2267 5277 etiamsi

685 5299 873 5356 aliena:
898 5303 1225 5359 calamitates
1256 5318 1575 5374 narrentur;
1610 5313 1726 5381 quis
1757 5325 1870 5367 erat
1898 5314 2268 5369 adamantiuus

687 5389 798 5451 ille,
829 5396 920 5461 qui
952 5392 1052 5447 hoc
1077 5395 1251 5450 oblato
1280 5393 1602 5466 spectaculo,
1642 5417 1744 5455 non
1773 5405 1823 5456 in
1855 5405 2060 5469 alienis,
2094 5405 2186 5458 sed
2214 5406 2264 5459 in

688 5481 797 5534 suis
819 5483 968 5537 malis
982 5483 1446 5557 philosophabatur
1464 5491 1478 5521 ¹
1497 5491 1519 5544 ?
1538 5491 1716 5561 Neque
1737 5495 1875 5547 enim
1896 5495 2108 5565 indigne
2131 5496 2265 5559 tulit,

689 5641 857 5713 ἒΜξὶμι
889 5653 1099 5713 ιιηοηιξίε.
1125 5647 1194 5696 sic
1216 5648 1500 5699 terminatur
1537 5649 1642 5713 hgec
1687 5652 1882 5701 Homilia
1918 5665 1928 5700 :
1959 5650 2270 5713 Nequeenim

682 5693 880 5775 M9...
933 5705 1040 5775 ιυιερ
1064 5693 1490 5775 animos};
1527 5693 1655 5775 asa
1684 5693 2269 5772 3"ea'a“/;o;"'z.1"2";;;i

683 5758 813 5812 dixit
847 5777 864 5815 :
891 5768 1117 5821 Dominus
1141 5758 1301 5831 'dedt't;
1331 5758 1976 5838 Dominusabstuli'tfouod
2005 5758 2266 5839 εἶ’ἑπὶγῆξ

1378 364 1435 421 S.
1473 360 1750 419 JOANNIS
1789 346 2262 415 CllRYSOSTOMl
2300 346 2623 406 ARCHIEP.
2666 351 3195 409 CONSTANTINOP.

2366 478 2538 533 neque
2565 466 2739 522 simile
2767 467 3034 538 quidpiam
3069 470 3198 524 dixit
3226 488 3238 524 :
3267 469 3400 538 Quid
3429 472 3532 527 hoc
3559 475 3687 528 est?
3726 474 3955 532 Hzeecine

2365 558 2705 626 benignitatis
2749 575 2899 629 mea:
2924 562 3326 617 remuneratio?
3355 562 3488 617 Num
3513 565 3638 622 ideo
3669 565 3955 639 hospitibus

2365 648 2582 702 domum
2612 664 2783 703 meam
2813 652 3032 719 aperui,
3061 662 3117 707 ut
3139 670 3256 710 eam
3289 656 3576 712 liberorum
3602 660 3863 713 tumulum
3885 678 3960 718 ηε

2366 741 2590 796 ἀει-θηιῖ
2631 742 2826 799 ldeone
2859 753 3056 826 tantam
3101 761 3222 817 erga
3264 748 3382 802 illos
3423 750 3678 804 virtutem
3706 750 3951 817 exhibui,

2365 835 2551 888 uthac
2594 848 2770 891 morte
2819 838 3235 892 occumberent?
3261 839 3622 894 Nihilhorum
3665 841 3752 894 vel
3795 841 3956 905 dixit,

2365 925 2452 979 vel
2481 926 2768 994 cogitavit;
2798 928 2892 982 sed
2915 929 3090 982 omnia
3114 929 3322 984 fortiter
3352 931 3508 995 tulit,
3537 930 3663 984 licet
3693 941 3814 999 post
3844 943 3957 984 tan-

2367 1023 2472 1069 tam
2496 1032 2678 1071 curam
2701 1019 2882 1073 orbus.
2906 1019 3055 1074 Sicut
3076 1022 3218 1075 enim
3242 1021 3444 1090 peritus
3465 1022 3759 1075 statuarius
3779 1036 3957 1074 aureas

2368 1110 2625 1179 imagines
2651 1111 2912 1180 effingens
2932 1153 2948 1178 ,
2979 1128 3173 1182 magno
3199 1127 3292 1167 eas
3321 1113 3496 1167 studio
3524 1123 3753 1167 exornat
3773 1129 3798 1176 ;'
3818 1113 3885 1166 ita
3910 1123 3960 1168 ct

2366 1201 2454 1256 ille
2483 1217 2668 1256 eorum
2707 1203 2915 1258 animos
2955 1203 3347 1272 componebat,
3377 1203 3694 1257 infomtabat
3717 1205 3960 1259 ornabat-

2366 1309 2490 1364 que.
2519 1297 2596 1350 Ac
2621 1296 3066 1364 quemadmodum
3090 1299 3388 1354 laboriosus
3410 1300 3641 1369 agricola
3669 1302 3960 1370 palmarum

2366 1385 2451 1439 vel
2477 1385 2715 1440 olearum
2763 1388 2956 1457 stirpes
2999 1390 3173 1458 rigat,
3222 1390 3469 1445 munitet
3496 1392 3669 1460 sepit,
3715 1393 3962 1461 omnique

2364 1476 2569 1530 ratione
2590 1477 2765 1531 colere
2786 1493 2892 1533 non
2926 1490 3130 1543 cessat;
3160 1480 3229 1533 ita
3256 1488 3309 1534 et
3331 1480 3417 1534 ille
3448 1495 3550 1533 non
3581 1482 3828 1534 cessabat
3849 1482 3960 1534 sin—

2365 1566 2610 1635 gulorum
2629 1569 2881 1634 animam,
2909 1571 3059 1640 quasi
3085 1571 3276 1624 olivam
3299 1570 3644 1636 frUctifcram,
3671 1571 3737 1625 ad
3762 1573 3958 1640 majora

2365 1657 2576 1711 virtutis
2621 1659 2946 1714 incrementa
2976 1660 3263 1716 deducere.
3308 1661 3412 1716 Sed
3458 1663 3591 1716 vidit
3615 1663 3812 1733 stirpes
3843 1680 3958 1716 ma-

2366 1748 2492 1817 ligni
2517 1749 2731 1820 spiritus
2753 1751 2947 1820 impetu
2969 1751 3202 1818 avulsas,
3231 1761 3388 1821 atque
3415 1753 3466 1805 iu
3495 1763 3692 1806 terram
3717 1765 3952 1823 prostra-

2371 1847 2468 1902 tas,
2503 1840 2968 1912 miserabilemque
2995 1845 3118 1896 vitm
3139 1845 3336 1898 exitmn
3363 1859 3642 1914 perpessas
3665 1886 3680 1911 ,
3712 1846 3847 1899 nihil
3879 1856 3953 1898 ta-

2365 1945 2488 1983 men
2517 1929 2783 1985 maledicti
2816 1933 3050 2000 protulit,
3080 1934 3172 1988 sed
3203 1936 3312 1990 Deo
3340 1937 3536 2006 gratias
3562 1951 3751 2006 agens,
3784 1935 3959 1990 letha-

2367 2019 2471 2073 lcm
2499 2020 2712 2100 diabolo
2739 2022 2941 2090 plagam
2972 2023 3182 2078 inﬂixit.

2439 2111 2491 2165 5.
2535 2112 2588 2168 Si
2617 2128 2743 2167 vero
2772 2113 2970 2169 dixeris
2994 2157 3009 2176 ,
3041 2117 3234 2169 multos
3274 2116 3362 2170 ille
3403 2117 3538 2171 ﬁlios
3575 2116 3798 2172 habuit:
3825 2119 3959 2176 alius

2369 2218 2497 2257 vero
2527 2219 2669 2273 saepe
2698 2205 2917 2259 unicum
2938 2207 3166 2285 perdidit
3201 2208 3365 2262 ﬁlium
3388 2250 3401 2272 ,
3433 2225 3607 2278 neque
3635 2211 3750 2279 pari
3777 2211 3961 2270 dolore

2367 2296 2588 2350 affectus
2609 2306 2711 2365 est,
2735 2298 2932 2367 optime
2955 2299 3189 2369 loqueris
3220 2319 3232 2354 :
3262 2312 3419 2370 atque
3451 2303 3500 2355 in
3529 2302 3630 2356 hoc
3657 2303 3750 2356 tibi
3777 2319 3956 2356 assen-

2370 2388 2492 2453 tior,
2516 2390 2656 2457 quod
2680 2404 2784 2443 non
2810 2406 2906 2459 par
2928 2390 3084 2444 fuerit
3108 2392 3277 2455 dolor,
3306 2393 3399 2447 sed
3421 2393 3538 2447 Jobi
3571 2395 3742 2447 multo
3770 2395 3956 2462 major.

2368 2482 2497 2549 Quae
2536 2484 2676 2536 enim
2707 2483 2780 2536 illi
2820 2499 2885 2538 ex
2928 2500 3212 2539 numerosa
3251 2485 3433 2540 sobole
3459 2487 3699 2541 utilitas?
3729 2486 3952 2541 Eviden-

2370 2576 2558 2630 tiorem
2588 2576 2686 2644 ipsi
2717 2585 2875 2646 atque
2905 2577 3232 2632 acerbiorem
3265 2578 3503 2633 dolorem
3536 2580 3734 2634 vulnus
3765 2581 3956 2645 intulit,

2369 2666 2426 2720 in
2446 2667 2683 2735 pluribus
2708 2669 3022 2736 corporibus
3043 2679 3343 2738 acceptum.

2441 2757 2716 2810 Abrahami
2744 2760 3047 2828 exemplum.
3071 2790 3141 2799 —
3161 2760 3311 2825 Quod
3341 2760 3384 2813 si
3415 2760 3561 2814 lubet
3588 2761 3754 2815 alium
3785 2761 3959 2816 videre

2369 2857 2632 2911 sanctum,
2656 2851 2742 2904 cui
2768 2851 2953 2905 unicus
2975 2861 3090 2905 erat
3117 2852 3275 2918 ﬁlius,
3305 2852 3440 2920 pari,
3469 2852 3575 2906 imo
3595 2853 3781 2920 majori
3803 2852 3958 2906 animi

2369 2942 2731 3010 magnitudine
2757 2958 2911 2997 usum
2934 2984 2948 3009 ,
2976 2944 3264 2999 recordare
3290 2945 3576 2999 Abrahami
3607 2947 3924 3015 patriarchae
3943 2988 3956 3009 ,

2368 3032 2458 3099 qui
2489 3031 2722 3086 lsaacum
2749 3032 2963 3101 quidem
3011 3035 3326 3089 morientem
3368 3051 3474 3089 non
3510 3036 3666 3101 vidit;
3699 3037 3791 3091 sed
3823 3037 3971 3107 quod

2369 3123 2524 3193 longe
2545 3125 2787 3177 acerbius
2809 3126 3144 3194 amariusque
3168 3134 3302 3191 erat,
3325 3127 3437 3196 ipse
3462 3142 3582 3181 eum
3605 3139 3841 3183 mactare
3851 3129 3961 3204 jus-

2370 3232 2462 3270 sus
2483 3227 2598 3282 est;
2630 3233 2729 3272 nec
2756 3219 3006 3273 mandato
3033 3222 3362 3290 repugnabat
3390 3221 3496 3288 ille,
3521 3237 3624 3280 non
3651 3222 3959 3298 indignaba-

2370 3318 2457 3363 tur
2476 3349 2492 3374 ,
2524 3325 2696 3378 neque
2725 3310 2898 3364 simile
2939 3311 3208 3380 quidpiam
3250 3312 3459 3371 dicebat
3488 3335 3501 3371 :
3535 3319 3724 3373 ideone
3753 3336 3838 3374 me
3867 3336 3960 3388 pa-

2370 3407 2504 3453 trem
2529 3399 2716 3464 fecisti,
2754 3407 2813 3453 ut
2836 3399 2928 3453 ﬁlii
2952 3399 3269 3460 homicidam
3294 3407 3529 3460 faceres?
3567 3408 3752 3462 Melius
3775 3409 3965 3464 fuisset

2367 3492 2587 3546 omnino
2609 3508 2714 3545 non
2737 3491 2969 3563 dediSs‘e,
2989 3512 3145 3567 quam
3168 3499 3346 3551 datum
3372 3500 3460 3553 tali
3484 3501 3641 3554 modo
3657 3503 3955 3555 sustulisse.

2369 3582 2503 3640 Eum
2545 3598 2759 3656 prorsus
2800 3589 2879 3642 vis
2924 3589 3154 3643 habere?
3201 3591 3307 3643 Cur
3358 3607 3478 3644 eum
3524 3607 3566 3649 .a
3613 3608 3698 3646 me
3742 3595 3966 3647 mactari-

2367 3678 2599 3746 imperas
2620 3718 2637 3742 ,
2663 3694 2941 3746 meamque
2967 3678 3239 3732 dexteram
3270 3682 3522 3747 sanguine
3556 3681 3674 3750 ejus
3699 3684 3954 3736 contami-

2367 3770 2524 3823 nari?
2564 3772 2760 3824 Annon
2809 3770 3074 3839 pollicitus
3122 3786 3242 3825 eras
3291 3787 3378 3826 me
3423 3788 3518 3840 per
3554 3773 3692 3828 hunc
3737 3790 3953 3843 puerum

2368 3869 2536 3915 totum
2576 3861 2761 3914 orbem
2809 3861 2956 3929 prole
2995 3877 3110 3915 mea
3159 3863 3544 3931 impleturum?
3585 3863 3684 3932 Qui
3722 3866 3950 3919 fructum

2367 3951 2520 4006 dabis
2540 3952 2718 4005 avulsa
2743 3952 2954 4006 radice?
2981 3952 3258 4019 Quomodo
3294 3954 3494 4022 prolem
3526 3954 3809 4023 promittis,
3837 3972 3952 4010 cum

2368 4044 2535 4097 ﬁlium
2585 4052 2819 4097 "iactare
2857 4042 3082 4111 jubeas?
3120 4043 3248 4109 Quis
3291 4044 3412 4098 talia
3456 4045 3584 4097 vidit
3611 4045 3694 4098 vel
3723 4045 3950 4099 audivit?

2370 4133 2632 4202 Deceptus
2659 4149 2777 4187 sum
2805 4148 2867 4186 ac
2899 4133 3310 4188 circumventus.
3342 4133 3480 4187 Nihil
3509 4135 3847 4190 similedixit
3868 4148 3949 4190 aut

2366 4225 2636 4292 Cogitavit,
2662 4240 2767 4278 non
2794 4226 2989 4278 restitit
3010 4223 3310 4292 imperanti,
3328 4239 3432 4277 non
3454 4225 3704 4292 expetivit
3726 4226 3844 4280 facti
3873 4241 3946 4280 ra-

2371 4317 2590 4380 tionem,
2621 4314 2714 4370 sed
2738 4316 2820 4370 his
2847 4317 3040 4370 auditis
3069 4336 3082 4368 :
3112 4315 3293 4384 Accipe
3319 4317 3481 4384 [ilium
3509 4327 3682 4383 tuum,
3711 4336 3853 4387 quem
3877 4321 3947 4370 di.

2370 4409 2504 4477 ligis,
2535 4406 2706 4472 Isaac,
2732 4416 2776 4460 et
2806 4407 2973 4460 adduc
3004 4424 3121 4460 eum
3157 4408 3208 4460 in
3236 4425 3389 4460 unum
3417 4410 3680 4473 montium,
3703 4427 3847 4478 quem
3876 4411 3948 4461 di-

2368 4514 2489 4551 xero
2511 4497 2599 4550 tibi
2624 4497 2786 4564 (Gen.
2818 4496 2908 4550 22.
2931 4497 2966 4549 2
2985 4498 3024 4566 ),
3053 4511 3174 4551 cum
3206 4505 3348 4550 tanta
3376 4497 3648 4552 alacritate
3679 4500 3866 4566 paruit,
3897 4508 3946 4552 ut

2372 4593 2489 4661 plus
2509 4591 2689 4656 etiam,
2713 4607 2870 4660 quam
2895 4590 3212 4659 imperatum
3239 4599 3401 4654 esset,
3426 4589 3652 4645 faceret.
3672 4591 3800 4644 Nam
3827 4609 3945 4646 uxo-

2371 4699 2482 4738 rem
2513 4682 2614 4737 hoc
2640 4682 2830 4737 celavit
2857 4691 2911 4736 et
2938 4697 3148 4747 servos,
3181 4682 3410 4751 ipsisque
3442 4681 3494 4735 in
3533 4682 3729 4736 montis
3779 4682 3944 4735 radice

2371 4776 2606 4832 dimissis
2625 4818 2641 4844 ,
2673 4777 2782 4831 sola
2813 4791 2992 4831 secum
3023 4776 3180 4831 ducta
3210 4775 3425 4830 victima
3451 4775 3710 4830 ascendit.
3744 4775 3816 4828 Ita
3847 4789 3944 4829 non

2372 4869 2588 4934 invitus,
2612 4869 2704 4923 sed
2733 4883 2851 4922 cum
2883 4867 3153 4922 alacritate
3182 4867 3346 4922 multa
3369 4867 3518 4936 jussa
3543 4867 3944 4937 exsequebatur.

2371 4959 2556 5029 Cogita
2584 4975 2712 5029 ergo
2739 4960 2994 5029 quantum
3022 4958 3148 5011 illud
3178 4968 3293 5012 erat
3311 5000 3325 5022 ,
3357 4958 3526 5012 solum
3553 4973 3674 5012 cum
3701 4957 3817 5011 solo
3850 4956 3947 5010 ﬁlio

2372 5053 2621 5124 colloqui,
2647 5064 2907 5123 prtesente
2932 5053 3164 5115 nemine,
3187 5067 3306 5106 cum
3332 5052 3534 5105 viscera
3560 5051 3787 5104 maxime
3808 5064 3947 5102 com-

2372 5157 2671 5212 moventur,
2703 5146 3005 5214 amorisqne
3031 5146 3107 5198 vis
3136 5145 3305 5212 major
3333 5151 3446 5208 est,
3475 5141 3633 5212 idque
3664 5157 3768 5195 non
3801 5141 3944 5195 unius

2373 5241 2453 5295 vel
2481 5240 2706 5293 duorum
2726 5279 2741 5304 ,
2773 5238 2866 5290 sed
2895 5239 3124 5306 plurium
3153 5235 3358 5290 dierum
3398 5234 3589 5303 spatio.
3622 5232 3750 5286 Nam
3779 5235 3820 5286 si
3846 5241 3943 5284 sta.

2373 5333 2468 5387 tim
2495 5332 2707 5387 fecisset
2735 5331 2872 5400 quod
2897 5330 3214 5400 imperatum
3244 5335 3376 5393 erat,
3407 5341 3655 5395 magnum
3686 5324 3939 5378 mirabile-

2373 5467 2504 5531 plunt
2527 5466 2594 5514 ad
2617 5478 2700 5515 nos
2722 5463 2977 5531 ﬂectetues,
3005 5463 3128 5531 begtt
3158 5461 3269 5531 door
3300 5462 3475 5531 agendi
3513 5467 3749 5531 rationem
3783 5459 3939 5510 imitati

2369 5523 2730 5593 'fncrmtusmon
2752 5527 2892 5593 modo
2935 5526 2986 5576 in
3004 5523 3352 5593 afﬂictionibus,
3380 5523 3463 5574 sed
3501 5536 3554 5593 ut
3583 5525 3938 5593 quibusan

2364 5585 2479 5643 aliis
2500 5587 2828 5656 incommodis,
2862 5601 2972 5656 cum
3011 5585 3410 5656 pariunominum
3435 5585 3669 5656 nostrum
3693 5585 3934 5656 actionum.

2372 5658 2472 5715 tum
2512 5651 2739 5715 stabimus
2759 5649 2920 5715 securi
2941 5656 3049 5699 ante
3075 5647 3286 5715 tribunal
3328 5647 3504 5715 (‘th
3541 5659 3558 5695 :
3597 5659 3708 5715 qua?
3726 5647 3937 5715 securitas

2372 5713 2506 5765 nobis
2518 5711 2746 5781 omnibus
2772 5711 2913 5781 det-ur
2934 5724 3022 5781 per
3046 5709 3253 5776 gratiam
3275 5715 3320 5761 ct
3342 5709 3728 5761 miscricordiam
3768 5709 3938 5762 Donum

2375 5778 2524 5829 nostri
2545 5785 2658 5829 Jcsu
2680 5775 2874 5836 Christi,
2903 5780 2996 5824 etc.

3830 122 4083 414 mi

4079 453 4083 528 i
