4122 6334
163 403 328 460 109ιῦ

152 521 349 577 Ὀταν
392 519 499 588 γὰρ
529 519 796 591 πονηροὺς
842 516 1089 588 ἀποϐάλῃ
1123 533 1207 581 τις
1237 517 1455 582 παῖδας,
1496 517 1753 571 δάκνεται

154 606 276 675 μὲν
311 602 389 674 τῷ
427 602 609 665 πάθει,
652 603 792 673 πλὴν
837 602 952 656 ἀλλ’
980 602 1040 654 οὐ
1075 601 1214 671 μετὰ
1243 601 1445 669 πολλῆς
1475 602 1574 672 τῆς
1624 618 1756 669 σφο-

151 689 464 759 δρότητος·
507 687 540 757 ἡ
588 685 697 756 γάρ
738 685 971 756 πονηρία
1013 684 1121 737 τῶν
1166 683 1507 737 ἀπελθόντων
1557 682 1752 752 δριμυ-

146 770 341 845 τέραν
368 770 467 825 οὐκ
500 770 694 840 ἀφίησι
727 768 977 837 γενέσθαι
1004 768 1102 838 τὴν
1134 766 1327 837 ὀδύνην
1348 783 1361 796 ·
1394 766 1525 819 ὅταν
1558 766 1614 817 δὲ
1660 765 1756 818 καὶ

149 854 421 924 ὲνάρετοι
451 845 574 913 ὦσι,
608 850 833 921 μόνιμον
858 850 919 903 τδ
947 849 1166 920 τραῦμα
1194 848 1424 917 γίνεται,
1460 847 1691 917 ἀληστος
1720 849 1753 918 ή

152 935 390 1005 μνήμη,
414 932 848 1005 ἀπαραμύθητον
869 932 928 985 τὸ
960 931 1149 995 κακὸν,
1175 932 1394 985 διπλοῦν
1420 932 1481 985 τὸ
1506 931 1751 1002 κέντρον,

148 1017 234 1069 τὸ
267 1018 378 1087 ,μὲν
405 1017 511 1070 ἀπὸ
560 1016 659 1084 τῆς
693 1014 927 1085 φύσεως,
960 1015 1022 1067 τὸ
1047 1015 1104 1068 δὲ
1135 1015 1242 1068 ἀπὸ
1275 1014 1377 1084 τῆς
1414 1014 1617 1084 ἀρετῆς
1643 1012 1754 1065 τῶν

149 1099 535 1153 ἀπελθόντων.
567 1100 687 1151 Ὅτι
715 1099 771 1151 δὲ
818 1093 957 1167 ἦσαν
984 1098 1233 1168 ’ἐνάρετοι
1254 1138 1268 1161 ,
1300 1097 1459 1168 δῆλον
1505 1094 1712 1165 ἐκεῖθεν
1734 1110 1749 1123 ·

151 1183 382 1253 Πολλὴν
420 1182 595 1236 αὐτῶν
624 1184 653 1235 6
684 1181 864 1252 πατὴρ
893 1183 1127 1234 ἐποιεῖτο
1156 1180 1254 1252 τὴν
1293 1181 1630 1251 ἐπιμέλειαν,
1663 1180 1754 1233 καὶ

151 1265 530 1335 ἀνιστάμενος
582 1263 770 1325 θυσίας
831 1264 1169 1334 προσέφερεν
1221 1264 1362 1335 ὑπὲρ
1400 1262 1613 1326 αὐτῶν,
1662 1261 1755 1314 καὶ

153 1348 316 1418 ὑπὲρ
342 1345 451 1398 τῶν
482 1344 690 1416 ἀδήλων
721 1347 1135 1417 ἁμαρτημάτων
1164 1345 1439 1409 δεδοικὼς,
1472 1346 1567 1399 καὶ
1600 1344 1753 1397 οὐδὲν

151 1429 324 1500 αὐτῷ
352 1428 539 1482 τούτου
573 1428 960 1499 προτιμότερον
994 1424 1081 1500 ῆν.
1111 1428 1282 1482 Τοῦτο
1312 1428 1367 1481 δὲ
1396 1430 1458 1481 ού
1488 1427 1597 1480 τῶν
1629 1425 1755 1481 παί-

150 1510 280 1564 δων
309 1512 408 1583 τὴν
458 1511 658 1582 ἀρετὴν
697 1510 935 1565 δείκνυσι
993 1512 1174 1582 μόνον,
1207 1512 1343 1564 ἀλλά
1389 1511 1484 1563 καὶ
1516 1509 1613 1580 τὴν
1657 1505 1752 1561 τοῦ

153 1595 381 1664 πατρὸς
420 1594 816 1665 φιλοστοργίαν.
849 1594 1018 1646 Ὅταν
1054 1589 1146 1647 οὖν
1189 1595 1284 1646 καὶ
1320 1592 1501 1663 πατὴρ
1534 1588 1622 1663 ἦν,
1658 1589 1755 1645 καὶ

152 1674 316 1729 οὕτω
366 1676 737 1747 φιλόστοργος,
772 1675 846 1746 μὴ
893 1676 984 1729 τὸν
1034 1677 1141 1729 ἀπὸ
1172 1676 1271 1746 τῆς
1320 1674 1534 1744 φύσεως
1589 1672 1755 1726 πόθον

152 1758 579 1828 ἐνδεικνύμενος
614 1759 795 1828 μόνον,
846 1758 982 1810 ἀλλά
1016 1758 1110 1811 καὶ
1160 1759 1251 1810 τὸν
1292 1758 1399 1811 ἀπὸ
1443 1757 1542 1827 τῆς
1592 1756 1754 1811 εὐλα-

155 1842 345 1906 ϐείας,
380 1842 521 1895 ἀλλά
553 1843 645 1894 καὶ
674 1843 722 1893 οἱ
764 1841 1087 1904 ἀπελθόντες
1118 1841 1291 1903 οὕτως
1338 1832 1602 1910 ἐνάρετοι,
1636 1855 1757 1909 τρι-

150 1925 281 1995 πλῆ
314 1925 521 1993 γίνεται
557 1926 655 1994 τῆς
688 1924 925 1994 ἀθυμίας
955 1926 988 1994 ή
1028 1923 1193 1993 πυρά.
1224 1923 1413 1984 Πάλιν,
1445 1924 1573 1975 ὅταν
1609 1921 1755 1975 κατὰ

159 2007 341 2078 μέρος
380 2008 821 2079 άναρπάξωνται,
853 2006 965 2075 ἔχει
994 2006 1116 2059 τινὰ
1164 2005 1517 2077 παραμυθίαν
1558 2005 1620 2058 τὸ
1648 2005 1756 2059 πά-

156 2092 297 2152 θος·
331 2082 379 2141 οἱ
426 2089 535 2161 γάρ
572 2089 975 2158 ἐπιλειπόμενοι
1017 2092 1113 2161 τὴν
1160 2091 1253 2141 ἐπὶ
1297 2092 1408 2152 τοῖς
1458 2085 1755 2145 ἀπελθοῦσι

158 2171 560 2235 συσκιάζουσιν
608 2172 873 2243 ἀθυμίανο
916 2174 1044 2226 ὅταν
1085 2172 1141 2225 δέ
1192 2172 1484 2241 ὁλόκληρος
1532 2171 1561 2221 ό
1595 2169 1756 2240 χορὸς

161 2256 406 2329 ἀπέλθῃ,
433 2252 566 2325 πρὸς
591 2256 711 2309 τίνα
748 2257 1033 2327 δυνήσεται
1066 2256 1190 2309 ίδείν
1211 2258 1239 2309 6
1266 2254 1533 2317 πολύπαις
1561 2254 1756 2321 ἀθρόον

161 2341 344 2404 ἄπαις
376 2340 695 2409 γενόμενος;
739 2339 893 2393 Μετά
921 2339 1125 2391 τούτων
1156 2338 1315 2391 πάλιν
1343 2338 1457 2390 ἐστι
1490 2340 1580 2389 καὶ
1612 2338 1751 2405 πέμ-

159 2440 316 2494 πτην
356 2425 526 2474 εἰπεῖν
562 2422 796 2492 πληγήν.
847 2422 1011 2474 Ποίαν
1057 2421 1121 2489 δὴ
1158 2420 1396 2490 ταύτην;
1446 2422 1507 2473 τὸ
1560 2419 1754 2490 ἀθρόον

157 2507 368 2567 αὐτοὺς
410 2505 825 2576 ἀναρπασθῆναι
866 2505 1090 2566 πάντας.
1124 2505 1186 2556 Εί
1235 2503 1343 2572 γάρ
1378 2504 1433 2555 ἐν
1480 2504 1680 2573 τρισὶν,
1717 2503 1751 2574 ἢ

159 2590 338 2641 πέντε
383 2589 616 2659 ἡμέραις
654 2578 996 2642 ἀπελθόντων
1044 2587 1227 2651 τινῶν,
1265 2589 1320 2640 αἱ
1356 2589 1614 2653 γυναῖκες
1660 2587 1755 2639 καὶ

160 2674 221 2725 οἱ
289 2674 658 2744 προσήκοντες
729 2671 967 2732 ἅπαντες
1024 2668 1182 2721 τοῦτο
1244 2669 1477 2738 μάλιστα
1536 2670 1755 2723 πάντων

161 2746 560 2823 ὀλοφύρονται,
612 2756 692 2806 ὃτι
748 2753 955 2823 ταχέως
1015 2752 1109 2804 καὶ
1158 2751 1415 2822 ἐξαίφνης
1462 2753 1753 2824 ἀνηρπάγη

165 2840 277 2907 τῆς
324 2837 540 2890 ἐκείνων
586 2837 759 2906 ὅψεως
790 2840 817 2889 6
856 2836 1258 2906 τετελευτηκώς
1282 2855 1293 2865 υ
1340 2836 1519 2906 πολλῷ
1555 2836 1756 2906 μᾶλλον

162 2917 327 2983 οὗτος
364 2919 429 2972 ἂν
460 2919 692 2990 ᾗλγησεν
719 2920 819 2971 οὐκ
846 2920 904 2971 ἐν
938 2920 1173 2990 ἡμέραις
1212 2921 1358 2990 τρισὶ
1388 2921 1481 2973 καὶ
1512 2919 1631 2972 δυσὶ
1664 2920 1757 2971 καὶ¹

167 3004 316 3072 μιᾷ,
362 3002 475 3053 ἀλλ’
524 3005 582 3054 ἐν
632 3001 753 3073 ὥρα
807 3004 903 3072 μιᾷ
952 3004 1156 3065 πάντας
1191 3004 1363 3065 οὕτως
1415 3000 1753 3071 ἀφαιρεθείς.

166 3086 252 3136 Τὸ
287 3085 382 3154 μὲν
416 3085 522 3159 γάρ
556 3086 847 3156 μελετηθέν
878 3084 955 3155 τῷ
984 3086 1158 3155 χρόνῳ
1188 3086 1379 3148 δεινὸν,
1412 3086 1517 3138 κᾶν
1547 3085 1758 3159 σφόδρμ

168 3168 451 3238 ἀφόρητον
606 3170 673 3239 τῇ
726 3168 1017 3237 προσδοκία
1068 3169 1268 3237 κοῦφον
1308 3168 1374 3220 ἂν
1406 3168 1614 3235 γένοιτο
1656 3171 1759 3238 ρᾳ-

167 3252 301 3315 δίως
322 3269 334 3281 ·
366 3252 430 3303 τὸ
456 3251 511 3303 δὲ
556 3252 682 3322 παρ’
715 3251 903 3302 ἐλπίδα
934 3250 1147 3320 συμϐάν
1183 3252 1277 3303 καὶ
1312 3250 1571 3322 ἐξαίφνης
1620 3250 1757 3319 ἀφό-

174 3352 343 3405 ρητον
394 3334 621 3403 γίνεται.
649 3335 813 3386 Ὅταν
845 3330 937 3385 οὖν
988 3350 1038 3385 τι
1085 3335 1204 3387 καθ’
1236 3334 1395 3386 ἐαυτὸ
1431 3333 1663 3405 χαλεπὸν
1690 3329 1753 3404 ᾖ,

172 3420 276 3469 καὶ
307 3416 402 3487 τὴν
426 3418 488 3469 ἐκ
515 3416 607 3468 τοῦ
638 3417 764 3486 παρ’
792 3416 980 3467 ἐλπίδα
1008 3416 1282 3486 συμϐῆναι
1315 3417 1565 3490 λαμϐάνῃ
1596 3434 1762 3487 προσ-

173 3501 375 3569 θήκην,
423 3500 672 3571 ἐννόησον
706 3498 820 3561 πιῖις
854 3500 1124 3569 ἀφόρητον
1173 3500 1414 3567 γίνεται,
1452 3502 1544 3553 καὶ
1583 3501 1760 3553 πάντα

172 3582 496 3651 ὑπερϐαίνει
540 3582 713 3649 λόγον,
760 3580 946 3633 Βούλει
985 3583 1079 3634 καὶ
1122 3582 1287 3653 ἐκτην
1332 3583 1562 3636 ἀκοῦσαι
1619 3584 1760 3654 πλη-

182 3668 326 3733 γήν;
388 3666 476 3716 Ἐν
508 3664 655 3734 αὐτῴ
693 3665 791 3734 τῆς
824 3664 1039 3734 ήλικίας
1085 3665 1161 3735 τῶ
1203 3665 1353 3719 ἄνθει
1398 3667 1608 3731 πάντας
1657 3669 1762 3723 ἀπ-

181 3749 556 3802 ώλεσεν.“1στε
585 3748 640 3800 δὲ
667 3749 811 3811 ὅπως
836 3750 883 3800 οί
919 3749 1085 3821 ἀωροι
1115 3750 1366 3805 δάκνουσι
1396 3738 1633 3816 θάνατοι,
1668 3752 1760 3805 καὶ

179 3831 428 3884 ποικίλον
477 3832 689 3884 ποιοῦσι
738 3832 799 3883 τὸ
834 3831 1042 3893 πένθος.
1100 3828 1271 3896 Οὗτος
1325 3834 1383 3887 δὲ
1430 3835 1530 3887 οὐκ
1582 3837 1759 3907 ἀωρος

173 3915 343 3986 μόνον
382 3911 471 3987 ἦν,
502 3915 649 3987 [769]
694 3915 829 3969 ἀλλά
876 3918 967 3969 καὶ
998 3917 1189 3988 βίαιος,
1222 3918 1296 3982 ὡς
1329 3915 1469 3973 εἶναι
1509 3921 1602 3973 καὶ
1633 3919 1762 3972 ταύ-

174 4015 282 4067 την
328 3998 559 4067 ἑϐδόμην
591 3999 803 4070 πληγήν
827 4015 840 4028 ·
879 4001 939 4051 οὺ
982 4001 1090 4071 γὰρ
1129 4002 1221 4053 ἐπὶ
1266 4003 1456 4072 κλίνης
1486 3998 1623 4055 εἶδεν
1661 4004 1761 4055 αύ-

174 4084 333 4144 τοὺς
364 4081 732 4144 ἀποπνέοντας
780 4082 875 4134 καὶ
928 4082 1444 4154 ψυχορραγοῦντας,
1500 4084 1637 4138 ἀλλά
1692 4090 1762 4159 τῇ

177 4165 335 4236 οἰκία
365 4166 807 4234 καταχωσθέντας
843 4167 1105 4229 ἃπαντας.
1146 4168 1426 4240 Ἐννόησον
1449 4173 1646 4238 τοίνυν,
1678 4173 1761 4235 τίς

176 4245 248 4320 ἦν
294 4247 600 4319 ἀνορύττων
633 4252 807 4302 ἐκεῖνο
857 4248 917 4301 τὸ
966 4250 1148 4319 χῶμα,
1193 4254 1286 4305 καὶ
1319 4253 1413 4307 νῦν
1449 4254 1547 4325 μὲν
1589 4256 1757 4323 λίθον,

178 4335 282 4386 νῦν
318 4332 376 4384 δέ
426 4331 583 4403 μέλος
611 4333 852 4411 ἀνέλκων
888 4333 1124 4398 παιδίου,
1158 4338 1250 4388 καὶ
1300 4341 1457 4409 χεῖρα
1489 4338 1631 4411 ὀρῶν
1679 4341 1761 4393 ἔτι

180 4414 383 4485 φιάλην
413 4404 769 4486 κατέχουσαν,
798 4417 891 4468 καὶ
938 4416 1116 4482 δεξιάν
1163 4404 1357 4488 ἑτέραν
1386 4404 1761 4494 ’ἐπικειμένην

179 4497 260 4568 τῷ
314 4497 526 4562 πίνακι,
575 4498 668 4550 καὶ
705 4499 866 4551 αὑτὸν
914 4497 1007 4550 τοῦ
1056 4498 1308 4569 σώματος
1363 4502 1757 4573 διεφθαρμένον

179 4583 277 4635 τὸν
336 4582 522 4642 τύπον,
577 4580 720 4652 ῥινὸς
778 4582 1192 4654 συντριϐείσης,
1246 4585 1487 4655 κεφαλῆς
1536 4587 1761 4641 διαθλα-

182 4664 443 4735 σθείσης,
491 4664 783 4735 ὀφθαλμῶν
840 4666 1276 4733 ἀφανισθέντων.
1325 4669 1627 4738 ἐγκεφάλου
1684 4672 1762 4723 δι-

179 4748 550 4818 εσπαρμένον,
579 4748 757 4818 πάσης
774 4748 959 4811 ἁπλῶς
978 4749 1075 4818 τῆς
1102 4749 1316 4820 μορφῆς
1338 4750 1759 4825 διεφθαρμένης,

180 4831 282 4884 καὶ
326 4832 420 4899 τῆς
452 4829 559 4883 τῶν
586 4831 916 4901 τραυμάτων
950 4831 1219 4895 ποικιλίας
1257 4834 1358 4886 οὑκ
1386 4834 1641 4907 ἀφιείσης
1670 4840 1761 4890 τὸν

183 4912 398 4981 πατέρα
441 4911 549 4966 τῶν
586 4912 933 4983 ποθουμένων
978 4912 1153 4983 ὄψεων
1209 4915 1507 4985 ἐπιγνῶναι
1539 4919 1629 4971 τὸν
1666 4921 1761 4973 τύ-

182 5013 310 5049 πον.
357 4996 692 5066 Συνεχύθητε
744 4997 917 5050 ταῦτα
964 4998 1273 5063 ἀκούοντες,
1329 5002 1423 5053 καὶ
1455 5001 1757 5069 δακρύετεο

180 5079 477 5150 ἐννοήσατε
510 5078 707 5141 τοίνυν,
735 5078 819 5141 τίς
850 5074 917 5149 ῆν
946 5082 1149 5145 ἐκεῖνος
1174 5081 1346 5139 ταῦτα
1370 5083 1531 5154 ὀρῶν.
1577 5086 1763 5159 Εί⁴γάρ

182 5166 348 5237 ἡμεῖς
383 5161 518 5233 μετά
543 5163 793 5215 τοσοῦτον
822 5164 1012 5235 χρόνον
1058 5166 1119 5243 οὐ
1169 5166 1443 5237 δυνάμεθα
1494 5170 1760 5242 ἀδακρυτὶ

180 5247 285 5316 τῆς
305 5245 605 5315 τραγῳδίας
631 5244 843 5316 ἐκείνης
868 5247 966 5315 τὴν
992 5247 1158 5317 ἀκοὴν
1179 5250 1443 5317 ἐνεγκεῖν,
1472 5254 1566 5305 καὶ
1588 5256 1761 5309 ταῦτα

181 5327 470 5396 ἀλλοτρίας
521 5328 807 5391 ἀκούοντες
849 5330 1167 5400 συμφοράς,
1224 5333 1307 5394 τίς
1357 5329 1425 5405 ἦν
1474 5336 1501 5387 ό
1548 5338 1761 5408 ἀδάμας

183 5413 390 5491 ἐκεῖνος
417 5410 516 5483 θέᾳ
536 5411 707 5463 ταῦτα
738 5413 1201 5482 παραλαμϐάνων,
1232 5417 1332 5469 οὐκ
1356 5420 1413 5470 ἐν
1434 5419 1755 5491 ἀλλοτρίοις,

182 5478 299 5544 ἀλλ’
327 5494 385 5544 ἐν
417 5478 638 5556 οἰκείοις
668 5478 973 5564 φιλοσοφῶν
999 5478 1221 5565 κακοῐςς
1252 5496 1278 5539 α
1326 5502 1459 5554 Οὐδὲ
1492 5478 1611 5575 γὰρ.

182 5576 565 5644 εδυσπέτησεν,
595 5578 716 5630 οὐδὲ
742 5578 979 5631 τοιοῦτον
1002 5579 1153 5631 οὐδὲν
1180 5578 1299 5634 εἷπε
1315 5599 1328 5612 ⁸
1354 5584 1418 5636 Τί
1453 5602 1582 5638 ποτε
1607 5588 1761 5640 τοῦτό

184 5658 367 5721 ἐστιν;
413 5656 551 5728 αῦτη
600 5675 689 5728 μοι
738 5660 837 5730 τῆς
872 5661 1295 5734 φιλοφροσύνης;
1321 5669 1353 5735 ὴ
1393 5668 1637 5739 ἀμοιϐή;
1672 5671 1762 5723 διὰ

246 5806 278 5837 ⁸
302 5807 427 5857 οὐδὲ
450 5809 538 5873 γάρ
576 5810 959 5878 ἀπεδυσπέτησεν
976 5811 1240 5883 σούδέποτε,
1282 5815 1391 5864 οὐδέ
1420 5816 1539 5878 εἶπε,
1566 5820 1623 5869 Τί
1646 5836 1762 5870 ποτε

1418 403 1506 457 DE
1542 382 1824 459 ιᾸΖΑῐιο
1858 405 2108 465 comm
2145 410 2206 470 v.

3309 408 3450 463 N26

1864 517 2023 569 τοῦτο
2053 518 2167 579 τοῖς
2207 515 2376 581 ξένοις
2402 516 2614 588 ἀνέῳξα
2654 517 2755 587 τὴν
2792 516 2991 581 οἰκίαν,
3015 516 3101 569 ἵνα
3132 514 3302 584 τάφον
3339 517 3451 569 τῶν

1865 600 2071 651 παίδων
2092 599 2385 668 γινομένην
2407 599 2575 669 αὐτὴν
2602 599 2798 663 ἐπίδω;
2823 599 2911 651 διὰ
2938 597 3095 651 τοῦτο
3118 600 3299 653 πᾶσαν
3322 599 3453 671 περὶ

1863 683 2058 743 αὐτοὺς
2096 680 2296 752 ἀρετὴν
2330 682 2708 751 ἐπεδειξάμην,
2743 682 2827 733 ἵνα
2852 680 3090 735 τοιοῦτον
3118 681 3453 751 ὑπομείνωσι

1864 763 2127 826 θάνατον;
2179 763 2345 815 υὺδέν
2392 762 2596 817 τούτων
2635 766 2735 816 οὐκ
2770 760 2944 827 εἶπεν,
2992 764 3091 816 οὐκ
3135 764 3448 833 ἐνενόησεν·

1862 854 1976 907 ἀλλ’
2006 852 2166 922 ἔφερε
2209 852 2388 907 πάντα
2416 852 2679 921 γενναίως
2711 854 2806 907 καὶ
2840 855 2976 925 μετά
3026 853 3297 923 τοσαύτην
3330 853 3452 906 ἐπι-

1877 937 2095 1005 μέλειαν
2134 935 2312 989 αὐτῶν
2365 936 2702 1005 ἀφαιρεθείς.
2754 936 3019 1008 Καθάπερ
3074 937 3185 1005 γάρ
3232 936 3451 1007 ἀριστος

1862 1017 2273 1087 ἀδριαντοποιὸς
2306 1018 2540 1087 χρυσοῦς
2569 1017 2908 1072 διαπλάττων
2940 1018 3281 1089 ἀνδριάντας,
3310 1018 3452 1089 μετά

1864 1100 2067 1169 πολλῆς
2084 1090 2419 1164 καλλωπίζει
2439 1101 2538 1171 τῆς
2558 1100 2841 1172 ἀκριϐείας
2858 1116 2871 1129 °
2890 1100 3032 1154 οὕτω
3054 1102 3147 1155 καλ⁸
3166 1101 3331 1164 αὐτὸς
3351 1100 3453 1163 τάς

1861 1181 2082 1234 ἐκείνων
2108 1182 2407 1254 ἐρρύθμιζε
2437 1183 2613 1253 ψυχὰς
2649 1182 3023 1248 διαπλάττων,
3060 1183 3446 1255 κατακοσμῶν.

1862 1264 1972 1316 Καὶ
2013 1264 2264 1335 καθάπερ
2306 1281 2392 1327 τις
2437 1264 2682 1335 γεωργὸς
2734 1265 3020 1332 φιλόπονος
3065 1266 3289 1335 στελέχη
3329 1282 3450 1334 φοι-

1860 1345 2026 1399 νίκων
2087 1346 2121 1416 ἣ
2172 1345 2371 1399 ἐλαιῶν
2433 1345 2641 1415 ἄρδων,
2704 1346 2978 1417 τειχίζων,
3036 1349 3447 1419 περιφράττων,

1862 1428 2024 1480 παντὶ
2079 1428 2398 1500 θεραπεύων
2431 1428 2619 1501 τρόπῳ
2664 1429 2925 1483 διατελεῖ·
2978 1431 3121 1483 οὕτω
3161 1432 3254 1483 καὶ
3296 1425 3450 1493 οὗτος

1860 1510 1922 1562 οὑ
1960 1510 2311 1579 διελίμπανε,
2346 1510 2601 1582 καθάπερ
2657 1511 2844 1565 ἐλαίαν
2896 1512 3019 1564 τινὰ
3067 1514 3446 1582 κατάκαρπον,

1860 1591 1960 1661 τὴν
1997 1592 2227 1644 ἐκάστου
2256 1593 2435 1661 ψυχὴν
2478 1595 2557 1655 είς
2606 1592 2825 1647 πλείονα
2856 1594 3058 1665 ἀρετῆς
3101 1593 3280 1660 αὔξων
3331 1594 3450 1646 ἐπί-

1860 1672 2025 1743 δοσιν.
2064 1671 2201 1725 ’Δλλ⁹
2230 1669 2336 1725 εἶδε
2370 1674 2594 1745 στελέχη
2621 1678 2687 1747 τῇ
2720 1676 2812 1728 τοῦ
2855 1676 3093 1747 πονηροῦ
3140 1676 3453 1745 πνεύματος

1861 1754 2133 1825 προσϐολῇ
2192 1756 2640 1819 ἀνασπασθέντα,
2699 1759 2792 1811 καὶ
2841 1760 2932 1811 ἐπὶ
2984 1759 3089 1828 γῆς
3128 1758 3447 1820 ἐκταθέντα,

1861 1837 2073 1889 καὶτὸν
2101 1837 2332 1892 ἐλεεινὸν
2377 1840 2474 1909 τῆς
2512 1838 2764 1909 τελευτῆς
2804 1841 3175 1910 ὑπομείναντα
3224 1841 3445 1910 τρόπον,

1862 1919 1954 1971 καὶ
1986 1920 2136 1973 οὐδὲν
2177 1920 2498 1990 βλάσφημον
2538 1921 2860 1989 ἐφθέγξατο,
2904 1923 3039 1977 ἀλλά
3085 1923 3177 1976 καὶ
3221 1923 3449 1993 εὐχαρί-

1861 2018 2045 2071 στησε,
2079 2003 2298 2073 καιρίαν
2334 2003 2455 2065 δοὺς
2486 2004 2564 2074 τῷ
2592 2003 2823 2075 διαϐόλῳ
2855 2006 2953 2077 τὴν
2979 2008 3216 2076 πληγήν.

1933 2081 1992 2137 ε’.
2028 2084 2088 2136 Et
2118 2084 2176 2137 δέ
2214 2084 2420 2152 λέγοις,
2467 2085 2549 2138 ὅτι
2600 2086 2825 2150 πολλοὺς
2877 2084 3021 2157 εἶχεν
3066 2082 3220 2151 οὗτος
3265 2087 3450 2151 υἱοὺς,

1861 2166 2018 2229 ἄλλος
2057 2166 2111 2220 δέ
2154 2167 2416 2230 πολλάκις
2445 2169 2539 2220 ἕνα
2572 2170 2835 2240 μονογενῆ
2879 2170 3017 2239 ἔχων
3050 2168 3321 2232 ἀπώλεσε,
3354 2170 3449 2233 καὶ

1856 2249 1960 2301 οὐκ
1989 2250 2101 2302 ἴσον
2130 2250 2190 2302 τὸ
2216 2250 2430 2313 πένθος,
2461 2250 2642 2314 καλῶς
2674 2251 2873 2318 λέγεις,
2905 2252 3060 2319 κάγώ
3087 2252 3166 2305 σοί
3196 2270 3337 2322 φημι
3367 2253 3449 2304 ὅτι

1863 2332 1961 2383 ούκ
2006 2331 2119 2385 ἴσον
2159 2334 2217 2385 τὸ
2254 2334 2469 2399 πένθος,
2496 2334 2631 2387 ἀλλά
2662 2334 2838 2404 πολλῷ
2874 2333 3056 2404 μεῖζον
3089 2335 3151 2387 τὸ
3180 2336 3271 2388 τοῦ
3307 2334 3448 2388 Ἰώϐ.

1864 2414 1927 2465 Τί
1964 2414 2071 2484 γάρ
2113 2414 2261 2484 αὐτῷ
2292 2414 2390 2483 τῆς
2433 2416 2791 2479 πολυπαιδίας
2839 2416 3057 2485 δφελος;
3106 2417 3450 2489 Τρανοτέραν

1864 2498 2012 2567 αὐτῷ
2053 2498 2148 2568 τὴν
2202 2499 2487 2569 συμφορὰν
2540 2502 2763 2569 ἐποίησε
2824 2501 2919 2553 καὶ
2972 2501 3301 2571 πικροτέραν
3354 2499 3451 2571 τὴν

1863 2580 2054 2649 ὀδύνην
2082 2581 2142 2633 τὸ
2183 2583 2239 2633 ἐν
2273 2582 2479 2633 πλείοσι
2510 2581 2725 2653 σώμασι
2760 2583 2818 2635 τὸ
2849 2582 3071 2654 τραῦμα
3104 2582 3378 2647 δέξασθαι.

1936 2664 1997 2715 EE
2036 2663 2091 2715 δέ
2122 2662 2298 2732 βούλει
2327 2667 2419 2717 καὶ
2445 2664 2631 2735 ἕτερον
2666 2664 2793 2717 ἰδεῖν
2818 2665 2972 2733 ἆγιον
2997 2666 3257 2736 μονογενῆ
3283 2668 3451 2720 παῖδα

1865 2744 2075 2814 ἔχοντα,
2128 2745 2220 2798 καὶ
2255 2749 2353 2811 τὴν
2404 2748 2571 2817 αὐτὴν
2601 2747 2633 2817 ἢ
2668 2749 2762 2800 καὶ
2796 2748 3018 2801 πλείονα
3051 2748 3299 2818 ἀνδρείαν
3333 2750 3451 2803 ἐπι-

1864 2826 2194 2897 δειξάμενον,
2241 2829 2616 2899 ἀναμνήσθητι
2650 2829 2743 2882 τοῦ
2798 2831 3134 2901 πατριάρχου
3178 2831 3449 2902 Ἀϐραὰμ,

1863 2908 1922 2972 δς
1959 2910 2057 2962 ούκ
2108 2906 2212 2962 εἶδε
2253 2911 2341 2963 τὸν
2380 2912 2562 2964 Ἰσαὰκ
2609 2912 2969 2975 ἀποθανόντα,
3018 2913 3151 2977 ἀλλ’,
3194 2914 3222 2965 ὃ
3270 2915 3450 2984 πολλῷ

1866 2992 2186 3063 πικρότερον
2232 2988 2297 3063 ῆν
2328 2994 2420 3045 καὶ
2463 2994 2872 3067 ὀδυνηρότερον,
2902 2996 3064 3059 αὐτὸς
3102 2997 3262 3050 αὐτὸν
3293 3016 3452 3050 κατα-

1867 3075 2064 3142 σφάξαι
2114 3076 2458 3141 ἐπετάττετο,
2510 3078 2603 3129 καὶ
2644 3077 2745 3130 οὐκ
2793 3080 3012 3130 ἀντεῖπε
3066 3079 3197 3150 πρὸς
3239 3080 3298 3132 τὸ
3328 3082 3450 3133 ἐϊείυ

1866 3177 2072 3229 τάγμα,
2108 3160 2227 3211 οὐδὲ
2274 3160 2649 3229 ἐδυσχέρανεν,
2698 3161 2819 3213 οὐδὲ
2854 3161 3155 3229 ἐφθέγξατό
3188 3182 3238 3215 τι
3277 3164 3452 3217 τοιοῦ-

1867 3260 1959 3295 τον
1978 3259 1991 3271 ο
2024 3243 2123 3294 Διά
2148 3242 2303 3294 τοῦτό
2336 3259 2401 3312 με
2432 3242 2644 3312 πατέρα
2674 3244 2956 3313 ἐποίησας,
2988 3244 3075 3297 ἵνα
3102 3246 3452 3301 παιδοκτόνον

1868 3326 2181 3397 ἀπεργάσῃ,
2220 3324 2425 3393 βέλτιον
2456 3320 2522 3394 ἦν
2552 3326 2625 3395 μὴ
2656 3325 2837 3378 δοῦναι
2867 3327 2963 3395 τὴν
2991 3327 3186 3398 ἀρχὴν,
3222 3330 3253 3399 ἢ
3286 3329 3445 3382 δόντα

1867 3408 2103 3477 τοιούτῳ
2133 3406 2284 3478 [770]
2332 3406 2519 3476 τρόπῳ
2569 3408 2731 3460 αὑτὸν
2769 3409 3084 3475 ἀφελέσθαι.
3136 3410 3322 3463 Βούλει
3358 3412 3452 3465 λα-

1868 3492 2014 3559 ϐεῖν;
2058 3490 2201 3553 τίνος
2250 3491 2436 3541 ἐνεκεν
2476 3490 2621 3559 κάμὲ
2667 3490 3013 3561 κατασφάξαι
3062 3493 3326 3558 κελεύεις,
3360 3498 3453 3550 καὶ

1868 3573 1966 3644 τὴν
2010 3572 2188 3639 δεξιὰν
2248 3574 2435 3642 μιᾶναι
2481 3574 2579 3641 τὴν
2628 3573 2901 3643 ἐμαυτοῦ;
2942 3577 3056 3628 Οὐκ
3106 3577 3212 3629 ἀπὸ
3259 3578 3449 3632 τούτου

1872 3672 1963 3725 μοι
1994 3654 2089 3708 τοῦ
2128 3654 2340 3707 παιδίου
2375 3653 2473 3724 τὴν
2502 3656 2829 3725 οίκουμένην
2868 3656 3143 3727 ἐμπλῆσαι
3178 3660 3288 3712 τῶν
3318 3662 3451 3713 ἀπο-

1867 3738 2041 3807 γόνων
2074 3737 2344 3807 ὑπέσχους
2388 3738 2504 3800 πῶς
2536 3734 2629 3791 οῦν
2672 3740 2797 3801 τοὺς
2852 3742 3099 3811 καρποὺς
3152 3742 3303 3805 δίδως
3351 3744 3450 3816 τήν

1871 3822 2027 3893 ῥίζαν
2079 3819 2348 3891 ἀναιρῶν;
2393 3821 2509 3884 πῶς
2560 3821 2616 3873 δὲ
2666 3823 2969 3890 ἀπογόνους
3011 3825 3322 3899 ἐπαγγέλλῃ
3360 3828 3451 3880 τὸν

1869 3904 1983 3956 υίὸν
2036 3902 2440 3971 κατασφάττειν
2501 3903 2769 3970 κελεύων;
2825 3906 2908 3969 τίς
2965 3906 3137 3959 ταῦτα
3193 3904 3321 3972 εἶδε,
3366 3911 3450 3973 τίς

1869 3984 2041 4038 ταῦτα
2093 3986 2360 4056 ῆκουσεν;
2409 3986 2764 4057 Ἢπάτημαι,
2824 3988 3246 4059 παρελογίσθην.
3285 3992 3450 4045 Οὐδὲν

1868 4068 2079 4120 τοιοῦτο
2116 4068 2216 4120 οὐκ
2248 4064 2420 4139 εἶπεν,
2467 4070 2567 4121 οὐκ
2600 4071 2901 4139 ἐνενόησεν,
2953 4073 3053 4124 οὑκ
3103 4075 3322 4125 ἀντεῖπε
3372 4076 3450 4143 τῷ

1862 4150 2207 4216 κελεύσαντι,
2238 4152 2337 4203 οὐκ
2380 4151 2662 4221 ἀπῄτησεν
2702 4153 2954 4217 εὐθύνας,
2993 4154 3127 4207 ἀλλά
3168 4156 3406 4220 ἀκούσας
3431 4174 3445 4187 ο

1869 4232 2026 4286 Λαϐἐ
2052 4232 2159 4285 τὸν
2194 4234 2327 4286 υἱόν
2359 4250 2475 4287 σου
2512 4237 2618 4287 τὸν
2645 4236 2975 4305 ἀγαπητόν,
3006 4238 3079 4291 ὃν
3104 4238 3447 4307 ἠγάπησας,

1869 4315 1974 4367 τὸν
2014 4315 2227 4378 Ἰσαὰκ,
2256 4316 2351 4369 καὶ
2380 4315 2642 4385 ἀνάγαγε
2677 4318 2863 4371 αὐτόν
2896 4320 2987 4388 ἐφ’
3020 4319 3089 4372 ἒν
3121 4319 3237 4373 τῶν
3266 4323 3449 4389 ὀρέων

1868 4392 1956 4450 ὧν
1985 4397 2061 4450 ἄν
2092 4413 2190 4450 σοι
2228 4398 2394 4462 εἴπω,
2427 4400 2564 4468 μετά
2594 4400 2864 4472 τοσαύτης
2894 4402 3201 4472 προθυμίας
3227 4404 3287 4456 τὺ
3331 4404 3451 4458 ἐπί-

1870 4497 2059 4550 ταγμαν
2082 4479 2420 4554 ἐπλήρωσεν,
2448 4482 2523 4543 ὡς
2550 4484 2643 4535 καὶ
2670 4482 2889 4537 πλείονα
2912 4483 3019 4536 τῶν
3046 4485 3449 4554 ἐπιταχθέντων

1871 4564 2115 4631 ποιῆσαι.
2168 4564 2279 4614 Καὶ
2330 4552 2437 4637 γὰρ
2478 4564 2537 4615 τὸ
2602 4565 2825 4633 γύναιον
2890 4566 3127 4636 ἔκρυψε,
3168 4552 3263 4619 καὶ
3320 4570 3447 4633 τοὺς

1870 4645 2069 4706 παῖδας
2119 4644 2275 4697 ἔλαθε
2322 4647 2476 4699 κάτω
2514 4647 2697 4717 μένειν
2730 4649 2907 4718 ἀφεὶς,
2958 4652 3049 4703 καὶ
3085 4651 3246 4719 μόνον
3276 4651 3338 4705 τὸ
3373 4654 3447 4705 ίε-

1871 4731 2013 4800 ρεῖον
2046 4727 2227 4780 λαϐὼν
2277 4730 2462 4799 ἀνῄειο
2518 4730 2690 4795 οὕτως
2736 4735 2837 4786 οὑκ
2892 4734 3061 4798 ἄκων,
3109 4735 3246 4787 ἀλλά
3309 4736 3448 4805 μετά

1872 4810 2180 4880 προθυμίας
2214 4811 2414 4881 πολλῆς
2437 4813 2496 4865 τὸ
2523 4814 2812 4868 κελευσθὲν
2837 4817 3123 4886 ἔπραττεν.
3166 4820 3448 4888 Ἐννόησον

1868 4894 2047 4945 τοίνυν
2077 4894 2263 4964 ἡλίκον
2293 4891 2382 4965 ἦν,
2416 4895 2574 4965 μόνον
2608 4897 2754 4968 μόνῳ
2788 4898 3130 4966 διαλέγεσθαι
3164 4901 3239 4970 τῷ
3273 4901 3445 4966 παιδὶ,

1873 4974 2098 5046 μηδενὸς
2128 4977 2413 5046 παρόντος,
2441 4978 2530 5029 ὅτε
2566 4979 2765 5047 μᾶλλον
2800 4979 2869 5031 τὰ
2908 4982 3192 5051 σπλάγχνα
3232 4983 3447 5055 διαθερ-

1874 5059 2139 5129 μαίνεται,
2186 5061 2274 5112 καὶ
2317 5059 2671 5131 σφοδρότερον
2714 5062 2775 5113 τὸ
2814 5062 3034 5130 φίλτρον
3066 5066 3305 5132 γίνεται,
3354 5071 3448 5121 καὶ

1869 5140 2027 5193 τοῦτο
2056 5142 2155 5194 οὐκ
2194 5143 2250 5193 ἐν
2279 5144 2379 5213 μιᾷ
2404 5142 2435 5213 ἢ
2466 5143 2637 5208 δυσὶν,
2664 5144 2804 5197 ἀλλά
2832 5147 2926 5197 καὶ
2956 5150 3012 5198 ἐν
3047 5148 3283 5201 πλείοσιν
3313 5151 3448 5219 ήμέ-

1875 5242 2019 5294 ραις.
2074 5225 2148 5277 Τὸ
2205 5226 2302 5295 μὲν
2352 5227 2461 5296 γὰρ
2494 5228 2706 5297 ταχέως
2745 5229 2963 5298 ποιῆσαι
3019 5230 3080 5282 τὸ
3134 5232 3443 5301 ἐπιταχθὲν,

1871 5306 2181 5376 θαυμαστὸν
2228 5308 2321 5360 καὶ
2357 5308 2518 5378 μέγα,
2568 5309 2682 5362 ἀλλ’
2710 5312 2807 5380 οὺχ
2838 5312 2981 5365 οὕτω
3028 5312 3339 5383 θαυμαστὸν
3372 5316 3445 5377 ὡς

1869 5402 2010 5473 τοῦτρ
2057 5404 2243 5473 ἐστινλ
2262 5402 2404 5473 ξΑλλή
2417 5405 2615 5473 ἔλεγενὶ
2637 5423 2674 5473 αι-
2709 5405 2767 5456 Ὅ
2800 5408 2970 5473 Κύριος
3012 5411 3203 5469 ἔδωκεν,
3228 5412 3253 5458 ό
3278 5410 3449 5473 Κύριος

1870 5464 2102 5533 ἀφείλετο.
2132 5482 2191 5533 ἐι·
2221 5464 2311 5533 :Av
2337 5466 2476 5533 ὀὕτω
2514 5467 2625 5533 καθ’.
2652 5470 2795 5533 ἡμᾶς,
2815 5464 3139 5533 οἰκονομῶμεν
3182 5464 3391 5533 καθάπέρ
3422 5464 3449 5520 ὂ

1872 5524 2098 5604 μριμάριος
2132 5524 2259 5583 Ἰὼϐ,
2284 5526 2355 5598 ὀὐ
2392 5526 2531 5604 μόνογ
2556 5527 2635 5604 ἐπὶι
2658 5524 2741 5604 τῆς
2762 5524 2988 5604 θλίψεως,
3004 5524 3125 5604 ἀλλά
3149 5535 3229 5580 καί
3255 5524 3449 5604 έπὶὶτὼν

1870 5587 2025 5658 ἀλλων
2054 5587 2420 5658 έλριττωμάτων,
2443 5588 2743 5658 καὶῌκαθαροί
2775 5587 2891 5658 πρὸς
2909 5587 2987 5658 τόν
3006 5595 3449 5658 ἡμέτερογξάπελευο

1871 5648 2049 5713 σόμεθα
2091 5649 2477 5713 ᾼεσποτην,-καὶη
2495 5653 2579 5705 τῆς
2614 5648 2703 5713 τοῦ
2726 5648 2871 5713 πυρὸς
2890 5648 3072 5713 γεέννης
3109 5648 3453 5713 ἀπαλλαγησὸι-

1872 5708 2109 5785 μεθαριαὶ
2134 5708 2250 5785 με.τά
2272 5708 2533 5779 παρρησίας
2556 5708 2827 5785 στῃσόμεθα
2846 5708 3214 5785 ἔμπροσθενκτοῦ
3236 5708 3449 5785 βήματος

1869 5770 1953 5843 τοῦ
1998 5770 2223 5843 ξριστθοῦ·
2262 5770 2541 5843 ῆςνγένοιτο
2569 5770 2746 5843 πάντας
2766 5770 2891 5843 ἡμάέ
2924 5770 3155 5843 ἐπιτυχεῖν
3186 5770 3340 5843 χάριτι
3369 5770 3448 5824 καί

1872 5831 2188 5893 φιλανθρωπία
2214 5831 2299 5878 τοῦ
2323 5831 2498 5893 Κυρίου
2512 5833 2649 5895 ἡμῶν
2664 5831 2821 5891 Ἰησοῦ
2836 5831 3283 5899 Χριστοῦ,”θίρ.’ᾗιέ.
3301 5851 3429 5886 unus
