4154 6320
774 376 910 436 1025

763 506 825 557 τὸ
876 503 961 557 διά
1013 504 1223 558 πολλῶν
1274 505 1496 576 ἡμερῶν
1554 505 1988 576 βασανιζομένης
2034 503 2201 558 αὐτοῦ
2252 502 2348 555 καὶ

753 585 1183 658 ’γυμναζομένης
1238 588 1336 658 τῆς
1389 586 1568 657 ψυχῆς
1625 588 1790 659 μηδὲν
1843 589 2037 642 παθεῖν
2098 587 2250 658 πρὸς.
2287 587 2349 638 τὸ

763 669 980 725 παιδίον
1007 671 1367 742 ἀνθρώπινον.
1395 672 1494 724 Διά
1522 672 1631 743 γάρ
1669 672 1828 725 τοῦτο
1859 673 2113 725 αὐτδικαὶ
2143 663 2348 741 μακρό-

762 771 900 826 τερα
951 755 1251 825 σκάμματα
1299 755 1565 826 ἐπέθηκεν
1603 758 1631 808 ὁ
1669 756 1834 819 Θεὸς,
1891 757 1985 808 καὶ
2030 755 2091 807 τὸ
2135 754 2347 808 στάδιον

764 837 1031 902 ἐξέτεινεν
1057 877 1073 902 ,
1106 838 1194 891 ἵνα
1235 837 1622 908 ἀκριϐέστερον
1659 838 1775 907 ἴδῃς
1806 839 1899 891 τὸν
1940 837 2203 908 ἀθλητήν.
2239 837 2347 889 Καὶ

763 921 873 990 γὰρ
903 916 972 991 ἦν
1005 919 1247 991 ἀθλητὴς
1274 920 1462 984 ὅντως,
1491 920 1590 973 οὐκ
1617 919 1893 992 ἀνθρώπῳ
1929 921 2194 984 παλαίων,
2229 919 2346 973 ἀλλ’

761 1003 901 1074 αὐτῇ
931 1005 1002 1073 τῇ
1045 1002 1147 1072 τῆς
1199 1001 1416 1070 φύσεως
1445 1002 1742 1075 τυραννίδι.
1771 1005 1931 1066 Ποῖος
1969 1002 2128 1071 λόγος
2162 1019 2363 1073 παρα-,

763 1085 959 1154 στῆσαι
1001 1085 1290 1156 δυνήσεται
1331 1086 1429 1156 τὴν
1480 1085 1764 1156 ἀνδρείαν;
1804 1086 2072 1157 Ἀνήγαγε
2104 1085 2168 1138 τὸ
2218 1103 2347 1139 παι-

759 1165 892 1230 δίον,
925 1166 1262 1232 συνεπόδισε,
1296 1171 1409 1232 τοῖς
1440 1167 1617 1232 ξύλοις
1651 1168 1910 1238 ἐπέθηκε,
1938 1168 2036 1238 τὴν
2070 1169 2345 1237 μάχαιραν

758 1249 1030 1319 ἥρπασεν,
1059 1251 1286 1321 ἐπάγειν
1313 1250 1412 1316 τὴν
1437 1252 1654 1323 πληγὴν
1680 1251 1892 1322 ἔμελλε.
1927 1251 2053 1314 Πῶς
2079 1251 2220 1304 εἴπω
2251 1253 2345 1305 καὶ

759 1331 900 1401 ποίῳ
943 1333 1152 1404 τρόπῳ,
1205 1334 1305 1387 οὐκ
1338 1334 1476 1404 ἔχω·
1516 1335 1675 1404 μόνος
1727 1334 1890 1396 αὐτὸς
1922 1323 2064 1387 οἶδεν
2109 1337 2138 1386 ό
2168 1333 2344 1386 ταῦτα

759 1414 1163 1486 ἐργασάμενοςο
1193 1415 1351 1485 λόγος
1391 1417 1500 1488 γὰρ
1523 1417 1696 1479 οὐδεὶς
1728 1417 2078 1487 παραστῆσαι
2116 1415 2345 1486 δυνήσε-

757 1514 869 1563 ται,
904 1499 1022 1562 πῶς
1050 1501 1151 1553 οὐκ
1178 1501 1480 1572 ἐνάρκησεν
1511 1502 1545 1572 ἡ
1579 1501 1721 1570 χεὶρ,
1755 1499 1871 1562 πῶς
1900 1499 1999 1551 οὐκ
2035 1498 2197 1570 ἐλύθη
2234 1500 2344 1553 τῶν

758 1581 965 1652 νεύρων
1022 1585 1052 1636 ὁ
1097 1583 1267 1648 τόνος,
1298 1585 1416 1648 πῶς
1465 1584 1525 1637 οὐ
1581 1584 1832 1653 συνέχεεν
1863 1582 2028 1636 αὐτὸν
2061 1585 2096 1653 ἡ
2147 1582 2344 1636 ποθου-

759 1665 897 1736 μένη
931 1665 1032 1732 ,τοῦ
1070 1666 1284 1722 παιδίου
1337 1665 1480 1735 ὄψις.
1533 1665 1714 1729 ’Ἄξιον
1774 1664 2008 1718 ἐνταῦθα
2060 1666 2341 1736 θαυμάσαι

757 1745 851 1799 καὶ
879 1747 971 1800 τὸν
1027 1747 1230 1802 Ἰσαάκ.
1268 1748 1479 1819 Ὠσπερ
1517 1747 1627 1820 γὰρ
1678 1749 1882 1812 ἐκεῖνος
1907 1748 1985 1819 τῷ
2018 1749 2157 1819 Θεῷ,
2197 1749 2343 1803 οὐτω

756 1831 851 1882 καὶ
903 1824 1057 1895 οὗτος
1109 1832 1358 1886 ἐπείθετο
1421 1833 1499 1904 τῷ
1550 1833 1748 1904 πατρί·
1814 1833 2062 1904 καθάπερ
2113 1834 2339 1898 ἐκεῖνος,

755 1913 848 1966 τοῦ
883 1912 1018 1966 Θεοῦ
1060 1914 1374 1978 κελεύοντος
1401 1913 1587 1979 θῦσαι,
1615 1917 1718 1969 οὐκ
1749 1914 2029 1986 ἀπῄτησεν
2077 1915 2337 1978 εὐθύναςο

755 1995 901 2049 οὕτω
961 1997 1057 2049 καὶ
1101 1991 1284 2061 οὗτος,
1346 1996 1440 2052 τοῦ
1477 1987 1682 2069 πατρὸς
1713 1997 2069 2068 δεσμεύοντος
2112 1998 2206 2050 καλ⁵
2252 1999 2343 2050 ἀν-

756 2078 980 2146 άγοντος
998 2081 1088 2133 ἐπὶ
1118 2081 1207 2134 τὸν
1237 2081 1439 2151 βωμὸν,
1467 2081 1567 2135 οὐκ
1595 2077 1744 2153 εἰπεο
1778 2081 1933 2145 Τίνος
1959 2081 2141 2135 ἕνεκεν
2172 2081 2344 2136 ταῦτα

755 2165 958 2228 ποιεῖς;
992 2165 1107 2217 ἀλλ’
1133 2164 1386 2217 ὑπέκειτο
1422 2168 1486 2235 τῇ
1535 2151 2104 2236 χειρὶ-τῇκπατρικῇῖ
2131 2167 2243 2219 Καὶ
2275 2151 2356 2237 ἦν’

757 2245 885 2298 ἰδεῖν
905 2247 1114 2317 πατέρα
1135 2249 1226 2300 καὶ
1245 2248 1397 2318 ἰερέα
1413 2248 1694 2316 γινόμενον
1715 2247 1806 2302 τὸν
1829 2247 2010 2310 αὐτὸν,
2031 2249 2125 2301 καὶ
2149 2248 2342 2304 θυσίαν

752 2330 922 2399 χωρὶς
974 2331 1208 2398 αἵματος
1255 2330 1694 2400 ἀναφερομένην,
1765 2330 2124 2401 ὁλοκαύτωμα
2174 2333 2344 2402 χωρὶς

754 2410 947 2481 πυρὸς,
976 2411 1207 2465 θανάτου
1253 2413 1346 2465 καὶ
1379 2409 1728 2475 ἀναστάσεως
1761 2413 1931 2467 τύπον
1961 2413 2055 2466 ἐπὶ
2103 2414 2198 2467 τοῦ
2233 2416 2340 2484 βω-

757 2492 859 2562 μοῦ
906 2494 1212 2564 γινόμενον.
1264 2495 1375 2549 Καὶ
1416 2495 1524 2565 γάρ
1567 2495 1770 2564 ἔσφαξε
1808 2497 1899 2550 τὸν
1932 2497 2069 2560 υἱὸν,
2103 2498 2196 2550 καὶ
2241 2498 2343 2551 οὐκ

754 2575 1013 2644 ἐσφαξεν’
1040 2577 1139 2629 οὐκ
1164 2576 1364 2647 ἔσφαξε
1396 2579 1559 2649 χειρὶ,
1587 2579 1725 2632 ἀλλά
1753 2582 1819 2648 τῇ
1851 2578 2153 2650 προθυμίᾳ.
2189 2580 2343 2633 Ἐπεὶ

755 2658 849 2711 καὶ
874 2659 902 2710 ὁ
937 2659 1068 2723 Θεὸς
1092 2659 1180 2713 διά
1216 2659 1372 2713 τοῦτο
1407 2661 1715 2726 ἐκέλευσεν,
1764 2662 1861 2731 οὐχ
1898 2663 2132 2731 αἵματος
2183 2663 2342 2731 χύσιν

753 2739 1078 2812 βουλόμενος
1110 2742 1258 2808 ἰδεῖν,
1287 2743 1425 2797 ἀλλά
1466 2744 1785 2816 προαίρεσίν
1822 2762 1905 2797 σοι
1935 2745 2105 2812 δεῖξαι
2141 2746 2337 2812 θέλων,

752 2822 966 2878 καὶτὸν
1002 2829 1245 2894 γενναῖον
1300 2828 1506 2881 ἐκεῖνον
1553 2828 1610 2880 ἐν
1661 2828 1812 2899 μέσῳ
1860 2829 1959 2898 τῆς
2008 2831 2341 2901 οἰκουμένης

750 2907 1090 2980 ἀνακηρῦξαι
1130 2910 1330 2981 πάσης,
1374 2911 1471 2964 καὶ
1503 2911 1789 2965 παιδεῦσαι
1822 2912 1950 2973 τοὺς
1993 2912 2129 2981 μετά
2163 2912 2339 2966 ταῦτα

751 2989 981 3054 πάντας,
1005 2993 1085 3045 ὅτι
1120 2996 1214 3047 καὶ
1241 2994 1470 3058 παίδων,
1501 2995 1595 3047 καὶ
1629 2993 1870 3063 φύσεως,
1898 2997 1996 3047 καὶ
2026 2995 2136 3048 τῶν
2163 2994 2333 3048 ὄντων

751 3073 1028 3141 ἁπάντων,
1074 3079 1168 3129 καὶ⁸
1198 3077 1370 3146 αὐτῆς
1399 3077 1497 3145 τῆς
1541 3077 1721 3146 ψυχῆς
1765 3076 1858 3129 τοῦ
1887 3076 2022 3129 Θεοῦ
2063 3077 2132 3130 τά
2163 3095 2335 3147 προσ-

748 3146 1006 3227 τάγματα
1059 3161 1329 3230 προτιμᾷν
1374 3160 1502 3229 χρή.
1541 3158 1752 3229 Κατῄει
1802 3158 1982 3212 τοίνυν
2031 3146 2337 3223 ζῶνταλα-

749 3236 860 3297 ϐὼν
893 3239 1148 3311 μάρτυρα
1180 3241 1273 3294 τὸν
1308 3241 1512 3296 Ἰσαάκ.
1552 3241 1685 3295 Τίνα
1733 3236 1826 3295 οὖν
1861 3242 2055 3312 ἕξομεν
2088 3242 2336 3311 συγγνὼ-

751 3337 880 3390 μην,
924 3322 1046 3376 εἰπέ
1083 3339 1194 3392 μοι,
1226 3323 1384 3377 ποίαν
1423 3325 1479 3377 δὲ
1523 3324 1840 3392 ἀπολογίαν,
1876 3327 1924 3377 εἰ
1957 3325 2049 3377 τὸν
2081 3328 2334 3394 ,γενναῖον

747 3402 956 3456 ἐκεῖνον
992 3405 1130 3474 μετὰ
1180 3406 1449 3477 τοσαύτης
1494 3406 1710 3476 εἴδομεν
1754 3406 2063 3476 προθυμίας
2092 3408 2171 3478 τῷ
2213 3409 2333 3479 Θεῷ

749 3486 1090 3555 πειθόμενον,
1123 3490 1217 3541 καὶ
1254 3489 1470 3542 πάντων
1499 3488 1648 3560 αὐτῷ
1682 3489 2136 3559 παραχωροῦντα,
2165 3491 2334 3563 ¹[771]

748 3569 846 3621 καὶ
869 3569 1027 3638 ἡμεῖς
1054 3570 1509 3641 δυσχεραίνομενς
1549 3573 1641 3641 Μὴ
1682 3571 1745 3642 δή
1786 3589 1874 3641 μοι
1906 3573 1968 3624 τὺ
2009 3574 2203 3638 πένθος
2251 3575 2331 3626 εί-

748 3665 879 3720 πῃς,
930 3651 1067 3722 μηδέ
1097 3652 1158 3703 τὸ
1191 3654 1290 3722 τῆς
1325 3656 1612 3724 συμφορᾶς
1660 3655 1955 3724 ἀφόρητον.
1989 3656 2110 3708 ἀλλ’
2154 3659 2332 3710 ἐκεῖνο

748 3735 1044 3803 σκόπησον,
1068 3735 1149 3788 ὅτι
1178 3736 1273 3788 καὶ
1299 3736 1394 3789 τοῦ
1421 3737 1650 3800 πένθους
1681 3737 1918 3806 χαλεποῦ
1946 3738 2098 3801 δντος
2131 3738 2334 3792 ἀνώτε-

747 3831 840 3885 ρος
890 3812 977 3887 ἦν.
1018 3817 1222 3871 Ἱκανὸν
1269 3813 1338 3888 ἦν
1386 3818 1449 3871 τὸ
1506 3805 1800 3890 ἐπιταχθὲν
1830 3821 2129 3891 θορυϐῆσαι
2162 3821 2329 3876 αὐτοῦ

744 3896 836 3952 τδν
876 3897 1155 3968 λογισμὸν,
1191 3899 1288 3952 καὶ
1323 3900 1403 3964 εἰς
1439 3901 1674 3973 ἀπορίαν
1720 3902 1884 3956 αὐτὸν
1921 3903 2201 3974 ἐμϐαλεῖν,
2233 3903 2339 3958 καὶ

743 3981 843 4052 τὴν
890 3981 1073 4034 πίστιν
1119 3979 1385 4055 ὑπορύξαι
1430 3985 1530 4055 τὴν
1565 3986 1622 4039 ἐν
1655 3988 1770 4049 τοίς
1821 3986 2174 4058 παρελθοῦσι.
2233 3988 2332 4052 Τίς

743 4064 853 4136 γὰρ
884 4063 994 4116 τῶν
1026 4064 1238 4120 πολλῶν
1278 4066 1380 4120 οὐκ
1417 4064 1484 4120 ἂν
1526 4067 1784 4138 ἐνόμιζεν
1824 4068 2041 4140 ἀπάτην
2089 4067 2333 4140 εἶναικτά

743 4083 853 4136 γαρ
884 4083 994 4116 των
1026 4083 1238 4120 ποΑΑων
1278 4083 1380 4120 ουκ
1417 4083 1484 4120 αν
1526 4083 1784 4138 βνομιςεν
1824 4083 2041 4140 ἀπάτην
2089 4083 2167 4125 ειν
2259 4083 2330 4123 τα

743 4147 1010 4218 εἰρημένα
1047 4149 1175 4224 περὶ
1213 4149 1310 4205 τοῦ
1352 4150 1588 4222 πλήθους
1628 4153 1736 4209 τῶν
1771 4154 2030 4224 ἐγγόνων,
2072 4148 2146 4210 ὧν
2171 4083 2330 4228 ἲύτῷ

1495 381 1555 436 S.
1595 380 1882 438 JOANNIS
1920 375 2408 439 CHRYSOSTOHI
2447 371 2770 442 ARCIIIEP.
2809 381 3364 440 CONSTANTINOP.

3899 389 4016 449 1026

2452 490 2844 559 ἐπηγγείλατο;
2897 492 3037 572 Ἀλλ’
3088 494 3187 563 οὐχ
3231 495 3260 545 ὁ
3301 492 3574 564 Ἀϐραάμ.
3626 496 3738 550 Καὶ
3785 496 3880 551 τὸν
3915 499 4014 552 ἰὡς
4111 487 4121 574 1

2449 574 2506 627 δὲ
2552 579 2650 645 τῆς
2713 579 2805 630 ἐπὶ
2859 581 2925 650 τῇ
2984 569 3246 651 συμφορᾷ
3307 580 3650 648 φιλοσοφίαςι
3685 582 3788 652 οὐχ
3851 577 4014 653 ἦττον,

2451 658 2544 709 καὶ
2583 659 2722 729 ὑπὲρ
2749 659 2941 713 τούτου
2985 661 3222 730 μάλιστα
3269 662 3430 715 αὐτὸν
3463 661 3764 732 θαυμάζειν
3793 666 3919 735 χρὴ,
3948 666 4014 719 ὅτι

2454 741 2592 811 μετά
2619 745 2889 813 τοσαύτην
2927 746 3149 815 ἀρετὴν,
3186 745 3324 814 μετά
3368 745 3741 816 ἐλεημοσύνας
3775 749 3872 800 καὶ
3914 748 4016 815 φιλ-

2450 825 2798 895 ανθρωπίας,
2857 828 2994 897 μετά
3052 829 3112 880 τὸ
3164 829 3330 899 μηδὲν
3412 830 3552 900 μήτε
3625 829 3837 898 ἐαυτῷ,
3899 833 4017 900 μήτε

2449 910 2561 972 τοῖς
2619 910 2776 961 παισὶ
2842 911 3141 964 συνειδέναι
3206 911 3462 983 πονηρὸν,
3525 911 3782 965 τοσοῦτον
3844 913 4017 974 πένθος

2452 989 2578 1044 ἰδὼν
2620 991 2760 1045 οὕτω
2807 993 2994 1047 καινὸν
3033 996 3128 1049 καὶ
3181 993 3484 1065 παράδοξον
3536 995 3634 1047 καὶ
3688 994 3882 1065 μηδενὶ
3925 993 4017 1046 τῶν

2448 1071 2516 1122 τά
2555 1071 2755 1143 ἔσχατα
2819 1075 3232 1146 τετολμηκότων
3280 1076 3658 1149 συμϐεϐηκὸς,
3710 1078 3815 1130 οὐκ
3868 1077 4016 1130 ἔπαθε

2447 1154 2515 1206 τά
2560 1158 2667 1208 τῶν
2711 1157 2942 1221 πολλῶν,
2993 1160 3114 1211 οὐδὲ
3151 1158 3403 1228 ἐνόμισεν
3450 1158 3708 1231 ἀνόνητον
3751 1156 3895 1214 εἶναι
3932 1163 4016 1231 τὴν

2449 1237 2673 1308 ἀρετὴν,
2727 1240 2849 1293 οὐδὲ
2926 1241 3110 1303 κακῶς
3181 1241 3569 1310 βεϐουλεῦσθαι
3647 1245 3758 1306 τοῖς
3831 1243 4018 1314 παρελ-

2449 1319 2653 1375 θοῦσιν.
2689 1325 2852 1377 Ὥστε
2892 1325 2960 1377 δι’
2998 1326 3284 1397 ἀμφότερα
3335 1326 3534 1389 αὐτοὺς
3587 1325 3765 1379 ταῦτα
3809 1328 3873 1379 οὐ
3909 1325 4021 1379 θαν-

2451 1407 2644 1476 μάζειν
2683 1409 2790 1480 χρὴ
2827 1410 3008 1480 μόνον,
3055 1411 3192 1464 ἀλλὰ
3238 1412 3332 1463 καὶ
3372 1409 3570 1481 ζηλοῦν
3621 1409 3718 1462 καὶ
3750 1410 4019 1481 μιμεῖ-σθαι

2446 1488 2544 1560 τὴν
2590 1491 2812 1562 ἀρετήν.
2857 1493 2969 1545 Καὶ
3014 1494 3088 1563 μὴ
3123 1492 3326 1560 λεγέτω
3366 1510 3484 1557 τις,
3527 1493 3611 1545 ὅτι
3654 1493 3858 1545 ἐκεῖνοι
3903 1494 4020 1546 θαυ-

2421 1633 2430 1648 _‘
2450 1573 2642 1641 μαστοί
2668 1584 2810 1637 τινες
2833 1570 3001 1645 ἦσαν.
3025 1576 3340 1651 Θαυμαστοὶ
3374 1577 3472 1646 μὲν
3502 1575 3613 1648 γὰρ
3645 1571 3788 1646 ἦσαν
3817 1577 3912 1630 καὶ
3941 1594 4021 1646 με·

2445 1656 2600 1724 γάλοι
2618 1673 2632 1687 ·
2657 1656 2773 1710 ἀλλ’
2799 1659 2961 1728 ἡμεῖς
2986 1658 3154 1711 τανῦν
3185 1659 3406 1711 πλείονα
3441 1659 3670 1713 ἐκείνων
3697 1661 4021 1729 ἀπαιτούμε-

2446 1740 2868 1815 θαγφιλοσοφίαν
2923 1741 3155 1795 καὶτῶν
3206 1742 3265 1793 ἐν
3299 1743 3366 1812 τῇ
3415 1741 3632 1812 Παλαιᾲ
3692 1743 4021 1812 βεϐιωκότων

2444 1818 2722 1878 ἁπάντων.
2756 1819 2909 1878 ’Ἐὰν
2942 1826 3052 1894 γὰρ
3079 1823 3164 1893 μὴ
3192 1826 3573 1892 περισσεύσῃ
3602 1827 3639 1894 ή
3668 1825 4018 1893 δικαιοσύνη

2442 1908 2612 1976 ὑμῶν
2635 1908 2827 1961 πλέον
2860 1908 2978 1962 τῶν
3001 1909 3389 1978 γραμματέων
3419 1910 3514 1963 καὶ
3543 1913 3909 1981 Φαρισαίων,
3939 1930 4022 1982 φη.

2446 1992 2551 2058 σὶν,
2587 1994 2658 2046 οὐ
2683 1992 2768 2060 μὴ
2802 1993 3115 2061 εἰσέλθητε
3140 1998 3227 2059 εἰς
3256 1992 3372 2062 τὴν
3388 1995 3723 2060 ,Βασιλείαν
3773 1993 3898 2047 τῶν
3934 1997 4020 2047 οἰν-

2436 2076 2662 2144 ρανῶν.
2689 2077 2966 2131 Πάντοθεν
2994 2078 3173 2132 τοίνυν
3199 2079 3686 2148 σωφρονισθέντες,
3724 2080 3824 2133 καὶ
3868 2080 4021 2132 ταῦτα

2446 2158 2823 2223 συλλέξαντες,
2856 2160 3035 2214 καὶτά
3059 2180 3124 2214 πε
3133 2163 3186 2233 pl
3214 2162 3565 2225 ἀναστάσεως
3581 2164 3718 2232 ἡμῖν
3746 2163 4020 2232 εἰρημένα,

2443 2244 2538 2296 καὶ
2566 2243 2636 2295 τὰ
2660 2244 2923 2313 περὶτῶν
2964 2246 3135 2313 άγίων
3177 2247 3406 2310 τούτων,
3453 2246 3698 2316 συνεχῶς
3748 2245 4020 2316 ἐπᾴδωμεν

2443 2329 2562 2390 ταῖς
2587 2327 2807 2400 ψυχαῖς,
2843 2329 2917 2401 μὴ
2954 2330 3114 2399 μόνον
3138 2329 3280 2383 κατά
3304 2331 3395 2384 τὸν
3429 2330 3621 2399 καιρὸν
3648 2331 3748 2383 τοῦ
3783 2331 4018 2394 πένθους,

2442 2410 2579 2463 ἀλλά
2625 2413 2718 2464 καὶ
2770 2413 2938 2484 ἡνίκα
2991 2413 3058 2466 ἂν
3107 2413 3506 2482 καθαρεύωμεν
3540 2412 3763 2483 ὀδύνης.
3807 2412 3905 2465 Διά
3927 2412 4016 2481 γὰρ

2441 2493 2600 2547 τοῦτο
2629 2495 2724 2547 καὶ
2743 2495 2874 2563 ἐγὼ,
2905 2496 3082 2560 καίτοι
3113 2495 3340 2566 μηδενὸς
3376 2496 3529 2559 ὄντος
3567 2497 3626 2548 ἐν
3650 2495 3906 2565 ἀθυμία,
3939 2494 4018 2547 νῦν
4120 2521 4121 2566 γ

2430 2577 2665 2648 ,τούτους
2715 2579 2942 2648 ἐκίνησα
2977 2581 3104 2644 τοὺς
3134 2580 3351 2648 λόγους,
3395 2581 3497 2645 ἵν’,
3530 2580 3662 2632 ὅταν
3694 2577 4019 2649 ἐμπέσωμεν

2443 2665 2523 2725 εἰς
2543 2680 2663 2716 τινα
2684 2663 2942 2734 τοιαύτην
2983 2663 3270 2734 συμφορὰν
3301 2704 3316 2725 ,
3355 2661 3695 2734 μεμνημένοι
3743 2661 3858 2717 τῶν
3884 2663 4016 2732 εἰρη-

2445 2747 2644 2816 μένων,
2688 2748 2877 2816 ἱκανῆς
2911 2747 3276 2817 ἀπολαύωμεν
3320 2745 3715 2818 παραμυθίας·
3769 2746 3896 2798 ἐπεί
3941 2745 4017 2797 καὶ

2443 2829 2796 2900 στρατιῶται,
2820 2833 3045 2901 εἰρήνης
3077 2829 3270 2900 οὔσης,
3295 2829 3364 2883 τά
3393 2831 3485 2882 τοῦ
3509 2829 3762 2899 πολέμου
3802 2828 4018 2900 μελετῶ-

2442 2928 2546 2974 σιν,
2584 2911 2672 2964 ἴνα
2701 2913 2799 2982 τῆς
2851 2912 3033 2982 μάχης
3082 2912 3408 2982 ἐπιστάσης,
3455 2912 3548 2965 καὶ
3576 2912 3670 2965 τοῦ
3704 2912 3908 2982 καιροῦ
3937 2911 4019 2980 τὴν

2441 2993 2735 3064 ἐμπειρίαν
2784 2993 3164 3057 ἀπαιτοῦντος,
3202 2993 3476 3064 εὐκαίρως
3515 2995 3903 3060 ἐπιδείξωνται
3935 2993 4016 3062 τὴν

2435 3065 2659 3144 τέχνην,
2688 3075 2755 3146 ἢν
2790 3078 2846 3129 ἐν
2868 3079 2931 3146 τῇ
2958 3078 3151 3148 εἰρήνῃ
3181 3077 3574 3148 κατώρθωσαν.
3594 3079 3769 3148 Kuh!)
3781 3080 3902 3148 μείς
3925 3076 4016 3129 τοί-

2439 3175 2536 3210 νυν
2568 3159 2663 3212 καὶ
2690 3159 2832 3212 ὅπλα
2862 3160 2956 3212 καλ⁵
2986 3161 3255 3229 φάρμακα
3275 3160 3791 3228 κατασκευάσωμεν
3825 3160 4016 3221 ἐαυτοίς

2437 3241 2496 3294 ἐν
2522 3240 2599 3310 τῷ
2617 3240 2793 3316 καιρῷ
2817 3241 2917 3312 τῆς
2933 3244 3175 3313 εἰρήνης,
3201 3242 3308 3305 ἵνα,
3328 3242 3383 3295 εῐ
3408 3259 3538 3296 ποτε
3566 3242 3812 3311 πόλεμος
3841 3243 4014 3310 ἐπιστῇ

2439 3322 2628 3375 παθῶν
2659 3323 2942 3399 ἀλόγων,ἢ
2971 3324 3222 3389 πένθους,
3252 3324 3284 3394 ἢ
3309 3325 3522 3396 ὀδύνης,
3557 3325 3590 3395 ἢ
3616 3325 3789 3378 ἄλλου
3816 3324 4014 3378 ὁτουοῦν

2436 3405 2706 3473 τοιούτου,
2759 3406 3207 3477 καθωπλισμένοι
3254 3407 3438 3470 καλῶς
3492 3408 3588 3459 καὶ
3642 3405 4010 3478 πεφραγμένοι

2438 3489 2726 3553 πάντοθεν,
2758 3491 2859 3552 τὰς
2887 3489 2980 3543 τοῦ
3013 3491 3260 3562 Πονηροῦ
3300 3490 3609 3562 προσϐολὰς
3651 3491 3798 3561 μετά
3831 3490 4013 3558 πολλῆς

2437 3571 2909 3642 ἀποκροῦσὼμεθα
2930 3573 3030 3643 τῆς
3060 3574 3371 3644 ἐμπειρίας,
3395 3575 3489 3627 καὶ
3511 3573 3800 3642 λογισμοῖς
3829 3574 4011 3645 ὀρθοῖς,

2437 3656 2534 3710 καὶ
2567 3656 2684 3717 ταῖς
2708 3655 3021 3723 ἀποφάσεσι
3053 3654 3148 3708 τοῦ
3182 3655 3340 3721 Θεοῦ,
3379 3657 3619 3719 καὶτοῖς
3659 3656 4009 3724 ὑποδείγματι

2434 3737 2543 3791 τῶν
2563 3736 2785 3805 ἀγαθῶν
2809 3737 3040 3808 ἀνδρῶν,
3070 3738 3165 3790 καὶ
3199 3740 3363 3792 παντὶ
3395 3739 3582 3809 τρόπῳ
3604 3738 3882 3792 πάντοθεν
3905 3740 4009 3790 ἐαυ-

2434 3822 2561 3886 τοὺς
2576 3821 2923 3891 τειχίσωμεν.
2943 3821 3100 3875 Οὐτω
3118 3822 3226 3894 γὰρ
3243 3822 3585 3894 δυνησόμεθα
3598 3822 3697 3875 καὶ
3713 3822 3817 3893 τὴν
3836 3818 4008 3891 παροῦ-
4120 3833 4121 3894 ξ

2435 3920 2536 3957 σαν
2563 3904 2709 3974 ζωὴν
2734 3903 2876 3975 μετά
2931 3904 3197 3976 εὐθυμίας
3240 3905 3539 3973 διενεγκεῖν
3559 3946 3574 3969 ,
3607 3905 3708 3958 καὶ
3746 3904 3849 3975 τῆς
3878 3903 4005 3973 βασι·

2433 3985 2586 4050 λείας
2617 3987 2725 4039 τῶν
2761 3987 3009 4059 οὐρανῶν
3039 3989 3340 4058 ἐπιτυχεῖν,
3372 3989 3430 4039 ἐν
3475 3987 3705 4058 Χριστῷ
3753 3978 4003 4057 Ἰησοῦ,ᾧ

2433 4069 2468 4139 ή
2507 4067 2636 4140 δόξα
2668 4070 2765 4123 καὶ
2816 4068 2879 4121 τὸ
2931 4070 3137 4139 κράτος
3167 4070 3283 4138 ἃμα
3320 4069 3398 4139 τῷ
3432 4069 3610 4141 Πατρὶ
3647 4070 3748 4124 καὶ
3778 4070 3855 4140 τῷ
3885 4067 4005 4138 ἀγίφ

2432 4153 2734 4225 Πνεύματι,
2772 4155 2852 4217 εἰς
2877 4155 3006 4218 τοὺς
3035 4153 3240 4216 αἰῶνας
3271 4153 3380 4207 τῶν
3404 4146 3653 4207 αἰώνων.
3698 4154 3892 4224 Ἀμήν.
