4154 6320
209 397 353 454 fw

203 531 316 584 que
341 511 550 566 facinus
577 509 802 576 fuisset;
832 505 929 563 sed
957 521 1060 561 non
1091 501 1315 576 perinde
1344 509 1522 556 tamen
1545 499 1808 564 mirabile,

201 616 373 675 atque
409 617 530 658 cum
563 617 661 672 per
692 602 890 656 multos
926 599 1045 654 dies
1082 597 1198 667 ejus
1227 597 1439 649 animus
1474 592 1812 647 excruciatus

204 693 595 763 exercitusque
623 691 805 755 fuerit,
834 690 969 744 nihil
997 688 1214 742 humani
1242 686 1385 740 circa
1409 685 1573 737 filium
1597 696 1813 752 passum

203 799 355 839 esse.
383 783 508 839 Ideo
532 783 677 838 enim
699 781 939 851 longiora
963 781 1042 834 illi
1062 784 1355 852 scammata
1378 774 1652 845 proposuit
1674 774 1815 827 Deus

202 875 555 945 stadiumque
601 865 922 944 spatiosius,
957 881 1016 926 ut
1057 870 1361 925 accuratius
1397 867 1654 921 athletam
1693 879 1817 934 spe-

201 975 409 1021 ctares.
440 966 580 1021 Vere
611 978 841 1033 namque
879 963 1083 1017 athleta
1121 971 1269 1026 erat,
1301 975 1406 1014 non
1444 973 1566 1012 cum
1598 956 1817 1010 homine

205 1055 518 1120 decertans,
541 1054 634 1108 sed
656 1069 775 1108 cum
798 1054 910 1124 ipsa
931 1063 1136 1107 naturae
1162 1049 1462 1123 tyrannide.
1485 1049 1614 1116 Quis
1637 1059 1816 1102 sermo

209 1148 386 1217 possit
419 1147 535 1216 ejus
564 1146 926 1200 fortitudinem
965 1143 1317 1214 exprimere?
1345 1142 1581 1198 Adduxit
1606 1141 1774 1195 filium
1795 1180 1812 1207 ,

206 1238 479 1302 devinxit,
511 1238 668 1307 lignis
686 1237 973 1307 imposuit,
1001 1252 1184 1291 ensem
1211 1235 1457 1304 arripuit,
1478 1234 1587 1303 jam
1611 1233 1818 1302 plagam

209 1329 502 1388 inflixurus
524 1338 660 1383 erat.
692 1328 830 1396 Quid
856 1329 993 1384 ultra
1018 1313 1106 1382 aut
1135 1343 1238 1398 qua
1265 1329 1470 1381 ratione
1496 1327 1684 1395 loquar
1711 1341 1817 1380 non

211 1420 396 1476 habeo
422 1421 603 1477 :solus
628 1422 717 1477 ille
745 1423 911 1486 novit,
941 1423 1033 1491 qui
1061 1421 1161 1474 ista
1186 1419 1426 1489 perfecit.
1457 1418 1640 1473 Oratio
1659 1417 1818 1485 quip-

219 1527 298 1581 pe
329 1513 472 1567 nulla
495 1514 796 1583 exprimere
820 1513 1038 1582 poterit,
1063 1510 1332 1581 quomodo
1359 1525 1549 1564 manus
1568 1509 1684 1578 ejus
1710 1523 1818 1580 non

214 1601 578 1672 obtorpuerit,
601 1602 868 1672 quomodo
897 1617 1183 1657 nervorum
1212 1601 1291 1656 vis
1312 1616 1415 1654 non
1442 1600 1613 1654 soluta
1637 1599 1816 1665 fuerit,

208 1706 324 1762 quo
353 1701 507 1761 pacto
532 1693 773 1747 amabilis
804 1693 894 1746 ille
921 1691 1014 1746 filii
1041 1702 1288 1762 aSpectus
1313 1707 1434 1745 cum
1464 1705 1572 1744 non
1599 1699 1819 1744 contur-

190 1781 441 1837 baverit.
469 1783 568 1836 llic
591 1784 753 1837 etiam
790 1782 938 1836 Isaac
963 1782 1217 1836 admirari
1257 1782 1534 1836 c0nvenit.
1578 1781 1644 1834 Ut
1673 1779 1816 1834 enim

203 1867 304 1928 ille
337 1874 465 1939 Deo,
496 1875 567 1927 ita
607 1873 693 1928 hic
721 1874 855 1942 patri
899 1874 1092 1943 paruit,
1122 1883 1176 1927 et
1218 1884 1273 1929 ut
1308 1873 1420 1939 ille,
1465 1874 1574 1927 Deo
1597 1872 1819 1940 jubente

209 1963 542 2029 sacrificare,
571 1964 804 2018 rationes
842 1979 949 2017 non
979 1963 1164 2033 exigit,
1195 1963 1265 2017 ita
1292 1971 1344 2016 et
1382 1963 1490 2027 ille,
1524 1971 1677 2030 patre
1703 1962 1821 2014 vin-

205 2054 393 2108 ciente
422 2063 478 2109 et
506 2068 668 2122 super
694 2069 840 2108 aram
889 2054 1174 2108 inducente
1199 2094 1214 2118 ,
1243 2069 1348 2107 non
1396 2046 1529 2107 dixit
1551 2095 1564 2118 ,
1597 2068 1693 2106 cur
1719 2052 1821 2106 h0c

208 2147 366 2215 agis?
392 2146 496 2200 Sed
517 2157 751 2215 paterna:
769 2147 946 2200 manui
969 2146 1299 2216 subjacebat.
1321 2146 1516 2200 Videre
1533 2154 1649 2199 erat
1665 2161 1817 2197 eum-

210 2236 348 2290 dem
391 2246 598 2306 patrem
635 2237 826 2291 factum
869 2245 922 2291 et
951 2237 1284 2292 sacerdotem
1306 2279 1319 2301 ,
1355 2237 1672 2291 sacrificium
1701 2237 1828 2290 sine'

210 2327 480 2395 sanguine
509 2327 743 2380 oblatum
767 2370 782 2394 ,
815 2327 1185 2381 holocaustum
1213 2328 1414 2397 absque
1445 2327 1563 2397 igne
1588 2371 1601 2392 ,
1631 2329 1822 2383 mortis

209 2430 279 2470 ac
310 2417 724 2472 resurrectionis
766 2417 990 2487 figuram
1035 2418 1087 2471 in
1126 2418 1279 2472 altari
1323 2419 1571 2488 positam.
1605 2418 1818 2474 Etenim

215 2507 390 2560 filium
418 2508 713 2561 immolavit
736 2548 750 2572 ,
785 2518 838 2561 et
869 2524 974 2561 non
1018 2509 1313 2563 immolavit
1341 2527 1352 2560 :
1386 2524 1491 2562 non
1514 2505 1816 2560 immolarit

206 2611 416 2663 manu,
447 2597 541 2652 sed
575 2599 866 2667 proposito.
907 2598 1040 2652 Nam
1079 2608 1133 2653 et
1175 2599 1318 2653 Deus
1358 2600 1478 2652 ideo
1519 2599 1817 2667 imperavit,

207 2705 326 2761 non
345 2689 487 2759 quod
510 2689 824 2744 effusionem
853 2692 1125 2761 sanguinis
1152 2691 1336 2746 videre
1355 2692 1538 2756 vellet,
1566 2690 1658 2745 sed
1677 2689 1818 2760 quod

208 2760 550 2852 propositum
576 2782 740 2836 animi
779 2783 876 2837 tibi
900 2760 1201 2838 ostendere
1240 2785 1493 2853 cuperet,
1523 2791 1683 2851 atque
1714 2797 1818 2836 una

211 2873 414 2928 fortem
438 2872 583 2927 illum
610 2873 784 2927 virum
810 2873 862 2927 in
894 2874 1041 2929 orbis
1067 2875 1243 2930 medio
1269 2876 1581 2945 praedicare,
1606 2889 1820 2932 omnes-

207 2979 323 3032 que
354 2971 595 3031 posteros
621 2963 846 3027 docere,
877 2972 931 3018 et
963 2965 1146 3019 liberis
1165 3006 1182 3031 ,
1215 2975 1266 3019 et
1304 2975 1507 3020 natura:
1533 3008 1546 3031 ,
1577 2974 1630 3019 et
1658 2966 1820 3020 rebus

208 3053 468 3107 omnibus
489 3095 503 3117 ,
533 3054 739 3123 ipsique
764 3054 957 3109 anima:
999 3056 1092 3109 Dei
1128 3055 1277 3124 jussa
1308 3057 1561 3125 anteponi
1596 3056 1815 3110 debere.

213 3144 507 3198 Descendit
557 3145 720 3213 igitur
765 3145 886 3198 vivo
927 3152 1148 3215 recepto
1196 3156 1434 3216 martyre
1483 3147 1649 3199 lsaac.
1689 3144 1820 3211 Quae

209 3249 347 3304 ergo
375 3234 529 3290 nobis
554 3235 709 3290 venia
734 3278 749 3302 ,
779 3252 964 3306 quaeso
988 3277 1004 3301 ,
1036 3253 1155 3306 quae
1179 3237 1423 3292 defensio
1453 3239 1555 3292 erit
1577 3280 1590 3302 ,
1623 3239 1665 3292 si
1696 3255 1817 3292 cum

208 3324 509 3381 viderimus
549 3326 742 3381 fortem
789 3328 935 3381 illum
979 3332 1152 3382 virum
1194 3344 1314 3384 cum
1357 3337 1499 3383 tanta
1548 3331 1821 3387 alacritate

213 3415 335 3471 Deo
356 3402 758 3487 obsequentem,
779 3419 830 3472 in
852 3420 1208 3489 omnibusque
1224 3413 1702 3490 obtemperan'tem,
1725 3439 1820 3478 nos
1871 3403 1885 3416 ~

210 3506 451 3562 moleste
473 3509 739 3562 feramus?
765 3508 843 3563 Ne
869 3511 1000 3564 mihi
1025 3510 1250 3576 luctum,
1281 3526 1350 3566 ne
1372 3512 1689 3567 calamitatis
1710 3528 1822 3567 ma-

207 3598 551 3668 gnitudinem
565 3599 788 3674 afferas:
810 3601 901 3655 sed
922 3603 1212 3671 perpende,
1234 3605 1377 3660 illum
1397 3605 1562 3659 fuisse
1574 3607 1719 3661 luctu
1732 3623 1823 3661 su-

212 3690 512 3757 periorem.
533 3679 835 3745 Mandatum
863 3691 1166 3762 hujusmodi
1191 3704 1398 3763 poterat
1415 3696 1560 3750 illius
1581 3696 1819 3751 animum

208 3782 563 3847 wnturbare,
593 3784 808 3838 anxium
837 3785 1086 3852 reddere,
1112 3796 1167 3840 et
1197 3787 1355 3843 fidem
1387 3789 1504 3857 ejus
1528 3789 1682 3862 circa
1694 3804 1824 3858 prte-

211 3871 377 3925 terita
399 3873 723 3941 subagitare.
748 3874 879 3941 Quis
901 3876 1043 3929 enim
1062 3877 1199 3931 alius
1220 3889 1415 3946 praeter
1432 3879 1815 3948 Abrahamum,

208 3973 318 4018 non
337 3965 593 4029 putasset
620 3963 858 4020 fraudem
887 3981 950 4022 ea
979 3967 1157 4022 omnia
1187 3983 1308 4025 esse
1330 4009 1344 4034 ,
1378 3984 1498 4040 qua:
1538 3969 1607 4026 de
1633 3970 1817 4026 multi-

1554 382 1827 440 LAZARO
1863 382 2108 441 CONClO
2154 383 2216 441 V.

3381 393 3522 450 026

1919 499 2105 552 tudine
2130 498 2343 568 generis
2368 505 2422 553 et
2451 511 2703 570 nepotum
2734 501 2875 559 Deus
2903 503 3171 572 pollicitus
3196 508 3351 562 erat?
3392 510 3520 563 lhi-

1920 589 2219 660 losophiam
2254 590 2378 644 item
2404 590 2524 645 Jobi
2554 592 2605 645 in
2648 601 2792 646 tanta
2819 594 3127 650 calamitate
3154 597 3324 652 nihilo
3343 599 3523 655 minus

1918 682 2040 752 quis
2091 682 2340 737 admirari
2389 667 2573 749 debet,
2618 681 2772 754 quod
2811 695 2931 754 post
2977 696 3178 742 tantam
3221 691 3520 746 cxhibitam

1917 774 2169 828 virtutem
2185 815 2198 839 ,
2226 782 2347 843 post
2363 774 2735 845 eleemosynas
2760 786 2815 830 et
2838 776 3238 847 benignitatem,
3260 776 3523 837 cuninul-

1920 865 2020 920 lius
2041 867 2123 921 vel
2147 866 2245 921 sibi
2272 867 2352 921 vel
2383 867 2506 922 filiis
2527 865 2664 921 mali
2688 870 2935 924 conscius
2965 882 3139 937 esset,
3161 888 3283 928 cum
3317 884 3520 930 tantum

1921 961 2136 1026 tamque
2158 956 2490 1026 inopinatum
2516 957 2724 1012 videret
2753 960 2971 1024 luctum,
2997 973 3228 1031 quantus
3251 980 3318 1020 ne
3347 961 3541 1021 sche-

1921 1046 2203 1100 ratissimis
2232 1047 2446 1118 quidem
2491 1064 2743 1119 umquam
2773 1053 3100 1122 centigerat,
3136 1070 3244 1109 non
3286 1058 3362 1111 sic
3389 1057 3524 1129 affe-

1921 1128 2038 1190 ctus
2064 1135 2251 1204 fuerit,
2281 1147 2338 1192 ut
2365 1138 2452 1192 alii
2480 1140 2693 1207 solent,
2726 1157 2898 1216 neque
2934 1146 3200 1211 putaverit
3226 1128 3522 1203 infructuo

1921 1239 2036 1279 sam
2063 1241 2186 1283 esse
2213 1218 2462 1283 virtutem
2488 1271 2503 1294 ,
2534 1239 2626 1283 aut
2654 1246 2714 1286 se
2743 1233 2881 1286 male
2910 1233 3071 1288 rebus
3099 1236 3213 1290 suis
3241 1246 3364 1292 ante
3393 1254 3526 1294 con-

1923 1320 2175 1376 suluisse.
2205 1321 2386 1391 Itaque
2410 1322 2573 1377 hosce
2601 1325 2743 1378 viros
2769 1325 2838 1380 ob
2863 1325 2976 1381 haac
2997 1335 3219 1396 utraque
3241 1344 3348 1384 non
3366 1333 3526 1388 modo

1923 1411 2174 1467 admirari
2196 1414 2474 1480 debemus,
2497 1416 2592 1471 sed
2625 1419 2785 1472 etiam
2808 1421 3069 1487 aemulari,
3094 1437 3392 1493 eorumque
3412 1426 3528 1480 vir-

1925 1512 2090 1559 tutem
2118 1505 2332 1560 imitari.
2350 1506 2458 1562 Nec
2479 1507 2624 1561 dicat
2649 1507 2913 1578 quispiam
2935 1510 3045 1565 :llli
3065 1512 3162 1567 viri
3184 1513 3529 1573 admirabiles

1923 1604 2071 1650 certe
2089 1603 2145 1650 et
2163 1597 2339 1666 magni
2360 1607 2542 1664 erant;
2558 1599 2652 1652 sed
2669 1614 2698 1655 a
2716 1601 2870 1655 nobis
2890 1601 3062 1672 major
3079 1619 3219 1658 nunc
3240 1607 3530 1676 requiritur

1923 1687 2461 1758 phi1050phia,quam
2486 1690 2554 1744 ab
2577 1691 2681 1744 illis
2707 1692 2976 1759 omnibus,
3001 1694 3089 1763 qui
3120 1695 3170 1748 in
3198 1689 3367 1752 veteri
3395 1699 3528 1754 Tes-

1927 1788 2162 1833 tamento
2188 1781 2452 1834 vixerunt.
2476 1770 2764 1836 Nisi'enim
2787 1784 3116 1840 abundaverit
3134 1789 3338 1858 justitia
3363 1802 3526 1845 vestra

1925 1868 2040 1937 plus
2052 1885 2202 1938 quam
2217 1871 2497 1923 scribarum
2513 1882 2558 1924 et
2570 1871 2977 1937 Pharisaorum,
2998 1893 3099 1930 non
3121 1879 3370 1933 intrabitis
3386 1883 3437 1934 in
3457 1898 3530 1935 rc-

1923 1977 2078 2028 gnum
2089 1962 2328 2014 cwlorum
2347 1962 2556 2030 (Matth.
2578 1964 2630 2017 5.
2649 1963 2763 2033 20).
2781 1964 2861 2017 Ad
2883 1966 3160 2022 meliorem
3177 1983 3306 2039 ergo
3323 1970 3526 2040 frugem

1924 2049 2144 2103 omnino
2169 2051 2392 2117 reversi,
2421 2050 2611 2120 hisque
2634 2053 2893 2118 collectis,
2927 2070 2990 2109 ac
3018 2057 3177 2111 simul
3206 2059 3289 2124 iis,
3319 2076 3436 2128 qua:
3460 2063 3529 2117 de

1926 2140 2319 2194 resurrectione
2334 2155 2543 2195 necnon
2562 2141 2627 2195 de
2643 2144 2843 2198 sanctis
2861 2144 2965 2199 illis
2981 2145 3108 2200 viris
3127 2147 3360 2202 diximus
3378 2191 3392 2216 ,
3416 2150 3530 2206 haec

1924 2230 2138 2284 assidue
2161 2231 2211 2283 in
2234 2231 2424 2285 animis
2445 2232 2926 2298 concinamus,non
2949 2235 3109 2290 modo
3131 2237 3182 2291 in
3202 2238 3379 2293 luctus
3398 2249 3531 2294 tem-

1924 2323 2172 2392 pore,sed
2185 2325 2343 2376 etiam
2359 2325 2571 2393 quando
2584 2326 2730 2378 vacui
2747 2325 2932 2382 dolore
2949 2344 3150 2383 sumus.
3166 2330 3290 2385 Ideo
3302 2347 3531 2403 namque

1924 2429 2042 2483 ego,
2059 2423 2114 2470 et
2128 2415 2173 2470 si
2188 2415 2364 2469 nullus
2381 2416 2433 2469 in
2453 2431 2685 2471 mmrore
2697 2417 2785 2483 sit,
2806 2417 2904 2473 hos
2915 2419 3024 2488 jam
3041 2436 3318 2478 sermones
3333 2423 3452 2489 feci,
3472 2435 3532 2479 ut

1924 2521 2045 2560 cum
2066 2507 2117 2560 in
2131 2506 2360 2561 similem
2383 2506 2737 2562 calamitatem
2759 2509 3128 2580 inciderimus,
3142 2514 3408 2570 dictorum
3428 2533 3532 2571 mc-

1889 2659 1893 2663 ,
1925 2614 2122 2664 mores,
2140 2601 2300 2668 multa
2319 2599 2560 2655 fruamur
2571 2602 2958 2658 consolatione.
2979 2605 3168 2661 Milites
3182 2609 3323 2662 enim
3337 2609 3388 2662 in
3404 2625 3532 2680 paco

1927 2707 2014 2746 res
2037 2693 2257 2746 bellicas
2283 2691 2627 2758 meditantur,
2662 2701 2719 2747 ut
2750 2693 2982 2750 instante
3010 2712 3183 2766 pugna
3213 2706 3267 2752 et
3293 2708 3534 2769 tempore

1928 2782 2171 2850 peritiam
2192 2781 2514 2850 postulante,
2536 2791 2836 2852 Opportune
2854 2793 3021 2840 artem
3044 2787 3352 2855 exhibeant,
3371 2805 3530 2859 quam

1927 2873 1980 2926 in
2009 2888 2140 2942 pace
2168 2873 2470 2927 coluerunt.
2515 2874 2583 2927 Et
2625 2889 2724 2928 nos
2750 2875 2914 2945 igitur
2936 2892 3084 2940 arma
3116 2887 3170 2932 et
3209 2881 3448 2933 remedia
3479 2881 3533 2935 in

1927 2963 2073 3031 pacis
2107 2971 2348 3031 tempore
2375 2962 2528 3018 nobis
2556 2979 2826 3032 paremus,
2857 2975 2913 3019 ut
2941 2968 2983 3020 si
3011 2967 3225 3036 quando
3253 2969 3532 3023 irrationa-

1927 3052 2111 3105 bilium
2133 3052 2440 3118 affectuum,
2463 3054 2641 3108 acerbi
2665 3055 2854 3120 luctus,
2879 3066 2974 3110 aut
2994 3058 3214 3125 doloris,
3237 3060 3534 3129 autcujus-

1926 3145 2066 3213 piam
2090 3144 2298 3199 adversi
2321 3145 2519 3200 bellum
2543 3148 2820 3217 ingruerit,
2848 3149 3071 3219 pulchre
3091 3153 3281 3205 armati
3303 3161 3358 3206 et
3379 3152 3534 3206 undi-

1925 3245 2030 3306 que
2057 3235 2244 3288 muniti
2270 3276 2284 3300 ,
2315 3236 2531 3306 maligni
2563 3239 2818 3306 impetum
2845 3239 3008 3292 multa
3035 3254 3158 3293 cum
3191 3242 3377 3310 peritia
3410 3258 3535 3312 pro-

1927 3329 2233 3396 pulsemus;
2271 3337 2430 3396 atque
2452 3329 2618 3397 rectis
2657 3329 3105 3398 cogitationibus,
3143 3331 3236 3384 Dei
3267 3332 3530 3403 eloquiis,

1926 3420 2328 3490 proborumque
2357 3419 2592 3472 virorum
2624 3421 2887 3490 exemplis
2911 3463 2925 3486 ,
2955 3422 3268 3477 omnimode
3298 3424 3533 3494 undique

1927 3528 2027 3567 nos
2076 3514 2399 3568 muniamus.
2448 3511 2539 3566 Sic
2583 3512 2726 3564 enim
2768 3496 3064 3579 poterimus
3113 3522 3167 3566 et
3214 3524 3533 3582 praesentem

1926 3605 2090 3658 vitam
2117 3617 2239 3657 cum
2277 3603 2418 3659 bono
2456 3604 2638 3659 animo
2683 3603 3008 3672 transigere,
3037 3611 3092 3658 et
3119 3618 3340 3672 regnum
3367 3605 3534 3660 caelo-

1927 3712 2046 3751 rum
2071 3696 2327 3765 consequi
2353 3738 2367 3763 ,
2396 3696 2449 3750 in
2471 3695 2687 3751 Christo
2716 3693 2843 3751 Iesu
2871 3733 2886 3758 ,
2916 3692 3000 3748 cui
3053 3693 3219 3762 gloria
3265 3702 3320 3748 et
3365 3693 3536 3763 impe-

1927 3787 2067 3842 rium
2085 3801 2207 3841 cum
2229 3786 2386 3843 Patre
2407 3796 2460 3844 et
2479 3796 2664 3844 sancto
2680 3787 2882 3859 Spiritu
2901 3783 2956 3843 in
2976 3783 3172 3844 stecula
3190 3785 3533 3842 saeculorum.

1927 3879 2122 3934 Amen.
3205 3881 3211 3886 '
