4122 6334
740 339 875 394 1οἓ7

1402 341 1463 397 S.
1497 339 1774 397 JOANNlS
1809 340 2293 403 CllRYSOSTOMl
2328 339 2644 396 ARCHIEP.
2680 336 3217 396 CON’OTANTINOP.

3835 330 3962 387 ιοξε

2456 473 3955 492 ____—__—_—_——_—-—__—

1143 550 1252 608 AD
1282 548 1697 610 HOMlLlAM
1731 550 1813 610 IN
1845 528 2135 611 ΤΕΒΡιᾹέ
2168 553 2483 624 MOTUM,
2524 554 2625 612 ET
2652 554 2994 613 DlVITEM
3028 554 3129 613 ET
3169 553 3575 612 LAZARUM.

798 646 952 720 [772]
976 646 1125 702 llanc
1172 650 1487 702 concionem
1524 650 1773 720 antehae
1807 651 2076 720 mutilam,
2109 651 2289 720 ingen-

728 718 877 783 tique
908 718 1144 785 quatuor
1184 721 1499 785 paginarum
1523 719 1672 771 hiatu
1708 719 2109 784 labefactatam,
2147 718 2291 775 n'unc

727 787 1014 854 integrann,
1080 796 1133 840 et
1180 788 1523 857 adiduorum
1582 789 2079 857 manuscriptorum
2131 792 2288 843 fidem

728 859 983 927 sarcitam
1008 857 1225 927 damus.
1265 856 1395 927 Eam
1430 872 1558 911 vero
1589 872 1697 910 non
1737 856 2132 927 consequenter
2170 869 2294 927 post

728 926 885 989 alias,
930 924 1023 999 sed
1042 926 1384 999 aliquantulo
1415 927 1736 989 interposito
1779 924 2021 999 tempore
2052 924 2295 999 Clit-vso-

728 1002 941 1053 stomus
969 994 1195 1060 habuit;
1223 994 1297 1049 ita
1329 1004 1507 1053 tamen
1543 1005 1602 1048 ut
1629 1010 1817 1050 recens
1856 994 2034 1052 adhuc
2082 994 2294 1052 memo-

729 1064 809 1116 ria
847 1078 1031 1117 eorum
1060 1103 1075 1125 ,
1123 1079 1241 1131 quae
1288 1066 1353 1118 de
1415 1064 1619 1117 Lazaro
1674 1073 1727 1118 et
1758 1066 1826 1120 de
1865 1068 2029 1119 divite
2075 1083 2181 1121 non
2222 1068 2294 1121 ita

731 1132 941 1206 pridem
961 1134 1117 1206 Adicta
1153 1133 1391 1206 fuerant,
1450 1135 1759 1206 auditorum
1801 1136 2004 1189 animis
2035 1136 2298 1206 haereret,

733 1212 792 1255 ut
820 1201 1144 1255 testificatur
1188 1204 1302 1269 ipse
1352 1218 1501 1256 num.
1535 1203 1588 1256 4.
1622 1203 1920 1258 Occasione
1970 1201 2151 1259 autem
2214 1201 2297 1258 in;

729 1271 901 1337 gentis
933 1281 1089 1325 terra:
1118 1282 1315 1334 motus,
1347 1273 1438 1340 qui
1476 1274 1652 1325 triduo
1686 1274 1873 1327 urbem
1910 1284 2257 1329 suceusserat
2281 1316 2296 1337 ,

734 1341 850 1393 haec
879 1342 1235 1394 coneionatus
1264 1350 1347 1395 est
1372 1342 1811 1410 (Ihrysostomus.
1839 1342 1940 1407 Qui
1968 1344 2037 1396 sit
2061 1360 2188 1396 vero
2213 1346 2299 1397 ille

735 1418 895 1462 terrae.
930 1418 1132 1473 motus,
1169 1421 1220 1463 et
1253 1425 1362 1478 quo
1383 1411 1670 1479 contigerit
1695 1428 1858 1473 anno,
1892 1426 1997 1464 non
2022 1413 2111 1464 ita
2144 1413 2298 1467 facile

733 1487 818 1531 est
848 1480 1127 1547 augurari,
1162 1482 1601 1548 quandoquidem
1641 1481 1954 1546 frequenter
1999 1481 2300 1535 Antiochiae

732 1558 889 1600 terrae
919 1560 1095 1601 motus
1129 1551 1376 1603 aecidere
1404 1550 1667 1603 solebant.
1720 1550 2091 1604 Memorantur
2145 1561 2301 1606 terra:

734 1628 915 1670 motus
945 1619 1243 1671 Antiochia:
1275 1629 1399 1672 ante
1424 1628 1727 1673 statuarum
1768 1621 2126 1680 eversionem,
2158 1636 2301 1673 anno

732 1684 861 1746 587,
879 1696 930 1739 et
950 1687 1287 1755 quidcmjam
1316 1688 1626 1757 frequentes
1647 1690 1929 1749 accidisse,
1946 1688 2172 1743 llomilia
2198 1691 2230 1744 5
2248 1692 2299 1743 in

735 1764 963 1827 statuas,
1000 1772 1151 1809 num.
1172 1758 1224 1819 7,
1250 1759 1359 1810 Καὶ
1405 1758 1513 1827 γὰρ
1537 1758 1773 1826 σεισμῶν
1795 1759 2051 1820 πολλάκις
2073 1761 2306 1811 καταλα-

737 1821 962 1888 ϐόντων,
999 1827 1091 1879 καὶ
1132 1827 1291 1898 λιμοῦ
1333 1821 1425 1879 καῖ
1453 1821 1692 1897 αὖχμοῦ,
1720 1828 1869 1897 τρεῖς
1906 1828 1998 1879 καὶ
2030 1829 2305 1899 τέσσαρας

2390 653 2603 723 ἡμέρας
2626 652 3103 721 σωφρονισθέντες,
3130 652 3223 704 καὶ
3243 650 3640 723 ἐπιεικέστεροι
3663 648 3961 723 γενόμξνοι,

2386 697 2603 776 ’ἓῖειῗὶηἶ
2637 697 2789 775 terra:
2823 697 3277 789 motibustwpius
3311 697 3778 781 accidenti—bus,"
3795 697 3964 781 ⁸τῖισιηιξ

2394 804 2550 861 atque
2581 794 2834 854 siccitate,
2863 792 2931 843 ad
2963 799 3064 843 tres
3098 791 3431 862 ve_l_quatuor
3463 790 3574 841 dies
3627 790 3894 862 moderati
3919 800 3963 862 et

2396 859 2770 915 nimisnetiores
2800 862 2987 928 effecti,
3018 869 3121 915 etc.
3150 860 3273 914 Haec
3297 862 3363 913 de
3393 869 3551 912 terra:
3580 859 3848 921 motibus,
3876 859 3960 923 qui

2397 941 2524 985 ante
2560 931 3047 999 Quadragesimam
3079 932 3206 983 anni
3237 930 3341 983 587
3363 928 3475 996 jam
3514 928 3857 999 frequentes,
3883 942 3964 979 ac-

2397 1002 2660 1056 ciderant.
2692 998 2826 1054 Aliis
2877 1003 3001 1054 item
3038 998 3687 1069 subsequentibusannis
3746 998 3962 1069 crebros

2399 1072 2592 1125 iterum
2643 1071 2904 1124 accidisse
2941 1086 3043 1123 non
3088 1066 3312 1123 dubium
3362 1070 3596 1123 videtur.
3636 1069 3698 1119 In
3731 1066 3961 1135 quadam

2399 1140 2543 1194 enim
2574 1141 2817 1207 homilia,
2858 1156 2887 1193 a
2917 1140 3244 1193 Combeﬁsio
3292 1140 3458 1200 edita,
3515 1139 3581 1191 de
3638 1138 3750 1189 alio
3809 1145 3964 1189 terra:

2404 1220 2575 1268 motu,
2599 1212 2691 1278 qui
2720 1210 2886 1263 biduo
2920 1211 3104 1263 urbem
3132 1232 3133 1235 η
3157 1210 3579 1275 subagitaverat,
3617 1208 3792 1260 multa
3831 1220 3963 1273 prs-

2399 1281 2545 1333 clare
2577 1280 2837 1345 loquitur,
2870 1295 2934 1332 ac
2964 1278 3274 1345 frequentes
3301 1279 3547 1332 accidere
3582 1288 3745 1330 terrae
3790 1284 3965 1345 motus

2400 1349 2605 1417 indicat
2638 1342 2724 1402 bis
2756 1350 2937 1403 verbis
2967 1370 2977 1402 :
3024 1342 3190 1402 Εἶπον
3250 1350 3342 1401 καὶ
3392 1348 3519 1417 χθὲς
3550 1348 3631 1398 ὅτι
3659 1345 3724 1397 οὐ
3762 1342 3966 1417 perge;

2401 1416 2611 1487 καρπὸς
2663 1418 2769 1481 ἀπὸ
2818 1419 2925 1470 τῶν
2982 1420 3250 1488 σεισμῶν,
3304 1413 3578 1488 Diéébam_
3610 1416 3773 1488 etiam
3822 1413 3962 1488 fieri.

2401 1482 2502 1555 non
2556 1503 2776 1553 parvum
2833 1488 3065 1555 fructum
3103 1482 3183 1541 et
3220 1498 3373 1541 terra:
3431 1485 3681 1555 motibus,
3716 1482 3963 1555 derivari.

2402 1551 2732 1609 Memoratur
2786 1551 2963 1609 autem
3025 1558 3078 1610 in
3126 1558 3400 1610 Chronico
3450 1553 3752 1607 Marcellini
3814 1561 3965 1603 terra:

2408 1626 2817 1697 motus_ingens
2845 1626 2909 1679 ad
2944 1641 3144 1697 annum
3174 1626 3297 1685 594.
3334 1625 3427 1697 sed
3464 1624 3561 1697 qui
3584 1624 3793 1697 aliquot
3850 1629 3966 1697 tau-

2407 1705 2519 1747 tum
2574 1690 2802 1761 Europa:
2854 1696 3100 1763 regiones
3139 1694 3430 1748 concussit.
3480 1690 3635 1745 Alius
3684 1690 3965 1763 «aedemin

2404 1763 2674 1816 Chronico
2704 1755 2996 1817 annotatvur
3026 1774 3182 1816 terrae
3242 1773 3420 1815 motus
3474 1763 3539 1815 ad
3579 1774 3784 1813 annum
3845 1755 3963 1817 596,

2406 1833 2497 1900 qui
2538 1842 2711 1885 totum
2750 1834 2934 1886 orbem
2990 1832 3353 1886 commovisse
3409 1834 3599 1884 fertur.
3637 1829 3799 1881 lluuc
3843 1841 3966 1878 vero

736 2016 3978 2045 Mm

846 2118 911 2159 ιτ(
956 2113 1182 2158 manus
1228 2111 1478 2165 MOTUM,
1514 2110 1593 2151 ET
1634 2109 1700 2150 IN
1744 2106 2016 2151 DIVITEM
2046 2107 2126 2148 ET
2162 2107 2480 2163 LAZARUM,
2513 2108 2720 2160 ATQUE
2766 2110 2935 2152 UNDE
2979 2110 3278 2155 senvn‘us
3323 2111 3491 2153 eam
3537 2112 3678 2156 SITA
3726 2094 3845 2174 (α).

2307 2249 2389 2261 σει-ι

782 2374 830 2424 l.
872 2370 973 2424 Cur
1002 2378 1147 2422 terra:
1175 2376 1340 2420 motus
1369 2364 1476 2433 ﬁeri
1516 2362 1767 2432 permittat
1797 2359 1955 2414 Deus.
1982 2387 2050 2399 --
2075 2356 2296 2411 Vidistis

712 2467 799 2518 Dei
830 2460 1137 2533 potentiam,
1166 2460 1368 2513 vidistis
1404 2458 1493 2511 Dei
1524 2454 1938 2524 benignitatem?
1970 2452 2256 2521 potentiam
2280 2491 2295 2515 ,

708 2556 849 2625 quod
890 2556 1071 2609 orbem
1105 2563 1259 2607 terra:
1302 2550 1667 2610 concusserit;
1709 2544 2086 2614 benignitatem
2110 2585 2123 2609 ,
2158 2540 2298 2610 quod

707 2644 1127 2703 eum.cadentem
1151 2640 1475 2695 firmaverit:
1502 2640 1608 2691 imo
1634 2651 1760 2690 vero
1782 2637 1832 2689 in
1862 2645 2085 2703 utroque
2108 2646 2298 2702 poten-

709 2732 838 2787 tiam
873 2744 925 2787 et
954 2732 1349 2802 benignitatem.
1397 2728 1528 2783 Nam
1573 2738 1627 2781 et
1666 2726 2021 2780 commovisse
2052 2722 2300 2792 potenticc

709 2824 841 2888 fuit,
880 2833 933 2878 et
963 2823 1328 2890 composuisse
1358 2818 1732 2887 benignitatis;
1765 2815 1901 2885 quod
1934 2826 2124 2867 terram
2156 2828 2300 2867 com-

709 2918 933 2970 moverit
972 2926 1024 2969 ct
1055 2915 1342 2967 firmaverit
1368 2912 1550 2965 orbem
1581 2919 1736 2963 terra!
1759 2950 1773 2974 ,
1806 2907 1946 2977 quod
1981 2920 2299 2960 concussum

712 3009 1004 3079 ctjamjam
1052 3008 1307 3061 ruiturum
1350 3003 1604 3058 erexerit.
1640 3003 1704 3054 At
1748 3001 1888 3053 enim
1935 3006 2090 3051 terra:
2128 3005 2302 3049 motus

712 3100 923 3167 quidem
957 3098 1250 3168 praeteriit,
1284 3105 1455 3147 metus
1481 3101 1656 3146 autem
1692 3100 1902 3145 maneat
1934 3106 1947 3141 :
1980 3088 2185 3141 transiit
2215 3086 2301 3139 illa

708 3179 1027 3257 tempestas,
1062 3186 1154 3241 sed
1202 3188 1359 3239 timor
1400 3200 1503 3237 non
1553 3192 1786 3236 transeat
1829 3199 1842 3235 :
1893 3179 2302 3248 supplicationes

708 3280 877 3347 spatio
913 3280 1069 3331 trium
1111 3276 1318 3330 dierum
1366 3274 1593 3327 obiimus
1618 3314 1632 3337 ,
1665 3282 2029 3325 verumtamen
2069 3268 2301 3323 studium

682 3375 813 3423 ‘non
845 3369 1235 3437 restinguamus
1268 3383 1280 3418 :
1310 3366 1378 3420 ob
1408 3365 1508 3418 hoc
1536 3363 1674 3417 enim
1707 3372 1862 3416 terra:
1892 3371 2065 3415 motus
2090 3360 2300 3424 accidit,

711 3463 780 3514 ob
819 3471 1050 3515 nostram
1094 3460 1388 3519 socordiam
1431 3476 1444 3512 :
1487 3456 1738 3509 socordes
1781 3455 1976 3508 fuimus
2001 3495 2014 3517 ,
2057 3460 2109 3506 et
2150 3460 2303 3505 terrm

710 3564 912 3607 motum
952 3552 1371 3613 accersivimus;
1414 3549 1647 3602 studium
1693 3563 1753 3601 ac
1782 3546 2105 3616 diligentiam
2148 3543 2303 3597 adhi-

712 3644 942 3709 buimus,
961 3652 1013 3698 et
1036 3645 1165 3695 iram
1192 3642 1517 3710 repulimus;
1544 3655 1610 3693 ne
1633 3639 1885 3693 socordes
1909 3638 2097 3691 iterum
2116 3638 2302 3699 simus,

712 3744 768 3789 ιιι
798 3736 929 3788 iram
956 3750 1017 3788 ac
1056 3734 1374 3802 supplicium
1420 3734 1607 3785 iterum
1647 3746 1751 3797 non
1798 3744 2157 3785 accersamus.
2188 3729 2305 3781 Non

714 3826 855 3878 enim
885 3835 1110 3877 mortem
1139 3823 1433 3892 peccatoris
1457 3823 1564 3875 vult
1588 3823 1749 3885 Deus,
1771 3822 1905 3874 sicut
1926 3837 2044 3875 cum
2068 3820 2304 3874 converti

712 3931 775 3969 ac
801 3916 976 3968 vivere
1006 3914 1223 3981 (Exerit.
1257 3916 1343 3968 55.
1380 3915 1433 3967 ll
1457 3918 1494 3983 ).
1528 3912 1743 3965 Vidistis
1771 3927 1928 3981 quam
1958 3911 2140 3981 fragile
2164 3911 2233 3963 sit
2254 3916 2308 3964 ct

714 4005 973 4059 caducum
998 4020 1165 4073 genus
1203 4004 1527 4056 humanum?
1569 4004 1699 4056 Cum
1731 4004 1878 4056 fieret
1909 4011 2061 4055 terrm
2091 4010 2263 4055 motus
2287 4040 2304 4065 ,

717 4098 792 4149 sic
836 4111 933 4164 ego
972 4098 1110 4164 apud
1155 4111 1240 4149 nte
1284 4096 1577 4164 cogitabam
1612 4113 1624 4147 :
1660 4096 1744 4149 ubi
1786 4111 1926 4148 nunc
1960 4095 2192 4163 rapinzc?
2218 4095 2307 4149 ubi

646 4200 647 4203 ‘
719 4186 1119 4261 fraudationes?
1166 4186 1251 4239 ubi
1299 4186 1518 4254 imperia
1566 4186 1803 4253 injusta?
1847 4187 1933 4238 ubi
1977 4185 2176 4239 fastus?
2218 4184 2307 4238 ubi

719 4277 1081 4345 principatus?
1108 4277 1191 4329 ubi
1214 4277 1621 4345 oppressiones?
1653 4276 1740 4329 ubi
1770 4276 2085 4344 spoliatores
2114 4290 2307 4343 egeno—

717 4368 875 4422 rum?
926 4368 1011 4421 ubi
1052 4368 1271 4420 divitum
1313 4368 1539 4437 superba
1594 4366 1841 4421 fastidia?
1880 4368 1967 4421 ubi
2010 4368 2305 4436 principum

718 4458 978 4529 imperia?
1003 4459 1088 4511 ubi
1116 4458 1309 4511 mina}?
1333 4459 1417 4512 ubi
1443 4458 1696 4512 timores?
1722 4458 1895 4512 Unum
1920 4461 2173 4528 temporis
2189 4474 2306 4513 mo-

724 4559 961 4604 mentum
987 4550 1189 4604 facilius
1206 4566 1363 4620 quam
1382 4566 1691 4604 aranearum
1720 4552 1848 4604 telas
1876 4550 2049 4605 omnia
2072 4552 2303 4619 diripuit,

690 4643 894 4695 omnia
940 4642 1203 4695 destruxit
1247 4658 1259 4694 :
1305 4651 1359 4697 et
1405 4642 1717 4695 audiebatur
1762 4639 1991 4696 civitatis
2040 4643 2303 4711 ejulatus,

716 4746 1006 4801 omnesque
1037 4732 1101 4785 ad
1132 4732 1423 4787 Ecclesiam
1454 4734 1754 4787 currebant.
1794 4733 2032 4802 Cogitate
2054 4777 2067 4797 ,
2094 4733 2138 4787 si
2171 4752 2305 4788 cun—

715 4830 797 4875 cta
830 4823 1172 4890 pessumdare
1218 4823 1327 4877 Deo
1363 4824 1532 4877 visum
1577 4836 1760 4888 esset,
1803 4824 1930 4893 quid
1971 4824 2300 4880 fecissemus.

718 4914 842 4967 llaec
869 4924 1042 4967 autem
1067 4914 1206 4978 dico,
1235 4924 1291 4967 ut
1318 4930 1522 4977 eorum,
1548 4931 1664 4981 qua:
1691 4915 2020 4979 acciderunt,
2049 4927 2308 4985 perpetuo

714 5004 889 5071 vigeat
928 5010 978 5056 in
1011 5004 1159 5059 vobis
1205 5016 1413 5067 metus,
1453 5006 1799 5073 omniumque
1841 5017 2071 5062 mentem
2118 5024 2304 5062 corro-

717 5095 888 5147 boret.
917 5091 1215 5158 Concussit,
1246 5105 1299 5148 at
1328 5110 1432 5149 non
1462 5097 1762 5164 prostravit.
1806 5098 1860 5152 Si
1896 5100 2039 5152 enim
2069 5110 2304 5168 proster-

719 5202 845 5239 nere
884 5186 1178 5251 voluisset,
1213 5189 1430 5241 minime
1472 5188 1711 5258 profecto
1750 5193 2105 5245 concussisset
2148 5206 2161 5243 :
2211 5191 2305 5245 sed

718 5284 965 5349 quoniam
999 5284 1047 5337 id
1092 5284 1336 5349 nolebat,
1366 5284 1638 5352 praecessit
1669 5295 1915 5355 tanquam
1948 5301 2123 5355 przeco
2152 5295 2305 5341 terrae

722 5382 915 5438 motus,
950 5374 1081 5427 iram
1117 5374 1207 5429 Dei
1237 5374 1484 5429 omnibus
1511 5384 1632 5430 ante
1660 5375 1996 5442 denuntians,
2032 5387 2089 5431 ut
2116 5378 2307 5432 timore

720 5463 970 5518 meliores
992 5464 1203 5531 effecti,
1228 5466 1542 5536 supplicium
1572 5467 1743 5536 reipsa
1774 5466 2102 5522 inferendum
2134 5472 2303 5539 repel-

782 5617 854 5679 (a)
872 5617 1059 5684 foliata
1084 5630 1200 5684 cum
1216 5618 1327 5684 Cod.
1370 5619 1593 5667 Vaticano
1619 5618 1731 5684 574,
1772 5626 1821 5668 et
1844 5620 2160 5684 Ottolxmiano
2180 5636 2303 5684 quo-

718 5677 825 5747 dam
836 5677 1021 5747 aliquot
1045 5681 1091 5727 in
1114 5680 1248 5747 locis,
1274 5683 1619 5747 itemqueeum
1641 5681 1749 5728 Cod.
1782 5687 1896 5745 tteg.
1921 5682 2063 5745 2545,
2088 5684 2147 5733 ad
2166 5677 2306 5747 cujus

718 5738 859 5789 ﬁdem
886 5738 985 5791 biec
1006 5742 1195 5791 humilia
1218 5738 1423 5806 primum
1445 5740 1572 5790 edita
1598 5740 1771 5792 fuerat.

2408 2358 2607 2427 lamus;
2629 2360 2698 2413 ita
2726 2376 2937 2430 quoque
2962 2378 3081 2417 cum
3111 2363 3351 2417 barbaris
3374 2364 3480 2431 egit
3506 2381 3519 2417 :
3546 2364 3724 2417 Adhuc
3754 2374 3856 2418 (res
3872 2368 3981 2429 dies,

2406 2460 2451 2502 et
2475 2445 2983 2508 Ninivcsubeertetur
3025 2453 3172 2522 (Jan.
3211 2459 3261 2510 5.
3289 2458 3371 2524 4).
3399 2457 3575 2523 Quare
3597 2472 3723 2511 vero
3745 2475 3852 2512 non
3873 2459 3981 2513 sub-

2409 2541 2612 2593 vertis?
2634 2543 2849 2596 Minaris
2875 2554 2922 2597 te
2943 2545 3349 2610 subversurum;
3378 2552 3505 2615 quin
3526 2548 3681 2616 igitur
3695 2548 3981 2603 subvenis?

2406 2628 2535 2695 Quia
2566 2632 2688 2685 nolo
2718 2633 3027 2688 subvertere
3051 2677 3063 2698 ,
3096 2636 3292 2690 idcirco
3323 2638 3517 2690 minor.
3548 2637 3654 2690 Cur
3680 2654 3808 2707 ergo
3834 2638 3981 2691 dicis?

2405 2720 2481 2776 Ne
2511 2722 2699 2777 faciam
2731 2741 2793 2780 ea
2814 2769 2829 2793 ,
2859 2744 2977 2796 quae
3006 2728 3124 2782 dico
3169 2745 3180 2779 :
3231 2729 3494 2797 praecedat
3537 2745 3749 2792 sermo,
3787 2741 3843 2784 et
3870 2744 3981 2798 opus

2409 2812 2753 2882 impediatur:
2776 2818 2955 2871 Adhuc
2978 2830 3074 2872 tres
3095 2820 3221 2884 dies,
3240 2831 3284 2873 et
3310 2821 3490 2874 Ninive
3520 2824 3849 2875 subvertetur.
3868 2823 3979 2875 Tum

2408 2908 2659 2975 temporis
2682 2907 2887 2962 diccbat
2911 2911 3163 2978 preplteta
3190 2928 3201 2961 :
3231 2910 3384 2965 hodie
3408 2912 3541 2965 muri
3558 2927 3743 2967 vocem
3763 2913 3975 2966 mittunt.

2407 2997 2531 3051 Hzec
2558 3014 2684 3052 vero
2710 3000 2827 3054 dico
2848 3044 2860 3063 ,
2889 3017 3060 3070 neque
3090 2999 3269 3056 dicere
3309 3002 3560 3056 desistam
3582 3045 3597 3069 ,
3625 3020 3747 3058 cum
3775 3005 3841 3059 ad
3870 3021 3979 3073 pau-

2408 3104 2561 3156 peres
2589 3098 2699 3143 tum
2726 3091 2792 3143 ad
2833 3092 3019 3145 divites
3052 3109 3064 3144 :
3096 3094 3321 3162 cogitate
3361 3106 3556 3162 quanta
3590 3095 3681 3147 Dei
3710 3097 3777 3149 sit
3804 3096 3877 3148 ira
3897 3136 3911 3159 ,
3938 3104 3979 3147 et

2408 3194 2511 3247 quo
2538 3188 2691 3247 pacto
2724 3181 2892 3235 facilia
2921 3184 3026 3236 sint
3058 3184 3129 3236 illi
3161 3194 3348 3237 cuncta
3373 3193 3428 3238 et
3454 3186 3732 3252 proclivia,
3761 3185 3979 3239 tandem-

2408 3285 2511 3338 que
2544 3271 2611 3323 ab
2652 3272 2990 3339 improbitate
3028 3272 3349 3327 desistamus
3398 3292 3409 3327 :
3459 3275 3706 3344 perbrevi
3748 3276 3977 3344 temporis

2409 3372 2680 3416 momento
2699 3375 2928 3418 mentem
2949 3366 2962 3395 ³
2978 3365 3318 3435 animumque
3330 3366 3744 3437 uniuscujusque
3761 3375 3977 3421 nostrum

2409 3454 2638 3525 infregit,
2674 3465 2724 3510 et
2754 3458 2927 3511 cordis
2959 3456 3299 3511 fundamenta
3327 3458 3616 3511 concussit.

2482 3545 2608 3600 Dies
2646 3548 2830 3617 judicii
2870 3564 3019 3616 quam
3064 3548 3366 3601 tremendus.
3391 3577 3458 3586 —
3497 3547 3738 3616 Cogitate
3782 3548 3865 3601 die
3904 3546 3974 3600 illo

2411 3641 2707 3704 tremendo,
2741 3656 2859 3694 cum
2897 3655 2999 3693 non
3040 3655 3202 3693 unum
3236 3639 3489 3706 temporis
3520 3650 3845 3694 momentum
3869 3640 3971 3699 erit,

2411 3729 2505 3783 sed
2547 3731 2744 3783 infinita
2784 3730 2995 3794 smcula,
3033 3739 3086 3783 et
3128 3729 3261 3797 ignis
3300 3729 3466 3791 ﬂuvii,
3498 3744 3560 3782 ac
3602 3731 3838 3783 minaces
3879 3728 3969 3787 ira,

2412 3830 2569 3886 atque
2599 3819 2663 3872 ad
2692 3819 2947 3886 judicium
2978 3820 3348 3887 pertrahenlcs
3377 3821 3593 3873 virtutes
3617 3863 3629 3885 ,
3664 3818 3969 3873 tremendum

2414 3909 2662 3971 tribunal,
2686 3900 2942 3976 judicium
2972 3910 3357 3976 incorruptum,
3388 3919 3442 3963 et
3476 3925 3594 3977 qua:
3633 3912 3796 3978 geSsit
3831 3921 3967 3962 unus-

2413 4002 2633 4070 quisque
2676 4001 3028 4055 versabuntur
3068 4001 3137 4055 ob
3184 4001 3387 4064 oculos,
3436 4016 3536 4055 nec
3581 4002 3719 4054 ullus
3764 4002 3859 4055 erit
3898 3998 3969 4066 qui

2414 4101 2716 4157 succurrat,
2752 4108 2856 4145 non
2886 4094 3106 4156 vicinus,
3138 4108 3241 4145 non
3273 4102 3483 4157 orator,
3517 4108 3620 4146 non
3650 4093 3965 4162 propinquus,

2416 4200 2520 4236 non
2561 4183 2741 4246 frater,
2786 4198 2889 4237 non
2930 4194 3103 4252 pater,
3138 4201 3242 4237 non
3284 4194 3470 4247 mater,
3513 4199 3618 4238 non
3664 4181 3967 4251 peregrinus,

2413 4292 2516 4330 non
2540 4277 2672 4331 alius
2694 4278 2848 4343 ullus,
2874 4276 2996 4345 quid
3026 4286 3133 4329 tum
3163 4291 3342 4345 quaaso
3370 4276 3662 4329 faciemus?
3692 4277 3877 4329 Melum
3904 4274 3965 4325 in-

2414 4366 2547 4431 fero,
2580 4378 2634 4419 ttt
2664 4367 2886 4419 salutem
2916 4368 3183 4435 perficiam
3216 4386 3229 4421 :
3259 4368 3550 4421 doctrinam
3583 4366 3725 4421 ferro
3749 4375 3964 4436 penetra-

2413 4458 2654 4511 biliorem
2704 4457 2989 4512 fabriCatus
3037 4474 3189 4523 sum,
3242 4469 3297 4511 ut
3346 4469 3581 4512 vestrum
3626 4460 3861 4527 quisque,
3897 4453 3964 4508 eui

2412 4548 2570 4603 fuerit
2601 4549 2767 4613 ulcus,
2798 4548 2924 4601 illud
2951 4548 3184 4616 abjiciat.
3217 4548 3403 4602 Nonne
3433 4563 3644 4617 semper
3673 4548 3898 4603 dicebam
3924 4552 3965 4596 et

2412 4655 2551 4693 nunc
2578 4639 2715 4699 dico,
2741 4648 2793 4693 et
2818 4640 2996 4694 dicere
3023 4655 3125 4692 non
3154 4640 3404 4693 desistam
3436 4658 3447 4691 :
3481 4653 3755 4710 quousque
3780 4638 3961 4692 tandem

2412 4733 2570 4785 rebus
2598 4733 2777 4785 smeuli
2808 4731 2962 4800 hujus
2990 4732 3133 4785 affixi
3164 4732 3332 4786 estis?
3356 4732 3435 4786 Ad
3466 4748 3651 4787 omnes
3676 4733 3877 4802 quidem
3902 4737 3964 4782 est

2411 4823 2540 4877 mihi
2567 4838 2765 4886 sermo,
2786 4823 2878 4877 sed
2901 4823 2965 4877 ad
2988 4838 3079 4878 eos
3102 4825 3385 4893 praecipue,
3406 4824 3493 4893 qui
3518 4824 3704 4879 morbo
3732 4824 3958 4879 laborant,

2412 4930 2509 4969 nec
2530 4917 2595 4969 ad
2623 4932 2683 4970 ea
2709 4933 2825 4985 qua:
2842 4916 3107 4983 dicuntur,
3139 4917 3433 4970 attendunt.
3468 4917 3578 4971 lmo
3602 4932 3727 4973 vero
3759 4914 3961 4987 perutilis

2412 5017 2494 5062 est
2524 5008 2731 5076 utrique
2761 5024 2936 5062 sermo
2969 5027 2981 5060 :
3014 5009 3085 5061 illi
3113 5009 3324 5077 quidem
3355 5008 3443 5077 qui
3473 5008 3659 5061 morbo
3686 5008 3893 5068 laborat,
3919 5012 3958 5054 ut

2410 5099 2689 5154 sanitatem
2718 5111 2997 5170 recuperct
3030 5119 3042 5153 :
3074 5102 3121 5155 ei
3153 5115 3277 5154 vero
3303 5102 3390 5170 qui
3419 5115 3581 5155 sanus
3601 5110 3698 5164 est,
3720 5117 3789 5155 ne
3807 5097 3957 5157 morbo

2413 5192 2633 5247 laboret.
2651 5194 2933 5263 Quousque
2952 5194 3161 5247 tandem
3183 5194 3453 5261 pecuniaz?
3474 5208 3745 5263 quousque
3764 5186 3956 5247 divitiae?

2411 5301 2685 5355 quousque
2698 5286 3042 5340 aedificiorum
3060 5286 3477 5354 magnificentia?
3495 5299 3771 5354 quousque
3786 5279 3955 5337 rabidus

2412 5392 2595 5433 eorum
2622 5377 2786 5442 furor,
2816 5378 2903 5447 qui
2932 5379 3085 5432 bruto
3102 5380 3424 5445 voluptatum
3455 5379 3626 5431 amori
3652 5377 3811 5431 dediti
3837 5370 3954 5428 sunt?

2413 5471 2549 5525 Ecce
2574 5472 2718 5524 venit
2747 5480 2899 5526 terrze
2931 5480 3132 5524 motus:
3153 5471 3276 5539 quid
3303 5469 3614 5539 profuerunt
3636 5469 3798 5539 opes?
3820 5465 3952 5519 Labor

2476 5625 2697 5693 *_Vatic.,
2720 5636 2820 5693 cor.
2855 5624 2998 5674 Paulo
3035 5632 3149 5693 post
3187 5631 3346 5681 idem,
3386 5630 3433 5674 et
3458 5624 3791 5693 Δριιιιξιατηρηηι
3828 5625 3951 5693 texti;

2412 5686 2556 5749 Paulo
2579 5675 2695 5746 Ροδί
2718 5688 2883 5743 "alia,
2911 5675 3057 5747 Qttod'
3080 5700 3171 5736 non
3209 5675 3409 5749 parvum
3436 5675 3717 5747 diurnum,
3760 5685 3834 5736 sed
3850 5675 3951 5739 ﬂaui

2414 5748 2532 5809 ignis
2559 5749 2859 5810 crepitentes.
3308 5774 3311 5775 ν
