4122 6334
310 395 445 456 102⁸)
1233 458 1237 465 .

307 523 653 581 atrorumque
677 507 916 563 sublatus
940 510 1057 573 est;
1086 500 1241 576 periit
1266 519 1367 559 una
1401 519 1521 559 cum
1554 505 1890 575 possessione

302 618 603 675 possessor,
651 601 977 655 domicilium
1010 613 1153 652 tcum
1205 613 1271 653 eo
1320 598 1408 668 qui
1457 607 1827 652 construxerat
1878 615 1892 650 :

291 692 539 750 omnium
572 706 857 747 commune
881 689 1182 759 sepulcrum
1205 688 1339 743 facta
1367 696 1444 742 est
1473 688 1681 751 civitas,
1712 687 1895 756 sepul-

284 799 453 839 crum
476 799 542 855 ex
567 790 806 851 tempore
827 789 1220 846 structum,nou
1250 779 1317 832 ab
1342 778 1602 832 artificum
1624 777 1890 843 manibus,

296 903 306 910 -
326 875 394 930 ed
407 890 436 928 a
449 874 750 939 calamitate
768 872 1100 927 fabricatum.
1118 871 1213 926 Ubi
1228 870 1443 935 divitiae,
1460 869 1547 923 ubi
1573 885 1626 924 ra
1634 872 1791 939 pinte,
1804 871 1893 931 ubi

318 958 702 1019 raudationes?
732 964 934 1018 Videtis
955 949 987 1030 ,’
1010 973 1068 1018 ut
1093 964 1269 1018 omnia
1296 965 1401 1017 sint
1436 964 1642 1017 araneis
1668 963 1895 1027 viliora?

316 1106 321 1111 .
371 1055 426 1109 2.
457 1057 528 1109 At
552 1055 694 1109 enim
724 1054 855 1109 mihi
880 1055 1047 1121 dices,
1074 1054 1200 1125 quid
1225 1053 1452 1108 dicendo
1484 1053 1734 1122 prolieis?
1761 1054 1893 1109 Pro-

304 1146 446 1211 lieio,
478 1146 521 1200 si
561 1144 681 1215 quis
722 1160 809 1199 me
850 1144 1069 1198 audiat:
1100 1159 1199 1215 ego
1244 1144 1385 1214 quod
1431 1144 1665 1198 ofﬁcium
1711 1158 1891 1199 meum
1934 1215 1941 1228 .

298 1248 409 1303 e51,
440 1237 490 1291 id
519 1245 713 1307 prcesto
747 1255 760 1289 :
789 1236 1081 1291 seminator
1108 1235 1353 1290 seminat.
1386 1234 1531 1289 Exiit
1555 1236 1645 1306 qui
1667 1236 1896 1291 seminat

297 1330 369 1385 nd
400 1330 790 1395 scmiuandum,
820 1340 873 1384 et
901 1328 1143 1399 qumdam
1166 1311 1484 1382 ceciderunt
1522 1342 1679 1381 secus
1714 1328 1849 1382 viam
1875 1367 1891 1393 ,

301 1422 544 1491 qua-dam
567 1437 725 1491 supra
749 1431 972 1490 petram,
992 1420 1233 1490 qua‘dam
1256 1434 1415 1488 supra
1438 1419 1636 1488 Spinas,
1651 1418 1893 1489 qumdam

295 1524 359 1577 in
381 1524 576 1567 terram
597 1515 789 1569 bonam
818 1513 1026 1583 (Matth.
1046 1514 1113 1567 15
1147 1512 1201 1583 3)
1228 1530 1240 1566 :
1272 1524 1378 1567 tres
1406 1522 1581 1581 partes
1600 1512 1892 1581 perierunt,

298 1616 358 1660 et
384 1622 483 1659 una
505 1615 710 1661 servata
734 1617 835 1671 est,
852 1621 950 1660 nec
970 1605 1036 1659 ab
1051 1606 1369 1673 agricultura
1390 1606 1625 1660 destitit:
1648 1605 1741 1659 sed
1763 1621 1897 1675 quo-

297 1696 457 1749 niam
476 1710 578 1750 una
602 1703 920 1750 conservata
947 1704 1030 1749 est
1049 1737 1064 1761 ,
1096 1710 1281 1765 agrum
1311 1694 1488 1749 colere
1517 1710 1621 1747 non
1648 1694 1892 1749 cessavit.

377 1810 498 1864 Non
536 1813 727 1882 frustra
763 1808 967 1874 seritur,
995 1808 1191 1861 etiamsi
1215 1808 1364 1877 pauci
1392 1810 1559 1861 semen
1594 1808 1892 1879 suscipiant.

303 1931 374 1944 -—
399 1903 464 1957 Et
490 1918 617 1956 vero
648 1916 791 1955 nunc
828 1901 881 1954 in
923 1909 1121 1954 tantam
1162 1899 1553 1953 multitudinem
1598 1899 1893 1969 projectum

294 2008 487 2049 senien
518 1991 631 2046 fieri
670 2007 775 2045 non
816 1997 991 2061 potest
1023 1990 1151 2059 quin
1194 1989 1323 2043 mibi
1364 1998 1572 2058 segetes
1613 1988 1891 2059 proferat:

296 2084 514 2141 tametsi
540 2098 729 2138 omnes
756 2097 863 2137 non
893 2080 1149 2147 audiant,
1194 2080 1411 2135 dimidia
1439 2095 1561 2150 pars
1587 2079 1768 2135 audiet
1798 2099 1812 2134 :
1843 2092 1897 2135 et

298 2175 429 2229 licet
454 2188 555 2229 non
584 2172 823 2238 dimidia,
852 2186 974 2241 pars
999 2173 1150 2227 tertia
1183 2188 1197 2225 :
1228 2160 1283 2225 ét
1309 2171 1434 2226 licet
1463 2186 1563 2226 nec
1592 2170 1769 2239 tertia,
1797 2172 1894 2227 de-

297 2267 440 2327 cima
471 2284 484 2318 :
513 2274 563 2319 et
593 2266 714 2319 licet
741 2279 843 2319 nec
866 2262 1072 2318 decima
1094 2302 1109 2329 ,
1150 2262 1272 2323 licet
1302 2278 1437 2317 unus
1466 2277 1531 2316 ex
1560 2276 1623 2317 ea
1650 2263 1891 2317 multitu-

296 2356 427 2409 dine
451 2355 726 2410 auditurus
752 2355 840 2417 sit,
870 2354 1051 2408 audiat
1080 2370 1093 2406 :
1126 2368 1231 2407 non
1258 2352 1399 2407 enim
1429 2353 1676 2422 exiguum
1701 2362 1783 2408 est
1813 2353 1894 2408 vel

299 2464 462 2503 unam
507 2464 661 2527 ovem
706 2447 907 2504 servari
940 2467 954 2501 :
985 2447 1414 2529 quandoquidem
1463 2456 1520 2501 et
1560 2455 1742 2515 pastor
1778 2446 1891 2511 ille,

300 2541 394 2610 qui
423 2520 705 2610 nonaginta
729 2555 919 2593 novem
947 2539 1233 2608 reliquerat
1256 2520 1404 2602 oves,
1432 2537 1496 2591 ad
1522 2552 1678 2591 uuam
1706 2552 1896 2591 cucur-

305 2633 393 2697 rit,
422 2647 541 2701 qua:
568 2632 909 2685 aberraverat
942 2633 963 2701 (
982 2629 1170 2683 Matth.
1194 2629 1283 2683 18.
1312 2628 1437 2699 12).
1476 2627 1756 2682 llominctn
1788 2643 1911 2681 uou~

301 2732 588 2776 contemno
618 2738 630 2772 :
668 2721 788 2774 licet
816 2735 954 2774 unus
988 2719 1076 2785 sit,
1111 2719 1273 2772 homo
1303 2726 1408 2784 est,
1430 2716 1632 2781 animal
1668 2716 1782 2773 Deo
1806 2731 1895 2772 ca-

304 2814 593 2869 rissimum.
636 2812 785 2866 Licet
808 2826 995 2867 servus
1033 2812 1121 2877 sit,
1152 2810 1573 2866 contemnendus
1618 2807 1748 2863 mihi
1787 2822 1894 2865 non

304 2902 511 2960 videtur
540 2914 563 2958 :‘
584 2920 689 2958 non
716 2906 858 2957 enim
886 2902 1197 2973 dignitatem
1234 2917 1448 2973 qumro,
1477 2901 1571 2956 sed
1597 2901 1846 2956 virtutem
1876 2917 1890 2954 :

302 3012 411 3051 non
442 2995 857 3050 dominationem
886 3004 978 3048 aut
996 2996 1330 3059 servitutem,
1359 2993 1452 3048 sed
1466 2993 1710 3049 animam
1734 3010 1747 3047 :
1772 2992 1893 3049 licet

305 3102 443 3143 unus
470 3088 560 3153 sit,
594 3086 754 3142 homo
780 3097 894 3152 est,
933 3096 1148 3155 propter
1185 3101 1341 3156 quem
1381 3086 1570 3140 caelum
1612 3094 1891 3141 extensum

300 3190 409 3246 est,
437 3181 514 3234 sol
545 3181 706 3245 lucet,
736 3179 859 3232 luna
885 3179 1143 3245 decurrit,
1184 3193 1277 3231 aer
1314 3176 1513 3231 eﬂ‘usus
1555 3185 1674 3243 est,
1716 3175 1893 3231 fontes

301 3272 619 3334 suituriunt,
641 3285 936 3339 expansum
964 3278 1047 3323 est
1075 3285 1241 3333 mare,
1267 3269 1544 3338 Propheta:
1573 3268 1718 3323 missi
1744 3277 1888 3336 sunt,

303 3372 359 3418 et
403 3364 488 3417 lex
537 3364 662 3417 data
705 3371 830 3419 est:
862 3372 915 3417 et
942 3341 1067 3432 quid
1097 3376 1232 3431 Opus
1262 3369 1345 3415 est
1371 3370 1558 3414 cuncta
1602 3361 1892 3430 persequi?

304 3462 523 3523 promer
559 3470 718 3524 quem
757 3454 1057 3524 unigenitus
1086 3452 1179 3506 Dei
1209 3452 1371 3506 Filius
1397 3450 1569 3507 factus
1596 3461 1680 3507 est
1708 3454 1888 3507 homo.

304 3534 572 3601 Dominus
604 3560 754 3600 meus
803 3545 1105 3599 immolatus
1147 3554 1247 3611 est,
1290 3560 1370 3599 ac~
1396 3545 1704 3614 sanguinem
1736 3561 1887 3598 suum

305 3652 404 3706 pro
430 3638 645 3711 homine
675 3636 827 3702 fudit,
852 3646 905 3690 et
928 3636 1074 3689 illum
1102 3651 1201 3705 ego
1218 3639 1593 3691 contemnam?
1621 3636 1734 3702 Qua
1766 3652 1891 3690 vero

302 3731 494 3800 dignus
527 3730 677 3785 venia
724 3728 915 3782 fuero?
958 3728 1146 3783 Nonne
1190 3729 1414 3783 audistis
1457 3729 1737 3783 Dominum
1767 3743 1889 3782 eum

301 3821 629 3875 Samaritana
666 3820 1027 3889 colloquutum
1072 3834 1189 3874 esse
1214 3819 1438 3890 (Joann.
1476 3820 1528 3872 4.
1559 3820 1612 3873 6.
1640 3818 1797 3888 sqq.),
1827 3835 1890 3873 ac

302 3921 588 3965 sexcentos
613 3910 937 3980 impendisse
965 3924 1263 3975 sermones,
1297 3925 1395 3963 nec
1424 3911 1674 3979 quoniam
1702 3910 1889 3964 Sama-

302 4004 473 4057 ritana
498 4010 637 4067 erat,
665 4001 783 4056 ideo
809 4011 1165 4071 contemptam
1186 4017 1303 4055 eam
1336 4001 1515 4067 fuisse,
1530 4002 1622 4056 sed
1638 4001 1887 4072 quoniam

303 4096 536 4153 animam
568 4096 815 4160 habebat,
848 4096 903 4149 in
946 4096 1118 4165 pretio
1157 4096 1389 4149 habitam
1421 4098 1578 4149 esse?
1624 4096 1736 4150 Non
1766 4097 1886 4164 quia

300 4173 559 4233 m‘eretrix
573 4186 712 4244 erat,
731 4178 985 4247 despecta
999 4190 1107 4246 est;
1128 4181 1222 4235 sed
1246 4181 1372 4250 quia
1392 4179 1661 4236 servanda
1679 4187 1817 4243 erat,
1834 4192 1890 4235 et

301 4269 462 4324 tidem
475 4270 925 4335 exhibuit,multa
940 4272 993 4325 in
1010 4273 1156 4327 illam
1171 4288 1303 4327 cura
1317 4274 1515 4327 collata
1530 4281 1607 4325 est
1626 4270 1891 4342 (a).Equi-

296 4362 425 4415 dem
451 4362 636 4417 dicere
661 4378 768 4417 non
798 4364 1052 4428 cessabo,
1076 4366 1204 4420 licet
1223 4367 1408 4421 nullus
1436 4367 1528 4431 sit,
1552 4366 1643 4434 qui
1663 4365 1885 4420 audiat:

297 4452 549 4507 medicus
581 4470 727 4518 sum,
750 4454 984 4509 adliibeo
1016 4457 1419 4512 medicamenta
1459 4477 1472 4511 :
1510 4458 1705 4511 ductor
1742 4474 1887 4517 sum,

296 4546 616 4599 mandatum
641 4547 871 4601 mibiest
894 4554 952 4600 ut
972 4549 1293 4604 admoneam
1316 4568 1330 4615 ;
1357 4548 1437 4604 sic
1461 4550 1605 4604 enim
1625 4550 1701 4602 ait
1723 4568 1735 4602 :
1757 4547 1890 4618 Spe-

295 4634 596 4690 culalorem
625 4638 747 4691 dedi
777 4647 824 4693 te
843 4639 1025 4695 domui
1056 4640 1458 4711 IsraeI(Ezcch.
1498 4644 1562 4701 5.,
1585 4640 1693 4713 l7).
1715 4641 1893 4695 l\emi—

298 4744 427 4780 nem
446 4730 663 4797 corrigo
692 4750 704 4783 :
735 4731 865 4799 quid
893 4740 1006 4785 tum
1027 4740 1217 4802 postea
1236 4733 1379 4805 ?Sed
1394 4749 1494 4803 ego
1514 4733 1763 4787 mercede
1780 4750 1888 4787 non

293 4836 485 4874 careo.
513 4821 576 4873 Et
594 4822 695 4875 hoc
715 4823 780 4875 ad
806 4840 1082 4878 summum
1100 4826 1246 4880 dixi:
1273 4841 1397 4880 nam
1416 4828 1468 4880 in
1488 4834 1637 4880 tanta
1657 4827 1913 4880 multitu-

298 4911 437 4965 dine
457 4912 568 4967 fieri
598 4929 707 4967 non
735 4923 936 4985 potest.
959 4916 1091 4986 quin
1117 4918 1318 4988 aliquis
1343 4919 1689 4987 corrigatur:
1715 4918 1810 4972 sed
1839 4918 1892 4969 lii

296 5011 600 5072 przetextus
617 5015 769 5070 sunt,
799 5007 881 5061 hae
909 5008 1300 5079 negligentium
1322 5016 1451 5064 sunt
1468 5009 1777 5063 auditorum
1798 5024 1893 5061 cx-

297 5095 640 5150 cusationcs.
656 5096 834 5153 Audio
853 5100 1120 5169 quotidie,
1139 5100 1338 5170 inquit,
1357 5109 1410 5154 et
1431 5116 1539 5155 non
1559 5100 1697 5155 facio
1716 5120 1728 5153 :
1746 5100 1893 5163 audi.

294 5188 432 5244 licet
449 5203 554 5241 non
572 5188 763 5255 facias;
789 5207 913 5244 nam
933 5206 996 5245 ex
1014 5207 1080 5247 eo
1098 5194 1245 5262 quod
1259 5194 1382 5262 quis
1402 5194 1610 5257 audiat,
1628 5195 1896 5263 comingit

293 5278 468 5331 etiam
485 5274 542 5331 ut
562 5280 727 5334 faciat
749 5299 761 5334 :
782 5284 997 5335 tametsi
1017 5273 1126 5337 non
1148 5283 1301 5348 facis,
1317 5286 1525 5353 pudore
1546 5284 1889 5354 perfunderis

296 5368 378 5422 ob
402 5380 683 5438 peccatum
712 5390 724 5424 :
750 5373 965 5427 tametsi
992 5390 1102 5427 non
1122 5374 1280 5439 facis,
1307 5384 1491 5429 mutas
1518 5377 1842 5430 sententiam
1875 5397 1888 5431 :

267 5515 285 5527 _
308 5460 529 5533 tametsi
556 5476 663 5514 non
692 5461 851 5521 facis.
875 5463 1109 5532 teipsum
1134 5467 1487 5529 condemnas,
1515 5467 1660 5534 quod
1686 5468 1896 5521 nonJa—

270 5542 448 5603 ‘cias.
469 5549 791 5612 llzccautem
812 5555 927 5622 ipsa
953 5558 1029 5609 tui
1062 5558 1233 5626 ipsius
1261 5558 1537 5611 accusatio
1552 5559 1692 5612 unde
1712 5563 1895 5613 nasci-

299 5649 397 5692 tur
416 5638 439 5690 ?
458 5638 782 5695 Sermonum
810 5642 1020 5698 fructus
1038 5653 1123 5700 est
1141 5660 1407 5700 meorum.
1423 5647 1652 5711 Quando
1669 5649 1890 5711 dixeris,

372 5774 447 5834 in)
474 5776 563 5823 llic
586 5778 721 5826 locus
743 5780 927 5827 citalur
946 5796 970 5829 a
999 5781 1174 5831 Pbotio
1202 5782 1249 5831 iu
1281 5783 1507 5832 liiblietlr

1509 394 1597 452 DE
1640 390 1917 449 LAZARO
1947 390 2193 451 CONCIO
2223 390 2307 450 \‘l.

3455 400 3475 453 ί
3487 403 3592 455 ὓῗιο

2006 503 2092 559 liei
2121 502 2248 567 milii
2276 522 2289 561 :
2313 502 2510 569 audivi,
2540 513 2595 559 et
2633 520 2739 560 non
2780 503 2917 560 facio
2950 504 3140 572 :illud,
3175 507 3257 563 lici
3288 509 3439 576 mibi,
3471 527 3560 570 mu

2004 598 2216 651 tationis
2255 597 2308 651 in
2348 597 2539 657 melius
2572 605 2655 652 est
2695 597 3027 667 prmludium.
3070 598 3331 664 Peecasti,
3361 601 3543 670 lusisti
3570 604 3596 654 .9

2004 690 2282 745 Peccatum
2305 688 2507 755 solvisti
2532 706 2547 743 :
2568 687 2671 755 Dic
2683 690 2815 744 enim
2845 700 2899 744 tu
2922 691 3118 761 primus
3140 691 3426 763 iniquitates
3453 704 3585 762 tuus,

1996 789 2057 835 .ut
2090 779 2391 850 justiﬁceris
2432 777 2587 849 (Isai.
2618 780 2709 836 45.
2740 778 2858 850 26).
2890 780 3041 849 Quod
3080 782 3124 835 si
3160 783 3498 847 contristeris
3538 796 3592 840 et

1986 878 2226 944 .DKDSLUS,
2248 868 2370 937 fias,
2400 879 2485 935 est
2508 869 2704 941 aliquid
2730 870 2919 926 salutis
2942 872 2997 926 ia
3021 873 3295 945 maestitia,
3322 890 3428 929 non
3461 892 3588 945 pro-

2002 970 2118 1030 pter
2142 961 2412 1023 mosstitize
2440 970 2679 1025 llallll‘am
2701 1004 2716 1029 ,
2746 962 2838 1017 sed
2860 976 3077 1033 propter
3108 964 3316 1032 Domini
3347 960 3612 1031 benigni-

2002 1060 2183 1107 tatem.
2218 1052 2286 1107 Et
2312 1053 2396 1107 cui
2423 1051 2625 1115 fuerint
2652 1063 2884 1123 peccata,
2910 1069 3016 1109 non
3046 1055 3333 1121 mediocris
3359 1068 3438 1114 est
3468 1074 3596 1113 con-

2000 1142 2191 1197 solatio
2230 1141 2370 1213 quod
2416 1144 2650 1213 seipsum
2693 1145 2989 1199 contristet.
3040 1143 3158 1201 Vidi
3198 1148 3363 1211 enim,
3399 1150 3590 1218 inquit,

2000 1233 2135 1301 quod
2158 1234 2479 1288 contristatus
2517 1244 2588 1287 est
2630 1244 2677 1287 et
2716 1246 2916 1290 incestus
2949 1236 3063 1305 fuit,
3101 1247 3148 1291 et
3184 1241 3359 1293 δαηαυὶ
3397 1242 3594 1309 dolores

2000 1327 2109 1393 ejus
2139 1323 2289 1397 μιαί.
2313 1321 2401 1381 57.
2433 1326 2542 1396 18).
2593 1326 2637 1381 Ο
2674 1326 2991 1380 ἰηείΐ.ιι›ἱ1ι·ιη
3018 1327 3396 1399 benignitatem
3428 1341 3590 1401 atque

2002 1416 2312 1480 bonitatem,
2336 1433 2454 1488 qum
2477 1418 2707 1487 exprimi
2733 1432 2836 1472 non
2866 1428 3042 1488 potest
3066 1420 3079 1473 !
3110 1420 3467 1476 Contristatus
3486 1434 3589 1490 est,

2000 1517 2054 1561 et
2083 1508 2262 1563 sauavi
2288 1524 2430 1562 cum.
2462 1508 2607 1576 Quid
2640 1524 2767 1563 vero
2794 1494 3223 1580 maguum,un
3242 1513 3588 1575 contristatus

2002 1601 2105 1655 sit?
2146 1601 2389 1672 Magnum
2434 1601 2486 1658 id
2533 1601 2747 1671 quidem
2778 1617 2883 1656 non
2912 1612 3013 1668 est,
3057 1604 3151 1658 sed
3196 1602 3324 1661 inde
3371 1609 3589 1675 sanandi

2000 1693 2214 1749 dolores
2239 1694 2354 1763 ejus
2374 1694 2710 1752 occasionem
2732 1694 2953 1765 arripui.
2981 1694 3220 1763 Vidistis,
3238 1709 3300 1759 ut
3328 1716 3434 1754 uno
3457 1709 3597 1756 tem-

2002 1783 2148 1853 poris
2171 1792 2445 1839 momento
2466 1795 2656 1840 cuncta
2684 1784 2999 1855 collegerit?

2072 1872 2193 1927 Non
2220 1874 2281 1927 ob
2314 1882 2460 1929 terra:
2486 1884 2698 1943 motum,
2728 1875 2817 1929 sed
2841 1878 2902 1929 ob
2925 1893 3131 1931 causam
3159 1879 3270 1950 ejus
3294 1880 3589 1939 timendum.

2000 1994 2070 2004 —
2088 1961 2237 2019 Illam
2278 1965 2456 2035 itaque
2482 1980 2760 2037 vesperam
2793 1975 2949 2021 terrae
2978 1977 3157 2033 motus
3188 1980 3589 2039 perpetuocum

2000 2056 2193 2111 animis
2234 2058 2426 2111 vestris
2469 2057 2686 2112 volvite.
2728 2056 2861 2112 Nam
2899 2058 2992 2113 alii
3038 2060 3253 2137 quidem
3291 2076 3480 2126 omnes
3521 2058 3593 2111 ob

2002 2158 2158 2202 terrae
2187 2157 2388 2202 motum
2417 2148 2607 2204 timore
2634 2150 2867 2220 correpti
2894 2160 3068 2216 erant,
3096 2166 3197 2222 ego
3220 2167 3347 2208 vero
3374 2164 3581 2225 propter

1996 2254 2215 2295 causam
2244 2249 2401 2295 teme
2429 2248 2627 2295 motus.
2674 2239 2887 2296 Satisne
2924 2241 3146 2313 capitis,
3175 2243 3301 2313 quid
3326 2243 3594 2300 dixerim?

2004 2330 2080 2384 llli
2104 2330 2337 2400 .quidem
2383 2332 2846 2401 pertimescebant,
2887 2347 2954 2387 ne
2992 2333 3301 2389 concideret
3326 2335 3515 2391 civitas
3539 2347 3590 2390 et

2001 2423 2281 2478 interirent
2327 2439 2340 2473 :
2394 2436 2494 2492 ego
2535 2438 2683 2485 vero,
2732 2422 2873 2492 quod
2920 2422 3073 2478 nobis
3118 2424 3374 2481 Dominus
3427 2428 3589 2483 iratus

2000 2521 2162 2575 esset,
2182 2511 2502 2566 metuebam.
2530 2511 2645 2566 Non
2675 2513 2817 2567 enim
2843 2528 3003 2583 grave
3021 2525 3103 2568 est
3124 2526 3349 2571 mortem
3372 2510 3604 2581 obiisse;

2000 2602 2095 2659 sed
2121 2618 2282 2674 grave
2310 2612 2395 2659 est
2421 2604 2704 2667 Dominum
2738 2605 2996 2663 irritasse.
3042 2605 3224 2677 Itaque
3254 2624 3359 2664 non
3380 2611 3490 2680 jam
3521 2614 3591 2667 ob

2002 2704 2161 2752 teme
2186 2684 2390 2751 motum
2414 2695 2691 2764 pavebam,
2719 2696 2812 2750 sed
2843 2697 2912 2771 ob
2939 2712 3156 2753 causam
3180 2707 3340 2755 terra:
3370 2712 3549 2758 motus
3572 2747 3584 2756 .

1998 2802 2159 2843 causa
2201 2787 2341 2843 enim
2382 2796 2542 2842 terra:
2587 2796 2765 2842 motus
2812 2788 2903 2843 Del
2945 2798 3029 2844 est
3074 2791 3189 2855 ira;
3237 2807 3396 2861 porro
3434 2808 3593 2850 causa

1998 2878 2198 2934 divinae
2224 2878 2318 2933 ira:
2348 2890 2526 2932 nostra
2554 2888 2679 2934 sunt
2705 2888 2943 2949 peccata.
2973 2879 3089 2935 Noli
3115 2897 3363 2952 umquam
3390 2886 3592 2955 suppli-

1998 2971 2138 3025 cium
2170 2970 2359 3025 timere
2382 3013 2398 3038 ,
2431 2970 2525 3025 sed
2552 2971 2792 3040 supplicii
2819 2983 3092 3040 parentem
3120 2983 3419 3044 peceatum.
3446 2977 3590 3032 Con-

1998 3062 2195 3117 cutitur
2225 3061 2456 3117 civitas?
2480 3061 2616 3127 Quid
2646 3070 2755 3115 tum
2787 3064 3006 3131 postea?
3035 3064 3183 3120 Mens
3209 3081 3339 3122 vero
3369 3079 3454 3122 tua
3482 3085 3588 3127 non

1998 3160 2385 3222 conquassetur
2410 3170 2422 3205 :
2450 3151 2878 3221 quandoquidem
2908 3163 2962 3208 et
2993 3154 3043 3207 in
3072 3155 3275 3210 morbis
3311 3172 3374 3213 ac
3406 3160 3589 3215 vulne-

1997 3242 2145 3297 ribus
2175 3258 2279 3296 non
2306 3256 2399 3297 eos
2423 3242 2682 3310 lugemus,
2711 3243 2800 3311 qui
2833 3254 3109 3313 curantur,
3139 3246 3233 3304 sed
3260 3249 3347 3319 qui
3376 3251 3589 3306 insana-

1997 3333 2089 3388 bili
2116 3333 2304 3391 morbo
2324 3333 2586 3387 laborant.
2635 3333 2785 3398 Quod
2816 3342 2897 3387 est
2926 3336 3140 3389 morbus
3167 3347 3222 3391 et
3248 3340 3459 3407 vulnus,
3487 3341 3589 3395 hoc

1996 3434 2079 3479 est
2117 3423 2278 3479 etiam
2316 3432 2623 3494 peccatum;
2659 3425 2800 3494 quod
2838 3435 2922 3481 est
2955 3428 3122 3483 sectio
3148 3431 3587 3499 etmedicamen-

2000 3524 2131 3582 tum,
2164 3513 2266 3569 hoc
2291 3524 2373 3569 est
2402 3515 2561 3583 etiam
2594 3529 2772 3583 poma.

2069 3608 2120 3662 3.
2166 3605 2289 3661 Non
2313 3608 2399 3675 qui
2427 3607 2727 3676 puniuntur,
2761 3608 2851 3662 sed
2888 3610 2979 3677 qui
3021 3621 3227 3679 peccant
3268 3615 3493 3683 lugendi.
3517 3650 3583 3660 —

1999 3697 2339 3753 Intellexistis
2366 3697 2504 3767 quod
2532 3698 2691 3752 dico?
2728 3699 3002 3755 Attendite
3029 3719 3042 3753 ε
3075 3704 3194 3757 volo
3220 3706 3362 3758 enim
3390 3709 3586 3761 oratio.

1998 3804 2117 3843 nem
2158 3774 2505 3857 pliilosopliize
2544 3788 2750 3857 plenam
2778 3802 2879 3844 vos
2899 3790 3114 3847 docere.
3160 3793 3329 3860 Quam
3376 3799 3587 3853 tandem

1995 3879 2064 3933 ob
2094 3894 2305 3932 causam
2335 3894 2429 3933 eos
2457 3877 2547 3946 qui
2588 3880 2913 3945 puniuntur,
2956 3896 3060 3935 non
3102 3898 3197 3937 eos
3241 3885 3329 3953 qui
3368 3900 3586 3955 peccant

1996 3970 2276 4041 lugemus?
2316 3969 2430 4023 Non
2469 3969 2611 4023 enim
2650 3984 2736 4023 res
2781 3971 2851 4023 ita
2892 3974 3067 4040 gravis
3091 3984 3173 4029 est
3205 3991 3379 4045 ptena,
3415 3991 3471 4031 ut
3500 3996 3586 4032 res

1994 4063 2170 4132 gravis
2194 4070 2276 4115 est
2302 4071 2578 4131 peccatum
2609 4080 2622 4116 :
2652 4079 2771 4117 nam
2815 4080 2987 4133 poena:
3003 4080 3159 4120 causa
3185 4078 3461 4135 peceatum
3483 4084 3584 4124 ρει.

1994 4153 2050 4206 Si
2077 4167 2237 4222 quem
2265 4152 2422 4222 igitur
2444 4153 2642 4207 videris
2666 4154 2947 4208 habentem
2974 4157 3143 4221 ulcus,
3178 4172 3389 4211 vermes
3410 4170 3464 4212 et
3488 4178 3543 4213 sa
3560 4190 3576 4197 -

1995 4245 2134 4299 niem
2179 4258 2211 4298 a
2257 4259 2482 4313 corpore
2532 4243 2849 4307 deﬂuentes.
2898 4261 2997 4300 nec
3037 4246 3229 4323 vulnus
3274 4259 3449 4303 tamen
3494 4262 3582 4303 aut

1996 4338 2146 4391 ulcus
2186 4346 2460 4390 curantem
2491 4353 2504 4387 :
2536 4337 2762 4390 alterum
2789 4352 2917 4391 vero
2956 4344 3155 4406 pariter
3182 4339 3429 4392 allectum
3451 4382 3465 4405 ,
3492 4344 3581 4410 qui

1996 4432 2320 4484 medicorum
2370 4439 2549 4483 utatur
2587 4446 2746 4499 opera
2778 4473 2791 4496 ,
2835 4430 2924 4500 qui
2966 4440 3188 4499 uratur,
3230 4444 3481 4501 secetur,
3529 4450 3583 4490 et

1993 4522 2186 4575 acerba
2208 4520 2590 4573 medicamenta
2614 4520 2887 4589 deglutiat,
2910 4518 3356 4589 utrum,istorum,
3378 4540 3580 4593 ιιυωευ,

1996 4609 2232 4679 lugebis?
2274 4625 2467 4664 eumne
2505 4611 2591 4678 qui
2625 4626 2767 4679 a‘ger
2803 4621 2905 4675 est,
2952 4627 3048 4663 nec
3089 4623 3327 4679 curatur,
3360 4629 3429 4667 au
3456 4631 3577 4668 eum

1993 4698 2084 4770 qui
2122 4717 2264 4770 aeger
2298 4710 2397 4763 est.
2428 4710 2481 4755 ct
2512 4702 2767 4755 curatur?
2809 4702 2956 4754 llaud
3000 4701 3257 4767 dubium,
3288 4704 3414 4772 quin
3458 4720 3583 4758 eum

1996 4793 2190 4861 potius,
2247 4793 2336 4862 qui
2388 4807 2507 4846 cum
2565 4807 2709 4860 tnger
2759 4793 2861 4859 sit,
2908 4810 3010 4846 non
3047 4805 3283 4847 curatur.
3329 4796 3401 4849 Ita
3452 4814 3582 4866 quo-

1993 4899 2096 4953 quc
2119 4893 2426 4953 peccatores
2450 4884 2554 4935 sint
2582 4883 2706 4947 duo,
2730 4899 2952 4952 quorum
2979 4900 3115 4937 unus
3144 4885 3574 4954 quidem'punia-

1964 5001 1975 5004 ο
1996 4987 2099 5042 tur,
2130 4977 2266 5029 alter
2291 4991 2416 5030 vero
2440 4991 2543 5030 non
2572 4977 2819 5044 puniatur
2843 4994 2854 5028 :
2882 4991 2946 5029 ne
2973 4976 3137 5041 dicas,
3164 4979 3347 5032 beatus
3368 4978 3453 5031 hic
3476 4990 3577 5043 est,

1992 5068 2114 5136 quia
2136 5067 2331 5120 divitiis
2355 5066 2543 5130 afﬂuit,
2568 5064 2836 5135 orphanos
2856 5067 3069 5133 spoliat,
3092 5068 3274 5120 \iduas
3290 5070 3545 5137 opprimit
3569 5091 3580 5124 :

1994 5159 2201 5212 tametsi
2232 5174 2333 5211 non
2365 5167 2604 5227 a-grotat,
2637 5158 2729 5210 scd
2760 5172 2878 5211 cum
2908 5158 3093 5225 rapiat,
3121 5169 3202 5210 est
3228 5158 3278 5212 in
3302 5161 3575 5214 existima—

1995 5250 2158 5311 tione,
2190 5249 2489 5302 cumulatur
2520 5247 2722 5301 honore
2742 5291 2756 5312 ,
2796 5248 3119 5313 demittatur,
3152 5251 3311 5302 nullis
3339 5253 3580 5307 adversis

1993 5356 2169 5393 rerum
2213 5340 2560 5393 lmmanarum
2601 5340 2811 5393 casibus
2850 5340 3089 5406 l:editur,
3127 5356 3232 5395 non
3276 5340 3441 5405 febri,
3473 5359 3579 5398 uon

1993 5430 2364 5508 al‘llictatiuue,
2388 5444 2501 5483 non
2531 5431 2637 5484 alio
2661 5428 2848 5501 quovis
2878 5432 3065 5487 morbo
3098 5451 3111 5485 :
3140 5433 3427 5486 liberorqu
3460 5435 3573 5488 cin-

1991 5522 2131 5589 gitur
2169 5521 2353 5585 clioro,
2392 5532 2719 5575 senectutem
2751 5522 2902 5576 beate
2934 5523 3175 5591 transigit
3204 5541 3217 5575 :
3250 5533 3303 5575 at
3344 5523 3486 5577 hunc
3527 5538 3580 5579 tu

1994 5617 2221 5668 maxime
2252 5615 2391 5682 lnge,
2415 5614 2553 5683 quod
2583 5626 2803 5683 :cgrotet
2824 5658 2838 5679 ,
2869 5630 2965 5670 nec
2996 5626 3169 5670 tamen
3195 5627 3429 5671 curetur.
3464 5616 3581 5684 Que

1996 5707 2204 5760 tandem
2232 5716 2405 5776 pacto,
2434 5722 2532 5774 ego
2561 5707 2756 5762 dicam.
2788 5708 2840 5761 Si
2870 5724 3027 5777 quem
3056 5708 3250 5762 videris
3276 5718 3580 5776 correptum

2000 5802 2302 5871 l'}ilrnpi;§,
2347 5804 2534 5871 cuique
2587 5802 2738 5857 lienis
2788 5820 2847 5857 ex
2894 5803 3169 5857 doloribus
3209 5796 3399 5868 corpus
3440 5804 3569 5855 iutu-
