4122 6334
624 375 756 429 1031

621 490 837 554 iuuerit,
869 501 965 543 nec
1009 496 1183 539 tamen
1217 490 1398 538 currat
1441 481 1506 534 ad
1549 479 1844 545 medicum,
1875 475 1967 533 sed
2001 475 2202 546 frigidre

623 590 750 651 potu
778 595 837 635 se
862 578 1123 640 oblectet,
1156 589 1217 629 ac
1241 570 1539 645 Sybaritica
1572 585 1754 625 mensa
1782 573 2004 633 fruatur,
2027 566 2203 636 quoti-

619 675 706 729 die
730 671 1041 736 inebrietur,
1070 666 1319 722 satellitio
1346 665 1592 732 stipetur,
1624 669 1679 716 et
1705 660 1949 714 morbum
1978 665 2163 727 augeat
2187 675 2199 709 :

617 764 751 820 cedo
795 764 1080 818 beatumne
1120 756 1432 828 prmdicabis
1476 751 1736 824 ejusmodi
1784 750 2084 815 hominem,
2135 762 2203 800 an

619 869 745 909 vero
776 842 1038 907 miserum
1055 844 1350 918 judicabis?
1380 842 1531 912 Quod
1558 842 1602 896 si
1630 841 1853 894 alterum
1882 837 2075 892 videris
2101 836 2200 907 hy-

617 946 816 1017 dropisi
846 949 1179 1012 correptum,
1214 938 1303 1008 qui
1330 936 1654 991 medicorum
1683 930 1924 985 manibus
1953 936 2166 984 curetur
2185 967 2199 993 ,

615 1038 706 1109 qui
735 1035 857 1091 fami
880 1033 1111 1104 seipsum
1135 1027 1312 1092 dedat,
1338 1027 1424 1096 qui
1455 1025 1617 1080 multa
1645 1030 1916 1093 prematur
1943 1025 2199 1109 egestate,

615 1107 705 1209 qui
728 1121 1131 1182 medicamentis
1162 1117 1375 1175 assidue
1414 1113 1714 1185 peracerbis
1739 1119 1934 1173 utatur,
1964 1124 2083 1209 qua:
2107 1107 2202 1162 do-

617 1201 784 1274 iorem
810 1204 1022 1288 quidem
1045 1212 1290 1276 afferunt,
1317 1208 1407 1264 sed
1436 1207 1714 1263 Sanitatem
1738 1203 1924 1258 dolore
1947 1201 2160 1272 pariunt
2185 1217 2198 1253 :

616 1325 794 1368 nonne
822 1309 962 1363 hunc
992 1321 1101 1377 pra:
1131 1304 1221 1358 illo
1253 1302 1462 1356 beatum
1504 1297 1679 1352 dices?
1721 1293 1977 1350 Confessa
2009 1307 2095 1346 res
2121 1299 2203 1345 est

614 1419 676 1458 ac
703 1399 979 1457 manifesta
1014 1415 1027 1450 :
1056 1410 1176 1450 nam
1203 1407 1338 1449 unus
1366 1389 1578 1461 quidem
1604 1402 1744 1456 :eger
1765 1396 1845 1439 est
1863 1425 1877 1450 ,
1920 1397 2016 1437 nec
2043 1396 2200 1440 cura-

619 1505 704 1551 tur
738 1511 751 1547 :
780 1489 918 1545 alter
943 1496 1119 1541 autem
1144 1498 1286 1554 a‘ger
1310 1490 1413 1547 est,
1442 1478 1536 1534 sed
1564 1476 1890 1532 medicorum
1917 1485 2076 1541 opera
2107 1469 2203 1523 uti-

617 1595 721 1639 tur.
749 1583 820 1636 At
843 1581 986 1635 enim
1009 1575 1228 1631 molesta
1253 1581 1331 1628 est
1354 1569 1558 1626 curatio
1582 1585 1594 1620 :
1616 1580 1794 1620 verum
1819 1564 1959 1618 utilis
1981 1571 2061 1616 est
2087 1562 2200 1630 ejus

616 1674 756 1728 finis.
789 1672 863 1726 lta
883 1681 1092 1738 quoque
1116 1674 1311 1739 nostra:
1332 1660 1490 1729 hujus
1511 1658 1632 1712 vitm
1653 1671 1711 1711 se
1737 1670 1823 1708 res
1847 1653 2073 1716 habent;
2105 1651 2199 1705 sed

615 1783 646 1820 a
677 1761 988 1833 corporibus
1017 1769 1320 1813 sermonem
1354 1748 1581 1806 transfer
1608 1747 1672 1802 ad
1694 1746 1920 1810 animas,
1943 1760 1969 1796 a
1998 1742 2200 1797 morbis

614 1858 680 1912 ad
715 1861 951 1926 peccata,
977 1850 1045 1905 ab
1066 1847 1356 1904 acerbitate
1385 1843 1892 1898 medicamentorum
1920 1837 1983 1891 ad
2018 1849 2200 1906 lumnas

611 1961 659 2002 et
678 1944 931 2018 judicium
944 1941 1200 2014 divinum.
1223 1935 1378 2006 Quod
1393 1935 1532 1990 enim
1551 1940 1632 1988 est
1653 1930 2094 1986 medicamentum
2108 1927 2201 1980 ad-

610 2037 840 2092 hibitum
861 2049 890 2088 a
913 2032 1207 2097 medieo,et
1222 2027 1386 2082 sectio
1401 2036 1454 2080 et
1474 2023 1630 2095 ignis,
1646 2024 1746 2078 hoc
1766 2031 1847 2076 est
1867 2037 1894 2075 a
1927 2020 2035 2075 Deo
2056 2019 2198 2074 illata

614 2151 792 2205 poena.
820 2132 951 2188 Nam
973 2136 1032 2183 ut
1044 2137 1409 2196 smpenumero
1432 2120 1676 2175 admotus
1697 2119 1831 2187 ignis
1852 2116 1974 2180 urit,
1993 2126 2046 2169 et
2065 2114 2203 2168 sistit

615 2227 764 2279 ulcus
779 2222 918 2294 quod
935 2217 1199 2291 pascendo
1211 2214 1395 2285 serpit,
1410 2223 1463 2267 et
1476 2211 1853 2266 ferramentum
1870 2206 2199 2277 putredinem

615 2317 878 2380 exhaurit,
913 2313 1152 2368 dolorem
1182 2309 1395 2379 quidem
1424 2307 1658 2367 inurens,
1688 2301 1781 2357 sed
1816 2301 2090 2354 utilitatem
2120 2307 2199 2352 ta-

543 2436 550 2438 τν
615 2427 736 2466 men
764 2409 976 2478 pariens
1011 2405 1120 2458 :ita
1147 2409 1200 2457 et
1224 2401 1390 2457 fames
1412 2439 1426 2464 ,
1465 2407 1518 2452 et
1553 2406 1749 2466 pestes,
1778 2402 1829 2448 et
1853 2406 2200 2462 qurecumque

615 2501 754 2556 mala
779 2512 900 2553 esse
929 2495 1193 2560 videntur,
1243 2489 1368 2545 ferri
1427 2488 1545 2543 loco
1579 2496 1632 2540 et
1668 2485 1803 2554 ignis
1848 2483 2200 2537 admoventur

615 2569 827 2650 animae,
854 2596 911 2642 ut
930 2584 1329 2655 :rgrolationum
1345 2578 1468 2647 ejus
1493 2577 1640 2630 ulcus
1664 2575 1954 2643 depasccns
1970 2572 2035 2626 ad
2057 2571 2202 2625 simi~

616 2682 891 2738 litudinem
913 2689 1194 2746 corporum
1217 2671 1520 2735 adhibeant,
1545 2681 1766 2735 eamque
1789 2664 2059 2718 meliorem
2087 2661 2201 2715 effi-

616 2775 777 2826 ciant.
811 2770 1014 2824 ltursus
1039 2766 1144 2821 duo
1166 2773 1322 2820 sunto
1350 2769 1700 2822 scortatores;
1728 2757 1959 2811 sermoni
1983 2755 2201 2810 subesse

617 2862 938 2933 intelligatur
959 2861 1131 2928 imago
1157 2874 1168 2910 :
1193 2855 1316 2919 duo,
1344 2855 1579 2921 inquam,
1603 2857 1943 2910 scortatores,
1973 2860 2198 2915 quorum

619 2971 751 3009 unus
790 2954 936 3007 dives
966 2950 1070 3016 sit,
1113 2961 1308 3018 pauper
1332 2943 1469 2997 alter
1499 2960 1511 2994 :
1546 2950 1662 2995 uter
1701 2953 1884 2993 eorum
1925 2936 2198 2991 meliorem

616 3045 779 3101 habet
805 3057 954 3113 spem
986 3038 1204 3094 salutis?
1249 3034 1395 3089 llaud
1425 3033 1642 3087 dubium
1670 3030 1794 3099 quin
1827 3043 2043 3097 pauper.
2083 3025 2198 3113 Noli

615 3150 743 3206 ergo
795 3112 974 3188 dicere
1006 3130 1199 3187 :Dives
1248 3133 1550 3189 scortatnr,
1599 3130 1653 3175 et
1697 3120 1885 3188 opibus
1931 3112 2196 3180 abundat‘;

616 3228 814 3282 idcirco
861 3223 1072 3279 beatum
1115 3221 1284 3288 ipsum
1335 3215 1563 3286 pradico
1604 3229 1617 3268 :
1675 3211 1802 3281 quin
1850 3210 2023 3280 potius
2071 3209 2197 3261 bea-

619 3323 728 3366 tuin
755 3311 900 3365 illum
923 3324 950 3360 a
974 3317 1025 3360 te
1045 3303 1317 3376 praedicari
1336 3300 1633 3371 oportebat,
1651 3301 1694 3353 si
1715 3312 1834 3364 cum
1855 3301 2194 3359 scortaretur,

616 3416 819 3472 panper
843 3406 985 3454 esset
1017 3415 1030 3451 :
1057 3396 1102 3452 si
1141 3411 1260 3450 cum
1293 3400 1635 3454 scortaretur,
1664 3389 1803 3443 fame
1825 3385 2154 3458 premeretur
2182 3403 2195 3440 :

618 3492 838 3546 haberet
863 3489 1003 3545 enim
1030 3486 1274 3541 adactum
1312 3482 1628 3538 necessitate
1663 3479 1935 3534 doctorem
1967 3476 2200 3547 philoso-

618 3584 779 3655 phim,
806 3587 1192 3652 paupertatem.
1219 3576 1352 3631 Cum
1392 3575 1550 3644 igitur
1580 3571 1877 3641 improbum
1899 3567 2095 3623 videris
2115 3582 2198 3622 se-

618 3675 790 3732 cunda
831 3682 1065 3728 utentem
1096 3670 1327 3735 fortuna,
1353 3668 1646 3738 laerymare
1672 3682 1684 3717 :
1715 3662 1820 3718 duo
1841 3663 2034 3732 quippe
2061 3660 2198 3715 mala

619 3778 764 3834 sunt,
786 3763 973 3822 rnbrbo
1000 3763 1197 3833 urgeri,
1221 3771 1276 3816 et
1303 3759 1646 3814 insanabilem
1672 3771 1812 3815 esse.
1841 3755 1973 3810 Cum
2002 3753 2198 3810 videris

617 3859 916 3930 improbum
946 3855 1334 3911 calamitatibus
1365 3852 1553 3922 premi,
1582 3849 1881 3916 consolare,
1906 3864 2010 3903 non
2039 3847 2198 3902 modo

621 3953 740 4021 quia
768 3949 957 4003 melior
982 3946 1242 4009 redditur,
1274 3942 1365 3998 sed
1391 3942 1509 4012 quia
1539 3941 1699 3994 multa
1729 3940 1842 4009 ejus
1870 3937 2086 4007 peccata
2114 3937 2199 3992 hic

619 4039 917 4108 expiantur.
964 4035 1193 4090 Attende
1230 4034 1509 4102 diligenter
1533 4030 1596 4084 ad
1624 4045 1686 4084 ea
1713 4046 1829 4098 quae
1852 4029 2006 4094 dico;
2047 4028 2195 4082 multi

621 4132 864 4186 homines
887 4138 940 4183 et
964 4128 1050 4181 hic
1075 4127 1371 4195 expiantur,
1406 4131 1459 4177 et
1495 4123 1599 4176 illic
1629 4121 1928 4190 plectuntur
1958 4137 1971 4173 :
2001 4121 2088 4174 alii
2116 4121 2200 4173 hic

619 4234 847 4287 tantum,
893 4220 982 4275 alii
1036 4218 1142 4272 illic
1191 4225 1415 4270 tantum.
1471 4212 1633 4282 Inlige
1678 4212 1855 4266 animo
1901 4209 2196 4265 doctrinam

623 4327 796 4368 meam
829 4330 842 4367 :
868 4310 955 4366 hic
983 4310 1176 4379 quippe
1203 4321 1381 4362 sermo
1401 4315 1588 4359 exacte
1615 4303 1884 4358 discussus
1910 4302 2102 4356 multas
2131 4317 2196 4356 ex

620 4405 799 4458 animo
824 4411 914 4454 tuo
938 4399 1371 4470 perturbationes
1397 4396 1591 4466 ejiciet.

692 4496 896 4549 Beatius
922 4506 992 4548 est
1035 4495 1086 4546 in
1115 4493 1209 4545 hac
1246 4493 1346 4545 rita
1377 4489 1567 4560 puniri.
1610 4517 1676 4527 —
1704 4486 1810 4542 Sed
1859 4487 2122 4554 primum,
2153 4486 2196 4539 si

619 4589 810 4658 placet,
846 4587 897 4640 in
934 4585 1166 4639 medium
1194 4580 1525 4653 proferamus
1567 4594 1686 4633 eum
1709 4619 1723 4644 ,
1751 4581 1840 4647 qui
1871 4578 1977 4631 illic
2013 4579 2197 4647 punia-

621 4690 726 4744 tur,
760 4679 845 4733 hic
873 4690 998 4732 vero
1021 4676 1225 4730 deliciis
1263 4673 1458 4743 potitus
1484 4673 1637 4725 fuerit
1670 4690 1680 4725 :
1707 4671 1980 4724 attendant
2008 4671 2198 4726 divites

617 4782 668 4826 et
711 4782 970 4839 pauperes
991 4768 1053 4820 iis
1088 4782 1202 4835 qua:
1224 4765 1469 4819 dicuntur
1501 4784 1511 4816 :
1547 4764 1784 4832 utrisque
1821 4777 2046 4831 namque
2074 4778 2198 4831 per-

619 4862 761 4914 utilis
802 4869 884 4913 est
920 4857 1179 4912 doctrina.
1204 4855 1277 4909 Ut
1316 4854 1457 4908 enim
1489 4854 1624 4906 scias
1664 4853 1746 4907 hic
1786 4863 1838 4907 et
1875 4853 1978 4905 illic
2006 4853 2200 4905 mullos

623 4952 818 5020 puniri,
850 4947 1116 5004 Christum
1148 4946 1408 4999 dicentem
1441 4944 1560 4997 audi
1591 4963 1602 4995 :
1628 4942 1691 4995 In
1715 4959 2075 5014 quamcumque
2103 4960 2196 4994 au-

625 5054 720 5094 tem
746 5041 990 5092 civitatem
1029 5047 1114 5090 aut
1144 5037 1348 5088 domum
1387 5036 1689 5087 intraveritis
1710 5075 1723 5099 ,
1755 5034 1996 5086 intrantes
2023 5035 2073 5085 in
2106 5035 2197 5085 do-

621 5149 756 5184 mum
802 5129 1016 5182 salutate
1061 5144 1168 5180 eam
1205 5127 1460 5179 dicentes:
1501 5130 1606 5180 Pax
1655 5125 1769 5178 huic
1814 5126 2032 5190 domui;
2077 5136 2120 5176 et
2159 5128 2202 5178 si

622 5223 820 5290 quidem
853 5219 1004 5291 fuerit
1027 5217 1205 5270 domus
1235 5217 1322 5268 illa
1349 5217 1520 5286 digna,
1549 5219 1709 5268 ueniat
1737 5232 1839 5286 paa;
1868 5226 2026 5270 vestra
2051 5234 2202 5286 super

621 5330 729 5365 eam
751 5329 768 5375 ;
794 5312 838 5364 si
873 5321 1038 5362 autem
1065 5325 1164 5361 non
1190 5308 1338 5378 fuerit
1379 5307 1550 5376 digna,
1581 5323 1682 5375 pax
1725 5317 1885 5359 vestra
1929 5317 2202 5360 revertatur

623 5406 690 5456 ad
714 5420 814 5456 vos.
849 5401 916 5454 Et
951 5400 1245 5471 quicumque
1276 5415 1375 5469 non
1409 5400 1644 5466 receperit
1670 5415 1771 5462 vos,
1796 5416 1950 5468 neque
1983 5401 2200 5452 audierit

619 5514 884 5551 sermones
922 5500 1139 5554 vestros,
1188 5499 1422 5542 exeuntes
1462 5487 1599 5557 foras
1639 5489 1699 5540 de
1737 5490 1953 5555 civitate,
1991 5490 2203 5544 excutite

624 5585 874 5650 patverem
916 5583 978 5635 de
1005 5582 1212 5651 pedibus
1248 5582 1435 5634 vestris.
1470 5582 1627 5633 Amen
1671 5582 1784 5634 dico
1818 5583 1983 5652 vobis,
2017 5583 2200 5636 tolera-

629 5675 777 5730 tiiius
805 5676 896 5728 erit
937 5686 1082 5727 ιρι-ηε
1109 5673 1462 5731 Sodomorum
1489 5681 1531 5724 et
1569 5670 2010 5725 Comorrhccorum
2049 5675 2098 5727 in
2126 5676 2205 5728 die

627 5767 833 5840 iudicii,
848 5784 995 5838 quam
1023 5767 1099 5821 illi
1123 5766 1326 5820 civitati.
1364 5765 1426 5818 In
1456 5782 1816 5835 quamcumque
1842 5777 2003 5838 autem
2028 5768 2200 5822 civita-

1365 364 1421 421 S.
1463 363 1738 420 JOANNlS
1775 359 2247 419 CIIRYSOSTOMI
2287 355 2604 416 AltClllfiP.
2645 360 3180 418 CONSTANTINOP.

3765 365 3896 419 1033

2317 486 2415 527 tem
2437 486 2523 530 aut
2544 477 2748 530 domum
2770 478 3094 544 intraveritis,
3117 479 3417 549 interrogat:
3431 481 3544 548 quis
3572 481 3622 534 in
3647 497 3700 534 ea
3722 483 3897 552 dignus

2312 567 2407 624 sit.
2434 576 2482 620 et
2513 567 2582 620 ibi
2612 582 2835 635 manete,
2879 571 3036 623 donec
3065 572 3248 624 excutis
3275 570 3490 639 (Matth.
3530 574 3622 627 10.
3663 574 3771 642 ll).
3814 573 3892 627 Ex

2311 655 2396 710 his
2423 658 2587 726 liquet
2631 660 2931 715 Sodomitas
2963 673 3015 716 et
3057 663 3432 718 Gomorrhzms
3473 676 3527 719 et
3565 666 3650 720 hic
3691 669 3894 735 punitos

2312 745 2494 813 fuisse,
2521 759 2573 802 et
2599 749 2706 804 illic
2728 752 2881 818 plecti
2907 768 2920 806 :
2952 767 3071 807 cum
3095 755 3234 808 enim
3258 756 3397 808 dicat
3425 756 3754 811 tolerabilius
3788 761 3895 812 fore

2310 838 2598 895 Sodomitis
2625 858 2781 911 quam
2812 843 2945 910 istis,
2974 845 3206 898 ostendit
3231 861 3321 900 eos
3353 847 3510 915 plecti
3543 848 3778 917 quidem,
3804 851 3893 902 sed

2311 945 2417 985 non
2450 932 2519 986 ita
2552 943 2608 987 ut
2632 933 2737 988 isti.
2789 978 2796 984 .
2931 985 2937 989 .

2380 1024 2430 1075 4.
2460 1022 2596 1078 Sunt
2634 1039 2847 1089 rursus,
2879 1027 2968 1096 qui
2996 1027 3298 1096 plectuntur
3338 1031 3425 1085 hic
3453 1041 3696 1097 tantum,
3725 1044 3774 1087 ut
3809 1035 3894 1089 ille

2309 1121 2608 1167 scortator:
2656 1115 2734 1169 sic
2776 1116 2918 1169 enim
2962 1117 3029 1170 ad
3074 1119 3380 1174 Corinthios
3430 1124 3673 1179 scribens
3710 1125 3893 1180 beatus

2308 1202 2502 1257 Paulus
2544 1204 2789 1260 dicebat:
2827 1205 3045 1262 Omnino
3081 1211 3286 1262 auditur
3321 1212 3449 1265 inter
3494 1228 3581 1267 vos
3606 1215 3889 1282 fornicatio,

2307 1308 2351 1348 et
2378 1296 2493 1349 talis
2518 1299 2804 1374 fornicatio,
2835 1302 3001 1368 qualis
3026 1318 3114 1354 nec
3143 1303 3270 1354 inter
3289 1314 3476 1373 gentes,
3510 1306 3580 1358 ita
3607 1318 3659 1359 ut
3689 1323 3893 1361 uxorem

2309 1391 2465 1459 patris
2511 1393 2590 1445 sui
2633 1394 2814 1462 aliquis
2852 1394 3050 1447 habeat.
3095 1395 3157 1448 Et
3201 1412 3286 1449 vos
3327 1398 3494 1466 inﬂati
3531 1400 3679 1465 estis,
3711 1411 3756 1453 et
3793 1419 3889 1453 non

2307 1483 2466 1551 magis
2491 1482 2679 1535 luctum
2706 1483 2948 1537 habuistis
2967 1526 2980 1548 ,
3013 1495 3068 1537 ut
3116 1487 3320 1539 tollatur
3355 1489 3418 1540 de
3446 1490 3611 1541 medio
3646 1502 3856 1543 vestrum
3875 1533 3889 1552 ,

2305 1577 2390 1642 qui
2417 1576 2510 1628 hoc
2538 1593 2665 1646 apus
2695 1578 2830 1648 fecit.
2867 1577 2975 1648 Ego
2996 1580 3193 1647 quidem
3215 1580 3391 1633 absens
3417 1597 3645 1649 corpore,
3677 1600 3893 1651 presens

2306 1677 2468 1720 autem
2495 1669 2700 1736 spiritu,
2723 1670 2836 1739 jam
2852 1671 3083 1738 judicavi
3105 1681 3157 1722 ut
3184 1687 3402 1740 prwsens
3428 1689 3540 1725 eum
3567 1674 3656 1741 qui
3679 1675 3749 1727 sic
3777 1691 3894 1742 ope-

2305 1768 2443 1811 ratus
2472 1759 2615 1812 estin
2651 1759 2851 1813 nomine
2879 1759 3084 1812 Domini
3110 1761 3267 1814 nostri
3285 1759 3408 1815 Jesu
3433 1762 3654 1829 Christi,
3682 1781 3892 1835 congre-

2305 1851 2435 1918 gatis
2465 1850 2624 1915 nobis,
2649 1862 2694 1904 et
2711 1852 2891 1920 spiritu
2925 1869 3054 1918 meo,
3089 1853 3284 1906 tradere
3312 1854 3602 1923 hujusmcdi
3632 1866 3818 1911 satamt
3839 1859 3890 1910 in

2304 1940 2564 1994 interitum
2604 1943 2804 2004 carnis,
2835 1953 2885 1995 ul
2913 1944 3120 2012 spiritus
3163 1944 3330 1998 saluus
3378 1946 3440 1997 sit
3483 1945 3536 1998 in
3564 1946 3647 1999 die
3691 1946 3892 2000 Domini

2304 2029 2430 2085 Jesu
2486 2034 2561 2103 (1.
2599 2031 2716 2088 Cor.
2762 2034 2815 2088 5.
2871 2035 2943 2103 i).
3000 2033 3157 2087 Vides
3219 2043 3276 2088 ut
3331 2035 3416 2088 bic
3467 2037 3718 2104 puniatur
3763 2038 3890 2103 iste,

2309 2139 2408 2178 nec
2459 2124 2566 2179 illic
2611 2125 2896 2194 puniatur?
2941 2125 3071 2179 Nam
3115 2126 3362 2195 quoniam
3415 2125 3504 2180 hic
3545 2127 3664 2195 ejus
3702 2142 3892 2197 corpus

2314 2216 2553 2283 punitum
2596 2223 2698 2277 est,
2740 2215 2848 2269 illic
2877 2231 2979 2269 non
3005 2217 3235 2285 punitur.
3271 2215 3387 2269 Jam
3424 2217 3709 2272 ostendere
3747 2218 3890 2271 illum

2308 2307 2452 2370 volo,
2482 2305 2570 2376 qui
2600 2306 2804 2361 deliciis
2833 2307 2918 2361 hic
2948 2306 3180 2371 fruatur,
3216 2316 3270 2360 et
3301 2307 3406 2360 illic
3433 2307 3712 2376 plectatur.
3745 2309 3892 2362 Dives

2306 2408 2414 2451 erat
2444 2398 2670 2466 quidam.
2704 2399 2773 2452 At
2804 2397 3014 2451 tametsi
3059 2396 3296 2452 historiis
3341 2399 3704 2454 narrationem
3746 2410 3890 2454 ante-

2305 2488 2509 2542 vertitis
2533 2527 2548 2554 ,
2578 2496 2886 2556 exspectate
2930 2487 3086 2540 finem
3123 2488 3414 2554 orationis;
3446 2489 3560 2543 haec
3603 2491 3745 2543 enim
3776 2506 3890 2544 mea

2306 2581 2423 2635 laus
2449 2590 2550 2647 est,
2585 2589 2929 2650 vestrumque
2975 2581 3297 2649 praeconium
3319 2622 3334 2647 ,
3368 2591 3423 2635 ut
3459 2581 3570 2650 jam
3597 2581 3721 2635 dum
3752 2581 3893 2651 priu-

2307 2672 2444 2742 cipia
2484 2682 2766 2739 seruntur,
2807 2687 2902 2727 vos
2944 2681 3150 2741 segetes
3196 2670 3459 2746 colligatis
3506 2672 3760 2726 :assidua
3801 2688 3892 2727 vos

2307 2778 2613 2817 sermonum
2664 2763 2864 2840 auditio
2913 2763 3160 2816 doctores
3205 2762 3473 2816 reddidit:
3515 2763 3611 2816 sed
3646 2767 3890 2832 quoniam

2307 2856 2579 2910 vobiscum
2608 2864 2662 2908 et
2703 2854 2938 2908 nonnulli
2963 2854 3226 2923 peregrini
3274 2863 3398 2907 sunt
3435 2855 3659 2922 ingressi
3683 2896 3698 2921 ,
3731 2854 3890 2908 nolite

2307 2959 2543 3010 currere,
2572 2943 2666 3000 sed
2693 2959 2786 2998 eos
2807 2945 2893 3014 qui
2926 2945 3242 3010 claudicant,
3270 2954 3596 3013 exspectate.
3622 2945 3890 3015 Siquidem

2309 3049 2505 3104 corpus
2530 3044 2612 3089 est
2635 3035 2872 3089 Ecclesia
2904 3053 2916 3087 :
2947 3035 3156 3089 oculum
3189 3036 3343 3089 habet
3366 3046 3419 3089 et
3444 3048 3603 3105 caput
3624 3037 3801 3090 habet.
3826 3036 3890 3091 Ut

2308 3127 2468 3196 igitur
2496 3126 2542 3181 si
2567 3127 2814 3181 calcaneo
2836 3128 2988 3196 spina
3031 3130 3096 3181 sit
3136 3128 3313 3194 infixa,
3345 3128 3594 3182 deorsum
3623 3131 3808 3182 oculus
3833 3144 3891 3186 se

2307 3217 2549 3282 inclinat,
2575 3217 2716 3286 quod
2757 3218 3055 3271 membrum
3092 3219 3159 3272 sit
3198 3219 3440 3286 corporis
3468 3260 3481 3282 ,
3519 3235 3692 3290 neque
3718 3220 3843 3276 dicit
3875 3239 3887 3275 :

2302 3307 2747 3378 Quandoquidem
2779 3310 2833 3362 in
2860 3309 2969 3362 alto
3011 3309 3193 3374 sedeo,
3226 3311 3522 3364 membrum
3553 3311 3697 3380 quod
3737 3311 3890 3366 deor-

2306 3416 2422 3454 sum
2446 3409 2529 3454 est
2556 3400 2704 3454 nihili
2725 3400 2896 3465 facio;
2929 3402 3022 3455 sed
3051 3402 3265 3455 inclinat
3297 3417 3376 3469 se,
3407 3417 3669 3472 suamque
3694 3404 3888 3460 deserit

2305 3489 2642 3544 altitudinem
2674 3507 2686 3543 :
2718 3491 2927 3544 tametsi
2971 3491 3093 3560 quid
3128 3491 3378 3545 calcaneo
3410 3492 3603 3547 vilius?
3629 3504 3722 3548 aut
3766 3495 3888 3564 quid

2306 3583 2464 3638 oculo
2495 3582 2760 3637 nobilius?
2787 3583 2892 3637 Sed
2939 3584 3349 3653 inmqualitatem
3394 3587 3640 3654 cognatio
3691 3596 3890 3640 natura!

2305 3674 2545 3742 corrigit,
2579 3682 2631 3727 et
2659 3675 2851 3726 caritas
2877 3674 3055 3727 omnia
3085 3675 3291 3728 miscet.
3340 3674 3415 3728 lla
3441 3675 3522 3728 l'ac
3555 3684 3609 3729 tu
3637 3691 3844 3746 quoque
3872 3695 3884 3729 :

2305 3765 2547 3833 quamvis
2569 3765 2711 3817 celer
2737 3773 2791 3818 et
2816 3764 3094 3832 expeditus
3137 3765 3239 3827 sis,
3271 3776 3429 3835 atque
3456 3766 3523 3819 ad
3569 3766 3884 3821 audiendum

2305 3867 2542 3926 paratus,
2571 3856 2613 3909 si
2642 3855 2855 3909 fratrem
2892 3856 3106 3918 habeas,
3136 3856 3222 3924 qui
3249 3872 3309 3909 ea
3343 3873 3459 3925 qua:
3486 3869 3884 3926 proponuntur,

2306 3948 2513 4014 assequi
2547 3955 2808 4015 nequeat,
2851 3946 3138 4001 descendat
3172 3947 3236 4000 ad
3280 3949 3476 4001 calcem
3526 3950 3711 4002 oculus
3737 3959 3884 4012 tuus,

2307 4037 2656 4092 claudicantis
2682 4038 2904 4090 membri
2933 4039 3396 4092 commiseratione
3425 4046 3694 4109 tangatur,
3730 4041 3798 4094 ita
3828 4051 3885 4094 ut

2305 4130 2374 4183 oh
2409 4139 2550 4182 tuam
2577 4129 2902 4183 celeritatem
2931 4139 2984 4183 et
3025 4130 3163 4183 illius
3203 4130 3502 4184 tarditatem
3542 4147 3734 4200 expers
3777 4149 3885 4184 ser-

2306 4219 2481 4273 monis
2515 4220 2626 4287 ipse
2645 4233 2749 4272 non
2772 4229 2985 4273 maneat
3010 4239 3021 4273 :
3057 4221 3160 4274 noli
3191 4230 3278 4273 tua
3306 4221 3648 4290 intelligentia
3675 4225 3725 4276 in
3753 4225 3886 4276 illius

2308 4309 2594 4378 perniciem
2622 4308 2788 4373 abuti,
2824 4310 2916 4362 sed
2940 4312 3006 4362 ob
3037 4320 3177 4363 tuam
3199 4311 3532 4373 celeritatem
3569 4314 3674 4366 Deo
3696 4316 3886 4383 gratias

2306 4414 2424 4468 age.
2454 4399 2610 4453 Dives
2647 4399 2744 4452 es?
2770 4402 2976 4468 gaudeo
3007 4400 3457 4470 vehementerque
3493 4403 3684 4456 laetor:
3722 4414 3775 4457 at
3801 4405 3888 4458 ille

2309 4506 2510 4560 pauper
2534 4492 2706 4545 adhuc
2731 4503 2810 4546 est
2841 4510 2852 4544 :
2885 4508 2950 4546 ne
2976 4503 3190 4561 propter
3211 4494 3422 4548 divitias
3451 4505 3566 4548 tuas
3587 4497 3636 4548 in
3660 4505 3889 4565 egestate

2309 4595 2541 4637 maneat.
2594 4585 2810 4653 Spinam
2842 4585 2997 4639 habet
3026 4587 3146 4652 ille,
3182 4587 3542 4656 perturbatam
3587 4591 3842 4644 rationem
3872 4599 3886 4634 ε

2311 4686 2363 4729 ιιι
2393 4691 2518 4729 vero
2546 4677 2610 4729 ad
2636 4677 2779 4729 illum
2815 4678 3097 4742 descende,
3147 4695 3206 4732 ac
3229 4681 3434 4747 spinam
3473 4681 3720 4736 extrahe.
3755 4681 3886 4749 Quid

2311 4766 2468 4835 igitur
2497 4768 2607 4820 ait?
2648 4767 2796 4821 Dives
2838 4780 2942 4820 erat
2972 4770 3206 4839 quidam;
3247 4773 3491 4835 nomine,
3544 4788 3647 4825 non
3678 4775 3885 4842 reipsa;

2311 4859 2457 4912 dives
2485 4870 2599 4913 erat
2626 4861 2838 4929 quidam
2871 4879 3099 4930 purpura
3135 4864 3368 4926 indutus,
3395 4866 3480 4918 cui
3515 4882 3697 4919 mensa
3730 4883 3887 4937 appo-

2312 4951 2536 5003 n‘ebatur
2559 4955 2772 5020 opipara
2800 4995 2813 5018 ,
2846 4955 2950 5005 vini
2987 4963 3219 5008 crateres
3249 4956 3446 5009 habens
3470 4971 3773 5022 coronatos,
3804 4961 3888 5028 qui

2311 5043 2552 5094 convivia
2581 5045 2814 5110 quotidie
2845 5045 3143 5098 celebrabat
3170 5064 3181 5105 ;
3213 5046 3344 5099 alter
3381 5063 3506 5100 vero
3537 5049 3750 5118 quidam
3783 5061 3889 5104 erat

2315 5146 2532 5199 pauper,
2563 5133 2793 5187 Lazarus
2817 5137 3028 5188 nomine
3064 5135 3214 5207 (Luc.
3244 5131 3475 5207 16.19).

2385 5221 2486 5274 Cur
2527 5241 2705 5277 nomen
2749 5226 2916 5278 divitis
2961 5243 3059 5278 non
3101 5228 3162 5279 sit
3203 5243 3512 5296 expressum.
3545 5221 3741 5286 v—Ubi
3773 5247 3888 5300 ergo

2315 5330 2511 5368 nomen
2539 5316 2716 5368 divitis
2743 5318 2764 5369 ?
2795 5317 3083 5387 Nusquam,
3113 5320 3306 5387 quippe
3331 5320 3418 5388 qui
3453 5323 3669 5376 nomine
3698 5337 3885 5377 carem.

2313 5405 2533 5472 Quantm
2578 5407 2816 5461 divitiae?
2866 5408 2973 5462 Nec
3021 5419 3192 5462 tamen
3249 5409 3324 5463 illi
3376 5426 3569 5465 nomen
3619 5419 3887 5482 reperitur.

2313 5495 2507 5562 Quales
2539 5496 2749 5550 tandem
2776 5497 2858 5552 hre
2885 5498 3128 5552 divitize?
3157 5500 3330 5553 Arbor
3362 5500 3503 5556 foliis
3528 5518 3779 5568 vernans,
3809 5504 3890 5559 soil

2315 5588 2485 5643 fructu
2527 5591 2776 5643 destituta
2811 5608 2822 5644 :
2868 5605 3095 5667 quercus
3137 5591 3186 5644 in
3233 5593 3400 5646 altum
3447 5605 3697 5662 protensa
3725 5638 3738 5659 ,
3787 5612 3890 5665 ψη

2314 5681 2558 5749 glandem
2618 5682 2784 5735 brutis
2835 5682 3189 5736 animantibus
3243 5683 3293 5736 in
3348 5683 3525 5739 cibum
3583 5688 3892 5754 suppeditat,

2321 5771 2478 5826 homo
2508 5773 2595 5843 qui
2625 5773 2846 5827 fructum
2879 5789 2983 5827 nun
3013 5771 3171 5828 habet
3201 5773 3447 5828 hominis.
3487 5774 3585 5830 Ubi
3613 5775 3756 5835 enim
3779 5777 3891 5833 diva
