4122 6334
265 395 388 446 Ιυόθ

258 527 373 574 σον,
402 508 522 561 εἰπέ
557 525 666 577 μοι,
696 507 1018 578 μακαρίζεις
1057 506 1253 572 τοῦτον,
1289 504 1649 577 ῆταλανίζεις
1669 523 1685 570 ;
1706 504 1833 558 Ἐὰν

257 594 316 648 δὲ
340 595 525 664 ἕτερον
552 592 665 661 ἴδῃς
700 591 872 662 ὑδέρῳ
903 604 928 632 ι
956 591 1341 662 κατεχόμενον,
1389 588 1648 661 ἰατρικῶν
1696 590 1826 642 ἀπο-

260 676 495 731 λαύοντα
519 678 750 749 χειρῶν,
782 677 929 748 λιμῷ
961 676 1151 731 ἐαυτὸν
1182 674 1479 738 ἐκδιδόντα,
1527 676 1584 727 ἐν
1631 673 1836 744 ἀπορίᾳ

259 760 430 831 πολλῇ
461 761 612 823 ὄντα,
668 761 981 831 φαρμάκοις
1028 756 1541 833 προσκαρτεροῦντα
1596 757 1833 827 πικροῖς,

257 843 443 914 ἔχουσι
481 844 595 913 μὲν
615 843 830 915 ὀδύνην,
846 843 1089 897 τίκτουσι
1111 842 1167 895 δὲ
1193 841 1280 895 διὰ
1300 842 1399 911 τῆς
1413 839 1601 910 ὀδύνης
1624 837 1832 907 ὑγείαν,

256 925 383 995 οὑχί
416 925 602 980 τοῦτον
626 927 767 997 ὑπὲρ
795 927 1002 979 ἐκεῖνον
1035 924 1358 995 μακαρίζεις
1384 939 1398 987 ;
1438 921 1794 997 Ὠμολόγηται
1817 936 1831 950 ο

255 1008 289 1061 0
316 1008 416 1078 μὲν
443 1007 551 1079 γὰρ
582 1011 748 1071 νοσεῖ,
771 1007 868 1062 καὶ
898 1008 959 1059 οὑ
987 1006 1349 1079 θεραπεύεται
1373 1020 1386 1034 ⁸
1414 1007 1443 1058 0
1466 999 1523 1058 δέ
1556 999 1717 1069 νοσεῖ,
1742 1001 1834 1056 καὶ

257 1088 522 1143 ἀπολαύει
571 1090 829 1162 ἰατρείας.
874 1090 1013 1143 Ἀλλ’
1056 1089 1313 1152 ἐπίπονος
1342 1089 1375 1157 ή
1418 1087 1647 1158 ἰατρεία.
1696 1086 1835 1139 Ἀλλ’

255 1171 533 1242 ὠφέλιμον
560 1173 731 1244 αὐτῆς
759 1172 820 1226 τδ
836 1172 1007 1236 τέλος.
1041 1172 1228 1235 Οὕτως
1252 1172 1368 1224 ἐστί
1388 1171 1483 1224 καὶ
1504 1171 1561 1223 ἐν
1586 1168 1664 1239 τῷ
1692 1186 1835 1239 παρ-

255 1254 376 1307 όντι
437 1255 558 1326 βίῳ.
601 1255 739 1309 Ἀλλ’
768 1256 878 1309 ἀπὸ
906 1255 1015 1310 τῶν
1046 1256 1314 1326 σωμάτιον
1356 1253 1536 1323 ἄπαγε
1558 1253 1649 1307 τὸν
1679 1251 1836 1319 λόγον

256 1337 357 1390 ἐπὶ
379 1337 478 1401 τάς
508 1336 706 1408 ψυχάς,
740 1337 849 1391 ἀπὸ
880 1339 989 1391 τῶν
1009 1335 1332 1408 νοσημάτων
1362 1334 1457 1389 ἐπὶ
1492 1335 1559 1388 τὰ
1583 1334 1833 1405 ἁμαρτή-

258 1436 428 1490 ματα,
459 1419 568 1474 ἀίπδ
583 1421 683 1492 τῆς
712 1420 938 1491 πικρίας
964 1420 1072 1474 τῶν
1094 1419 1401 1492 φαρμάκων
1428 1419 1522 1471 ἐπὶ
1549 1419 1646 1481 τὰς
1661 1434 1835 1486 τιμω-

259 1502 385 1572 ρίας
417 1502 510 1556 καί
543 1504 643 1574 τὴν
696 1504 881 1575 κρίσιν
934 1503 1030 1556 τοῦ
1075 1502 1231 1557 Θεοῦ.
1274 1503 1451 1573 Ὅπερ
1476 1502 1583 1571 γάρ
1630 1501 1748 1553 ἐστι
1775 1498 1837 1552 τὸ

256 1585 551 1658 φάρμακον
601 1586 661 1640 τὸ
711 1586 860 1659 παρά
888 1587 981 1640 τοῦ
1020 1585 1226 1657 ἰατροῦ,
1264 1585 1359 1638 καί
1390 1585 1422 1653 ὴ
1452 1582 1594 1653 τομὴ
1648 1581 1743 1634 καὶ
1775 1580 1837 1635 τὸ

256 1667 392 1739 πῦρ.
417 1668 575 1721 τοῦτό
592 1671 739 1722 ἐστιν
770 1671 803 1739 ἡ
832 1668 1069 1739 τιμωρίά
1094 1671 1126 1739 ἠ
1157 1666 1308 1739 παρά
1325 1666 1420 1721 τοῦ
1443 1664 1599 1719 Θεοῦ.
1626 1664 1837 1735 ’Ὥσπερ

256 1748 368 1820 γὰρ
400 1750 474 1803 τὸ.
495 1751 609 1820 πῦρ
640 1750 897 1814 πολλάκις
922 1751 1260 1821 ἐπαγόμενον
1293 1748 1460 1811 καίει,
1503 1748 1598 1801 καὶ
1624 1746 1726 1817 τὴν
1752 1740 1838 1798 νο-

260 1831 371 1903 μὴν
400 1832 620 1896 κωλύει,
656 1834 750 1886 καὶ
777 1833 837 1886 τὸ
868 1832 1106 1902 σιδήριον
1126 1824 1438 1902 ἀφαιρεῖται
1481 1826 1835 1901 τὴνσηπεδό-
1864 1890 1869 1893 _

256 1932 349 1976 να,
375 1914 495 1984 ἔχον
523 1914 623 1985 μὲν
659 1912 872 1985 ὀδύνην,
910 1916 1145 1987 παρέχον
1161 1916 1219 1969 δὲ
1247 1914 1545 1985 ὠφέλειαν⁸
1573 1910 1717 1965 οὕτω
1742 1911 1838 1964 καὶ

254 1998 416 2067 λιμὸς
448 2002 541 2053 καί
569 2000 748 2070 λοιμοὶ
786 2000 881 2054 καὶ
908 2002 1008 2054 ὅσα
1035 1999 1181 2054 κακὰ
1217 1996 1479 2053 δοκοῦντα
1504 1992 1671 2063 εῖναι,
1716 1996 1836 2049 ἀντὶ

256 2081 476 2152 σιδήρου
509 2084 603 2135 καὶ
636 2083 806 2153 πυρὸς
837 2084 1133 2151 ἐπάγονται
1156 2085 1221 2152 τῇ
1255 2082 1423 2153 ψυχῇ,
1443 2080 1531 2135 ῖνα
1551 2080 1649 2151 τὴν
1667 2079 1836 2149 νομὴν

252 2164 364 2217 τῶν
392 2166 712 2235 νοσημάτων
735 2165 877 2219 κατά
908 2167 1006 2235 τὴν
1049 2166 1232 2219 εἰκόνα
1267 2164 1375 2217 τῶν
1425 2163 1691 2234 σωμάτιον
1725 2179 1836 2215 κω-

249 2245 394 2317 λύσῃ
430 2248 523 2300 καὶ
578 2247 825 2317 βελτίονα
871 2248 1192 2320 ἐργάσηται.
1242 2246 1415 2301 Πάλιν
1473 2244 1715 2299 ἔστωσαν
1744 2242 1837 2297 δύο

256 2331 468 2400 πόρνοι,
503 2331 595 2383 καὶ
623 2331 930 2385 ὑποκείσθω
951 2330 1030 2402 τῷ
1048 2331 1190 2402 λόγῳ
1218 2332 1250 2403 ἡ
1282 2329 1446 2384 εἰκών
1467 2345 1481 2360 ·
1508 2328 1602 2382 δύο
1624 2328 1830 2399 πόρνοι·

254 2412 374 2466 ἀλλ’
403 2414 433 2465 0
473 2413 571 2483 μὲν
606 2414 878 2477 πλούσιος.
914 2417 942 2468 0
963 2414 1020 2468 δέ
1049 2414 1238 2483 πένης.
1264 2412 1361 2475 Τίς
1391 2412 1593 2483 μᾶλλον
1614 2410 1837 2474 ἐλπίδας

256 2490 533 2566 σωτηρίας
558 2496 707 2567 έχει;
747 2496 1104 2568 Ὡμολόγηται
1136 2494 1377 2566 δηλονότι
1430 2496 1459 2548 ὁ
1500 2493 1691 2564 πένης.
1742 2492 1834 2563 Μὴ

252 2577 435 2631 τοίνυν
462 2579 621 2649 είπῃς
645 2621 660 2641 ,
690 2580 771 2633 ὃτι
812 2580 842 2631 0
889 2578 1142 2642 πλούσιος
1181 2576 1434 2648 πορνεύει
1468 2577 1561 2630 καί
1591 2577 1832 2639 πλουτεῖ,

254 2663 357 2735 καὶ
382 2661 468 2715 διά
499 2664 656 2715 τοῦτο
688 2662 981 2735 μακαρίζω
1006 2663 1188 2716 αὑτόν.
1234 2661 1450 2715 Μᾶλλον
1486 2660 1593 2713 ἔδει
1636 2676 1696 2713 σε
1728 2676 1834 2729 μα-

254 2745 503 2813 καρίζειν
536 2746 718 2811 αὑτὸν,
766 2747 815 2797 εἰ
848 2744 1127 2816 πορνεύων
1156 2745 1398 2809 ἐπένετο,
1455 2745 1503 2796 εί
1558 2742 1836 2812 πορνεύων

254 2826 574 2896 ἐλίμωττεν’
606 2822 719 2899 εἶχε
737 2828 844 2899 γάρ
867 2828 1181 2883 διδάσκαλον
1200 2826 1721 2898 κατηναγκασμένον
1738 2826 1838 2894 τῆς

256 2910 578 2980 φιλοσοφίας
603 2913 701 2982 τὴν
724 2912 934 2965 πενίαν.
964 2914 1133 2987 Ὅταν
1159 2913 1275 2984 ἴδῃς
1305 2911 1472 2966 κακὸν
1502 2910 1837 2982 εὑημεροῦν-

252 3012 345 3061 τα,
378 2996 673 3069 δάκρυσον·
710 2996 803 3049 δύο
832 2996 942 3065 γὰρ
973 2997 1139 3059 κακά,
1176 2998 1268 3050 καὶ
1292 2996 1446 3060 νόσος
1472 2996 1565 3050 καὶ
1594 2995 1658 3048 τὸ
1684 2995 1837 3049 ἀνία-

252 3098 366 3135 τον.
392 3080 559 3134 Ὅταν
580 3079 692 3153 ἴδῃς
717 3080 886 3133 κακὸν
912 3083 969 3133 ἐν
992 3082 1295 3152 συμφοραῖς
1312 3080 1461 3144 ὄντα,
1481 3076 1834 3152 παραμυθοῦ,

257 3166 336 3235 μὴ
358 3164 446 3218 διὰ
464 3163 621 3217 τοῦτο
645 3164 827 3235 μόνον,
857 3163 939 3217 ὅτι
965 3163 1185 3233 βελτίων
1206 3163 1438 3232 γίνεται,
1467 3162 1581 3218 ἀλλ’
1605 3165 1687 3217 ὅτι
1716 3165 1839 3217 πολ-

251 3246 324 3299 λὰ
350 3246 458 3299 τῶν
476 3247 887 3317 ἁμαρτημάτων
915 3246 1077 3300 αὑτοῦ
1097 3244 1632 3301 ἐνταῦθαδιαλύεται.
1662 3246 1839 3317 Πρόσ-

250 3346 349 3399 εχε
386 3331 524 3400 μετὰ
546 3330 832 3400 ἀκριϐείας
861 3329 938 3399 τῷ
965 3329 1128 3400 λόγῳ.
1164 3329 1355 3383 Πολλοὶ
1391 3331 1500 3383 τῶν
1535 3327 1837 3401 ἀνθρώπων

252 3415 352 3466 καί⁵
398 3413 629 3466 ἐνταῦθα
685 3412 1025 3479 διαλύονται,
1060 3414 1154 3466 καὶ
1182 3416 1300 3467 ἐκεῖ
1340 3414 1649 3484 κρίνονται·
1699 3414 1747 3466 οἰ
1781 3413 1839 3466 δὲ

253 3493 492 3567 ἐνταῦθα
533 3495 709 3565 μόνον.
737 3496 785 3549 οἰ
808 3495 865 3548 δὲ
890 3498 1007 3549 ἐκεῖ
1037 3496 1214 3565 μόνον.
1252 3496 1466 3566 Κάτεχέ
1501 3512 1603 3567 μου
1638 3495 1735 3567 τὴν
1759 3495 1838 3548 δι-

251 3565 548 3631 δασκαλίαν
568 3595 580 3607 ο
614 3570 770 3640 οὗτος
798 3577 907 3648 γὰρ
935 3576 1330 3648 διευκρινηθεὶς
1354 3580 1383 3631 0
1407 3565 1565 3647 λόγος
1608 3565 1836 3642 πολλοὺς

253 3658 517 3731 θορύϐους
540 3660 759 3714 ἐκϐαλεῖ
789 3677 880 3714 σου
913 3659 1007 3712 τοῦ
1040 3659 1321 3737 λογισμοῦ,

342 3741 501 3806 'A11’,
537 3744 585 3795 εί
626 3742 793 3804 δοκεῖ,
830 3744 1245 3813 παραγάγωμεν
1292 3744 1372 3806 εἰς
1408 3742 1571 3813 μέσον
1621 3744 1835 3815 πρῶτον

253 3826 347 3880 τὸν
395 3828 511 3879 ἐκεῖ
550 3826 647 3896 μὲν
690 3824 1069 3895 κολαζόμενον,
1111 3824 1423 3879 ἐνταῦθαδέ
1452 3825 1835 3879 ἀπολαύσαντα

253 3909 488 3980 τρυφῆς.
522 3908 946 3980 Προσεχέτωσαν
976 3910 1068 3961 καὶ
1094 3907 1338 3961 πλούσιοι
1369 3908 1463 3961 καὶ
1496 3908 1727 3978 πένητες
1756 3906 1835 3977 τῷ

252 3993 552 4064 λεγομένῳι
605 3991 885 4064 ἑκατέροις
940 3992 1050 4062 γὰρ
1109 3993 1377 4063 χρήσιμος
1421 3994 1453 4063 ἡ
1496 3992 1831 4045 διδασκαλία.

255 4079 381 4129 Ὅτι
409 4076 515 4145 γάρ
545 4076 637 4129 καὶ
670 4073 818 4147 [77η
852 4075 1085 4128 ἐνταῦθα
1116 4074 1211 4128 καί
1257 4077 1373 4128 ἐκεῖ
1408 4074 1594 4127 πολλοί
1624 4074 1836 4144 κρίνον-

248 4179 363 4221 ται.
389 4161 551 4213 ἄκουε
573 4160 665 4213 τοῦ
690 4159 923 4230 Χριστοῦ
949 4159 1214 4228 λέγοντος
1246 4163 1352 4226 Εἰς
1380 4158 1460 4226 ἣν
1483 4160 1534 4213 δ’
1559 4158 1634 4214 ἂν
1655 4161 1836 4213 πόλιν

246 4246 291 4313 ἡ
322 4244 520 4296 οὶκίαν
546 4241 874 4310 εἰσέλθητε,
905 4244 1313 4312 εἰσερχόμενοι
1350 4245 1437 4309 εἰς
1463 4242 1577 4311 τὴν
1613 4244 1830 4309 οὶκίαν,

249 4324 621 4380 ἀσπάσασθε
672 4325 886 4393 αὐτὴν,
940 4325 1241 4394 λέγοντες-ο
1281 4325 1502 4394 Εἰρήνη
1556 4324 1638 4391 τῷ
1689 4327 1834 4391 οἴκῳ

247 4411 461 4472 τούτῳ.
493 4409 622 4463 Κᾶν
645 4408 763 4478 μὲν
799 4404 841 4479 ᾖ
867 4410 905 4477 ή
943 4410 1099 4463 οἰκία
1124 4410 1285 4474 ἀξία,
1328 4410 1643 4464 εἰσελθέτω
1677 4411 1717 4479 ή
1753 4413 1832 4465 εί-

244 4492 404 4564 ρήνη
428 4490 596 4559 ὑμῶν
618 4492 710 4545 ἐπ’
733 4491 944 4559 αὐτήν
977 4493 1085 4546 ἐὰν
1112 4493 1179 4545 δὲ
1198 4493 1283 4561 μὴ
1312 4488 1353 4564 ᾖ
1376 4494 1537 4557 ἀξία,
1562 4496 1599 4561 ἡ
1625 4494 1832 4563 εἰρήνη

248 4574 420 4644 ὑμῶν
445 4576 537 4644 ἐφ’
569 4576 723 4644 ὑμᾶς
754 4575 1173 4645 ἐπιστραφήτω
1194 4576 1241 4629 ι).
1273 4579 1381 4631 Καὶ
1410 4578 1477 4644 ὃς
1521 4577 1598 4631 ἂν
1618 4577 1704 4647 μὴ
1737 4578 1832 4632 δέ·

248 4660 429 4728 ξηται
451 4660 629 4730 ὑμᾶς,
656 4660 812 4729 μηδὲ
841 4662 1077 4728 ἀκούσῃ
1112 4661 1255 4726 τοὺς
1273 4664 1497 4732 λόγους
1524 4663 1709 4732 ὑμῶν,
1732 4664 1832 4729 ἐξ·

172 4782 187 4793 .
246 4744 566 4813 ερχόμενοι
615 4744 731 4807 ἐξω
793 4742 903 4811 τῆς
967 4746 1234 4811 πόλεως,
1312 4744 1658 4810 ἐκτινάξατε
1726 4748 1833 4801 τὸν

246 4827 567 4895 κονιορτὸν
615 4825 732 4880 τῶν
774 4827 975 4879 ποδῶν
1018 4824 1205 4896 ὑμῶν.
1261 4829 1437 4897 Ἀμὴν
1466 4830 1621 4899 λέγω
1667 4833 1829 4899 ὑμῖν,

245 4912 644 4978 ἀνεκτότερον
676 4910 847 4963 ἔσται
879 4908 953 4979 γῆ
980 4910 1257 4981 Σοδόμων
1286 4910 1386 4965 καὶ
1417 4914 1738 4982 Γομόρρων
1762 4915 1833 4967 ἐν

246 4994 442 5064 ἡμέρᾳ
482 4994 754 5060 κρίσεως,
788 4994 826 5059 ἢ
855 4992 930 5060 τῇ
970 4996 1143 5047 πόλει
1170 4996 1390 5065 ἐκείνῃ.
1418 4998 1521 5062 Εἰς
1555 4996 1637 5065 ἣν
1672 4998 1724 5052 δ’
1756 4999 1845 5054 ἂνω

247 5080 435 5132 πόλιν
469 5074 507 5143 ἢ
541 5077 738 5129 οὶκίαν
767 5078 1099 5144 εἰσέλθητε,
1135 5078 1460 5142 ἐξετάσατε
1503 5081 1594 5146 τίς
1618 5081 1688 5134 ἐν
1725 5086 1832 5138 αὑ-

246 5160 325 5226 τῇ
366 5158 535 5224 ἄξιός
575 5158 727 5221 ἐστι,
764 5158 941 5213 κάκεῖ
966 5160 1228 5227 μείνατε,
1274 5161 1385 5227 ἕως
1414 5162 1489 5215 ἂν
1519 5163 1827 5231 ἐξέλθητε.

259 5244 398 5296 Ἀπὸ
419 5242 622 5308 τούτων
650 5242 809 5311 δῆλον
840 5244 991 5295 ὅτιοὶ
1019 5245 1267 5315 Σοδόμων
1298 5249 1390 5300 καί
1416 5249 1453 5300 Γ
1459 5227 1708 5320 ομόρέων
1728 5227 1830 5304 ’καί

246 5323 487 5377 ἐνταῦθα
541 5324 857 5395 ἐκρίθησαν,
914 5326 1007 5378 καὶ
1054 5328 1170 5379 ἐκεῖ
1221 5338 1243 5366 ο
1287 5329 1624 5393 κολάζονται.
1659 5334 1855 5397 Ὅταν¹

247 5409 362 5481 γὰρ
402 5406 554 5480 λέγῃ,
606 5409 687 5462 ὅτι
732 5409 1081 5481 ἀνεκτότερον
1134 5411 1284 5467 ἔσται
1330 5415 1585 5485 Σοδόμοις
1628 5417 1660 5487 ἦ
1706 5418 1827 5472 τούο

304 5640 323 5709 _'
347 5645 503 5709 \jglip.
516 5647 716 5709 ὑδερείᾳ.

306 5704 332 5743 b
362 5705 516 5772 γειιίρ.
541 5704 656 5772 πρὸς
678 5704 798 5772 ὑμᾷς
815 5710 1167 5772 ὼαστραφέτω.

306 5772 333 5800 ⁸
359 5768 440 5817 Sic
465 5767 640 5828 νιιξετη
676 5767 721 5818 in
760 5769 929 5820 Morel.
955 5767 1002 5820 ἐι
1030 5772 1177 5824 ςειὶί.
1201 5782 1320 5824 vero
1345 5777 1424 5825 καὶ
1444 5778 1631 5828 ἐκεῖθεν.

1477 384 1565 439 DE
1601 380 1879 439 BAZARO
1916 378 2167 437 CONCIO
2208 380 2293 437 Vl.

3386 344 3528 429 ποτε

1939 494 2395 569 τοις,’δέίκνυσιν,
2434 503 2517 556 ὅτι
2554 499 2871 566 κολάζονται
2901 496 3023 568 μέν,
3051 495 3150 566 οὑχ
3170 492 3313 547 οὑτω
3356 492 3413 546 δὲ
3449 491 3526 544 (In

1968 580 1995 603 τ’

1938 602 2102 641 ουτοι.

2010 676 2071 731 δ’.
2093 677 2263 732 Πάλιν
2283 676 2421 730 εἰσὶν
2450 677 2500 729 οί
2518 674 2752 729 ἐνταῦθα
2767 670 3119 735 κολαζόμενοι
3139 668 3322 739 μόνον,
3335 664 3525 735 ὥσπερ

1936 763 1965 816 0
1998 759 2408 831 πεπορνευκώς.
2434 757 2743 831 Κορινθίοις
2781 755 2891 825 γὰρ
2920 752 3249 807 ἐπιστέλλων
3286 753 3325 812 0,
3341 750 3524 821 μακά-

1941 861 2056 915 ριος
2106 842 2338 907 Παῦλος,
2386 842 2560 905 οὑτως
2619 841 2824 909 ἔλεγεν·
2879 838 3068 903 Ὄλως
3115 835 3397 889 ἀκούεται
3454 833 3527 885 ἐν

1938 926 2079 995 ὑμῖν
2102 926 2369 995 πορνεία,
2392 925 2493 979 καὶ
2522 925 2766 992 τοιαύτη
2801 920 3071 992 πορνείαν
3113 919 3244 986 ἦτ’(
3280 916 3424 971 οὐδὲ
3454 917 3527 995 ἐξ

1938 994 2063 1076 τοῖς
2104 994 2349 1068 ἔθνεσιν
2385 1005 2749 1077 ὀνομάζεται,
2783 1005 2940 1061 ὥστε
2968 1000 3226 1074 γυναῖκα
3254 1016 3387 1054 τινα
3416 994 3525 1054 τοῦ

1938 1092 2161 1159 πατρὸς
2186 1092 2369 1160 ἐχειν.
2400 1092 2511 1145 Καὶ
2538 1090 2710 1160 ὑμεῖς
2747 1078 3189 1158 πεφὺσιωμένοι
3229 1084 3391 1145 ἐστέ,
3426 1082 3525 1137 καί

1938 1176 2076 1244 οὐχί
2114 1174 2356 1245 μᾶλλον
2400 1173 2792 1240 ἐπενθήσατε,
2828 1172 2929 1226 ἵνα
2956 1167 3183 1237 ἐξαρθῇ
3327 1165 3527 1235 μέσου

1938 1256 2106 1327 ὑμῶν
2127 1260 2160 1311 ό
2182 1256 2249 1311 τὸ
2272 1256 2450 1326 ἔργον
2476 1256 2653 1310 τοῦτο
2674 1253 2956 1321 ποιήσας.
2996 1251 3144 1321 Ἐγὼ
3166 1249 3283 1319 μὲν
3306 1247 3417 1319 γὰρ
3446 1248 3528 1313 ὡς

1938 1338 2110 1394 ἀπὼν
2142 1338 2220 1405 τῷ
2260 1337 2506 1411 σώματι,
2558 1338 2766 1406 παρὼν
2816 1335 2885 1389 δὲ
2922 1334 3003 1400 τῷ
3047 1334 3361 1411 πνεύματι,
3408 1330 3527 1411 ἤδη

1940 1422 2205 1491 κέκρικα,
2235 1422 2316 1486 ὡς
2346 1406 2562 1489 ’παρὼν
2589 1420 2698 1474 τὸν
2724 1416 3087 1485 οὕτωτοῦτο
3118 1407 3527 1483 κατεργασμέ-

1938 1521 2068 1567 νον,
2094 1504 2164 1556 ἐν
2186 1502 2268 1569 τῷ
2294 1500 2539 1572 ὀνόματι
2567 1500 2674 1557 τοῦ
2696 1502 2917 1570 Κυρίου
2955 1499 3125 1569 ήμῶν
3165 1495 3364 1566 Ἰησοῦ
3392 1497 3527 1563 Χρι-

1938 1587 2088 1641 στοῦ
2112 1585 2542 1655 συναχθέντων
2574 1583 2785 1654 ἡμῶνεί
2813 1583 2913 1637 καί
2953 1582 3056 1637 τοῦ
3087 1580 3235 1651 ἐμοῦ
3264 1578 3529 1648 πνεύμα-

1938 1684 2061 1734 τος,
2097 1668 2471 1736 παραδοῦναι
2521 1668 2627 1722 τὸν
2680 1666 2955 1721 τοιοῦτον
3013 1662 3096 1729 τῷ
3146 1660 3384 1733 σατανᾷ
3439 1663 3532 1728 εἰς

1938 1751 2191 1819 ὄλεθρον
2212 1750 2323 1819 τῆς
2348 1751 2597 1819 σαρκὸς,
2646 1752 2748 1804 ἵνα
2776 1750 2842 1803 τὸ
2879 1749 3117 1817 πνεῦμα
3154 1743 3325 1813 σωθῇ
3357 1745 3428 1798 ἐν
3452 1742 3532 1813 τῇ

1937 1833 2129 1903 ἡμέρᾳ
2150 1835 2256 1889 τοῦ
2278 1836 2502 1903 Κιιρίου
2535 1835 2752 1903 Ἰησοῦ.
2795 1830 2947 1897 Εἶδες
2979 1832 3098 1894 πῶς
3124 1825 3279 1894 οὗτος
3304 1823 3407 1885 ὦδε
3436 1846 3530 1881 κο-

1936 1916 2179 1982 λάζεται,
2230 1917 2325 1971 καὶ
2372 1919 2489 1971 ἐκεῖ
2540 1918 2600 1970 οὑ
2644 1917 2967 1981 κολάζεταις
3016 1914 3234 1982 Ἐπειδὴ
3271 1912 3381 1984 γὰρ
3422 1905 3529 1965 ὧδε

1937 2000 2206 2071 ἐκολάσθη
2250 2000 2415 2055 αὑτοῦ
2448 2001 2510 2054 τὸ
2547 2000 2726 2072 σῶμα,
2762 2003 2878 2055 ἐκεῖ
2908 2001 2968 2053 οὑ
3014 1992 3336 2063 κολάζεται.’
3375 1995 3529 2049 Θέλω

1940 2082 2041 2155 [δὲ]
2062 2083 2249 2137 λοιπὸν
2288 2084 2459 2151 δεῖξαι
2489 2083 2582 2137 τὸν
2611 2081 2714 2149 ᾧδε
2737 2083 3119 2154 τρυφήσαντα,
3148 2084 3266 2135 ἐκεῖ
3289 2081 3345 2135 δὲ
3368 2080 3531 2134 κολα-

1939 2165 2187 2237 ζόμενον.
2215 2162 2327 2223 Ἦν
2347 2186 2439 2235 τις
2463 2169 2783 2235 πλούσιος.
2822 2167 2963 2220 Ἀλλ’
2994 2168 3043 2220 εἰ
3080 2166 3176 2219 καὶ
3203 2163 3529 2236 προλαμϐά-

1892 2292 1895 2293 ν
1938 2266 2056 2302 νετε
2092 2250 2191 2321 τὴν
2229 2251 2471 2322 ἱστορίαν
2520 2250 2616 2304 τοῦ
2650 2249 3015 2320 διηγήματος,
3055 2248 3387 2319 ἀναμείνατε
3429 2248 3530 2317 τὴν

1937 2332 2089 2399 λύσιν
2115 2333 2208 2386 τοῦ
2241 2333 2422 2403 λόγου·
2444 2334 2603 2388 τοῦτο
2623 2333 2733 2404 γάρ
2762 2333 2894 2403 ἐμὸν
2935 2332 3238 2403 ἐγκώμιον,
3270 2333 3364 2386 καὶ
3386 2332 3526 2401 ὑμέ-

1935 2433 2093 2489 τερος
2125 2416 2363 2484 ἔπαινος,
2393 2417 2696 2490 προοιμίων
2725 2416 3238 2487 καταϐαλλομένων,
3257 2417 3357 2486 ἤδη
3382 2416 3529 2486 ὑμᾶς

1936 2500 2028 2553 τὸν
2058 2502 2257 2570 στάχυν
2288 2500 2605 2571 δρέπεσθαι.
2638 2500 3008 2564 Διδασκάλους
3046 2501 3191 2570 ὑμᾶς
3232 2500 3529 2572 εἰργάσατο

1937 2585 1969 2653 ἠ
2004 2584 2234 2655 συνεχὴς
2275 2583 2384 2637 τῶν
2423 2583 2597 2652 λόγων
2650 2584 2972 2647 ἀπόλαυσις
3022 2583 3137 2637 ἀλλ’
3170 2583 3359 2653 ἐπειδὴ
3408 2582 3528 2654 μεθ’

1938 2665 2093 2736 ὑμῶν
2140 2669 2248 2720 εἰσι
2289 2667 2384 2721 καὶ
2425 2667 2568 2734 ξένοι
2600 2667 2746 2730 τινὲς
2775 2657 3057 2731 εἰσιόντες,
3101 2666 3178 2738 μὴ
3216 2666 3440 2737 τρέχετε
3478 2676 3526 2726 θ,

1938 2750 2054 2803 ἀλλ’
2098 2750 2429 2821 ἀναμείνατε
2478 2751 2606 2815 τοὺς
2647 2749 3003 2820 χωλεύοντας.
3042 2749 3155 2802 Καὶ
3197 2747 3307 2820 γὰρ
3342 2750 3375 2817 ὴ
3412 2748 3531 2801 Ἐκ-

1938 2832 2137 2904 κλησία
2189 2833 2350 2904 σῶμά
2405 2835 2574 2887 ἐστιν’
2627 2832 2905 2904 ὀφθαλμὸν
2956 2832 3089 2902 ἔχει,
3141 2832 3238 2885 καὶ
3284 2830 3530 2902 κεφαλὴν

1936 2916 2069 2987 ἔχει.
2102 2917 2315 2988 Ὥσπερ
2360 2912 2453 2970 οὖν
2495 2917 2590 2970 ἐάν
2628 2918 2669 2988 ἡ
2709 2916 2919 2989 πτέρνα
2952 2916 3171 2985 δέξηται
3203 2914 3463 2979 ἄκανθαν,
3498 2916 3528 2967 0

1935 2998 2210 3070 ὀφθαλμὸς
2238 2999 2390 3053 κάτω
2430 2997 2647 3063 κύπτει,
2678 2999 2840 3070 μέλος
2880 2997 2954 3052 ὢν
2990 2997 3086 3053 τοῦ
3128 2998 3398 3069 σώματος,
3430 3000 3529 3052 καὶ

1936 3084 1997 3136 οὑ
2027 3083 2195 3151 λέγει,
2236 3083 2454 3152 Ἐπειδὴ
2504 3084 2560 3135 ἐν
2598 3081 2721 3153 ὕψει
2760 3082 3027 3154 κάθημαι,
3066 3083 3394 3153 καταφρονῶ
3429 3082 3526 3137 τοῦ

1938 3164 2090 3218 κάτω
2116 3165 2331 3235 μέλους,
2366 3165 2502 3219 ἀλλά
2532 3165 2729 3220 κύπτει
2755 3166 2847 3220 κοιλ⁸
2881 3165 3284 3236 καταλιμπάνει
3317 3165 3379 3219 τὸ
3401 3166 3528 3219 ἐαυ-

1935 3247 2030 3301 τοῦ
2096 3247 2249 3317 ὑψος·
2317 3249 2496 3303 καίτοι
2547 3249 2600 3302 τί
2649 3250 2888 3320 πτέρνης
2938 3249 3336 3318 εὐτελέστερον,
3384 3249 3417 3319 ἢ
3472 3248 3526 3302 τί

1936 3330 2216 3402 ὀφθαλμοῦ
2241 3333 2653 3405 εὐγενέστερον;
2677 3333 2791 3387 ἀλλ’
2815 3337 2847 3405 ἡ
2878 3333 3192 3403 συμπάθεια
3218 3333 3278 3387 τὸ
3304 3333 3529 3402 ἀνώμα-

1937 3416 2027 3469 λον
2054 3414 2354 3486 διώρθωσε,
2398 3418 2492 3470 καὶ
2530 3418 2564 3488 ἡ
2602 3418 2791 3486 ἀγάπη
2815 3417 2876 3469 τὸ
2910 3419 3025 3470 πᾶν
3069 3415 3353 3486 ἐκέρασενσ
3381 3415 3527 3470 οὕτω

1938 3496 2032 3551 καὶ
2076 3499 2140 3551 σὺ
2187 3499 2348 3552 ποίει·
2400 3498 2503 3553 κᾶν
2535 3500 2705 3570 ταχὺς
2740 3495 2828 3572 ᾖς,
2865 3498 2967 3552 κᾶν
3004 3500 3525 3571 παρεσκευασμένος

1938 3580 2075 3649 πρὸς
2124 3581 2407 3653 ἀκρόασιν,
2457 3581 2532 3653 μὴ
2588 3582 2718 3654 ἔχῃς
2767 3584 2825 3636 δέ
2871 3582 3389 3655 παρακολουθοῦντα
3431 3584 3525 3637 τὸν

1938 3660 2167 3730 ἀδελφὸν
2211 3663 2324 3724 τοῖς
2362 3660 2879 3732 καταϐαλλομένοις,
2918 3663 3214 3734 καταϐήτω
3253 3664 3281 3716 0
3320 3661 3525 3730 ὀφθαλ-

1942 3745 2039 3815 μός
2071 3760 2164 3797 σου
2196 3744 2333 3814 πρὸς
2359 3743 2456 3814 τὴν
2480 3745 2732 3816 πτέρναψ
2771 3763 2833 3797 συ
2842 3745 3140 3816 μπασχέτω
3163 3745 3243 3817 τῷ
3265 3745 3527 3816 χωλεύον-

1934 3844 1988 3879 τι
2039 3826 2212 3898 μέλει,
2255 3825 2396 3880 ὥστε
2433 3828 2507 3899 μὴ
2549 3827 2639 3881 διά
2679 3826 2779 3899 τὴν
2824 3829 2922 3898 σὴν
2954 3829 3251 3900 ταχυτῆτα,
3288 3831 3381 3882 καὶ
3424 3829 3524 3900 τὴν

1938 3908 2148 3963 ἐκείνου
2211 3908 2543 3981 βραδυτῆτα,
2604 3909 2811 3980 ἔρημον
2857 3911 3019 3964 αὑτὸν
3081 3913 3374 3982 ἀπομεῖναι
3425 3911 3522 3965 τοῦ

1938 3990 2087 4063 [778]
2123 3991 2304 4059 λόγου.
2356 3992 2448 4063 Μὴ
2477 3994 2543 4064 τῇ
2578 3994 2791 4046 συνέσει
2833 3995 2899 4065 τῇ
2942 3996 3007 4065 σῇ
3050 3996 3127 4057 εἰς
3170 3994 3380 4047 ἐκείνου
3419 3994 3527 4047 ἀπο

1934 4074 2131 4128 ὠλειαν
2183 4075 2496 4148 άποχρήσῃ,
2536 4075 2672 4130 ἀλλὰ
2702 4077 2862 4148 χάριν
2898 4078 2989 4148 ἐχε
3024 4077 3103 4148 τῷ
3132 4077 3252 4148 Θεῷ
3293 4077 3381 4131 διὰ
3422 4078 3524 4149 τὴν

1938 4158 2036 4230 σὴν
2056 4161 2353 4231 ταχυτῆτα.
2388 4158 2651 4224 Πλούσιος
2681 4156 2766 4225 εί;
2804 4162 2981 4234 χαίρω
3010 4163 3106 4215 καὶ
3132 4161 3517 4232 εὑφραίνομαι·

1935 4242 2049 4296 ἀλλ’
2078 4244 2285 4306 ἐκεῖνος
2320 4242 2404 4296 ἐτι
2435 4242 2682 4297 πένεται*
2711 4243 2785 4316 μὴ
2809 4244 2899 4298 διὰ
2927 4244 3020 4298 τὸν
3051 4244 3141 4298 σὸν
3162 4245 3392 4300 πλοῦτον
3421 4263 3517 4317 με·

1936 4327 2073 4382 νέτω
2113 4328 2172 4380 ἐν
2196 4329 2262 4398 τῇ
2286 4327 2549 4397 πτωχείᾳ.
2580 4326 2862 4380 Ἀκανθαν
2892 4326 3003 4398 ἔχει
3037 4329 3262 4393 ἐκεῖνος,
3293 4329 3519 4402 τεθορυ-

1936 4410 2175 4481 ϐημένον
2217 4408 2498 4479 λογισμόνθ
2542 4408 2680 4463 ἀλλά
2720 4409 2992 4483 κατάϐηθι
3033 4411 3169 4482 πρὸς
3207 4413 3390 4477 αὑτὸν,
3426 4414 3523 4467 καὶ

1937 4492 2084 4557 ἔξελε
2110 4492 2209 4562 τὴν
2233 4492 2495 4545 ἄκανθαν.
2515 4492 2579 4545 Τί
2613 4488 2706 4546 οὑν
2728 4510 2890 4563 φησιν
2911 4511 2924 4558 ;
2954 4490 3066 4549 Ἦν
3086 4513 3177 4562 τις
3198 4497 3518 4562 πλούσιος,

1935 4576 2181 4646 ὀνόματι,
2200 4576 2320 4649 οὐχὶ
2347 4572 2770 4646 πράγματιΪΗν
2792 4594 2882 4641 τις
2897 4580 3216 4644 πλούσιος,
3232 4578 3521 4651 πορφύραν

1936 4659 2375 4729 ἐνδιδυσκόμενος
2402 4701 2420 4725 ,
2452 4657 2732 4728 τράπεζαν
2766 4660 3204 4733 παρατιθέμενος
3228 4662 3515 4734 πολυτελῆ,

1936 4741 2218 4814 κρατῆρας
2268 4740 2407 4810 ἔχων
2458 4742 2825 4813 ἐστεμμένους
2863 4744 3029 4809 οἴνου,
3077 4745 3353 4815 συμπόσια
3395 4746 3516 4799 καθ’

1937 4825 2173 4894 ἑκάστην
2200 4825 2413 4895 ἡμέραν
2444 4826 2633 4879 ποιῶν·
2670 4828 2857 4899 ἕτερος
2888 4828 2945 4882 δέ
2979 4846 3062 4893 τις
3084 4824 3153 4901 ἦν
3182 4829 3375 4901 πένης,
3410 4830 3517 4884 Λά-

1935 4908 2100 4980 ζαρος
2122 4907 2365 4979 ὀνόματι.
3504 4904 3507 4907 ’

2008 4991 2117 5043 Καὶ
2147 4990 2251 5044 ποῦ
2282 4991 2344 5043 τὺ
2368 4990 2539 5062 ὄνομα
2568 4992 2659 5046 τοῦ
2693 4992 2982 5058 πλουσίου;
3015 4992 3287 5064 Οὑδαμοῦ·
3314 4994 3517 5049 ἀνώνυ-

1937 5089 2036 5143 μος
2077 5073 2187 5144 γάρ
2223 5075 2357 5129 ἐστι.
2395 5074 2567 5137 Πόσος
2601 5076 2856 5140 πλοῦτος;
2892 5078 2986 5129 καὶ
3033 5078 3204 5147 ὄνομα
3236 5076 3385 5147 αὑτῴ
3419 5079 3516 5147 οὐχ

1933 5155 2265 5227 εὑρίσκεται.
2300 5156 2455 5219 Ποῖος
2510 5157 2738 5221 πλοῦτος
2790 5152 2977 5224 οὗτος
3034 5160 3257 5231 Δένδρον
3298 5161 3515 5231 φύλλοις

1937 5238 2038 5307 μὲν
2091 5239 2297 5309 κομῶν,
2350 5240 2562 5309 καρποῦ
2601 5240 2658 5293 δὲ
2704 5244 3172 5314 ἀπεστερημένον,
3216 5244 3346 5317 δρῦς
3381 5247 3514 5315 πρὸς

1934 5320 2065 5389 ὑψος
2114 5322 2513 5393 ἀνατεταμένη,
2568 5323 2786 5392 ἀλόγοις
2819 5326 3026 5398 τροφὴν
3065 5329 3379 5399 παρέχουσα
3417 5331 3514 5399 τὴν

1935 5403 2183 5471 βάλανον,
2244 5406 2531 5477 ἄνθρωπος
2584 5408 2685 5461 οὑκ
2746 5408 2883 5478 ἔχων
2932 5410 3222 5482 ἀνθρώπου
3278 5414 3511 5483 καρπόν.

1935 5487 2105 5539 Ὅπου
2140 5487 2248 5556 γὰρ
2283 5487 2513 5552 πλοῦτος
2545 5491 2638 5542 καὶ
2686 5492 2953 5561 ἁρπαγαὶ,
2986 5494 3149 5558 λύκος
3182 5497 3210 5548 0
3251 5495 3499 5567 βλεπόμε-

1934 5586 2040 5633 νοςο
2072 5571 2203 5624 ὅπου
2234 5571 2463 5637 πλοῦτος
2488 5574 2580 5627 καί
2611 5574 2892 5645 θηριωδία,
2918 5578 3104 5632 λέοντα
3130 5578 3260 5650 ὁρῶ,
3299 5583 3392 5634 καὶ
3416 5581 3517 5633 ιὺκ

1992 5723 2017 5763 d
2048 5725 2170 5793 βεδε.
2198 5741 2306 5793 cum
2339 5729 2487 5780 Savil.
2517 5734 2665 5793 ὑμῶν.

1999 5794 2021 5819 θ
2048 5785 2195 5837 νδιὶε.
2225 5792 2287 5851 μὴ
2306 5807 2377 5853 πε..
2398 5785 2673 5854 λαμϐάνετε.
