4154 6320
191 413 331 469 1055

189 530 278 584 tia:
291 542 370 582 ac
399 523 621 594 rapinae,
655 520 809 588 lupus
839 525 927 570 est
952 514 997 568 is
1023 511 1112 583 qui
1151 508 1388 566 cernitur
1421 527 1434 562 :
1463 507 1550 562 ubi
1580 504 1785 561 divitia

188 633 243 677 et
288 620 493 681 feritas,
540 615 748 668 lennem
785 608 940 664 video
979 621 1083 661 non
1114 603 1423 658 hominem:
1455 600 1786 655 nobilitatem

188 708 421 782 perdidit
451 703 779 775 ignobilitate
824 698 1060 753 malitiae.
1097 695 1247 749 Dives
1276 702 1381 746 erat
1422 692 1669 764 quidam,
1697 689 1787 782 qui

184 781 428 873 quotidie
453 811 682 868 purpura
709 792 1028 847 induebatur
1051 806 1064 841 :
1092 788 1268 842 ani-ma
1291 799 1420 840 vero
1441 785 1557 853 ejus
1577 781 1789 838 araneis

186 893 399 950 referta.
417 897 533 946 erat
573 906 586 942 :
633 892 901 956 unguenta
931 881 1197 952 spirabat,
1245 887 1300 932 at
1346 877 1552 933 fmtoris
1601 875 1799 945 plenus

187 993 310 1040 erat
340 1000 369 1038 ι
388 994 572 1036 mensa
602 978 678 1032 illi
726 974 1093 1046 apponebatur
1136 971 1357 1041 opipara
1387 985 1401 1021 :
1430 967 1693 1039 parasitos
1734 967 1795 1021 et

187 1077 494 1132 adulatores
537 1071 711 1127 alebat
757 1087 771 1122 :
815 1081 1033 1124 carnem
1063 1064 1343 1135 saginabat
1368 1061 1664 1116 ancillam:
1695 1059 1795 1113 do—

189 1170 394 1224 minam
447 1173 624 1220 autem
653 1161 884 1217 animam
914 1159 1054 1214 fame
1083 1156 1382 1214 confectam
1435 1152 1747 1232 negligebat.
1772 1168 1785 1204 :

187 1260 385 1314 domus
422 1257 496 1311 illi
527 1247 643 1311 erat
675 1252 835 1309 sertis
864 1249 1108 1306 redimita
1128 1290 1158 1314 ,-
1176 1247 1272 1302 sed
1301 1242 1640 1301 fundamenta
1670 1257 1792 1311 pec-

188 1352 296 1407 cati
323 1350 473 1404 calce
515 1345 778 1410 obducta,
819 1351 876 1398 et
902 1341 1079 1397 anima
1098 1341 1165 1419 in
1189 1338 1317 1393 vino
1344 1335 1579 1392 defossa.
1632 1333 1790 1387 Dives

190 1445 356 1514 igitur
400 1440 494 1494 ille
539 1451 737 1494 mensa.
771 1435 1042 1490 fruebatur
1080 1431 1298 1502 opipara
1346 1429 1656 1499 poculisque
1680 1425 1787 1479 vini

188 1531 463 1589 coronatis
493 1548 506 1584 :
539 1529 803 1600 parasitos
842 1535 899 1581 et
933 1531 1296 1580 assentatores
1323 1521 1534 1584 alebat,
1564 1533 1786 1588 pravum

189 1622 392 1678 diaboli
423 1619 690 1677 theatrum
710 1659 726 1684 ,
767 1617 921 1686 lupos
947 1615 1064 1670 illos
1083 1655 1098 1679 ,
1131 1613 1220 1684 qui
1251 1612 1446 1666 multos
1474 1608 1703 1664 divitum
1734 1608 1786 1661 in
1822 1625 1826 1630 π

189 1714 507 1768 servitutem
537 1709 818 1780 redigunt,
865 1707 956 1777 qui
1001 1704 1288 1775 perniciem
1336 1702 1553 1755 illorum
1585 1697 1789 1754 ventris

190 1803 278 1860 sui
304 1803 610 1873 expictione
641 1808 976 1863 mercantur,
1003 1796 1094 1867 qui
1135 1792 1347 1849 divitias
1383 1791 1587 1846 honore
1622 1789 1789 1845 multo

193 1907 251 1953 et
277 1895 640 1952 assentatione
668 1891 1005 1968 p0pulantur.

269 1969 370 2047 Ubi
405 1989 556 2047 aetate!
593 1988 838 2041 inclinata
873 2001 952 2038 res
983 1992 1077 2051 est,
1100 1981 1250 2035 amici
1283 1980 1346 2034 de
1383 1977 1657 2032 medim—
1687 1974 1790 2030 Ne-

190 2098 464 2157 quaquam
485 2082 699 2137 abcrret
721 2077 812 2149 qui
835 2077 967 2131 tales
987 2074 1232 2129 homines
1258 2072 1414 2142 lupos
1437 2067 1790 2157 compellave-

193 2155 284 2241 rit,
316 2175 406 2244 qui
435 2173 585 2242 quasi
615 2185 770 2226 ovem
799 2167 1018 2223 divitem
1051 2164 1103 2219 in
1130 2163 1307 2220 medio
1335 2159 1598 2230 positum,
1619 2155 1790 2212 laudi-

191 2269 294 2323 bus
308 2265 573 2321 extollunt
597 2271 651 2316 et
673 2258 953 2333 praeconiis
974 2255 1179 2321 inﬂant,
1212 2267 1276 2309 ac
1301 2267 1369 2307 ne
1391 2248 1611 2322 quidem
1639 2247 1789 2303 ulcus

190 2359 376 2414 videre
404 2357 620 2418 sinunt,
661 2351 757 2408 sed
785 2352 901 2421 ejus
930 2347 1163 2404 mentem
1194 2351 1498 2409 excaecant,
1547 2337 1756 2410 putredi
1775 2366 1789 2379 -

191 2463 318 2504 nem
349 2453 562 2517 augent.
597 2441 798 2498 Deinde
821 2439 896 2513 (a)
920 2447 1119 2493 mutata
1145 2450 1323 2491 rerum
1350 2431 1508 2497 faeie,
1524 2429 1680 2485 amici
1707 2426 1792 2482 fu-

187 2541 365 2610 giunt,
402 2551 501 2593 nos
539 2548 667 2602 vero
705 2532 799 2603 qui
835 2527 1266 2598 increpabamus,
1318 2519 1789 2610 commiseratione

161 2609 474 2685 'movemur
503 2646 516 2680 :
548 2626 710 2680 tarvae
740 2623 844 2677 illa:
863 2662 878 2689 ,
914 2619 1056 2691 quod
1084 2617 1398 2688 plcrumque
1433 2613 1544 2683 jam
1571 2609 1793 2676 accidit,

185 2721 546 2778 occultantur.

262 2813 318 2866 5.
361 2811 518 2865 Dives
560 2822 690 2878 ergo
719 2806 808 2861 ille
855 2799 1116 2873 parasitos
1157 2800 1337 2856 alebat
1375 2807 1429 2854 et
1456 2796 1785 2860 adulatores,

185 2906 409 2959 domum
460 2900 728 2970 propriam
776 2896 1040 2950 theatrum
1092 2892 1330 2956 fecerat,
1378 2890 1504 2944 vino
1549 2886 1789 2958 singulos

187 2977 534 3058 resolvebat,
583 2990 744 3054 rebus
782 2985 1079 3041 [admodum
1139 2982 1413 3053 prosperis
1464 2978 1784 3034 fruebatur:

185 3087 324 3141 alius
353 3099 482 3138 vero
512 3080 728 3152 quidam
754 3076 1149 3156 eratlLazarus,
1180 3072 1450 3128 ulceribus
1479 3069 1688 3140 plenus,
1719 3066 1787 3120 ad

184 3178 384 3230 ostium
415 3173 592 3228 divitis
615 3170 810 3226 sedens
830 3210 844 3234 ,
888 3167 980 3238 qui
1007 3167 1092 3222 vel
1123 3167 1290 3220 micas
1317 3163 1566 3233 cupiebat
1595 3178 1609 3215 :
1635 3161 1785 3230 juxta

184 3270 391 3322 fontem
423 3265 652 3328 sitiebat,
683 3263 736 3316 in
767 3275 826 3316 re
853 3269 959 3316 tam
987 3273 1242 3328 prospera
1272 3257 1410 3311 fame
1434 3253 1789 3311 consumeba-

186 3372 298 3414 tur.
328 3360 393 3412 Et
410 3372 645 3428 quonam
667 3354 939 3426 projectus
962 3350 1176 3408 fuerat?
1205 3348 1321 3404 Non
1348 3349 1402 3402 in
1427 3349 1654 3414 bivium,
1679 3362 1787 3401 non

185 3455 242 3506 in
271 3452 469 3514 vicmn,
500 3463 607 3504 non
636 3446 690 3501 in
713 3444 1072 3516 angiportum,
1096 3456 1202 3496 non
1231 3439 1464 3496 medium
1489 3440 1545 3494 in
1573 3439 1783 3504 forum;

181 3543 284 3599 sed
312 3541 380 3596 ad
409 3541 604 3595 ostium
651 3536 828 3592 divitis
848 3577 864 3602 ,
905 3548 1009 3604 qua
1052 3533 1390 3603 ingressurus
1419 3530 1509 3585 ille
1535 3543 1786 3599 egressu-

182 3651 388 3706 rusque
414 3632 719 3689 necessario
735 3638 851 3685 erat
879 3646 892 3680 :
916 3643 984 3683 ne
1009 3627 1231 3691 diceret,
1264 3640 1372 3680 non
1400 3623 1530 3690 vidi,
1558 3631 1784 3692 przeter-

183 3730 259 3784 ivi
288 3730 326 3793 ι,
357 3742 460 3781 non
492 3725 662 3780 oculis
690 3721 918 3793 inspexi.
948 3719 1029 3774 Ad
1071 3719 1370 3789 ingressum
1426 3724 1578 3772 tuum
1616 3713 1782 3784 jacet,

181 3799 474 3888 margarita
497 3817 552 3874 in
580 3830 757 3882 emno,
785 3822 839 3873 et
868 3828 972 3868 non
1002 3809 1190 3865 vides?
1218 3809 1457 3866 Medicus
1477 3807 1543 3864 ad
1566 3806 1782 3872 ostium,

179 3921 237 3967 et
265 3926 374 3964 non
409 3909 615 3964 curaris
633 3907 658 3958 τ
702 3897 1039 3962 Gubernator
1069 3903 1122 3956 in
1148 3909 1303 3972 portu
1324 3941 1342 3968 ,
1369 3909 1426 3955 et
1452 3897 1785 3968 naufragium

179 3999 434 4072 pateris?
479 3996 748 4051 Parasitos
773 3993 895 4059 alis,
936 4002 996 4047 et
1023 4004 1284 4062 pauperes
1323 4005 1427 4043 non
1472 3987 1614 4042 alis?
1659 3986 1786 4041 Ηωο

179 4101 318 4147 tunc
341 4096 492 4160 gesta
519 4095 678 4154 sunt,
713 4084 978 4151 hodieque
1019 4091 1299 4152 geruntur.
1349 4079 1475 4135 Ideo
1496 4079 1639 4134 enim
1670 4077 1787 4132 htec

176 4183 385 4252 scripta
414 4188 573 4244 sunt,
618 4187 679 4233 ut
706 4175 905 4248 posteri
950 4189 1015 4230 ex
1055 4174 1217 4229 rebus
1262 4171 1391 4242 ipsis
1419 4170 1780 4232 erudirentur,

177 4292 248 4332 ac
274 4291 345 4330 ne
392 4272 586 4337 eadem
611 4271 725 4341 ipsa
766 4277 1112 4341 paterentur,
1153 4280 1274 4335 qua:
1319 4278 1508 4334 passus
1548 4263 1639 4316 ille
1679 4269 1783 4315 est.

176 4366 269 4424 Ad
300 4365 497 4420 ostium
524 4363 684 4433 igitur
703 4361 918 4432 jacebat
945 4373 1154 4429 pauper
1183 4374 1196 4409 :
1231 4371 1430 4426 pauper
1456 4354 1607 4419 foris,
1634 4353 1785 4407 dives

177 4459 331 4513 intus
359 4474 373 4510 :
402 4442 630 4523 corpore
675 4450 944 4519 ulceribus
975 4448 1133 4519 pleno
1171 4445 1384 4516 jacebat
1419 4462 1434 4498 :
1478 4444 1782 4508 thesaurus,

175 4550 275 4620 qui
305 4549 356 4601 in
397 4544 679 4615 superficie
707 4543 905 4612 Spiuas,
939 4541 1082 4594 intus
1107 4553 1237 4592 vero
1267 4534 1602 4605 margaritas
1623 4532 1784 4588 habe-

176 4644 298 4696 bat.
330 4637 484 4706 Quod
527 4635 670 4690 enim
698 4634 774 4689 illi
816 4641 1194 4687 nocumentum
1222 4646 1288 4684 ex
1322 4628 1631 4683 infirmitate
1657 4642 1786 4686 cors

175 4731 336 4803 poris
356 4771 370 4794 ,
400 4727 576 4781 anima
606 4726 743 4780 bene
773 4723 1026 4778 valente?
1052 4722 1284 4775 Audiant
1313 4735 1573 4790 pauperes
1593 4760 1608 4784 ,
1637 4727 1692 4772 et
1718 4733 1785 4772 ue

176 4839 421 4881 tumrore
450 4822 851 4893 prtefoccntur:
880 4817 1101 4872 audiant
1139 4815 1332 4870 divites
1355 4855 1370 4880 ,
1404 4822 1459 4869 et
1486 4829 1516 4868 a
1549 4813 1784 4882 nequitia

174 4927 587 4975 convertantur.
637 4915 760 4969 Ideo
808 4925 1038 4980 namque
1068 4909 1152 4964 ha:
1181 4909 1300 4963 duae
1340 4907 1496 4962 nobis
1525 4905 1785 4974 imagines

178 5016 465 5081 prostant,
511 5007 816 5060 divitiarum
859 5012 912 5058 et
953 5000 1322 5072 paupertatis,
1368 4996 1702 5081 crudelitatis
1732 5005 1787 5050 et

179 5098 528 5162 tolerantiae,
579 5095 848 5166 patientia:
891 5101 947 5148 et
990 5091 1246 5147 avaritite.
1297 5090 1366 5145 Ut
1411 5103 1540 5144 eum
1583 5087 1786 5142 videris

176 5205 478 5265 pauperem
508 5187 774 5243 ulceribus
805 5186 1018 5255 plenum
1049 5191 1104 5237 et
1131 5184 1439 5251 despectum
1465 5222 1480 5245 ,
1524 5195 1593 5234 ne
1619 5179 1783 5232 mise-

179 5303 308 5343 rutn
337 5281 709 5354 pratdicaveris
738 5298 752 5335 :
784 5296 906 5334 cum
938 5278 1131 5354 videris
1155 5277 1374 5331 divitem
1404 5284 1683 5338 ornatum,
1718 5287 1785 5327 ue

180 5382 406 5436 beatum
433 5376 655 5432 dixeris.
704 5372 938 5430 Gradum
987 5373 1127 5428 refer
1162 5371 1227 5424 ad
1271 5371 1578 5440 parabolatn
1612 5386 1625 5421 :
1656 5367 1699 5420 si
1731 5375 1784 5421 te

180 5470 371 5527 turbet
397 5467 728 5537 naufragium
757 5465 1160 5534 cogitationum,
1191 5462 1314 5532 fuge
1345 5463 1394 5515 in
1427 5470 1639 5536 portum
1671 5477 1684 5513 :
1717 5474 1782 5512 ex

176 5567 305 5637 ejus
351 5547 658 5618 narratione
698 5559 1116 5615 consolationem
1149 5557 1331 5625 accipe
1362 5572 1373 5606 :
1406 5554 1576 5624 cogita
1621 5551 1786 5605 Laza-

250 5729 270 5761 ι
309 5721 521 5782 Benzel.,
548 5730 649 5774 Non
672 5719 772 5771 vidi
793 5733 907 5772 cum
928 5714 1194 5785 ριςᾳίωζίιᾱ-
1535 5774 1563 5785 ,,
1679 5775 1706 5785 ,,
1729 5775 1758 5785 ,,

248 5787 327 5852 (αν)
351 5793 449 5834 ltoc
472 5774 1612 5852 fragmeututneum'a_liisIChrysostomi‘tlpsalite
1632 5775 1783 5847 edidit

177 5840 269 5906 vir‘
280 5840 454 5901 doctus
470 5840 633 5899 Ericus
653 5844 899 5907 Demehus
924 5844 981 5895 ad
1001 5840 1147 5891 [lJetu
1160 5840 1352 5892 codicis
1376 5840 1666 5888 bat‘uceiaui.

1438 395 1524 448 DE
1564 389 1834 448 LAZARO
1873 390 2117 448 CONCIO
2158 393 2243 448 Ἦ.

3362 402 3499 455 103i

1896 522 2017 563 rum
2063 508 2414 578 despectum,
2465 510 2636 581 cogita
2681 509 2917 566 divitcm-
2945 528 3198 582 prospere
3247 524 3491 582 agentem

1897 596 2212 668 deliciisque
2243 598 2505 655 fruentem
2533 641 2546 665 ,
2596 601 2830 672 nihilque
2872 611 2924 657 te
2968 605 3241 672 perturbet
3280 619 3490 668 eorum.

1897 704 2016 758 quae
2062 689 2113 742 in
2165 691 2291 745 vita:
2319 702 2595 761 geruntur.
2646 691 2778 748 Nam
2827 695 2869 747 si
2918 704 3168 750 accurato
3217 697 3497 752 ratiocinio

1894 783 2099 847 utaris,
2151 797 2256 836 nou
2289 793 2340 838 te
2385 783 2578 838 fluctus
2621 785 2940 855 demergunt
2969 804 2982 840 :
3013 787 3161 842 navis
3201 805 3308 842 non
3338 788 3498 863 undis

1899 873 2176 938 obruitur,
2222 875 2266 928 si
2313 876 2577 930 ratiocinii
2635 878 2923 947 sagacitate
2970 894 3150 934 rerum
3201 880 3498 950 distinguas

1899 973 2164 1017 naturam.
2195 965 2332 1030 Quid
2366 973 2419 1019 tu
2445 965 2572 1019 tnilti
2599 966 2766 1033 dicis,
2800 966 2994 1037 corpus
3021 986 3198 1024 meum
3230 972 3282 1025 in
3322 987 3492 1042 angu-

1898 1062 1984 1107 sto
2021 1053 2208 1123 jacet?
2252 1055 2400 1109 Mens
2442 1071 2508 1109 ne
2540 1057 2780 1111 laedatur.
2818 1059 2909 1113 Ille
2934 1060 3084 1115 dives
3119 1071 3174 1116 et
3219 1061 3496 1131 improbus

1899 1156 1980 1200 est
2007 1165 2019 1200 :
2045 1147 2168 1217 quid
2199 1157 2309 1201 tum
2337 1150 2568 1218 postea?
2599 1151 2664 1203 At
2688 1150 3004 1220 improbitas
3024 1167 3128 1209 non
3156 1153 3256 1208 sub
3277 1170 3493 1209 sensum

1897 1237 2060 1292 cadit.
2089 1238 2168 1292 Ne
2190 1239 2326 1293 mihi
2374 1241 2645 1295 hominem
2676 1241 2744 1296 ab
2779 1243 3038 1298 exteriori
3085 1243 3220 1298 facie
3263 1253 3491 1313 spectes,

1897 1328 1991 1384 sed
2021 1329 2163 1386 hunc
2187 1333 2425 1387 exterius
2454 1333 2642 1402 proba.
2669 1334 2803 1388 Cum
2830 1334 2982 1390 vides
3005 1336 3272 1402 arborem,
3300 1337 3496 1392 foliane

1897 1422 2229 1490 consideras,
2263 1439 2328 1478 an
2362 1427 2634 1480 fructum?
2662 1425 2736 1480 Ita
2763 1439 2817 1481 et
2855 1429 2906 1482 in
2937 1427 3173 1484 homine.
3215 1430 3271 1484 Si
3301 1431 3495 1486 videris

1899 1512 2169 1569 hominem
2190 1555 2207 1582 ,
2235 1529 2325 1584 .ne
2365 1517 2634 1570 exteriora
2675 1518 2972 1588 perpendas
2995 1560 3009 1584 ,
3053 1519 3148 1574 sed
3197 1519 3448 1575 interiora
3478 1541 3492 1576 :

1898 1603 2128 1660 fructum
2153 1605 2484 1672 consideres,
2505 1623 2610 1662 non
2639 1606 2765 1663 folia
2790 1611 2807 1641 ⁸
2835 1625 2936 1665 :ne
2965 1609 3101 1666 forte
3123 1612 3238 1667 olea
3260 1614 3504 1682 sitagre'.

1899 1695 2032 1760 stis,
2077 1695 2206 1749 dum
2244 1697 2476 1766 genuina
2519 1698 2637 1752 olea
2670 1707 2884 1769 putatur
2911 1717 2924 1752 :
2956 1716 3023 1754 ne
3057 1700 3191 1755 forte
3221 1702 3375 1771 lupus
3403 1703 3493 1764 sit,

1897 1785 2024 1840 dum
2051 1786 2290 1841 creditur
2332 1802 2454 1843 esse
2496 1789 2680 1844 homo.
2720 1789 2799 1845 Ne
2827 1791 3006 1861 itaque
3040 1806 3070 1845 a
3099 1801 3288 1847 natura
3318 1792 3503 1849 homi-

1897 1894 2022 1934 nem
2065 1880 2262 1950 proba,
2307 1880 2404 1936 sed
2432 1897 2462 1935 a
2489 1882 2777 1937 voluntatis
2813 1885 3087 1954 proposito
3116 1902 3131 1940 :
3160 1901 3228 1940 ne
3261 1902 3290 1940 a
3323 1888 3491 1952 vultu,

1897 1972 1992 2027 sed
2018 1988 2047 2026 a
2089 1974 2352 2029 sententia
2384 1992 2396 2028 :
2427 1990 2527 2030 nec
2554 1990 2582 2028 a
2613 1977 2875 2031 sententia
2918 1987 3160 2044 tantum,
3205 1979 3299 2034 sed
3331 1981 3493 2034 vitam
3553 2020 3556 2022 ν

1896 2065 2181 2136 diligenter
2223 2067 2473 2138 inquire;
2523 2070 2569 2124 si
2613 2085 2905 2140 pauperum
2950 2079 3031 2127 est
3075 2087 3284 2139 amans,
3331 2073 3495 2128 homo

1896 2166 1978 2211 est
2006 2175 2019 2210 :
2051 2158 2093 2212 si
2135 2162 2188 2212 in
2214 2161 2552 2216 commerciis
2581 2171 2853 2229 versatur,
2882 2179 3112 2234 quercus
3145 2175 3228 2220 est
3266 2183 3279 2218 :
3326 2165 3372 2220 si
3414 2175 3494 2220 est

1895 2251 2077 2305 animo
2103 2251 2267 2318 ferus,
2301 2252 2386 2308 leo
2410 2263 2494 2309 est
2521 2271 2534 2307 :
2568 2254 2614 2309 si
2642 2271 2804 2326 rapax
2824 2298 2841 2322 ,
2886 2257 3039 2328 lupus
3069 2267 3151 2313 cst
3181 2275 3193 2311 :
3225 2259 3494 2314 sisubdo-

1896 2342 1999 2407 lus,
2029 2344 2194 2413 aspis.
2231 2345 2298 2398 Et
2320 2344 2426 2410 die,
2460 2344 2732 2402 hominem
2763 2363 2965 2418 qumro,
3000 2350 3123 2420 quid
3152 2350 3284 2404 mihi
3317 2358 3370 2404 tu
3397 2366 3494 2420 pro

1897 2430 2113 2488 homine
2134 2433 2300 2493 feram
2323 2422 2608 2492 ostendis?
2632 2439 2784 2494 Disce
2805 2439 2932 2510 quid
2956 2441 3027 2495 sit
3047 2433 3214 2495 virtus
3237 2441 3491 2510 hominis,

1895 2533 1950 2577 et
1987 2538 2055 2578 ne
2091 2525 2342 2579 turberis.
2376 2525 2506 2580 Erat
2547 2528 2706 2597 igitur
2732 2529 2969 2584 Lazarus
3010 2530 3062 2584 in
3094 2531 3235 2585 ostio
3274 2531 3490 2598 sedens,

1895 2617 2166 2673 ulceribus
2219 2617 2409 2688 plenus
2436 2660 2458 2685 ,
2498 2619 2640 2675 fama
2687 2620 3017 2689 labefactus,
3065 2623 3496 2693 accedentesque

1895 2723 2056 2764 canes
2104 2709 2381 2779 lingebant
2427 2713 2544 2780 ejus
2591 2712 2854 2780 vulnera;
2903 2728 3063 2768 canes
3113 2715 3331 2770 homtnc
3377 2716 3495 2784 ipso

1895 2798 2239 2855 humaniores
2267 2801 2539 2871 ﬁngebant
2567 2803 2685 2871 ejus
2714 2803 2968 2871 vulnera,
2997 2805 3206 2860 saniem
3239 2806 3496 2861 tollebant

1894 2899 1948 2944 et
1972 2891 2354 2947 emundabant.
2397 2892 2618 2949 Jaeebat
2660 2894 2750 2949 ille
2779 2880 2930 2964 quasi
2969 2911 3159 2951 aurum
3193 2897 3243 2950 in
3275 2895 3494 2952 fornace

1893 2982 2122 3048 sedens,
2164 2991 2220 3038 et
2245 2983 2524 3052 probatior
2547 2984 2789 3040 effectus.
2836 2985 2952 3040 Non
2979 2986 3191 3041 diccbat
3217 2987 3266 3042 id
3292 3028 3308 3054 ,
3351 2989 3495 3058 quod

1893 3075 2111 3145 plurimi
2155 3091 2418 3145 pauperes
2460 3077 2643 3132 dicunt
2669 3094 2682 3130 :
2713 3077 2948 3134 haeccine
2989 3089 3070 3134 est
3115 3081 3496 3149 providentia?

1896 3168 2110 3223 Deusne
2137 3166 2369 3222 humana
2401 3169 2663 3238 respicit?
2707 3169 2822 3240 Ego
2851 3171 2905 3225 in
2926 3171 3130 3240 justitia
3153 3172 3337 3227 vivens
3363 3188 3494 3242 pau-

1894 3274 1992 3330 per
2033 3273 2194 3326 sum,
2238 3269 2296 3316 et
2339 3260 2432 3316 ille
2482 3260 2696 3331 iniquus
2742 3262 2893 3317 dives
2937 3262 3064 3321 est?
3110 3263 3250 3318 Nihil
3301 3264 3492 3319 horum

1893 3351 2180 3422 cogitabat,
2225 3349 2320 3407 sed
2363 3351 2896 3422 incomprehensibili
2942 3353 3036 3430 Dei
3081 3370 3204 3425 erga
3249 3354 3495 3410 homines

1893 3443 2192 3499 clementia:
2235 3443 2416 3498 omnia
2461 3444 2863 3510 committebat,
2913 3446 3149 3499 animum
3195 3445 3493 3502 emttndans

1893 3547 2049 3588 suum
2071 3576 2086 3607 ,_
2117 3535 2414 3589 cruciatum
2442 3534 2676 3589 tolerans
2695 3576 2709 3600 ,
2739 3535 3050 3604 patientiam
3082 3535 3375 3603 exhibens,
3406 3536 3494 3606 ja-

1892 3639 2023 3679 cens
2051 3639 2281 3695 corpore
2301 3666 2315 3690 ,
2354 3639 2576 3680 currens
2607 3634 2784 3681 mente
2804 3667 2822 3694 ,
2861 3627 3044 3681 animo
3068 3627 3254 3683 volans
3284 3637 3340 3682 et
3369 3628 3497 3682 bra-

1892 3716 2038 3771 vium
2086 3716 2388 3787 arripiens,
2434 3733 2720 3788 emergens
2773 3734 2841 3774 ex
2887 3719 3080 3787 malis,
3127 3729 3182 3775 et
3227 3720 3495 3776 bonorum

1894 3810 2066 3864 testis.
2111 3809 2227 3863 Non
2256 3809 2391 3864 dixit
2424 3828 2437 3863 :
2468 3810 2694 3881 parasiti
2724 3810 2952 3865 ubertim
2985 3809 3236 3866 fruuntur
3263 3812 3492 3880 deliciis,

1891 3915 1993 3972 ego
2021 3917 2090 3956 ne
2117 3901 2272 3956 micis
2301 3901 2517 3972 quidem
2545 3902 2735 3972 dignus
2767 3902 2990 3959 habeor.
3033 3896 3340 3975 Sed‘quid?
3380 3906 3494 3961 Deo

1891 3994 2118 4064 gratiam
2145 4004 2199 4049 et
2228 3993 2453 4066 gloriam
2482 3995 2769 4051 referebat.
2803 3995 3013 4051 Accidit
3048 4004 3106 4050 ut
3133 3997 3292 4052 ambo
3319 4011 3496 4051 more-

1892 4093 2080 4139 rentur
2111 4102 2125 4138 :
2156 4093 2402 4140 mortuus
2449 4093 2531 4139 est
2568 4084 2756 4149 dives,
2805 4087 3151 4156 sepultusque
3190 4085 3290 4140 fuit
3321 4104 3335 4141 :
3366 4088 3498 4142 abiit

1891 4186 1946 4232 et
1976 4177 2210 4231 Lazarus
2230 4218 2246 4244 ,
2283 4191 2460 4255 neque
2487 4177 2631 4232 enim
2660 4177 2889 4232 dixerim
2909 4219 2923 4243 ,
2955 4189 3198 4233 mortuus
3221 4187 3325 4234 est.
3358 4179 3493 4235 Nam

1891 4267 2074 4325 divitis
2099 4269 2317 4338 quidem
2345 4283 2494 4324 mors
2516 4275 2646 4324 vere
2674 4285 2822 4325 mors
2838 4279 2928 4325 est
2953 4279 3010 4331 et
3037 4271 3332 4340 sepultura,
3362 4287 3496 4342 pau-

1894 4361 2039 4430 peris
2068 4344 2208 4416 verd
2225 4375 2372 4416 mors
2409 4370 2492 4415 est
2518 4362 2881 4431 peregrinatio
2905 4371 2959 4416 et
2988 4363 3262 4417 translatio
3287 4363 3352 4416 ad
3383 4379 3496 4418 me-

1893 4455 2027 4511 liora
2049 4496 2063 4518 ,
2101 4468 2397 4524 cursusque
2422 4469 2452 4507 a
2484 4466 2775 4510 scammate
2813 4454 2879 4508 ad
2907 4456 3182 4524 prmmium
3205 4497 3220 4521 ,
3249 4470 3277 4508 a
3307 4457 3494 4526 pelago

1893 4546 1958 4600 ad
1998 4553 2246 4617 portum,
2295 4545 2363 4600 ab
2406 4546 2523 4601 acie
2568 4545 2636 4599 ad
2682 4556 2943 4615 tropaeum
2969 4587 2986 4606 ,
3032 4561 3061 4598 a
3110 4545 3397 4601 sudoribus
3427 4549 3492 4601 ad

1892 4652 2169 4691 coronam.
2200 4637 2375 4692 Ambo
2416 4638 2541 4691 illuc
2569 4637 2854 4698 abierunt,
2885 4636 2972 4692 ubi
3023 4652 3109 4692 res
3136 4652 3277 4692 vera:
3307 4655 3321 4691 ε
3351 4637 3496 4694 εοιιιο

1895 4737 2004 4782 tum
2032 4738 2115 4783 est
2145 4728 2450 4792 theatrum,
2483 4729 2705 4783 sublatm
2734 4727 2916 4781 larvas.

1967 4821 2068 4880 Rea
2110 4821 2349 4874 humana:
2389 4835 2553 4873 scena:
2597 4828 2981 4890 comparantur.
3021 4849 3094 4858 ——
3119 4819 3495 4895 Quemadmo-

1893 4913 2022 4968 dum
2055 4911 2129 4984 (a)
2162 4913 2307 4968 enim
2351 4913 2405 4966 in
2450 4912 2658 4966 theatro
2697 4912 2750 4967 in
2780 4911 3004 4965 meridie
3035 4910 3297 4965 velamina
3327 4913 3494 4966 multa

1893 5016 2055 5072 sunt,
2102 5006 2365 5082 multique
2395 5005 2592 5061 scenici
2624 5004 2852 5073 ingressi
2892 5001 3260 5062 histrionicam
3289 5005 3495 5057 larvam

1895 5101 1948 5155 in
1979 5101 2129 5155 vultu
2173 5100 2405 5168 habent,
2447 5109 2684 5154 veterem
2729 5097 2957 5155 fabulam
3005 5105 3270 5161 tractant,
3302 5111 3498 5167 resque

1894 5203 2072 5262 gestas
2105 5199 2324 5245 narrant
2368 5208 2380 5243 :
2424 5199 2475 5243 et
2514 5190 2650 5242 alius
2680 5188 2892 5260 quidem
2943 5188 3316 5267 philosophum
3366 5187 3493 5258 agit,

1894 5287 1984 5354 qui
2028 5300 2132 5339 non
2176 5292 2259 5339 est
2301 5282 2650 5353 philOSOphllS
2682 5299 2694 5334 :
2724 5283 2860 5335 alius
2889 5297 3066 5350 regem
3090 5321 3103 5342 ,
3136 5280 3226 5349 qui
3261 5296 3352 5334 rex
3388 5296 3494 5333 non

1896 5387 2000 5443 est,
2029 5375 2124 5432 sed
2154 5375 2294 5444 regis
2323 5375 2557 5428 habitum
2584 5373 2743 5427 habet
2769 5387 2865 5442 per
2890 5373 3285 5428 enarrationem
3317 5389 3330 5425 :
3360 5373 3497 5427 alius

1887 5469 2138 5524 ‘medieus
2158 5509 2171 5533 ,
2203 5467 2292 5538 qui
2320 5482 2387 5521 ne
2423 5465 2624 5536 lignum
2654 5465 2870 5536 quidem
2903 5473 3130 5538 tractare
3160 5473 3370 5539 potest,
3397 5465 3493 5523 sed

1961 5650 1979 5681 ι
2013 5647 2096 5698 Hic
2109 5646 2330 5702 quredam
2352 5642 2695 5692 desiderantur
2717 5639 2766 5689 in
2803 5637 3018 5700 δίδωθι,
3041 5653 3150 5702 qure
3172 5640 3419 5690 habentur
3440 5641 3490 5689 lu

1894 5713 2040 5759 codd.
2067 5704 2188 5768 aliis,
2217 5716 2269 5757 et
2284 5707 2521 5769 quadram
2542 5704 2600 5752 ad
2619 5710 2829 5754 textum.

1958 5775 2032 5833 (rt)
2067 5762 2186 5822 ttzee'
2222 5762 2529 5834 paucioribus
2561 5774 2733 5817 tractat
2774 5776 2920 5829 supra
2955 5762 3120 5813 homit.
3151 5769 3182 5809 tt
3217 5765 3283 5813 de
3305 5769 3502 5817 Lamo.

1897 5849 2027 5886 nutu.
2050 5835 2099 5884 5.
