4122 6334
648 354 669 406 Î™
681 351 784 407 035

649 463 837 520 medici
868 460 1100 517 vestibus
1125 459 1345 512 amictus
1377 468 1456 509 est
1483 474 1492 507 :
1527 457 1661 508 alius
1688 469 1897 517 servus,
1927 453 2012 522 qui
2043 463 2216 505 tamen

649 558 783 611 liber
803 557 926 609 est:
955 554 1091 606 alius
1122 551 1326 615 doctor,
1355 549 1440 618 qui
1471 565 1536 602 ne
1569 549 1770 601 litteras
1798 547 2009 615 quidem
2039 544 2182 598 novit
2207 563 2219 596 :

651 648 796 701 nullo
838 645 994 699 modo
1035 658 1180 698 suam
1205 683 1219 707 ,
1267 641 1360 695 sed
1390 640 1612 693 alienam
1645 638 1877 706 speciem
1909 639 2220 690 referentes.

649 739 777 793 Nam
809 735 1047 791 medicus
1075 743 1325 803 apparet,
1359 732 1444 801 qui
1478 745 1582 783 non
1613 737 1694 782 est
1736 727 1972 781 medicus
2006 744 2017 778 :
2051 725 2224 794 philo-

650 830 849 898 sophus
875 835 1114 898 apparet,
1138 825 1227 894 qui
1252 839 1458 878 comam
1485 822 1644 875 habet
1667 821 1801 873 intra
1829 819 2049 879 larvam,
2073 815 2226 868 utiles

648 932 867 990 apparet
906 923 972 984 is,
1014 920 1104 989 qui
1145 917 1325 971 militis
1373 916 1571 969 cultum
1620 914 1802 965 refert.
1853 909 2072 964 Etiamsi
2101 920 2227 960 vero

648 1015 807 1066 larvze
852 1012 1057 1081 species
1098 1009 1262 1072 fallat,
1304 1007 1397 1061 sed
1443 1020 1549 1062 non
1597 1005 1729 1058 fallit
1767 1011 2030 1065 naturam,
2078 999 2228 1068 cujus

649 1107 922 1158 veritatem
952 1103 1128 1171 Specie
1173 1108 1507 1154 transmutat.
1559 1099 1736 1150 Doucc
1775 1105 1952 1148 autem
1985 1107 2144 1147 scena
2175 1103 2229 1147 et

652 1196 914 1250 theatrum
961 1203 1072 1256 est,
1122 1193 1331 1260 Letique
1376 1197 1703 1258 spectatores
1747 1185 2020 1247 assident,
2069 1183 2230 1236 larva:

651 1295 866 1341 manent
909 1302 922 1337 :
967 1300 1086 1338 cum
1131 1292 1307 1336 autem
1350 1280 1667 1334 adveniente
1697 1289 1916 1343 vespera
1967 1274 2227 1326 theatrum

653 1377 898 1438 solvitur,
931 1372 1302 1428 recedentibus
1330 1370 1593 1432 omnibus,
1639 1369 1800 1421 larv.e
1840 1364 2226 1435 projiciuntuu:

654 1481 776 1525 tunc
803 1469 890 1538 qui
939 1469 1077 1520 intus
1104 1481 1196 1519 rex
1229 1473 1360 1526 erat,
1409 1460 1537 1515 foris
1581 1460 1801 1513 a-rarius
1845 1467 1944 1511 est.
1977 1456 2231 1523 Projectze

653 1571 777 1617 sunt
798 1561 977 1624 larvas,
1005 1557 1262 1611 abscessit
1290 1554 1516 1617 fallacia,
1540 1553 1734 1606 veritas
1760 1549 2002 1617 apparuit
2028 1564 2039 1598 :
2064 1556 2118 1601 et
2140 1547 2230 1615 qui

655 1655 798 1707 intus
827 1652 963 1704 liber
995 1658 1129 1714 erat,
1165 1646 1291 1699 foris
1321 1659 1505 1699 sxrvus
1533 1639 1966 1710 deprehenditur.
2001 1637 2065 1692 Ut
2090 1638 2231 1691 enim

651 1745 758 1814 jam
784 1743 912 1808 dixi,
937 1743 1080 1795 intus
1105 1738 1323 1801 fallacia,
1349 1735 1478 1789 foris
1500 1734 1694 1788 veritas
1720 1750 1731 1786 :
1755 1729 1969 1784 advenit
1990 1742 2231 1797 vespera,

654 1836 885 1890 solutum
916 1842 994 1885 est
1025 1831 1307 1893 theatrum,
1335 1825 1576 1895 apparuit
1603 1822 1822 1876 veritas.
1847 1819 1919 1882 Ita
1947 1832 2156 1888 quoque
2183 1818 2233 1870 in

655 1927 760 1980 vita
792 1934 845 1978 ct
870 1925 923 1977 in
953 1923 1057 1975 ftue
1085 1921 1202 1973 vita:
1231 1928 1316 1972 res
1345 1923 1635 1985 prznsentcs
1659 1921 1782 1966 sunt
1812 1911 2073 1965 theatrum
2104 1925 2118 1973 ;
2152 1908 2234 1961 hi-

656 2019 965 2075 strionicum
1009 2023 1172 2085 agunt
1216 2011 1415 2066 divitiae
1454 2017 1508 2062 et
1547 2016 1864 2076 paupertas,
1913 2004 2160 2073 princeps
2186 2011 2238 2056 ct

657 2109 920 2172 subditus,
951 2116 1002 2159 et
1033 2105 1113 2159 his
1137 2102 1324 2158 similia
1352 2118 1365 2165 ;
1401 2113 1522 2153 cum
1550 2107 1727 2152 autem
1755 2095 1870 2150 dies
1898 2095 1987 2148 illa
2016 2093 2238 2148 transiev

658 2205 745 2268 rit,
775 2214 828 2256 et
857 2217 957 2254 nox
990 2200 1076 2252 illa
1111 2195 1382 2251 tremenda
1409 2191 1722 2254 advenerit;
1769 2189 1874 2242 imo
1907 2188 2080 2256 potius
2103 2186 2234 2249 dies,

657 2307 776 2363 qua:
805 2288 1174 2361 peccatoribus
1203 2300 1328 2350 nox,
1354 2282 1617 2352 justisque
1641 2279 1755 2333 dies
1780 2280 1881 2331 erit
1910 2296 1921 2330 :
1952 2292 2070 2330 cum
2098 2276 2241 2329 solu-

659 2397 769 2438 tttm
814 2381 976 2435 fuerit
1021 2379 1306 2440 theatrum,
1353 2389 1472 2428 cum
1520 2373 1768 2440 projects:
1811 2367 2007 2442 fuerint
2057 2367 2238 2431 larvtn,

658 2488 778 2528 cum
809 2470 1172 2540 unusquisque
1211 2476 1265 2520 et
1293 2479 1453 2534 opera
1500 2462 1565 2516 ad
1606 2474 1829 2515 examen
1874 2457 2238 2512 vocabuntur:

660 2584 767 2622 non
798 2564 1157 2632 unusquisque
1184 2569 1237 2614 et
1263 2557 1458 2612 divitia:
1485 2556 1602 2625 ejus
1621 2595 1635 2619 ,
1673 2567 1778 2608 non
1805 2551 2166 2620 unusquisque
2192 2557 2245 2602 et

662 2656 994 2728 principatus
1034 2653 1173 2720 ejus,
1215 2664 1321 2704 non
1376 2645 1737 2714 unusquisque
1784 2651 1839 2696 et
1885 2640 2058 2695 honor
2106 2639 2240 2707 ejus,

663 2765 767 2803 non
796 2744 1157 2813 unusquisque
1202 2750 1256 2792 et
1285 2736 1518 2806 potentia
1549 2734 1704 2803 ejus;
1750 2732 1844 2786 sed
1884 2730 2246 2798 unusquisque

661 2853 715 2896 et
743 2853 906 2908 opera
933 2835 1067 2904 ejus,
1101 2842 1156 2886 et
1185 2831 1429 2900 princeps
1459 2838 1512 2881 et
1553 2827 1858 2894 imperator,
1892 2833 1944 2877 et
1973 2823 2164 2876 mulier
2194 2830 2248 2876 et

663 2933 745 2986 vir
765 2971 780 2995 ,
813 2943 931 2983 eum
965 2942 992 2978 a
1026 2924 1177 2978 nobis
1208 2923 1367 2975 vitam
1412 2918 1628 2987 probam
1658 2925 1711 2970 et
1739 2916 1875 2968 bona
1906 2929 2067 2983 opera
2095 2928 2248 2982 repev

666 3036 773 3089 tet,
803 3038 908 3077 non
935 3019 1247 3088 dignitatum
1280 3028 1546 3085 pompam,
1591 3024 1692 3063 nun
1723 3007 2048 3078 paupertatis
2074 3006 2247 3058 vilita-

665 3126 813 3179 tem,
861 3127 964 3166 nou
1015 3109 1296 3176 despectus
1350 3101 1704 3173 tyrannidem.
1758 3101 1830 3152 Da
1879 3097 2007 3150 mihi
2064 3110 2246 3164 opera,

665 3204 872 3261 etiamsi
904 3215 1090 3255 servus
1121 3200 1214 3261 sis,
1257 3211 1415 3264 quam
1445 3191 1595 3246 liberi
1627 3191 1724 3242 viri
1755 3188 2012 3250 meliora;
2042 3185 2249 3239 etiamsi

670 3297 858 3351 mulier
901 3294 1003 3353 sis,
1037 3305 1194 3358 quam
1228 3287 1323 3339 viri
1370 3283 1609 3337 fortiora.
1641 3280 1772 3334 Cum
1804 3278 2023 3347 abjectze
2055 3276 2252 3330 fuerint

671 3390 849 3450 larvre,
885 3393 1006 3435 tunc
1040 3386 1298 3448 apparent
1328 3384 1380 3429 et
1406 3374 1552 3427 dives
1583 3381 1635 3426 et
1663 3385 1879 3440 pauper.
1914 3369 1978 3422 Et
2000 3367 2254 3438 quemad-

672 3477 887 3532 modum
918 3474 1024 3536 hic,
1053 3481 1330 3539 postquam
1362 3467 1594 3522 solutum
1625 3463 1719 3516 fuit
1751 3463 2039 3527 theatrum,
2063 3461 2108 3513 si
2134 3460 2253 3530 quis

676 3577 915 3624 nostrum
948 3565 1000 3617 in
1030 3562 1172 3616 edito
1216 3560 1336 3614 loco
1380 3556 1573 3610 sedens
1609 3554 1799 3608 viderit
1842 3567 1962 3606 eum
1994 3550 2082 3620 qui
2114 3551 2254 3604 intus

675 3656 1022 3733 philosOpbus
1059 3662 1209 3718 erat,
1262 3648 1390 3703 foris
1421 3646 1664 3701 aerarium
1707 3658 1853 3708 esse,
1898 3641 2251 3696 exclamabit:

679 3732 838 3804 hem!
884 3749 1072 3801 Annon
1106 3743 1191 3797 hic
1229 3742 1368 3794 intus
1395 3735 1744 3808 philosoplms
1770 3735 1926 3797 erat?
1971 3734 2086 3786 iam
2128 3732 2256 3786 foris

679 3841 924 3898 aerarium
953 3837 1106 3890 video
1137 3852 1148 3888 :
1177 3847 1352 3886 annon
1403 3829 1487 3882 hic
1531 3843 1621 3881 rex
1671 3827 1812 3888 intus
1840 3824 2002 3878 erat?
2043 3822 2110 3877 Et
2147 3823 2256 3890 jam

685 3932 812 3987 foris
839 3931 995 3982 vilem
1027 3925 1307 3994 quemdam
1337 3921 1604 3972 hominem
1633 3932 1813 3970 cerno.
1846 3916 2038 3968 Annon
2068 3912 2153 3966 hic
2182 3914 2260 3966 in-

684 4033 770 4078 tus
809 4019 957 4074 dives
987 4016 1142 4071 erat?
1172 4015 1241 4069 At
1277 4012 1402 4067 foris
1434 4022 1718 4080 pauperem
1753 4005 1904 4060 video
1936 4022 1946 4056 :
1979 4005 2046 4056 itâ€˜a
2075 4013 2126 4056 et
2158 4002 2260 4055 illic

683 4114 804 4171 erit.

757 4203 809 4258 6.
841 4201 1151 4256 Sermonem
1181 4210 1285 4252 non
1307 4194 1530 4247 ulterius
1557 4189 1868 4259 producam,
1892 4203 1960 4241 ne
1982 4201 2059 4240 vei
2076 4186 2260 4238 borum

685 4294 836 4361 cepia
867 4290 1160 4346 auditorem
1191 4286 1410 4340 obruant
1442 4301 1454 4332 :
1483 4281 1574 4336 sed
1604 4279 1806 4334 duabus
1835 4276 2117 4348 propositis
2146 4292 2264 4343 per-

685 4385 830 4439 sonis
861 4391 1022 4435 totam
1066 4378 1255 4432 theatri
1288 4375 1653 4432 histrionicam
1691 4371 1988 4425 declarabo.
2025 4370 2097 4422 De
2138 4368 2266 4421 dua-

689 4479 786 4532 bus
818 4472 1060 4544 personis
1091 4469 1344 4534 traetavi,
1376 4480 1546 4536 exque
1576 4464 1679 4518 illis
1719 4461 1923 4516 duabus
1949 4459 2101 4517 vobis
2128 4460 2263 4511 viam

687 4566 870 4635 aperui
919 4573 972 4618 et
1017 4561 1348 4617 occasionem
1396 4556 1592 4627 przebui
1642 4572 1653 4607 :
1698 4570 1791 4623 per
1829 4555 1949 4605 vita:
1995 4551 2267 4620 praesentis

690 4659 1082 4714 enarrationem
1129 4661 1358 4707 mentem
1403 4649 1616 4703 dilatavi
1663 4655 1932 4707 vcstratn,
1978 4652 2034 4696 ut
2078 4642 2268 4710 singuli

691 4764 870 4804 rerum
897 4747 1182 4801 discrimen
1207 4742 1463 4795 ediscant.
1497 4739 1621 4791 Dum
1645 4737 1800 4805 igitur
1821 4744 1972 4787 crant
1996 4747 2266 4802 personae:

692 4841 826 4895 alter
852 4850 1133 4908 personam
1159 4832 1374 4901 gerebat
1403 4828 1598 4892 divitis,
1627 4827 1759 4879 alter
1790 4824 2034 4893 pauperis
2067 4841 2078 4875 :
2109 4821 2272 4876 Laza-

697 4947 786 4987 rus
830 4941 1109 5000 personam
1141 4921 1384 4992 pauperis
1407 4962 1419 4985 ,
1450 4919 1598 4971 dives
1642 4918 1730 4970 ille
1763 4930 2040 4984 personam
2072 4913 2268 4966 divitis.

694 5024 789 5085 lla:
820 5030 942 5074 sunt
987 5019 1144 5073 larva:
1175 5023 1228 5067 et
1262 5026 1502 5082 personae
1527 5050 1541 5074 ,
1578 5025 1682 5062 non
1720 5023 1895 5061 rerum
1937 5007 2129 5060 veritas
2169 5003 2269 5075 (a).

694 5112 823 5172 illuc
860 5112 1015 5165 ambo
1043 5109 1282 5162 abierunt
1302 5146 1314 5168 ,
1349 5104 1496 5156 dives
1527 5101 1729 5156 scilicet
1757 5112 1807 5154 et
1837 5116 2034 5169 pauper
2067 5118 2077 5150 :
2106 5100 2272 5154 Lam-

697 5222 810 5263 mm
842 5207 1189 5268 susceperunt
1213 5195 1416 5256 angeli,
1449 5202 1568 5261 post
1596 5206 1753 5244 canes
1786 5191 1900 5243 illos
1929 5191 2130 5258 angeli,
2161 5198 2278 5258 post

757 5405 829 5464 (Î¹Î¹)
864 5412 986 5451 (:ave
1013 5403 1155 5460 putes
1176 5395 1573 5464 (â€œ.hrvsostotuutu,
1600 5392 1684 5461 qui
1710 5391 1753 5436 iu
1778 5387 2165 5464 prmetâ€˜tlentibus
2191 5386 2276 5433 ho-

697 5445 840 5514 ntiiiils
860 5445 1109 5511 historiam
1129 5445 1282 5504 Lazari
1305 5463 1354 5503 et
1377 5455 1536 5500 divitis
1553 5445 1686 5513 qubsi
1725 5445 1884 5514 veram
1912 5450 2158 5514 historiam
2167 5461 2278 5514 pro-

700 5509 1264 5586 inlitaâ€”ampalinodiam
1289 5528 1487 5571 canere,
1515 5509 1624 5561 cuin
1647 5514 1758 5586 dicit
1782 5513 1844 5558 de
1869 5517 2110 5586 uizaroet
2130 5509 2279 5586 divite

702 5578 922 5650 laneus,
949 5578 1095 5632 terra:
1119 5584 1224 5628 sunt
1249 5591 1320 5634 ert,
1361 5589 1467 5635 ÏƒÎ¹á½·Î¹Îµ
1489 5580 1739 5650 ammon},
1775 5585 1865 5620 non
1892 5584 2052 5619 rerum
2089 5578 2277 5650 refugis.

825 5632 1012 5708 quippe
1032 5643 1252 5691 dicuntur
1273 5632 1631 5708 coitSequenter
1656 5635 1714 5682 ad
1737 5648 1812 5690 ea,
1838 5647 1946 5695 quae
1964 5645 2107 5694 supra
2133 5632 2282 5708 fusius

705 5694 896 5766 esttibi,
919 5694 1095 5767 bizmpe
1121 5711 1266 5752 totam
1285 5694 1537 5767 humanam
1561 5701 1704 5745 vitam
1729 5708 1887 5767 scena:
1919 5694 2281 5756 comparandam

707 5786 816 5824 esse
843 5786 852 5819 :
875 5764 1003 5832 quod
1027 5764 1185 5815 tamen
1207 5775 1370 5812 rerum
1402 5764 1660 5815 veritatem
1685 5778 1781 5814 non
1804 5764 1951 5817 tollet.

1384 345 1440 400 S.
1483 341 1757 399 JOANNIS
1793 340 2259 397 CHRYSOSTOMI
2297 335 2610 394 ARCHIEP.
2654 335 3177 394 CONSTANTINOP.

3774 336 3902 391 (056

2336 450 2514 504 divitis
2536 450 2727 506 ostium
2753 452 2899 506 sinus
2919 453 3162 520 Abrahae,
3188 464 3304 523 post
3328 454 3520 512 famem
3549 471 3734 513 rerum
3759 462 3898 527 copia

2333 541 2494 593 tinem
2513 556 2616 594 non
2644 541 2903 608 habitura,
2927 552 3044 610 post
3068 560 3330 598 mrumnas
3349 549 3704 616 tranquillitas
3730 565 3905 619 perpe-

2335 640 2458 696 tua;
2488 631 2633 684 illum
2660 632 2737 704 (Î±)
2752 647 2878 686 vero
2897 642 3014 701 post
3042 634 3250 690 divitias
3277 650 3582 707 paupertas,
3614 651 3734 709 post
3764 656 3903 693 uten-

2336 736 2449 775 sam
2475 725 2745 792 opiparam
2774 725 3085 794 supplicium
3114 737 3167 782 et
3187 729 3474 793 cruciatus,
3506 743 3624 798 post
3654 734 3909 799 tranquil-

2338 810 2536 865 litatem
2579 813 2896 867 intoleraudi
2929 815 3164 870 dolores.
3212 816 3278 870 Et
3314 819 3592 874 considera
3625 822 3754 873 mihi
3785 822 3907 890 quid

2335 900 2534 955 factum
2574 903 2663 957 sit.
2698 904 2823 958 llluc
2856 904 3133 972 abierunt,
3167 915 3223 962 et
3248 910 3475 964 solutum
3506 922 3589 965 ÎµÎµÎ¹
3620 913 3903 974 theatrum,

2336 993 2556 1061 abjecta:
2579 995 2739 1066 larva:
2770 1013 2781 1049 :
2811 997 2982 1051 vultus
3007 998 3219 1052 demum
3247 1012 3624 1068 apparuerunt.
3654 1004 3908 1058 Abierant

2337 1088 2515 1154 ambo,
2540 1089 2784 1160 videtque
2809 1091 2956 1147 dives
2983 1092 3070 1146 ille
3094 1093 3407 1148 torrefactus
3429 1095 3688 1170 Lazarum
3717 1099 3768 1151 iu
3790 1101 3908 1151 sinu

2337 1179 2567 1234 Abrahae
2609 1181 2748 1236 bene
2789 1193 3051 1252 agentem,
3099 1185 3301 1240 deliciis
3343 1171 3639 1256 fruentem,
3681 1191 3910 1259 dicitque

2340 1272 2413 1324 illi
2445 1290 2456 1323 :
2491 1271 2644 1325 Pater
2668 1274 2953 1342 Abraham,
2983 1276 3118 1329 mitte
3143 1275 3392 1331 Lazarum
3421 1287 3473 1330 ut
3510 1291 3730 1335 extremo
3757 1283 3912 1352 digito

2339 1363 2545 1418 instillet
2589 1366 2640 1418 in
2671 1367 2897 1436 linguam
2927 1384 3107 1434 meam,
3146 1370 3264 1437 quia
3291 1371 3484 1424 crucior
3509 1373 3561 1424 in
3591 1373 3685 1425 hac
3709 1375 3912 1442 ï¬‚amma

2341 1452 2490 1527 (Luc.
2525 1455 2609 1510 16.
2641 1455 2772 1526 94).
2815 1458 2948 1524 Quid
2988 1459 3146 1528 igitur
3173 1459 3479 1514 Abraham?
3517 1461 3652 1527 Fili,
3688 1466 3913 1533 recepisti

2343 1548 2470 1599 bona
2497 1557 2603 1613 tua,
2626 1557 2672 1601 et
2693 1547 2922 1602 Lazarus
2944 1551 3077 1603 mula
3101 1568 3195 1605 sua
3224 1567 3241 1605 :
3267 1561 3312 1604 et
3340 1569 3471 1605 nunc
3495 1553 3575 1605 hic
3603 1556 3912 1620 consolatur,

2343 1647 2394 1690 tu
2423 1654 2537 1690 vero
2567 1639 2828 1692 cruciaris.
2859 1641 3094 1710 Alioquin
3126 1651 3295 1696 autent
3319 1651 3364 1694 et
3402 1643 3555 1696 chaos
3593 1643 3723 1698 inter
3752 1663 3840 1700 nos
3868 1657 3916 1700 et

2343 1730 2705 1798 vosâ€˜ï¬rmatum
2734 1743 2804 1785 est
2820 1749 2840 1798 ;
2887 1745 2939 1786 ut
2966 1736 3009 1787 si
3037 1737 3148 1804 quis
3188 1737 3395 1790 voluerit
3423 1738 3542 1790 hinc
3580 1739 3704 1791 illuc
3729 1741 3794 1793 ad
3830 1756 3918 1794 vos

2344 1821 2681 1889 pertransirc,
2730 1840 2829 1876 non
2878 1825 3053 1893 possit.
3105 1827 3351 1881 Animum
3397 1827 3649 1884 adhibete
3680 1849 3694 1884 :
3725 1830 3790 1885 de
3833 1831 3918 1885 his

2345 1919 2484 1970 enim
2516 1919 2658 1971 utilis
2682 1932 2858 1973 sermo
2887 1920 3208 1986 iustituetur,
3235 1922 3322 1990 qui
3347 1930 3542 1978 terreat
3567 1923 3796 1993 quidem,
3818 1927 3918 1980 sed

2344 2012 2432 2080 qui
2476 2020 2699 2081 purget;
2745 2013 2833 2081 qui
2879 2012 3177 2077 excruciet,
3225 2012 3318 2068 sed
3347 2015 3437 2083 qui
3481 2015 3770 2070 emendet:
3800 2034 3922 2087 quae

2345 2101 2592 2155 dicuntur
2634 2101 2838 2171 excipe.
2871 2101 3004 2156 Cum
3035 2103 3085 2156 iu
3131 2105 3451 2158 cruciatibus
3493 2105 3713 2171 degeret
3750 2107 3920 2172 dives,

2347 2205 2559 2245 sursum
2584 2193 2814 2262 aspexit,
2846 2202 2899 2247 et
2924 2193 3049 2247 vidit
3077 2193 3336 2248 Lazarum
3368 2213 3380 2248 :
3411 2196 3541 2249 vidit
3566 2204 3685 2250 rcmâ€˜
3707 2214 3920 2252 novam.

2349 2281 2404 2334 lu
2428 2282 2570 2334 ostio
2600 2291 2688 2334 tuo
2713 2281 2949 2350 quotidie
2979 2293 3089 2336 erat
3122 2299 3135 2336 :
3173 2284 3252 2336 bis
3282 2297 3424 2338 terve
3464 2285 3840 2354 ingrediebaris
3871 2299 3926 2342 et

2350 2372 2724 2441 cgrediebaris,
2754 2382 2808 2426 et
2850 2386 2952 2426 non
2977 2373 3295 2442 respiciebas
3326 2390 3446 2428 eum
3473 2393 3487 2441 ;
3519 2391 3640 2430 cum
3666 2387 3840 2432 autem
3871 2379 3925 2432 in

2350 2464 2620 2533 sartagine
2646 2465 2895 2529 versaris,
2925 2479 2991 2519 ex
3018 2473 3163 2519 tanto
3191 2466 3473 2520 interstitio
3501 2469 3647 2520 vides
3671 2469 3691 2521 ?
3715 2470 3839 2522 Cum
3875 2469 3927 2522 in

2349 2555 2548 2610 divitiis
2573 2570 2788 2625 ageres,
2817 2571 2934 2609 cum
2965 2571 3130 2625 penes
3171 2567 3220 2611 te
3246 2565 3360 2612 erat
3385 2567 3443 2611 ut
3472 2559 3682 2613 videres
3701 2600 3714 2620 ,
3746 2560 3929 2613 videre

2352 2647 2496 2701 illum
2527 2649 2742 2703 nolebas
2762 2689 2776 2714 ,
2804 2663 2900 2702 cur
2943 2664 3082 2703 nunc
3112 2658 3214 2702 tam
3245 2659 3397 2704 acute
3438 2652 3615 2706 cernis
3640 2651 3702 2703 *â€˜t
3740 2654 3929 2707 Annon

2353 2737 2404 2791 in
2435 2739 2572 2792 ostio
2619 2749 2707 2791 tuo
2753 2739 2914 2793 erat?
2957 2738 3062 2793 Cur
3108 2740 3255 2793 illum
3302 2749 3425 2794 tunc
3467 2755 3497 2794 e
3542 2742 3782 2810 proximo
3821 2758 3926 2796 non

2353 2829 2596 2894 videbas,
2639 2844 2779 2883 nunc
2817 2838 2992 2883 autem
3029 2845 3092 2884 ex
3133 2839 3279 2883 tanto
3306 2830 3590 2884 interstitio
3615 2832 3783 2899 vides,
3809 2847 3929 2885 cum

2356 2926 2559 2973 tantum
2610 2923 2677 2974 sit
2727 2920 3097 2974 intermedium
3143 2919 3348 2974 chaos?
3395 2920 3530 2988 Quid
3585 2931 3760 2976 autem
3804 2922 3931 2976 ille?

2354 3010 2622 3065 Abraham
2647 3019 2852 3079 patrem
2873 3020 3042 3065 vocat.
3069 3011 3348 3065 Patremne
3365 3027 3525 3066 vocas
3541 3013 3763 3084 eum(b),
3783 3014 3932 3083 cujus

2358 3102 2770 3171 hospitalitatem
2805 3119 2908 3157 non
2953 3118 3011 3158 es
3055 3103 3336 3156 imitatus?
3380 3103 3476 3158 Hic
3518 3113 3719 3174 patrem
3761 3117 3932 3169 vocat,

2358 3195 2447 3249 ille
2475 3195 2641 3248 filium
2668 3211 2682 3249 :
2713 3195 2926 3250 nomina
2957 3196 3289 3265 cognationis
3317 3205 3459 3262 sunt,
3494 3197 3585 3251 sed
3619 3198 3818 3252 nullum
3845 3213 3935 3268 pa-

2359 3287 2662 3342 trocinium.
2695 3287 2890 3345 Verum
2920 3288 3132 3343 nomina
3163 3288 3395 3357 profert,
3434 3296 3492 3342 ut
3527 3288 3743 3343 discatis
3770 3304 3938 3359 genus

2360 3383 2489 3436 nihil
2519 3381 2793 3452 prodesse.

2435 3474 2686 3528 Nobilitas
2719 3488 2788 3530 est
2824 3492 2923 3529 non
2959 3477 3205 3544 majorum
3249 3473 3506 3542 splendor,
3541 3475 3629 3526 sed
3668 3476 3842 3527 virtus.
3868 3503 3942 3516 -Î¿

2362 3568 2618 3623 Nobilitas
2643 3570 2835 3638 quippe
2865 3577 2945 3622 est
2974 3583 3076 3621 non
3110 3566 3367 3636 majorum
3400 3567 3672 3637 splendor,
3701 3567 3794 3622 sed
3821 3583 3936 3622 mo-

2362 3675 2451 3714 res
2477 3660 2669 3714 virtute
2701 3658 2926 3728 prazditi.
2962 3658 3039 3712 Ne
3077 3659 3204 3711 mihi
3235 3659 3466 3721 dixeris,
3509 3668 3656 3728 pater
3691 3669 3774 3714 est
3812 3659 3942 3714 mihi

2364 3753 2570 3808 consul.
2606 3751 2742 3818 Quid
2778 3751 2879 3805 hoc
2921 3751 2984 3804 ad
3030 3752 3159 3804 me?
3188 3751 3302 3805 Non
3335 3751 3434 3805 hoc
3459 3767 3661 3820 qurere.
3703 3752 3779 3806 Ne
3815 3752 3944 3804 mihi

2366 3841 2581 3907 dixeris,
2603 3851 2803 3911 patrem
2824 3841 2990 3896 habeo
3014 3841 3305 3896 consulem.
3331 3841 3551 3895 Etiamsi
3583 3842 3800 3897 Paulum
3819 3857 3943 3910 apo-

2368 3938 2561 3991 stolum
2588 3947 2788 4003 patrem
2819 3935 3043 3988 haberes
3069 3977 3081 3998 ,
3111 3936 3154 3989 si
3184 3942 3443 4004 martyres
3476 3933 3666 3988 fratres
3689 3976 3702 3997 ,
3738 3944 3790 3988 tu
3819 3950 3947 3990 vero

2370 4030 2615 4082 virtutem
2645 4028 2851 4081 illorum
2887 4043 2988 4080 non
3027 4028 3308 4081 inzitarcris
3334 4070 3348 4089 ,
3383 4027 3508 4080 nihil
3542 4027 3633 4080 tibi
3672 4021 3944 4096 prodesset

2371 4121 2454 4172 illa
2477 4119 2755 4190 cognatio;
2781 4119 2886 4171 imo
2910 4119 3081 4187 potius
3106 4118 3195 4171 tibi
3217 4112 3430 4171 noceret
3451 4126 3605 4186 teque
3626 4119 3946 4172 condemna-

2373 4223 2469 4268 ret.
2495 4214 2678 4277 Mater,
2703 4214 2924 4282 iuquiet,
2950 4228 3062 4266 mea
3091 4213 3480 4281 cleetnosyuam
3510 4223 3714 4280 erogat.
3749 4206 3945 4280 Ecquid

2375 4308 2474 4362 hoc
2500 4308 2561 4360 ad
2597 4316 2644 4360 te
2668 4349 2680 4370 ,
2713 4308 2798 4375 qui
2841 4305 3159 4359 inhumanus
3184 4304 3277 4359 es?
3313 4303 3444 4357 Nam
3486 4304 3603 4372 ejus
3651 4305 3947 4357 humanitas

2376 4400 2479 4452 tuis
2511 4397 2763 4466 improbis
2805 4395 3044 4450 moribus
3073 4394 3310 4449 accessio
3349 4393 3814 4448 condemuationis
3849 4409 3945 4448 ÎµÎµÎ¹.

2375 4490 2508 4556 Quid
2535 4489 2677 4543 enim
2708 4489 2835 4542 dicit
2868 4487 3098 4542 Joannes
3128 4486 3358 4554 Baptista
3395 4484 3459 4537 ad
3495 4485 3744 4552 populum
3775 4483 3948 4536 Judai-

2376 4598 2494 4636 cum
2511 4582 2532 4634 ?
2551 4580 2724 4633 Facite
2748 4580 2963 4648 fructum
2984 4578 3190 4648 dignum
3215 4576 3536 4646 pwnitentiw,
3563 4587 3607 4627 et
3625 4592 3686 4627 uc
3706 4576 3946 4639 dixeritis,

2379 4685 2570 4744 patrem
2593 4672 2827 4726 habemus
2862 4671 3110 4724 Abraham
3140 4668 3288 4739 (Luc.
3322 4669 3374 4722 5.
3404 4669 3482 4722 8i.
3516 4668 3831 4720 Prieclarum
3860 4669 3948 4719 ha-

2380 4769 2472 4821 bes
2502 4779 2709 4820 atavutn
2739 4783 2749 4816 :
2780 4765 2822 4817 si
2853 4766 3086 4817 imitatus
3115 4760 3277 4815 fueris
3301 4803 3313 4824 ,
3347 4760 3468 4812 hine
3511 4761 3710 4812 lucrum
3755 4759 3948 4815 hat-es:

2380 4861 2421 4913 si
2454 4876 2554 4912 non
2585 4859 2835 4921 imitatus,
2866 4856 3178 4924 pra'clarum
3208 4853 3351 4905 illum
3383 4851 3546 4904 habes
3571 4860 3949 4914 accusatorem,

2381 4955 2521 5023 quod
2549 4971 2613 5008 ex
2644 4952 2780 5006 dulci
2812 4950 2992 5004 radice
3028 4963 3238 5002 amarus
3265 4948 3338 5000 sis
3364 4956 3511 5000 ortus
3548 4944 3764 5000 fruetus.
3796 4947 3951 4999 Num-

2383 5063 2536 5116 quam
2569 5046 2776 5099 beatum
2810 5042 3062 5112 praJdiCCs
3084 5041 3374 5102 hominem,
3397 5039 3545 5106 cujus
3564 5051 3817 5106 cognatus
3840 5056 3929 5108 pm

2390 5139 2486 5192 bus
2517 5147 2616 5200 est,
2649 5137 2745 5188 nisi
2773 5135 2886 5201 ejus
2917 5147 3092 5185 mores
3124 5132 3376 5183 imitetur.
3402 5129 3624 5184 Matrem
3654 5130 3818 5184 habes
3845 5147 3934 5183 san

2385 5233 2563 5290 ctam?
2588 5232 2722 5286 Nihil
2754 5231 2818 5284 ad
2851 5239 2899 5283 te
2938 5227 3164 5281 attinet:
3200 5234 3419 5278 matrem
3453 5223 3615 5279 habes
3645 5225 3919 5278 scelestam
3950 5267 3954 5274 .

2453 5441 2465 5470 Â¹
2491 5433 2697 5489 Beuzcl.,
2717 5442 2833 5480 Cum
2858 5429 2903 5477 in
2922 5427 3097 5476 divitiis
3118 5423 3412 5490 lrrtahundus
3436 5434 3527 5470 non
3548 5421 3907 5490 uides,citu_n7n.--

2388 5513 2526 5564 parua
2545 5484 2876 5548 acute'ceruis,
2899 5499 2992 5538 etc.
3021 5489 3278 5564 sequentia
3315 5484 3700 5564 th_etitnpat_tluluin
3724 5484 3820 5564 (liti
3925 5495 3940 5564 â€˜-

2549 5545 2662 5608 Vltac
2703 5545 2958 5620 parumper
2986 5545 3168 5600 variant
3209 5551 3256 5596 iu
3282 5548 3399 5596 edit.
3427 5546 3641 5601 Beuzel.,
3667 5545 3753 5593 sed
3801 5555 3970 5592 sensu

2391 5630 2467 5657 irin

2390 5627 2616 5742 â€œibim
2656 5681 2760 5731 fere
2786 5679 2968 5741 repetit
3004 5687 3110 5737 qua:
3153 5673 3382 5722 concione
3427 5672 3574 5720 tertia
3600 5681 3757 5731 supra,
3797 5671 3965 5714 nit-az.l

2397 5759 2443 5798 et
2481 5748 2551 5797 10.
