  <div class='ocr_page' id='page_1' title='image "/cluster/home/n/w/nwhite01/storage/ocr_20150623/48/pst.000005712458/522.png"; bbox 0 0 4154 6320; ppageno 0'>
   <div class='ocr_carea' id='block_1_1' title="bbox 211 371 357 429">
    <p class='ocr_par' dir='ltr' id='par_1_1' title="bbox 211 371 357 429">
     <span class='ocr_line' id='line_1_1' title="bbox 211 371 357 429; baseline 0.014 -3"><span class='ocrx_word' id='word_1_1' title='bbox 211 372 237 426; x_wconf 81' lang='grc' dir='ltr'>ί</span> <span class='ocrx_word' id='word_1_2' title='bbox 247 371 357 429; x_wconf 80' lang='lat'>035</span> 
     </span>
    </p>
   </div>
   <div class='ocr_carea' id='block_1_2' title="bbox 202 485 1803 560">
    <p class='ocr_par' dir='ltr' id='par_1_2' title="bbox 202 485 1803 560">
     <span class='ocr_line' id='line_1_2' title="bbox 202 485 1803 560; baseline -0.003 -16"><span class='ocrx_word' id='word_1_3' title='bbox 202 488 349 544; x_wconf 78' lang='grc' dir='ltr'>ἀλλὰ</span> <span class='ocrx_word' id='word_1_4' title='bbox 377 487 564 560; x_wconf 83' lang='grc' dir='ltr'>ἰατροῦ</span> <span class='ocrx_word' id='word_1_5' title='bbox 589 486 780 558; x_wconf 73' lang='grc' dir='ltr'>ἱμάτια</span> <span class='ocrx_word' id='word_1_6' title='bbox 813 487 1298 560; x_wconf 67' lang='grc' dir='ltr'>περιϐεϐλημένος,</span> <span class='ocrx_word' id='word_1_7' title='bbox 1316 491 1345 542; x_wconf 95' lang='lat'>6</span> <span class='ocrx_word' id='word_1_8' title='bbox 1373 489 1429 542; x_wconf 88' lang='grc' dir='ltr'>δὲ</span> <span class='ocrx_word' id='word_1_9' title='bbox 1447 488 1631 552; x_wconf 89' lang='grc' dir='ltr'>δοῦλος</span> <span class='ocrx_word' id='word_1_10' title='bbox 1654 485 1803 546; x_wconf 68' lang='grc' dir='ltr'>ὲλεύῖ</span> 
     </span>
    </p>
   </div>
   <div class='ocr_carea' id='block_1_3' title="bbox 202 579 1805 653">
    <p class='ocr_par' dir='ltr' id='par_1_3' title="bbox 202 579 1805 653">
     <span class='ocr_line' id='line_1_3' title="bbox 202 579 1805 653; baseline -0.003 -17"><span class='ocrx_word' id='word_1_11' title='bbox 202 580 370 653; x_wconf 84' lang='grc' dir='ltr'>θερος</span> <span class='ocrx_word' id='word_1_12' title='bbox 397 581 494 645; x_wconf 82' lang='grc' dir='ltr'>ὢν,</span> <span class='ocrx_word' id='word_1_13' title='bbox 535 583 564 635; x_wconf 98' lang='lat'>6</span> <span class='ocrx_word' id='word_1_14' title='bbox 587 580 646 634; x_wconf 88' lang='grc' dir='ltr'>δὲ</span> <span class='ocrx_word' id='word_1_15' title='bbox 672 580 990 647; x_wconf 89' lang='grc' dir='ltr'>διδάσκαλος</span> <span class='ocrx_word' id='word_1_16' title='bbox 1015 583 1136 636; x_wconf 81' lang='grc' dir='ltr'>οὐδὲ</span> <span class='ocrx_word' id='word_1_17' title='bbox 1175 581 1481 652; x_wconf 89' lang='grc' dir='ltr'>γράμματα</span> <span class='ocrx_word' id='word_1_18' title='bbox 1503 579 1805 648; x_wconf 78' lang='grc' dir='ltr'>ἐπιστάμε-</span> 
     </span>
    </p>
   </div>
   <div class='ocr_carea' id='block_1_4' title="bbox 203 665 1802 742">
    <p class='ocr_par' dir='ltr' id='par_1_4' title="bbox 203 665 1802 742">
     <span class='ocr_line' id='line_1_4' title="bbox 203 665 1802 742; baseline -0.002 -17"><span class='ocrx_word' id='word_1_19' title='bbox 203 688 322 735; x_wconf 87' lang='grc' dir='ltr'>νος,</span> <span class='ocrx_word' id='word_1_20' title='bbox 357 670 510 724; x_wconf 86' lang='grc' dir='ltr'>οὐδὲν</span> <span class='ocrx_word' id='word_1_21' title='bbox 539 665 614 725; x_wconf 84' lang='grc' dir='ltr'>ὧν</span> <span class='ocrx_word' id='word_1_22' title='bbox 642 673 750 725; x_wconf 88' lang='grc' dir='ltr'>είσι</span> <span class='ocrx_word' id='word_1_23' title='bbox 773 673 1078 742; x_wconf 84' lang='grc' dir='ltr'>φαίνονται,</span> <span class='ocrx_word' id='word_1_24' title='bbox 1104 668 1231 726; x_wconf 69' lang='grc' dir='ltr'>ἃδέ</span> <span class='ocrx_word' id='word_1_25' title='bbox 1253 673 1390 724; x_wconf 80' lang='grc' dir='ltr'>εἰσιν</span> <span class='ocrx_word' id='word_1_26' title='bbox 1414 671 1476 724; x_wconf 89' lang='grc' dir='ltr'>οὐ</span> <span class='ocrx_word' id='word_1_27' title='bbox 1520 669 1802 740; x_wconf 81' lang='grc' dir='ltr'>φαίνονται</span> 
     </span>
    </p>
   </div>
   <div class='ocr_carea' id='block_1_5' title="bbox 204 761 1801 836">
    <p class='ocr_par' dir='ltr' id='par_1_5' title="bbox 204 761 1801 836">
     <span class='ocr_line' id='line_1_5' title="bbox 204 761 1801 836; baseline -0.002 -20"><span class='ocrx_word' id='word_1_28' title='bbox 204 762 498 833; x_wconf 71' lang='grc' dir='ltr'>(φαίνεται</span> <span class='ocrx_word' id='word_1_29' title='bbox 544 764 654 836; x_wconf 77' lang='grc' dir='ltr'>γὰρ</span> <span class='ocrx_word' id='word_1_30' title='bbox 709 764 892 835; x_wconf 82' lang='grc' dir='ltr'>ἰατρὸς</span> <span class='ocrx_word' id='word_1_31' title='bbox 917 765 1017 817; x_wconf 88' lang='grc' dir='ltr'>οὐκ</span> <span class='ocrx_word' id='word_1_32' title='bbox 1043 763 1120 818; x_wconf 79' lang='grc' dir='ltr'>ὢν</span> <span class='ocrx_word' id='word_1_33' title='bbox 1154 764 1362 834; x_wconf 82' lang='grc' dir='ltr'>ίατρὸς,</span> <span class='ocrx_word' id='word_1_34' title='bbox 1409 763 1506 817; x_wconf 73' lang='grc' dir='ltr'>καὶ</span> <span class='ocrx_word' id='word_1_35' title='bbox 1545 761 1801 831; x_wconf 84' lang='grc' dir='ltr'>φαίνεται</span> 
     </span>
    </p>
   </div>
   <div class='ocr_carea' id='block_1_6' title="bbox 202 851 1802 926">
    <p class='ocr_par' dir='ltr' id='par_1_6' title="bbox 202 851 1802 926">
     <span class='ocr_line' id='line_1_6' title="bbox 202 851 1802 926; baseline -0.002 -18"><span class='ocrx_word' id='word_1_36' title='bbox 202 853 503 925; x_wconf 79' lang='grc' dir='ltr'>φιλόσοφος</span> <span class='ocrx_word' id='word_1_37' title='bbox 537 851 714 926; x_wconf 81' lang='grc' dir='ltr'>κόμην</span> <span class='ocrx_word' id='word_1_38' title='bbox 747 854 886 925; x_wconf 75' lang='grc' dir='ltr'>ἔχων</span> <span class='ocrx_word' id='word_1_39' title='bbox 917 857 975 908; x_wconf 76' lang='grc' dir='ltr'>ἐν</span> <span class='ocrx_word' id='word_1_40' title='bbox 1007 853 1084 926; x_wconf 83' lang='grc' dir='ltr'>τῷ</span> <span class='ocrx_word' id='word_1_41' title='bbox 1107 855 1460 926; x_wconf 82' lang='grc' dir='ltr'>προσωπείῳ,</span> <span class='ocrx_word' id='word_1_42' title='bbox 1487 853 1585 908; x_wconf 74' lang='grc' dir='ltr'>καὶ</span> <span class='ocrx_word' id='word_1_43' title='bbox 1617 854 1802 922; x_wconf 81' lang='grc' dir='ltr'>φαίνε-</span> 
     </span>
    </p>
   </div>
   <div class='ocr_carea' id='block_1_7' title="bbox 199 944 1799 1018">
    <p class='ocr_par' dir='ltr' id='par_1_7' title="bbox 199 944 1799 1018">
     <span class='ocr_line' id='line_1_7' title="bbox 199 944 1799 1018; baseline 0 -20"><span class='ocrx_word' id='word_1_44' title='bbox 199 963 296 1000; x_wconf 88' lang='grc' dir='ltr'>ται</span> <span class='ocrx_word' id='word_1_45' title='bbox 333 945 679 1016; x_wconf 73' lang='grc' dir='ltr'>στρατιώτης</span> <span class='ocrx_word' id='word_1_46' title='bbox 705 944 1037 1015; x_wconf 85' lang='grc' dir='ltr'>στρατιώτου</span> <span class='ocrx_word' id='word_1_47' title='bbox 1078 946 1264 1017; x_wconf 82' lang='grc' dir='ltr'>σχῆμα</span> <span class='ocrx_word' id='word_1_48' title='bbox 1304 945 1799 1018; x_wconf 62' lang='grc' dir='ltr'>περιϐεϐλημένπ·</span> 
     </span>
    </p>
   </div>
   <div class='ocr_carea' id='block_1_8' title="bbox 200 1036 1802 1108">
    <p class='ocr_par' dir='ltr' id='par_1_8' title="bbox 200 1036 1802 1108">
     <span class='ocr_line' id='line_1_8' title="bbox 200 1036 1802 1108; baseline 0.001 -18"><span class='ocrx_word' id='word_1_49' title='bbox 200 1038 302 1090; x_wconf 76' lang='grc' dir='ltr'>καὶ</span> <span class='ocrx_word' id='word_1_50' title='bbox 331 1037 523 1108; x_wconf 72' lang='grc' dir='ltr'>ἀπατᾷ</span> <span class='ocrx_word' id='word_1_51' title='bbox 554 1039 586 1108; x_wconf 84' lang='grc' dir='ltr'>ή</span> <span class='ocrx_word' id='word_1_52' title='bbox 614 1037 737 1105; x_wconf 67' lang='grc' dir='ltr'>ὄψις</span> <span class='ocrx_word' id='word_1_53' title='bbox 767 1036 863 1089; x_wconf 88' lang='grc' dir='ltr'>τοῦ</span> <span class='ocrx_word' id='word_1_54' title='bbox 899 1039 1268 1108; x_wconf 80' lang='grc' dir='ltr'>προσωπείου,</span> <span class='ocrx_word' id='word_1_55' title='bbox 1293 1037 1410 1091; x_wconf 87' lang='grc' dir='ltr'>ἀλλ’</span> <span class='ocrx_word' id='word_1_56' title='bbox 1453 1039 1516 1091; x_wconf 87' lang='grc' dir='ltr'>οὐ</span> <span class='ocrx_word' id='word_1_57' title='bbox 1548 1037 1802 1107; x_wconf 74' lang='grc' dir='ltr'>ψεύδεται</span> 
     </span>
    </p>
   </div>
   <div class='ocr_carea' id='block_1_9' title="bbox 201 1121 1804 1200">
    <p class='ocr_par' dir='ltr' id='par_1_9' title="bbox 201 1121 1804 1200">
     <span class='ocr_line' id='line_1_9' title="bbox 201 1121 1804 1200; baseline 0.002 -23"><span class='ocrx_word' id='word_1_58' title='bbox 201 1126 307 1195; x_wconf 75' lang='grc' dir='ltr'>τὴν</span> <span class='ocrx_word' id='word_1_59' title='bbox 339 1125 523 1196; x_wconf 79' lang='grc' dir='ltr'>φύσιν.</span> <span class='ocrx_word' id='word_1_60' title='bbox 563 1121 628 1197; x_wconf 77' lang='grc' dir='ltr'>ἧς</span> <span class='ocrx_word' id='word_1_61' title='bbox 687 1127 1014 1198; x_wconf 86' lang='grc' dir='ltr'>μεταϐάλλει</span> <span class='ocrx_word' id='word_1_62' title='bbox 1056 1129 1159 1200; x_wconf 83' lang='grc' dir='ltr'>τὴν</span> <span class='ocrx_word' id='word_1_63' title='bbox 1207 1127 1488 1200; x_wconf 89' lang='grc' dir='ltr'>ἀλήθειαν.</span> <span class='ocrx_word' id='word_1_64' title='bbox 1539 1128 1648 1181; x_wconf 82' lang='grc' dir='ltr'>Καὶ</span> <span class='ocrx_word' id='word_1_65' title='bbox 1697 1128 1804 1192; x_wconf 71' lang='grc' dir='ltr'>ἕως</span> 
     </span>
    </p>
   </div>
   <div class='ocr_carea' id='block_1_10' title="bbox 206 1216 1802 1291">
    <p class='ocr_par' dir='ltr' id='par_1_10' title="bbox 206 1216 1802 1291">
     <span class='ocr_line' id='line_1_10' title="bbox 206 1216 1802 1291; baseline 0.004 -25"><span class='ocrx_word' id='word_1_66' title='bbox 206 1216 312 1282; x_wconf 81' lang='grc' dir='ltr'>μὲν</span> <span class='ocrx_word' id='word_1_67' title='bbox 362 1216 687 1282; x_wconf 75' lang='grc' dir='ltr'>καθέζονται</span> <span class='ocrx_word' id='word_1_68' title='bbox 734 1219 785 1271; x_wconf 77' lang='lat'><strong>0!</strong></span> <span class='ocrx_word' id='word_1_69' title='bbox 819 1220 1170 1290; x_wconf 85' lang='grc' dir='ltr'>τερπόμενοι,</span> <span class='ocrx_word' id='word_1_70' title='bbox 1195 1218 1266 1273; x_wconf 88' lang='grc' dir='ltr'>τά</span> <span class='ocrx_word' id='word_1_71' title='bbox 1303 1221 1626 1291; x_wconf 82' lang='grc' dir='ltr'>προσωπεῖα</span> <span class='ocrx_word' id='word_1_72' title='bbox 1647 1219 1802 1273; x_wconf 82' lang='grc' dir='ltr'>ἵστα-</span> 
     </span>
    </p>
   </div>
   <div class='ocr_carea' id='block_1_11' title="bbox 201 1302 1802 1385">
    <p class='ocr_par' dir='ltr' id='par_1_11' title="bbox 201 1302 1802 1385">
     <span class='ocr_line' id='line_1_11' title="bbox 201 1302 1802 1385; baseline 0.002 -25"><span class='ocrx_word' id='word_1_73' title='bbox 201 1322 298 1360; x_wconf 87' lang='grc' dir='ltr'>ται</span> <span class='ocrx_word' id='word_1_74' title='bbox 325 1324 342 1339; x_wconf 86' lang='grc'><strong>·</strong></span> <span class='ocrx_word' id='word_1_75' title='bbox 398 1309 617 1364; x_wconf 78' lang='grc' dir='ltr'>ὲπειδάν</span> <span class='ocrx_word' id='word_1_76' title='bbox 643 1323 670 1352; x_wconf 74' lang='grc' dir='ltr'>ι</span> <span class='ocrx_word' id='word_1_77' title='bbox 699 1311 755 1364; x_wconf 82' lang='grc' dir='ltr'>δὲ</span> <span class='ocrx_word' id='word_1_78' title='bbox 787 1311 1000 1383; x_wconf 77' lang='grc' dir='ltr'>ἑσπέρα</span> <span class='ocrx_word' id='word_1_79' title='bbox 1051 1302 1336 1385; x_wconf 84' lang='grc' dir='ltr'>καταλάϐῃ</span> <span class='ocrx_word' id='word_1_80' title='bbox 1359 1353 1372 1376; x_wconf 89' lang='grc'>,</span> <span class='ocrx_word' id='word_1_81' title='bbox 1425 1313 1522 1366; x_wconf 76' lang='grc' dir='ltr'>καὶ</span> <span class='ocrx_word' id='word_1_82' title='bbox 1566 1310 1700 1380; x_wconf 79' lang='grc' dir='ltr'>λυθῇ</span> <span class='ocrx_word' id='word_1_83' title='bbox 1741 1309 1802 1364; x_wconf 75' lang='grc' dir='ltr'>τὸ</span> 
     </span>
    </p>
   </div>
   <div class='ocr_carea' id='block_1_12' title="bbox 204 1396 1802 1476">
    <p class='ocr_par' dir='ltr' id='par_1_12' title="bbox 204 1396 1802 1476">
     <span class='ocr_line' id='line_1_12' title="bbox 204 1396 1802 1476; baseline 0.003 -25"><span class='ocrx_word' id='word_1_84' title='bbox 204 1396 470 1471; x_wconf 79' lang='grc' dir='ltr'>θέατρον,</span> <span class='ocrx_word' id='word_1_85' title='bbox 529 1402 625 1455; x_wconf 75' lang='grc' dir='ltr'>καὶ</span> <span class='ocrx_word' id='word_1_86' title='bbox 670 1405 872 1468; x_wconf 84' lang='grc' dir='ltr'>πάντες</span> <span class='ocrx_word' id='word_1_87' title='bbox 929 1405 1350 1474; x_wconf 86' lang='grc' dir='ltr'>ἀναχωρήσωσι,</span> <span class='ocrx_word' id='word_1_88' title='bbox 1397 1405 1680 1476; x_wconf 80' lang='grc' dir='ltr'>ρίπτονται</span> <span class='ocrx_word' id='word_1_89' title='bbox 1731 1402 1802 1456; x_wconf 90' lang='grc' dir='ltr'>τά</span> 
     </span>
    </p>
   </div>
   <div class='ocr_carea' id='block_1_13' title="bbox 205 1492 1804 1568">
    <p class='ocr_par' dir='ltr' id='par_1_13' title="bbox 205 1492 1804 1568">
     <span class='ocr_line' id='line_1_13' title="bbox 205 1492 1804 1568; baseline 0.004 -27"><span class='ocrx_word' id='word_1_90' title='bbox 205 1494 554 1560; x_wconf 72' lang='grc' dir='ltr'>προσωπεῖα,</span> <span class='ocrx_word' id='word_1_91' title='bbox 585 1494 679 1546; x_wconf 77' lang='grc' dir='ltr'>καὶ</span> <span class='ocrx_word' id='word_1_92' title='bbox 699 1495 728 1546; x_wconf 91' lang='lat'>6</span> <span class='ocrx_word' id='word_1_93' title='bbox 753 1493 899 1548; x_wconf 77' lang='grc' dir='ltr'>ἔνδον</span> <span class='ocrx_word' id='word_1_94' title='bbox 921 1494 1178 1565; x_wconf 85' lang='grc' dir='ltr'>βασιλεὺς</span> <span class='ocrx_word' id='word_1_95' title='bbox 1202 1495 1514 1568; x_wconf 84' lang='grc' dir='ltr'>εὑρίσκεται</span> <span class='ocrx_word' id='word_1_96' title='bbox 1541 1493 1646 1562; x_wconf 76' lang='grc' dir='ltr'>ἔξω</span> <span class='ocrx_word' id='word_1_97' title='bbox 1671 1492 1804 1565; x_wconf 67' lang='grc' dir='ltr'>χαλε</span> 
     </span>
    </p>
   </div>
   <div class='ocr_carea' id='block_1_14' title="bbox 203 1581 1802 1658">
    <p class='ocr_par' dir='ltr' id='par_1_14' title="bbox 203 1581 1802 1658">
     <span class='ocr_line' id='line_1_14' title="bbox 203 1581 1802 1658; baseline 0.001 -21"><span class='ocrx_word' id='word_1_98' title='bbox 203 1581 465 1646; x_wconf 80' lang='grc' dir='ltr'>κότυπος.</span> <span class='ocrx_word' id='word_1_99' title='bbox 510 1583 817 1658; x_wconf 79' lang='grc' dir='ltr'>’Δπερρίφη</span> <span class='ocrx_word' id='word_1_100' title='bbox 857 1586 928 1640; x_wconf 86' lang='grc' dir='ltr'>τὰ</span> <span class='ocrx_word' id='word_1_101' title='bbox 955 1588 1298 1657; x_wconf 77' lang='grc' dir='ltr'>προσωπεῖα,</span> <span class='ocrx_word' id='word_1_102' title='bbox 1323 1586 1568 1657; x_wconf 83' lang='grc' dir='ltr'>ἀπῆλθεν</span> <span class='ocrx_word' id='word_1_103' title='bbox 1595 1589 1629 1657; x_wconf 87' lang='grc' dir='ltr'>ή</span> <span class='ocrx_word' id='word_1_104' title='bbox 1659 1585 1802 1639; x_wconf 87' lang='grc' dir='ltr'>άπά-</span> 
     </span>
    </p>
   </div>
   <div class='ocr_carea' id='block_1_15' title="bbox 200 1675 1800 1751">
    <p class='ocr_par' dir='ltr' id='par_1_15' title="bbox 200 1675 1800 1751">
     <span class='ocr_line' id='line_1_15' title="bbox 200 1675 1800 1751; baseline 0.001 -21"><span class='ocrx_word' id='word_1_105' title='bbox 200 1692 297 1747; x_wconf 91' lang='grc' dir='ltr'>τη,</span> <span class='ocrx_word' id='word_1_106' title='bbox 330 1675 550 1748; x_wconf 76' lang='grc' dir='ltr'>ἐδείχθη</span> <span class='ocrx_word' id='word_1_107' title='bbox 575 1680 608 1750; x_wconf 84' lang='grc' dir='ltr'><strong>ἡ</strong></span> <span class='ocrx_word' id='word_1_108' title='bbox 651 1678 881 1750; x_wconf 84' lang='grc' dir='ltr'>ἀλήθεια</span> <span class='ocrx_word' id='word_1_109' title='bbox 904 1691 918 1708; x_wconf 84' lang='lat'><strong><em>°</em></strong></span> <span class='ocrx_word' id='word_1_110' title='bbox 951 1681 1046 1733; x_wconf 74' lang='grc' dir='ltr'>καὶ</span> <span class='ocrx_word' id='word_1_111' title='bbox 1076 1679 1394 1751; x_wconf 79' lang='grc' dir='ltr'>εὑρίσκεται</span> <span class='ocrx_word' id='word_1_112' title='bbox 1420 1681 1450 1734; x_wconf 89' lang='lat'>6</span> <span class='ocrx_word' id='word_1_113' title='bbox 1477 1679 1625 1734; x_wconf 72' lang='grc' dir='ltr'>ἔνδον</span> <span class='ocrx_word' id='word_1_114' title='bbox 1647 1677 1800 1733; x_wconf 80' lang='grc' dir='ltr'>ἐλεύ-</span> 
     </span>
    </p>
   </div>
   <div class='ocr_carea' id='block_1_16' title="bbox 201 1765 1798 1842">
    <p class='ocr_par' dir='ltr' id='par_1_16' title="bbox 201 1765 1798 1842">
     <span class='ocr_line' id='line_1_16' title="bbox 201 1765 1798 1842; baseline 0.003 -24"><span class='ocrx_word' id='word_1_115' title='bbox 201 1765 391 1838; x_wconf 84' lang='grc' dir='ltr'>θερος,</span> <span class='ocrx_word' id='word_1_116' title='bbox 416 1766 523 1834; x_wconf 70' lang='grc' dir='ltr'>ἔξω</span> <span class='ocrx_word' id='word_1_117' title='bbox 542 1767 727 1832; x_wconf 93' lang='grc' dir='ltr'>δοῦλος</span> <span class='ocrx_word' id='word_1_118' title='bbox 745 1787 760 1802; x_wconf 76' lang='grc' dir='ltr'><strong><em>ο</em></strong></span> <span class='ocrx_word' id='word_1_119' title='bbox 789 1770 928 1842; x_wconf 81' lang='grc' dir='ltr'>ὅπερ</span> <span class='ocrx_word' id='word_1_120' title='bbox 945 1770 1052 1842; x_wconf 83' lang='grc' dir='ltr'>γὰρ</span> <span class='ocrx_word' id='word_1_121' title='bbox 1073 1767 1248 1836; x_wconf 84' lang='grc' dir='ltr'>εῐπον,</span> <span class='ocrx_word' id='word_1_122' title='bbox 1276 1769 1385 1823; x_wconf 74' lang='grc' dir='ltr'>ἔσω</span> <span class='ocrx_word' id='word_1_123' title='bbox 1411 1769 1512 1840; x_wconf 77' lang='grc' dir='ltr'>μὲν</span> <span class='ocrx_word' id='word_1_124' title='bbox 1535 1772 1566 1841; x_wconf 81' lang='grc' dir='ltr'>ή</span> <span class='ocrx_word' id='word_1_125' title='bbox 1589 1770 1798 1841; x_wconf 81' lang='grc' dir='ltr'>ἀπάτη,</span> 
     </span>
    </p>
   </div>
   <div class='ocr_carea' id='block_1_17' title="bbox 199 1857 1800 1935">
    <p class='ocr_par' dir='ltr' id='par_1_17' title="bbox 199 1857 1800 1935">
     <span class='ocr_line' id='line_1_17' title="bbox 199 1857 1800 1935; baseline 0.002 -23"><span class='ocrx_word' id='word_1_126' title='bbox 199 1857 313 1926; x_wconf 71' lang='grc' dir='ltr'>ἔξω</span> <span class='ocrx_word' id='word_1_127' title='bbox 342 1859 400 1913; x_wconf 83' lang='grc' dir='ltr'>δὲ</span> <span class='ocrx_word' id='word_1_128' title='bbox 426 1861 460 1932; x_wconf 85' lang='grc' dir='ltr'>ή</span> <span class='ocrx_word' id='word_1_129' title='bbox 486 1859 750 1931; x_wconf 77' lang='grc' dir='ltr'>ἀλήθειαο</span> <span class='ocrx_word' id='word_1_130' title='bbox 784 1861 1086 1916; x_wconf 82' lang='grc' dir='ltr'>κατέλαϐεν</span> <span class='ocrx_word' id='word_1_131' title='bbox 1115 1862 1172 1916; x_wconf 75' lang='grc' dir='ltr'>δὲ</span> <span class='ocrx_word' id='word_1_132' title='bbox 1205 1864 1238 1935; x_wconf 88' lang='grc' dir='ltr'>ή</span> <span class='ocrx_word' id='word_1_133' title='bbox 1267 1863 1478 1934; x_wconf 75' lang='grc' dir='ltr'>ἑσπέρα</span> <span class='ocrx_word' id='word_1_134' title='bbox 1497 1879 1511 1893; x_wconf 78' lang='grc' dir='ltr'><strong><em>ο</em></strong></span> <span class='ocrx_word' id='word_1_135' title='bbox 1550 1861 1712 1934; x_wconf 70' lang='grc' dir='ltr'>ἐλύθη</span> <span class='ocrx_word' id='word_1_136' title='bbox 1737 1861 1800 1916; x_wconf 81' lang='grc' dir='ltr'>τὸ</span> 
     </span>
    </p>
   </div>
   <div class='ocr_carea' id='block_1_18' title="bbox 201 1948 1798 2026">
    <p class='ocr_par' dir='ltr' id='par_1_18' title="bbox 201 1948 1798 2026">
     <span class='ocr_line' id='line_1_18' title="bbox 201 1948 1798 2026; baseline 0.003 -24"><span class='ocrx_word' id='word_1_137' title='bbox 201 1948 455 2020; x_wconf 87' lang='grc' dir='ltr'>θέατρον,</span> <span class='ocrx_word' id='word_1_138' title='bbox 483 1951 658 2024; x_wconf 81' lang='grc' dir='ltr'>ἐφάνη</span> <span class='ocrx_word' id='word_1_139' title='bbox 689 1954 724 2024; x_wconf 86' lang='grc' dir='ltr'>ή</span> <span class='ocrx_word' id='word_1_140' title='bbox 750 1952 997 2025; x_wconf 88' lang='grc' dir='ltr'>ἀλήθεια)</span> <span class='ocrx_word' id='word_1_141' title='bbox 1017 1971 1030 1985; x_wconf 88' lang='grc'><strong>·</strong></span> <span class='ocrx_word' id='word_1_142' title='bbox 1063 1953 1208 2008; x_wconf 82' lang='grc' dir='ltr'>οῦτω</span> <span class='ocrx_word' id='word_1_143' title='bbox 1232 1953 1326 2007; x_wconf 80' lang='grc' dir='ltr'>καὶ</span> <span class='ocrx_word' id='word_1_144' title='bbox 1361 1954 1421 2009; x_wconf 83' lang='grc' dir='ltr'>ὲν</span> <span class='ocrx_word' id='word_1_145' title='bbox 1455 1952 1535 2025; x_wconf 82' lang='grc' dir='ltr'>τῷ</span> <span class='ocrx_word' id='word_1_146' title='bbox 1571 1953 1673 2026; x_wconf 87' lang='grc' dir='ltr'>βίῳ</span> <span class='ocrx_word' id='word_1_147' title='bbox 1705 1954 1798 2007; x_wconf 78' lang='grc' dir='ltr'>καὶ</span> 
     </span>
    </p>
   </div>
   <div class='ocr_carea' id='block_1_19' title="bbox 199 2040 1799 2119">
    <p class='ocr_par' dir='ltr' id='par_1_19' title="bbox 199 2040 1799 2119">
     <span class='ocr_line' id='line_1_19' title="bbox 199 2040 1799 2119; baseline 0.004 -25"><span class='ocrx_word' id='word_1_148' title='bbox 199 2041 262 2094; x_wconf 82' lang='grc' dir='ltr'>ὲν</span> <span class='ocrx_word' id='word_1_149' title='bbox 289 2040 372 2112; x_wconf 83' lang='grc' dir='ltr'>τῷ</span> <span class='ocrx_word' id='word_1_150' title='bbox 395 2042 577 2097; x_wconf 88' lang='grc' dir='ltr'>τέλει·</span> <span class='ocrx_word' id='word_1_151' title='bbox 610 2045 680 2098; x_wconf 91' lang='grc' dir='ltr'>τά</span> <span class='ocrx_word' id='word_1_152' title='bbox 699 2045 944 2117; x_wconf 89' lang='grc' dir='ltr'>παρόντα</span> <span class='ocrx_word' id='word_1_153' title='bbox 970 2045 1214 2119; x_wconf 89' lang='grc' dir='ltr'>θέατρον,</span> <span class='ocrx_word' id='word_1_154' title='bbox 1237 2047 1306 2101; x_wconf 82' lang='grc' dir='ltr'>τὰ</span> <span class='ocrx_word' id='word_1_155' title='bbox 1327 2047 1634 2118; x_wconf 88' lang='grc' dir='ltr'>πράγματα</span> <span class='ocrx_word' id='word_1_156' title='bbox 1661 2045 1799 2100; x_wconf 72' lang='lat'><em>61:6-</em></span> 
     </span>
    </p>
   </div>
   <div class='ocr_carea' id='block_1_20' title="bbox 197 2133 1798 2210">
    <p class='ocr_par' dir='ltr' id='par_1_20' title="bbox 197 2133 1798 2210">
     <span class='ocr_line' id='line_1_20' title="bbox 197 2133 1798 2210; baseline 0.001 -23"><span class='ocrx_word' id='word_1_157' title='bbox 197 2152 411 2206; x_wconf 86' lang='grc' dir='ltr'>κρισις,</span> <span class='ocrx_word' id='word_1_158' title='bbox 444 2133 674 2200; x_wconf 88' lang='grc' dir='ltr'>πλοῦτος</span> <span class='ocrx_word' id='word_1_159' title='bbox 711 2139 807 2191; x_wconf 71' lang='grc' dir='ltr'>καὶ</span> <span class='ocrx_word' id='word_1_160' title='bbox 850 2136 1041 2202; x_wconf 81' lang='grc' dir='ltr'>πενία,</span> <span class='ocrx_word' id='word_1_161' title='bbox 1077 2137 1173 2192; x_wconf 72' lang='grc' dir='ltr'>καὶ</span> <span class='ocrx_word' id='word_1_162' title='bbox 1209 2137 1395 2210; x_wconf 80' lang='grc' dir='ltr'>ἅρχων</span> <span class='ocrx_word' id='word_1_163' title='bbox 1423 2138 1519 2191; x_wconf 81' lang='grc' dir='ltr'>καὶ</span> <span class='ocrx_word' id='word_1_164' title='bbox 1558 2137 1798 2207; x_wconf 81' lang='grc' dir='ltr'>ἀρχόμε-</span> 
     </span>
    </p>
   </div>
   <div class='ocr_carea' id='block_1_21' title="bbox 196 2227 1797 2299">
    <p class='ocr_par' dir='ltr' id='par_1_21' title="bbox 196 2227 1797 2299">
     <span class='ocr_line' id='line_1_21' title="bbox 196 2227 1797 2299; baseline 0 -19"><span class='ocrx_word' id='word_1_165' title='bbox 196 2243 311 2290; x_wconf 83' lang='grc' dir='ltr'>νος,</span> <span class='ocrx_word' id='word_1_166' title='bbox 372 2227 468 2280; x_wconf 81' lang='grc' dir='ltr'>καὶ</span> <span class='ocrx_word' id='word_1_167' title='bbox 500 2227 601 2281; x_wconf 81' lang='grc' dir='ltr'>ὅσα</span> <span class='ocrx_word' id='word_1_168' title='bbox 665 2228 912 2282; x_wconf 76' lang='grc' dir='ltr'>τοιαῦταο</span> <span class='ocrx_word' id='word_1_169' title='bbox 947 2229 1077 2282; x_wconf 84' lang='grc' dir='ltr'>ὅταν</span> <span class='ocrx_word' id='word_1_170' title='bbox 1113 2227 1172 2282; x_wconf 84' lang='grc' dir='ltr'>δὲ</span> <span class='ocrx_word' id='word_1_171' title='bbox 1223 2227 1509 2299; x_wconf 76' lang='grc' dir='ltr'>ἀποϐληθῇ</span> <span class='ocrx_word' id='word_1_172' title='bbox 1548 2229 1582 2299; x_wconf 85' lang='grc' dir='ltr'>ή</span> <span class='ocrx_word' id='word_1_173' title='bbox 1613 2228 1797 2299; x_wconf 88' lang='grc' dir='ltr'>ήμέρα</span> 
     </span>
    </p>
   </div>
   <div class='ocr_carea' id='block_1_22' title="bbox 195 2317 1796 2394">
    <p class='ocr_par' dir='ltr' id='par_1_22' title="bbox 195 2317 1796 2394">
     <span class='ocr_line' id='line_1_22' title="bbox 195 2317 1796 2394; baseline 0 -23"><span class='ocrx_word' id='word_1_174' title='bbox 195 2317 408 2386; x_wconf 72' lang='grc' dir='ltr'>εκείνη,</span> <span class='ocrx_word' id='word_1_175' title='bbox 439 2319 534 2373; x_wconf 87' lang='grc' dir='ltr'>καί</span> <span class='ocrx_word' id='word_1_176' title='bbox 563 2318 696 2393; x_wconf 81' lang='grc' dir='ltr'>έλθῃ</span> <span class='ocrx_word' id='word_1_177' title='bbox 720 2321 754 2391; x_wconf 92' lang='grc' dir='ltr'>ή</span> <span class='ocrx_word' id='word_1_178' title='bbox 782 2319 878 2386; x_wconf 78' lang='grc' dir='ltr'>νὺξ</span> <span class='ocrx_word' id='word_1_179' title='bbox 901 2320 1086 2391; x_wconf 85' lang='grc' dir='ltr'>ὲκείνη</span> <span class='ocrx_word' id='word_1_180' title='bbox 1108 2321 1142 2391; x_wconf 85' lang='grc' dir='ltr'>ή</span> <span class='ocrx_word' id='word_1_181' title='bbox 1165 2319 1396 2394; x_wconf 87' lang='grc' dir='ltr'>φοϐερά,</span> <span class='ocrx_word' id='word_1_182' title='bbox 1433 2320 1636 2392; x_wconf 78' lang='grc' dir='ltr'>μᾶλλον</span> <span class='ocrx_word' id='word_1_183' title='bbox 1670 2319 1728 2372; x_wconf 79' lang='grc' dir='ltr'>δὲ</span> <span class='ocrx_word' id='word_1_184' title='bbox 1761 2320 1796 2391; x_wconf 83' lang='grc' dir='ltr'>ή</span> 
     </span>
    </p>
   </div>
   <div class='ocr_carea' id='block_1_23' title="bbox 192 2409 1798 2486">
    <p class='ocr_par' dir='ltr' id='par_1_23' title="bbox 192 2409 1798 2486">
     <span class='ocr_line' id='line_1_23' title="bbox 192 2409 1798 2486; baseline 0.001 -24"><span class='ocrx_word' id='word_1_185' title='bbox 192 2409 409 2483; x_wconf 79' lang='grc' dir='ltr'>ήμέρα,</span> <span class='ocrx_word' id='word_1_186' title='bbox 437 2411 534 2478; x_wconf 75' lang='grc' dir='ltr'>νὺξ</span> <span class='ocrx_word' id='word_1_187' title='bbox 562 2412 660 2483; x_wconf 84' lang='grc' dir='ltr'>μὲν</span> <span class='ocrx_word' id='word_1_188' title='bbox 688 2417 800 2477; x_wconf 92' lang='grc' dir='ltr'>τοῖς</span> <span class='ocrx_word' id='word_1_189' title='bbox 835 2414 1202 2485; x_wconf 79' lang='grc' dir='ltr'>ἁμαρτωλοῖς,</span> <span class='ocrx_word' id='word_1_190' title='bbox 1231 2412 1418 2486; x_wconf 76' lang='grc' dir='ltr'>ἡμέρα</span> <span class='ocrx_word' id='word_1_191' title='bbox 1464 2413 1524 2467; x_wconf 76' lang='grc' dir='ltr'>δὲ</span> <span class='ocrx_word' id='word_1_192' title='bbox 1557 2413 1672 2476; x_wconf 85' lang='grc' dir='ltr'>τοῖς</span> <span class='ocrx_word' id='word_1_193' title='bbox 1720 2410 1798 2464; x_wconf 84' lang='grc' dir='ltr'>δι·</span> 
     </span>
    </p>
   </div>
   <div class='ocr_carea' id='block_1_24' title="bbox 195 2501 1795 2582">
    <p class='ocr_par' dir='ltr' id='par_1_24' title="bbox 195 2501 1795 2582">
     <span class='ocr_line' id='line_1_24' title="bbox 195 2501 1795 2582; baseline 0.001 -26"><span class='ocrx_word' id='word_1_194' title='bbox 195 2501 407 2564; x_wconf 80' lang='grc' dir='ltr'>καίοις’</span> <span class='ocrx_word' id='word_1_195' title='bbox 459 2504 588 2556; x_wconf 83' lang='grc' dir='ltr'>ὅταν</span> <span class='ocrx_word' id='word_1_196' title='bbox 618 2503 752 2576; x_wconf 88' lang='grc' dir='ltr'>λυθῇ</span> <span class='ocrx_word' id='word_1_197' title='bbox 780 2506 844 2559; x_wconf 81' lang='grc' dir='ltr'>τὸ</span> <span class='ocrx_word' id='word_1_198' title='bbox 876 2505 1128 2582; x_wconf 69' lang='grc' dir='ltr'>θέατρον,</span> <span class='ocrx_word' id='word_1_199' title='bbox 1180 2507 1310 2561; x_wconf 83' lang='grc' dir='ltr'>ὅταν</span> <span class='ocrx_word' id='word_1_200' title='bbox 1342 2508 1473 2578; x_wconf 79' lang='grc' dir='ltr'>ῥιφῇ</span> <span class='ocrx_word' id='word_1_201' title='bbox 1515 2505 1586 2559; x_wconf 90' lang='grc' dir='ltr'>τά</span> <span class='ocrx_word' id='word_1_202' title='bbox 1619 2522 1795 2577; x_wconf 87' lang='grc' dir='ltr'>προσ-</span> 
     </span>
    </p>
   </div>
   <div class='ocr_carea' id='block_1_25' title="bbox 191 2593 1792 2669">
    <p class='ocr_par' dir='ltr' id='par_1_25' title="bbox 191 2593 1792 2669">
     <span class='ocr_line' id='line_1_25' title="bbox 191 2593 1792 2669; baseline 0.002 -24"><span class='ocrx_word' id='word_1_203' title='bbox 191 2593 398 2657; x_wconf 86' lang='grc' dir='ltr'>ωπεῖα,</span> <span class='ocrx_word' id='word_1_204' title='bbox 421 2593 552 2649; x_wconf 86' lang='grc' dir='ltr'>ὅταν</span> <span class='ocrx_word' id='word_1_205' title='bbox 573 2595 936 2667; x_wconf 81' lang='grc' dir='ltr'>δοκιμάζηται</span> <span class='ocrx_word' id='word_1_206' title='bbox 967 2597 1197 2660; x_wconf 72' lang='grc' dir='ltr'>ἕκαστος</span> <span class='ocrx_word' id='word_1_207' title='bbox 1221 2597 1318 2651; x_wconf 78' lang='grc' dir='ltr'>καὶ</span> <span class='ocrx_word' id='word_1_208' title='bbox 1345 2597 1413 2650; x_wconf 87' lang='grc' dir='ltr'>τὰ</span> <span class='ocrx_word' id='word_1_209' title='bbox 1435 2597 1574 2669; x_wconf 77' lang='grc' dir='ltr'>ἔργα</span> <span class='ocrx_word' id='word_1_210' title='bbox 1602 2595 1792 2661; x_wconf 88' lang='grc' dir='ltr'>αὐτοῦ,</span> 
     </span>
    </p>
   </div>
   <div class='ocr_carea' id='block_1_26' title="bbox 193 2684 1795 2762">
    <p class='ocr_par' dir='ltr' id='par_1_26' title="bbox 193 2684 1795 2762">
     <span class='ocr_line' id='line_1_26' title="bbox 193 2684 1795 2762; baseline 0.004 -25"><span class='ocrx_word' id='word_1_211' title='bbox 193 2684 300 2755; x_wconf 88' lang='grc' dir='ltr'>οὐχ</span> <span class='ocrx_word' id='word_1_212' title='bbox 329 2685 565 2751; x_wconf 74' lang='grc' dir='ltr'>ἕκαστος</span> <span class='ocrx_word' id='word_1_213' title='bbox 591 2688 686 2741; x_wconf 75' lang='grc' dir='ltr'>καὶ</span> <span class='ocrx_word' id='word_1_214' title='bbox 713 2689 743 2741; x_wconf 89' lang='lat'>6</span> <span class='ocrx_word' id='word_1_215' title='bbox 774 2687 1004 2753; x_wconf 85' lang='grc' dir='ltr'>πλοῦτος</span> <span class='ocrx_word' id='word_1_216' title='bbox 1027 2689 1218 2753; x_wconf 85' lang='grc' dir='ltr'>αὐτοῦ,</span> <span class='ocrx_word' id='word_1_217' title='bbox 1246 2691 1346 2762; x_wconf 76' lang='grc' dir='ltr'>οὐχ</span> <span class='ocrx_word' id='word_1_218' title='bbox 1373 2690 1606 2752; x_wconf 75' lang='grc' dir='ltr'>ἕκαστος</span> <span class='ocrx_word' id='word_1_219' title='bbox 1635 2691 1728 2743; x_wconf 75' lang='grc' dir='ltr'>καὶ</span> <span class='ocrx_word' id='word_1_220' title='bbox 1759 2691 1795 2761; x_wconf 73' lang='grc' dir='ltr'><strong>ἡ</strong></span> 
     </span>
    </p>
   </div>
   <div class='ocr_carea' id='block_1_27' title="bbox 192 2775 1797 2852">
    <p class='ocr_par' dir='ltr' id='par_1_27' title="bbox 192 2775 1797 2852">
     <span class='ocr_line' id='line_1_27' title="bbox 192 2775 1797 2852; baseline 0.002 -23"><span class='ocrx_word' id='word_1_221' title='bbox 192 2775 344 2848; x_wconf 77' lang='grc' dir='ltr'>ἀρχὴ</span> <span class='ocrx_word' id='word_1_222' title='bbox 377 2777 567 2842; x_wconf 88' lang='grc' dir='ltr'>αὐτοῦ,</span> <span class='ocrx_word' id='word_1_223' title='bbox 597 2779 699 2849; x_wconf 83' lang='grc' dir='ltr'>οὐχ</span> <span class='ocrx_word' id='word_1_224' title='bbox 722 2779 956 2844; x_wconf 74' lang='grc' dir='ltr'>ἕκαστος</span> <span class='ocrx_word' id='word_1_225' title='bbox 980 2782 1074 2834; x_wconf 72' lang='grc' dir='ltr'>καὶ</span> <span class='ocrx_word' id='word_1_226' title='bbox 1106 2781 1139 2851; x_wconf 86' lang='grc' dir='ltr'>ή</span> <span class='ocrx_word' id='word_1_227' title='bbox 1171 2780 1306 2852; x_wconf 79' lang='grc' dir='ltr'>τιμὴ</span> <span class='ocrx_word' id='word_1_228' title='bbox 1328 2779 1517 2849; x_wconf 84' lang='grc' dir='ltr'>αὐτοῦ,</span> <span class='ocrx_word' id='word_1_229' title='bbox 1547 2781 1647 2851; x_wconf 91' lang='grc' dir='ltr'>οὐχ</span> <span class='ocrx_word' id='word_1_230' title='bbox 1666 2781 1797 2834; x_wconf 77' lang='grc' dir='ltr'>ἕκα-</span> 
     </span>
    </p>
   </div>
   <div class='ocr_carea' id='block_1_28' title="bbox 195 2869 1797 2945">
    <p class='ocr_par' dir='ltr' id='par_1_28' title="bbox 195 2869 1797 2945">
     <span class='ocr_line' id='line_1_28' title="bbox 195 2869 1797 2945; baseline 0.004 -24"><span class='ocrx_word' id='word_1_231' title='bbox 195 2884 326 2933; x_wconf 88' lang='grc' dir='ltr'>στος</span> <span class='ocrx_word' id='word_1_232' title='bbox 351 2869 447 2922; x_wconf 76' lang='grc' dir='ltr'>καὶ</span> <span class='ocrx_word' id='word_1_233' title='bbox 471 2870 504 2942; x_wconf 79' lang='grc' dir='ltr'><strong>ἡ</strong></span> <span class='ocrx_word' id='word_1_234' title='bbox 542 2869 834 2924; x_wconf 78' lang='grc' dir='ltr'>δυναστεία</span> <span class='ocrx_word' id='word_1_235' title='bbox 852 2870 1040 2936; x_wconf 84' lang='grc' dir='ltr'>αὐτοῦ,</span> <span class='ocrx_word' id='word_1_236' title='bbox 1063 2871 1178 2926; x_wconf 88' lang='grc' dir='ltr'>ἀλλ’</span> <span class='ocrx_word' id='word_1_237' title='bbox 1199 2873 1430 2936; x_wconf 69' lang='grc' dir='ltr'>ἕκαστος</span> <span class='ocrx_word' id='word_1_238' title='bbox 1451 2874 1542 2927; x_wconf 78' lang='grc' dir='ltr'>καὶ</span> <span class='ocrx_word' id='word_1_239' title='bbox 1569 2871 1637 2926; x_wconf 82' lang='grc' dir='ltr'>τὰ</span> <span class='ocrx_word' id='word_1_240' title='bbox 1659 2872 1797 2945; x_wconf 76' lang='grc' dir='ltr'>ἔργα</span> 
     </span>
    </p>
   </div>
   <div class='ocr_carea' id='block_1_29' title="bbox 181 2961 1794 3036">
    <p class='ocr_par' dir='ltr' id='par_1_29' title="bbox 181 2961 1794 3036">
     <span class='ocr_line' id='line_1_29' title="bbox 181 2961 1794 3036; baseline 0.002 -21"><span class='ocrx_word' id='word_1_241' title='bbox 181 2961 389 3026; x_wconf 88' lang='grc' dir='ltr'>ἀύτοῦ,</span> <span class='ocrx_word' id='word_1_242' title='bbox 424 2963 520 3015; x_wconf 83' lang='grc' dir='ltr'>καὶ</span> <span class='ocrx_word' id='word_1_243' title='bbox 542 2964 750 3035; x_wconf 81' lang='grc' dir='ltr'>ἄρχων,</span> <span class='ocrx_word' id='word_1_244' title='bbox 773 2965 869 3018; x_wconf 71' lang='grc' dir='ltr'>καὶ</span> <span class='ocrx_word' id='word_1_245' title='bbox 903 2964 1177 3035; x_wconf 81' lang='grc' dir='ltr'>βασιλεὺς,</span> <span class='ocrx_word' id='word_1_246' title='bbox 1214 2965 1309 3019; x_wconf 73' lang='grc' dir='ltr'>καὶ</span> <span class='ocrx_word' id='word_1_247' title='bbox 1334 2965 1495 3036; x_wconf 76' lang='grc' dir='ltr'>γυνὴ,</span> <span class='ocrx_word' id='word_1_248' title='bbox 1522 2966 1618 3019; x_wconf 75' lang='grc' dir='ltr'>καὶ</span> <span class='ocrx_word' id='word_1_249' title='bbox 1631 2965 1794 3036; x_wconf 86' lang='grc' dir='ltr'>ἀνὴρ,</span> 
     </span>
    </p>
   </div>
   <div class='ocr_carea' id='block_1_30' title="bbox 192 3053 1796 3128">
    <p class='ocr_par' dir='ltr' id='par_1_30' title="bbox 192 3053 1796 3128">
     <span class='ocr_line' id='line_1_30' title="bbox 192 3053 1796 3128; baseline 0.002 -21"><span class='ocrx_word' id='word_1_250' title='bbox 192 3053 287 3107; x_wconf 75' lang='grc' dir='ltr'>ὅτε</span> <span class='ocrx_word' id='word_1_251' title='bbox 310 3054 464 3124; x_wconf 79' lang='grc' dir='ltr'>ἡμᾶς</span> <span class='ocrx_word' id='word_1_252' title='bbox 488 3053 602 3124; x_wconf 89' lang='grc' dir='ltr'>βίον</span> <span class='ocrx_word' id='word_1_253' title='bbox 623 3056 850 3109; x_wconf 88' lang='grc' dir='ltr'>ἀπαιτεῖ</span> <span class='ocrx_word' id='word_1_254' title='bbox 868 3057 964 3110; x_wconf 80' lang='grc' dir='ltr'>καὶ</span> <span class='ocrx_word' id='word_1_255' title='bbox 982 3056 1212 3128; x_wconf 82' lang='grc' dir='ltr'>πράξεις</span> <span class='ocrx_word' id='word_1_256' title='bbox 1242 3055 1476 3126; x_wconf 82' lang='grc' dir='ltr'>ἀγαθὰς,</span> <span class='ocrx_word' id='word_1_257' title='bbox 1503 3057 1604 3110; x_wconf 87' lang='grc' dir='ltr'>οὐκ</span> <span class='ocrx_word' id='word_1_258' title='bbox 1633 3056 1796 3121; x_wconf 82' lang='grc' dir='ltr'>ἀξιω-</span> 
     </span>
    </p>
   </div>
   <div class='ocr_carea' id='block_1_31' title="bbox 195 3145 1796 3222">
    <p class='ocr_par' dir='ltr' id='par_1_31' title="bbox 195 3145 1796 3222">
     <span class='ocr_line' id='line_1_31' title="bbox 195 3145 1796 3222; baseline 0.002 -22"><span class='ocrx_word' id='word_1_259' title='bbox 195 3145 393 3218; x_wconf 84' lang='grc' dir='ltr'>μάτων</span> <span class='ocrx_word' id='word_1_260' title='bbox 417 3147 602 3217; x_wconf 85' lang='grc' dir='ltr'>ὄγκον,</span> <span class='ocrx_word' id='word_1_261' title='bbox 630 3149 692 3202; x_wconf 91' lang='grc' dir='ltr'>οὐ</span> <span class='ocrx_word' id='word_1_262' title='bbox 721 3149 911 3214; x_wconf 81' lang='grc' dir='ltr'>πενίας</span> <span class='ocrx_word' id='word_1_263' title='bbox 928 3149 1224 3216; x_wconf 77' lang='grc' dir='ltr'>εὐτέλειαν,</span> <span class='ocrx_word' id='word_1_264' title='bbox 1241 3149 1303 3203; x_wconf 92' lang='grc' dir='ltr'>οὐ</span> <span class='ocrx_word' id='word_1_265' title='bbox 1334 3151 1796 3222; x_wconf 75' lang='grc' dir='ltr'>καταφρονήσεως</span> 
     </span>
    </p>
   </div>
   <div class='ocr_carea' id='block_1_32' title="bbox 189 3239 1793 3319">
    <p class='ocr_par' dir='ltr' id='par_1_32' title="bbox 189 3239 1793 3319">
     <span class='ocr_line' id='line_1_32' title="bbox 189 3239 1793 3319; baseline 0.002 -26"><span class='ocrx_word' id='word_1_266' title='bbox 189 3240 517 3311; x_wconf 83' lang='grc' dir='ltr'>τυραννίδα’</span> <span class='ocrx_word' id='word_1_267' title='bbox 559 3243 684 3312; x_wconf 75' lang='grc' dir='ltr'>ἐμοὶ</span> <span class='ocrx_word' id='word_1_268' title='bbox 721 3242 858 3316; x_wconf 83' lang='grc' dir='ltr'>ἔργα</span> <span class='ocrx_word' id='word_1_269' title='bbox 877 3244 990 3308; x_wconf 80' lang='grc' dir='ltr'>δὸς,</span> <span class='ocrx_word' id='word_1_270' title='bbox 1027 3243 1179 3316; x_wconf 83' lang='grc'>[781]</span> <span class='ocrx_word' id='word_1_271' title='bbox 1207 3243 1310 3298; x_wconf 83' lang='grc' dir='ltr'>κᾶν</span> <span class='ocrx_word' id='word_1_272' title='bbox 1335 3243 1524 3308; x_wconf 90' lang='grc' dir='ltr'>δοῦλος</span> <span class='ocrx_word' id='word_1_273' title='bbox 1548 3239 1618 3319; x_wconf 77' lang='grc' dir='ltr'>ᾖς</span> <span class='ocrx_word' id='word_1_274' title='bbox 1642 3287 1654 3302; x_wconf 93' lang='grc'>.</span> <span class='ocrx_word' id='word_1_275' title='bbox 1697 3244 1793 3298; x_wconf 85' lang='grc' dir='ltr'>τοῦ</span> 
     </span>
    </p>
   </div>
   <div class='ocr_carea' id='block_1_33' title="bbox 192 3331 1796 3412">
    <p class='ocr_par' dir='ltr' id='par_1_33' title="bbox 192 3331 1796 3412">
     <span class='ocr_line' id='line_1_33' title="bbox 192 3331 1796 3412; baseline 0.003 -26"><span class='ocrx_word' id='word_1_276' title='bbox 192 3331 487 3403; x_wconf 68' lang='grc' dir='ltr'>ἀλιυθέρου</span> <span class='ocrx_word' id='word_1_277' title='bbox 513 3334 775 3406; x_wconf 86' lang='grc' dir='ltr'>ἀμείνων,</span> <span class='ocrx_word' id='word_1_278' title='bbox 802 3336 907 3390; x_wconf 83' lang='grc' dir='ltr'>κᾶν</span> <span class='ocrx_word' id='word_1_279' title='bbox 929 3337 1068 3407; x_wconf 84' lang='grc' dir='ltr'>γυνὴ</span> <span class='ocrx_word' id='word_1_280' title='bbox 1096 3332 1185 3412; x_wconf 79' lang='grc' dir='ltr'>ᾗς,</span> <span class='ocrx_word' id='word_1_281' title='bbox 1211 3337 1308 3392; x_wconf 92' lang='grc' dir='ltr'>τοῦ</span> <span class='ocrx_word' id='word_1_282' title='bbox 1339 3337 1532 3411; x_wconf 75' lang='grc' dir='ltr'>ἀνδρὸς</span> <span class='ocrx_word' id='word_1_283' title='bbox 1556 3338 1715 3410; x_wconf 88' lang='grc' dir='ltr'>ἀνδρε</span> <span class='ocrx_word' id='word_1_284' title='bbox 1725 3356 1796 3391; x_wconf 91' lang='grc' dir='ltr'>ιο-</span> 
     </span>
    </p>
   </div>
   <div class='ocr_carea' id='block_1_34' title="bbox 190 3423 1796 3498">
    <p class='ocr_par' dir='ltr' id='par_1_34' title="bbox 190 3423 1796 3498">
     <span class='ocr_line' id='line_1_34' title="bbox 190 3423 1796 3498; baseline 0.005 -25"><span class='ocrx_word' id='word_1_285' title='bbox 190 3425 334 3494; x_wconf 82' lang='grc' dir='ltr'>τέρα</span> <span class='ocrx_word' id='word_1_286' title='bbox 355 3440 369 3454; x_wconf 82' lang='grc'><em>’</em></span> <span class='ocrx_word' id='word_1_287' title='bbox 405 3423 630 3480; x_wconf 62' lang='grc' dir='ltr'>ἐπειδὰν</span> <span class='ocrx_word' id='word_1_288' title='bbox 655 3427 787 3496; x_wconf 80' lang='grc' dir='ltr'>ριφῇ</span> <span class='ocrx_word' id='word_1_289' title='bbox 820 3425 890 3481; x_wconf 91' lang='grc' dir='ltr'>τά</span> <span class='ocrx_word' id='word_1_290' title='bbox 912 3429 1256 3498; x_wconf 84' lang='grc' dir='ltr'>προσωπεῖα,</span> <span class='ocrx_word' id='word_1_291' title='bbox 1280 3427 1401 3481; x_wconf 89' lang='grc' dir='ltr'>τότε</span> <span class='ocrx_word' id='word_1_292' title='bbox 1433 3427 1796 3497; x_wconf 72' lang='grc' dir='ltr'>φαίνεταικαὶ</span> 
     </span>
    </p>
   </div>
   <div class='ocr_carea' id='block_1_35' title="bbox 193 3511 1794 3591">
    <p class='ocr_par' dir='ltr' id='par_1_35' title="bbox 193 3511 1794 3591">
     <span class='ocr_line' id='line_1_35' title="bbox 193 3511 1794 3591; baseline 0.004 -26"><span class='ocrx_word' id='word_1_293' title='bbox 193 3514 224 3565; x_wconf 86' lang='lat'><strong>&#39;0</strong></span> <span class='ocrx_word' id='word_1_294' title='bbox 253 3512 536 3580; x_wconf 85' lang='grc' dir='ltr'>πλούσιος,</span> <span class='ocrx_word' id='word_1_295' title='bbox 553 3514 648 3568; x_wconf 66' lang='grc' dir='ltr'>καὶ⁵</span> <span class='ocrx_word' id='word_1_296' title='bbox 666 3516 695 3568; x_wconf 90' lang='lat'>6</span> <span class='ocrx_word' id='word_1_297' title='bbox 724 3515 895 3586; x_wconf 82' lang='grc' dir='ltr'>πένης</span> <span class='ocrx_word' id='word_1_298' title='bbox 917 3533 930 3548; x_wconf 88' lang='grc'><strong>·</strong></span> <span class='ocrx_word' id='word_1_299' title='bbox 960 3517 1053 3571; x_wconf 73' lang='grc' dir='ltr'>καὶ</span> <span class='ocrx_word' id='word_1_300' title='bbox 1078 3517 1270 3590; x_wconf 87' lang='grc' dir='ltr'>ῶσπερ</span> <span class='ocrx_word' id='word_1_301' title='bbox 1291 3511 1395 3572; x_wconf 81' lang='grc' dir='ltr'>ὧδε</span> <span class='ocrx_word' id='word_1_302' title='bbox 1417 3519 1639 3572; x_wconf 84' lang='grc' dir='ltr'>ὲπειδάν</span> <span class='ocrx_word' id='word_1_303' title='bbox 1657 3518 1794 3591; x_wconf 76' lang='grc' dir='ltr'>λυθῇ</span> 
     </span>
    </p>
   </div>
   <div class='ocr_carea' id='block_1_36' title="bbox 191 3603 1796 3683">
    <p class='ocr_par' dir='ltr' id='par_1_36' title="bbox 191 3603 1796 3683">
     <span class='ocr_line' id='line_1_36' title="bbox 191 3603 1796 3683; baseline 0.006 -27"><span class='ocrx_word' id='word_1_304' title='bbox 191 3603 258 3658; x_wconf 86' lang='grc' dir='ltr'>τδ</span> <span class='ocrx_word' id='word_1_305' title='bbox 279 3604 535 3677; x_wconf 79' lang='grc' dir='ltr'>θέατρον,</span> <span class='ocrx_word' id='word_1_306' title='bbox 555 3607 656 3662; x_wconf 77' lang='grc' dir='ltr'>,καί</span> <span class='ocrx_word' id='word_1_307' title='bbox 681 3625 768 3671; x_wconf 91' lang='grc' dir='ltr'>τις</span> <span class='ocrx_word' id='word_1_308' title='bbox 794 3608 952 3679; x_wconf 89' lang='grc' dir='ltr'>ήμῶν</span> <span class='ocrx_word' id='word_1_309' title='bbox 979 3609 1094 3663; x_wconf 77' lang='grc' dir='ltr'>ἀνω</span> <span class='ocrx_word' id='word_1_310' title='bbox 1121 3609 1430 3682; x_wconf 86' lang='grc' dir='ltr'>καθήμενος</span> <span class='ocrx_word' id='word_1_311' title='bbox 1455 3611 1540 3683; x_wconf 83' lang='grc' dir='ltr'>ῖδῃ</span> <span class='ocrx_word' id='word_1_312' title='bbox 1567 3612 1658 3666; x_wconf 77' lang='grc' dir='ltr'>τὸν</span> <span class='ocrx_word' id='word_1_313' title='bbox 1685 3611 1796 3666; x_wconf 78' lang='grc' dir='ltr'>ἔσω</span> 
     </span>
    </p>
   </div>
   <div class='ocr_carea' id='block_1_37' title="bbox 193 3695 1794 3774">
    <p class='ocr_par' dir='ltr' id='par_1_37' title="bbox 193 3695 1794 3774">
     <span class='ocr_line' id='line_1_37' title="bbox 193 3695 1794 3774; baseline 0.005 -26"><span class='ocrx_word' id='word_1_314' title='bbox 193 3695 510 3765; x_wconf 78' lang='grc' dir='ltr'>φιλόσοφον,</span> <span class='ocrx_word' id='word_1_315' title='bbox 536 3696 644 3765; x_wconf 76' lang='grc' dir='ltr'>ἔξω</span> <span class='ocrx_word' id='word_1_316' title='bbox 665 3699 1027 3769; x_wconf 88' lang='grc' dir='ltr'>χαλκότυπον,</span> <span class='ocrx_word' id='word_1_317' title='bbox 1052 3699 1230 3768; x_wconf 88' lang='grc' dir='ltr'>λέγει·</span> <span class='ocrx_word' id='word_1_318' title='bbox 1261 3701 1401 3764; x_wconf 76' lang='grc' dir='ltr'>Οὐὰ,</span> <span class='ocrx_word' id='word_1_319' title='bbox 1426 3695 1580 3766; x_wconf 71' lang='grc' dir='ltr'>οὗτος</span> <span class='ocrx_word' id='word_1_320' title='bbox 1601 3703 1702 3756; x_wconf 86' lang='grc' dir='ltr'>οὐκ</span> <span class='ocrx_word' id='word_1_321' title='bbox 1726 3699 1794 3774; x_wconf 84' lang='grc' dir='ltr'>ἦν</span> 
     </span>
    </p>
   </div>
   <div class='ocr_carea' id='block_1_38' title="bbox 193 3785 1796 3864">
    <p class='ocr_par' dir='ltr' id='par_1_38' title="bbox 193 3785 1796 3864">
     <span class='ocr_line' id='line_1_38' title="bbox 193 3785 1796 3864; baseline 0.005 -24"><span class='ocrx_word' id='word_1_322' title='bbox 193 3785 305 3846; x_wconf 74' lang='grc' dir='ltr'>ἔσω</span> <span class='ocrx_word' id='word_1_323' title='bbox 331 3786 660 3857; x_wconf 78' lang='grc' dir='ltr'>φιλόσοφοςς</span> <span class='ocrx_word' id='word_1_324' title='bbox 700 3790 806 3857; x_wconf 72' lang='grc' dir='ltr'>ἔξω</span> <span class='ocrx_word' id='word_1_325' title='bbox 839 3791 1177 3862; x_wconf 85' lang='grc' dir='ltr'>χαλκότυπον</span> <span class='ocrx_word' id='word_1_326' title='bbox 1199 3793 1312 3864; x_wconf 84' lang='grc' dir='ltr'>ὁρῶ</span> <span class='ocrx_word' id='word_1_327' title='bbox 1331 3811 1345 3825; x_wconf 81' lang='lat'><strong><em>°</em></strong></span> <span class='ocrx_word' id='word_1_328' title='bbox 1375 3788 1529 3858; x_wconf 74' lang='grc' dir='ltr'>οὗτος</span> <span class='ocrx_word' id='word_1_329' title='bbox 1550 3795 1651 3848; x_wconf 88' lang='grc' dir='ltr'>οὐκ</span> <span class='ocrx_word' id='word_1_330' title='bbox 1686 3795 1796 3848; x_wconf 77' lang='grc' dir='ltr'>ἔσω</span> 
     </span>
    </p>
   </div>
   <div class='ocr_carea' id='block_1_39' title="bbox 196 3878 1794 3960">
    <p class='ocr_par' dir='ltr' id='par_1_39' title="bbox 196 3878 1794 3960">
     <span class='ocr_line' id='line_1_39' title="bbox 196 3878 1794 3960; baseline 0.008 -29"><span class='ocrx_word' id='word_1_331' title='bbox 196 3878 490 3949; x_wconf 79' lang='grc' dir='ltr'>βασιλεύςς</span> <span class='ocrx_word' id='word_1_332' title='bbox 525 3880 630 3946; x_wconf 77' lang='grc' dir='ltr'>ἔξω</span> <span class='ocrx_word' id='word_1_333' title='bbox 651 3883 844 3954; x_wconf 79' lang='grc' dir='ltr'>εὐτελῆ</span> <span class='ocrx_word' id='word_1_334' title='bbox 870 3902 992 3938; x_wconf 90' lang='grc' dir='ltr'>τινα</span> <span class='ocrx_word' id='word_1_335' title='bbox 1029 3886 1173 3957; x_wconf 76' lang='grc' dir='ltr'>ὀρῶ’</span> <span class='ocrx_word' id='word_1_336' title='bbox 1208 3881 1363 3952; x_wconf 79' lang='grc' dir='ltr'>οὗτος</span> <span class='ocrx_word' id='word_1_337' title='bbox 1401 3889 1500 3942; x_wconf 89' lang='grc' dir='ltr'>οὐκ</span> <span class='ocrx_word' id='word_1_338' title='bbox 1548 3884 1617 3960; x_wconf 78' lang='grc' dir='ltr'>ἦν</span> <span class='ocrx_word' id='word_1_339' title='bbox 1648 3889 1794 3942; x_wconf 75' lang='grc' dir='ltr'>ἔνδον</span> 
     </span>
    </p>
   </div>
   <div class='ocr_carea' id='block_1_40' title="bbox 196 3969 1789 4050">
    <p class='ocr_par' dir='ltr' id='par_1_40' title="bbox 196 3969 1789 4050">
     <span class='ocr_line' id='line_1_40' title="bbox 196 3969 1789 4050; baseline 0.008 -26"><span class='ocrx_word' id='word_1_340' title='bbox 196 3969 488 4038; x_wconf 87' lang='grc' dir='ltr'>πλούσιος;</span> <span class='ocrx_word' id='word_1_341' title='bbox 519 3972 624 4039; x_wconf 74' lang='grc' dir='ltr'>ἔξω</span> <span class='ocrx_word' id='word_1_342' title='bbox 650 3975 860 4047; x_wconf 85' lang='grc' dir='ltr'>πένητα</span> <span class='ocrx_word' id='word_1_343' title='bbox 895 3976 1009 4048; x_wconf 80' lang='grc' dir='ltr'>ὀρῶ</span> <span class='ocrx_word' id='word_1_344' title='bbox 1028 3994 1042 4008; x_wconf 91' lang='grc'><strong>·</strong></span> <span class='ocrx_word' id='word_1_345' title='bbox 1069 3977 1245 4042; x_wconf 73' lang='grc' dir='ltr'>οὕτως</span> <span class='ocrx_word' id='word_1_346' title='bbox 1267 3981 1364 4033; x_wconf 69' lang='grc' dir='ltr'>καὶ</span> <span class='ocrx_word' id='word_1_347' title='bbox 1409 3982 1528 4034; x_wconf 81' lang='grc' dir='ltr'>ἐκεῖ</span> <span class='ocrx_word' id='word_1_348' title='bbox 1559 3979 1789 4050; x_wconf 82' lang='grc' dir='ltr'>γίνεται.</span> 
     </span>
    </p>
   </div>
   <div class='ocr_carea' id='block_1_41' title="bbox 270 4064 1792 4142">
    <p class='ocr_par' dir='ltr' id='par_1_41' title="bbox 270 4064 1792 4142">
     <span class='ocr_line' id='line_1_41' title="bbox 270 4064 1792 4142; baseline 0.023 -28"><span class='ocrx_word' id='word_1_349' title='bbox 270 4069 348 4128; x_wconf 80' lang='grc' dir='ltr'>ς’.</span> <span class='ocrx_word' id='word_1_350' title='bbox 371 4064 470 4120; x_wconf 86' lang='grc' dir='ltr'>Διά</span> <span class='ocrx_word' id='word_1_351' title='bbox 490 4064 649 4119; x_wconf 87' lang='grc' dir='ltr'>τοῦτο</span> <span class='ocrx_word' id='word_1_352' title='bbox 675 4066 778 4120; x_wconf 88' lang='grc' dir='ltr'>οὐκ</span> <span class='ocrx_word' id='word_1_353' title='bbox 803 4065 922 4136; x_wconf 82' lang='grc' dir='ltr'>ἄγω</span> <span class='ocrx_word' id='word_1_354' title='bbox 950 4068 1042 4121; x_wconf 74' lang='grc' dir='ltr'>τὸν</span> <span class='ocrx_word' id='word_1_355' title='bbox 1071 4068 1230 4136; x_wconf 79' lang='grc' dir='ltr'>λόγον</span> <span class='ocrx_word' id='word_1_356' title='bbox 1255 4071 1335 4132; x_wconf 74' lang='grc' dir='ltr'>εἰς</span> <span class='ocrx_word' id='word_1_357' title='bbox 1358 4069 1582 4137; x_wconf 73' lang='grc' dir='ltr'>πλάτοςν</span> <span class='ocrx_word' id='word_1_358' title='bbox 1607 4070 1694 4124; x_wconf 66' lang='grc' dir='ltr'>ἵνα</span> <span class='ocrx_word' id='word_1_359' title='bbox 1718 4071 1792 4142; x_wconf 69' lang='grc' dir='ltr'><strong>μὴ</strong></span> 
     </span>
    </p>
   </div>
   <div class='ocr_carea' id='block_1_42' title="bbox 193 4155 1792 4232">
    <p class='ocr_par' dir='ltr' id='par_1_42' title="bbox 193 4155 1792 4232">
     <span class='ocr_line' id='line_1_42' title="bbox 193 4155 1792 4232; baseline 0.005 -25"><span class='ocrx_word' id='word_1_360' title='bbox 193 4155 419 4225; x_wconf 83' lang='grc' dir='ltr'>συγχέω</span> <span class='ocrx_word' id='word_1_361' title='bbox 476 4156 568 4211; x_wconf 79' lang='grc' dir='ltr'>τὸν</span> <span class='ocrx_word' id='word_1_362' title='bbox 614 4159 897 4231; x_wconf 77' lang='grc' dir='ltr'>ἀκροατὴν</span> <span class='ocrx_word' id='word_1_363' title='bbox 941 4159 1020 4230; x_wconf 84' lang='grc' dir='ltr'>τῷ</span> <span class='ocrx_word' id='word_1_364' title='bbox 1059 4160 1252 4231; x_wconf 89' lang='grc' dir='ltr'>πλήθει</span> <span class='ocrx_word' id='word_1_365' title='bbox 1290 4163 1399 4216; x_wconf 89' lang='grc' dir='ltr'>τῶν</span> <span class='ocrx_word' id='word_1_366' title='bbox 1443 4161 1792 4232; x_wconf 84' lang='grc' dir='ltr'>λεγομένων·</span> 
     </span>
    </p>
   </div>
   <div class='ocr_carea' id='block_1_43' title="bbox 194 4244 1792 4324">
    <p class='ocr_par' dir='ltr' id='par_1_43' title="bbox 194 4244 1792 4324">
     <span class='ocr_line' id='line_1_43' title="bbox 194 4244 1792 4324; baseline 0.003 -24"><span class='ocrx_word' id='word_1_367' title='bbox 194 4244 311 4300; x_wconf 79' lang='grc' dir='ltr'>ἀλλ’</span> <span class='ocrx_word' id='word_1_368' title='bbox 343 4247 424 4310; x_wconf 85' lang='grc' dir='ltr'>είς</span> <span class='ocrx_word' id='word_1_369' title='bbox 456 4246 550 4300; x_wconf 90' lang='grc' dir='ltr'>δύο</span> <span class='ocrx_word' id='word_1_370' title='bbox 600 4253 923 4319; x_wconf 81' lang='grc' dir='ltr'>προσωπεῖα</span> <span class='ocrx_word' id='word_1_371' title='bbox 949 4251 1069 4322; x_wconf 77' lang='grc' dir='ltr'>τὴν</span> <span class='ocrx_word' id='word_1_372' title='bbox 1092 4251 1384 4324; x_wconf 87' lang='grc' dir='ltr'>ὑπόκρισιν</span> <span class='ocrx_word' id='word_1_373' title='bbox 1425 4251 1520 4305; x_wconf 91' lang='grc' dir='ltr'>τοῦ</span> <span class='ocrx_word' id='word_1_374' title='bbox 1561 4251 1792 4324; x_wconf 81' lang='grc' dir='ltr'>θεάτρου</span> 
     </span>
    </p>
   </div>
   <div class='ocr_carea' id='block_1_44' title="bbox 195 4337 1795 4413">
    <p class='ocr_par' dir='ltr' id='par_1_44' title="bbox 195 4337 1795 4413">
     <span class='ocr_line' id='line_1_44' title="bbox 195 4337 1795 4413; baseline 0.005 -26"><span class='ocrx_word' id='word_1_375' title='bbox 195 4337 552 4407; x_wconf 77' lang='grc' dir='ltr'>παραστῆσαι</span> <span class='ocrx_word' id='word_1_376' title='bbox 581 4338 864 4411; x_wconf 74' lang='grc' dir='ltr'>βούλομαι.</span> <span class='ocrx_word' id='word_1_377' title='bbox 922 4340 1027 4394; x_wconf 89' lang='grc' dir='ltr'>Δύο</span> <span class='ocrx_word' id='word_1_378' title='bbox 1059 4344 1379 4413; x_wconf 83' lang='grc' dir='ltr'>προσωπεῖα</span> <span class='ocrx_word' id='word_1_379' title='bbox 1413 4341 1795 4413; x_wconf 81' lang='grc' dir='ltr'>μετεχειρισά-</span> 
     </span>
    </p>
   </div>
   <div class='ocr_carea' id='block_1_45' title="bbox 198 4421 1795 4506">
    <p class='ocr_par' dir='ltr' id='par_1_45' title="bbox 198 4421 1795 4506">
     <span class='ocr_line' id='line_1_45' title="bbox 198 4421 1795 4506; baseline 0.008 -27"><span class='ocrx_word' id='word_1_380' title='bbox 198 4445 332 4498; x_wconf 86' lang='grc' dir='ltr'>μην,</span> <span class='ocrx_word' id='word_1_381' title='bbox 368 4429 478 4482; x_wconf 74' lang='grc' dir='ltr'>ἀπὸ</span> <span class='ocrx_word' id='word_1_382' title='bbox 522 4421 635 4483; x_wconf 83' lang='grc' dir='ltr'>τῶν</span> <span class='ocrx_word' id='word_1_383' title='bbox 667 4430 760 4484; x_wconf 88' lang='grc' dir='ltr'>δύο</span> <span class='ocrx_word' id='word_1_384' title='bbox 805 4432 1011 4486; x_wconf 87' lang='grc' dir='ltr'>τούτων</span> <span class='ocrx_word' id='word_1_385' title='bbox 1071 4433 1286 4505; x_wconf 82' lang='grc' dir='ltr'>τέμνων</span> <span class='ocrx_word' id='word_1_386' title='bbox 1324 4435 1452 4506; x_wconf 84' lang='grc' dir='ltr'>ὑμῖν</span> <span class='ocrx_word' id='word_1_387' title='bbox 1508 4435 1661 4499; x_wconf 75' lang='grc' dir='ltr'>ὁδὸν,</span> <span class='ocrx_word' id='word_1_388' title='bbox 1700 4437 1795 4491; x_wconf 74' lang='grc' dir='ltr'>καὶ</span> 
     </span>
    </p>
   </div>
   <div class='ocr_carea' id='block_1_46' title="bbox 193 4518 1790 4601">
    <p class='ocr_par' dir='ltr' id='par_1_46' title="bbox 193 4518 1790 4601">
     <span class='ocr_line' id='line_1_46' title="bbox 193 4518 1790 4601; baseline 0.006 -29"><span class='ocrx_word' id='word_1_389' title='bbox 193 4518 374 4584; x_wconf 80' lang='grc' dir='ltr'>διδοὺς</span> <span class='ocrx_word' id='word_1_390' title='bbox 426 4523 702 4594; x_wconf 81' lang='grc' dir='ltr'>ἀφορμήν.</span> <span class='ocrx_word' id='word_1_391' title='bbox 743 4524 1110 4579; x_wconf 84' lang='grc' dir='ltr'>Ἐνεπλὰτυνα</span> <span class='ocrx_word' id='word_1_392' title='bbox 1141 4525 1298 4598; x_wconf 83' lang='grc' dir='ltr'>ὑμῶν</span> <span class='ocrx_word' id='word_1_393' title='bbox 1327 4527 1426 4600; x_wconf 78' lang='grc' dir='ltr'>τὴν</span> <span class='ocrx_word' id='word_1_394' title='bbox 1449 4526 1694 4584; x_wconf 85' lang='grc' dir='ltr'>διάνοιαν</span> <span class='ocrx_word' id='word_1_395' title='bbox 1722 4532 1790 4601; x_wconf 79' lang='grc' dir='ltr'>τῇ</span> 
     </span>
    </p>
   </div>
   <div class='ocr_carea' id='block_1_47' title="bbox 193 4613 1794 4691">
    <p class='ocr_par' dir='ltr' id='par_1_47' title="bbox 193 4613 1794 4691">
     <span class='ocr_line' id='line_1_47' title="bbox 193 4613 1794 4691; baseline 0.004 -24"><span class='ocrx_word' id='word_1_396' title='bbox 193 4613 449 4685; x_wconf 79' lang='grc' dir='ltr'>διηγήσει</span> <span class='ocrx_word' id='word_1_397' title='bbox 481 4614 576 4668; x_wconf 85' lang='grc' dir='ltr'>τοῦ</span> <span class='ocrx_word' id='word_1_398' title='bbox 605 4616 875 4688; x_wconf 74' lang='grc' dir='ltr'>παρόντος</span> <span class='ocrx_word' id='word_1_399' title='bbox 929 4617 1068 4688; x_wconf 84' lang='grc' dir='ltr'>βίου,</span> <span class='ocrx_word' id='word_1_400' title='bbox 1103 4618 1246 4672; x_wconf 76' lang='grc' dir='ltr'>ὥστε</span> <span class='ocrx_word' id='word_1_401' title='bbox 1276 4619 1510 4674; x_wconf 73' lang='grc' dir='ltr'>ἕκαστον</span> <span class='ocrx_word' id='word_1_402' title='bbox 1542 4637 1794 4691; x_wconf 87' lang='grc' dir='ltr'>καταμα-</span> 
     </span>
    </p>
   </div>
   <div class='ocr_carea' id='block_1_48' title="bbox 196 4703 1794 4784">
    <p class='ocr_par' dir='ltr' id='par_1_48' title="bbox 196 4703 1794 4784">
     <span class='ocr_line' id='line_1_48' title="bbox 196 4703 1794 4784; baseline 0.005 -26"><span class='ocrx_word' id='word_1_403' title='bbox 196 4703 312 4760; x_wconf 79' lang='grc' dir='ltr'>όεῖν</span> <span class='ocrx_word' id='word_1_404' title='bbox 329 4705 428 4778; x_wconf 80' lang='grc' dir='ltr'>τὴν</span> <span class='ocrx_word' id='word_1_405' title='bbox 454 4707 722 4777; x_wconf 64' lang='grc' dir='ltr'>διαφορὰν</span> <span class='ocrx_word' id='word_1_406' title='bbox 751 4708 860 4761; x_wconf 81' lang='grc' dir='ltr'>τῶν</span> <span class='ocrx_word' id='word_1_407' title='bbox 888 4711 1250 4781; x_wconf 88' lang='grc' dir='ltr'>πραγμάτων.</span> <span class='ocrx_word' id='word_1_408' title='bbox 1285 4711 1391 4764; x_wconf 87' lang='grc' dir='ltr'>Δύο</span> <span class='ocrx_word' id='word_1_409' title='bbox 1422 4712 1604 4765; x_wconf 89' lang='grc' dir='ltr'>τοίνυν</span> <span class='ocrx_word' id='word_1_410' title='bbox 1628 4729 1794 4784; x_wconf 86' lang='grc' dir='ltr'>προσ-</span> 
     </span>
    </p>
   </div>
   <div class='ocr_carea' id='block_1_49' title="bbox 193 4795 1793 4871">
    <p class='ocr_par' dir='ltr' id='par_1_49' title="bbox 193 4795 1793 4871">
     <span class='ocr_line' id='line_1_49' title="bbox 193 4795 1793 4871; baseline 0.003 -21"><span class='ocrx_word' id='word_1_411' title='bbox 193 4799 406 4852; x_wconf 76' lang='grc' dir='ltr'>ωπεῖαο</span> <span class='ocrx_word' id='word_1_412' title='bbox 438 4799 467 4849; x_wconf 90' lang='grc' dir='ltr'><strong>ὁ</strong></span> <span class='ocrx_word' id='word_1_413' title='bbox 510 4798 610 4867; x_wconf 78' lang='grc' dir='ltr'>μὲν</span> <span class='ocrx_word' id='word_1_414' title='bbox 669 4801 1018 4867; x_wconf 77' lang='grc' dir='ltr'>προσωπεῖον</span> <span class='ocrx_word' id='word_1_415' title='bbox 1050 4795 1164 4871; x_wconf 77' lang='grc' dir='ltr'>εἶχε</span> <span class='ocrx_word' id='word_1_416' title='bbox 1205 4800 1486 4865; x_wconf 80' lang='grc' dir='ltr'>πλουσίου,</span> <span class='ocrx_word' id='word_1_417' title='bbox 1519 4804 1548 4854; x_wconf 90' lang='lat'>6</span> <span class='ocrx_word' id='word_1_418' title='bbox 1580 4803 1636 4856; x_wconf 84' lang='grc' dir='ltr'>δὲ</span> <span class='ocrx_word' id='word_1_419' title='bbox 1697 4801 1793 4856; x_wconf 64' lang='grc' dir='ltr'>πέρ</span> 
     </span>
    </p>
   </div>
   <div class='ocr_carea' id='block_1_50' title="bbox 193 4889 1792 4965">
    <p class='ocr_par' dir='ltr' id='par_1_50' title="bbox 193 4889 1792 4965">
     <span class='ocr_line' id='line_1_50' title="bbox 193 4889 1792 4965; baseline 0.004 -23"><span class='ocrx_word' id='word_1_420' title='bbox 193 4907 383 4959; x_wconf 87' lang='grc' dir='ltr'>νητος·</span> <span class='ocrx_word' id='word_1_421' title='bbox 416 4892 446 4942; x_wconf 91' lang='lat'>6</span> <span class='ocrx_word' id='word_1_422' title='bbox 470 4889 720 4963; x_wconf 79' lang='grc' dir='ltr'>Λάζαρος</span> <span class='ocrx_word' id='word_1_423' title='bbox 753 4895 1095 4962; x_wconf 83' lang='grc' dir='ltr'>προσωπεῖον</span> <span class='ocrx_word' id='word_1_424' title='bbox 1123 4893 1376 4965; x_wconf 79' lang='grc' dir='ltr'>πένητος,</span> <span class='ocrx_word' id='word_1_425' title='bbox 1403 4895 1431 4948; x_wconf 95' lang='lat'>6</span> <span class='ocrx_word' id='word_1_426' title='bbox 1449 4895 1506 4948; x_wconf 81' lang='grc' dir='ltr'>δὲ</span> <span class='ocrx_word' id='word_1_427' title='bbox 1537 4895 1792 4960; x_wconf 87' lang='grc' dir='ltr'>πλούσιος</span> 
     </span>
    </p>
   </div>
   <div class='ocr_carea' id='block_1_51' title="bbox 194 4983 1790 5058">
    <p class='ocr_par' dir='ltr' id='par_1_51' title="bbox 194 4983 1790 5058">
     <span class='ocr_line' id='line_1_51' title="bbox 194 4983 1790 5058; baseline 0.002 -21"><span class='ocrx_word' id='word_1_428' title='bbox 194 4985 542 5054; x_wconf 86' lang='grc' dir='ltr'>προσωπεῖον</span> <span class='ocrx_word' id='word_1_429' title='bbox 563 4983 820 5036; x_wconf 73' lang='grc' dir='ltr'>πλουσίου</span> <span class='ocrx_word' id='word_1_430' title='bbox 841 5000 856 5013; x_wconf 82' lang='lat'><strong><em>°</em></strong></span> <span class='ocrx_word' id='word_1_431' title='bbox 897 4989 1217 5055; x_wconf 81' lang='grc' dir='ltr'>προσωπεῖα</span> <span class='ocrx_word' id='word_1_432' title='bbox 1255 4987 1324 5040; x_wconf 88' lang='grc' dir='ltr'>τά</span> <span class='ocrx_word' id='word_1_433' title='bbox 1374 4987 1699 5058; x_wconf 87' lang='grc' dir='ltr'>φαινόμενα.</span> <span class='ocrx_word' id='word_1_434' title='bbox 1729 4989 1790 5043; x_wconf 88' lang='grc' dir='ltr'>οὐ</span> 
     </span>
    </p>
   </div>
   <div class='ocr_carea' id='block_1_52' title="bbox 192 5071 1790 5149">
    <p class='ocr_par' dir='ltr' id='par_1_52' title="bbox 192 5071 1790 5149">
     <span class='ocr_line' id='line_1_52' title="bbox 192 5071 1790 5149; baseline 0.004 -24"><span class='ocrx_word' id='word_1_435' title='bbox 192 5071 544 5144; x_wconf 81' lang='grc' dir='ltr'>πραγμάτων</span> <span class='ocrx_word' id='word_1_436' title='bbox 573 5073 802 5144; x_wconf 76' lang='grc' dir='ltr'>ἀλήθεια</span> <span class='ocrx_word' id='word_1_437' title='bbox 817 5073 864 5126; x_wconf 77' lang='lat' dir='ltr'>b.</span> <span class='ocrx_word' id='word_1_438' title='bbox 883 5075 1149 5144; x_wconf 85' lang='grc' dir='ltr'>Ἀπῆλθον</span> <span class='ocrx_word' id='word_1_439' title='bbox 1177 5077 1480 5149; x_wconf 83' lang='grc' dir='ltr'>ἀμφότεροι</span> <span class='ocrx_word' id='word_1_440' title='bbox 1509 5080 1646 5141; x_wconf 81' lang='grc' dir='ltr'>ἐκεῖ,</span> <span class='ocrx_word' id='word_1_441' title='bbox 1677 5080 1705 5131; x_wconf 88' lang='grc' dir='ltr'><strong>ὅ</strong></span> <span class='ocrx_word' id='word_1_442' title='bbox 1734 5095 1790 5132; x_wconf 89' lang='grc' dir='ltr'>τε</span> 
     </span>
    </p>
   </div>
   <div class='ocr_carea' id='block_1_53' title="bbox 194 5165 1791 5240">
    <p class='ocr_par' dir='ltr' id='par_1_53' title="bbox 194 5165 1791 5240">
     <span class='ocr_line' id='line_1_53' title="bbox 194 5165 1791 5240; baseline 0.005 -23"><span class='ocrx_word' id='word_1_443' title='bbox 194 5165 476 5231; x_wconf 81' lang='grc' dir='ltr'>πλούσιος,</span> <span class='ocrx_word' id='word_1_444' title='bbox 525 5167 618 5220; x_wconf 74' lang='grc' dir='ltr'>καὶ</span> <span class='ocrx_word' id='word_1_445' title='bbox 653 5168 681 5218; x_wconf 92' lang='lat'>6</span> <span class='ocrx_word' id='word_1_446' title='bbox 727 5165 930 5238; x_wconf 86' lang='grc' dir='ltr'>πένης·</span> <span class='ocrx_word' id='word_1_447' title='bbox 963 5167 1156 5221; x_wconf 76' lang='grc' dir='ltr'>ἔλαϐον</span> <span class='ocrx_word' id='word_1_448' title='bbox 1209 5170 1301 5222; x_wconf 82' lang='grc' dir='ltr'>τὸν</span> <span class='ocrx_word' id='word_1_449' title='bbox 1330 5170 1582 5240; x_wconf 74' lang='grc' dir='ltr'>Λάζαρον</span> <span class='ocrx_word' id='word_1_450' title='bbox 1615 5173 1665 5224; x_wconf 88' lang='grc' dir='ltr'>οἱ</span> <span class='ocrx_word' id='word_1_451' title='bbox 1691 5171 1791 5239; x_wconf 84' lang='grc' dir='ltr'>ἆγ-</span> 
     </span>
    </p>
   </div>
   <div class='ocr_carea' id='block_1_54' title="bbox 195 5249 1790 5332">
    <p class='ocr_par' dir='ltr' id='par_1_54' title="bbox 195 5257 1790 5332">
     <span class='ocr_line' id='line_1_54' title="bbox 195 5257 1790 5332; baseline 0.006 -22"><span class='ocrx_word' id='word_1_452' title='bbox 195 5257 372 5326; x_wconf 84' lang='grc' dir='ltr'>γελοι·</span> <span class='ocrx_word' id='word_1_453' title='bbox 422 5259 563 5328; x_wconf 75' lang='grc' dir='ltr'>μετᾶ</span> <span class='ocrx_word' id='word_1_454' title='bbox 597 5258 723 5322; x_wconf 66' lang='grc' dir='ltr'>τοὺς</span> <span class='ocrx_word' id='word_1_455' title='bbox 775 5259 944 5322; x_wconf 75' lang='grc' dir='ltr'>κύνας</span> <span class='ocrx_word' id='word_1_456' title='bbox 976 5261 1219 5329; x_wconf 80' lang='grc' dir='ltr'>ἄγγελοι,</span> <span class='ocrx_word' id='word_1_457' title='bbox 1269 5265 1406 5332; x_wconf 79' lang='grc' dir='ltr'>μετά</span> <span class='ocrx_word' id='word_1_458' title='bbox 1439 5265 1530 5316; x_wconf 74' lang='grc' dir='ltr'>τὸν</span> <span class='ocrx_word' id='word_1_459' title='bbox 1567 5266 1790 5319; x_wconf 84' lang='grc' dir='ltr'>πυλῶνα</span> 
     </span>
    </p>
   </div>
   <div class='ocr_carea' id='block_1_55' title="bbox 258 5557 1786 5630">
    <p class='ocr_par' dir='ltr' id='par_1_55' title="bbox 258 5557 1786 5630">
     <span class='ocr_line' id='line_1_55' title="bbox 258 5557 1786 5630; baseline 0.005 -25"><span class='ocrx_word' id='word_1_460' title='bbox 258 5558 287 5630; x_wconf 50' lang='grc' dir='ltr'><strong><em>ξ</em></strong></span> <span class='ocrx_word' id='word_1_461' title='bbox 311 5557 529 5630; x_wconf 41' lang='grc' dir='ltr'>ΒυηῑιέΙιμ</span> <span class='ocrx_word' id='word_1_462' title='bbox 551 5559 787 5630; x_wconf 74' lang='grc' dir='ltr'>ἀλήθειαν.</span> <span class='ocrx_word' id='word_1_463' title='bbox 835 5561 963 5630; x_wconf 72' lang='grc' dir='ltr'>καθὸ</span> <span class='ocrx_word' id='word_1_464' title='bbox 987 5562 1069 5622; x_wconf 80' lang='grc' dir='ltr'>μὲν</span> <span class='ocrx_word' id='word_1_465' title='bbox 1098 5562 1369 5630; x_wconf 42' lang='grc' dir='ltr'>γὰρ-σκηπή</span> <span class='ocrx_word' id='word_1_466' title='bbox 1396 5564 1426 5624; x_wconf 79' lang='grc' dir='ltr'>ᾖ</span> <span class='ocrx_word' id='word_1_467' title='bbox 1460 5565 1542 5613; x_wconf 85' lang='grc' dir='ltr'>καὶ</span> <span class='ocrx_word' id='word_1_468' title='bbox 1568 5567 1786 5630; x_wconf 72' lang='grc' dir='ltr'>θέατρον,</span> 
     </span>
    </p>
   </div>
   <div class='ocr_carea' id='block_1_56' title="bbox 191 5622 1790 5688">
    <p class='ocr_par' dir='ltr' id='par_1_56' title="bbox 191 5622 1790 5688">
     <span class='ocr_line' id='line_1_56' title="bbox 191 5622 1790 5688; baseline 0.007 -22"><span class='ocrx_word' id='word_1_469' title='bbox 191 5622 276 5669; x_wconf 77' lang='grc' dir='ltr'>καὶ</span> <span class='ocrx_word' id='word_1_470' title='bbox 297 5622 662 5688; x_wconf 76' lang='grc' dir='ltr'>σνγκαθέζονται</span> <span class='ocrx_word' id='word_1_471' title='bbox 686 5625 730 5670; x_wconf 77' lang='grc' dir='ltr'>οἱ</span> <span class='ocrx_word' id='word_1_472' title='bbox 749 5623 1026 5688; x_wconf 65' lang='grc' dir='ltr'>τερπόμενοι</span> <span class='ocrx_word' id='word_1_473' title='bbox 1061 5625 1141 5683; x_wconf 80' lang='grc' dir='ltr'>μὲν</span> <span class='ocrx_word' id='word_1_474' title='bbox 1165 5625 1229 5677; x_wconf 84' lang='grc' dir='ltr'>εἰς</span> <span class='ocrx_word' id='word_1_475' title='bbox 1249 5626 1321 5688; x_wconf 4' lang='grc' dir='ltr'>τάς</span> <span class='ocrx_word' id='word_1_476' title='bbox 1338 5622 1638 5688; x_wconf 73' lang='grc' dir='ltr'>προσωπεῖα,</span> <span class='ocrx_word' id='word_1_477' title='bbox 1663 5622 1790 5677; x_wconf 52' lang='lat' dir='ltr'>lim;</span> 
     </span>
    </p>
   </div>
   <div class='ocr_carea' id='block_1_57' title="bbox 194 5682 1704 5743">
    <p class='ocr_par' dir='ltr' id='par_1_57' title="bbox 194 5682 1704 5743">
     <span class='ocr_line' id='line_1_57' title="bbox 194 5682 1704 5743; baseline 0.004 -13"><span class='ocrx_word' id='word_1_478' title='bbox 194 5698 296 5743; x_wconf 65' lang='lat'><strong>00?,</strong></span> <span class='ocrx_word' id='word_1_479' title='bbox 322 5690 367 5729; x_wconf 72' lang='lat' dir='ltr'>et</span> <span class='ocrx_word' id='word_1_480' title='bbox 395 5682 631 5730; x_wconf 73' lang='lat' dir='ltr'>nnnnuila</span> <span class='ocrx_word' id='word_1_481' title='bbox 657 5682 824 5743; x_wconf 65' lang='lat' dir='ltr'>[msh-5;</span> <span class='ocrx_word' id='word_1_482' title='bbox 851 5682 1175 5731; x_wconf 62' lang='lat' dir='ltr'>nbsvrvamur</span> <span class='ocrx_word' id='word_1_483' title='bbox 1198 5682 1387 5735; x_wconf 53' lang='lat' dir='ltr'>modica&#39;</span> <span class='ocrx_word' id='word_1_484' title='bbox 1407 5682 1704 5738; x_wconf 76' lang='lat' dir='ltr'>discrimiha.</span> 
     </span>
    </p>
   </div>
   <div class='ocr_carea' id='block_1_58' title="bbox 259 5741 1788 5810">
    <p class='ocr_par' dir='ltr' id='par_1_58' title="bbox 259 5741 1788 5810">
     <span class='ocr_line' id='line_1_58' title="bbox 259 5741 1788 5810; baseline 0.007 -20"><span class='ocrx_word' id='word_1_485' title='bbox 259 5741 601 5810; x_wconf 48' lang='grc' dir='ltr'>ῥῐῐροσωπεῖα</span> <span class='ocrx_word' id='word_1_486' title='bbox 625 5741 682 5792; x_wconf 73' lang='grc' dir='ltr'><strong>τᾶ</strong></span> <span class='ocrx_word' id='word_1_487' title='bbox 708 5746 976 5808; x_wconf 56' lang='grc' dir='ltr'>ττι-[ὁντθτη</span> <span class='ocrx_word' id='word_1_488' title='bbox 1011 5747 1064 5792; x_wconf 73' lang='grc' dir='ltr'>οὐ</span> <span class='ocrx_word' id='word_1_489' title='bbox 1097 5748 1384 5810; x_wconf 58' lang='grc' dir='ltr'>πραγμάτων</span> <span class='ocrx_word' id='word_1_490' title='bbox 1421 5751 1630 5809; x_wconf 65' lang='grc' dir='ltr'>ἆ)ή¹ἐια.</span> <span class='ocrx_word' id='word_1_491' title='bbox 1663 5754 1788 5803; x_wconf 79' lang='lat' dir='ltr'>Bon-</span> 
     </span>
    </p>
   </div>
   <div class='ocr_carea' id='block_1_59' title="bbox 193 5805 1597 5867">
    <p class='ocr_par' dir='ltr' id='par_1_59' title="bbox 193 5805 1597 5867">
     <span class='ocr_line' id='line_1_59' title="bbox 193 5805 1597 5867; baseline -0.004 -10"><span class='ocrx_word' id='word_1_492' title='bbox 193 5805 566 5867; x_wconf 70' lang='lat' dir='ltr'>L21.1&#39;90&#39;0cc:t:1.</span> <span class='ocrx_word' id='word_1_493' title='bbox 714 5805 721 5808; x_wconf 99' lang='grc'>⁷</span> <span class='ocrx_word' id='word_1_494' title='bbox 1136 5805 1143 5809; x_wconf 94' lang='grc'>⁷</span> <span class='ocrx_word' id='word_1_495' title='bbox 1205 5805 1233 5810; x_wconf 92' lang='grc'>⁷⁷</span> <span class='ocrx_word' id='word_1_496' title='bbox 1501 5805 1508 5809; x_wconf 98' lang='grc'>⁷</span> <span class='ocrx_word' id='word_1_497' title='bbox 1595 5805 1597 5807; x_wconf 72' lang='grc'><strong>’</strong></span> 
     </span>
    </p>
   </div>
   <div class='ocr_carea' id='block_1_60' title="bbox 1419 363 2236 424">
    <p class='ocr_par' dir='ltr' id='par_1_60' title="bbox 1419 363 2236 424">
     <span class='ocr_line' id='line_1_60' title="bbox 1419 363 2236 424; baseline -0.007 1"><span class='ocrx_word' id='word_1_498' title='bbox 1419 369 1504 424; x_wconf 86' lang='lat' dir='ltr'>DE</span> <span class='ocrx_word' id='word_1_499' title='bbox 1541 365 1820 424; x_wconf 72' lang='lat' dir='ltr'><strong>LAZARO</strong></span> <span class='ocrx_word' id='word_1_500' title='bbox 1858 363 2111 424; x_wconf 75' lang='lat' dir='ltr'>CONCIO</span> <span class='ocrx_word' id='word_1_501' title='bbox 2151 365 2236 423; x_wconf 70' lang='lat' dir='ltr'>Vl.</span> 
     </span>
    </p>
   </div>
   <div class='ocr_carea' id='block_1_61' title="bbox 3365 365 3500 421">
    <p class='ocr_par' dir='ltr' id='par_1_61' title="bbox 3365 365 3500 421">
     <span class='ocr_line' id='line_1_61' title="bbox 3365 365 3500 421; baseline 0.022 -3"><span class='ocrx_word' id='word_1_502' title='bbox 3365 365 3500 421; x_wconf 69' lang='lat'>1635</span> 
     </span>
    </p>
   </div>
   <div class='ocr_carea' id='block_1_62' title="bbox 1909 481 3504 559">
    <p class='ocr_par' dir='ltr' id='par_1_62' title="bbox 1909 481 3504 559">
     <span class='ocr_line' id='line_1_62' title="bbox 1909 481 3504 559; baseline -0.002 -20"><span class='ocrx_word' id='word_1_503' title='bbox 1909 486 2006 540; x_wconf 91' lang='grc' dir='ltr'>τοῦ</span> <span class='ocrx_word' id='word_1_504' title='bbox 2037 488 2294 542; x_wconf 89' lang='grc' dir='ltr'>πλουσίου</span> <span class='ocrx_word' id='word_1_505' title='bbox 2320 489 2348 542; x_wconf 89' lang='lat'>6</span> <span class='ocrx_word' id='word_1_506' title='bbox 2379 486 2578 550; x_wconf 83' lang='grc' dir='ltr'>κόλπος</span> <span class='ocrx_word' id='word_1_507' title='bbox 2605 485 2698 546; x_wconf 83' lang='grc' dir='ltr'>τοῦ</span> <span class='ocrx_word' id='word_1_508' title='bbox 2743 483 3015 556; x_wconf 67' lang='grc' dir='ltr'>Ἀϐραὰμ,</span> <span class='ocrx_word' id='word_1_509' title='bbox 3055 482 3194 559; x_wconf 85' lang='grc' dir='ltr'>μετὰ</span> <span class='ocrx_word' id='word_1_510' title='bbox 3220 482 3313 537; x_wconf 85' lang='grc' dir='ltr'>τὸν</span> <span class='ocrx_word' id='word_1_511' title='bbox 3344 481 3504 554; x_wconf 72' lang='grc' dir='ltr'>λιμὸν</span> 
     </span>
    </p>
   </div>
   <div class='ocr_carea' id='block_1_63' title="bbox 1906 577 3504 661">
    <p class='ocr_par' dir='ltr' id='par_1_63' title="bbox 1906 577 3504 661">
     <span class='ocr_line' id='line_1_63' title="bbox 1906 577 3504 661; baseline -0.004 -27"><span class='ocrx_word' id='word_1_512' title='bbox 1906 581 2134 654; x_wconf 80' lang='grc' dir='ltr'>εὐθηνία</span> <span class='ocrx_word' id='word_1_513' title='bbox 2161 581 2337 653; x_wconf 81' lang='grc' dir='ltr'>πέρας</span> <span class='ocrx_word' id='word_1_514' title='bbox 2370 581 2472 634; x_wconf 82' lang='grc' dir='ltr'>οὐκ</span> <span class='ocrx_word' id='word_1_515' title='bbox 2515 580 2734 652; x_wconf 79' lang='grc' dir='ltr'>ἔχουσα,</span> <span class='ocrx_word' id='word_1_516' title='bbox 2772 578 2915 650; x_wconf 84' lang='grc' dir='ltr'>μετά</span> <span class='ocrx_word' id='word_1_517' title='bbox 2951 579 3052 661; x_wconf 67' lang='grc' dir='ltr'>τῂν</span> <span class='ocrx_word' id='word_1_518' title='bbox 3087 577 3269 646; x_wconf 77' lang='grc' dir='ltr'>θλίψιν</span> <span class='ocrx_word' id='word_1_519' title='bbox 3313 577 3504 640; x_wconf 73' lang='grc' dir='ltr'>ἄνεσις</span> 
     </span>
    </p>
   </div>
   <div class='ocr_carea' id='block_1_64' title="bbox 1906 666 3503 742">
    <p class='ocr_par' dir='ltr' id='par_1_64' title="bbox 1906 666 3503 742">
     <span class='ocr_line' id='line_1_64' title="bbox 1906 666 3503 742; baseline -0.005 -14"><span class='ocrx_word' id='word_1_520' title='bbox 1906 674 2273 739; x_wconf 85' lang='grc' dir='ltr'>ἀκατάλυτος·</span> <span class='ocrx_word' id='word_1_521' title='bbox 2348 674 2557 741; x_wconf 72' lang='grc' dir='ltr'>ἐκεῖνον</span> <span class='ocrx_word' id='word_1_522' title='bbox 2607 672 2664 725; x_wconf 75' lang='grc' dir='ltr'>δὲ</span> <span class='ocrx_word' id='word_1_523' title='bbox 2729 671 2822 725; x_wconf 80' lang='grc' dir='ltr'>τὸν</span> <span class='ocrx_word' id='word_1_524' title='bbox 2887 669 3143 724; x_wconf 79' lang='grc' dir='ltr'>πλούσιον</span> <span class='ocrx_word' id='word_1_525' title='bbox 3207 669 3348 742; x_wconf 88' lang='grc' dir='ltr'>μετά</span> <span class='ocrx_word' id='word_1_526' title='bbox 3409 666 3503 722; x_wconf 83' lang='grc' dir='ltr'>τδν</span> 
     </span>
    </p>
   </div>
   <div class='ocr_carea' id='block_1_65' title="bbox 1910 757 3502 834">
    <p class='ocr_par' dir='ltr' id='par_1_65' title="bbox 1910 757 3502 834">
     <span class='ocr_line' id='line_1_65' title="bbox 1910 757 3502 834; baseline -0.004 -16"><span class='ocrx_word' id='word_1_527' title='bbox 1910 762 2142 818; x_wconf 90' lang='grc' dir='ltr'>πλοῦτον</span> <span class='ocrx_word' id='word_1_528' title='bbox 2193 764 2379 826; x_wconf 84' lang='grc' dir='ltr'>πενία,</span> <span class='ocrx_word' id='word_1_529' title='bbox 2438 763 2577 834; x_wconf 86' lang='grc' dir='ltr'>μετά</span> <span class='ocrx_word' id='word_1_530' title='bbox 2629 762 2729 834; x_wconf 82' lang='grc' dir='ltr'>τὴν</span> <span class='ocrx_word' id='word_1_531' title='bbox 2773 759 3056 833; x_wconf 77' lang='grc' dir='ltr'>τράπεζαν</span> <span class='ocrx_word' id='word_1_532' title='bbox 3099 761 3198 832; x_wconf 86' lang='grc' dir='ltr'>τὴν</span> <span class='ocrx_word' id='word_1_533' title='bbox 3239 757 3502 813; x_wconf 88' lang='grc' dir='ltr'>πλουσίαν</span> 
     </span>
    </p>
   </div>
   <div class='ocr_carea' id='block_1_66' title="bbox 1909 851 3500 926">
    <p class='ocr_par' dir='ltr' id='par_1_66' title="bbox 1909 851 3500 926">
     <span class='ocr_line' id='line_1_66' title="bbox 1909 851 3500 926; baseline -0.003 -18"><span class='ocrx_word' id='word_1_534' title='bbox 1909 855 2133 919; x_wconf 84' lang='grc' dir='ltr'>κόλασις</span> <span class='ocrx_word' id='word_1_535' title='bbox 2163 854 2258 908; x_wconf 75' lang='grc' dir='ltr'>καὶ</span> <span class='ocrx_word' id='word_1_536' title='bbox 2281 854 2546 926; x_wconf 87' lang='grc' dir='ltr'>τιμωρία,</span> <span class='ocrx_word' id='word_1_537' title='bbox 2592 854 2732 926; x_wconf 89' lang='grc' dir='ltr'>μετά</span> <span class='ocrx_word' id='word_1_538' title='bbox 2767 851 2866 922; x_wconf 82' lang='grc' dir='ltr'>τὴν</span> <span class='ocrx_word' id='word_1_539' title='bbox 2889 853 3078 908; x_wconf 71' lang='grc' dir='ltr'>ἄνεσιν</span> <span class='ocrx_word' id='word_1_540' title='bbox 3105 851 3288 906; x_wconf 83' lang='grc' dir='ltr'>ὀδύναι</span> <span class='ocrx_word' id='word_1_541' title='bbox 3324 852 3500 920; x_wconf 70' lang='grc' dir='ltr'>ἀναρ-</span> 
     </span>
    </p>
   </div>
   <div class='ocr_carea' id='block_1_67' title="bbox 1905 942 3500 1020">
    <p class='ocr_par' dir='ltr' id='par_1_67' title="bbox 1905 942 3500 1020">
     <span class='ocr_line' id='line_1_67' title="bbox 1905 942 3500 1020; baseline -0.004 -18"><span class='ocrx_word' id='word_1_542' title='bbox 1905 949 2146 1020; x_wconf 83' lang='grc' dir='ltr'>τέρητοι.</span> <span class='ocrx_word' id='word_1_543' title='bbox 2163 948 2273 1002; x_wconf 73' lang='grc' dir='ltr'>Καὶ</span> <span class='ocrx_word' id='word_1_544' title='bbox 2300 949 2404 1020; x_wconf 82' lang='grc' dir='ltr'>ὃρα</span> <span class='ocrx_word' id='word_1_545' title='bbox 2419 947 2473 1000; x_wconf 90' lang='grc' dir='ltr'>τί</span> <span class='ocrx_word' id='word_1_546' title='bbox 2493 946 2704 1015; x_wconf 87' lang='grc' dir='ltr'>γίνεται</span> <span class='ocrx_word' id='word_1_547' title='bbox 2720 962 2735 977; x_wconf 75' lang='grc' dir='ltr'><strong>ο</strong></span> <span class='ocrx_word' id='word_1_548' title='bbox 2756 944 3026 1017; x_wconf 83' lang='grc' dir='ltr'>’Λπῆλθον</span> <span class='ocrx_word' id='word_1_549' title='bbox 3046 945 3182 1010; x_wconf 76' lang='grc' dir='ltr'>ἐκεῖ,</span> <span class='ocrx_word' id='word_1_550' title='bbox 3213 945 3308 998; x_wconf 76' lang='grc' dir='ltr'>καὶ</span> <span class='ocrx_word' id='word_1_551' title='bbox 3333 942 3500 1014; x_wconf 76' lang='grc' dir='ltr'>ἐλύθη</span> 
     </span>
    </p>
   </div>
   <div class='ocr_carea' id='block_1_68' title="bbox 1902 1037 3502 1112">
    <p class='ocr_par' dir='ltr' id='par_1_68' title="bbox 1902 1037 3502 1112">
     <span class='ocr_line' id='line_1_68' title="bbox 1902 1037 3502 1112; baseline -0.002 -20"><span class='ocrx_word' id='word_1_552' title='bbox 1902 1040 1968 1094; x_wconf 83' lang='grc' dir='ltr'>τὸ</span> <span class='ocrx_word' id='word_1_553' title='bbox 2011 1040 2270 1112; x_wconf 74' lang='grc' dir='ltr'>θέατρονο</span> <span class='ocrx_word' id='word_1_554' title='bbox 2323 1038 2687 1109; x_wconf 81' lang='grc' dir='ltr'>ἀπεκαλύφθη</span> <span class='ocrx_word' id='word_1_555' title='bbox 2717 1037 2788 1092; x_wconf 80' lang='grc' dir='ltr'>τά</span> <span class='ocrx_word' id='word_1_556' title='bbox 2819 1041 3168 1111; x_wconf 86' lang='grc' dir='ltr'>προσωπεῖα,</span> <span class='ocrx_word' id='word_1_557' title='bbox 3217 1037 3502 1107; x_wconf 87' lang='grc' dir='ltr'>φαίνονται</span> 
     </span>
    </p>
   </div>
   <div class='ocr_carea' id='block_1_69' title="bbox 1904 1126 3503 1200">
    <p class='ocr_par' dir='ltr' id='par_1_69' title="bbox 1904 1126 3503 1200">
     <span class='ocr_line' id='line_1_69' title="bbox 1904 1126 3503 1200; baseline -0.003 -16"><span class='ocrx_word' id='word_1_558' title='bbox 1904 1131 2107 1185; x_wconf 79' lang='grc' dir='ltr'>λοιπὺν-</span> <span class='ocrx_word' id='word_1_559' title='bbox 2130 1133 2186 1184; x_wconf 84' lang='grc' dir='ltr'>αί</span> <span class='ocrx_word' id='word_1_560' title='bbox 2215 1129 2390 1200; x_wconf 61' lang='grc' dir='ltr'>ὄψεις.</span> <span class='ocrx_word' id='word_1_561' title='bbox 2428 1129 2701 1200; x_wconf 77' lang='grc' dir='ltr'>’Λπῆλθον</span> <span class='ocrx_word' id='word_1_562' title='bbox 2725 1128 3036 1200; x_wconf 83' lang='grc' dir='ltr'>ἀμφότεροι</span> <span class='ocrx_word' id='word_1_563' title='bbox 3061 1129 3200 1191; x_wconf 79' lang='grc' dir='ltr'>ἐκεῖ,</span> <span class='ocrx_word' id='word_1_564' title='bbox 3229 1127 3324 1181; x_wconf 70' lang='grc' dir='ltr'>καὶ</span> <span class='ocrx_word' id='word_1_565' title='bbox 3347 1129 3450 1198; x_wconf 83' lang='grc' dir='ltr'>ὁρᾷ</span> <span class='ocrx_word' id='word_1_566' title='bbox 3472 1126 3503 1180; x_wconf 92' lang='lat'>6</span> 
     </span>
    </p>
   </div>
   <div class='ocr_carea' id='block_1_70' title="bbox 1907 1218 3503 1295">
    <p class='ocr_par' dir='ltr' id='par_1_70' title="bbox 1907 1218 3503 1295">
     <span class='ocr_line' id='line_1_70' title="bbox 1907 1218 3503 1295; baseline -0.004 -17"><span class='ocrx_word' id='word_1_567' title='bbox 1907 1223 2173 1288; x_wconf 85' lang='grc' dir='ltr'>πλούσιος</span> <span class='ocrx_word' id='word_1_568' title='bbox 2206 1223 2752 1295; x_wconf 79' lang='grc' dir='ltr'>ἀποτηγανιζόμενος</span> <span class='ocrx_word' id='word_1_569' title='bbox 2783 1220 2876 1275; x_wconf 81' lang='grc' dir='ltr'>τὸν</span> <span class='ocrx_word' id='word_1_570' title='bbox 2906 1219 3159 1292; x_wconf 78' lang='grc' dir='ltr'>Λάζαρον</span> <span class='ocrx_word' id='word_1_571' title='bbox 3193 1220 3252 1271; x_wconf 81' lang='grc' dir='ltr'>ὲν</span> <span class='ocrx_word' id='word_1_572' title='bbox 3280 1218 3503 1282; x_wconf 74' lang='grc' dir='ltr'>κόλποις</span> 
     </span>
    </p>
   </div>
   <div class='ocr_carea' id='block_1_71' title="bbox 1904 1307 3498 1386">
    <p class='ocr_par' dir='ltr' id='par_1_71' title="bbox 1904 1307 3498 1386">
     <span class='ocr_line' id='line_1_71' title="bbox 1904 1307 3498 1386; baseline -0.004 -18"><span class='ocrx_word' id='word_1_573' title='bbox 1904 1313 2000 1368; x_wconf 88' lang='grc' dir='ltr'>τοῦ</span> <span class='ocrx_word' id='word_1_574' title='bbox 2037 1312 2295 1386; x_wconf 83' lang='grc' dir='ltr'>Ἀϐραὰμ</span> <span class='ocrx_word' id='word_1_575' title='bbox 2317 1311 2742 1383; x_wconf 83' lang='grc' dir='ltr'>εὐθηνούμενον,</span> <span class='ocrx_word' id='word_1_576' title='bbox 2767 1309 3134 1375; x_wconf 73' lang='grc' dir='ltr'>ἀπολαύοντα,</span> <span class='ocrx_word' id='word_1_577' title='bbox 3175 1307 3498 1381; x_wconf 81' lang='grc' dir='ltr'>τρυφῶντα·</span> 
     </span>
    </p>
   </div>
   <div class='ocr_carea' id='block_1_72' title="bbox 1905 1401 3504 1474">
    <p class='ocr_par' dir='ltr' id='par_1_72' title="bbox 1905 1401 3504 1474">
     <span class='ocr_line' id='line_1_72' title="bbox 1905 1401 3504 1474; baseline -0.004 -14"><span class='ocrx_word' id='word_1_578' title='bbox 1905 1405 2002 1460; x_wconf 78' lang='grc' dir='ltr'>καὶ</span> <span class='ocrx_word' id='word_1_579' title='bbox 2055 1405 2207 1474; x_wconf 85' lang='grc' dir='ltr'>λέγει</span> <span class='ocrx_word' id='word_1_580' title='bbox 2251 1404 2392 1474; x_wconf 82' lang='grc' dir='ltr'>πρὸς</span> <span class='ocrx_word' id='word_1_581' title='bbox 2433 1403 2634 1458; x_wconf 76' lang='grc' dir='ltr'>αὐτόν’</span> <span class='ocrx_word' id='word_1_582' title='bbox 2669 1401 2865 1471; x_wconf 83' lang='grc' dir='ltr'>Πάτερ</span> <span class='ocrx_word' id='word_1_583' title='bbox 2905 1401 3198 1471; x_wconf 78' lang='grc' dir='ltr'>Ἀϐραὰμ,</span> <span class='ocrx_word' id='word_1_584' title='bbox 3255 1402 3504 1474; x_wconf 71' lang='grc' dir='ltr'>πέμψον</span> 
     </span>
    </p>
   </div>
   <div class='ocr_carea' id='block_1_73' title="bbox 1911 1492 3502 1568">
    <p class='ocr_par' dir='ltr' id='par_1_73' title="bbox 1911 1492 3502 1568">
     <span class='ocr_line' id='line_1_73' title="bbox 1911 1492 3502 1568; baseline -0.004 -15"><span class='ocrx_word' id='word_1_585' title='bbox 1911 1496 2203 1568; x_wconf 75' lang='grc' dir='ltr'>Λάζαρον,</span> <span class='ocrx_word' id='word_1_586' title='bbox 2233 1497 2334 1551; x_wconf 79' lang='grc' dir='ltr'>ἵνα</span> <span class='ocrx_word' id='word_1_587' title='bbox 2355 1496 2518 1566; x_wconf 78' lang='grc' dir='ltr'>ἄκρῳ</span> <span class='ocrx_word' id='word_1_588' title='bbox 2544 1494 2625 1562; x_wconf 86' lang='grc' dir='ltr'>τῷ</span> <span class='ocrx_word' id='word_1_589' title='bbox 2643 1495 2929 1563; x_wconf 82' lang='grc' dir='ltr'>δακτύλῳ</span> <span class='ocrx_word' id='word_1_590' title='bbox 2969 1493 3160 1549; x_wconf 85' lang='grc' dir='ltr'>αὐτοῦ</span> <span class='ocrx_word' id='word_1_591' title='bbox 3203 1492 3502 1560; x_wconf 73' lang='grc' dir='ltr'>ἐπιστάξῃ</span> 
     </span>
    </p>
   </div>
   <div class='ocr_carea' id='block_1_74' title="bbox 1899 1580 3504 1661">
    <p class='ocr_par' dir='ltr' id='par_1_74' title="bbox 1899 1580 3504 1661">
     <span class='ocr_line' id='line_1_74' title="bbox 1899 1580 3504 1661; baseline -0.005 -16"><span class='ocrx_word' id='word_1_592' title='bbox 1899 1607 2022 1661; x_wconf 84' lang='grc' dir='ltr'>μου</span> <span class='ocrx_word' id='word_1_593' title='bbox 2065 1588 2143 1659; x_wconf 75' lang='grc' dir='ltr'>τῇ</span> <span class='ocrx_word' id='word_1_594' title='bbox 2189 1587 2450 1661; x_wconf 74' lang='grc' dir='ltr'>γλώττῃ,</span> <span class='ocrx_word' id='word_1_595' title='bbox 2510 1587 2601 1641; x_wconf 87' lang='grc' dir='ltr'>ὅτι</span> <span class='ocrx_word' id='word_1_596' title='bbox 2631 1584 3163 1658; x_wconf 78' lang='grc' dir='ltr'>ἀποτηγανίζομαι.</span> <span class='ocrx_word' id='word_1_597' title='bbox 3219 1585 3284 1638; x_wconf 90' lang='grc' dir='ltr'>Τί</span> <span class='ocrx_word' id='word_1_598' title='bbox 3330 1580 3426 1659; x_wconf 74' lang='grc' dir='ltr'>οὖν</span> <span class='ocrx_word' id='word_1_599' title='bbox 3474 1587 3504 1638; x_wconf 85' lang='grc' dir='ltr'>ὁ</span> 
     </span>
    </p>
   </div>
   <div class='ocr_carea' id='block_1_75' title="bbox 1916 1676 3501 1758">
    <p class='ocr_par' dir='ltr' id='par_1_75' title="bbox 1916 1676 3501 1758">
     <span class='ocr_line' id='line_1_75' title="bbox 1916 1676 3501 1758; baseline -0.004 -21"><span class='ocrx_word' id='word_1_600' title='bbox 1916 1682 2202 1758; x_wconf 81' lang='grc' dir='ltr'>Ἀϐραάμ;</span> <span class='ocrx_word' id='word_1_601' title='bbox 2243 1680 2490 1749; x_wconf 80' lang='grc' dir='ltr'>Τέκνον,</span> <span class='ocrx_word' id='word_1_602' title='bbox 2519 1680 2824 1746; x_wconf 79' lang='grc' dir='ltr'>ἀπέλαϐες</span> <span class='ocrx_word' id='word_1_603' title='bbox 2860 1679 2935 1734; x_wconf 80' lang='grc' dir='ltr'>τὰ</span> <span class='ocrx_word' id='word_1_604' title='bbox 2977 1676 3172 1747; x_wconf 74' lang='grc' dir='ltr'>ἀγαθά</span> <span class='ocrx_word' id='word_1_605' title='bbox 3213 1693 3331 1732; x_wconf 91' lang='grc' dir='ltr'>σου</span> <span class='ocrx_word' id='word_1_606' title='bbox 3347 1717 3370 1744; x_wconf 90' lang='lat'>,_</span> <span class='ocrx_word' id='word_1_607' title='bbox 3399 1678 3501 1732; x_wconf 79' lang='grc' dir='ltr'>καί</span> 
     </span>
    </p>
   </div>
   <div class='ocr_carea' id='block_1_76' title="bbox 1904 1766 3502 1844">
    <p class='ocr_par' dir='ltr' id='par_1_76' title="bbox 1904 1766 3502 1844">
     <span class='ocr_line' id='line_1_76' title="bbox 1904 1766 3502 1844; baseline -0.004 -14"><span class='ocrx_word' id='word_1_608' title='bbox 1904 1773 2177 1844; x_wconf 75' lang='grc' dir='ltr'>Λάζαρος</span> <span class='ocrx_word' id='word_1_609' title='bbox 2207 1775 2283 1828; x_wconf 86' lang='grc' dir='ltr'>τὰ</span> <span class='ocrx_word' id='word_1_610' title='bbox 2317 1773 2474 1828; x_wconf 71' lang='grc' dir='ltr'>κακὰ</span> <span class='ocrx_word' id='word_1_611' title='bbox 2493 1771 2680 1828; x_wconf 85' lang='grc' dir='ltr'>αὑτοῦ</span> <span class='ocrx_word' id='word_1_612' title='bbox 2707 1789 2720 1803; x_wconf 74' lang='grc' dir='ltr'><strong>ο</strong></span> <span class='ocrx_word' id='word_1_613' title='bbox 2745 1770 2845 1828; x_wconf 78' lang='grc' dir='ltr'>καί</span> <span class='ocrx_word' id='word_1_614' title='bbox 2879 1771 2998 1826; x_wconf 86' lang='grc' dir='ltr'>νῦν</span> <span class='ocrx_word' id='word_1_615' title='bbox 3028 1766 3208 1836; x_wconf 83' lang='grc' dir='ltr'>οὗτος</span> <span class='ocrx_word' id='word_1_616' title='bbox 3230 1785 3502 1840; x_wconf 80' lang='grc' dir='ltr'>παρακα-</span> 
     </span>
    </p>
   </div>
   <div class='ocr_carea' id='block_1_77' title="bbox 1909 1855 3504 1930">
    <p class='ocr_par' dir='ltr' id='par_1_77' title="bbox 1909 1855 3504 1930">
     <span class='ocr_line' id='line_1_77' title="bbox 1909 1855 3504 1930; baseline -0.006 -10"><span class='ocrx_word' id='word_1_617' title='bbox 1909 1866 2124 1930; x_wconf 81' lang='grc' dir='ltr'>λεῖται,</span> <span class='ocrx_word' id='word_1_618' title='bbox 2170 1863 2254 1919; x_wconf 88' lang='grc' dir='ltr'>σὺ</span> <span class='ocrx_word' id='word_1_619' title='bbox 2295 1863 2366 1918; x_wconf 79' lang='grc' dir='ltr'>δὲ</span> <span class='ocrx_word' id='word_1_620' title='bbox 2413 1860 2733 1917; x_wconf 79' lang='grc' dir='ltr'>ὀδυνᾶσαι.</span> <span class='ocrx_word' id='word_1_621' title='bbox 2785 1863 3028 1927; x_wconf 80' lang='grc' dir='ltr'>Ἀλλως</span> <span class='ocrx_word' id='word_1_622' title='bbox 3079 1858 3150 1912; x_wconf 80' lang='grc' dir='ltr'>δὲ</span> <span class='ocrx_word' id='word_1_623' title='bbox 3201 1859 3303 1912; x_wconf 75' lang='grc' dir='ltr'>καί</span> <span class='ocrx_word' id='word_1_624' title='bbox 3353 1855 3504 1927; x_wconf 84' lang='grc' dir='ltr'>χάος</span> 
     </span>
    </p>
   </div>
   <div class='ocr_carea' id='block_1_78' title="bbox 1897 1949 3504 2028">
    <p class='ocr_par' dir='ltr' id='par_1_78' title="bbox 1897 1949 3504 2028">
     <span class='ocr_line' id='line_1_78' title="bbox 1897 1949 3504 2028; baseline -0.006 -16"><span class='ocrx_word' id='word_1_625' title='bbox 1897 1956 2130 2028; x_wconf 78' lang='grc' dir='ltr'>μεταξὺ</span> <span class='ocrx_word' id='word_1_626' title='bbox 2158 1954 2331 2027; x_wconf 75' lang='grc' dir='ltr'>ἡμῶν</span> <span class='ocrx_word' id='word_1_627' title='bbox 2358 1954 2645 2026; x_wconf 79' lang='grc' dir='ltr'>καίῠμῶν</span> <span class='ocrx_word' id='word_1_628' title='bbox 2671 1953 3047 2022; x_wconf 77' lang='grc' dir='ltr'>ἐστήρικται,</span> <span class='ocrx_word' id='word_1_629' title='bbox 3086 1953 3219 2013; x_wconf 74' lang='grc' dir='ltr'>ἵνα,</span> <span class='ocrx_word' id='word_1_630' title='bbox 3255 1949 3366 2004; x_wconf 77' lang='grc' dir='ltr'>ἐάν</span> <span class='ocrx_word' id='word_1_631' title='bbox 3409 1967 3504 2016; x_wconf 88' lang='grc' dir='ltr'>τις</span> 
     </span>
    </p>
   </div>
   <div class='ocr_carea' id='block_1_79' title="bbox 1897 2040 3500 2118">
    <p class='ocr_par' dir='ltr' id='par_1_79' title="bbox 1897 2040 3500 2118">
     <span class='ocr_line' id='line_1_79' title="bbox 1897 2040 3500 2118; baseline -0.006 -14"><span class='ocrx_word' id='word_1_632' title='bbox 1897 2050 2205 2118; x_wconf 75' lang='grc' dir='ltr'>,βούληται</span> <span class='ocrx_word' id='word_1_633' title='bbox 2230 2047 2515 2103; x_wconf 74' lang='grc' dir='ltr'>ἐντεῦθεν</span> <span class='ocrx_word' id='word_1_634' title='bbox 2547 2045 2678 2101; x_wconf 80' lang='grc' dir='ltr'>ἐκεῖ</span> <span class='ocrx_word' id='word_1_635' title='bbox 2711 2043 2996 2115; x_wconf 76' lang='grc' dir='ltr'>διαϐῆναι</span> <span class='ocrx_word' id='word_1_636' title='bbox 3025 2042 3176 2113; x_wconf 85' lang='grc' dir='ltr'>πρὸς</span> <span class='ocrx_word' id='word_1_637' title='bbox 3201 2041 3382 2113; x_wconf 82' lang='grc' dir='ltr'>ὑμᾶς,</span> <span class='ocrx_word' id='word_1_638' title='bbox 3411 2040 3500 2110; x_wconf 78' lang='grc' dir='ltr'>μὴ</span> 
     </span>
    </p>
   </div>
   <div class='ocr_carea' id='block_1_80' title="bbox 1903 2134 3503 2214">
    <p class='ocr_par' dir='ltr' id='par_1_80' title="bbox 1903 2134 3503 2214">
     <span class='ocr_line' id='line_1_80' title="bbox 1903 2134 3503 2214; baseline -0.008 -18"><span class='ocrx_word' id='word_1_639' title='bbox 1903 2141 2175 2210; x_wconf 83' lang='grc' dir='ltr'>δύνηται.</span> <span class='ocrx_word' id='word_1_640' title='bbox 2264 2138 2572 2214; x_wconf 83' lang='grc' dir='ltr'>Προσέχετε</span> <span class='ocrx_word' id='word_1_641' title='bbox 2619 2153 2635 2170; x_wconf 70' lang='grc'>⁸</span> <span class='ocrx_word' id='word_1_642' title='bbox 2725 2137 3001 2209; x_wconf 86' lang='grc' dir='ltr'>χρήσιμος</span> <span class='ocrx_word' id='word_1_643' title='bbox 3075 2134 3186 2206; x_wconf 83' lang='grc' dir='ltr'>γὰρ</span> <span class='ocrx_word' id='word_1_644' title='bbox 3264 2134 3294 2186; x_wconf 90' lang='lat'>6</span> <span class='ocrx_word' id='word_1_645' title='bbox 3371 2134 3503 2204; x_wconf 80' lang='grc' dir='ltr'>περὶ</span> 
     </span>
    </p>
   </div>
   <div class='ocr_carea' id='block_1_81' title="bbox 1901 2224 3499 2301">
    <p class='ocr_par' dir='ltr' id='par_1_81' title="bbox 1901 2224 3499 2301">
     <span class='ocr_line' id='line_1_81' title="bbox 1901 2224 3499 2301; baseline -0.007 -15"><span class='ocrx_word' id='word_1_646' title='bbox 1901 2231 2110 2290; x_wconf 68' lang='grc' dir='ltr'>τούτων</span> <span class='ocrx_word' id='word_1_647' title='bbox 2137 2231 2321 2300; x_wconf 88' lang='grc' dir='ltr'>λόγος,</span> <span class='ocrx_word' id='word_1_648' title='bbox 2351 2229 2534 2300; x_wconf 87' lang='grc' dir='ltr'>φοϐῶν</span> <span class='ocrx_word' id='word_1_649' title='bbox 2579 2229 2704 2301; x_wconf 82' lang='grc' dir='ltr'>μὲν,</span> <span class='ocrx_word' id='word_1_650' title='bbox 2724 2227 3017 2301; x_wconf 28' lang='grc' dir='ltr'>,καθαίρων</span> <span class='ocrx_word' id='word_1_651' title='bbox 3037 2227 3114 2291; x_wconf 84' lang='grc' dir='ltr'>δὲ,</span> <span class='ocrx_word' id='word_1_652' title='bbox 3145 2224 3351 2279; x_wconf 85' lang='grc' dir='ltr'>ὀδυνῶν</span> <span class='ocrx_word' id='word_1_653' title='bbox 3377 2224 3499 2295; x_wconf 86' lang='grc' dir='ltr'>μὲν,</span> 
     </span>
    </p>
   </div>
   <div class='ocr_carea' id='block_1_82' title="bbox 1902 2315 3505 2396">
    <p class='ocr_par' dir='ltr' id='par_1_82' title="bbox 1902 2315 3505 2396">
     <span class='ocr_line' id='line_1_82' title="bbox 1902 2315 3505 2396; baseline -0.007 -18"><span class='ocrx_word' id='word_1_654' title='bbox 1902 2323 2283 2396; x_wconf 80' lang='grc' dir='ltr'>διορθούμενος</span> <span class='ocrx_word' id='word_1_655' title='bbox 2298 2323 2378 2378; x_wconf 87' lang='grc' dir='ltr'>δέ.</span> <span class='ocrx_word' id='word_1_656' title='bbox 2401 2323 2570 2393; x_wconf 89' lang='grc' dir='ltr'>Δέχου</span> <span class='ocrx_word' id='word_1_657' title='bbox 2592 2322 2662 2376; x_wconf 90' lang='grc' dir='ltr'>τά</span> <span class='ocrx_word' id='word_1_658' title='bbox 2688 2320 3090 2392; x_wconf 84' lang='grc' dir='ltr'>λεγόμενα.Ὣν</span> <span class='ocrx_word' id='word_1_659' title='bbox 3117 2317 3183 2390; x_wconf 81' lang='grc' dir='ltr'>δὴ</span> <span class='ocrx_word' id='word_1_660' title='bbox 3200 2318 3260 2371; x_wconf 80' lang='grc' dir='ltr'>ὲν</span> <span class='ocrx_word' id='word_1_661' title='bbox 3278 2318 3393 2379; x_wconf 88' lang='grc' dir='ltr'>τοῖς</span> <span class='ocrx_word' id='word_1_662' title='bbox 3413 2315 3505 2384; x_wconf 83' lang='grc' dir='ltr'>βα-</span> 
     </span>
    </p>
   </div>
   <div class='ocr_carea' id='block_1_83' title="bbox 1903 2403 3502 2482">
    <p class='ocr_par' dir='ltr' id='par_1_83' title="bbox 1903 2403 3502 2482">
     <span class='ocr_line' id='line_1_83' title="bbox 1903 2403 3502 2482; baseline -0.008 -11"><span class='ocrx_word' id='word_1_663' title='bbox 1903 2418 2088 2478; x_wconf 90' lang='grc' dir='ltr'>σάνοις</span> <span class='ocrx_word' id='word_1_664' title='bbox 2102 2419 2130 2470; x_wconf 88' lang='grc' dir='ltr'>ὀ</span> <span class='ocrx_word' id='word_1_665' title='bbox 2149 2414 2404 2479; x_wconf 89' lang='grc' dir='ltr'>πλούσιος</span> <span class='ocrx_word' id='word_1_666' title='bbox 2418 2413 2703 2482; x_wconf 78' lang='grc' dir='ltr'>ἀνέϐλεψε,</span> <span class='ocrx_word' id='word_1_667' title='bbox 2723 2413 2818 2467; x_wconf 77' lang='grc' dir='ltr'>καὶ</span> <span class='ocrx_word' id='word_1_668' title='bbox 2844 2407 2952 2465; x_wconf 78' lang='grc' dir='ltr'>εἶδε</span> <span class='ocrx_word' id='word_1_669' title='bbox 2979 2409 3074 2464; x_wconf 82' lang='grc' dir='ltr'>τδν</span> <span class='ocrx_word' id='word_1_670' title='bbox 3091 2409 3362 2480; x_wconf 72' lang='grc' dir='ltr'>Λάζαρον·</span> <span class='ocrx_word' id='word_1_671' title='bbox 3391 2403 3502 2460; x_wconf 82' lang='grc' dir='ltr'>εἶδε</span> 
     </span>
    </p>
   </div>
   <div class='ocr_carea' id='block_1_84' title="bbox 1901 2497 3502 2579">
    <p class='ocr_par' dir='ltr' id='par_1_84' title="bbox 1901 2497 3502 2579">
     <span class='ocr_line' id='line_1_84' title="bbox 1901 2497 3502 2579; baseline -0.006 -17"><span class='ocrx_word' id='word_1_672' title='bbox 1901 2507 2069 2563; x_wconf 87' lang='grc' dir='ltr'>καινά</span> <span class='ocrx_word' id='word_1_673' title='bbox 2101 2508 2425 2579; x_wconf 87' lang='grc' dir='ltr'>πράγματα.</span> <span class='ocrx_word' id='word_1_674' title='bbox 2457 2507 2554 2570; x_wconf 70' lang='lat' dir='ltr'>Et;</span> <span class='ocrx_word' id='word_1_675' title='bbox 2567 2505 2662 2558; x_wconf 85' lang='grc' dir='ltr'>τδν</span> <span class='ocrx_word' id='word_1_676' title='bbox 2682 2497 2906 2558; x_wconf 80' lang='grc' dir='ltr'>πυλῶνά</span> <span class='ocrx_word' id='word_1_677' title='bbox 2921 2520 3014 2557; x_wconf 86' lang='grc' dir='ltr'>σου</span> <span class='ocrx_word' id='word_1_678' title='bbox 3027 2497 3096 2574; x_wconf 84' lang='grc' dir='ltr'>ἦν</span> <span class='ocrx_word' id='word_1_679' title='bbox 3119 2500 3242 2556; x_wconf 86' lang='grc' dir='ltr'>καθ’</span> <span class='ocrx_word' id='word_1_680' title='bbox 3259 2500 3502 2570; x_wconf 78' lang='grc' dir='ltr'>ἑκάστην</span> 
     </span>
    </p>
   </div>
   <div class='ocr_carea' id='block_1_85' title="bbox 1901 2592 3503 2674">
    <p class='ocr_par' dir='ltr' id='par_1_85' title="bbox 1901 2592 3503 2674">
     <span class='ocr_line' id='line_1_85' title="bbox 1901 2592 3503 2674; baseline -0.006 -20"><span class='ocrx_word' id='word_1_681' title='bbox 1901 2600 2116 2674; x_wconf 78' lang='grc' dir='ltr'>ἡμέραν</span> <span class='ocrx_word' id='word_1_682' title='bbox 2131 2613 2145 2628; x_wconf 82' lang='grc'><strong>⁸</strong></span> <span class='ocrx_word' id='word_1_683' title='bbox 2159 2599 2416 2670; x_wconf 81' lang='grc' dir='ltr'>δεύτερον</span> <span class='ocrx_word' id='word_1_684' title='bbox 2431 2599 2526 2652; x_wconf 76' lang='grc' dir='ltr'>καὶ</span> <span class='ocrx_word' id='word_1_685' title='bbox 2541 2597 2726 2668; x_wconf 86' lang='grc' dir='ltr'>τρίτον</span> <span class='ocrx_word' id='word_1_686' title='bbox 2743 2596 2862 2669; x_wconf 87' lang='grc' dir='ltr'>είσή</span> <span class='ocrx_word' id='word_1_687' title='bbox 2873 2613 3001 2667; x_wconf 90' lang='grc' dir='ltr'>ρχου</span> <span class='ocrx_word' id='word_1_688' title='bbox 3021 2595 3115 2650; x_wconf 72' lang='grc' dir='ltr'>καὶ</span> <span class='ocrx_word' id='word_1_689' title='bbox 3138 2593 3231 2666; x_wconf 81' lang='grc' dir='ltr'>ὲξή</span> <span class='ocrx_word' id='word_1_690' title='bbox 3240 2610 3391 2665; x_wconf 89' lang='grc' dir='ltr'>ρχου,</span> <span class='ocrx_word' id='word_1_691' title='bbox 3407 2592 3503 2645; x_wconf 81' lang='grc' dir='ltr'>καὶ</span> 
     </span>
    </p>
   </div>
   <div class='ocr_carea' id='block_1_86' title="bbox 1901 2681 3503 2760">
    <p class='ocr_par' dir='ltr' id='par_1_86' title="bbox 1901 2681 3503 2760">
     <span class='ocr_line' id='line_1_86' title="bbox 1901 2681 3503 2760; baseline -0.005 -15"><span class='ocrx_word' id='word_1_692' title='bbox 1901 2694 2004 2746; x_wconf 82' lang='grc' dir='ltr'>οὐκ</span> <span class='ocrx_word' id='word_1_693' title='bbox 2045 2691 2271 2755; x_wconf 78' lang='grc' dir='ltr'>ἐϐλεπες</span> <span class='ocrx_word' id='word_1_694' title='bbox 2316 2690 2509 2744; x_wconf 79' lang='grc' dir='ltr'>αὐτόν’</span> <span class='ocrx_word' id='word_1_695' title='bbox 2542 2691 2640 2744; x_wconf 69' lang='grc' dir='ltr'>καὶ</span> <span class='ocrx_word' id='word_1_696' title='bbox 2673 2690 2764 2744; x_wconf 82' lang='grc' dir='ltr'>ὅτε</span> <span class='ocrx_word' id='word_1_697' title='bbox 2801 2690 2883 2754; x_wconf 83' lang='grc' dir='ltr'>είς</span> <span class='ocrx_word' id='word_1_698' title='bbox 2922 2687 2992 2742; x_wconf 85' lang='grc' dir='ltr'>τὰ</span> <span class='ocrx_word' id='word_1_699' title='bbox 3037 2687 3252 2760; x_wconf 89' lang='grc' dir='ltr'>τήγανα</span> <span class='ocrx_word' id='word_1_700' title='bbox 3290 2681 3364 2750; x_wconf 72' lang='grc' dir='ltr'>εἴ,</span> <span class='ocrx_word' id='word_1_701' title='bbox 3391 2685 3503 2738; x_wconf 78' lang='grc' dir='ltr'>ἀπὸ</span> 
     </span>
    </p>
   </div>
   <div class='ocr_carea' id='block_1_87' title="bbox 1899 2777 3498 2855">
    <p class='ocr_par' dir='ltr' id='par_1_87' title="bbox 1899 2777 3498 2855">
     <span class='ocr_line' id='line_1_87' title="bbox 1899 2777 3498 2855; baseline -0.005 -17"><span class='ocrx_word' id='word_1_702' title='bbox 1899 2785 2272 2855; x_wconf 84' lang='grc' dir='ltr'>διαστήματος</span> <span class='ocrx_word' id='word_1_703' title='bbox 2311 2781 2566 2853; x_wconf 86' lang='grc' dir='ltr'>βλέπεις;</span> <span class='ocrx_word' id='word_1_704' title='bbox 2621 2781 2752 2834; x_wconf 87' lang='grc' dir='ltr'>Ὅτε</span> <span class='ocrx_word' id='word_1_705' title='bbox 2806 2779 2864 2835; x_wconf 83' lang='grc' dir='ltr'>ὲν</span> <span class='ocrx_word' id='word_1_706' title='bbox 2909 2777 2991 2850; x_wconf 82' lang='grc' dir='ltr'>τῷ</span> <span class='ocrx_word' id='word_1_707' title='bbox 3033 2777 3253 2850; x_wconf 82' lang='grc' dir='ltr'>πλούτῳ</span> <span class='ocrx_word' id='word_1_708' title='bbox 3289 2777 3498 2849; x_wconf 83' lang='grc' dir='ltr'>διῆγες,</span> 
     </span>
    </p>
   </div>
   <div class='ocr_carea' id='block_1_88' title="bbox 1898 2865 3502 2944">
    <p class='ocr_par' dir='ltr' id='par_1_88' title="bbox 1898 2865 3502 2944">
     <span class='ocr_line' id='line_1_88' title="bbox 1898 2865 3502 2944; baseline -0.003 -18"><span class='ocrx_word' id='word_1_709' title='bbox 1898 2875 1989 2927; x_wconf 85' lang='grc' dir='ltr'>ὅτε</span> <span class='ocrx_word' id='word_1_710' title='bbox 2019 2874 2078 2926; x_wconf 83' lang='grc' dir='ltr'>ὲν</span> <span class='ocrx_word' id='word_1_711' title='bbox 2099 2874 2164 2944; x_wconf 80' lang='grc' dir='ltr'>τῇ</span> <span class='ocrx_word' id='word_1_712' title='bbox 2196 2871 2359 2943; x_wconf 75' lang='grc' dir='ltr'>βουλῇ</span> <span class='ocrx_word' id='word_1_713' title='bbox 2397 2887 2493 2924; x_wconf 88' lang='grc' dir='ltr'>σου</span> <span class='ocrx_word' id='word_1_714' title='bbox 2519 2871 2581 2924; x_wconf 88' lang='grc' dir='ltr'>τὸ</span> <span class='ocrx_word' id='word_1_715' title='bbox 2609 2872 2744 2942; x_wconf 80' lang='grc' dir='ltr'>ὀρᾷν</span> <span class='ocrx_word' id='word_1_716' title='bbox 2777 2865 2866 2941; x_wconf 82' lang='grc' dir='ltr'>ἧν,</span> <span class='ocrx_word' id='word_1_717' title='bbox 2897 2869 2959 2922; x_wconf 90' lang='grc' dir='ltr'>οὐ</span> <span class='ocrx_word' id='word_1_718' title='bbox 2987 2867 3219 2940; x_wconf 88' lang='grc' dir='ltr'>προέθου</span> <span class='ocrx_word' id='word_1_719' title='bbox 3253 2867 3348 2922; x_wconf 89' lang='grc' dir='ltr'>τοῦ</span> <span class='ocrx_word' id='word_1_720' title='bbox 3372 2868 3502 2922; x_wconf 85' lang='grc' dir='ltr'>ίδεῖν</span> 
     </span>
    </p>
   </div>
   <div class='ocr_carea' id='block_1_89' title="bbox 1900 2957 3502 3034">
    <p class='ocr_par' dir='ltr' id='par_1_89' title="bbox 1900 2957 3502 3034">
     <span class='ocr_line' id='line_1_89' title="bbox 1900 2957 3502 3034; baseline -0.005 -15"><span class='ocrx_word' id='word_1_721' title='bbox 1900 2964 2095 3020; x_wconf 72' lang='grc' dir='ltr'>αὐτόν’</span> <span class='ocrx_word' id='word_1_722' title='bbox 2157 2963 2301 3016; x_wconf 82' lang='grc' dir='ltr'>ίνατί</span> <span class='ocrx_word' id='word_1_723' title='bbox 2339 2961 2434 3016; x_wconf 91' lang='grc' dir='ltr'>νῦν</span> <span class='ocrx_word' id='word_1_724' title='bbox 2468 2961 2781 3034; x_wconf 81' lang='grc' dir='ltr'>ὀξυδερκεῖς</span> <span class='ocrx_word' id='word_1_725' title='bbox 2804 2971 2870 3027; x_wconf 75' lang='grc' dir='ltr'>ε;</span> <span class='ocrx_word' id='word_1_726' title='bbox 2924 2961 3027 3014; x_wconf 90' lang='grc' dir='ltr'>οὐκ</span> <span class='ocrx_word' id='word_1_727' title='bbox 3075 2961 3134 3013; x_wconf 83' lang='grc' dir='ltr'>ὲν</span> <span class='ocrx_word' id='word_1_728' title='bbox 3180 2958 3260 3030; x_wconf 83' lang='grc' dir='ltr'>τῷ</span> <span class='ocrx_word' id='word_1_729' title='bbox 3292 2957 3502 3012; x_wconf 69' lang='grc' dir='ltr'>πυλῶνι</span> 
     </span>
    </p>
   </div>
   <div class='ocr_carea' id='block_1_90' title="bbox 1902 3048 3502 3124">
    <p class='ocr_par' dir='ltr' id='par_1_90' title="bbox 1902 3048 3502 3124">
     <span class='ocr_line' id='line_1_90' title="bbox 1902 3048 3502 3124; baseline -0.003 -18"><span class='ocrx_word' id='word_1_730' title='bbox 1902 3070 1997 3106; x_wconf 90' lang='grc' dir='ltr'>σου</span> <span class='ocrx_word' id='word_1_731' title='bbox 2039 3049 2140 3124; x_wconf 74' lang='grc' dir='ltr'>ἦνς</span> <span class='ocrx_word' id='word_1_732' title='bbox 2178 3051 2296 3115; x_wconf 87' lang='grc' dir='ltr'>πῶς</span> <span class='ocrx_word' id='word_1_733' title='bbox 2344 3051 2509 3105; x_wconf 83' lang='grc' dir='ltr'>αὐτὸν</span> <span class='ocrx_word' id='word_1_734' title='bbox 2559 3052 2662 3104; x_wconf 85' lang='grc' dir='ltr'>οὐκ</span> <span class='ocrx_word' id='word_1_735' title='bbox 2717 3049 2977 3115; x_wconf 73' lang='grc' dir='ltr'>ἐϐλεπεςς</span> <span class='ocrx_word' id='word_1_736' title='bbox 3030 3049 3200 3119; x_wconf 74' lang='grc' dir='ltr'>ἐγγὺς</span> <span class='ocrx_word' id='word_1_737' title='bbox 3238 3049 3368 3102; x_wconf 88' lang='grc' dir='ltr'>ὄντα</span> <span class='ocrx_word' id='word_1_738' title='bbox 3397 3048 3502 3103; x_wconf 82' lang='grc' dir='ltr'>οὐκ</span> 
     </span>
    </p>
   </div>
   <div class='ocr_carea' id='block_1_91' title="bbox 1900 3140 3498 3214">
    <p class='ocr_par' dir='ltr' id='par_1_91' title="bbox 1900 3140 3498 3214">
     <span class='ocr_line' id='line_1_91' title="bbox 1900 3140 3498 3214; baseline -0.003 -16"><span class='ocrx_word' id='word_1_739' title='bbox 1900 3140 2059 3208; x_wconf 81' lang='grc' dir='ltr'>εἶδες,</span> <span class='ocrx_word' id='word_1_740' title='bbox 2092 3145 2187 3197; x_wconf 72' lang='grc' dir='ltr'>καὶ</span> <span class='ocrx_word' id='word_1_741' title='bbox 2208 3141 2305 3197; x_wconf 91' lang='grc' dir='ltr'>νῦν</span> <span class='ocrx_word' id='word_1_742' title='bbox 2331 3144 2441 3197; x_wconf 82' lang='grc' dir='ltr'>ἀπὸ</span> <span class='ocrx_word' id='word_1_743' title='bbox 2466 3143 2836 3214; x_wconf 84' lang='grc' dir='ltr'>διαστήματος</span> <span class='ocrx_word' id='word_1_744' title='bbox 2865 3142 3107 3214; x_wconf 88' lang='grc' dir='ltr'>βλέπεις,</span> <span class='ocrx_word' id='word_1_745' title='bbox 3129 3141 3224 3196; x_wconf 79' lang='grc' dir='ltr'>καὶ</span> <span class='ocrx_word' id='word_1_746' title='bbox 3243 3141 3498 3196; x_wconf 86' lang='grc' dir='ltr'>τοσούτου</span> 
     </span>
    </p>
   </div>
   <div class='ocr_carea' id='block_1_92' title="bbox 1899 3233 3500 3307">
    <p class='ocr_par' dir='ltr' id='par_1_92' title="bbox 1899 3233 3500 3307">
     <span class='ocr_line' id='line_1_92' title="bbox 1899 3233 3500 3307; baseline -0.002 -17"><span class='ocrx_word' id='word_1_747' title='bbox 1899 3236 2065 3307; x_wconf 87' lang='grc' dir='ltr'>χάους</span> <span class='ocrx_word' id='word_1_748' title='bbox 2113 3235 2300 3301; x_wconf 85' lang='grc' dir='ltr'>ὄντος;</span> <span class='ocrx_word' id='word_1_749' title='bbox 2336 3236 2447 3288; x_wconf 68' lang='grc' dir='ltr'>Καὶ</span> <span class='ocrx_word' id='word_1_750' title='bbox 2489 3234 2543 3287; x_wconf 93' lang='grc' dir='ltr'>τί</span> <span class='ocrx_word' id='word_1_751' title='bbox 2593 3237 2778 3299; x_wconf 87' lang='grc' dir='ltr'>ποιεῖ;</span> <span class='ocrx_word' id='word_1_752' title='bbox 2815 3233 2922 3287; x_wconf 86' lang='grc' dir='ltr'>Τὸν</span> <span class='ocrx_word' id='word_1_753' title='bbox 2973 3233 3230 3305; x_wconf 79' lang='grc' dir='ltr'>’Δϐραάμ</span> <span class='ocrx_word' id='word_1_754' title='bbox 3283 3233 3500 3305; x_wconf 86' lang='grc' dir='ltr'>πατέρα</span> 
     </span>
    </p>
   </div>
   <div class='ocr_carea' id='block_1_93' title="bbox 1900 3315 3500 3396">
    <p class='ocr_par' dir='ltr' id='par_1_93' title="bbox 1900 3315 3500 3396">
     <span class='ocr_line' id='line_1_93' title="bbox 1900 3315 3500 3396; baseline -0.004 -14"><span class='ocrx_word' id='word_1_755' title='bbox 1900 3328 2077 3383; x_wconf 89' lang='grc' dir='ltr'>καλεῖ.</span> <span class='ocrx_word' id='word_1_756' title='bbox 2132 3327 2199 3380; x_wconf 88' lang='grc' dir='ltr'>Τί</span> <span class='ocrx_word' id='word_1_757' title='bbox 2257 3325 2440 3394; x_wconf 88' lang='grc' dir='ltr'>λέγεις</span> <span class='ocrx_word' id='word_1_758' title='bbox 2488 3325 2737 3396; x_wconf 88' lang='grc' dir='ltr'>πατέρα,</span> <span class='ocrx_word' id='word_1_759' title='bbox 2799 3319 2863 3379; x_wconf 76' lang='grc' dir='ltr'>οὗ</span> <span class='ocrx_word' id='word_1_760' title='bbox 2911 3326 3012 3379; x_wconf 87' lang='grc' dir='ltr'>οὐκ</span> <span class='ocrx_word' id='word_1_761' title='bbox 3069 3315 3334 3396; x_wconf 73' lang='grc' dir='ltr'>ὲμιμήσῖυ</span> <span class='ocrx_word' id='word_1_762' title='bbox 3397 3326 3500 3396; x_wconf 83' lang='grc' dir='ltr'>τὴν</span> 
     </span>
    </p>
   </div>
   <div class='ocr_carea' id='block_1_94' title="bbox 1901 3407 3500 3488">
    <p class='ocr_par' dir='ltr' id='par_1_94' title="bbox 1901 3407 3500 3488">
     <span class='ocr_line' id='line_1_94' title="bbox 1901 3407 3500 3488; baseline -0.003 -16"><span class='ocrx_word' id='word_1_763' title='bbox 1901 3417 2246 3488; x_wconf 80' lang='grc' dir='ltr'>φιλοξενίαν;</span> <span class='ocrx_word' id='word_1_764' title='bbox 2281 3417 2502 3487; x_wconf 81' lang='grc' dir='ltr'>Πατέρα</span> <span class='ocrx_word' id='word_1_765' title='bbox 2531 3415 2690 3469; x_wconf 90' lang='grc' dir='ltr'>καλεῖ</span> <span class='ocrx_word' id='word_1_766' title='bbox 2726 3407 2904 3480; x_wconf 75' lang='grc' dir='ltr'>οὗτος,</span> <span class='ocrx_word' id='word_1_767' title='bbox 2939 3415 3131 3469; x_wconf 90' lang='grc' dir='ltr'>τέκνον</span> <span class='ocrx_word' id='word_1_768' title='bbox 3155 3416 3399 3480; x_wconf 74' lang='grc' dir='ltr'>ἐκεῖνος’</span> <span class='ocrx_word' id='word_1_769' title='bbox 3428 3415 3500 3469; x_wconf 69' lang='grc' dir='ltr'>τά</span> 
     </span>
    </p>
   </div>
   <div class='ocr_carea' id='block_1_95' title="bbox 1899 3505 3497 3582">
    <p class='ocr_par' dir='ltr' id='par_1_95' title="bbox 1899 3505 3497 3582">
     <span class='ocr_line' id='line_1_95' title="bbox 1899 3505 3497 3582; baseline -0.003 -17"><span class='ocrx_word' id='word_1_770' title='bbox 1899 3511 2142 3582; x_wconf 87' lang='grc' dir='ltr'>ὀνόματα</span> <span class='ocrx_word' id='word_1_771' title='bbox 2194 3510 2294 3580; x_wconf 82' lang='grc' dir='ltr'>τῆς</span> <span class='ocrx_word' id='word_1_772' title='bbox 2327 3507 2671 3578; x_wconf 84' lang='grc' dir='ltr'>συγγενείας,</span> <span class='ocrx_word' id='word_1_773' title='bbox 2698 3507 2793 3560; x_wconf 79' lang='grc' dir='ltr'>καὶ</span> <span class='ocrx_word' id='word_1_774' title='bbox 2839 3507 3078 3577; x_wconf 76' lang='grc' dir='ltr'>οὐδαμοῦ</span> <span class='ocrx_word' id='word_1_775' title='bbox 3113 3507 3148 3579; x_wconf 85' lang='grc' dir='ltr'>ή</span> <span class='ocrx_word' id='word_1_776' title='bbox 3189 3505 3497 3577; x_wconf 81' lang='grc' dir='ltr'>ἀντίληψις.</span> 
     </span>
    </p>
   </div>
   <div class='ocr_carea' id='block_1_96' title="bbox 1912 3599 3497 3675">
    <p class='ocr_par' dir='ltr' id='par_1_96' title="bbox 1912 3599 3497 3675">
     <span class='ocr_line' id='line_1_96' title="bbox 1912 3599 3497 3675; baseline -0.002 -18"><span class='ocrx_word' id='word_1_777' title='bbox 1912 3602 2074 3658; x_wconf 80' lang='grc' dir='ltr'>Ἀλλά</span> <span class='ocrx_word' id='word_1_778' title='bbox 2098 3600 2366 3675; x_wconf 87' lang='grc' dir='ltr'>προφέρει</span> <span class='ocrx_word' id='word_1_779' title='bbox 2411 3601 2478 3654; x_wconf 87' lang='grc' dir='ltr'>τά</span> <span class='ocrx_word' id='word_1_780' title='bbox 2509 3600 2775 3672; x_wconf 86' lang='grc' dir='ltr'>ὀνόματα,</span> <span class='ocrx_word' id='word_1_781' title='bbox 2807 3599 2896 3653; x_wconf 79' lang='grc' dir='ltr'>ἶνα</span> <span class='ocrx_word' id='word_1_782' title='bbox 2933 3599 3168 3672; x_wconf 82' lang='grc' dir='ltr'>μάθητε,</span> <span class='ocrx_word' id='word_1_783' title='bbox 3193 3600 3275 3654; x_wconf 81' lang='grc' dir='ltr'>δτι</span> <span class='ocrx_word' id='word_1_784' title='bbox 3305 3599 3497 3670; x_wconf 79' lang='grc' dir='ltr'>γένους</span> 
     </span>
    </p>
   </div>
   <div class='ocr_carea' id='block_1_97' title="bbox 1899 3693 2478 3768">
    <p class='ocr_par' dir='ltr' id='par_1_97' title="bbox 1899 3693 2478 3768">
     <span class='ocr_line' id='line_1_97' title="bbox 1899 3693 2478 3768; baseline -0.005 -17"><span class='ocrx_word' id='word_1_785' title='bbox 1899 3696 2091 3766; x_wconf 82' lang='grc' dir='ltr'>ὄφελος</span> <span class='ocrx_word' id='word_1_786' title='bbox 2115 3694 2270 3752; x_wconf 78' lang='grc' dir='ltr'>οὐδέν</span> <span class='ocrx_word' id='word_1_787' title='bbox 2305 3693 2478 3768; x_wconf 66' lang='lat'>[78-3.].</span> 
     </span>
    </p>
   </div>
   <div class='ocr_carea' id='block_1_98' title="bbox 1972 3784 3498 3860">
    <p class='ocr_par' dir='ltr' id='par_1_98' title="bbox 1972 3784 3498 3860">
     <span class='ocr_line' id='line_1_98' title="bbox 1972 3784 3498 3860; baseline -0.002 -19"><span class='ocrx_word' id='word_1_788' title='bbox 1972 3787 2242 3857; x_wconf 83' lang='grc' dir='ltr'>Εὐγένεια</span> <span class='ocrx_word' id='word_1_789' title='bbox 2270 3786 2383 3860; x_wconf 81' lang='grc' dir='ltr'>γὰρ</span> <span class='ocrx_word' id='word_1_790' title='bbox 2410 3786 2472 3839; x_wconf 92' lang='grc' dir='ltr'>οὐ</span> <span class='ocrx_word' id='word_1_791' title='bbox 2497 3785 2781 3858; x_wconf 86' lang='grc' dir='ltr'>προγόνων</span> <span class='ocrx_word' id='word_1_792' title='bbox 2808 3785 3161 3856; x_wconf 86' lang='grc' dir='ltr'>περιφάνεια,</span> <span class='ocrx_word' id='word_1_793' title='bbox 3209 3784 3348 3839; x_wconf 88' lang='grc' dir='ltr'>ἀλλά</span> <span class='ocrx_word' id='word_1_794' title='bbox 3376 3785 3498 3858; x_wconf 83' lang='grc' dir='ltr'>τρό-</span> 
     </span>
    </p>
   </div>
   <div class='ocr_carea' id='block_1_99' title="bbox 1901 3877 3496 3952">
    <p class='ocr_par' dir='ltr' id='par_1_99' title="bbox 1901 3877 3496 3952">
     <span class='ocr_line' id='line_1_99' title="bbox 1901 3877 3496 3952; baseline -0.005 -17"><span class='ocrx_word' id='word_1_795' title='bbox 1901 3899 2018 3936; x_wconf 86' lang='grc' dir='ltr'>πων</span> <span class='ocrx_word' id='word_1_796' title='bbox 2050 3881 2242 3952; x_wconf 86' lang='grc' dir='ltr'>ἀρετή.</span> <span class='ocrx_word' id='word_1_797' title='bbox 2281 3881 2373 3950; x_wconf 89' lang='grc' dir='ltr'>Μή</span> <span class='ocrx_word' id='word_1_798' title='bbox 2425 3896 2514 3951; x_wconf 91' lang='grc' dir='ltr'>μοι</span> <span class='ocrx_word' id='word_1_799' title='bbox 2545 3879 2669 3948; x_wconf 87' lang='grc' dir='ltr'>λέγε</span> <span class='ocrx_word' id='word_1_800' title='bbox 2691 3897 2706 3910; x_wconf 89' lang='grc'><strong>·</strong></span> <span class='ocrx_word' id='word_1_801' title='bbox 2744 3879 2966 3949; x_wconf 88' lang='grc' dir='ltr'>Πατέρα</span> <span class='ocrx_word' id='word_1_802' title='bbox 3014 3877 3124 3948; x_wconf 70' lang='grc' dir='ltr'>ἔχω</span> <span class='ocrx_word' id='word_1_803' title='bbox 3161 3878 3388 3932; x_wconf 73' lang='grc' dir='ltr'>ὕπατον.</span> <span class='ocrx_word' id='word_1_804' title='bbox 3429 3877 3496 3931; x_wconf 81' lang='grc' dir='ltr'>Τί</span> 
     </span>
    </p>
   </div>
   <div class='ocr_carea' id='block_1_100' title="bbox 1899 3968 3496 4046">
    <p class='ocr_par' dir='ltr' id='par_1_100' title="bbox 1899 3968 3496 4046">
     <span class='ocr_line' id='line_1_100' title="bbox 1899 3968 3496 4046; baseline -0.002 -19"><span class='ocrx_word' id='word_1_805' title='bbox 1899 3974 2037 4046; x_wconf 72' lang='grc' dir='ltr'>πρὸς</span> <span class='ocrx_word' id='word_1_806' title='bbox 2065 3971 2202 4044; x_wconf 76' lang='grc' dir='ltr'>ὲμές</span> <span class='ocrx_word' id='word_1_807' title='bbox 2231 3972 2306 4026; x_wconf 86' lang='grc' dir='ltr'>Οὐ</span> <span class='ocrx_word' id='word_1_808' title='bbox 2329 3970 2472 4037; x_wconf 83' lang='grc' dir='ltr'>λέγω</span> <span class='ocrx_word' id='word_1_809' title='bbox 2495 3969 2674 4024; x_wconf 86' lang='grc' dir='ltr'>τοῦτο.</span> <span class='ocrx_word' id='word_1_810' title='bbox 2703 3970 2795 4039; x_wconf 86' lang='grc' dir='ltr'>Μή</span> <span class='ocrx_word' id='word_1_811' title='bbox 2837 3987 2927 4040; x_wconf 86' lang='grc' dir='ltr'>μοι</span> <span class='ocrx_word' id='word_1_812' title='bbox 2947 3968 3073 4036; x_wconf 88' lang='grc' dir='ltr'>λέγε</span> <span class='ocrx_word' id='word_1_813' title='bbox 3092 3985 3106 3998; x_wconf 74' lang='grc'><strong><em>⁸</em></strong></span> <span class='ocrx_word' id='word_1_814' title='bbox 3132 3968 3356 4039; x_wconf 86' lang='grc' dir='ltr'>Πατέρα</span> <span class='ocrx_word' id='word_1_815' title='bbox 3385 3969 3496 4040; x_wconf 76' lang='grc' dir='ltr'>ἔχω</span> 
     </span>
    </p>
   </div>
   <div class='ocr_carea' id='block_1_101' title="bbox 1899 4059 3490 4132">
    <p class='ocr_par' dir='ltr' id='par_1_101' title="bbox 1899 4059 3490 4132">
     <span class='ocr_line' id='line_1_101' title="bbox 1899 4059 3490 4132; baseline -0.005 -12"><span class='ocrx_word' id='word_1_816' title='bbox 1899 4067 2106 4120; x_wconf 80' lang='grc' dir='ltr'>ὕπατον</span> <span class='ocrx_word' id='word_1_817' title='bbox 2134 4065 2182 4118; x_wconf 73' lang='grc' dir='ltr'>ά.</span> <span class='ocrx_word' id='word_1_818' title='bbox 2219 4064 2433 4118; x_wconf 87' lang='grc' dir='ltr'>Παῦλον</span> <span class='ocrx_word' id='word_1_819' title='bbox 2466 4063 2559 4118; x_wconf 80' lang='grc' dir='ltr'>τὸν</span> <span class='ocrx_word' id='word_1_820' title='bbox 2605 4061 2904 4116; x_wconf 86' lang='grc' dir='ltr'>ἀπόστολον</span> <span class='ocrx_word' id='word_1_821' title='bbox 2936 4062 3032 4116; x_wconf 72' lang='grc' dir='ltr'>ἐὰν</span> <span class='ocrx_word' id='word_1_822' title='bbox 3070 4061 3203 4132; x_wconf 79' lang='grc' dir='ltr'>ἔχῃς</span> <span class='ocrx_word' id='word_1_823' title='bbox 3250 4059 3490 4130; x_wconf 85' lang='grc' dir='ltr'>πατέρα,</span> 
     </span>
    </p>
   </div>
   <div class='ocr_carea' id='block_1_102' title="bbox 1898 4152 3496 4226">
    <p class='ocr_par' dir='ltr' id='par_1_102' title="bbox 1898 4152 3496 4226">
     <span class='ocr_line' id='line_1_102' title="bbox 1898 4152 3496 4226; baseline -0.004 -14"><span class='ocrx_word' id='word_1_824' title='bbox 1898 4158 1994 4212; x_wconf 74' lang='grc' dir='ltr'>καὶ</span> <span class='ocrx_word' id='word_1_825' title='bbox 2019 4157 2283 4226; x_wconf 80' lang='grc' dir='ltr'>ἀδελφοὺς</span> <span class='ocrx_word' id='word_1_826' title='bbox 2310 4156 2406 4209; x_wconf 76' lang='grc' dir='ltr'>ἐὰν</span> <span class='ocrx_word' id='word_1_827' title='bbox 2433 4154 2904 4226; x_wconf 82' lang='grc' dir='ltr'>έχῃςμάρτυρας,</span> <span class='ocrx_word' id='word_1_828' title='bbox 2952 4154 3018 4206; x_wconf 74' lang='grc' dir='ltr'>σὺ</span> <span class='ocrx_word' id='word_1_829' title='bbox 3049 4153 3107 4207; x_wconf 76' lang='grc' dir='ltr'>δὲ</span> <span class='ocrx_word' id='word_1_830' title='bbox 3152 4152 3228 4224; x_wconf 83' lang='grc' dir='ltr'>μὴ</span> <span class='ocrx_word' id='word_1_831' title='bbox 3277 4152 3496 4225; x_wconf 83' lang='grc' dir='ltr'>μιμήσῃ</span> 
     </span>
    </p>
   </div>
   <div class='ocr_carea' id='block_1_103' title="bbox 1898 4246 3491 4322">
    <p class='ocr_par' dir='ltr' id='par_1_103' title="bbox 1898 4246 3491 4322">
     <span class='ocr_line' id='line_1_103' title="bbox 1898 4246 3491 4322; baseline -0.005 -16"><span class='ocrx_word' id='word_1_832' title='bbox 1898 4251 2080 4306; x_wconf 88' lang='grc' dir='ltr'>αὐτῶν</span> <span class='ocrx_word' id='word_1_833' title='bbox 2108 4253 2210 4321; x_wconf 87' lang='grc' dir='ltr'>τὴν</span> <span class='ocrx_word' id='word_1_834' title='bbox 2235 4249 2459 4322; x_wconf 81' lang='grc' dir='ltr'>ἀρετὴν,</span> <span class='ocrx_word' id='word_1_835' title='bbox 2493 4247 2647 4301; x_wconf 88' lang='grc' dir='ltr'>οὐδέν</span> <span class='ocrx_word' id='word_1_836' title='bbox 2689 4264 2772 4300; x_wconf 89' lang='grc' dir='ltr'>σοι</span> <span class='ocrx_word' id='word_1_837' title='bbox 2799 4247 2993 4316; x_wconf 82' lang='grc' dir='ltr'>ὄφελος</span> <span class='ocrx_word' id='word_1_838' title='bbox 3021 4247 3121 4316; x_wconf 79' lang='grc' dir='ltr'>τῆς</span> <span class='ocrx_word' id='word_1_839' title='bbox 3149 4246 3491 4314; x_wconf 88' lang='grc' dir='ltr'>συγγενείας,</span> 
     </span>
    </p>
   </div>
   <div class='ocr_carea' id='block_1_104' title="bbox 1897 4337 3491 4414">
    <p class='ocr_par' dir='ltr' id='par_1_104' title="bbox 1897 4337 3491 4414">
     <span class='ocr_line' id='line_1_104' title="bbox 1897 4337 3491 4414; baseline -0.006 -17"><span class='ocrx_word' id='word_1_840' title='bbox 1897 4343 2036 4397; x_wconf 88' lang='grc' dir='ltr'>ἀλλά</span> <span class='ocrx_word' id='word_1_841' title='bbox 2061 4342 2263 4414; x_wconf 83' lang='grc' dir='ltr'>μᾶλλον</span> <span class='ocrx_word' id='word_1_842' title='bbox 2290 4340 2494 4410; x_wconf 72' lang='grc' dir='ltr'>ἔϐλαψε</span> <span class='ocrx_word' id='word_1_843' title='bbox 2516 4339 2611 4392; x_wconf 75' lang='grc' dir='ltr'>καὶ</span> <span class='ocrx_word' id='word_1_844' title='bbox 2635 4337 3014 4392; x_wconf 84' lang='grc' dir='ltr'>κατεδίκασεν.</span> <span class='ocrx_word' id='word_1_845' title='bbox 3058 4337 3122 4390; x_wconf 87' lang='grc' dir='ltr'>Ἥ</span> <span class='ocrx_word' id='word_1_846' title='bbox 3151 4338 3337 4409; x_wconf 84' lang='grc' dir='ltr'>μήτηρ</span> <span class='ocrx_word' id='word_1_847' title='bbox 3367 4354 3491 4406; x_wconf 89' lang='grc' dir='ltr'>μου,</span> 
     </span>
    </p>
   </div>
   <div class='ocr_carea' id='block_1_105' title="bbox 1899 4427 3496 4508">
    <p class='ocr_par' dir='ltr' id='par_1_105' title="bbox 1899 4427 3496 4508">
     <span class='ocr_line' id='line_1_105' title="bbox 1899 4427 3496 4508; baseline -0.006 -19"><span class='ocrx_word' id='word_1_848' title='bbox 1899 4437 2089 4508; x_wconf 81' lang='grc' dir='ltr'>φησὶν,</span> <span class='ocrx_word' id='word_1_849' title='bbox 2125 4434 2376 4504; x_wconf 79' lang='grc' dir='ltr'>ἐλεήμων</span> <span class='ocrx_word' id='word_1_850' title='bbox 2405 4431 2574 4486; x_wconf 77' lang='grc' dir='ltr'>ἐστίν.</span> <span class='ocrx_word' id='word_1_851' title='bbox 2602 4431 2713 4484; x_wconf 78' lang='grc' dir='ltr'>Καὶ</span> <span class='ocrx_word' id='word_1_852' title='bbox 2748 4431 2800 4484; x_wconf 84' lang='grc' dir='ltr'>τί</span> <span class='ocrx_word' id='word_1_853' title='bbox 2823 4431 2959 4500; x_wconf 84' lang='grc' dir='ltr'>πρὸς</span> <span class='ocrx_word' id='word_1_854' title='bbox 2990 4431 3049 4484; x_wconf 81' lang='grc' dir='ltr'>σὲ</span> <span class='ocrx_word' id='word_1_855' title='bbox 3078 4427 3169 4483; x_wconf 83' lang='grc' dir='ltr'>τὸν</span> <span class='ocrx_word' id='word_1_856' title='bbox 3198 4427 3496 4501; x_wconf 84' lang='grc' dir='ltr'>ἀπάνθρω-</span> 
     </span>
    </p>
   </div>
   <div class='ocr_carea' id='block_1_106' title="bbox 1901 4519 3492 4598">
    <p class='ocr_par' dir='ltr' id='par_1_106' title="bbox 1901 4519 3492 4598">
     <span class='ocr_line' id='line_1_106' title="bbox 1901 4519 3492 4598; baseline -0.008 -15"><span class='ocrx_word' id='word_1_857' title='bbox 1901 4544 2037 4594; x_wconf 86' lang='grc' dir='ltr'>πον;</span> <span class='ocrx_word' id='word_1_858' title='bbox 2094 4528 2128 4598; x_wconf 82' lang='grc' dir='ltr'>ὴ</span> <span class='ocrx_word' id='word_1_859' title='bbox 2179 4526 2288 4598; x_wconf 83' lang='grc' dir='ltr'>γὰρ</span> <span class='ocrx_word' id='word_1_860' title='bbox 2321 4523 2537 4594; x_wconf 78' lang='grc' dir='ltr'>ἐκείνης</span> <span class='ocrx_word' id='word_1_861' title='bbox 2585 4519 2968 4593; x_wconf 83' lang='grc' dir='ltr'>φιλανθρωπία</span> <span class='ocrx_word' id='word_1_862' title='bbox 3025 4519 3314 4592; x_wconf 86' lang='grc' dir='ltr'>προσθήκη</span> <span class='ocrx_word' id='word_1_863' title='bbox 3357 4535 3492 4572; x_wconf 88' lang='grc' dir='ltr'>κατ-</span> 
     </span>
    </p>
   </div>
   <div class='ocr_carea' id='block_1_107' title="bbox 1877 4609 3494 4690">
    <p class='ocr_par' dir='ltr' id='par_1_107' title="bbox 1877 4609 3494 4690">
     <span class='ocr_line' id='line_1_107' title="bbox 1877 4609 3494 4690; baseline -0.017 -3"><span class='ocrx_word' id='word_1_864' title='bbox 1877 4619 2139 4690; x_wconf 55' lang='grc' dir='ltr'>,ηγορίας</span> <span class='ocrx_word' id='word_1_865' title='bbox 2169 4618 2268 4688; x_wconf 78' lang='grc' dir='ltr'>τῆς</span> <span class='ocrx_word' id='word_1_866' title='bbox 2306 4616 2405 4684; x_wconf 83' lang='grc' dir='ltr'>σῆς</span> <span class='ocrx_word' id='word_1_867' title='bbox 2438 4612 2832 4684; x_wconf 88' lang='grc' dir='ltr'>κακοτροπίας.</span> <span class='ocrx_word' id='word_1_868' title='bbox 2853 4611 2918 4664; x_wconf 89' lang='grc' dir='ltr'>Τί</span> <span class='ocrx_word' id='word_1_869' title='bbox 2960 4612 3071 4683; x_wconf 83' lang='grc' dir='ltr'>γὰρ</span> <span class='ocrx_word' id='word_1_870' title='bbox 3097 4613 3126 4665; x_wconf 92' lang='lat'>6</span> <span class='ocrx_word' id='word_1_871' title='bbox 3179 4609 3494 4680; x_wconf 65' lang='grc' dir='ltr'>Βαπτιστὴς</span> 
     </span>
    </p>
   </div>
   <div class='ocr_carea' id='block_1_108' title="bbox 1912 4700 3490 4780">
    <p class='ocr_par' dir='ltr' id='par_1_108' title="bbox 1912 4700 3490 4780">
     <span class='ocr_line' id='line_1_108' title="bbox 1912 4700 3490 4780; baseline -0.007 -16"><span class='ocrx_word' id='word_1_872' title='bbox 1912 4713 2172 4780; x_wconf 87' lang='grc' dir='ltr'>Ἰωάννης</span> <span class='ocrx_word' id='word_1_873' title='bbox 2230 4708 2364 4780; x_wconf 76' lang='grc' dir='ltr'>φησὶ</span> <span class='ocrx_word' id='word_1_874' title='bbox 2411 4705 2548 4778; x_wconf 76' lang='grc' dir='ltr'>πρὸς</span> <span class='ocrx_word' id='word_1_875' title='bbox 2613 4704 2705 4758; x_wconf 86' lang='grc' dir='ltr'>τὸν</span> <span class='ocrx_word' id='word_1_876' title='bbox 2763 4703 2936 4773; x_wconf 80' lang='grc' dir='ltr'>δῆμον</span> <span class='ocrx_word' id='word_1_877' title='bbox 2995 4703 3088 4756; x_wconf 81' lang='grc' dir='ltr'>τὸν</span> <span class='ocrx_word' id='word_1_878' title='bbox 3153 4700 3490 4766; x_wconf 77' lang='grc' dir='ltr'>Ἰουδαῖκόνς</span> 
     </span>
    </p>
   </div>
   <div class='ocr_carea' id='block_1_109' title="bbox 1899 4791 3491 4867">
    <p class='ocr_par' dir='ltr' id='par_1_109' title="bbox 1899 4791 3491 4867">
     <span class='ocr_line' id='line_1_109' title="bbox 1899 4791 3491 4867; baseline -0.007 -11"><span class='ocrx_word' id='word_1_879' title='bbox 1899 4800 2202 4867; x_wconf 78' lang='grc' dir='ltr'>Ποιήσατε</span> <span class='ocrx_word' id='word_1_880' title='bbox 2257 4796 2497 4866; x_wconf 76' lang='grc' dir='ltr'>καρπὸν</span> <span class='ocrx_word' id='word_1_881' title='bbox 2525 4795 2702 4860; x_wconf 76' lang='grc' dir='ltr'>ἀξιον</span> <span class='ocrx_word' id='word_1_882' title='bbox 2729 4793 2840 4863; x_wconf 83' lang='grc' dir='ltr'>τῆς</span> <span class='ocrx_word' id='word_1_883' title='bbox 2873 4794 3219 4864; x_wconf 73' lang='grc' dir='ltr'>μετανοίας,</span> <span class='ocrx_word' id='word_1_884' title='bbox 3265 4791 3372 4844; x_wconf 73' lang='grc' dir='ltr'>καὶ</span> <span class='ocrx_word' id='word_1_885' title='bbox 3405 4791 3491 4860; x_wconf 80' lang='grc' dir='ltr'>μὴ</span> 
     </span>
    </p>
   </div>
   <div class='ocr_carea' id='block_1_110' title="bbox 1898 4882 3492 4960">
    <p class='ocr_par' dir='ltr' id='par_1_110' title="bbox 1898 4882 3492 4960">
     <span class='ocr_line' id='line_1_110' title="bbox 1898 4882 3492 4960; baseline -0.006 -14"><span class='ocrx_word' id='word_1_886' title='bbox 1898 4893 2117 4960; x_wconf 79' lang='grc' dir='ltr'>δόξητε</span> <span class='ocrx_word' id='word_1_887' title='bbox 2153 4889 2385 4960; x_wconf 76' lang='grc' dir='ltr'>λέγειν·</span> <span class='ocrx_word' id='word_1_888' title='bbox 2413 4887 2650 4956; x_wconf 84' lang='grc' dir='ltr'>Πατέρα</span> <span class='ocrx_word' id='word_1_889' title='bbox 2671 4887 2892 4957; x_wconf 81' lang='grc' dir='ltr'>ἔχομεν</span> <span class='ocrx_word' id='word_1_890' title='bbox 2922 4885 3032 4938; x_wconf 77' lang='grc' dir='ltr'>τὸν</span> <span class='ocrx_word' id='word_1_891' title='bbox 3068 4882 3347 4952; x_wconf 79' lang='grc' dir='ltr'>Ἀϐραάμ.</span> <span class='ocrx_word' id='word_1_892' title='bbox 3382 4883 3492 4936; x_wconf 85' lang='grc' dir='ltr'>Εὐ-</span> 
     </span>
    </p>
   </div>
   <div class='ocr_carea' id='block_1_111' title="bbox 1894 4977 3490 5056">
    <p class='ocr_par' dir='ltr' id='par_1_111' title="bbox 1894 4977 3490 5056">
     <span class='ocr_line' id='line_1_111' title="bbox 1894 4977 3490 5056; baseline -0.006 -17"><span class='ocrx_word' id='word_1_893' title='bbox 1894 4986 2120 5056; x_wconf 87' lang='grc' dir='ltr'>δόκιμον</span> <span class='ocrx_word' id='word_1_894' title='bbox 2145 4983 2313 5054; x_wconf 68' lang='grc' dir='ltr'>..ἔχεις</span> <span class='ocrx_word' id='word_1_895' title='bbox 2355 4981 2656 5053; x_wconf 82' lang='grc' dir='ltr'>πρόγονον;</span> <span class='ocrx_word' id='word_1_896' title='bbox 2697 4978 2791 5032; x_wconf 83' lang='grc' dir='ltr'>ὲάν</span> <span class='ocrx_word' id='word_1_897' title='bbox 2831 4977 3108 5050; x_wconf 74' lang='grc' dir='ltr'>ζηλώσῃς,</span> <span class='ocrx_word' id='word_1_898' title='bbox 3143 4977 3444 5047; x_wconf 79' lang='grc' dir='ltr'>ὲκέρδανας</span> <span class='ocrx_word' id='word_1_899' title='bbox 3473 4990 3490 5006; x_wconf 85' lang='grc'>⁶</span> 
     </span>
    </p>
   </div>
   <div class='ocr_carea' id='block_1_112' title="bbox 1897 5068 3457 5147">
    <p class='ocr_par' dir='ltr' id='par_1_112' title="bbox 1897 5068 3457 5147">
     <span class='ocr_line' id='line_1_112' title="bbox 1897 5068 3457 5147; baseline -0.004 -17"><span class='ocrx_word' id='word_1_900' title='bbox 1897 5077 1994 5130; x_wconf 78' lang='grc' dir='ltr'>ἐὰν</span> <span class='ocrx_word' id='word_1_901' title='bbox 2024 5068 2082 5130; x_wconf 74' lang='grc' dir='ltr'>δὲ</span> <span class='ocrx_word' id='word_1_902' title='bbox 2120 5076 2195 5146; x_wconf 85' lang='grc' dir='ltr'>μὴ</span> <span class='ocrx_word' id='word_1_903' title='bbox 2225 5073 2500 5147; x_wconf 79' lang='grc' dir='ltr'>ζηλώσῃς,</span> <span class='ocrx_word' id='word_1_904' title='bbox 2533 5073 2842 5143; x_wconf 81' lang='grc' dir='ltr'>κατήγορος</span> <span class='ocrx_word' id='word_1_905' title='bbox 2873 5071 3084 5140; x_wconf 86' lang='grc' dir='ltr'>γίνεται</span> <span class='ocrx_word' id='word_1_906' title='bbox 3111 5072 3140 5122; x_wconf 94' lang='lat'>6</span> <span class='ocrx_word' id='word_1_907' title='bbox 3171 5069 3457 5140; x_wconf 77' lang='grc' dir='ltr'>εὐδόκιμος</span> 
     </span>
    </p>
   </div>
   <div class='ocr_carea' id='block_1_113' title="bbox 1895 5161 3496 5238">
    <p class='ocr_par' dir='ltr' id='par_1_113' title="bbox 1895 5161 3496 5238">
     <span class='ocr_line' id='line_1_113' title="bbox 1895 5161 3496 5238; baseline -0.006 -15"><span class='ocrx_word' id='word_1_908' title='bbox 1895 5171 1977 5223; x_wconf 87' lang='grc' dir='ltr'>ὄτι</span> <span class='ocrx_word' id='word_1_909' title='bbox 2016 5169 2126 5222; x_wconf 73' lang='grc' dir='ltr'>ἀπὸ</span> <span class='ocrx_word' id='word_1_910' title='bbox 2163 5167 2321 5238; x_wconf 73' lang='grc' dir='ltr'>ῥίζης</span> <span class='ocrx_word' id='word_1_911' title='bbox 2347 5165 2564 5228; x_wconf 87' lang='grc' dir='ltr'>δικαίας</span> <span class='ocrx_word' id='word_1_912' title='bbox 2607 5163 2806 5235; x_wconf 74' lang='grc' dir='ltr'>πικρδς</span> <span class='ocrx_word' id='word_1_913' title='bbox 2853 5163 2987 5231; x_wconf 81' lang='grc' dir='ltr'>ἔφυς</span> <span class='ocrx_word' id='word_1_914' title='bbox 3033 5162 3264 5235; x_wconf 77' lang='grc' dir='ltr'>καρπός.</span> <span class='ocrx_word' id='word_1_915' title='bbox 3312 5161 3496 5231; x_wconf 82' lang='grc' dir='ltr'>Μηδέ-</span> 
     </span>
    </p>
   </div>
   <div class='ocr_carea' id='block_1_114' title="bbox 1896 5251 3492 5332">
    <p class='ocr_par' dir='ltr' id='par_1_114' title="bbox 1896 5251 3492 5332">
     <span class='ocr_line' id='line_1_114' title="bbox 1896 5251 3492 5332; baseline -0.008 -16"><span class='ocrx_word' id='word_1_916' title='bbox 1896 5279 2028 5317; x_wconf 88' lang='grc' dir='ltr'>ποτε</span> <span class='ocrx_word' id='word_1_917' title='bbox 2082 5259 2398 5332; x_wconf 76' lang='grc' dir='ltr'>μακαρίσῃς</span> <span class='ocrx_word' id='word_1_918' title='bbox 2438 5258 2727 5327; x_wconf 79' lang='grc' dir='ltr'>ἄνθρωπον</span> <span class='ocrx_word' id='word_1_919' title='bbox 2768 5254 2963 5326; x_wconf 75' lang='grc' dir='ltr'>ἔχοντα</span> <span class='ocrx_word' id='word_1_920' title='bbox 2992 5251 3234 5322; x_wconf 82' lang='grc' dir='ltr'>συγγενῆ</span> <span class='ocrx_word' id='word_1_921' title='bbox 3263 5251 3492 5312; x_wconf 79' lang='grc' dir='ltr'>δίκαιον,</span> 
     </span>
    </p>
   </div>
   <div class='ocr_carea' id='block_1_115' title="bbox 1896 5345 3496 5425">
    <p class='ocr_par' dir='ltr' id='par_1_115' title="bbox 1896 5345 3496 5425">
     <span class='ocr_line' id='line_1_115' title="bbox 1896 5345 3496 5425; baseline -0.009 -15"><span class='ocrx_word' id='word_1_922' title='bbox 1896 5358 1992 5411; x_wconf 84' lang='grc' dir='ltr'>ὲάν</span> <span class='ocrx_word' id='word_1_923' title='bbox 2029 5354 2104 5425; x_wconf 81' lang='grc' dir='ltr'>μὴ</span> <span class='ocrx_word' id='word_1_924' title='bbox 2144 5353 2378 5424; x_wconf 81' lang='grc' dir='ltr'>μιμῆται</span> <span class='ocrx_word' id='word_1_925' title='bbox 2424 5349 2592 5403; x_wconf 80' lang='grc' dir='ltr'>αὐτοῦ</span> <span class='ocrx_word' id='word_1_926' title='bbox 2632 5350 2760 5412; x_wconf 81' lang='grc' dir='ltr'>τοὺς</span> <span class='ocrx_word' id='word_1_927' title='bbox 2792 5348 3050 5420; x_wconf 89' lang='grc' dir='ltr'>τρόπους.</span> <span class='ocrx_word' id='word_1_928' title='bbox 3088 5347 3319 5416; x_wconf 85' lang='grc' dir='ltr'>Μητέρα</span> <span class='ocrx_word' id='word_1_929' title='bbox 3352 5345 3496 5414; x_wconf 82' lang='grc' dir='ltr'>ἔχεις</span> 
     </span>
    </p>
   </div>
   <div class='ocr_carea' id='block_1_116' title="bbox 1897 5437 3496 5517">
    <p class='ocr_par' dir='ltr' id='par_1_116' title="bbox 1897 5437 3496 5517">
     <span class='ocr_line' id='line_1_116' title="bbox 1897 5437 3496 5517; baseline -0.008 -16"><span class='ocrx_word' id='word_1_930' title='bbox 1897 5448 2086 5517; x_wconf 86' lang='grc' dir='ltr'>ἀγίαν;</span> <span class='ocrx_word' id='word_1_931' title='bbox 2110 5445 2276 5500; x_wconf 80' lang='grc' dir='ltr'>Οὐδὲν</span> <span class='ocrx_word' id='word_1_932' title='bbox 2311 5439 2447 5515; x_wconf 67' lang='grc' dir='ltr'>πρὶς</span> <span class='ocrx_word' id='word_1_933' title='bbox 2471 5442 2551 5498; x_wconf 84' lang='grc' dir='ltr'>σέ.</span> <span class='ocrx_word' id='word_1_934' title='bbox 2575 5441 2812 5514; x_wconf 86' lang='grc' dir='ltr'>Μητέρα</span> <span class='ocrx_word' id='word_1_935' title='bbox 2836 5440 2982 5511; x_wconf 74' lang='grc' dir='ltr'>ἔχεις</span> <span class='ocrx_word' id='word_1_936' title='bbox 3011 5439 3257 5511; x_wconf 77' lang='grc' dir='ltr'>πονηράν</span> <span class='ocrx_word' id='word_1_937' title='bbox 3282 5456 3297 5505; x_wconf 88' lang='grc'>;</span> <span class='ocrx_word' id='word_1_938' title='bbox 3330 5437 3496 5491; x_wconf 73' lang='grc' dir='ltr'>Οὐδὲν</span> 
     </span>
    </p>
   </div>
   <div class='ocr_carea' id='block_1_117' title="bbox 1961 5673 3510 5748">
    <p class='ocr_par' dir='ltr' id='par_1_117' title="bbox 1961 5673 3510 5748">
     <span class='ocr_line' id='line_1_117' title="bbox 1961 5673 3510 5748; baseline -0.005 -13"><span class='ocrx_word' id='word_1_939' title='bbox 1961 5691 1981 5717; x_wconf 64' lang='grc' dir='ltr'><strong><em>τ</em></strong></span> <span class='ocrx_word' id='word_1_940' title='bbox 2025 5688 2222 5735; x_wconf 74' lang='lat' dir='ltr'>Bonzel.</span> <span class='ocrx_word' id='word_1_941' title='bbox 2247 5687 2326 5734; x_wconf 87' lang='grc' dir='ltr'>ὅτε</span> <span class='ocrx_word' id='word_1_942' title='bbox 2351 5687 2398 5733; x_wconf 87' lang='grc' dir='ltr'>έν</span> <span class='ocrx_word' id='word_1_943' title='bbox 2419 5688 2486 5746; x_wconf 86' lang='grc' dir='ltr'>τῷ</span> <span class='ocrx_word' id='word_1_944' title='bbox 2527 5685 2720 5748; x_wconf 84' lang='grc' dir='ltr'>πλούτῳ</span> <span class='ocrx_word' id='word_1_945' title='bbox 2761 5685 3086 5746; x_wconf 81' lang='grc' dir='ltr'>γεγανωμένος</span> <span class='ocrx_word' id='word_1_946' title='bbox 3107 5684 3163 5748; x_wconf 77' lang='grc' dir='ltr'>οὐ</span> <span class='ocrx_word' id='word_1_947' title='bbox 3187 5683 3390 5748; x_wconf 63' lang='grc' dir='ltr'>βλέπεις,</span> <span class='ocrx_word' id='word_1_948' title='bbox 3418 5683 3432 5712; x_wconf 74' lang='grc' dir='ltr'>ι’</span> <span class='ocrx_word' id='word_1_949' title='bbox 3450 5673 3510 5727; x_wconf 76' lang='grc' dir='ltr'>τε</span> 
     </span>
    </p>
   </div>
   <div class='ocr_carea' id='block_1_118' title="bbox 1899 5744 3490 5810">
    <p class='ocr_par' dir='ltr' id='par_1_118' title="bbox 1899 5744 3490 5810">
     <span class='ocr_line' id='line_1_118' title="bbox 1899 5744 3490 5810; baseline -0.004 -13"><span class='ocrx_word' id='word_1_950' title='bbox 1899 5751 1943 5797; x_wconf 72' lang='grc' dir='ltr'>ἓν</span> <span class='ocrx_word' id='word_1_951' title='bbox 1967 5754 2024 5810; x_wconf 72' lang='grc' dir='ltr'>τῇ</span> <span class='ocrx_word' id='word_1_952' title='bbox 2049 5749 2250 5796; x_wconf 73' lang='grc' dir='ltr'>κολάσει</span> <span class='ocrx_word' id='word_1_953' title='bbox 2270 5744 2547 5810; x_wconf 69' lang='grc' dir='ltr'>ὀξυδερκεῖς.</span> <span class='ocrx_word' id='word_1_954' title='bbox 2573 5744 2843 5810; x_wconf 55' lang='grc' dir='ltr'>δοιιυιξιιιίςὶ</span> <span class='ocrx_word' id='word_1_955' title='bbox 2867 5744 2986 5794; x_wconf 71' lang='lat' dir='ltr'>item</span> <span class='ocrx_word' id='word_1_956' title='bbox 3013 5744 3214 5809; x_wconf 79' lang='lat' dir='ltr'>paulum</span> <span class='ocrx_word' id='word_1_957' title='bbox 3236 5744 3490 5794; x_wconf 72' lang='lat' dir='ltr'>dill&#39;crum.</span> 
     </span>
    </p>
   </div>
   <div class='ocr_carea' id='block_1_119' title="bbox 1963 5807 2997 5874">
    <p class='ocr_par' dir='ltr' id='par_1_119' title="bbox 1963 5807 2997 5874">
     <span class='ocr_line' id='line_1_119' title="bbox 1963 5807 2997 5874; baseline -0.003 -12"><span class='ocrx_word' id='word_1_958' title='bbox 1963 5808 1989 5849; x_wconf 73' lang='grc' dir='ltr'>ἀ</span> <span class='ocrx_word' id='word_1_959' title='bbox 2011 5811 2161 5862; x_wconf 65' lang='lat' dir='ltr'><strong>Addit</strong></span> <span class='ocrx_word' id='word_1_960' title='bbox 2185 5810 2382 5860; x_wconf 77' lang='lat' dir='ltr'>Bcnlcl.</span> <span class='ocrx_word' id='word_1_961' title='bbox 2410 5807 2554 5858; x_wconf 60' lang='grc' dir='ltr'>τοῦτο</span> <span class='ocrx_word' id='word_1_962' title='bbox 2579 5807 2669 5873; x_wconf 63' lang='grc' dir='ltr'>γὰρ</span> <span class='ocrx_word' id='word_1_963' title='bbox 2687 5807 2828 5874; x_wconf 68' lang='grc' dir='ltr'>μῦθός</span> <span class='ocrx_word' id='word_1_964' title='bbox 2854 5811 2997 5859; x_wconf 80' lang='grc' dir='ltr'>ἐστιν.</span> 
     </span>
    </p>
   </div>
  </div>
