4122 6334
662 310 793 364 1059

663 423 880 477 Philem.
914 419 1117 492 ιο-η).
1141 420 1275 489 Quid
1304 421 1443 476 enim
1475 421 1701 475 accidit?
1726 423 1881 486 Quem
1904 420 2053 491 genui
2068 420 2117 474 in
2137 420 2247 473 vino

657 517 781 569 culis
809 517 947 570 meis.

726 609 780 664 8.
814 608 997 663 Vidisti
1025 609 1380 672 nobilitatem,
1409 609 1582 662 vidisti
1611 623 1807 673 mores,
1841 608 1928 678 qui
1953 606 2161 676 pariunt
2185 606 2247 660 li-

658 702 918 754 bertatem
941 700 964 753 ?
990 687 1186 754 Servus
1214 702 1356 754 enim
1392 710 1442 754 et
1483 701 1614 754 liber
1650 700 1864 754 nomina
1894 709 2017 753 sunt
2041 698 2244 766 simpli-

658 791 813 846 citer.
844 791 982 862 Quid,
1009 792 1349 867 cst-servus?
1385 792 1592 846 Nudum
1635 807 1848 846 nomen.
1893 791 2060 860 Quam
2096 791 2247 844 multi

660 881 861 936 domini
903 882 1036 936 ebrii
1061 882 1242 951 jaccnt
1271 884 1322 936 in
1353 882 1481 935 toris
1505 923 1518 947 ,
1551 882 1732 937 famuli
1759 897 1890 936 vero
1913 881 2125 934 adstant
2162 895 2248 934 so-

659 970 800 1026 brii?
830 971 1018 1027 Utrum
1062 959 1343 1041 appellabo
1371 986 1581 1025 servum
1625 972 1860 1026 sobrium
1899 986 1965 1024 an
1996 970 2247 1024 ebrium?

660 1057 876 1116 servum
910 1064 1158 1124 hominis,
1192 1080 1261 1118 an
1291 1064 1612 1133 mancipium
1639 1063 1789 1117 vitii?
1821 1063 1914 1117 llle
1936 1063 2248 1117 servitutem

660 1155 895 1210 exterius
937 1156 1141 1220 habet,
1190 1155 1276 1211 hic
1321 1158 1681 1225 captivitatem
1725 1156 1868 1210 intus
1918 1155 2243 1210 circumfert.

663 1246 789 1300 ihec
821 1262 919 1316 ego
948 1248 1068 1301 dico
1095 1288 1109 1310 ,
1143 1263 1315 1317 neque
1345 1241 1523 1303 dicere
1547 1247 1770 1302 cessabo
1794 1289 1808 1311 ,
1847 1257 1904 1300 ut
1935 1246 2002 1301 de
2043 1246 2200 1300 rebus
2229 1287 2246 1312 ,

662 1348 822 1406 prout
859 1354 1040 1392 earnm
1093 1350 1279 1393 natura
1319 1342 1516 1410 exigit,
1561 1341 1802 1394 sentiatis
1827 1381 1840 1404 ,
1869 1353 2040 1417 neque
2065 1351 2251 1392 errore

663 1430 801 1498 vulgi
834 1430 1166 1485 abducamini
1195 1475 1210 1496 ,
1233 1432 1324 1486 sed
1348 1433 1469 1502 quid
1495 1446 1682 1486 servus
1709 1432 1776 1485 sit
1800 1431 2052 1484 noveritis
2078 1471 2091 1493 ,
2123 1428 2249 1497 quid

664 1535 886 1590 pauper,
917 1521 1042 1591 quid
1076 1523 1322 1589 ignobilis
1343 1565 1357 1585 ,
1390 1522 1514 1591 quid
1548 1523 1766 1583 beatus,
1799 1520 1921 1588 quid
1959 1520 2164 1574 vitium.
2191 1519 2249 1575 Si

665 1612 810 1665 enim
838 1613 935 1665 ista
962 1613 1253 1681 dijudieare
1279 1612 1570 1667 didiceritis
1590 1654 1604 1676 ,
1637 1611 1779 1666 nulla
1801 1627 1896 1666 vos
1920 1611 2250 1683 perturbatio

665 1704 938 1772 pcreellet.
971 1703 1073 1759 Sed
1103 1720 1167 1759 nc
1193 1705 1332 1774 quod
1364 1705 1536 1759 obiter
1561 1705 1762 1759 dictum
1793 1715 1874 1759 est
1909 1704 2134 1773 amplius
2163 1705 2253 1756 fiat

663 1811 728 1850 eo
749 1837 762 1861 ,
791 1795 867 1859 de.
882 1800 985 1866 q‘uo
1012 1799 1202 1867 agitur,
1230 1806 1283 1850 et
1304 1800 1597 1852 orationem
1626 1799 1732 1852 alio
1763 1796 2041 1860 traducat,
2073 1795 2140 1848 ab
2167 1811 2254 1848 ar-

663 1897 919 1956 gumento
956 1903 1059 1942 non
1088 1887 1444 1944 discedamus.
1477 1887 1572 1942 llic
1604 1888 1761 1958 igitur
1777 1886 1930 1941 dives
1954 1929 1968 1952 ,
2005 1886 2253 1954 deinceps

665 1992 793 2032 vero
821 1993 1019 2047 pauper
1048 1996 1062 2032 :
1091 1980 1198 2033 imo
1243 1994 1370 2035 vero
1403 1989 1513 2032 tum
1554 1995 1672 2032 cum
1699 1979 1889 2049 opibus
1915 1976 2250 2041 abundabat,

666 2064 868 2138 pauper
892 2077 1028 2124 erat.
1060 2070 1195 2139 Quid
1224 2073 1365 2125 enim
1396 2072 1610 2140 prodest
1641 2071 1863 2137 homini,
1894 2071 1935 2124 si
1959 2070 2130 2124 aliena
2161 2069 2256 2123 ha-

668 2160 807 2224 beat,
837 2168 889 2214 et
915 2174 1008 2215 sua
1038 2177 1142 2215 non
1171 2161 1404 2216 habeat?

735 2249 1034 2318 Depositum
1059 2262 1173 2305 sunt
1203 2252 1408 2307 divitia.
1441 2283 1512 2292 —
1551 2252 1686 2321 Quid
1732 2251 1947 2322 prodest
1977 2251 2178 2306 homini
2209 2253 2254 2306 si

665 2341 918 2410 pecunias
961 2342 1268 2412 possideat,
1319 2344 1568 2398 virtutem
1617 2359 1745 2398 vero
1790 2359 1894 2398 non
1942 2345 2254 2414 possideat?

663 2433 773 2485 Cur
801 2447 860 2487 ea
887 2447 1006 2502 qua:
1031 2442 1155 2487 sunt
1187 2434 1408 2488 aliorum
1428 2434 1646 2504 accipis,
1675 2445 1728 2489 et
1768 2444 1854 2488 tua
1883 2435 2096 2503 perdis?
2138 2435 2254 2489 Vil-

666 2522 794 2587 lam,
827 2522 1014 2592 inquit,
1048 2513 1273 2578 fertilem
1297 2525 1499 2579 habeo:
1526 2524 1651 2594 quid
1678 2534 1759 2578 est
1788 2524 1997 2579 hoe?at
2024 2526 2254 2579 animam

668 2611 895 2664 fertilem
929 2626 1032 2665 non
1067 2613 1267 2667 habes:
1298 2612 1468 2667 habeo
1508 2614 1772 2685 mancipia
1794 2655 1807 2678 ,
1864 2615 1958 2670 sed
2005 2617 2252 2670 virtutem

668 2719 771 2758 non
799 2705 963 2759 habes
989 2723 1002 2760 :
1032 2703 1201 2761 habeo
1231 2706 1559 2773 indumenta,
1593 2707 1682 2762 sed
1714 2708 1961 2777 pietatem
1991 2724 2094 2763 non
2129 2724 2254 2778 pos-

665 2795 810 2849 sides
844 2813 854 2847 :
886 2796 1025 2865 quod
1047 2797 1265 2851 alterius
1289 2808 1372 2852 est
1415 2798 1577 2852 habes
1598 2838 1617 2868 ,
1647 2807 1735 2852 tua
1773 2813 1901 2853 vero
1931 2814 2038 2853 non
2069 2801 2250 2855 trabes.

668 2887 722 2939 Si
765 2886 883 2954 quis
912 2886 1214 2955 depositum
1263 2889 1354 2942 tibi
1403 2888 1716 2951 tradiderit,
1769 2905 1896 2943 num
1945 2899 1996 2945 te
2037 2891 2254 2945 divitem

665 2989 884 3043 possum
942 2978 1171 3030 vocare?
1225 2977 1461 3033 Minime.
1513 2979 1729 3046 Quare?
1783 2980 1934 3046 Quod
1983 2983 2255 3049 possideas

667 3068 860 3122 aliena.
888 3068 998 3123 Hoc
1029 3069 1168 3123 enim
1197 3080 1279 3125 est
1307 3071 1605 3140 depositum
1633 3090 1645 3124 :
1675 3082 1831 3142 atque
1861 3074 2060 3130 utinam
2089 3074 2256 3144 depo-

667 3160 827 3214 situm
859 3169 1060 3214 tantum
1087 3170 1261 3228 esset,
1296 3177 1467 3234 neque
1492 3165 1729 3228 accessio
1767 3165 1857 3219 tibi
1886 3167 2131 3236 supplicii
2160 3169 2255 3223 tie-

667 3259 767 3304 ret.
824 3251 956 3306 Cum
1004 3252 1225 3308 vidisset
1263 3269 1389 3324 ergo
1433 3255 1688 3310 Lazarum
1716 3256 1868 3312 dives
1892 3299 1906 3324 ,
1948 3264 2021 3312 ait
2052 3277 2064 3313 :
2102 3258 2258 3313 Pater

669 3341 946 3403 Abraham,
979 3344 1212 3397 miserere
1246 3346 1341 3398 mei
1372 3344 1524 3415 (Luc.
1556 3348 1642 3401 16.
1672 3346 1787 3419 24).
1843 3348 2097 3418 Pauperis
2134 3361 2258 3404 sunt

670 3432 784 3487 lucc
816 3434 1005 3500 verba,
1038 3435 1265 3489 mendici
1290 3477 1304 3501 ,
1331 3437 1504 3506 egeni.
1558 3435 1715 3491 Pater
1740 3437 1995 3491 Abraham
2025 3441 2257 3494 miserere

669 3526 787 3577 mei.
815 3526 952 3592 Quid
986 3526 1098 3580 vis?
1141 3526 1286 3580 Mitte
1311 3526 1582 3581 Lazarum.
1613 3529 1778 3596 Quem
1809 3531 2001 3586 millies
2033 3527 2254 3600 praeter-

669 3616 775 3670 iisti
798 3659 811 3681 ,
838 3632 993 3686 quem
1035 3633 1100 3671 ne
1132 3619 1312 3674 videre
1337 3618 1547 3688 quidem
1577 3621 1805 3687 voluisti,
1833 3621 1973 3678 hunc
1998 3623 2088 3677 tibi
2117 3639 2258 3679 nunc

668 3707 734 3758 ad
763 3707 989 3762 salutem
1021 3709 1154 3762 mitti
1186 3710 1459 3778 postulas?
1491 3711 1637 3791 Mitte
1670 3711 1943 3767 Lazarum.
1994 3714 2089 3769 Ubi
2130 3730 2257 3771 vero

670 3815 811 3852 nunc
843 3800 1176 3868 pocillatores
1204 3803 1317 3856 tui?
1345 3803 1429 3857 ubi
1460 3810 1708 3873 tapetes?
1751 3799 1835 3859 ubi
1868 3808 2128 3875 parasiti?
2168 3809 2255 3863 ubi

669 3894 1069 3948 assentatores?
1111 3893 1200 3948 ubi
1244 3894 1448 3949 fastus?
1500 3897 1586 3948 tibi
1632 3898 2042 3965 θυμω-Μυθιώὶ
2074 3899 2254 3953 defos-

669 3998 785 4035 sum
815 3985 1044 4037 aurum?
1077 3985 1160 4037 ubi
1196 4000 1224 4036 a
1259 3985 1413 4039 tineis
1441 4002 1596 4040 exesa
1630 3987 1984 4042 vestimenta?
2033 3989 2120 4044 ubi
2165 4005 2255 4043 ar-

670 4085 884 4142 gentum
921 4075 1060 4145 quod
1089 4092 1116 4128 a
1156 4085 1205 4129 te
1233 4077 1555 4131 eolehatur?
1602 4078 1686 4132 ubi
1723 4093 1944 4148 magnus
1971 4090 2256 4149 apparatus

670 4175 725 4219 ct
752 4166 1043 4235 voluptaria
1094 4170 1241 4221 vita?
1300 4168 1444 4223 Folia
1473 4180 1659 4235 erant,
1706 4171 1924 4226 advenit
1954 4173 2158 4243 hyems,
2205 4183 2258 4227 et

670 4259 936 4313 exsiccata
977 4270 1100 4314 sunt
1147 4262 1321 4314 omnia
1373 4279 1384 4315 :
1429 4263 1692 4316 somnium
1742 4272 1935 4328 erant;
1984 4271 2037 4317 ut
2081 4271 2255 4316 autem

670 4350 785 4404 dies
807 4351 995 4414 illuxit,
1023 4351 1280 4406 abscessit
1301 4355 1565 4407 somnium
1598 4371 1609 4406 :
1636 4356 1822 4407 umbra
1848 4365 2030 4421 erant;
2062 4357 2256 4410 veritas

670 4444 832 4504 venit,
864 4451 917 4496 et
943 4445 1126 4497 umbra
1152 4446 1422 4514 prarteriit.
1458 4445 1601 4500 Mitte
1629 4446 1898 4500 Lazarum.

740 4539 843 4587 Uur
865 4532 1120 4587 Abraham
1146 4535 1460 4605 potissimum
1484 4538 1659 4590 viderit
1680 4538 1907 4593 dives.—-
1928 4539 2103 4605 Quare
2130 4555 2257 4595 vero

671 4628 872 4680 milium
902 4628 1061 4681 alium
1086 4629 1287 4697 justum
1318 4630 1476 4693 videt,
1514 4645 1619 4685 non
1648 4630 1778 4696 Noe,
1811 4648 1914 4686 non
1940 4633 2124 4699 Jacob,
2153 4651 2257 4688 non

675 4720 804 4786 l.ot,
839 4735 941 4774 non
979 4721 1123 4777 Isaac
1147 4763 1160 4786 ,
1193 4723 1285 4776 sed
1316 4721 1620 4786 Abraham;
1674 4724 1797 4793 quid
1839 4725 1948 4778 ita?
1997 4727 2256 4792 Quoniam

673 4812 951 4880 hospitalis
979 4823 1095 4866 erat
1121 4811 1422 4879 Abraham,
1468 4821 1522 4868 et
1568 4815 1620 4867 in
1664 4809 1816 4868 suum
1861 4816 2256 4871 tabernaculum

676 4905 901 4958 viatores
929 4905 1268 4974 pertrahebat
1292 4923 1304 4958 :
1330 4907 1505 4975 itaque
1533 4907 1687 4975 hujus
1714 4907 2113 4975 inhurnanitatis
2143 4925 2258 4962 ma-

671 4999 754 5068 jor
799 5000 1098 5052 accusatrix
1143 4998 1373 5058 efﬁcitur
1414 5000 1554 5053 illius
1585 4999 1937 5069 hospitalitas.
1984 5002 2127 5055 Mitte
2152 5000 2258 5054 La-

674 5107 866 5142 zarum.
902 5089 1027 5143 [hcc
1053 5090 1327 5144 audientes
1356 5090 1657 5156 timeamus,
1687 5092 2042 5157 dilectissimi,
2071 5108 2136 5146 ne
2165 5108 2260 5147 nos

675 5197 880 5250 quoque
910 5196 1169 5251 pauperes
1195 5181 1488 5246 videamus,
1522 5192 1573 5236 et
1601 5194 1977 5251 praetereamus
2006 5203 2016 5235 :
2050 5202 2114 5240 ne
2141 5187 2260 5239 loco

677 5274 859 5328 Lazari
887 5275 1038 5328 multi
1066 5284 1189 5329 tunc
1215 5275 1380 5328 nostri
1411 5274 1537 5328 fiant
1578 5290 1934 5331 aCCUSatores.
1986 5278 2132 5332 Mitte
2158 5279 2259 5331 ιιι-

680 5383 847 5418 surum
869 5407 882 5429 ,
912 5377 963 5418 ut
994 5383 1104 5419 cum
1132 5367 1389 5420 intinxerit
1416 5377 1690 5421 extremum
1713 5370 1856 5439 digiti
1882 5372 1957 5424 sui
1980 5372 2030 5423 in
2055 5389 2258 5440 aquam,

679 5459 883 5512 iustillet
911 5459 1100 5529 lingua:
1129 5475 1271 5524 metu,
1300 5459 1420 5530 quia
1448 5461 1668 5529 ﬂammis
1695 5478 1814 5514 uror
1841 5461 1992 5530 (Luc.
2025 5464 2109 5517 16.
2142 5462 2258 5530 24).

679 5553 786 5614 Qua
846 5551 986 5604 enim
1046 5567 1293 5606 mensura
1349 5553 1682 5618 metiemini,
1743 5555 2055 5608 remetietur
2112 5557 2261 5611 vobis

682 5640 891 5704 [.ilatth.
922 5642 974 5696 7.
1004 5642 1060 5714 ‘2)
1101 5662 1112 5697 :
1148 5660 1250 5697 non
1282 5644 1578 5713 itnpartitus
1598 5661 1657 5698 os
1692 5631 1875 5712 micas,
1911 5663 2081 5716 neque
2107 5649 2262 5704 stilla:

680 5735 948 5805 particeps
981 5739 1111 5794 etis.
1156 5735 1299 5792 Mitte
1326 5736 1581 5792 Lazarum
1608 5781 1620 5807 ,
1655 5745 1707 5792 ul
1736 5747 1974 5794 extremo
1996 5740 2157 5810 digito
2185 5740 2262 5796 in-

1400 306 1453 363 S.
1494 304 1771 362 JOANNIS
1809 304 2279 362 CllilYSOSTOMl
2317 306 2630 363 ARCIIIEP.
2675 306 3201 366 CONSTANTINOP.

3822 311 3959 367 Ιοὲῡ

2355 421 2519 476 stillet
2555 422 2752 492 lingure
2797 438 2969 488 mere,
3003 424 3125 494 quia
3169 423 3398 477 ﬂammis
3444 439 3594 477 uror.
3651 418 3790 488 Quid
3822 434 3952 472 vero

2352 513 2620 567 Abraham
2646 515 2709 567 ad
2746 513 2892 568 illum
2915 514 2939 567 ?
2962 514 3087 581 Fili,
3107 516 3339 584 recepisti
3359 514 3496 568 bona
3525 525 3616 567 tua
3642 514 3693 566 in
3725 513 3818 564 rita
3842 520 3950 571 tua,

2351 615 2396 658 et
2422 603 2651 659 Lazarus
2679 606 2909 659 similiter
2930 606 3063 659 mala
3095 623 3189 660 sua
3215 623 3231 665 ;
3260 617 3305 659 et
3328 622 3464 658 nunc
3493 605 3590 658 iste
3611 605 3695 657 hic
3723 603 3952 656 consola-

2353 706 2465 763 tur,
2511 706 2562 750 tu
2589 713 2705 750 vero
2740 699 2981 751 cruciaris
3012 697 3166 768 (Luc.
3203 697 3288 751 16.
3321 692 3436 768 25).
3485 695 3701 751 Rursus
3734 695 3813 748 hic
3843 708 3952 745 nor

2353 788 2524 854 dixit,
2563 789 2784 858 cepisti,
2826 789 2921 844 sed
2959 789 3205 858 recepisti
3240 804 3252 840 :
3285 788 3514 841 multum
3558 784 3720 840 affert
3763 783 3948 838 discri-

2355 880 2512 934 minis
2538 880 2735 936 additio
2766 881 3174 951 praepositionis.
3218 879 3370 948 Quod
3409 880 3555 934 enim
3584 892 3828 947 perstepe
3862 889 3953 930 cz-

2347 973 2493 1028 ritati
2526 982 2717 1042 vestra:
2747 975 2851 1029 dixi
2879 1017 2894 1040 ,
2925 975 3007 1029 vel
3036 975 3194 1030 etiam
3238 973 3568 1044 syllabarum
3623 979 3957 1026 scrutatores

2354 1079 2473 1119 esse
2497 1065 2790 1129 debemus;
2839 1065 3149 1120 Scrutamiui
3191 1065 3323 1118 enim
3351 1063 3656 1129 Scripturas
3687 1059 3872 1132 (Joau.
3900 1057 3951 1111 5.

2355 1155 2446 1227 59)
2468 1198 2482 1221 ,
2515 1157 2718 1226 inquit:
2754 1172 2874 1211 nam
2904 1157 3010 1210 iota
3042 1170 3202 1208 Illlllm
3241 1161 3332 1208 aut
3357 1169 3492 1222 apex
3522 1167 3661 1206 unus
3704 1161 3955 1218 saepenu-

2356 1265 2505 1303 mero
2530 1264 2744 1303 sensum
2775 1249 2993 1304 excitat.
3027 1248 3095 1302 Ut
3117 1256 3292 1300 autem
3317 1245 3583 1314 intelligas
3604 1243 3770 1297 etiam
3795 1241 3961 1292 unius

2356 1341 2606 1396 clementi
2633 1341 2955 1394 additionem
2987 1353 3203 1395 sensum
3234 1338 3467 1402 efficere,
3500 1336 3588 1415 hic
3626 1337 3745 1406 ipse
3777 1333 3956 1387 Abra-

2357 1432 2479 1485 ham
2517 1430 2814 1501 patriarcha
2843 1431 2989 1500 prius
3032 1431 3228 1485 Abram
3267 1427 3581 1491 dicebatur,
3632 1426 3793 1494 eique
3821 1422 3960 1476 dixit

2357 1521 2498 1574 Deus
2529 1537 2544 1572 :
2575 1538 2679 1575 non
2728 1522 2829 1576 erit
2859 1536 3050 1575 nomen
3097 1532 3243 1574 tuum
3276 1518 3472 1573 Abram
3498 1558 3511 1580 ,
3549 1515 3653 1571 ‘sed
3684 1513 3958 1569 Abraham

2361 1611 2510 1682 (Gen.
2544 1612 2631 1665 17.
2666 1612 2722 1682 5)
2755 1630 2767 1663 :
2797 1611 3001 1665 addidit
3042 1626 3071 1662 a
3093 1649 3110 1676 ,
3149 1618 3204 1664 et
3230 1617 3436 1679 patrem
3465 1607 3613 1660 illum
3657 1601 3954 1657 multaruin

2355 1703 2590 1772 gentium
2623 1701 2874 1756 reddidit.
2925 1700 3065 1754 Ecce
3097 1699 3254 1768 igitur
3281 1698 3439 1751 unius
3469 1694 3722 1751 elementi
3751 1691 3962 1745 additio

2359 1795 2578 1848 multam
2608 1795 2907 1864 prosapiam
2949 1792 3217 1847 indicavit.
3262 1789 3382 1845 Noli
3411 1803 3540 1859 ergo
3571 1788 3700 1841 talia
3746 1794 3960 1840 temere

2357 1887 2630 1957 prmterire
2658 1903 2672 1939 :
2708 1901 2816 1939 non
2845 1884 2986 1938 enim
3015 1884 3177 1946 dixit,
3204 1880 3389 1950 cepisti
3419 1880 3555 1936 bona
3588 1888 3676 1931 tua
3697 1917 3713 1942 ,
3741 1874 3844 1930 sed
3874 1888 3960 1926 re-

2329 1978 2545 2048 cepisti
2580 1994 2591 2029 :
2635 1977 2726 2046 qui
2781 1991 2911 2030 vero
2959 1973 3180 2042 recipit,
3231 1972 3409 2026 debita
3455 1970 3692 2038 recipit:
3733 1963 3962 2019 attende

2359 2067 2504 2138 quod
2548 2067 2702 2132 dico;
2746 2066 2888 2122 aliud
2931 2067 3072 2120 enim
3106 2072 3187 2119 est
3212 2078 3405 2131 capere
3429 2103 3442 2126 ,
3481 2059 3624 2115 aliud
3658 2059 3913 2126 recipere
3947 2074 3957 2106 :

2361 2176 2482 2214 nam
2505 2159 2689 2229 recipit
2715 2160 2834 2229 quis
2865 2173 2948 2225 ea,
2979 2173 3096 2226 qua:
3124 2154 3385 2216 habebat;
3418 2151 3754 2221 capitantem
3785 2162 3958 2215 δεῖρε,

2359 2267 2478 2321 qua:
2508 2249 2968 2320 non‘possidebat.
3018 2245 3267 2315 Recepisti
3301 2243 3431 2298 bona
3461 2253 3583 2306 tua,
3629 2251 3674 2294 et
3719 2239 3958 2292 Lazarus

2359 2343 2495 2396 mala
2525 2358 2637 2396 sua.
2671 2341 2811 2396 Ecce
2835 2349 2890 2393 et
2916 2339 3064 2393 dives
3093 2338 3230 2391 bona
3255 2350 3350 2389 sua
3387 2333 3614 2402 recepit,
3639 2340 3696 2385 et
3721 2330 3958 2383 Lazarus

2361 2422 2497 2501 mala
2527 2448 2642 2488 sua.
2691 2432 2816 2486 Htec
2843 2443 3019 2485 autem
3041 2445 3068 2482 a
3097 2444 3182 2482 me
3207 2428 3346 2482 dicta
3372 2435 3496 2480 sunt
3529 2423 3706 2477 omnia
3736 2431 3958 2491 propter

2360 2542 2453 2581 eos
2478 2526 2609 2596 ,‘qui
2640 2525 2928 2594 puniuntur
2951 2523 3034 2577 hic
3063 2531 3116 2576 et
3145 2536 3248 2574 non
3289 2518 3418 2582 illic,
3466 2526 3685 2586 propter
3728 2529 3828 2568 eos
3875 2512 3957 2581 qui

2361 2618 2518 2688 genio
2541 2617 2624 2671 hic
2652 2615 2945 2685 indulgent,
2979 2625 3032 2668 et
3063 2614 3168 2668 illic
3199 2613 3503 2682 puniuntur.
3534 2607 3765 2661 Attende
3795 2606 3958 2674 igitur

2360 2709 2426 2762 ad
2453 2725 2514 2763 ea
2544 2724 2663 2778 quae
2703 2707 2824 2762 dico
2850 2725 2861 2760 :
2901 2706 3149 2775 Recepisti
3172 2705 3303 2757 bona
3333 2713 3417 2755 tua
3441 2742 3456 2767 ,
3486 2710 3532 2754 et
3563 2699 3790 2753 Lazarus
3824 2699 3957 2749 mam

2359 2817 2472 2864 sua,
2503 2815 2621 2868 qua:
2649 2798 2906 2852 solvenda
2933 2805 3106 2863 erant,
3137 2811 3256 2865 qua:
3285 2793 3641 2848 debebantur.
3680 2788 3957 2843 Attendite

2360 2892 2639 2963 qumstioni
2672 2911 2683 2944 :
2717 2891 2784 2945 ad
2831 2891 3003 2944 locum
3037 2888 3176 2942 enim
3207 2901 3410 2956 pergo;
3443 2884 3558 2938 sine
3579 2923 3595 2947 ,
3629 2883 3786 2937 telam
3839 2897 3956 2949 pero

2363 2993 2570 3039 texam.
2614 2984 2684 3036 At
2726 2981 2866 3037 enim
2895 2980 3059 3034 nolite
3087 2979 3138 3032 in
3167 2977 3388 3032 exordio
3418 2975 3654 3040 turbari,
3694 2973 3787 3027 sed
3841 2987 3959 3026 eum

2363 3077 2466 3131 tale
2496 3075 2621 3145 quid
2660 3075 2846 3129 dixero
2871 3116 2886 3140 ,
2929 3075 3247 3130 solutionem
3278 3078 3585 3139 exspectate
3614 3087 3625 3120 :
3660 3066 3781 3120 volo
3807 3067 3958 3121 enim

2361 3179 2544 3226 acutos
2573 3179 2625 3225 et
2656 3170 2988 3240 perspicaces
3019 3183 3112 3222 vos
3141 3165 3388 3230 reddere,
3426 3179 3598 3234 neque
3625 3163 3813 3218 leviter
3842 3172 3959 3216 tan-

2364 3270 2474 3315 tum
2505 3276 2791 3327 exercere,
2832 3260 2925 3314 sed
2973 3260 3027 3313 in
3066 3259 3364 3314 divitiarum
3401 3257 3801 3326 Scripturarum
3830 3270 3959 3324 pro-

2363 3352 2582 3406 fundum
2624 3351 2890 3406 dimittere
2915 3393 2928 3416 ,
2985 3349 3302 3420 profundum
3329 3389 3344 3413 ,
3388 3349 3440 3401 in
3486 3364 3589 3418 quo
3630 3347 3779 3401 nulla
3812 3346 3959 3399 stevit

2364 3450 2690 3512 tempestas,
2737 3441 3060 3512 profundum
3108 3439 3490 3509 tranquillitate
3533 3439 3696 3492 maris
3744 3438 3952 3491 tutius:

2361 3541 2560 3601 quanto
2583 3533 2738 3602 igitur
2765 3531 2993 3601 amplius
3015 3529 3354 3585 desecnderis
3380 3572 3395 3594 ,
3429 3528 3686 3597 majorem
3719 3528 3955 3581 invenies

2362 3625 2721 3680 securitatem.
2761 3622 2876 3677 Non
2910 3623 3050 3678 enim
3090 3621 3177 3677 hic
3210 3631 3291 3676 est
3337 3612 3952 3688 ittordinat‘usgaqnarnm

2363 3717 2591 3788 impetus
2612 3759 2625 3781 ,
2674 3716 2768 3770 sed
2801 3717 3041 3771 ordinata
3073 3715 3352 3785 dispositio
3389 3713 3804 3768 sententiarum.
3853 3712 3950 3766 Re-

2363 3809 2541 3877 cepisti
2579 3808 2710 3860 bona
2751 3817 2870 3873 tua,
2919 3817 2964 3860 et
2995 3805 3219 3859 Lazarus
3264 3805 3402 3857 mala
3440 3820 3532 3857 sua
3562 3820 3580 3856 :
3610 3814 3658 3856 et
3703 3819 3840 3855 nunc
3880 3803 3952 3853 In‘c

2363 3901 2673 3967 consolatur,
2705 3910 2755 3954 tu
2782 3915 2896 3953 vero
2923 3900 3182 3953 cruciaris.
3215 3897 3401 3966 Magna
3429 3906 3511 3950 est
3538 3895 3769 3965 qumstio
3803 3912 3817 3948 :
3849 3895 3948 3947 dixi

2363 4009 2482 4047 eum
2531 3995 2619 4061 qui
2661 3993 2887 4061 recipit,
2931 4006 2992 4046 ea
3029 4006 3144 4059 que
3189 3989 3368 4043 debita
3411 3997 3564 4041 erant
3601 3988 3843 4056 recipere
3876 3987 3950 4038 :si

2362 4099 2488 4152 ergo
2510 4083 2682 4160 justus
2710 4082 2804 4161 fuit
2833 4082 3085 4146 Lazarus,
3117 4090 3173 4134 ut
3205 4079 3456 4132 nimirum
3487 4075 3608 4142 fuit,
3642 4087 3698 4131 et
3728 4076 3950 4130 Abrabte

2363 4157 2808 4241 sinns'indicavit,
2833 4190 3051 4237 corona,
3077 4173 3315 4242 preemia,
3343 4171 3702 4241 refrigerium,
3725 4170 3950 4224 delecta-

2365 4269 2435 4321 tio
2461 4309 2474 4331 ,
2509 4267 2786 4322 tolerantia
2809 4309 2822 4330 ,
2856 4265 3110 4335 patientia
3137 4281 3151 4328 ;
3197 4264 3296 4317 iste
3323 4276 3452 4316 vero
3479 4273 3732 4330 peccator
3753 4303 3767 4326 ,
3801 4259 3950 4328 plane

2363 4361 2636 4429 improbus
2664 4370 2714 4412 et
2754 4359 3075 4413 inhumanus
3100 4398 3114 4422 ,
3144 4356 3347 4410 deliciis
3378 4364 3431 4409 et
3463 4354 3708 4409 ebrietati
3736 4368 3946 4414 vacans,

2362 4453 2656 4522 Sybaritica
2687 4431 2890 4506 ‘tnensa
2944 4449 3222 4518 perfruens
3247 4490 3261 4513 ,
3309 4463 3428 4500 cum
3461 4447 3514 4499 in
3557 4453 3703 4498 tanta
3745 4443 3948 4497 lascivia

2364 4543 2678 4612 luxuriaque
2725 4550 3070 4596 versaretur:
3104 4555 3199 4593 cur
3241 4539 3314 4592 ait
3355 4537 3464 4600 illi,
3509 4536 3632 4605 quia
3674 4533 3951 4602 recepisti?

2365 4635 2502 4689 Num
2533 4635 2674 4689 enim
2707 4634 2780 4688 illi
2812 4632 3108 4687 debebatur
3132 4630 3402 4700 quidpiam
3449 4628 3652 4681 homini
3684 4627 3948 4695 opulento,

2368 4727 2568 4782 homini
2597 4726 2820 4796 prodigo
2843 4736 2897 4780 et
2927 4723 3260 4778 inhumano?
3289 4721 3428 4789 Quid
3448 4721 3591 4774 enim
3622 4720 3694 4773 illi
3723 4717 3950 4772 debeba-

2368 4819 2489 4874 tur?
2513 4817 2626 4873 ‘Cur
2655 4833 2760 4872 non
2788 4817 2939 4880 dixit,
2967 4816 3175 4884 cepisti,
3208 4815 3300 4868 sed
3330 4814 3617 4882 recepisti?

2439 4909 2492 4965 9.
2521 4909 2648 4976 Quae
2683 4910 2810 4962 bona
2839 4909 2974 4960 dives
3004 4905 3261 4976 receperit.
3290 4935 3362 4943 ——
3397 4904 3633 4959 Attende
3661 4902 3802 4973 quod
3829 4901 3945 4953 dici.

2367 5017 2484 5055 mus
2515 4999 2970 5056 :debebanturilli
2991 5012 3182 5067 parum,
3210 4995 3544 5050 debebantur
3575 4995 3647 5048 illi
3670 4993 3944 5063 supplicia,

2367 5093 2696 5149 debebantur
2727 5094 2798 5147 illi
2827 5092 3061 5146 dolores.
3116 5089 3224 5144 Cur
3266 5104 3370 5143 non
3418 5088 3584 5153 dixit,
3629 5089 3712 5140 illa
3752 5085 3948 5154 cepisti,

2369 5188 2461 5243 sed
2492 5187 2738 5256 recepisti
2766 5186 2899 5240 bona
2931 5185 3019 5239 illa
3054 5193 3160 5248 tua,
3193 5184 3352 5244 vitam
3379 5182 3524 5235 illam
3557 5181 3636 5235 sic
3665 5181 3930 5249 appellans

2368 5291 2419 5335 et
2448 5280 2678 5334 Lazarus
2719 5278 2855 5332 mala
2887 5276 3023 5331 sua?
3072 5275 3176 5331 Sed
3205 5273 3422 5328 attende
3443 5274 3678 5326 animum
3705 5290 3718 5333 ;
3749 5272 3799 5323 in
3833 5271 3952 5322 altas

2369 5372 2508 5427 enim
2538 5386 2830 5441 gravesque
2860 5368 3150 5424 sententias
3180 5365 3503 5422 delabimur.
3546 5363 3831 5418 Hominum
3874 5363 3945 5428 q-ii

2371 5480 2511 5519 nunc
2539 5465 2738 5532 degunt
2757 5461 2995 5516 omnium
3021 5459 3109 5514 alii
3129 5457 3347 5528 quidem
3375 5468 3683 5525 peccatores
3705 5463 3850 5516 sunt,
3873 5453 3947 5506 alii

2371 5573 2498 5611 vero
2533 5555 2661 5625 justi
2695 5571 2707 5606 :
2741 5550 3106 5606 animadverte
3137 5548 3297 5618 igitur
3326 5546 3487 5601 etiam
3531 5550 3584 5600 in
3625 5545 3780 5614 justis
3807 5543 3944 5597 diﬂ'e-

2373 5649 2595 5704 rentiam
2633 5664 2644 5700 :
2677 5645 2811 5699 alius
2833 5644 3012 5714 justus
3037 5650 3118 5695 est
3143 5682 3157 5708 ,
3199 5640 3335 5693 alius
3363 5641 3534 5709 magis
3572 5639 3749 5708 justus
3773 5680 3788 5701 ,
3830 5635 3946 5690 alius

2373 5739 2688 5809 sublimior,
2739 5737 2874 5793 alius
2928 5736 3129 5807 major;
3184 5743 3236 5789 et
3290 5731 3745 5804 quemadmodum
3805 5743 3947 5787 suis:
