4154 6320
783 375 961 463 mu

804 483 1163 558 ἀστέρεςοείσὶ
1185 481 1375 537 πολλοὶ
1410 482 1504 536 καὶ
1529 481 1679 552 ἥλιος
1716 482 1809 558 καὶ
1839 480 2059 550 σελήνη,
2096 477 2243 535 οὕτω
2269 474 2364 530 καὶ

802 552 1032 642 διαφορά
1051 567 1293 623 δικαίων.
1319 568 1512 634 Ἄλλη
1540 565 1648 635 γὰρ
1667 552 1816 634 δόξα
1841 564 2039 637 ἡλίου,
2078 561 2174 616 καὶ
2201 560 2363 626 ἄλλη

802 649 1094 722 σελήνης,
1151 651 1250 705 καί
1290 650 1448 718 άλλη
1498 649 1650 714 δόξα
1697 649 1989 719 ἀστέρων,
2012 647 2093 700 Τὰ
2121 645 2222 716 μὶν
2254 643 2365 712 γὰρ

801 735 1045 807 διαφέρει
1073 737 1131 789 ἐν
1159 734 1307 807 δόξῃ.
1337 733 1407 787 τὰ
1425 733 1482 787 δὲ
1502 732 1840 788 ἐλαττοῦται·
1865 731 1960 785 καὶ
1979 730 2230 798 καθάπερ
2255 726 2365 780 είσὶ

804 817 1032 888 σώματα
1059 816 1390 887 ἐπουράνια;
1418 813 1561 870 οὕτω
1601 815 1697 869 καὶ
1725 813 1952 885 σώματα
1991 813 2208 880 ἐπίγεια
2225 826 2240 840 ·
2269 809 2366 862 καὶ

797 898 990 970 ὥσπερ
1021 901 1082 953 ἐν
1111 900 1225 962 τοῖς
1254 897 1501 968 σώμασιν
1542 899 1572 952 6
1614 898 1713 969 μὲν
1745 897 1962 964 ἔλαφος,
1997 897 2026 949 6
2043 895 2099 948 δέ
2128 893 2304 957 κύων,
2333 891 2364 943 6

799 982 857 1037 δέ
879 981 1037 1046 λέων,
1059 984 1089 1035 6
1115 980 1172 1034 δὲ
1203 980 1333 1034 ἀλλο
1364 979 1582 1052 θηρίον,
1613 983 1642 1034 6
1689 980 1746 1034 δέ
1793 981 1980 1050 ἀσπὶς,
2005 979 2036 1032 6
2071 976 2128 1030 δὲ
2154 975 2282 1031 ἀλλο
2310 991 2363 1028 τι

796 1060 909 1125 τῶν
934 1063 1214 1117 τοιούτων·
1248 1062 1392 1116 οὕτω
1433 1064 1530 1117 καὶ
1558 1065 1620 1122 ἐν
1647 1067 1759 1127 τοῖς
1789 1062 2148 1134 ἁμαρτήμασι
2175 1057 2362 1126 διαφο-

801 1145 913 1214 ραί.
949 1146 1071 1198 Τῶν
1104 1145 1406 1216 ἀνθρώπων
1442 1145 1622 1200 τοίνυν
1639 1147 1690 1200 οί
1724 1143 1824 1217 μέν
1844 1145 1948 1198 είσὶ
1975 1144 2191 1205 δίκαιοι,
2223 1141 2273 1194 οί
2304 1139 2364 1192 δὲ

799 1228 1132 1300 ἁμαρτωλοί·
1156 1227 1301 1298 ἀλλά
1317 1229 1412 1282 καὶ
1438 1229 1496 1281 ἐν
1519 1232 1631 1292 τοῖς
1654 1217 1886 1292 δικαίοις
1913 1226 2080 1296 πολλὴ
2109 1223 2360 1294 διαφορὰν

797 1311 893 1365 καὶ
921 1312 980 1364 ἐν
1008 1313 1122 1372 τοῖς
1159 1310 1502 1387 ἁμαρτωλοῖς
1548 1310 1718 1381 πολλὴ
1770 1312 1860 1364 καὶ
1918 1310 2161 1378 ἄπειρος.
2201 1305 2362 1387 Ἀλλά

798 1393 1052 1464 πρόσεχε·
1075 1395 1136 1447 Εἰ
1164 1394 1258 1447 καὶ
1277 1384 1480 1455 δίκαιος
1553 1411 1659 1458 τις,
1673 1393 1774 1447 κάν
1799 1393 2056 1463 μυριάκις
2132 1384 2358 1452 δίκαιος,

799 1477 1061 1547 καὶπρὸς
1117 1477 1286 1548 αὐτὴν
1318 1475 1492 1547 ἀναϐῇ
1529 1476 1628 1547 τὴν
1674 1476 1943 1548 κορυφὴν,
1997 1473 2138 1528 ὥστε
2185 1472 2364 1544 ἀπηλ-

794 1557 989 1628 λάχθαι
1017 1558 1454 1631 ἁμαρτημάτων,
1480 1559 1540 1611 οὐ
1579 1557 1798 1632 δύναται
1827 1554 2065 1631 καθαρὸς
2093 1551 2233 1610 εἶναι
2259 1571 2362 1624 κη⁹

791 1641 955 1707 λῖδος,
983 1641 1087 1695 κᾶν
1119 1641 1378 1712 μυριάκις
1497 1641 1725 1706 δίκαιος,
1769 1640 1884 1694 ἀλλ’
1911 1639 2194 1710 ἄνθρωπός
2221 1639 2358 1691 ἐστι.

799 1724 896 1789 Τίς
923 1724 1033 1792 γὰρ
1059 1723 1432 1791 καυχήσεται
1457 1720 1653 1792 ἁγνὴν
1676 1723 1842 1792 ἔχειν
1865 1721 1981 1789 τὴν
1999 1721 2287 1791 καρδίανῖ
2319 1721 2360 1789 ἦ

791 1808 884 1873 τίς
905 1807 1379 1877 παρῤησιὰσεται
1418 1808 1676 1876 καθαρὸς
1701 1803 1854 1860 εἶναι
1897 1805 2013 1860 ἀπὸ
2041 1804 2360 1874 ἁμαρτίας;

790 1889 892 1941 Διά
918 1890 1078 1943 τοῦτο
1101 1889 1436 1959 κελευόμεθα
1475 1891 1557 1952 εἰς
1601 1889 1699 1960 τὴν
1743 1889 1909 1960 εὐχὴν
1939 1887 2138 1955 λέγειν·
2177 1887 2364 1955 Ἄφες

790 1967 936 2034 ἡμῖν
961 1969 1034 2024 τὰ
1087 1967 1457 2037 ὀφειλήματα
1492 1961 1708 2037 ήμλῶνί
1736 1968 1822 2021 ἴνα
1857 1970 1924 2038 τῇ
1977 1963 2237 2036 συνηθείᾳ
2261 1964 2363 2034 τῆς

791 2050 960 2122 εὐχῆς
988 2050 1420 2122 ἀναμνησθῶμεν
1449 2052 1566 2105 ἐκεῖ
1587 2053 1667 2105 δτι
1694 2048 1979 2104 ὑπεύθυνοί
2000 2050 2166 2118 ἐσμεν
2198 2044 2360 2100 κολά-

793 2149 931 2186 σεσι.
968 2134 1079 2186 Καὶ
1116 2133 1225 2202 γὰρ
1255 2133 1465 2197 Παῦλος
1480 2129 1524 2187 ’ὁ
1576 2132 1894 2194 ἀπόστολος,
1927 2131 1988 2183 τὸ
2039 2127 2232 2191 σκεῦος
2257 2129 2358 2198 τῆς

789 2213 1043 2282 ἐκλογῆς,
1075 2217 1104 2268 6
1135 2216 1261 2279 ναὸς
1285 2216 1378 2269 τοῦ
1399 2215 1558 2275 θεοῦ,
1592 2216 1654 2268 τὸ
1688 2216 1860 2285 στόμα
1897 2213 1989 2268 τοῦ
2019 2209 2291 2284 Χριστοῦ,
2323 2214 2358 2284 ἡ

789 2295 928 2365 λύρα
955 2295 1049 2349 τοῦ
1073 2296 1426 2367 Πνεύματος,·
1447 2299 1476 2349 6
1507 2296 1829 2360 διδάσκαλος
1858 2297 1960 2366 τῆς
1999 2293 2359 2364 οἰκουμένης,

787 2381 816 2431 ὁ
839 2379 944 2448 γῆν
973 2381 1068 2432 καὶ
1095 2378 1368 2433 θάλασσαν
1401 2379 1721 2450 περιελθὼν,
1756 2383 1786 2434 6
1822 2379 1920 2442 τάς
1960 2379 2202 2444 ἀκάνθας
2249 2379 2361 2430 τῶν

789 2461 1073 2531 ἁμαρτιῶν
1098 2463 1438 2528 ἀνασπάσας,
1466 2464 1496 2515 6
1525 2462 1592 2515 τά
1630 2463 1923 2533 σπέρματα
1952 2461 2053 2530 τῆς
2079 2459 2359 2524 εὐσεϐείας

787 2544 1147 2609 καταϐαλὼν,
1201 2547 1230 2599 6
1284 2545 1545 2614 βασιλέων
1577 2545 1980 2617 εὐπορώτερος,
2025 2545 2055 2596 6
2091 2543 2360 2598 πλουσίων

787 2626 1217 2697 δυνατώτερος-,ό
1243 2613 1590 2699 στρατιωτῶν
1626 2613 1988 2699 ίσὶυρότερος,
2005 2629 2034 2680 6
2055 2627 2358 2696 φιλοσόφων

787 2695 1244 2780 φιλοσοφώτερος,
1277 2695 1324 2763 6'
1342 2709 1586 2780 ῥητόρων
1618 2695 2077 2779 εὐγλωττότερος,
2132 2712 2161 2763 6
2196 2695 2360 2780 μηδὲν

785 2789 925 2860 ἔχων
944 2790 1038 2842 καὶ
1066 2791 1244 2846 πάντα
1266 2791 1619 2861 κεκτημένος,
1643 2793 1672 2844 6
1692 2793 1750 2846 ἐν
1768 2793 1831 2861 τῇ
1861 2793 1988 2862 σκιᾷ
2007 2791 2171 2844 αὐτοῦ
2199 2791 2361 2844 θάνα-

785 2890 876 2926 τον
920 2871 1092 2937 λύων,
1132 2874 1162 2926 6
1207 2875 1266 2926 ἐν
1317 2877 1430 2937 τοῖς
1483 2875 1721 2944 ἱματίοις
1763 2873 1926 2928 αὑτοῦ
1971 2874 2042 2927 τά
2077 2875 2359 2945 νοσήματα

788 2954 1124 3023 φυγαδεύων,
1156 2957 1185 3008 6
1213 2955 1274 3008 ἐν
1303 2955 1546 3028 θαλάσσῃ
1587 2957 1826 3028 τρόπαια
1861 2959 2086 3027 στήσας,
2126 2960 2155 3011 6
2177 2960 2358 3028 ἁρπα-

784 3037 905 3104 γεὶς
933 3036 1040 3100 ἕως
1063 3037 1248 3108 τρίτου
1279 3037 1528 3108 ούρανοῦ,
1561 3039 1656 3092 καὶ
1688 3039 1770 3102 είς
1821 3039 2148 3110 παράδεισον
2185 3039 2359 3093 είσελ-

785 3117 916 3182 θὼν,
953 3120 984 3171 6
1007 3119 1099 3171 τὸν
1133 3118 1365 3190 Χριστὸν
1388 3118 1520 3172 Θεὸν
1539 3119 1911 3191 ἁνακηρύξας,
1943 3121 2149 3184 ἐκεῖνος
2186 3121 2356 3190 λέγει·

788 3199 982 3254 Οὐδὲν
1013 3200 1168 3272 [787]
1195 3199 1430 3269 ἐμαυτῷ
1453 3201 1728 3267 σύνοιδα,
1767 3203 1904 3256 ἀλλ’
1933 3205 2046 3256 οὐκ
2081 3204 2152 3257 ἐν
2169 3205 2359 3268 τούτῳ

783 3281 1183 3352 δεδικαίωμαι.
1214 3284 1274 3336 ’0
1292 3282 1546 3336 τοσοῦτον
1563 3283 1658 3336 καὶ
1683 3282 2002 3357 τηλικοῦτον
2021 3287 2358 3354 κεκτημένος

783 3365 994 3437 ἀρετῶν
1031 3365 1266 3437 πλῆθος,
1313 3365 1496 3437 λέγει’·
1549 3366 1612 3420 '0
1649 3365 1718 3421 δὲ
1758 3368 2095 3437 ἀνακρίνων
2129 3385 2207 3438 με
2238 3369 2358 3422 Κύο

777 3450 908 3516 ριός
929 3449 1080 3502 ἐστι.

854 3531 951 3593 Τίς
982 3527 1072 3583 οὖν
1094 3531 1422 3608 καυχήσεται
1450 3530 1619 3602 ἁγνὴν
1641 3531 1783 3602 ἔχειν
1811 3532 1908 3603 τὴν
1931 3533 2192 3604 καρδίαν;
2220 3532 2357 3604 ἢτίς

785 3614 1223 3684 παρρησιάσεται
1261 3614 1500 3684 καθαρὸς
1537 3611 1676 3668 εἶναι
1714 3615 1822 3669 ἀπὸ
1849 3617 2152 3688 ἀμαρτίας;
2188 3619 2357 3689 ’Δμή-

782 3711 941 3765 χανον
970 3694 1150 3748 τοίνυν
1187 3691 1325 3749 εἶναι
1364 3696 1650 3767 ἄνθρωπόν
1703 3714 1822 3752 τινα
1851 3699 2254 3770 ἀναμάρτητον.
2287 3701 2355 3753 Τί

758 3778 890 3849 ¹γὰρ
923 3777 1135 3847 λέγειςς
1170 3777 1376 3843 δίκαιός
1409 3781 1590 3846 ἐστιν;
1625 3779 1873 3852 ἐλεήμων
1904 3782 2053 3846 ἐστί;
2086 3782 2354 3850 φιλόπτω-

781 3861 878 3933 χός
899 3863 1092 3927 ,ἐστινς
1130 3861 1272 3916 ’Δλλ’
1299 3861 1410 3934 εχει
1453 3880 1509 3917 τι
1544 3863 1848 3933 ἐλάττωμα·
1882 3864 1916 3935 ἢ
1949 3864 2160 3934 ὑϐρίζει
2191 3865 2354 3919 ἀκαί-

787 3959 912 4013 ρως,
943 3944 978 4013 ἢ
1013 3943 1313 4009 κενοδοξεῖ,
1340 3944 1375 4015 ἢ
1423 3943 1552 3998 ἀλλο
1582 3963 1637 3998 τι
1669 3945 1908 3999 τοιοῦτον
1945 3947 2106 4018 ποιεῖ·
2148 3946 2209 3999 οὐ
2243 3948 2354 4018 γὰρ

772 4027 864 4080 ’δεῖ
895 4027 1074 4081 πάντα
1105 4013 1446 4094 καταλέγειν.
1489 4028 1547 4080 Ὀ
1588 4028 1688 4098 μὲν
1723 4028 1988 4098 ἐλεήμων,
2019 4013 2135 4081 ἀλλ’
2160 4030 2222 4082 οὐ
2250 4013 2355 4082 6(6-

781 4125 935 4179 φρων
967 4109 1244 4172 πολλάκις·
1271 4111 1300 4161 6
1322 4109 1379 4162 δὲ
1406 4109 1635 4183 σώφρων
1670 4111 1789 4181 μὲν,
1813 4110 1928 4163 ἀλλ’
1953 4111 2053 4164 οὐκ
2083 4108 2350 4182 ἐλεήμων·

781 4191 810 4240 6
842 4191 941 4258 μὲν
969 4190 1028 4241 ἐν
1060 4188 1233 4260 ταύτῃ
1260 4194 1326 4261 τῇ
1352 4192 1519 4262 ἀρετῇ
1551 4191 1894 4262 ὀνομάζεται,
1925 4193 1954 4244 6
1981 4192 2037 4245 δέ
2061 4194 2119 4245 ἐν
2145 4195 2350 4265 ἐκείνῃ.

787 4273 969 4324 Ἔστω
998 4289 1082 4334 τις
1100 4272 1326 4336 δίκαιος·
1377 4275 1472 4327 καὶ
1519 4275 1777 4338 πολλάκις
1828 4277 1924 4346 μὲν
1969 4277 2178 4340 δίκαιός
2203 4280 2349 4345 ἐστι,

783 4355 876 4408 καὶ
907 4354 1021 4426 ἔχει
1046 4356 1220 4409 πάντα
1239 4356 1307 4410 τά
1326 4357 1528 4426 ἀγαθὰ,
1561 4360 1653 4411 καὶ
1685 4359 1840 4428 ἔσχεν
1863 4360 2121 4414 ἀπόνοιαν
2147 4360 2236 4415 διὰ
2252 4361 2352 4432 τὴν

781 4437 1149 4508 δικαιοσύνην,
1171 4439 1265 4491 καὶ
1298 4439 1600 4511 ἐλυμήνατο
1632 4441 1780 4512 αύτῴ
1816 4441 1913 4514 τὴν
1939 4441 2280 4515 δικαιοσύνην
2315 4447 2349 4517 ἡ

781 4520 1027 4574 ἀπόνοια.
1083 4521 1140 4574 ’0
1165 4523 1453 4593 Φαρισαῖος
1492 4523 1592 4576 οὐκ
1623 4519 1691 4594 ἦν
1712 4524 1940 4587 δίκαιος,
1963 4525 2241 4596 νηστεύων
2267 4526 2350 4591 δὶς

779 4601 877 4656 τοῦ
900 4603 1204 4669 σαϐϐάτου;
1236 4606 1330 4658 καὶ
1353 4604 1405 4657 τί
1427 4621 1620 4675 φησιν;
1651 4606 1774 4660 Οὐκ
1805 4607 1920 4675 εἰμὶ
1949 4606 2030 4673 ὡς
2067 4610 2121 4661 οί
2145 4610 2350 4663 λοιποί

781 4686 901 4739 τῶν
919 4687 1259 4756 ἀνθρώπω,
1284 4689 1544 4758 ἅρπαγες
1572 4689 1668 4743 καί
1689 4690 2062 4744 πλεονέκται.
2088 4692 2198 4744 Καὶ
2223 4693 2352 4745 πολε

781 4767 939 4832 λάκις
956 4770 1062 4822 ἀπὸ
1091 4770 1331 4840 καθαροῦ
1365 4771 1664 4834 συνειδότος
1686 4773 1766 4834 είς
1799 4771 2058 4827 ἀπόνοιαν
2083 4769 2216 4844 ἦλθέ
2242 4793 2346 4838 τις·

780 4851 878 4904 καὶ
922 4853 1060 4922 ὅπερ
1107 4852 1208 4905 οὐκ
1267 4853 1499 4922 ἔϐλαψεν
1543 4852 1705 4907 αὐτὸν
1745 4855 1778 4924 ἡ
1821 4855 2085 4926 ἁμαρτία,
2119 4856 2348 4927 ἔϐλαψεν

779 4936 943 4988 αὑτὸν
971 4938 1002 5005 ὴ
1035 4937 1279 4988 ἀπόνοια.
1313 4938 1426 4989 Οὐκ
1453 4936 1566 4989 ἔστι
1604 4938 1734 5005 γοῦν
1768 4938 2049 5008 ἄνθρωπον
2075 4941 2195 4994 καθ’
2224 4943 2346 4997 ὅλου

780 5017 951 5080 οὕτως
985 5013 1124 5070 εἶναι
1149 5018 1376 5081 δίκαιον,
1397 5019 1472 5081 ὡς
1499 5018 1738 5091 καθαρὸν
1758 5015 1894 5073 εἶναι
1921 5021 2030 5075 ἀπὸ
2053 5023 2343 5095 ἁμαρτίας,

779 5101 873 5152 καὶ
899 5100 1078 5163 πάλιν,
1112 5101 1209 5154 οὐκ
1245 5101 1389 5154 ἔστιν
1411 5102 1693 5170 ἄνθρωπον
1720 5102 1907 5156 ούδὲνα
1935 5107 2102 5159 κακὸν
2125 5103 2262 5162 εἶναι
2294 5121 2344 5173 α,

778 5180 854 5244 ὡς
892 5181 966 5251 μὴ
994 5181 1136 5250 ἔχειν
1158 5199 1206 5234 τι
1237 5183 1338 5236 κᾶν
1381 5184 1574 5254 μικρὸν
1599 5185 1821 5251 ἀγαθόν.
1864 5181 1989 5240 Οἶόν
2009 5206 2061 5241 τι
2088 5189 2249 5257 λέγω·
2285 5191 2345 5243 '0

775 5264 925 5317 δεῖνα
952 5264 1188 5334 ἁρπάζει
1217 5267 1312 5318 καὶ
1345 5267 1656 5319 πλεονεκτεῖ
1701 5270 1795 5321 καὶ
1836 5269 2189 5341 λυμαίνεται,
2228 5273 2342 5328 ἀλλ’

779 5345 946 5398 ἐνίοτε
995 5348 1362 5417 ἐλεημοσύνην
1424 5349 1670 5413 δίδωσιν,
1726 5351 1841 5403 ἀλλ’
1885 5352 2054 5405 ἐνίοτε
2109 5354 2343 5425 σώφρων

777 5430 940 5487 ἐστὶν,
963 5431 1075 5482 ἀλλ’
1093 5432 1257 5484 ἐνίοτε
1293 5430 1450 5498 λόγον
1483 5431 1593 5501 ἔχει
1621 5435 1873 5503 χρηστὸν,
1901 5435 2015 5488 ἀλλ’
2043 5436 2213 5490 ἐνίοτε
2237 5440 2343 5491 κᾶν

776 5513 854 5565 ἐνὶ
905 5513 1056 5583 ἀνδρὶ
1113 5514 1428 5582 ἐϐοήθησεν,
1484 5515 1597 5565 ἀλλ’
1640 5516 1808 5568 ἐνίοτε
1866 5517 2167 5581 ἔκλαυσεν,
2222 5521 2336 5573 ἀλλ’

775 5595 941 5647 ἐνίοτε
971 5595 1473 5663 ἐστύγνασεν.οῦτε
1492 5593 1583 5650 οῦν
1605 5597 1808 5662 δίκαιός
1831 5601 1944 5652 ἐστι
1973 5603 2142 5671 χωρὶς
2170 5604 2341 5674 ἀμαρ-

836 5748 862 5777 ¹⁵
887 5747 1016 5796 Εἶναι
1041 5748 1183 5798 deest
1204 5751 1249 5796 in
1275 5749 1395 5810 Reg.

1474 373 1534 432 S.
1573 369 1862 431 JOANNIS
1897 362 2355 426 CIIRYSOSTOM

2465 364 2754 423 LRCIIIEP.
2790 365 3352 426 CONSTANTINOP.

3908 357 4029 415 106°)

2471 475 2614 542 τίας,
2639 478 2761 531 οὔτε
2793 478 2942 531 ἐστὶν
2971 477 3293 549 ἁμαρτωλὸς
3317 475 3547 530 καθόλου
3580 474 3789 547 ἔρημος
4115 481 4119 566 γ

2471 568 2538 621 Τί
2570 567 2663 621 τοῦ
2692 568 2896 638 ’Δχαάϐ
2915 568 3293 641 χαλεπώτερον
3316 586 3332 634 ;
3357 568 3574 639 ἥρπασε
3605 566 3702 621 καὶ
3736 563 4026 634 ἐφόνευσεν·

2470 659 2586 712 ἀλλ’
2617 659 2766 730 ὅμως
2791 659 2980 730 ἐπειδὴ
3010 650 3328 730 ἐστύγνασε,
3361 659 3512 728 λέγει
3536 657 3616 729 τῷ
3651 657 3812 728 Ἠλίᾳ
3839 658 3871 710 6
3891 655 4027 720 Θεός·

2469 745 2646 816 Εἶδες
2669 747 2800 816 πῶς¹
2847 751 3147 820 κατενύτη
3201 749 3448 819 Ἀχαὰϐ,
3505 742 3648 810 εἶδες
3697 749 3760 800 ὲν
3809 744 4031 815 τοσούτῳ

2471 841 2619 912 βυθῷ
2650 841 2837 895 κακῶν
2857 840 2976 906 πῶς
2998 842 3195 914 εὑρέθη
3219 858 3274 894 τι
3300 838 3496 912 μικρὸν
3516 838 3721 908 ἀγαθόν
3742 855 3760 904 ;
3781 839 3849 891 Τί
3881 834 4030 891 Ἰούδα

2469 932 2650 1001 χεῖρον
2669 929 2761 984 τοῦ
2795 929 3080 1000 προδότου,
3111 929 3208 984 τοῦ
3247 928 3778 1000 αἰχμαλωτισθέντας
3815 926 3919 980 ὗπδ
3946 926 4030 995 τῆς

2469 1022 2869 1094 φιλαργυρίας;
2909 1022 3025 1079 ἀλλ’
3052 1023 3203 1093 ὅμως
3229 1022 3328 1076 καὶ
3359 1020 3523 1086 αὐτὸς
3561 1019 3791 1090 ἐποίησε
3824 1017 3927 1072 κάν
3950 1036 4029 1087 μισ

2468 1111 2600 1182 κρόν
2623 1129 2679 1165 τι
2713 1111 2854 1182 μετὰ
2883 1111 3060 1167 ταῦτα
3107 1111 3335 1182 ἀγαθόν.
3386 1112 3692 1180 Ἥμαρτον
3725 1109 3861 1180 γὰρ,
3892 1108 4028 1177 φησὶν

2467 1202 2775 1270 παραδοὺς
2805 1198 2949 1272 αἷμα
2986 1199 3200 1257 ἀθῶον-ι
3247 1201 3426 1273 Ὅπερ
3458 1197 3552 1256 οὖν
3583 1201 3804 1270 ελεγον·
3844 1199 3908 1253 οὗ
3937 1199 4029 1268 γάρ

2467 1295 2584 1348 ἐστι
2612 1293 2774 1364 φύσει
2801 1296 2834 1365 ἡ
2857 1296 3048 1359 κακία,
3091 1293 3178 1348 ἵνα
3219 1294 3295 1366 μὴ
3337 1294 3440 1370 ἔχῃ
3469 1293 3654 1366 χώραν
3684 1296 3720 1363 ἡ
3759 1293 3949 1364 ἀρετή.
3969 1292 4030 1344 τὸ

2463 1383 2741 1457 ’πρόϐατον
2769 1386 3028 1440 οὐδέποτε
3071 1386 3298 1442 δύναται
3335 1386 3590 1456 γενέσθαι
3637 1385 3855 1462 ἄγριον,
3888 1383 4032 1452 φύσει

2468 1477 2577 1548 γὰρ
2603 1476 2717 1547 ἔχει
2737 1477 2799 1530 τὸ
2824 1479 3052 1550 ἥμερον·
3084 1480 3114 1532 6
3141 1479 3306 1542 λύκος
3341 1478 3600 1532 οὐδέποτε
3631 1477 3856 1530 δύναται
3889 1475 4032 1544 γενέ-

2469 1566 2592 1621 σθαι
2616 1569 2846 1640 ἥμερος,
2881 1569 3043 1640 φύσει
3070 1569 3180 1642 γάρ
3217 1561 3330 1642 ἔχει
3361 1570 3425 1623 τδ
3468 1569 3681 1640 ἀγριον.
3722 1568 3801 1622 Ού
3829 1567 4030 1620 λύονται

2466 1653 2558 1712 οὖν
2586 1660 2637 1712 οί
2668 1659 2824 1730 νόμοι
2859 1661 2960 1730 τῆς
2984 1660 3219 1730 φύσεως,
3257 1659 3380 1714 οὐδὲ
3422 1658 3758 1722 σαλεύονται,
3785 1655 3922 1722 ἀλλά
3947 1655 4031 1726 μέ-

2466 1767 2652 1804 νουσιν
2688 1750 2956 1822 ἀκίνητοι.
2993 1751 3118 1805 Ἐπὶ
3149 1750 3285 1822 ἐμοῦ
3314 1749 3473 1804 τοῦτο
3511 1751 3613 1803 οὐκ
3639 1749 3740 1812 ενι,
3789 1737 3927 1801 ἀλλά
3949 1746 4031 1798 καὶ

2466 1841 2658 1913 ἄγριος
2687 1843 2912 1913 γίνομαι
2926 1845 3054 1899 ὅταν
3077 1843 3372 1914 βούλωμαι,
3391 1843 3487 1896 καὶ
3506 1843 3716 1912 ἥμερος
3733 1841 3862 1893 ὅταν
3885 1837 4028 1890 θέλω·

2465 1928 2528 1980 ού
2562 1925 2675 2000 γάρ
2700 1929 2860 1998 φύσει
2891 1930 3139 2001 δέδεμαι,
3184 1931 3299 1985 ἀλλ’
3340 1929 3629 2000 ἐλευθερίᾳ
3676 1926 4031 1999 προαιρέσεως

2465 2019 2792 2091 τετίμημαι.
2821 2022 3010 2092 Ὅπερ
3033 2016 3127 2075 οὖν
3156 2018 3334 2088 εἷπον,
3366 2020 3492 2074 οὕτε
3515 2019 3722 2088 ἀγαθός
3764 2035 3850 2080 τις
3874 2015 4032 2076 οὕτως

2467 2107 2638 2172 ἐστὶν,
2667 2109 2745 2172 ὡς
2772 2111 2847 2180 μὴ
2869 2109 3018 2180 ἐχειν
3053 2110 3259 2182 μικράν
3297 2109 3515 2179 κηλίδα,
3543 2105 3672 2161 οὔτε
3705 2106 3940 2176 πονηρός
3960 2117 4032 2165 τις

2466 2199 2641 2263 οὕτως
2668 2201 2834 2265 ἐστὶν,
2865 2199 2941 2264 ὡς
2968 2202 3044 2273 μὴ
3067 2201 3212 2272 ἔχειν
3249 2201 3352 2256 κᾶν
3387 2197 3582 2270 μικρὸν
3607 2197 3836 2267 ἀγαθόν.

2551 2289 2705 2344 Ἐπεὶ
2727 2286 2821 2345 οῦν
2848 2292 3067 2346 πάντων
3089 2290 3356 2355 ἀντίδοσίς
3374 2293 3517 2356 ἐστί,
3545 2291 3643 2343 καὶ
3663 2289 3883 2342 πάντων
3900 2285 4029 2338 ἐστὶν

2431 2382 2694 2452 .ἀμοιϐή·
2734 2382 2835 2437 κάν
2865 2383 2976 2455 γὰρ
3025 2382 3219 2452 φονεὺς
3335 2400 3441 2447 τις,
3473 2381 3577 2435 κάν
3605 2379 3842 2450 πονηρός
3873 2397 3953 2442 τις
3974 2373 4027 2451 ᾖ.

2467 2473 2573 2526 κᾶν
2611 2472 2940 2545 πλεονέκτης
2965 2474 3017 2539 1³,
3057 2475 3259 2546 ποιήσῃ
3285 2472 3343 2528 δέ
3383 2470 3567 2536 καλὸν,
3603 2471 3752 2544 μένει
3773 2470 3924 2540 αὐτῷ
3947 2470 4026 2523 τοῦ

2463 2561 2638 2618 καλοῦ
2665 2566 2699 2635 ὴ
2726 2553 3104 2629 ἀνταπόδοσις,
3143 2566 3240 2618 καὶ
3275 2564 3338 2620 ού
3375 2564 3464 2618 διά
3497 2563 3566 2617 τά
3595 2564 3764 2625 κακὰ,
3796 2562 3835 2616 ἀ
3861 2561 4028 2628 ἐποίη-

2467 2673 2582 2723 σεν,
2607 2654 2837 2726 ἄμισθον
2868 2655 3077 2726 γίνεται
3105 2656 3166 2709 τὺ
3190 2655 3374 2710 καλόν.
3401 2656 3512 2708 Καὶ
3538 2655 3719 2718 πάλιν,
3747 2655 3854 2710 κάν
3881 2651 4028 2724 μυρία

2465 2747 2886 2818 τιςέργάζηται
2943 2747 3161 2817 ἀγαθὰ,
3219 2749 3423 2819 ποιήσῃ
3463 2747 3522 2800 δέ
3553 2764 3610 2800 τι
3637 2745 3863 2816 φαῦλον,
3887 2743 4029 2816 ’μένει

2467 2837 2618 2908 αὺτῷ
2638 2838 2734 2891 τοῦ
2760 2838 2968 2907 φαύλου
2997 2841 3032 2910 ἡ
3061 2838 3438 2900 ἀνταπόδοσις.
3454 2838 3672 2908 Κάτεχε
3687 2837 3881 2898 ταῦτα,
3895 2833 4026 2909 [788]

2466 2931 2623 2999 τήρει
2656 2930 2796 2983 αὐτὰ
2821 2929 2996 3000 ὀχυρά
3024 2931 3118 2982 καὶ
3137 2931 3392 2999 ἀκίνητα.
3417 2928 3555 2983 Οὔτε
3586 2928 3790 2997 ἀγαθός
3821 2927 3907 2990 τίς
3927 2927 4028 2978 ἐστι

2467 3020 2638 3090 χωρὶς
2693 3020 3003 3089 ἁμαρτίας,
3064 3017 3188 3072 οὔτε
3232 3019 3406 3082 κακός
3448 3018 3534 3081 τίς
3587 3019 3704 3070 ἐστι
3761 3016 3934 3087 χωρὶς
3963 3016 4029 3067 6:-

2465 3110 2780 3181 καιοσύνης.
2798 3111 2878 3165 Τά
2913 3111 3053 3166 αὐτὰ
3073 3112 3184 3183 γὰρ
3208 3111 3352 3180 λέγω
3376 3111 3558 3175 πάλιν,
3587 3112 3674 3163 ἵνα
3704 3109 3939 3181 ῥιζὼσω,
3955 3109 4027 3160 ἴνα

2465 3201 2739 3270 φυτεύσω,
2779 3202 2868 3255 ἵνα
2893 3203 2972 3266 εἰς
3009 3202 3174 3274 βάθος
3207 3203 3380 3272 θήσω.
3418 3201 3709 3273 Ἐμϐάλλει
3747 3199 3860 3273 γάρ
3893 3218 4027 3264 τινας

2468 3293 2740 3364 μερίμνας
2758 3295 2786 3346 6
2812 3293 3057 3357 διάϐολος
3094 3295 3171 3356 είς
3199 3293 3298 3362 τὴν
3336 3292 3532 3363 ψυχὴν,
3570 3292 3894 3362 βουλόμενος
3910 3292 4029 3344 ἀπο-

2465 3383 2795 3453 ϐουκολῆσαι
2833 3383 2987 3453 ὑμῶν
3013 3383 3109 3454 τὴν
3153 3384 3413 3447 διάνοιαν,
3463 3383 3562 3437 καὶ
3605 3384 3946 3455 λυμήνασθαι
3971 3382 4028 3433 τά

2463 3478 2598 3548 παρ’
2629 3476 2764 3547 ἐμοῦ
2793 3476 3081 3546 λεγόμενα·
3099 3477 3189 3528 διά
3216 3477 3378 3530 τοῦτο
3403 3478 3483 3540 είς
3514 3476 3678 3547 βάθος
3705 3476 3848 3529 αύτά
3873 3493 4028 3528 κατα-
4117 3497 4119 3502 ·

2463 3568 2631 3638 φέρω.
2680 3567 2807 3622 Ἐάν
2855 3569 2965 3641 γὰρ
3011 3561 3113 3621 ὧδε
3167 3571 3412 3640 τηρήσῃς
3470 3568 3749 3637 ἀσφαλῶς,
3803 3567 3909 3620 κάν
3934 3566 4025 3632 ἐξω

2462 3657 2738 3728 ἀπέλθῃς,
2781 3657 3048 3711 ἀπολέσαι
3093 3658 3231 3710 αὑτά
3271 3659 3331 3710 οὐ
3376 3657 3626 3712 δύνασαι.
3668 3659 3882 3728 Ὥσπερ
3908 3656 4020 3725 γάρ,

2459 3747 2559 3801 ἐὰν
2589 3747 2736 3818 βάλω
2763 3749 2986 3820 χρυσίον
3010 3750 3091 3812 είς
3119 3748 3424 3816 βαλάντιον,
3448 3751 3666 3818 σφίγγω
3689 3750 3782 3802 καὶ
3804 3747 4020 3819 σφραγί-

2462 3841 2647 3912 ζομαι,
2665 3840 2753 3894 ἵνα
2782 3841 2878 3895 καὶ
2905 3839 3040 3912 ἐμοῦ
3069 3840 3302 3904 ἀπόντος
3332 3843 3361 3894 6
3380 3841 3584 3914 λῃστὴς
3616 3840 3692 3912 μὴ
3715 3841 3878 3914 λάϐῃ,
3895 3840 4019 3892 οὕτω

2461 3931 2567 3988 καῖ
2584 3933 2676 3984 ἐπὶ
2702 3933 2800 4004 τῆς
2827 3933 3096 4005 ὑμετέρας
3123 3933 3346 4003 ἀγάπης
3375 3933 3535 3986 ποιῶ·
3568 3936 3635 4004 τῇ
3665 3933 3917 4004 συνεχείᾳ
3937 3933 4019 4000 τῆς

2461 4023 2812 4087 διδασκαλίας
2843 4023 3060 4092 σφίγγω
3095 4025 3189 4078 καὶ
3223 4023 3524 4094 σφραγῖδας
3563 4024 3848 4093 ἐπιτίθημι
3872 4063 3887 4087 ,
3938 4022 4017 4074 καὶ

2461 4116 2831 4186 ἀσφαλίζομαι
2864 4115 3019 4186 ὑμῶν
3057 4115 3157 4186 τὴν
3181 4115 3426 4186 γνώμην,
3467 4117 3555 4169 ἵνα
3589 4117 3666 4187 μὴ
3699 4116 3917 4186 γένηται
3944 4113 4016 4175 ἐξα

2466 4207 2644 4276 ίτηλος
2668 4210 2733 4276 τῇ
2767 4205 3032 4278 ῥᾳθυμίᾳ,
3054 4206 3169 4260 ἀλλ’
3197 4208 3283 4260 ἵνα
3317 4209 3562 4278 τηρήσας
3603 4207 3825 4276 μᾶλλον,
3857 4209 3920 4277 τῇ
3944 4209 4015 4258 ὲν-

2461 4298 2635 4352 ταῦθα
2664 4298 2875 4369 γαλήνῃ
2901 4299 3002 4350 τὸν
3037 4297 3143 4363 ἔξω
3180 4297 3408 4369 θόρυϐον
3459 4298 3907 4368 ἀποκρούσωμαι.
3953 4297 4013 4348 Ού

2460 4390 2642 4445 τοίνυν
2672 4389 2847 4444 ταῦτα
2891 4390 3215 4458 πολυλογίας
3249 4391 3318 4443 τὰ
3355 4390 3646 4459 λεγόμενα,
3691 4389 3805 4441 ἀλλ’
3837 4390 4014 4457 ἐπιμε-

2460 4478 2611 4542 λείας
2634 4480 2729 4533 καὶ
2765 4478 3148 4549 φιλοστοργίας
3206 4479 3301 4531 καὶ
3339 4477 3643 4532 πόθου-τοῦ
3687 4477 4012 4536 διδασκάλου,

2460 4570 2546 4623 ἵνα
2577 4571 2653 4641 μὴ
2713 4571 2963 4640 ἀπορρυῇ
2995 4571 3064 4622 τά
3119 4569 3409 4639 λεγόμενα.
3465 4569 3652 4623 Ταῦτα
3709 4569 3816 4641 γάρ
3854 4568 4014 4634 λέγειν

2459 4663 2586 4733 ἐμοὶ
2619 4662 2718 4733 μὲν
2747 4661 2849 4715 οὐκ
2899 4661 3154 4734 ὀκνηρὸν,
3227 4663 3354 4730 ὑμῖν
3414 4662 3472 4714 δὲ
3522 4662 3783 4728 ἀσφαλές·
3829 4659 4011 4724 διδάξαι

2460 4753 2743 4823 βούλομαι,
2765 4754 2863 4823 οὐχ
2897 4749 3084 4816 ἁπλῶς
3108 4751 3497 4816 ἐπιδείξασθαι,
3529 4754 3645 4805 Οὐκ
3673 4753 3817 4804 ἔστιν
3841 4745 3928 4802 οὖν
3945 4765 4012 4809 τις

2456 4845 2688 4908 δίκαιος,
2718 4844 2779 4908 ὃς
2828 4845 2934 4896 οὑκ
2980 4845 3095 4914 ἔχει
3151 4844 3445 4915 ἁμαρτίαν·
3501 4843 3598 4896 καὶ
3655 4845 3755 4896 οὑκ
3802 4843 3912 4895 ἔστι
3943 4857 4011 4900 τις

2455 4936 2778 5007 ἁμαρτωλὸς
2798 4935 2858 4998 ὃς
2885 4935 2986 4988 οὐκ
3015 4935 3128 5006 ἔχει
3151 4935 3353 5004 ἀγαθόν
3374 4952 3388 4964 ·
3416 4935 3534 4988 ἀλλ’
3563 4935 3756 5005 ἐπειδὴ
3790 4935 4011 4987 ἑκάστων

2456 5030 2605 5082 ἐστὶν
2648 5018 2949 5093 ἀντίδοσις,
3001 5029 3167 5099 βλέπε
3214 5029 3266 5082 τί
3315 5012 3531 5097 (γίνεται
3565 5046 3580 5058 ·
3627 5030 3685 5081 '0
3713 5026 4010 5099 ἁμαρτωλὸς

2454 5120 2829 5190 ἀπολαμϐάνει
2855 5121 2966 5175 τῶν
2987 5121 3206 5188 ἀγαθῶν
3237 5119 3402 5172 αὐτοῦ
3429 5122 3717 5192 ἰσόρροπον
3758 5122 3854 5191 τὴν
3883 5119 4008 5171 ἀντί-

2453 5213 2622 5275 δοσιν,
2653 5212 2750 5265 ἐάν
2773 5230 2827 5266 τι
2872 5213 2970 5283 ἔχῃ
3013 5213 3118 5266 κᾶν
3153 5211 3347 5282 μικρὸν
3390 5212 3626 5279 ἀγαθόν·
3659 5213 3749 5264 καὶ
3774 5212 3802 5263 6
3826 5211 4006 5268 δίκαιος

2453 5304 2830 5374 ἀπολαμϐάνει
2887 5305 2985 5374 τῆς
3045 5304 3318 5376 ἁμαρτίας
3369 5303 3534 5356 αὐτοῦ
3588 5304 3686 5375 τὴν
3747 5304 4006 5375 ἰσόρροπον

2453 5395 2654 5466 κρίσιν,
2686 5395 2788 5448 κᾶν
2823 5395 3018 5466 μικρόν
3044 5413 3097 5449 τι
3133 5397 3331 5467 ποιήσῃ
3365 5397 3555 5450 κακόν.
3586 5397 3651 5449 Τί
3679 5391 3772 5450 οὖν
3798 5397 4002 5464 γίνεται,

2512 5701 2541 5740 b
2572 5702 2724 5752 \r'alic.
2747 5704 2835 5752 κᾶν
2869 5704 2959 5768 γάρ
2999 5705 3199 5769 φονεύσῃ
3222 5723 3306 5765 τις,
3331 5707 3420 5754 κᾶν
3441 5709 3697 5771 πορνεύσῃ,
3726 5709 3812 5755 κᾶν
3836 5711 3996 5755 17211.:-

2456 5771 2626 5822 κτὴσρ.
