4154 6320
269 360 405 412 ιυιι

283 477 408 519 sunt
435 465 636 530 inuitat,
662 474 714 519 et
740 464 821 519 sol
844 472 900 520 et
927 464 1048 517 luna
1073 503 1086 521 .
1110 461 1186 515 sic
1210 457 1579 515 etdiﬂ'ereutia
1614 467 1694 512 est
1723 457 1864 511 inter

258 556 453 626 iustos
483 574 497 609 :
525 555 640 608 Alia
653 555 845 625 quippe
869 553 1076 608 claritas
1089 551 1214 604 solis
1237 591 1252 612 ,
1293 558 1341 603 et
1368 549 1470 601 alia
1496 548 1665 612 luna,
1697 556 1741 600 st
1763 546 1866 600 alia

279 645 488 698 claritas
524 644 786 698 stellarum
812 644 888 715 (i.
919 641 1039 696 Cor.
1069 642 1156 696 l5.
1179 639 1273 709 41)
1297 656 1311 692 :
1338 637 1577 707 quaedam
1607 637 1745 691 enim
1773 651 1864 689 ex-

286 734 484 788 cellunt
509 735 769 800 claritate,
798 733 1040 803 quasdam
1065 739 1423 800 superantur;
1445 726 1864 797 etquetnadmo-

277 823 408 879 dum
436 838 655 894 corpora
682 835 802 878 sunt
828 824 1081 886 caelestia,
1105 824 1182 877 sic
1202 830 1268 876 et
1287 830 1412 875 sunt
1437 834 1660 887 corpora
1693 827 1863 872 terre-

277 916 408 969 stris
430 957 444 981 ,
490 926 544 970 et
580 915 1029 985 quemadmodum
1071 913 1122 968 in
1163 912 1478 981 corporibus
1502 909 1645 964 aliud
1673 925 1863 964 cervus

276 998 381 1070 est,
408 1005 551 1058 aliud
571 1006 720 1058 canis
739 1047 752 1068 ,
777 1003 927 1059 aliud
950 1005 1053 1068 leo,
1087 1003 1228 1070 aliud
1256 1002 1358 1057 alia
1381 1000 1512 1065 fera,
1531 999 1670 1054 aliud
1695 999 1857 1068 aspis,

273 1094 419 1149 aliud
444 1095 547 1149 tale
575 1095 848 1164 quippiam
882 1112 896 1146 ε
927 1094 1006 1147 sic
1029 1104 1083 1147 et
1115 1077 1165 1145 in
1186 1091 1422 1162 peccatis
1448 1100 1574 1145 sunt
1606 1088 1861 1144 differen-

274 1184 383 1237 tite.
429 1183 685 1238 nomines
718 1185 885 1253 igitur
909 1183 995 1236 alii
1031 1183 1245 1257 quidem
1274 1189 1398 1236 sunt
1419 1180 1580 1251 justi,
1615 1179 1703 1232 alii
1734 1193 1860 1233 vero

273 1284 582 1349 peccatores
611 1292 624 1329 :
655 1275 748 1329 sed
790 1285 842 1329 et
877 1275 931 1328 in
955 1275 1114 1344 justis
1155 1274 1378 1328 multum
1423 1281 1506 1327 est
1549 1271 1856 1336 discrimen,

270 1374 329 1418 et
373 1365 424 1418 in
471 1356 839 1438 peccatoribus
883 1367 1109 1420 multum
1155 1373 1210 1419 et
1259 1365 1576 1419 immensum
1618 1379 1631 1415 :
1673 1377 1856 1416 verum

268 1455 508 1509 attende.
549 1448 701 1510 Licet
717 1456 890 1523 justus
911 1457 978 1509 sit
1005 1457 1124 1525 quis
1142 1496 1164 1523 ,
1190 1455 1322 1510 licet
1343 1454 1542 1516 millies
1567 1453 1635 1506 sit
1656 1453 1852 1522 justus,

270 1553 324 1598 et
349 1545 414 1598 ad
446 1547 653 1622 culmen
707 1548 878 1614 ipsum
921 1545 1228 1600 ascenderit
1261 1562 1274 1598 :
1304 1545 1374 1598 ita
1398 1585 1414 1609 ,
1461 1554 1517 1598 ut
1557 1556 1750 1612 expers
1782 1542 1856 1594 sit

270 1639 473 1701 peccati
501 1679 512 1701 ,
558 1651 661 1690 non
690 1645 866 1706 potest
890 1651 1010 1690 esse
1040 1634 1270 1690 mundus
1291 1650 1320 1687 a
1351 1635 1509 1690 sorde
1538 1642 1559 1687 :'
1581 1634 1703 1688 licet
1733 1633 1854 1687 mil-

269 1726 367 1780 lies
381 1726 556 1796 justus
580 1728 649 1780 sit
671 1769 685 1792 ,
717 1737 798 1781 est
829 1734 1004 1782 tamen
1028 1727 1210 1781 homo.
1258 1726 1382 1791 Quis
1406 1727 1536 1781 enim
1557 1724 1854 1796 gloriabitur

262 1827 459 1871 castum
485 1835 537 1872 se
557 1820 738 1874 habere
760 1836 848 1873 cor
870 1861 884 1884 ,
917 1828 1007 1873 aut
1028 1821 1140 1890 quis
1155 1820 1382 1888 conﬁdet
1408 1820 1650 1872 mundum
1671 1833 1729 1870 se
1747 1832 1853 1870 esse

264 1924 299 1960 α
327 1920 529 1978 peccato
551 1909 731 1975 (Prov.
755 1909 846 1964 20.
874 1909 973 1980 9)?
1011 1910 1299 1979 Propterea
1327 1909 1504 1964 dicere
1531 1909 1580 1961 in
1611 1907 1850 1961 oratione

263 2000 515 2069 iubemur
544 2001 797 2057 LDimitte
828 2003 970 2056 uobis
997 2001 1162 2056 debita
1195 2011 1370 2056 nostra
1410 2000 1624 2067 (Matth.
1648 1999 1702 2054 6.
1734 1999 1847 2069 1‘2),

266 2101 323 2143 ut
351 2091 608 2145 orationis
625 2089 1019 2147 consuetudine
1047 2091 1430 2146 admoneamur
1476 2089 1582 2144 illic
1613 2103 1717 2143 nos
1746 2087 1847 2143 ob-

203 2247 206 2252 .
263 2169 452 2235 neiios
470 2196 591 2237 esse
618 2183 910 2252 suppliciis.
958 2183 1168 2238 Etenim
1198 2183 1394 2238 Paulus
1418 2181 1719 2251 apostolus,
1753 2194 1844 2234 vas

259 2271 561 2337 electionis,
610 2273 704 2326 Dei
752 2274 1045 2341 templum,
1087 2287 1149 2327 es
1165 2272 1555 2346 Christiulyra
1594 2270 1842 2339 Spiritus,

257 2361 448 2417 doctor
463 2364 606 2418 orbis
625 2373 904 2431 terrarum,
931 2365 1020 2434 qui
1042 2375 1235 2418 terram
1263 2375 1318 2418 et
1345 2379 1492 2418 mare
1519 2363 1841 2432 peragravit,

255 2452 347 2521 qui
372 2463 719 2522 peccatorum
749 2455 929 2523 spinas
955 2454 1204 2519 revulsit,
1233 2455 1320 2524 qui
1336 2454 1614 2523 religionis
1641 2453 1843 2507 semina

253 2542 504 2611 jactavit;
535 2546 625 2601 ille
655 2546 869 2614 regibus
895 2548 1229 2615 opulentior,
1259 2547 1346 2601 ille
1373 2545 1626 2601 divitibus
1650 2555 1841 2614 potetu-

257 2634 365 2687 tior
387 2674 403 2699 ,
444 2636 698 2690 militibus
741 2637 960 2701 fortior,
1002 2637 1091 2691 ille
1119 2637 1286 2707 magis
1313 2635 1658 2705 philosophus
1683 2649 1840 2704 quam

253 2724 354 2793 ipsi
383 2725 702 2795 philosophi,
735 2727 821 2782 ille
846 2728 1092 2782 disertior
1111 2727 1433 2791 Oratoribus,
1465 2727 1552 2797 qui
1581 2727 1710 2780 nihil
1741 2724 1842 2780 ha-

251 2815 446 2882 bebat,
484 2825 547 2870 et
573 2817 747 2870 omnia
780 2817 1103 2886 possidebat,
1141 2818 1229 2885 qui
1277 2827 1502 2872 mortem
1531 2817 1717 2870 umbra
1746 2831 1840 2870 sua

251 2909 529 2974 solvebat,
573 2909 661 2978 qui
691 2910 906 2964 morbos
935 2910 1046 2963 suis
1090 2909 1426 2963 vestimentis
1468 2908 1680 2977 fugabat
1705 2949 1718 2971 ,
1749 2909 1840 2978 qui

251 3011 447 3068 tropum
466 3001 632 3054 erexit
656 3000 705 3053 in
731 3000 879 3068 mari,
913 2999 977 3053 ad
1004 3000 1210 3053 tertium
1244 3015 1410 3068 usque
1439 3001 1623 3052 etnlum
1657 3009 1838 3068 raptus

247 3098 361 3153 est,
393 3089 524 3143 etin
568 3089 869 3158 paradisum
904 3090 1173 3158 ingressus
1197 3129 1210 3155 ,
1253 3090 1341 3156 qui
1370 3087 1640 3142 Christum
1675 3089 1835 3143 Deum

249 3177 556 3245 prmdimvit
579 3217 594 3242 ,
648 3179 734 3232 ille
775 3178 899 3232 dicit
931 3195 945 3230 :
977 3176 1127 3231 Nihil
1163 3178 1287 3231 mihi
1319 3177 1550 3230 conscius
1577 3195 1688 3231 sum
1710 3194 1730 3231 :
1750 3179 1838 3232 sed

246 3284 348 3321 non
382 3269 430 3320 in
472 3269 567 3320 hoc
596 3269 907 3336 justi/iectus
940 3285 1051 3321 sum
1091 3267 1168 3337 (l.
1199 3267 1314 3322 Cor.
1340 3268 1391 3321 4.
1424 3269 1480 3336 ι)
1512 3286 1523 3320 :
1556 3270 1644 3338 qui
1673 3270 1833 3323 talem

248 3371 558 3431 tantamque
600 3363 852 3416 virtutum
902 3363 1111 3432 copiam
1155 3361 1514 3432 acquisierat,
1568 3364 1687 3416 ait:
1734 3362 1836 3428 Qui

243 3463 408 3505 utilem
426 3454 626 3523 judicat
653 3470 729 3505 me
750 3495 765 3519 ,
796 3453 1042 3505 Dominus
1079 3460 1168 3505 est.

319 3541 509 3594 Nullus
533 3553 602 3595 est
627 3543 862 3595 immunis
889 3559 920 3593 a
957 3550 1178 3610 peccato.
1205 3569 1278 3580 —
1320 3540 1448 3606 Quis
1479 3555 1605 3610 ergo
1632 3541 1830 3611 gloria-

243 3633 386 3686 bitur
423 3641 626 3687 castum
654 3649 712 3687 se
743 3632 937 3686 habere
965 3647 1058 3686 cer
1087 3650 1099 3685 :
1124 3640 1223 3684 aut
1251 3632 1369 3700 quis
1398 3632 1631 3686 conlldct
1672 3649 1830 3686 mun-

241 3724 370 3776 dum
392 3738 449 3778 se
470 3739 591 3779 esse
619 3739 652 3778 a
675 3724 927 3793 peccato?
959 3722 1291 3792 lmpossibile
1307 3731 1390 3786 est
1415 3724 1595 3792 igitur,
1620 3725 1831 3780 utullus

244 3817 404 3870 homo
429 3817 498 3870 sit
520 3831 547 3868 a
579 3825 794 3885 peccato
833 3815 1104 3870 immunis.
1146 3814 1281 3881 Quid
1317 3816 1459 3868 enim
1502 3815 1618 3870 ais?
1647 3816 1830 3873 Justus

239 3906 369 3961 est?
395 3907 698 3961 misericors
723 3906 842 3961 est?
869 3920 1158 3976 pauperum
1185 3920 1370 3986 amans
1401 3905 1516 3960 est?
1547 3909 1614 3986 ᾼῑ
1641 3909 1826 3963 vitium

240 3995 456 4066 aliquod
487 3995 646 4050 habet
675 4015 688 4050 ς
715 3997 796 4076 vel
825 3997 1124 4066 importune
1151 3997 1489 4051 contumeliis
1514 3997 1675 4053 afﬁcit
1697 4041 1712 4066 ,
1745 4000 1826 4054 vel

240 4088 384 4141 inani
428 4087 593 4157 gloria
632 4087 873 4153 ducitur,
927 4088 1008 4142 vel
1049 4087 1190 4142 aliud
1225 4088 1497 4158 quidpiam
1529 4089 1631 4144 tale
1677 4090 1821 4159 agit;

239 4193 346 4234 non
369 4179 510 4232 enim
541 4179 866 4233 recensendo
895 4181 1018 4232 Sunt
1039 4181 1235 4232 omnia.
1266 4179 1362 4233 Hic
1392 4180 1694 4234 misericors
1719 4191 1820 4246 est,

237 4270 334 4326 sed
367 4286 468 4324 non
500 4279 801 4340 temperans
831 4288 843 4324 :
880 4285 1121 4340 perswpe
1142 4269 1230 4325 ille
1261 4281 1563 4340 temperans
1583 4272 1821 4341 quidem,

235 4372 287 4416 at
318 4361 620 4417 misericors
643 4377 746 4415 non
773 4371 851 4416 est
885 4379 898 4415 :
933 4362 1018 4415 hic
1044 4362 1259 4416 virtutis
1290 4363 1467 4434 unius,
1494 4363 1581 4416 ille
1602 4363 1822 4419 alterius

205 4443 393 4508 (laude
439 4453 754 4509 celebratur.
804 4453 883 4508 Sit
911 4453 1104 4518 aliquis
1125 4453 1320 4522 justus,
1353 4463 1408 4508 et
1435 4469 1576 4524 sape
1605 4455 1819 4524 quidem

232 4545 408 4615 justus
432 4553 532 4609 est,
563 4545 716 4613 eique
738 4544 913 4596 omnia
941 4544 1123 4598 insunt
1148 4545 1283 4598 bona
1305 4585 1318 4608 ,
1350 4544 1444 4598 sed
1474 4545 1544 4600 ob
1559 4545 1817 4613 justitiam

232 4632 478 4701 superbia
510 4641 694 4693 tumet,
723 4631 941 4700 ejusque
957 4631 1214 4700 justitiam
1245 4633 1492 4701 superbia
1520 4633 1816 4690 labefactat.

230 4723 498 4793 Numquid
522 4724 697 4792 justus
737 4732 855 4785 erat
885 4723 1218 4788 Pharisteus,
1266 4725 1354 4794 qui
1386 4725 1467 4779 bis
1505 4727 1556 4778 in
1598 4727 1818 4781 sabbato

228 4815 541 4886 jejunabat?
590 4815 726 4884 Quid
769 4824 945 4868 autem
985 4815 1148 4870 dicit?
1193 4815 1313 4869 Non
1342 4834 1452 4870 sum
1490 4819 1618 4872 sicut
1652 4821 1819 4874 caueri

227 4906 509 4971 hominum,
537 4916 782 4976 raptores,
814 4907 990 4976 injusti
1017 4906 1167 4974 (Luc.
1196 4907 1281 4962 l8.
1315 4909 1402 4978 ll)
1434 4927 1444 4960 :
1478 4925 1540 4963 ac
1577 4925 1816 4980 persaepe

227 5014 292 5052 ex
322 4998 645 5052 conscientia
677 4996 871 5050 munda
919 4998 968 5050 in
1013 4997 1315 5066 superbiam
1342 4998 1644 5053 devolvitur
1672 5003 1808 5071 quis,

224 5099 279 5145 et
305 5089 447 5160 quod
475 5105 578 5143 non
604 5091 772 5159 potuit
802 5089 872 5142 illi
898 5089 1091 5159 afferre
1111 5089 1487 5145 detrimentum
1513 5104 1806 5159 peccatum,

224 5183 380 5235 allert
425 5181 691 5249 superbia.
742 5180 880 5233 Fieri
919 5196 1045 5250 ergo
1089 5197 1193 5234 non
1229 5191 1436 5250 potest,
1471 5193 1528 5237 ut
1557 5178 1715 5240 hoino
1744 5188 1813 5242 sit

223 5273 294 5325 ita
333 5272 543 5339 penitus
587 5270 759 5338 justus
788 5311 801 5332 ,
833 5279 942 5322 uta
976 5281 1191 5338 peccato
1228 5273 1296 5326 sit
1325 5274 1589 5339 mundus;
1639 5292 1810 5346 neque

221 5378 409 5418 rursus
444 5363 556 5415 ﬁeri
597 5363 772 5432 petest
804 5373 858 5415 ut
886 5364 1024 5416 ullus
1051 5366 1122 5417 ita
1154 5365 1324 5418 malus
1352 5367 1420 5419 sit
1451 5367 1642 5432 homo,
1683 5371 1806 5437 quin

219 5456 415 5511 habeat
471 5455 682 5524 aliquod
735 5457 921 5509 saltem
980 5459 1227 5526 exiguum
1286 5458 1503 5512 bonum.
1566 5461 1806 5530 Exempli

215 5564 412 5612 causa,
467 5547 556 5602 ille
588 5551 726 5616 rapit
765 5558 819 5601 et
858 5547 1064 5601 fraudat
1106 5559 1159 5602 et
1204 5552 1490 5618 perniciem
1526 5553 1722 5606 infert:
1754 5564 1808 5607 at

216 5654 619 5708 nonnumquam
650 5640 868 5710 largitur
893 5643 1306 5712 elecmosynam,
1333 5653 1385 5696 at
1408 5660 1804 5715 nonnumquam

207 5744 524 5801 temperans
547 5744 648 5801 est,
680 5743 732 5786 at
760 5749 1154 5804 nonnumquam
1187 5736 1325 5790 bona
1353 5738 1515 5792 verba
1548 5740 1798 5809 loquitur,

1508 344 1595 398 DE
1626 342 1895 397 LAZARO
1931 340 2175 396 CONCIO
2236 341 2319 396 ιἰ.

3415 340 3550 396 1042

1979 465 2040 509 at
2061 471 2456 527 nonnumquam
2485 455 2573 511 uni
2602 457 2790 512 saltem
2815 456 2930 510 viro
2968 453 3261 510 subsidium
3307 455 3551 524 praebuit.

1972 559 2026 600 at
2055 563 2448 617 nonnunquam
2473 549 2642 614 luxit,
2691 557 2748 603 at
2769 562 3174 617 'nomurmquam
3212 559 3446 602 mature
3477 555 3547 600 ta-

1972 647 2089 718 ctus
2110 635 2224 692 fuit.
2253 637 2362 694 Nec
2388 639 2545 709 igitur
2565 639 2741 707 justus
2766 649 2852 693 est
2880 639 3020 693 ullus
3045 637 3160 691 sine
3181 645 3432 706 peccaui,
3462 652 3552 690 nt-

1965 743 2076 797 (με
2121 738 2373 798 peccator
2412 738 2495 784 est
2533 730 2745 800 penitus
2774 743 2965 797 expers
3003 727 3151 782 boni.
3200 726 3338 796 Quid
3370 725 3554 781 Achab

1963 819 2362 886 :pernieiesius?
2404 820 2602 890 Rapuit
2638 828 2693 875 et
2719 819 2914 874 occidit
2946 837 2959 873 :
2987 829 3352 873 verumtamen
3403 829 3552 887 pest-

1961 892 2378 980 quam'moesws
2409 911 2542 979 fuit,
2572 912 2699 967 dicit
2725 912 2853 967 Elite
2876 912 3057 967 Deus:
3096 910 3279 965 Vidisti
3302 911 3550 980 quemad-
3605 933 3612 938 -

1968 1001 2173 1054 modum
2197 1012 2524 1072 compunctus
2537 1011 2612 1057 est
2634 1001 2807 1056 Achab
2833 1001 2911 1072 (ὃ.
2942 1001 3073 1072 Reg.
3101 1000 3192 1055 21.
3222 999 3359 1069 29)?
3389 999 3552 1054 Vides

1966 1101 2026 1146 ut
2055 1093 2106 1146 in
2137 1103 2282 1148 tante
2326 1095 2585 1149 malorum
2629 1095 2838 1164 gurgite
2873 1093 3073 1148 bonum
3119 1093 3384 1161 quoddam
3431 1093 3549 1146 exi-

1965 1198 2125 1251 guum
2175 1185 2246 1237 sit
2291 1185 2599 1239 inventum?
2644 1183 2786 1252 Quid
2827 1184 3097 1253 proditore
3122 1183 3256 1238 inda
3293 1182 3548 1248 deterius,

1959 1272 2053 1341 qui
2098 1275 2333 1328 avaritize
2375 1265 2695 1344 mancipium
2739 1273 2873 1327 fuit‘t
2917 1271 3296 1328 Verumtamen
3335 1281 3392 1328 et
3432 1272 3547 1340 ipse

1965 1362 2085 1417 boni
2113 1365 2380 1434 quidpiam
2407 1366 2595 1418 saltem
2621 1364 3076 1436 exiguumdeinde
3104 1364 3344 1434 prmstitit
3371 1381 3386 1417 :
3415 1362 3548 1417 Prc-

1963 1455 2072 1507 cavi
2094 1456 2232 1508 enim
2255 1496 2268 1519 ,
2307 1456 2512 1526 inquit,
2549 1456 2754 1510 tradens
2771 1456 3073 1525 sanguinem
3095 1457 3295 1526 justum
3329 1453 3542 1526 (Matth.

1960 1543 2049 1597 27.
2080 1544 2158 1615 4).
2187 1545 2336 1612 Quod
2365 1547 2523 1616 igitur
2540 1547 2802 1613 dicebam,
2831 1561 2936 1600 non
2957 1554 3046 1600 est
3070 1562 3098 1598 a
3127 1557 3312 1599 natura
3345 1546 3544 1614 impro-

1962 1634 2097 1688 bitas
2120 1677 2135 1700 ,
2165 1645 2223 1689 ut
2250 1637 2431 1690 virtuti
2475 1638 2622 1692 locus
2658 1653 2762 1692 non
2806 1638 2895 1692 sit.
2941 1637 3066 1694 Ovis
3113 1652 3397 1706 numquam
3428 1635 3542 1690 ﬁeri

1952 1735 2133 1794 potest
2162 1726 2293 1793 fera,
2313 1729 2517 1797 quippe
2537 1744 2655 1798 quae
2677 1729 3140 1784 mansuetudinem
3173 1728 3364 1782 habeat
3391 1745 3418 1780 a
3448 1744 3544 1780 na-

1959 1825 2074 1870 tura
2107 1836 2119 1870 :
2153 1819 2306 1888 lupus
2332 1810 2616 1887 numquam
2647 1819 2760 1875 ﬁeri
2789 1831 3095 1876 mansuetus
3127 1829 3315 1888 potest,
3347 1816 3542 1888 quippe

1955 1910 2045 1979 qui
2089 1909 2352 1966 feritatem
2397 1912 2586 1967 habeat
2615 1928 2643 1966 a
2675 1922 2880 1967 natura.
2931 1913 3046 1966 Non
3083 1913 3538 1980 solvuntur-ergo

1955 2007 2159 2054 naturae
2189 2000 2334 2070 leges
2349 2042 2379 2067 ,.
2398 2016 2569 2072 neque
2592 2003 2883 2071 refiguntur
2901 2043 2915 2066 ,
2940 2002 3037 2056 sed
3055 2002 3298 2056 immotae
3319 2015 3534 2070 perma-

1954 2101 2100 2146 neut.
2124 2092 2190 2147 -ln
2222 2108 2308 2148 me
2343 2093 2445 2148 hoc
2469 2094 2644 2149 locum
2685 2109 2790 2147 non
2821 2093 3014 2161 habet,
3046 2092 3140 2148 sed
3162 2101 3220 2147 et
3244 2091 3389 2146 ferus
3415 2106 3535 2145 cum
3583 2092 3587 2096 ’

1955 2181 2079 2236 velo
2109 2180 2179 2237 lio
2202 2222 2217 2249 ,
2251 2191 2306 2238 et
2332 2192 2665 2249 mansuetus,
2693 2197 2817 2237 cum
2852 2183 2974 2237 volo
3006 2200 3020 2236 :
3051 2196 3157 2236 non
3173 2170 3320 2236 enim
3349 2191 3535 2235 natura

1949 2287 2069 2330 sum
2091 2274 2298 2328 vinctus
2323 2315 2341 2339 ,
2371 2274 2463 2329 sed
2489 2274 2694 2330 arbitrii
2738 2274 2984 2328 libertate
3025 2272 3326 2328 decoratus.
3374 2270 3525 2339 Quod

1950 2378 2078 2432 ergo
2102 2363 2344 2419 dicebam
2367 2405 2382 2428 ,
2431 2379 2530 2420 nec
2565 2365 2704 2419 ullus
2733 2373 2816 2419 est
2851 2365 2922 2418 ita
2967 2364 3139 2419 bonus
3159 2403 3174 2430 ,
3205 2371 3261 2416 ut
3290 2363 3533 2432 exiguam

1949 2455 2122 2509 labem
2145 2471 2250 2509 non
2281 2455 2474 2511 habeat
2503 2473 2516 2511 :
2549 2471 2649 2510 nec
2674 2456 2813 2526 ullus
2838 2456 3016 2513 estita
3042 2454 3232 2517 malus,
3258 2462 3318 2509 ut
3343 2453 3532 2508 saltem

1949 2546 2197 2615 exiguum
2221 2545 2418 2600 bonum
2445 2560 2550 2600 non
2574 2545 2784 2601 habeat.

1967 2659 1971 2662 λ
2016 2635 2280 2690 Bonorum
2312 2645 2360 2691 et
2397 2635 2649 2690 malorum
2681 2635 2960 2690 retributio.
2990 2663 3062 2677 -—
3094 2633 3355 2700 Quoniam
3377 2631 3532 2703 igitur

1948 2728 2182 2782 onmium
2210 2736 2294 2782 est
2332 2727 2640 2792 retributio,
2672 2737 2726 2781 et
2751 2728 2990 2782 omnium
3034 2725 3394 2781 remuneratio
3426 2741 3438 2776 :
3466 2723 3531 2778 li-

1946 2825 2031 2870 eet
2055 2817 2197 2871 enim
2240 2815 2505 2870 homicida
2548 2817 2617 2870 sit
2642 2815 2796 2884 quis,
2839 2815 2960 2869 licet
2986 2815 3256 2884 improbus
3297 2813 3366 2867 sit
3389 2814 3528 2883 quis.

1947 2909 2070 2962 licet
2100 2908 2404 2975 fraudator,
2444 2911 2487 2962 si
2516 2908 2640 2979 quid
2671 2908 2794 2962 boni
2833 2906 3018 2962 iecerit
3041 2947 3056 2971 ,
3088 2906 3234 2960 illum
3265 2905 3386 2958 boni
3419 2919 3530 2958 ma-

1945 3007 2038 3053 net
2066 2999 2367 3062 retributio,
2401 3015 2571 3068 neque
2595 3007 2811 3068 propter
2839 3013 2898 3052 ea
2926 2997 3083 3064 mala,
3107 3012 3226 3066 qua:
3253 2995 3397 3061 fecit,
3427 2995 3525 3047 bo-

1946 3104 2071 3141 num
2118 3090 2366 3144 mercede
2412 3089 2696 3159 privatur:
2740 3097 2794 3143 et
2840 3102 3026 3143 rursus
3072 3087 3193 3141 licet
3249 3087 3524 3140 innumera

1942 3177 2079 3232 bona
2097 3179 2424 3248 praestiterit,
2457 3180 2499 3233 si
2522 3179 2648 3248 quid
2667 3178 2790 3232 mali
2807 3177 3148 3242 commiserit,
3177 3183 3356 3230 manet
3381 3175 3524 3229 illum

1942 3269 2221 3323 retributio
2263 3270 2408 3323 mali.
2463 3268 2588 3325 lla‘c
2626 3269 2830 3335 retine,
2873 3268 2987 3322 hzec
3033 3268 3184 3322 ﬁrma
3223 3276 3280 3322 et
3309 3267 3524 3320 immota

1940 3373 2198 3413 conserva
2229 3375 2242 3411 :
2267 3374 2438 3428 neque
2465 3359 2636 3414 bonus
2663 3368 2748 3414 est
2774 3359 2912 3412 ullus
2940 3359 3055 3413 sine
3080 3366 3320 3428 peccato,
3354 3370 3525 3424 neque

1921 3444 2054 3504 "sine
2071 3449 2272 3519 justitia
2302 3452 2472 3504 malus
2488 3459 2569 3504 est
2587 3449 2748 3504 ullus.
2776 3449 2974 3505 Eadem
2998 3450 3140 3503 enim
3169 3464 3354 3503 rursus
3381 3448 3524 3511 dice,

1943 3548 1999 3591 ut
2037 3538 2300 3593 radicibus
2331 3539 2448 3592 fixis
2487 3539 2749 3593 stabiliam
2775 3580 2790 3604 ,
2822 3548 2879 3594 ut
2908 3539 3140 3608 plantem
3163 3580 3180 3605 ,
3216 3547 3272 3592 ut
3312 3538 3364 3591 in
3396 3552 3520 3607 pro-

1940 3629 2098 3684 fundo
2128 3629 2407 3684 collocem.
2458 3629 2708 3684 Diabolus
2730 3630 2924 3700 quippe
2951 3629 3335 3685 sollicitudines
3355 3643 3518 3698 quas-

1937 3719 2059 3774 dam
2107 3721 2160 3775 in
2205 3721 2439 3775 animum
2495 3721 2697 3790 injicit,
2747 3721 2872 3775 dum
2920 3730 3155 3777 mentem
3196 3731 3427 3776 vestram
3467 3720 3520 3774 in

1936 3809 2172 3866 fraudem
2202 3812 2317 3865 vult
2353 3811 2554 3866 illicere
2579 3853 2592 3876 ,
2634 3819 2689 3866 et
2711 3827 2828 3882 qute
2857 3826 2888 3865 ει
2926 3827 3013 3866 me
3045 3811 3293 3866 dicuntur
3319 3809 3520 3873 labefa-

1933 3910 2081 3957 ctare
2112 3919 2127 3955 :
2157 3910 2432 3972 propterea
2486 3903 2540 3956 in
2581 3902 2901 3973 profundum
2928 3909 2990 3957 ea
3019 3901 3249 3957 dimitto.
3293 3901 3351 3958 Si
3375 3903 3518 3957 enim

1934 4007 1998 4046 ea
2025 3991 2305 4061 diligenter
2331 3992 2416 4046 hic
2444 3992 2848 4047 censervaveris
2872 4033 2886 4056 ,
2939 3992 3062 4047 licet
3109 3992 3253 4046 foras
3299 3992 3514 4058 abieris,

1930 4085 2179 4138 amittere
2208 4085 2296 4138 illa
2325 4099 2430 4139 non
2463 4093 2632 4152 potes.
2665 4083 2736 4140 Ut
2759 4084 2901 4138 enim
2937 4084 2981 4137 si
3007 4098 3194 4140 aurum
3224 4084 3276 4137 in
3303 4098 3516 4138 crume-

1932 4190 2054 4231 nam
2086 4177 2301 4239 misero,
2325 4176 2631 4245 constringe
2653 4175 2794 4229 illam
2821 4182 2876 4230 et
2896 4175 3137 4244 obsigno,
3167 4189 3233 4229 ne
3260 4189 3346 4228 me
3379 4173 3513 4229 forte

1929 4271 2150 4325 absente
2177 4269 2258 4322 fur
2288 4267 2514 4336 abripiat
2544 4285 2557 4320 :
2589 4268 2665 4320 sic
2694 4267 2855 4320 etiam
2901 4281 3026 4335 erga
3054 4274 3288 4320 vestram
3314 4265 3509 4318 carita-

1933 4371 2037 4416 tem
2065 4377 2150 4416 me
2174 4375 2301 4431 gero
2335 4377 2347 4412 :
2380 4359 2636 4413 doctrina:
2656 4358 2965 4412 assiduitate
2988 4357 3295 4427 constringe
3318 4396 3334 4419 ,
3371 4364 3423 4410 et
3445 4356 3488 4408 si
3511 4385 3517 4398 -

1928 4455 2114 4525 gillum
2149 4467 2392 4523 appono,
2443 4459 2785 4519 mentemque
2827 4459 3058 4503 vestram
3104 4450 3514 4512 contirmognu

1930 4548 2072 4601 iners
2099 4556 2151 4601 et
2173 4543 2394 4600 evanida
2439 4541 2665 4612 segnitie
2708 4539 2962 4594 reddatur
2981 4581 2995 4604 ,
3027 4538 3123 4593 sed
3153 4546 3210 4593 ut
3235 4553 3352 4593 eam
3380 4553 3534 4592 con--

1930 4653 2150 4695 servans
2181 4638 2356 4707 potius
2381 4651 2443 4690 ea
2487 4634 2895 4704 tranquillitate,
2943 4647 3102 4701 quam
3134 4631 3219 4685 hic
3264 4631 3511 4700 percipit,

1926 4741 2203 4787 externum
2232 4744 2445 4785 omnem
2474 4728 2755 4782 tumultum
2786 4726 3061 4797 repellam.
3093 4723 3209 4779 Non
3235 4739 3363 4794 ergo
3389 4735 3511 4778 sunt

1927 4823 2158 4882 hominis
2185 4821 2421 4890 loquacis
2449 4819 2608 4874 verba
2629 4859 2643 4882 ,
2672 4833 2791 4887 quae
2816 4817 3074 4880 dicimus;
3118 4814 3212 4870 sed
3252 4815 3512 4869 sollicitu-

1924 4917 2099 4970 dinem
2125 4956 2140 4980 ,
2170 4923 2445 4985 paternum
2485 4910 2729 4965 allectum
2770 4918 2825 4964 et
2848 4907 3082 4964 doctoris
3121 4923 3358 4962 amorem
3398 4921 3510 4974 pra:

1924 5022 1982 5060 se
2011 5005 2201 5070 ferunt,
2232 5020 2299 5058 ne
2327 5002 2547 5058 cmuant
2583 5016 2699 5070 quae
2719 5000 2986 5054 dicuntur.
3017 4998 3274 5067 Equidem
3301 4997 3365 5050 ad
3397 4997 3511 5050 hmo

1921 5099 2142 5154 dicenda
2169 5097 2386 5150 minime
2413 5095 2588 5163 segnis
2610 5109 2725 5149 sum
2743 5135 2756 5157 ,
2789 5093 2939 5146 vobis
2964 5103 3141 5145 autem
3168 5090 3504 5146 securitatem

1921 5189 2148 5257 idipsum
2181 5188 2312 5256 parit
2341 5203 2353 5238 :
2383 5186 2576 5240 docere
2603 5185 2724 5238 volo
2746 5226 2759 5249 ,
2807 5199 2911 5236 non
2943 5181 3312 5236 ostentationis
3345 5194 3502 5234 causa

1921 5281 2112 5333 facere.
2144 5279 2257 5332 Neu
2281 5288 2362 5332 est
2392 5279 2549 5347 igitur
2579 5276 2716 5329 ullus
2743 5277 2828 5345 qui
2859 5283 3075 5344 peccato
3102 5283 3302 5336 careat,
3333 5287 3506 5340 neque

1922 5381 2166 5438 peccator
2198 5371 2334 5423 ullus
2365 5380 2447 5423 est
2467 5409 2482 5434 ,
2529 5369 2615 5438 qui
2654 5369 2852 5421 bonmn
2882 5366 3095 5435 aliquod
3127 5379 3231 5420 non
3262 5362 3453 5418 habeat
3488 5384 3501 5419 :

1917 5463 2011 5516 sed
2057 5462 2308 5526 quoniam
2338 5461 2608 5528 utriusque
2635 5468 2814 5530 parata
2849 5467 2930 5510 est
2958 5456 3319 5510 remuneratio
3343 5497 3356 5519 ,
3386 5455 3506 5508 vide

1918 5553 2041 5621 quid
2075 5553 2182 5605 (int.
2213 5553 2470 5606 Peceator
2501 5567 2680 5620 parem
2714 5550 2865 5602 bonis
2889 5550 2999 5601 suis
3029 5547 3219 5616 recipit
3245 5562 3498 5600 remune-

1918 5646 2176 5698 rationem
2207 5687 2220 5710 ,
2268 5645 2309 5697 si
2339 5644 2461 5712 quid
2493 5644 2570 5696 vel
2603 5643 2876 5696 minimum
2909 5642 3033 5694 boni
3064 5640 3255 5693 habeat
3282 5680 3295 5702 ,
3328 5647 3380 5691 et
3415 5639 3502 5704 ju-

1919 5750 2030 5791 stus
2059 5739 2288 5807 peccatis
2325 5739 2435 5792 suis
2479 5753 2571 5806 par
2597 5736 2850 5806 judicium
2897 5735 3118 5804 recipit,
3159 5733 3202 5788 si
3242 5731 3502 5786 tantillum
