4122 6334
657 377 796 432 1045

652 484 774 539 mali
812 482 1016 540 fecerit.
1047 483 1181 552 Quid
1207 498 1334 554 ergo
1362 484 1589 552 accidit,
1630 493 1684 539 et
1709 485 1833 554 quid
1879 484 2004 555 facit
2042 484 2227 538 Deus?

650 577 878 632 l’eccato
901 577 1182 632 terminum
1214 576 1476 644 dcllnivit,
1518 586 1833 646 praesentem
1863 577 2022 641 vitam
2051 585 2105 630 ct
2144 575 2225 628 lu-

651 675 830 725 turutn
870 680 1038 721 :evum
1068 683 1081 719 :
1109 667 1153 720 si
1193 667 1309 736 quis
1338 680 1465 735 ergo
1516 666 1688 736 justus
1738 664 1936 733 fuerit,
1986 665 2075 734 qui
2104 665 2226 719 mali

649 753 917 826 quidpiam
951 757 1269 827 perpetrarit
1292 765 1346 812 et
1381 756 1474 810 hic
1508 757 1694 812 morbo
1732 757 1988 813 laborarit
2012 771 2074 810 ac
2103 771 2231 825 supv

649 847 810 917 plicio
829 847 903 901 sit
930 847 1150 902 allectus
1171 889 1185 913 ,
1217 863 1283 902 ne
1322 847 1549 902 lurberis
1573 890 1586 911 ,
1618 848 1710 903 sed
1740 848 1876 917 apud
1908 858 1958 901 te
1983 847 2154 917 cogita
2178 856 2232 903 et

650 938 816 992 dicito
846 956 860 993 :
887 938 1060 1008 justus
1091 939 1189 994 iste
1227 939 1495 1010 quidpiam
1533 931 1655 993 mali
1686 939 1808 994 fecit
1835 938 2138 1011 aliquando,
2178 949 2232 994 et

650 1029 774 1082 illud
807 1029 892 1084 hic
919 1029 1126 1099 recipit,
1161 1046 1227 1085 ne
1252 1031 1360 1086 illic
1389 1032 1667 1100 plectatur.

719 1117 823 1174 Cur
855 1121 1194 1189 peccatoribus
1232 1138 1312 1175 res
1357 1137 1592 1190 prospere
1616 1121 1902 1176 succedant.
1933 1150 2001 1160 —
2026 1120 2233 1174 Rursus

655 1218 984 1277 peccatorem
1016 1212 1059 1266 si
1085 1211 1281 1266 videris
1306 1211 2232 1280 rapientem,lraudantem,sexcenta

651 1299 786 1353 mala
815 1307 1204 1381 perpetrantem
1229 1341 1241 1364 ,
1276 1302 1364 1369 qui
1401 1304 1666 1371 prOSperis
1696 1312 1870 1357 tamen
1898 1301 2232 1356 successibus

655 1399 870 1455 utatur,
915 1401 1023 1445 tum
1056 1399 1110 1445 tu
1140 1394 1309 1461 cogita
1358 1393 1553 1447 bonum
1597 1394 1810 1463 aliquod
1851 1410 1970 1448 eum
2007 1394 2130 1447 olim
2159 1394 2233 1447 l'e-

650 1480 791 1534 cisse
814 1521 830 1546 ,
859 1495 921 1534 ac
943 1482 1078 1536 bona
1110 1481 1253 1536 illum
1282 1481 1368 1536 hic
1394 1485 1632 1552 recipere
1651 1525 1665 1548 ,
1708 1498 1775 1538 ne
1803 1483 1906 1538 illic
1931 1484 2230 1538 mercedem

648 1579 914 1639 reposcat.
961 1572 1034 1625 Ita
1059 1571 1184 1626 licet
1205 1573 1378 1641 justus
1420 1575 1486 1627 sit
1511 1574 1792 1642 quispiam,
1833 1582 1885 1628 et
1911 1573 2107 1644 aliquid
2134 1574 2230 1627 ad-

650 1662 788 1715 versi
813 1662 1079 1730 patiatur,
1129 1663 1212 1716 hic
1252 1662 1450 1717 idcirco
1472 1664 1696 1732 recipit,
1743 1673 1800 1716 ut
1839 1663 1925 1716 hic
1957 1674 2229 1733 peccatum

649 1752 908 1823 deponat,
949 1763 1002 1807 et
1042 1768 1206 1822 purus
1237 1753 1359 1808 illuc
1387 1753 1645 1809 discedat.
1678 1754 1829 1822 Quod
1855 1756 1898 1808 si
1926 1755 2085 1809 fuerit
2109 1771 2233 1824 pec-

648 1852 796 1898 cator
823 1844 1015 1913 aliquis
1055 1845 1320 1911 sexcentis
1360 1845 1515 1902 malis
1553 1853 1867 1913 coopertus,
1898 1853 1952 1899 et
1978 1846 2065 1914 qui
2107 1860 2229 1898 sex-

648 1939 816 1990 centis
847 1935 1226 1990 insanabilibus
1263 1935 1462 1989 morbis
1499 1935 1739 1999 larunt,
1778 1937 1866 2004 qui
1907 1936 2096 2003 rapiat,
2143 1936 2228 2004 qui

647 2026 858 2082 fraudet
884 2044 898 2080 :
930 2026 1128 2081 idcirco
1156 2041 1409 2096 prospero
1431 2041 1608 2080 rerum
1636 2041 1885 2080 successu
1911 2026 2130 2090 fruitur,
2165 2042 2231 2080 ne

647 2117 954 2172 mercedem
1001 2118 1107 2172 illic
1147 2126 1372 2187 repetat.
1424 2116 1684 2186 Quoniam
1712 2132 1839 2186 ergo
1883 2126 1936 2171 et
1977 2118 2229 2171 Lazarum

650 2225 864 2284 peccata
881 2216 1120 2284 qua-dam
1142 2215 1336 2270 habere
1361 2217 1678 2285 contigerat,
1701 2225 1755 2270 et
1780 2217 1996 2270 divitem
2019 2210 2232 2281 aliquod

646 2305 843 2359 bonum
875 2304 1101 2369 habere,
1159 2315 1438 2375 propterea
1470 2307 1596 2361 dicit
1631 2307 1896 2361 Abraham
1931 2305 2103 2359 :nihil
2147 2304 2232 2358 hic

649 2397 877 2466 require,
910 2397 1045 2451 bona
1071 2397 1175 2452 illic
1201 2408 1287 2453 tua
1313 2400 1580 2468 recepisti,
1609 2409 1658 2454 et
1686 2399 1918 2454 Lazarus
1947 2398 2082 2452 mala
2112 2411 2227 2450 sua.

649 2489 821 2557 Atque
845 2498 899 2542 ut
925 2489 1188 2558 intelligas
1211 2488 1324 2544 lucc
1359 2505 1386 2540 a
1419 2503 1503 2544 me
1533 2499 1735 2544 temere
1759 2505 1863 2543 non
1893 2488 2018 2553 dici,
2047 2503 2228 2541 verum

651 2579 723 2633 ita
769 2595 829 2634 se
882 2596 993 2634 rem
1030 2579 1254 2646 habere,
1286 2581 1456 2636 dicit:
1489 2580 1742 2651 Recepisti
1784 2583 1913 2636 bona
1952 2591 2058 2637 tua.
2103 2583 2232 2648 Quae

651 2670 911 2725 tandem?
960 2671 1152 2725 Fecisti
1194 2673 1389 2742 aliquid
1434 2672 1604 2726 boni?
1642 2673 1902 2741 Recepisti
1932 2687 2061 2742 opes
2091 2681 2229 2736 tuas,

649 2761 926 2816 sanitatem
949 2803 968 2826 ρ
997 2761 1244 2827 delicias,
1278 2764 1564 2831 potentiam
1588 2804 1600 2828 ,
1630 2762 1886 2818 honorem
1921 2781 1932 2817 :
1967 2763 2096 2818 nihil
2139 2763 2230 2818 tibi

737 3013 2492 3050 Ν

1361 375 1417 431 S.
1458 373 1732 450 .[OANNIS
1767 371 2235 430 CHRYSOSTOMI
2279 371 2596 430 ARCIIIEP.
2635 374 3170 432 CONSTANTINOP.

3786 376 3916 430 {OH

2333 483 2576 550 debetur,
2608 487 2850 554 recepisti
2876 487 3012 542 bona
3037 495 3149 542 tua.
3197 485 3332 554 Quid
3357 486 3559 557 igitur?
3586 486 3799 542 Nihilne
3819 488 3890 542 La

2335 592 2488 630 zarus
2516 577 2791 646 peccavit?
2822 577 2932 632 lmo
2958 593 3103 642 vero,
3130 587 3185 633 et
3210 577 3444 632 Lazarus
3466 578 3604 633 mala
3632 594 3726 632 sua
3757 597 3770 630 :
3796 594 3914 631 cum

2335 675 2388 720 tu
2422 667 2555 721 bona
2589 679 2671 722 tua
2701 667 2982 738 recepisti,
3023 677 3134 722 tum
3174 668 3402 723 Lazarus
3433 668 3611 722 mala:
3641 679 3917 738 propterea

2335 773 2476 811 nunc
2518 757 2617 812 iste
2663 759 3003 825 consolatur,
3065 767 3120 812 tu
3164 773 3292 812 vero
3331 759 3606 812 cruciaris.
3654 759 3835 827 Itaque
3873 760 3919 813 εἰ

2335 848 2544 918 quando
2581 849 2783 918 justum
2813 848 3011 904 videris
3047 848 3134 904 hic
3175 849 3416 917 punitum
3447 891 3460 911 ,
3511 850 3725 902 beatum
3767 850 3919 903 illum.

2335 941 2586 1012 pnedica,
2615 950 2669 995 et
2689 941 2853 995 dicito
2886 959 2899 994 :
2927 941 3104 1011 justus
3129 939 3217 995 hic
3243 940 3324 995 vel
3354 951 3632 1009 peccatum
3655 940 3836 1002 habet,
3869 951 3924 993 ct

2337 1034 2460 1089 illud
2490 1035 2713 1102 recipit,
2746 1049 2809 1088 ac
2850 1049 3013 1103 purus
3051 1033 3176 1088 illuc
3212 1032 3359 1086 abit:
3389 1043 3479 1086 aut
3508 1033 3626 1102 plus
3668 1033 3924 1097 plectitur

2335 1141 2494 1196 quam
2525 1125 2774 1194 peccarit,
2802 1134 2854 1179 et
2881 1124 2953 1178 illi
2981 1123 3456 1193 accessiojustitize
3480 1132 3774 1193 reputatur.
3805 1124 3919 1178 Illic

2309 1219 2476 1273 oenim
2523 1218 2659 1271 ratio
2693 1226 3009 1286 supputatur
3032 1258 3048 1283 ,
3097 1217 3273 1286 aitque
3313 1217 3457 1285 justo
3490 1215 3632 1270 Deus
3664 1233 3677 1267 :
3719 1226 3922 1269 tantum

2337 1310 2501 1364 habes
2526 1326 2553 1363 a
2583 1325 2670 1364 me
2699 1327 2711 1362 :
2743 1309 2967 1364 fortasse
3007 1323 3133 1362 vero
3170 1308 3356 1362 decem
3397 1306 3583 1360 obolos
3613 1305 3689 1359 illi
3730 1305 3919 1371 credit,

2336 1412 2391 1458 et
2417 1404 2672 1457 rationem
2721 1401 2793 1455 illi
2833 1400 3018 1455 decem
3058 1399 3334 1452 obolorum
3363 1397 3627 1452 subducit.
3682 1397 3831 1462 Quod
3877 1396 3921 1450 si

2329 1495 2522 1550 obolos
2566 1493 2835 1563 sexaginta
2880 1490 3223 1560 expenderit,
3271 1490 3345 1542 ait
3390 1489 3467 1542 illi
3502 1489 3684 1542 Deus:
3727 1488 3920 1547 Decem

2337 1583 2426 1638 tibi
2455 1584 2641 1638 obolos
2669 1583 2872 1650 imputo
2895 1579 2961 1635 ad
2994 1589 3289 1649 peccatum,
3318 1588 3368 1632 et
3391 1577 3457 1632 ad
3479 1577 3739 1646 justitiam
3766 1576 3923 1645 quin-

2335 1677 2604 1746 quaginta.
2646 1674 2839 1728 Verum
2869 1682 2924 1728 ut
2953 1672 3128 1726 discas
3149 1671 3198 1724 id
3222 1711 3238 1735 ,
3271 1670 3410 1739 quod
3448 1678 3644 1731 restat,
3676 1670 3741 1723 ad
3760 1669 3924 1737 justi-

2338 1769 2461 1821 tiam
2481 1767 2551 1821 illi
2581 1766 2833 1834 reputari,
2849 1765 3024 1832 justus
3043 1771 3158 1817 erat
3183 1761 3303 1826 Job,
3332 1762 3447 1816 sine
3467 1760 3712 1824 crimine,
3735 1775 3919 1824 verax,

2335 1858 2514 1911 colens
2542 1856 2706 1910 Deum
2731 1895 2746 1921 ,
2787 1853 3062 1908 abstinens
3089 1853 3157 1906 ab
3185 1852 3330 1905 omni
3372 1851 3506 1908 mala
3547 1865 3606 1904 re
3633 1866 3646 1900 ε
3681 1849 3922 1919 punitum

2337 1946 2421 2001 hic
2451 1945 2547 2000 fuit
2585 1945 2702 2015 ejus
2728 1960 2959 2014 corpus,
2995 1954 3053 1998 ut
3092 1945 3197 1998 illic
3238 1942 3540 1998 mercedem
3585 1951 3918 2010 reposceret.

2335 2037 2469 2106 Quid
2499 2037 2640 2091 enim
2671 2037 2746 2090 ait
2774 2037 2848 2090 illi
2878 2035 3058 2088 Deus?
3099 2035 3258 2088 Aliter
3296 2044 3445 2104 putas
3471 2049 3549 2086 me
3587 2034 3676 2085 tibi
3711 2049 3925 2102 τωρωι.

2336 2128 2487 2191 disse,
2519 2143 2668 2199 quam
2690 2136 2743 2179 ut
2763 2142 3012 2197 appareas
3022 2126 3197 2194 justus
3227 2123 3370 2193 (Job.
3398 2123 3486 2177 b0.
3522 2122 3616 2193 5)?
3663 2122 3918 2176 Eamdem

2337 2221 2494 2290 igitur
2517 2234 2637 2274 cum
2669 2218 2826 2287 justis
2861 2217 3166 2286 patientiam
3200 2215 3548 2280 exhibentes,
3577 2223 3631 2268 et
3660 2213 3921 2282 aequalem

2336 2321 2496 2365 rectas
2543 2309 2753 2363 illorum
2795 2307 3184 2362 conversationi
3215 2303 3548 2360 tolerantiam
3579 2303 3921 2366 exhibentes,

2338 2409 2519 2471 parata
2547 2399 2744 2453 sanctis
2787 2399 2952 2452 Deum
2991 2397 3332 2468 diligentibus
3374 2395 3510 2450 bona
3558 2394 3922 2463 recipiamus:

2335 2509 2452 2563 qua:
2479 2491 2633 2546 nobis
2658 2490 2905 2545 omnibus
2942 2491 3154 2557 assequi
3185 2489 3455 2558 contingat
3491 2487 3660 2556 gratia
3687 2493 3741 2540 et
3766 2481 3924 2538 beni-

2336 2585 2538 2654 gnitate
2571 2581 2781 2636 Domini
2812 2581 2984 2636 nostri
3013 2580 3140 2635 Jesu
3157 2577 3357 2634 Christi
3381 2619 3396 2642 ,
3425 2579 3508 2632 cui
3535 2576 3702 2648 gloria
3733 2584 3790 2632 et
3819 2574 3920 2628 im-

2337 2674 2541 2744 perium
2569 2672 2623 2728 in
2646 2670 2840 2728 saecula
2865 2667 3211 2725 saeculorum.
3247 2666 3444 2726 Amen.

3179 3010 3853 3038 __._._.____=_....

861 3251 941 3311 IN
975 3248 1378 3312 HOMILIAM
1416 3246 1825 3312 ADVERSUS
1860 3245 2004 3308 EOS
2034 3245 2167 3318 QUI
2194 3245 2301 3305 AD
2329 3245 2585 3307 LUDOS
2617 3242 3039 3305 CIRCENSES
3067 3241 3729 3307 PROFICISCUNTUB

759 3765 906 3820 lianc
935 3763 1252 3816 concionem
1285 3760 1337 3813 in
1383 3758 1522 3814 serie
1555 3755 1898 3825 homiliarum
1943 3754 2008 3808 de
2044 3753 2253 3806 Lazaro

691 3879 1053 3949 reponendam
1087 3891 1207 3930 esse
1255 3873 1738 3943 deprehendimus.
1784 3869 1994 3957 Etenim
2029 3883 2256 3923 numero

693 3998 748 4059 5,
805 3994 869 4047 de
908 3991 1099 4044 Lazari
1150 3999 1203 4043 et
1264 3990 1447 4042 divitis
1508 3986 1763 4056 parabola
1825 4001 1945 4037 mox
2007 3984 2256 4037 dicturus

695 4109 1136 4177 Cbrysostomus,
1170 4103 1248 4156 sic
1298 4102 1497 4154 habet:
1541 4099 1713 4153 Unum
1744 4099 1906 4168 igitur
1944 4111 2007 4148 ea:
2062 4095 2126 4147 iis
2171 4093 2258 4162 qui

697 4217 980 4286 perlatam
1017 4215 1149 4267 hanc
1195 4224 1401 4282 portam
1450 4213 1738 4271 intrarunt,
1793 4218 1840 4260 et
1868 4224 2024 4260 unum
2079 4222 2142 4258 ex
2196 4205 2260 4256 iis

699 4333 786 4397 qui
821 4347 910 4398 per
944 4338 1224 4398 angustant
1246 4337 1294 4380 et
1325 4337 1527 4378 arctam
1557 4325 1692 4375 viam
1742 4324 2060 4374 incesserunt
2123 4318 2262 4373 vobis

702 4447 753 4496 in
790 4443 1015 4495 medium
1044 4441 1388 4509 proferentes,
1424 4423 1601 4491 eorum
1634 4452 1749 4506 quae
1786 4454 1815 4488 α
1847 4434 2072 4488 Domino
2123 4434 2263 4485 dictu

703 4566 821 4608 sunt
855 4557 1122 4607 veritatem
1157 4554 1513 4615 ostendamus,
1541 4562 1588 4603 et
1628 4551 1807 4603 cadent
1837 4567 2021 4602 rursus
2057 4548 2267 4600 Domini

705 4667 963 4735 parabola
999 4675 1228 4717 utamur.
1263 4664 1324 4715 Et
1359 4665 1543 4731 pau‘cis
1580 4663 1910 4730 interpositis
1955 4677 2049 4714 eos
2079 4662 2265 4713 eadem

709 4783 1369 4853 parabolajamimbutos
1421 4782 1723 4844 declarans,
1788 4779 1864 4832 sic
1919 4779 2133 4847 pergit:
2194 4776 2270 4829 Ac

1382 4965 1542 4972 _.-—

1545 4964 1738 4971 -____--

2355 3737 2463 3806 scio
2492 3751 2726 3821 equidem
2760 3767 2845 3805 vos
2895 3751 3126 3804 homines
3159 3767 3483 3819 perspicaces
3506 3751 3625 3818 jam
3667 3757 3808 3820 quod
3841 3757 3921 3807 di-

2357 3873 2493 3922 cturi
2527 3870 2693 3920 simus
2722 3867 3029 3937 intelligere,
3095 3867 3437 3920 nihilominus
3480 3877 3650 3921 tamen
3709 3886 3740 3922 α
3773 3870 3924 3923 nobis

2359 3982 2465 4033 dici
2500 3998 2704 4035 necesse
2729 3991 2822 4034 est.
2860 3982 2925 4034 Et
2956 3991 3141 4049 postea
3172 3981 3237 4034 de
3264 3979 3429 4035 divite
3454 3989 3509 4034 et
3552 3978 3761 4035 Lazaro
3805 3983 3922 4050 plu-

2363 4097 2512 4149 ribus
2557 4095 2684 4164 agit.
2736 4093 2958 4146 Demum
3009 4108 3236 4148 numero
3279 4093 3350 4158 5,
3389 4102 3677 4162 postquam
3738 4091 3927 4146 Lazari

2365 4217 2591 4261 mortem
2641 4224 2763 4262 cum
2830 4208 3012 4261 divitis
3061 4207 3211 4260 obitu
3273 4201 3614 4261 Contulerat:
3673 4205 3932 4259 Lubenter

2363 4322 2522 4385 enim,
2568 4322 2677 4385 ait,
2733 4321 2866 4372 hanc
2908 4336 3014 4373 rem
3057 4335 3190 4386 sirpe
3229 4336 3396 4381 uerso,
3426 4319 3596 4388 ἡδέως
3624 4318 3731 4388 γὰρ
3759 4318 3934 4371 ταῦτα.

2369 4431 2587 4502 στρὲφω
2621 4432 2876 4501 συνεχῶς,
2914 4441 2968 4484 ut
2999 4447 3146 4484 nemo
3180 4447 3243 4486 ea:
3277 4430 3407 4494 illis,
3442 4430 3532 4499 qui
3579 4439 3805 4498 egestate
3858 4433 3936 4482 ret

2369 4544 2562 4597 morbis
2599 4553 2648 4596 et
2675 4545 2812 4612 fame
2837 4555 3170 4610 premuntur.
3205 4559 3258 4596 se
3279 4550 3597 4602 contemnat,
3628 4551 3676 4593 et
3707 4540 3880 4606 seipsu
3897 4556 3946 4593 in

2371 4659 2616 4710 miserum
2654 4658 2979 4718 arbitretur;
3012 4657 3100 4708 sed
3144 4657 3420 4724 patienter,
3478 4664 3585 4708 etc.
3621 4653 3695 4706 Ex
3735 4652 3940 4718 quibus

2373 4772 2720 4840 perspicuum
2776 4781 2878 4832 est,
2922 4770 3060 4822 hanc
3126 4769 3282 4836 paulo
3332 4777 3453 4837 post
3503 4765 3758 4818 homilias
3815 4765 3943 4818 illas

1747 4947 3946 4971 Μ

684 5033 1010 5078 ADVERSUS
1066 5033 1201 5081 EOS.
1249 5033 1354 5085 QUI
1427 5035 1506 5075 AD
1553 5035 1748 5077 LUDOS
1820 5034 2154 5075 CIRCENSES
2197 5026 2772 5075 PROFICISCUNTUR,
2820 5025 2899 5064 ET
2944 5023 3004 5064 IN
3053 5023 3243 5064 ILLUM
3295 5022 3644 5064 EVANGEL"
3717 5021 3955 5073 LOCCB,

771 5112 1044 5153 INTBATE
1090 5113 1206 5152 PER
1252 5113 1587 5154 ANGUSTAM
1633 5114 1908 5162 PORTA“,
1957 5114 2103 5163 Ql'lA
2152 5111 2308 5151 LATA
2357 5108 2582 5156 PORTA,
2739 5102 3032 5143 SI‘ATIOSA
3098 5102 3200 5141 VIA
3252 5102 3387 5152 EST,
3435 5101 3577 5152 QUtE
3632 5102 3822 5142 DUCIT
3885 5105 3964 5144 ΔΙ)

771 5189 1228 5242 PERDITIONERI,
1279 5191 1355 5231 ET
1400 5193 1592 5233 mum
1640 5193 1822 5247 sum,
1869 5159 1990 5243 Qui
2023 5190 2296 5231 urnam"
2331 5188 2448 5228 PER
2493 5185 2620 5225 EAM
2675 5159 2938 5242 (Matth.
2984 5166 3042 5220 7.
3080 5163 3196 5243 13)
3235 5183 3247 5219 :
3283 5180 3360 5220 ET
3391 5179 3503 5220 sun
3535 5181 3732 5221 usus
3767 5181 3826 5221 LV
3874 5182 3965 5220 nt-

772 5269 968 5310 vn‘uat
1017 5269 1094 5308 ET
1139 5270 1200 5310 ιη
1247 5269 1538 5312 ιΑΖΑιιωι
1571 5254 1679 5332 (a).

765 5467 812 5519 l.
847 5466 1162 5521 Consuetam
1210 5483 1390 5520 rursus
1418 5469 1675 5536 attingere
1703 5467 1997 5521 doctrinam
2026 5466 2146 5518 volo
2172 5507 2184 5530 ,
2218 5474 2271 5518 et

721 5577 824 5688 ηὸτι)
860 5575 1035 5652 collata
1061 5589 1168 5657 cum
1319 5579 1476 5656 Regiis
1495 5578 1632 5636 196l,
1804 5593 1818 5648 :_
1841 5577 2128 5651 Colhertinis
2161 5574 2271 5645 ςγδι,

729 5659 740 5684 ι
785 5675 797 5688 .
832 5638 1038 5688 1000.1n
1060 5638 1438 5688 (.olberttnoobt
1463 5641 1565 5688 haec
1589 5639 1778 5688 humilia
1809 5643 2080 5688 inscribitur
2105 5645 2271 5688 Otuuta

692 5638 797 5696 9-70,
832 5638 970 5688 1050.
991 5645 1038 5686 In
1060 5638 1438 5690 ColbertinoStit
1463 5641 1565 5689 haec
1589 5639 1778 5689 humilia
1809 5641 2080 5690 inscribitur
2105 5639 2274 5695 Οιιὶιιω

807 5577 824 5638 )
860 5575 1035 5639 collata
1061 5589 1168 5639 cum
1192 5583 1296 5626 Mss.
1319 5586 1413 5639 Reg

694 5705 737 5747 in
766 5704 1011 5753 Lazarum.

2270 5371 2351 5385 ﬂ

2383 5463 2707 5531 spiritualcm
2757 5475 2992 5514 mensam
3028 5456 3186 5527 vobis
3219 5468 3485 5521 apponere
3515 5469 3527 5503 :
3567 5451 3660 5506 sed
3692 5450 3835 5520 piget
3885 5468 3967 5504 me

2381 5568 2726 5625 cuuctorque,
2757 5553 2882 5607 dum
2913 5551 3065 5604 \ideo
3096 5548 3294 5602 nullum
3326 5562 3418 5599 vos
3439 5562 3502 5598 ex
3530 5545 3746 5599 assidua
3778 5544 3968 5597 doctri-

2387 5663 2450 5702 na
2478 5647 2726 5700 ‘lructum
2768 5657 2974 5713 capere.
3017 5639 3451 5708 Quandoquidem
3483 5637 3714 5707 agricola
3758 5652 3962 5706 qunque
