4122 6334
637 388 781 445 1045

634 499 855 559 ἐπειδὰν
896 495 1111 565 δαψιλεῖ
1132 496 1198 563 τῇ
1237 493 1377 563 χειρὶ
1406 493 1475 543 τά
1510 489 1801 560 σπέρματα
1838 489 1949 549 τοῖς
1990 487 2212 545 κόλποις

633 586 731 656 τῆς
761 583 866 653 γῆς
901 576 1383 650 παρακατάθηται,
1437 574 1531 626 καὶ
1559 573 1660 642 ⁴μὴ
1693 571 1850 656 ἀξίαν
1882 569 2019 656 τῶνῌ
2040 568 2216 620 πόνων

635 652 721 739 τδῄ
757 652 857 736 τὴν
889 663 1127 734 βλάστην
1157 658 1472 729 γινομένην,
1500 656 1561 709 ού
1589 654 1731 739 μετά
1755 654 1853 739 τῆς
1886 652 2216 739 αὑτῆς-προ-

633 733 835 819 θυμίας
861 747 959 816 τῆς
996 743 1274 815 γεωργίας
1303 740 1532 795 ἅπτεται
1557 757 1569 771 ·
1610 740 1644 810 ἡ
1670 735 1780 807 γὰρ
1812 735 1963 819 ἐλπὶς
2000 734 2086 819 ἀεί
2116 733 2216 802 τῆς

629 816 743 885 τῶν
762 822 1002 901 λκαρπῶν
1026 828 1199 901 φορᾶς
1229 825 1597 894 ὑποτέμνεται
1628 820 1854 890 τδβαρὺ
1885 818 1992 871 τῶν
2020 816 2215 869 πόνων.

632 918 736 971 Τὸν
766 900 928 969 αὑτὸν
957 914 1021 985 δὴ
1046 900 1248 984 τρόπον
1279 910 1372 962 καὶ
1406 910 1566 988 ἡμεῖς
1590 906 1683 959 τὸν
1722 905 1890 958 πολὺν
1914 900 2220 988 τοῦτον-πό-

632 1017 721 1052 νον
748 1000 849 1069 τῆς
874 983 1223 1057 διδασκαλίας
1245 983 1464 1060 κούφως
1496 989 1562 1043 ἂν
1588 988 1921 1057 ἠνέγκαμεν,
1950 987 1998 1037 εί
2017 983 2219 1053 ἐμάθο-

634 1100 734 1154 μεν
768 1068 929 1135 πλέον
960 1097 1012 1132 τι
1028 1078 1317 1149 γινόμενον
1340 1076 1405 1126 ἐκ
1434 1073 1531 1142 τῆς
1554 1071 1931 1143 παραινέσεως
1947 1068 2056 1154 ,τῆς
2075 1069 2213 1154 με·

628 1150 796 1235 τέρας
828 1166 908 1227 εἰς
949 1160 1218 1231 ὠφέλειαν
1240 1158 1339 1227 τὴν
1376 1156 1670 1227 ὑμετέραν.
1699 1154 1836 1231 Νυνὶ
1864 1154 1919 1206 δὲ
1939 1153 2066 1205 ὅταν
2096 1150 2219 1204 θεα-

629 1230 858 1320 σῶμεθα
880 1289 892 1311 ,
930 1230 1020 1300 ὅτι
1048 1243 1189 1317 μετά
1218 1242 1320 1306 τάς
1352 1240 1625 1302 τοσαύτας
1654 1230 1815 1309 ἡμῶν
1845 1235 2215 1320 παραινέσεις,

633 1310 773 1405 μετά
803 1333 901 1395 τὰς
929 1310 1201 1391 τοσαύτας
1243 1323 1528 1386 νουθεσίας
1573 1322 1666 1375 καὶ
1706 1310 2029 1391 ἐπιπλήξεις
2063 1316 2216 1405 (οὐδέ

629 1403 738 1488 γάρ
767 1412 1128 1484 ἐπαυσάμεθα
1150 1410 1388 1480 συνεχῶς
1414 1409 1558 1479 ὑμᾶς
1590 1407 2101 1477 ὑπομιμνήσκοντες
2124 1403 2215 1456 τοῦ

630 1498 864 1573 φοϐεροῦ
884 1497 1233 1569 δικαστηρίου
1255 1495 1350 1548 καὶ
1371 1492 1480 1545 τῶν
1507 1490 1749 1573 εὐθυνῶν
1773 1490 1881 1541 τῶν
1903 1490 2215 1573 ἀπαραιτή-

626 1603 757 1651 των,
773 1582 978 1638 καὶτοῦ
1002 1580 1173 1652 πυρὸς
1186 1578 1395 1631 ἐκείνου
1421 1572 1515 1627 τοῦ
1535 1574 1821 1633 ἀσϐέστου,
1844 1573 1938 1625 καὶ
1960 1572 2053 1624 τοῦ
2080 1574 2219 1624 σκώ-

628 1670 793 1739 ληκος
824 1666 919 1739 τοῦ
954 1660 1359 1733 ἀτελευτήτου),
1396 1657 1541 1719 τινὲς
1569 1656 1679 1709 τῶν
1702 1657 1877 1711 ταῦτα
1910 1656 2216 1709 ἀκουόντων

629 1738 787 1824 (οὐδὲ
817 1738 926 1822 γὰρ
957 1746 1348 1803 κατὰπάντων
1370 1741 1594 1824 ἐκφέρω
1622 1741 1722 1811 τὴν
1761 1740 1962 1824 ψῆφον,
1994 1740 2067 1809 μὴ
2118 1741 2216 1806 γέ-

629 1822 828 1901 νοιτο),
859 1834 1077 1887 πάντων
1111 1828 1319 1889 τούτων
1367 1822 1772 1893 ἐπιλαθόμενοι,
1805 1823 1967 1875 πάλιν
1989 1824 2080 1884 ἐπὶ
2118 1824 2217 1893 τὴν

629 1918 928 1987 σατανικὴν
952 1915 1188 1984 Θεωρίαν
1220 1911 1321 1981 τῆς
1360 1907 1724 1976 ἱπποδρομίας
1747 1906 1977 1969 ἑαυτοὺς
2000 1906 2219 1959 ἐκδεδώ·

627 2020 780 2064 κασι,
833 2000 963 2072 ποίᾳ
1014 1998 1201 2051 λοιπὸν
1240 1990 1540 2066 προσδοκία
1580 1990 1688 2042 τῶν
1738 1989 1919 2041 αὐτῶν
1964 1988 2218 2058 άψόμεθα

628 2088 833 2155 πόνων,
866 2085 960 2138 καὶ
989 2083 1089 2153 τὴν
1115 2076 1465 2139 διδασκαλίαν
1495 2072 1678 2137 αὐτοῖς
1694 2073 1900 2143 ταύτην
1926 2073 2027 2141 τὴν
2054 2089 2219 2125 πνευ-

630 2170 870 2242 ματικὴν
904 2164 1331 2235 παραθήσομεν,
1349 2158 1587 2231 ὁρῶντες
1625 2157 1791 2242 μηδὲν
1822 2156 1985 2242 πλέον
2018 2156 2217 2242 αὐτοὺς

627 2240 878 2307 ἐντεῦθεν
937 2246 1375 2320 καρπουμένους,
1423 2244 1538 2303 ἀλλ’
1568 2240 1765 2304 ἁπλῶς
1807 2240 2067 2319 συνηθείᾳ.
2110 2240 2219 2292 τινὶ

625 2314 1181 2395 κατακολουθοῦντας,
1211 2329 1304 2381 καὶ
1330 2325 1659 2399 κροτοῦντας
1692 2325 1790 2395 μὲν
1816 2322 1885 2376 τά
1911 2314 2092 2395 παρ”ἡ
2101 2322 2217 2393 μῶν

624 2419 914 2489 λεγόμενα,
940 2416 1036 2479 καὶ
1059 2411 1374 2477 δεικνύντας
1405 2411 1537 2481 ἡμῖν
1571 2409 1646 2470 ὡς
1673 2405 1796 2477 μεθ’
1818 2406 2023 2489 ἡδονῆς
2035 2405 2219 2489 δέχονέ

623 2522 715 2558 ται
735 2488 863 2563 τοὺς
882 2498 1193 2572 ἡμετέρους
1220 2494 1437 2573 λόγους,
1461 2491 1560 2545 καὶ
1582 2491 1720 2561 μετά
1746 2488 1906 2542 τοῦτο
1937 2488 2099 2549 πάλιν
2121 2488 2218 2541 ἐπὶ

624 2588 716 2641 τὸν
742 2584 1082 2654 ἱππόδρομον
1116 2580 1412 2652 τρέχοντας
1432 2616 1447 2640 ,
1496 2576 1593 2629 καὶ
1634 2574 1893 2644 μείζονας
1929 2573 2058 2636 τοὺς
2089 2573 2218 2643 κρό-

624 2687 752 2732 τους
773 2668 869 2721 ὲπὶ
887 2667 1014 2729 τοὺς
1034 2664 1282 2735 ἡνιόχους
1299 2658 1776 2730 ἐπιδεικνυμένους
1796 2658 1890 2709 καὶ
1914 2655 2217 2709 ἀκάθεκτον

624 2754 722 2827 τὴν
746 2751 971 2827 μανίαν,
1011 2742 1105 2803 καὶ
1146 2745 1284 2818 μετά
1312 2742 1508 2827 πολλοῦ
1558 2741 1677 2827 τοῦΔ
1702 2742 1861 2794 τόνου
1898 2741 2220 2811 συντρέχον-

624 2820 871 2905 τας-καὶ
899 2834 1036 2905 πρὸς
1063 2830 1324 2901 ἀλλήλους
1356 2820 1619 2889 πολλάκις
1658 2824 2217 2895 διαπληκτιζομένους

626 2922 723 2977 καὶ
751 2921 1029 2989 λέγοντας,
1056 2916 1138 2968 ὅτι
1160 2916 1188 2967 ό
1226 2912 1326 2983 μὲν
1354 2924 1381 2953 ι
1407 2910 1513 2963 τῶν
1543 2910 1728 2963 ἵππων
1753 2909 1815 2961 οὐ
1855 2907 2038 2970 καλῶς
2060 2906 2219 2979 έδρα-

630 3023 756 3079 μεν,
793 3007 821 3058 ὁ
845 2998 903 3057 δέ
935 2995 1348 3059 ὑποσκελισθεὶς
1374 2995 1699 3079 κατέπεσε-ν,
1733 2993 1829 3046 καί
1857 2994 1887 3045 ὁ
1913 2991 2011 3079 μὲν
2041 2991 2216 3061 τούτῳ

626 3074 707 3160 τῷ
742 3086 943 3158 ἡνιόχῳ
991 3082 1185 3137 ἑαυτὸν
1228 3080 1548 3151 προσνέμει,
1580 3079 1609 3130 ό
1637 3076 1696 3129 δὲ
1733 3076 1812 3146 τῷ
1868 3074 2080 3160 έτέριρξ
2124 3074 2219 3127 καὶ

626 3157 863 3242 οῦδαμοῦ
893 3170 1074 3223 ἐννοια
1101 3165 1224 3218 ούδέ
1246 3164 1553 3233 ὑπόμνησις
1574 3160 1683 3213 τῶν
1705 3158 2002 3242 ἡμετέρων
2021 3157 2216 3242 λόγων,

626 3255 747 3309 οὐδὲ
767 3240 887 3306 ντῶν
916 3247 1306 3320 πνευματικῶν
1339 3246 1434 3299 καὶ
1470 3242 1716 3315 φρικτῶν
1763 3240 2081 3313 μυστηρίων
2108 3240 2217 3293 τῶν

627 3337 863 3392 ἐνταῦθα
894 3334 1257 3406 τελουμένων,
1292 3329 1430 3384 ἀλλά
1455 3329 1709 3400 καθάπερ
1752 3326 2088 3398 αίχμάλωτοι
2126 3343 2219 3395 γε-

628 3423 845 3493 νόμενοι
874 3421 979 3473 ὑπὸ
1011 3419 1121 3471 τῶν
1156 3415 1252 3470 τοῦ
1302 3414 1551 3468 διαὸόλου
1587 3412 1857 3481 παγίδων,
1893 3413 2009 3464 ἐκεῖ
2036 3410 2219 3482 διημε-

632 3508 977 3580 ρε;ύουσι,νιι;ῇ⁴
1014 3504 1277 3572 σατανικῇ
1323 3498 1527 3571 θεωρίᾳ
1576 3496 1805 3580 ἑαυτοὺς
1835 3495 2215 3580 ἐκδεδωκόιὲς,

628 3576 726 3646 καὶ
758 3593 837 3653 εἰς
864 3579 1127 3657 αἰσχύνην
1150 3582 1505 3656 προκείμενοι
1536 3581 1631 3634 καὶ
1670 3578 1946 3657 Ἰουδαίοις
1963 3580 2059 3631 καὶ
2084 3576 2217 3630 Ἕλ-

628 3675 755 3745 λησι
788 3649 883 3726 καὶ
912 3649 1026 3733 τοῖς
1062 3649 1132 3723 τά
1160 3649 1407 3739 ἡμέτερα
1430 3663 1716 3745 διασύρειν
1732 3649 2087 3732 ’βουλομένοις
2112 3677 2126 3725 ;

700 3758 796 3819 Τίς
822 3754 899 3825 ἂν
920 3750 1034 3817 οὖν,
1059 3752 1162 3805 κᾶν
1194 3742 1458 3822 σφόδραῇ
1490 3747 1713 3811 λίθινος,
1745 3746 1777 3816 ἢ
1820 3747 1915 3798 καὶ
1952 3743 2217 3815 ἀναίσθη-

627 3860 741 3906 τος,
775 3838 947 3893 ταῦτα
970 3835 1289 3911 ἀναλγήτως
1326 3834 1572 3901 ἐνεγκεῖν
1596 3831 1942 3911 δυνήσεται,
1990 3832 2121 3901 μήτι
2153 3845 2217 3897 γε

628 3903 790 3996 ἡμεῖς
811 3924 865 3975 οί
898 3903 1175 3995 πατρικὴν
1223 3903 1610 3986 φιλοστοργίαν
1636 3913 1768 3984 περὶ
1811 3913 2036 3996 ’πάντας
2073 3914 2217 3982 ὑμᾶς

629 3995 1034 4071 ἐπιδείκνυσθαι
1081 4000 1512 4063 σπουδάζοντεςς
1547 3998 1682 4051 Οὐδὲ
1712 3997 1822 4066 γὰρ
1862 3995 2022 4071 τοῦτο
2058 3999 2218 4067 μόνον

631 4094 751 4147 ἐστὶ
780 4088 937 4164 [791]
963 4088 1023 4141 τὸ
1047 4084 1254 4141 λυποῦν
1287 4085 1458 4156 ἡμᾶς,
1489 4084 1571 4136 ὅτι
1607 4082 1869 4164 ἀνόνητον
1898 4081 1990 4134 τὸν
2018 4081 2216 4152 ἡμέτε-

634 4196 724 4249 ρον
752 4163 1129 4251 ἐπιδείκνυσθε
1176 4169 1425 4239 κάματον
1444 4208 1459 4233 ,
1489 4165 1628 4251 ἀλλά
1660 4163 2033 4251 πολλῷ-πλέον
2061 4164 2218 4236 ἡμῶν

631 4248 991 4320 καθάπτεται,
1018 4256 1146 4308 ὅταν
1178 4253 1523 4322 ἐννοήσωμεν
1550 4250 1632 4302 ὅτι
1668 4248 1975 4320 βαρυτέραν
2002 4249 2220 4311 ἑαυτοῖς

630 4348 679 4398 οί
694 4342 868 4397 ταῦτα
894 4337 1173 4402 ποιοῦντες
1191 4335 1514 4407 ἐργάζονται
1528 4333 1628 4404 τὴν
1653 4331 1999 4403 κατάκρισιν.
2028 4332 2219 4403 Ἡμεῖς

630 4424 740 4501 γὰρ
766 4426 874 4480 τῶν
921 4424 1101 4477 πόνων
1148 4422 1249 4491 τὴν
1284 4417 1521 4490 ἀμοιϐὴν
1552 4416 1897 4488 ἀναμένομεν
1944 4417 2096 4489 παρά
2122 4416 2218 4469 τοῦ

631 4512 902 4567 Δεσπότω
925 4527 940 4541 ο
964 4506 1027 4560 τὸ
1058 4504 1168 4577 γάρ
1195 4504 1466 4576 ἡμέτερον
1499 4501 1646 4556 ἅπαν
1690 4501 2093 4571 πεποιήκαμεν,
2124 4500 2220 4553 καὶ

629 4598 692 4651 τὸ
714 4595 977 4666 ἀργύριον
1002 4588 1378 4658 κατεδάλομεν
1396 4627 1411 4652 ,
1444 4586 1540 4640 καὶ⁵
1567 4584 1632 4638 τὸ
1667 4584 1932 4639 τάλαντον
1965 4584 2028 4641 τὸ
2055 4586 2223 4655 ἐμπι-

631 4680 853 4735 στευθὲν
901 4679 1032 4750 ἡμῖν
1064 4673 1435 4746 διενείμαμεν,
1492 4671 1587 4723 καῖ¹
1637 4670 1791 4722 οὐδὲν
1816 4668 1926 4721 τῶν
1960 4671 2040 4733 εἰς
2072 4670 2221 4739 ἡμᾶς

628 4764 873 4836 ἡκόντων
904 4759 1419 4833 παραλελοίπαμεν
1451 4755 1500 4808 οί
1533 4754 1590 4806 δὲ
1620 4754 1689 4805 τὰ
1727 4752 1967 4823 ἀργύρια
1990 4751 2219 4821 δεξάμε-

629 4868 711 4905 νοι
735 4848 909 4902 ταῦτα
939 4849 1009 4901 τά
1043 4841 1412 4914 πνευματικά,
1446 4838 1606 4892 ποίαν
1649 4837 1895 4901 ἕξουσιν,
1941 4837 2063 4889 είπέ
2110 4855 2221 4907 μοι,

628 4931 950 5001 ἀπολογίαν,
974 4928 1136 4983 ποίαν
1163 4926 1222 4980 δὲ
1254 4924 1610 4993 συγγνώμην,
1631 4922 1762 4974 ὅταν
1793 4920 1870 4990 μὴ
1900 4920 2059 4989 μόνον
2084 4920 2223 4973 αὑτά

629 5015 994 5079 ἀπαιτῶνται,
1031 5010 1168 5065 ἀλλά
1199 5008 1297 5062 καὶ
1331 5007 1430 5077 τὴν
1459 5004 1667 5058 τούτων
1699 5002 1999 5073 ἐργασίαν;
2036 5002 2222 5072 ποίοις

629 5100 931 5170 ὀφθαλμοῖς
956 5096 1174 5166 ὄψονται
1197 5094 1289 5147 τὸν
1316 5091 1513 5162 κριτήν
1537 5106 1552 5155 ;
1586 5086 1703 5151 πῶς
1724 5086 1927 5140 οεσουσι
1955 5086 2053 5157 τὴν
2083 5088 2221 5157 ἡμέ-

634 5202 734 5255 ραν
772 5183 991 5251 ἐκείνην
1014 5180 1113 5251 τὴν
1136 5176 1399 5249 φοϐεράν,
1433 5172 1505 5227 τά
1542 5171 1881 5242 κολαστήρια
1908 5171 1979 5224 τά
2023 5172 2225 5243 ἀφόρη-

631 5282 732 5332 τα;
768 5267 861 5337 Μὴ
911 5265 1131 5335 γὰρ..είς
1161 5262 1385 5330 ἄγνοιαν
1414 5258 1600 5329 έχουσι
1658 5257 2029 5324 καταφυγεῖνς
2082 5256 2223 5309 Καθ’

632 5351 872 5420 ἑκάστην
902 5349 1120 5420 ἡμέραν
1158 5342 1486 5415 ἐνηχοῦμεν,
1542 5337 1947 5410 παραινοῦμεν,
1989 5352 2233 5411 προτρειν

633 5433 867 5503 πόμεθα,
890 5424 1210 5500 δεικνύομεν
1229 5426 1330 5496 τῆς
1353 5427 1569 5494 ἀπάτης
1590 5424 1681 5476 τὸν
1700 5421 1943 5495 ὄλεθρον,
1971 5422 2073 5492 τῆς
2096 5422 2224 5493 βλά-

632 5514 735 5579 6ης
763 5517 827 5569 τὸ
854 5513 1102 5587 μέγεθος,
1134 5512 1234 5581 τῆς
1260 5508 1560 5577 σατανικῆς
1609 5505 1975 5578 πανηγύρεως
2011 5507 2102 5559 τὸν
2141 5507 2225 5560 δό-

632 5600 744 5665 λον,
771 5600 865 5653 καὶ
891 5599 1013 5652 ούδέ
1045 5596 1190 5650 οὕτω
1229 5592 1558 5648 καθικέσθαι
1588 5590 1963 5663 ἡδυνὴθημεν.
2013 5590 2123 5643 Καὶ
2170 5591 2223 5644 τί

634 5683 777 5755 λέγω
804 5685 903 5755 τὴν
934 5680 1149 5754 ἡμέραν
1183 5679 1400 5749 ἐκείνην
1431 5676 1536 5748 τὴν
1565 5674 1835 5746 φοὸιράν;
1861 5675 2013 5739 Τέως
2043 5676 2111 5731 τά
2137 5677 2224 5730 ἐν·

695 5843 723 5873 ⁸
747 5842 869 5894 Tres
890 5854 987 5892 mss
1030 5839 1513 5900 διαπληκτιζομένους·
1536 5836 1658 5886 διατί
1682 5836 1708 5884 ὁ
1729 5836 1828 5899 μέν,

1210 350 1225 377 ³
1304 375 1358 428 s.
1388 371 1690 428 νιοΑΝΝιε
1728 372 2218 428 οηιιγευετονι

2324 363 2597 431 ΙὶίίΙΙΙΕΡ.
2638 374 3191 430 CONSTANTINOP.

3790 363 3910 418 1046

2323 482 2505 536 ταῦθα
2541 483 2932 554 γυμνάσωμεν.
2961 478 3108 543 Πῶς,
3128 477 3248 530 εἰπέ
3274 493 3382 549 μοι.
3411 473 3463 538 ρί
3490 475 3593 543 τῆς
3626 474 3907 540 σατανικῇς

2304 565 2544 635 ’ἐκείνης
2579 567 2946 636 μετασχόντες
2976 565 3208 635 θεωρίας
3240 562 3565 630 δυνήσονται
3598 556 3738 625 μετά
3780 562 3907 631 παρ-

2325 649 2531 718 ῥησίας
2576 648 2812 703 ἐνταῦθα
2854 645 3283 718 παραγενέσθαι,
3324 642 3385 695 τὸ
3423 640 3666 701 συνειδὸς
3708 638 3908 708 ἔχοντες

2324 724 2863 801 κατεξανιστάμενον
2917 733 3013 786 καὶ
3068 726 3357 783 καταϐοῶν
3412 724 3664 795 μεγάλας
3702 725 3771 776 Ἦ
3817 725 3911 776 οὒκ

2323 815 2620 868 ἀκούουσιν
2648 810 2792 870 οὗτοι
2825 814 2920 868 τοῦ
2958 812 3233 884 μακαρίου
3268 808 3484 862 Παύλου
3527 806 3779 874 λέγοντος
3821 807 3907 858 τοῦ

2322 899 2650 955 διδασκάλου
2678 902 2775 971 τῆς
2799 899 3147 969 οἰκουμένης.
3178 897 3274 961 Τίς
3294 894 3578 948 κοινωνία
3600 891 3746 961 φωτὶ
3769 890 3912 958 πρὸς

2323 985 2569 1053 σκότος,
2602 984 2640 1052 ἢ
2670 985 2763 1051 τίς
2780 984 2949 1055 μερίς
2966 981 3166 1048 πιστῷ
3189 979 3340 1051 μετὰ
3387 977 3688 1037 ἀπίστου;
3740 976 3913 1042 ιίόσης

2324 1068 2434 1137 γὰρ
2465 1070 2570 1131 οὐκ
2603 1069 2669 1122 ἂν
2720 1071 2805 1140 εῐη
2858 1066 3261 1136 καταγνώσεως
3294 1062 3466 1128 ἀξιον,
3501 1063 3631 1114 ὅταν
3664 1061 3693 1112 ὁ
3728 1060 3909 1121 πιστὸς

2323 1151 2420 1203 καὶ
2449 1151 2563 1205 τῶν
2591 1151 2826 1207 ἐνταῦθα
2857 1152 3197 1221 τελουμένων
3225 1150 3321 1203 καὶ
3351 1146 3527 1217 εὐχῶν
3549 1144 3647 1198 καὶ
3670 1141 3911 1213 φρικτῶν

2326 1234 2647 1305 μυστηρίων
2677 1236 2772 1289 καὶ
2808 1235 3187 1307 πνευματικῆς
3213 1224 3566 1292 διδασκαλίας
3602 1226 3908 1281 ἀπολαύων.

2326 1317 2465 1387 μετὰ
2498 1319 2601 1389 τὴν
2641 1318 2878 1373 ἐνταῦθα
2908 1319 3132 1387 τελετὴν
3185 1314 3438 1371 ἀπελθὼν
3482 1311 3783 1379 καθέζηται
3836 1309 3911 1367 είς

2322 1400 2423 1471 τὴν
2465 1402 3015 1473 σατανικὴνγέκείνην
3058 1400 3294 1470 θεωρίαν
3328 1396 3466 1468 μετά
3516 1392 3613 1447 τοῦ
3660 1392 3909 1450 ἀπίστου,

2310 1486 2465 1556 ,μετά
2502 1487 2594 1539 τοῦ
2635 1489 2692 1539 ἐν
2717 1487 2796 1558 τῷ
2829 1487 3011 1541 σκότει
3032 1487 3142 1556 ’τῆς
3178 1482 3435 1544 ἀσεϐείας
3476 1477 3849 1542 πλανωμένους
3884 1474 3911 1524 δ

2322 1569 2400 1640 τῷ
2430 1572 2569 1638 φωτὶ
2594 1570 2691 1623 τοῦ
2736 1572 2835 1638 τῆς
2886 1567 3233 1638 δικαιοσύνης
3265 1567 3418 1637 ἡλίου
3475 1559 3909 1627 καταυγασθείς;

2324 1651 2470 1725 Πῶς,
2504 1640 2625 1706 εἶπέ
2670 1669 2761 1722 μοι
2787 1692 2801 1715 ,
2855 1653 3042 1707 λοιπὸν
3099 1650 3454 1720 ἐπιστομίσαι
3500 1643 3843 1715 δυνησόμεθα

2326 1723 2641 1806 Ἕλληναςὴ
2680 1736 2971 1799 Ἰουδαίους
2989 1753 3004 1800 ;
3034 1735 3151 1798 πῶς
3168 1734 3224 1787 δὲ
3245 1733 3531 1800 ἐναγαγεῖν
3554 1727 3752 1788 αὐτοὺς
3772 1723 3912 1793 ίσχύ-

2324 1822 2632 1894 σομεν,ἱκαὶ
2659 1821 2924 1890 πείσομεν
2948 1818 3358 1889 μετατάξασθαι
3380 1818 3460 1877 είς
3487 1814 3587 1883 τὴν
3611 1810 3909 1869 εύσέὸειαν,

2323 1902 2451 1955 ὃταν
2482 1893 2651 1975 ὁρῶσι
2683 1906 2811 1968 τοὺς
2850 1905 2967 1975 μεθ’
2996 1905 3155 1975 ἡμῶν
3185 1902 3552 1972 τεταγμένους
3581 1899 3663 1960 εἰς
3688 1895 3756 1967 τά
3791 1893 3910 1945 ὀλέ-

2324 1986 2451 2057 θρια
2480 1990 2666 2042 ἐκεῖνα
2699 1990 2793 2042 καὶ
2831 1989 3013 2059 πάσης
3056 1986 3241 2058 λύμης
3267 1986 3506 2055 γέμοντα
3540 1981 3745 2049 θέατρα
3775 1993 3911 2045 συμο

2324 2071 2662 2141 φυρομένους
2685 2073 2904 2137 αὑτοῖς;
2932 2058 3090 2133 Τίνος
3111 2069 3219 2141 γάρ
3245 2069 3453 2133 ἕνεκεν,
3472 2064 3595 2119 είπέ
3634 2079 3748 2133 μοι,
3777 2058 3912 2130 μετά

2321 2155 2385 2208 τὸ
2427 2156 2837 2226 παραγενέσθαι
2875 2155 3131 2219 ἐνταῦθα,
3164 2154 3259 2208 καὶ
3286 2151 3591 2222 ἐκκαθᾶραι
3640 2147 3733 2199 τὸν
3770 2145 3912 2211 λογι-

2326 2237 2481 2307 σμὸν,
2509 2240 2603 2292 καὶ
2634 2240 2733 2310 τὴν
2766 2240 3005 2293 διάνοιαν
3026 2240 3110 2302 είς
3147 2238 3310 2308 νῆψιν
3354 2236 3586 2303 ἀγαγεῖν
3621 2232 3717 2284 καὶ
3748 2227 3912 2281 κατά-

2324 2321 2494 2387 νυξιν,
2525 2321 2689 2382 πάλιν
2722 2322 2973 2376 ἀπελθὼν
3011 2324 3129 2376 ἐκεῖ
3182 2318 3648 2391 καταρῥυπαίνεις
3686 2312 3908 2373 ἐαυτόν;

2326 2404 2397 2457 Ἢ
2425 2406 2526 2460 οὐκ
2554 2405 2775 2476 ἀκούεις
2807 2406 2974 2476 σοφοῦ
3012 2424 3157 2468 τινος
3202 2405 3452 2473 λέγοντος
3474 2419 3487 2433 ·
3526 2394 3632 2465 Εἷς
3684 2393 3909 2450 οἰκοδο·

2318 2487 2452 2556 μῶν
2479 2489 2577 2542 καὶ
2607 2486 2695 2557 εἷς
2723 2491 3020 2560 καθαιρῶν
3056 2492 3114 2544 τί
3142 2490 3471 2559 ὠφέλησαν
3511 2482 3704 2557 πλέον
3736 2482 3770 2547 ἢ
3812 2480 3912 2530 κό-

2323 2587 2513 2639 πουςὶ
2550 2575 2614 2627 Ὃ
2650 2574 2716 2644 δὴ
2748 2578 2843 2645 καὶ
2873 2576 2967 2629 νῦν
2991 2577 3223 2644 γίνεται.
3250 2572 3420 2626 Ὅταν
3446 2570 3555 2638 γάρ
3582 2568 3650 2620 τὰ
3678 2562 3910 2617 ἐνταῦθα

2324 2657 2415 2726 ὑφ’
2444 2658 2602 2730 ἡμῶν
2623 2660 3048 2730 οἰκοδομηθέντα
3074 2659 3174 2713 ηδιά
3209 2658 3307 2727 τῆς
3352 2652 3612 2724 συνεχοῦς
3662 2650 3912 2703 διδασκα-

2323 2738 2443 2809 λίας
2476 2743 2571 2795 καὶ
2600 2743 2701 2813 τῆς
2743 2742 3357 2814 παραινέσεωςταύτης
3385 2742 3484 2809 τῆς
3511 2733 3909 2805 πνευματικῆς,

2324 2825 2577 2879 ἀπελθὼν
2605 2827 2800 2897 ἁθρόον
2821 2830 2936 2880 ἐκεῖ
2966 2829 3145 2880 πάντα
3178 2825 3434 2896 καθέλῃς,
3460 2823 3555 2875 καὶ
3584 2820 3664 2881 είς
3690 2818 3911 2883 ἔδαφος,

2323 2910 2399 2972 ὡς
2431 2900 2627 2972 είπεῖν,
2654 2911 2997 2983 καταγάγῃς,
3016 2911 3169 2962 ποῖον
3202 2906 3396 2977 ὖφελος
3434 2904 3596 2958 πάλιν
3618 2903 3763 2973 ἡμᾶς
3780 2901 3913 2953 ἄνω-

2324 2992 2415 3046 θεν
2434 2992 2503 3046 τά
2530 2993 2632 3063 τῆς
2662 2982 2953 3069 οἰκοδομῆς
2991 2990 3418 3053 ἐπιδείκνυσθαι,
3441 2986 3537 3040 κα)⁸
3568 2982 3913 3069 πάλινᾼύμάίς

2322 3076 2391 3130 τὰ
2415 3077 2514 3147 τῆς
2544 3065 2917 3148 καθαιρέσεως
2940 3095 2956 3144 ;
2986 3077 3158 3147 πόσης
3187 3074 3347 3128 τοῦτο
3374 3072 3562 3133 ἀνοίας
3601 3070 3703 3121 οὐκ
3731 3066 3797 3119 ἂν
3823 3065 3913 3134 εἴη

2324 3161 2419 3214 καὶ¹
2450 3160 2871 3232 παραπληξίας;
2910 3161 3046 3232 Εἰπὲ
3074 3162 3184 3232 γάρ
3232 3176 3348 3231 μοι,
3378 3158 3428 3210 εί
3460 3154 3670 3208 ἐθεάσω
3692 3154 3749 3204 ἐν
3789 3151 3914 3211 ταῖς

2324 3230 2609 3314 αἰσθηταῖς
2641 3230 2868 3308 ταύταις
2895 3230 3207 3313 οίκόδομαῖς
3238 3230 3365 3304 ταῖς
3387 3240 3478 3293 διά
3504 3238 3612 3291 τῶν
3640 3235 3802 3287 λίθων
3822 3251 3917 3300 γι-

2323 3328 2576 3397 νομέναις
2599 3327 2759 3381 τοῦτό
2773 3344 2895 3381 τινα
2926 3318 3205 3391 ποιοῦντα,
3229 3325 3351 3396 οῦχὶ
3373 3325 3449 3387 ὡς
3473 3321 3740 3393 μεμηνότι
3763 3316 3917 3387 αὐτῷ

2323 3411 2610 3482 προσέξεις
2643 3414 2738 3464 καὶ
2768 3412 2890 3482 εἰκῆ
2938 3414 3034 3464 καὶ
3090 3410 3266 3482 μάτην
3298 3409 3641 3476 κοπτομένῳ,
3693 3403 3787 3456 καὶ
3827 3403 3919 3465 εἰς

2322 3498 2476 3551 οὐδὲν
2503 3497 2621 3550 δέον
2655 3498 2833 3550 πάντα
2859 3497 2927 3550 τά
2962 3495 3129 3550 αὑτοῦ
3157 3494 3643 3555 καταναλίσκοντι;
3683 3489 3785 3541 Τὸν
3810 3488 3920 3539 αὐ-

2322 3584 2414 3637 τὸν
2462 3583 2526 3654 δὴ
2571 3584 2776 3653 τρόπον
2806 3582 2903 3634 καὶ
2945 3583 3038 3633 ἐπί
3086 3582 3185 3651 τῆς
3232 3579 3521 3649 οἰκοδομῆς
3578 3575 3784 3643 ταύτης
3811 3572 3917 3639 τῆς

2325 3666 2705 3737 πνευματικῆς
2739 3666 2982 3735 λογίζου,
3017 3664 3113 3717 καὶ
3144 3663 3241 3734 τὴν
3270 3662 3440 3733 αὐτὴν
3464 3660 3668 3730 ἔκφερε
3708 3658 3914 3727 ψῆῳν.

2334 3752 2466 3804 Ἰδοὺ
2496 3750 2632 3821 γάρ·
2691 3752 2851 3820 ἡμεῖς
2886 3750 3007 3819 μὲν,
3050 3747 3241 3819 ἐπειδὴ
3281 3748 3361 3809 είς
3393 3745 3553 3821 τοῦτο
3603 3742 3917 3813 ἐτάχθημεν

2325 3834 2477 3906 παρά
2512 3837 2615 3906 τῆς
2656 3834 2750 3886 τοῦ
2800 3832 2937 3885 Θεοῦ
2988 3831 3231 3902 χάριτος,
3268 3829 3391 3883 καθ’
3431 3829 3671 3898 ἑκάστην
3701 3828 3916 3898 ἡμέραν

2323 3918 2420 3989 τὴν
2449 3916 2735 3987 οἰκοδομὴν
2764 3916 2970 3987 ταύτην
2999 3916 3097 3986 τὴν
3118 3914 3499 3985 πνευματικὴν
3516 3914 3605 3977 είς
3617 3912 3767 3984 [792]
3781 3911 3916 3980 ὕψος

2323 4002 2634 4072 ἐγείρομεν,
2664 3990 2757 4053 καὶ
2787 4000 2923 4071 πρὸς
2939 4000 3037 4072 τὴν
3062 3998 3164 4069 τῆς
3179 3999 3379 4071 ἀρετῆς
3394 3996 3742 4050 διδασκαλίαν
3768 3996 3915 4065 ὑμᾶς

2324 4085 2540 4159 ἐνάγειν
2571 4082 2945 4153 σπουδάζομεν
2969 4100 2983 4112 ο
3017 4083 3163 4147 τινὲς
3189 4082 3247 4136 δὲ
3278 4082 3389 4135 τῶν
3418 4080 3656 4134 ἐνταῦθα
3691 4095 3915 4151 συντρετ

2324 4170 2528 4241 χόντων
2554 4169 2652 4240 τὴν
2677 4169 2823 4238 μετά
2847 4168 3043 4221 πολλοῦ
3092 4168 3256 4223 πόνου
3288 4166 3315 4206 δ
3338 4165 3671 4238 αὐξηθεῖσαι)
3711 4166 3916 4219 οἰκοδο-

2328 4256 2435 4329 μήν
2492 4258 2551 4310 ἐν
2605 4256 2705 4326 μιᾷ
2736 4253 2932 4327 καιροῦ
2987 4257 3128 4327 ῥοπῇ
3170 4254 3454 4324 μονονουχὶ
3508 4255 3632 4316 ταῖς
3684 4255 3915 4315 οἰκείαις

2322 4342 2482 4412 χερσὶ
2532 4338 2623 4393 διὰ
2654 4338 2755 4408 τῆς
2771 4338 2990 4407 ,ἀφάτου
3039 4338 3244 4409 ταύτης
3283 4329 3555 4408 ῥᾳθυμίας
3588 4339 3675 4399 εἰς
3714 4336 3914 4404 ἔδαφος

2326 4425 2678 4493 κατάγουσιν,
2710 4425 2843 4493 ἡμῖν
2873 4423 2970 4494 μὲν
3006 4421 3209 4492 πολλὴν
3230 4422 3329 4492 τὴν
3364 4420 3609 4491 ἀθυμίαν
3659 4420 3915 4474 ἐντεῦθεν

2324 4512 2621 4573 τίκτοντες,
2674 4507 2890 4569 ἑαυτοῖς
2922 4506 2979 4559 δὲ
3029 4505 3285 4577 μέγιστον
3310 4505 3402 4558 τὸν
3431 4504 3655 4581 ὄλεθρον
3692 4506 3787 4557 καὶ
3814 4506 3915 4579 τὴν

2328 4593 2531 4665 ζημίαν
2567 4591 2859 4662 ἀφόρητον.

2396 4677 2467 4747 β’,
2492 4677 2643 4747 Τάχα
2667 4674 3032 4745 σφοδροτέραν
3052 4674 3150 4745 τὴν
3177 4666 3494 4745 ἐπιτίμησιν
3510 4676 3913 4746 ἐποιησάμεθα·

2328 4763 2449 4816 ὅσον
2484 4759 2585 4830 μὲν
2620 4759 2756 4829 πρὸς
2778 4758 2877 4828 τὴν
2896 4759 3175 4829 ’ἡμετέραν
3203 4758 3588 4827 φιλοστοργίαν
3624 4759 3918 4829 σφοδροτέ-

2332 4862 2432 4916 ραν
2454 4885 2468 4907 ,
2508 4844 2632 4896 ὅσον
2679 4842 2738 4894 δὲ
2767 4841 2905 4913 πρὸς
2932 4842 2993 4893 τὸ
3036 4842 3265 4913 μέγεθος
3310 4840 3404 4893 τοῦ
3438 4841 3918 4913 πλημμελήματος

2328 4930 2449 4984 οὐδὲ
2470 4928 2568 5000 τὴν
2596 4926 2772 4991 ἀξίαν.
2791 4925 2930 4978 Ἀλλ’
2957 4926 3107 4995 ὅμως
3132 4925 3318 4996 ἐπειδὴ
3347 4925 3427 4978 δεῖ
3446 4926 3538 4978 καὶ
3555 4928 3670 4988 τοῖς
3697 4943 3919 4979 πεπτω-

2329 5012 2451 5067 κόσι
2477 5012 2636 5081 χεῖρα
2658 5008 2891 5080 ὀρέγειν,
2926 5011 3022 5063 καὶ
3055 5010 3184 5079 περὶ
3222 5010 3350 5073 τοὺς
3381 5009 3638 5063 τοσοῦτον
3677 5012 3918 5081 ὲρῥᾳθυ-

2332 5094 2579 5167 μηκότας
2610 5093 2709 5165 τὴν
2755 5092 3026 5165 πατρικὴν
3081 5092 3297 5148 εῦνοιαν
3347 5093 3740 5160 ἐπιδείξασθαι,
3793 5097 3921 5151 οὐδὲ

2329 5179 2500 5243 οὕτως
2521 5176 2943 5250 ἀπαγορεύομεν
2967 5179 3148 5242 αὐτοῖς
3166 5177 3266 5249 τὴν
3286 5179 3563 5249 σωτηρίαν
3586 5196 3600 5209 ·
3633 5180 3791 5249 μόνον
3820 5183 3921 5235 ἐὰν

2333 5264 2634 5336 βουληθῶσι
2670 5264 2869 5335 μηκέτι
2892 5266 3005 5327 τοῖς
3031 5263 3215 5324 αὐτοῖς
3230 5265 3393 5317 πάλιν
3419 5267 3757 5335 περιπεσεῖν,
3778 5265 3922 5318 ἀλλά

2333 5350 2492 5420 μέχρι
2524 5351 2713 5401 τούτου
2746 5348 2940 5418 στῆσαι
2965 5348 3034 5401 τά
3060 5349 3159 5419 τῆς
3181 5348 3473 5419 ῥᾳθυμίας,
3493 5349 3586 5400 καὶ
3608 5350 3923 5421 ἀπαγορεῦ-

2331 5450 2421 5486 σαι
2449 5435 2663 5494 ἑαυτοῖς
2683 5433 2783 5503 τὴν
2809 5432 2903 5485 ἐπὶ
2930 5432 3031 5496 τὰς
3062 5432 3426 5503 ἱπποδρομίας
3455 5433 3665 5499 ἄνοδον,
3689 5435 3786 5488 καὶ
3813 5438 3922 5489 πεῖ-

2331 5535 2431 5573 σαν
2454 5518 2553 5587 τὴν
2574 5516 2831 5587 τοιαύτην
2860 5516 3162 5587 σατανικὴν
3185 5515 3440 5588 θεωρίαν.

2400 5601 2677 5671 Δεσπότην
2715 5599 2824 5671 γάρ
2856 5599 3058 5671 ἔχομεν
3113 5599 3497 5672 φιλάνθρωπον
3560 5601 3658 5658 καὶ
3709 5602 3922 5677 ἡμερον

2396 5833 2425 5873 δ
2452 5831 2585 5882 Unus
2604 5830 2784 5881 πολλοῦ
2808 5834 2979 5896 κόπου,
3000 5833 3126 5885 alius
3145 5833 3325 5884 πολλοῦ
3346 5834 3511 5894 τόνου,
