4122 6334
213 403 358 461 ιοιδ

213 523 499 584 postquam
524 513 730 568 liberali
758 531 919 570 manu
945 515 1149 569 semina
1171 516 1310 570 sinui
1347 527 1502 568 terra:
1519 515 1807 580 commisit,

211 617 405 674 neque
433 603 651 674 dignum
697 605 968 662 laboribus
992 621 1214 674 germen
1239 605 1384 660 videt
1425 606 1627 660 exoriri
1655 647 1670 669 ,
1704 620 1809 659 non

155 693 160 698 ’
207 696 404 750 eadem
429 711 551 750 cum
597 696 763 750 animi
803 697 1079 752 alacritate
1126 697 1505 766 agriculturam
1549 705 1808 751 exercet:

204 788 466 852 quoniam
497 801 622 854 spes
646 787 908 842 ubertatis
928 787 1138 857 frugum
1171 802 1386 856 semper
1412 787 1711 842 molestiam
1735 785 1812 841 la-

206 877 404 932 borum
457 878 746 933 imminuit.
773 880 895 934 Pari
944 881 1153 936 ratione
1189 895 1287 934 nos
1331 895 1542 949 quoque
1588 879 1810 934 multum

204 967 359 1024 hunc
386 968 614 1024 docendi
645 969 883 1026 laborem
909 985 1066 1040 aequo
1087 971 1274 1025 animo
1297 969 1560 1025 fcrremus
1590 1012 1604 1036 ,
1637 971 1680 1024 si
1713 986 1810 1024 nos

202 1059 484 1130 quidpiam
516 1051 807 1129 p'rofecisse
829 1063 1200 1117 cohortatione
1228 1070 1410 1117 nostra
1437 1062 1810 1117 didicissemus

203 1149 278 1205 ad
309 1152 594 1207 utilitatem
622 1162 856 1208 vestram
900 1153 1320 1223 promovendam
1353 1171 1364 1207 :
1388 1153 1500 1222 jam
1529 1168 1660 1208 vero
1685 1168 1807 1207 cum

204 1247 608 1315 conspiciamus
634 1247 778 1315 quod
805 1256 925 1316 post
950 1256 1054 1300 tam
1083 1247 1276 1301 multas
1294 1245 1694 1301 cohortationes
1715 1259 1810 1299 no-

205 1345 374 1403 stras,
406 1347 526 1405 post
551 1347 657 1392 tam
688 1339 886 1392 multas
911 1332 1305 1394 admonitiones
1329 1352 1384 1394 et
1411 1329 1806 1408 castigationes,

207 1427 413 1498 (neque
435 1431 579 1484 enim
604 1431 934 1487 cessavimus
953 1431 1105 1487 vobis
1139 1431 1193 1486 in
1219 1431 1533 1486 memoriam
1555 1445 1810 1485 revocare

210 1515 549 1576 tremendum
595 1522 726 1578 illud
758 1523 989 1577 tribunal
1014 1565 1030 1588 ,
1060 1523 1395 1579 inevitabiles
1434 1523 1554 1578 illas
1582 1537 1767 1593 paritas
1788 1558 1804 1589 ,

211 1607 397 1686 ignem
423 1611 569 1665 illum
593 1653 609 1679 ,
637 1613 729 1682 qui
752 1628 1042 1686 numquam
1069 1614 1426 1684 exstinguitur
1445 1653 1459 1680 ,
1489 1624 1544 1668 et
1569 1591 1809 1668 vermem

209 1700 304 1769 qui
332 1683 620 1772 numquam
647 1683 1111 1770 moritur,ieorum
1139 1683 1428 1768 nonnullis,
1459 1704 1549 1773 qui
1571 1704 1686 1759 hare
1708 1717 1808 1756 au-

208 1789 369 1848 diunt
391 1831 408 1856 ,
439 1793 576 1862 (non
617 1793 760 1848 enim
797 1794 850 1848 in
879 1809 1068 1850 omnes
1103 1795 1422 1850 sententiam
1462 1794 1611 1860 fero,
1644 1795 1808 1864 absit)

211 1881 406 1938 horum
435 1885 673 1940 omnium
700 1887 898 1955 oblitis,
926 1904 1112 1960 rursus
1140 1889 1216 1943 illi
1241 1883 1484 1945 satanieo'
1505 1905 1562 1944 se
1583 1889 1809 1943 Circen-

207 1977 350 2031 sium
378 1981 685 2046 spectaculo
707 1980 993 2048 dederunt,
1024 1997 1128 2052 qua
1158 1983 1370 2036 tandem
1409 1982 1809 2052 exspectatione

209 2067 393 2122 laetati
440 2070 734 2126 redibimus
780 2073 848 2127 ad
887 2073 1105 2128 eosdem
1152 2073 1404 2139 labores,
1435 2081 1490 2128 et
1537 2072 1674 2127 hanc
1703 2073 1810 2127 illis

206 2157 510 2213 doctrinam
553 2161 886 2231 spiritualem
926 2178 1256 2234 apponemus
1282 2206 1297 2232 ,
1323 2180 1444 2219 cum
1479 2165 1682 2218 nullum
1714 2179 1809 2219 eos

209 2250 340 2306 inde
368 2251 595 2307 fructum
627 2256 932 2324 percepisse
959 2255 1235 2311 videamus
1265 2297 1281 2321 ,
1313 2257 1407 2310 sed
1436 2245 1806 2311 consuetudini

206 2341 421 2396 cuidam
449 2353 652 2399 temere
675 2335 1033 2416 obsequentes
1057 2362 1179 2401 cum
1203 2347 1484 2416 applausu,
1514 2363 1632 2417 qua:
1656 2346 1807 2402 dice-

207 2432 408 2488 bantur
449 2450 481 2489 a
527 2435 1021 2508 nobis,excepisse
1057 2439 1317 2510 nobisque
1365 2441 1808 2510 significationem

207 2523 429 2580 dedisse
470 2526 759 2595 voluptatis
784 2529 901 2598 ejus
928 2545 1088 2599 quam
1129 2546 1195 2585 ex
1235 2531 1433 2584 nostris
1469 2530 1829 2586 sermonibus

208 2615 531 2684 capiebant,
558 2631 623 2672 ac
668 2617 864 2674 deinde
912 2635 1097 2675 rursus
1138 2621 1208 2675 ad
1245 2619 1460 2675 Circum
1484 2614 1766 2676 accurrere
1789 2662 1805 2688 ,

209 2707 508 2778 majorique
534 2725 656 2764 cum
680 2712 960 2782 applausu,
983 2723 1037 2768 et
1061 2713 1317 2769 ell‘renata
1343 2713 1572 2785 quadam
1601 2715 1808 2770 insania

209 2805 456 2862 cursibus
483 2807 800 2876 agitatorum
829 2806 1010 2864 favere
1032 2850 1048 2876 ,
1077 2823 1284 2863 summa
1308 2810 1652 2864 contentione
1684 2823 1807 2863 cum

209 2900 667 2956 illisconcurrere
694 2943 709 2968 ,
738 2911 793 2955 et
836 2901 976 2956 inter
1012 2916 1072 2957 se
1113 2901 1420 2972 frequenter
1458 2902 1668 2956 velitari
1701 2942 1716 2968 ,
1745 2915 1810 2956 ac

207 2991 414 3058 dicere,
446 3005 608 3047 unum
637 2986 853 3062 quidem
881 3009 947 3048 ex
979 2996 1131 3064 equis
1158 3010 1262 3049 non
1291 3004 1438 3050 recte
1459 2979 1762 3050 cucurrisse
1790 3035 1806 3061 ,

208 3083 440 3137 alterum
471 3100 600 3138 vero
629 3086 1026 3154 supplantatnm
1054 3101 1176 3142 esse
1203 3087 1512 3156 prolapsum
1537 3128 1551 3150 ,
1583 3096 1638 3142 et
1666 3087 1810 3142 hunc

210 3174 429 3244 quidem
471 3177 547 3230 illi
580 3177 826 3246 agitatori
855 3194 915 3234 se
940 3180 1251 3249 adjungere,
1283 3181 1430 3234 illum
1451 3196 1584 3235 vero
1609 3181 1763 3236 alteri
1791 3223 1805 3246 ,

211 3281 315 3320 nec
342 3281 564 3335 usquam
595 3283 689 3322 eos
719 3278 900 3323 mente
926 3285 1142 3324 versare
1160 3311 1175 3337 ,
1203 3269 1584 3326 velrecordari
1613 3271 1808 3345 verbo;-

211 3373 334 3412 rum
359 3370 690 3426 nostrorum,
719 3376 894 3431 neque
915 3362 1268 3431 spiritualium
1298 3363 1810 3433 tremendorumque

213 3450 591 3520 mysteriorum
618 3466 737 3520 qua:
768 3452 854 3507 hic
889 3453 1227 3513 celebrantur
1248 3497 1264 3520 ,
1296 3454 1390 3508 sed
1424 3457 1574 3526 quasi
1614 3456 1811 3512 diaboli

213 3540 420 3612 laqueis
439 3543 632 3612 captivi
664 3553 965 3608 teneantur,
997 3545 1102 3600 illic
1126 3553 1266 3599 totos
1287 3545 1403 3601 dies
1425 3547 1725 3608 traducere,
1758 3558 1814 3602 et

212 3634 468 3716 satanicis
491 3635 813 3716 spectaculis
834 3650 894 3690 se
913 3635 1133 3701 dedere,
1164 3652 1332 3708 seque
1357 3638 1558 3693 Judmis
1583 3653 1645 3694 ac
1665 3639 1810 3696 Gen-

213 3710 396 3781 tilibus
416 3707 718 3796 opprobriis
741 3728 1044 3806 obruendos
1063 3707 1355 3799 exponere,
1379 3730 1591 3802 illisque
1615 3731 1704 3802 qui
1727 3747 1815 3788 reo

213 3816 322 3883 bus,
338 3819 534 3872 nostris
553 3819 819 3874 voluerint
837 3820 1178 3875 obtrectare?
1490 3813 1495 3818 ’

290 3907 334 3959 Α
363 3909 667 3978 spectaculis
693 3909 922 3978 profanis
948 3920 1144 3965 avocat.
1172 3941 1243 3952 -—
1266 3911 1568 3983 Quis'ergo,
1601 3916 1813 3970 tametsi

216 3998 381 4054 fuerit
420 3999 580 4070 plane
622 4014 818 4056 saxeus
839 4042 854 4068 ,
882 4011 976 4056 aut
1004 4003 1251 4070 stupidus
1275 4045 1288 4068 ,
1317 4003 1424 4060 hoc
1464 4003 1582 4060 sine
1625 4006 1814 4062 dolore

217 4090 363 4148 ferre
392 4093 583 4161 poterit
608 4133 622 4157 ,
655 4093 852 4147 nedum
881 4109 998 4158 nos,
1028 4095 1120 4164 qui
1146 4109 1274 4164 erga
1301 4087 1398 4149 vos'
1420 4110 1608 4151 omnes
1631 4106 1812 4165 pater-
1836 4131 1838 4133 ›

218 4197 350 4236 num
389 4182 642 4238 allectum
691 4184 948 4240 exhibere
991 4187 1618 4252 conwndimus?Neque
1669 4191 1811 4244 enim

220 4272 327 4327 hoc
367 4274 543 4328 solum
590 4283 674 4330 est
699 4317 716 4343 ,
756 4277 898 4345 quod
947 4271 1101 4333 nobis
1140 4261 1381 4333 dolorem
1423 4279 1586 4335 inurit
1610 4321 1627 4347 ,
1672 4282 1814 4351 quod

218 4369 461 4424 inutilem
502 4378 744 4424 nostrum
775 4371 1012 4426 laborem
1058 4371 1438 4438 reddatis,sed
1482 4375 1651 4429 multo
1703 4391 1816 4429 ma-

217 4462 304 4530 gis
346 4463 549 4532 tangit,
597 4477 720 4517 cum
765 4463 922 4518 nobis
968 4463 1114 4547 venit
1163 4464 1215 4518 in
1253 4475 1488 4520 mentem
1539 4481 1675 4533 eos,
1725 4468 1814 4537 qui

221 4555 338 4611 haec
370 4555 600 4622 faciunt,
633 4557 938 4626 graviorem
967 4558 1062 4609 ’.ζέιῖ
1088 4558 1485 4614 damnationem
1515 4573 1814 4619 accersere.

217 4647 331 4704 Nos
354 4649 495 4724 enim
523 4650 766 4705 laborum
794 4651 1098 4706 merce-Em
1116 4667 1146 4706 a
1166 4639 1391 4706 Domino
1406 4637 1812 4722 exsliectamns:

217 4740 472 4810 quoniam
501 4740 554 4795 id
581 4740 721 4811 quod
751 4741 922 4796 nostri
948 4743 1189 4797 muneris
1210 4743 1325 4806 fuit,
1350 4744 1693 4813 perfecimus,
1721 4758 1814 4815 pe-

217 4833 432 4887 cuniam
474 4833 861 4903 expendimus,
885 4844 938 4888 et
965 4835 1225 4889 creditum
1251 4835 1404 4890 nobis
1426 4837 1677 4891 talentum
1701 4822 1817 4902 dis-

220 4907 541 4989 tribuimus,
569 4924 703 4978 nihil
749 4941 936 4980 eorum
981 4941 1100 4996 quin
1158 4937 1462 4982 nostrarum
1503 4936 1659 4983 erant
1697 4945 1818 4999 per-

221 5015 354 5070 tlum
397 5016 870 5085 praetermisimus;
902 5018 991 5086 qui
1022 5032 1153 5072 vero
1181 5018 1486 5088 spirituales
1521 5019 1617 5074 has
1657 5036 1820 5090 pecu-

218 5110 338 5164 nias
353 5118 694 5178 acceperunt,
707 5125 888 5179 quam,
901 5111 1507 5180 qumso,excusationem
1523 5112 1815 5179 habebunt,

219 5198 381 5268 quam
409 5201 642 5263 veniam,
664 5215 785 5254 cum
805 5216 920 5255 non
951 5201 1055 5255 illa:
1079 5211 1280 5256 tantum
1306 5202 1374 5256 ab
1396 5202 1475 5257 eis
1502 5205 1781 5273 exigentur
1798 5247 1815 5271 ,

220 5294 321 5348 sed
347 5295 509 5350 etiam
536 5303 774 5364 quaestus
797 5293 1048 5349 illarum?
1068 5294 1272 5362 Quibus
1298 5295 1469 5349 oculis
1487 5295 1721 5364 judicem
1746 5299 1819 5351 in-

226 5387 552 5442 tuebuntur?
570 5388 687 5458 Quo
708 5398 862 5457 pacto
886 5386 1271 5443 formidabilem
1291 5391 1438 5443 illum
1459 5390 1600 5445 diem
1624 5391 1815 5458 ferent,
1840 5397 1842 5400 '

225 5480 562 5536 intoleranda
608 5480 920 5535 tormenta?
966 5480 1103 5535 Num
1157 5482 1299 5536 enim
1353 5481 1420 5536 ad
1470 5482 1819 5552 ignorantiam

220 5571 516 5642 confugere
555 5572 847 5641 poterunt?
871 5571 1120 5640 Quotidie
1151 5574 1499 5652 inclamamus
1519 5574 1818 5640 ,,admone-

226 5678 366 5728 mus,
393 5663 760 5731 cohortamur,
793 5664 992 5719 fraudis
1024 5665 1312 5735 perniciem
1346 5664 1663 5732 indicamus,
1695 5681 1818 5732 gra-

225 5757 442 5810 vitatem
471 5756 675 5820 damni,
705 5756 926 5812 satanici
953 5767 1251 5812 conventus
1279 5756 1482 5820 dolum,
1512 5770 1610 5810 nec
1641 5764 1819 5811 tamen

223 5850 299 5906 ita
340 5847 609 5919 potuimus
634 5846 1162 5916 commovere.Quid
1190 5847 1311 5904 dico
1343 5846 1488 5904 diem
1526 5847 1674 5906 illum
1703 5845 1815 5903 for-

1467 404 1554 457 DE
1592 398 1867 457 LAZABO
1901 399 2150 456 CONCIO
2192 400 2305 459 VII.

3384 401 3521 481 toto

1925 517 2274 572 midabilem?
2303 506 2518 572 Interim
2559 517 2628 573 de
2677 518 2833 588 hujus
2872 518 2996 572 vita:
3026 517 3187 573 rebus
3215 532 3520 576 sermonem

1923 608 2281 662 instituamus.
2313 608 2431 673 Quo
2459 615 2650 677 pacto,
2678 621 2894 676 quasso,
2926 616 3217 676 poterunt,
3251 608 3340 678 qui
3371 621 3516 664 sata-

1921 699 2041 753 nico
2071 699 2144 754 illi
2176 701 2484 770 spectaculo
2511 700 2799 758 intersunt.
2822 699 2927 755 huc
2954 700 3288 758 conlidenter
3311 703 3514 770 venire,

1918 804 2040 844 cum
2071 806 2131 845 se
2156 791 2222 844 ab
2245 784 2554 861 insurgente
2581 807 2644 845 ac
2662 779 3007 846 vehementer
3029 792 3360 847 reclamante
3387 807 3520 846 con-

1919 881 2140 936 scientia
2179 897 2271 936 sua
2297 883 2530 936 sentiant
2554 882 2939 943 condemnari?
2959 884 3151 937 Almon
3185 884 3407 937 audiunt
3429 883 3518 938 isti

1918 971 2128 1026 beatum
2161 972 2697 1037 Paulum,doctorem
2732 973 2878 1027 orbis
2906 981 3169 1045 terrarum
3201 973 3471 1028 dicentem
3502 992 3516 1026 :

1919 1062 2049 1128 Qui:
2071 1067 2281 1118 societas
2311 1065 2414 1135 luci
2448 1065 2517 1117 ad
2560 1064 2806 1128 tenebras,
2837 1074 2924 1117 aut
2949 1074 3062 1134 quis
3086 1081 3207 1135 pars
3236 1065 3378 1133 ﬁdeli
3401 1081 3518 1118 cum

1915 1154 2112 1222 inﬁdeli
2141 1154 2217 1226 (9..
2246 1154 2364 1209 Cor.
2394 1154 2446 1210 6.
2481 1155 2614 1225 l4)?
2638 1155 2844 1224 Quanta
2884 1156 3026 1209 enim
3059 1153 3515 1210 condcnmatioue

1914 1244 2130 1322 dignum
2170 1246 2498 1301 censendum
2543 1256 2662 1312 est,
2688 1257 2814 1301 cum
2845 1247 3015 1302 fidelis
3034 1287 3048 1312 ,
3078 1248 3168 1317 qui
3199 1261 3437 1317 precum,
3459 1239 3517 1302 ei

1909 1335 2312 1391 tremendorum
2359 1339 2736 1408 mysteriorum
2767 1353 2886 1408 qua:
2914 1336 3002 1391 hic
3039 1338 3381 1393 celebrantur
3400 1365 3431 1403 ,κ
3450 1352 3514 1390 ac

1910 1429 2205 1496 spiritualis
2245 1429 2504 1484 doctrinae
2544 1430 2816 1500 particeps
2853 1426 3046 1492 fuerit,
3077 1437 3198 1498 post
3227 1427 3385 1498 hujus
3409 1428 3514 1483 loci

1914 1519 2233 1576 sacrificium
2260 1513 2502 1578 satanico
2535 1523 2615 1577 illi
2653 1523 2960 1592 spectaculo
2985 1537 3106 1578 cum
3147 1521 3355 1578 infideli.
3377 1525 3516 1576 assi-

1915 1609 2071 1680 deat,
2097 1626 2217 1666 cum
2257 1627 2326 1668 eo
2367 1615 2463 1683 qui,
2503 1615 2556 1668 in
2588 1614 2824 1670 tenebris
2862 1613 3151 1684 impietatis
3187 1615 3438 1678 aberrat,
3469 1615 3516 1669 is

1913 1701 2004 1769 qui
2025 1701 2152 1782 solis
2171 1702 2392 1772 iustitia!
2414 1703 2573 1759 fuerit
2598 1704 2763 1759 radiis
2787 1705 3119 1759 illustratus?
3145 1704 3259 1771 Qua
3282 1705 3511 1767 ratione,

1913 1806 2130 1860 qumso,
2161 1793 2415 1864 deinceps
2443 1798 2738 1864 poterimus
2767 1794 3064 1850 Gentilibus
3094 1805 3186 1850 aut
3213 1794 3413 1851 Judznls
3452 1785 3516 1850 os

1914 1882 2202 1939 obturare?
2227 1886 2340 1954 Qua
2372 1887 2581 1942 ratione
2622 1887 2874 1943 inducere
2913 1880 3207 1942 valebimus
3232 1929 3246 1950 ,
3276 1902 3339 1942 ac
3383 1903 3511 1957 per-

1913 1976 2139 2032 suadere
2162 2018 2179 2044 ,
2205 1963 2262 2031 ut
2286 1978 2353 2032 ad
2381 1979 2590 2048 pietatis
2620 1988 2798 2056 partes
2819 1987 3092 2034 transeant
3115 2021 3129 2042 ,
3157 1993 3278 2033 cum
3307 1992 3402 2033 eos
3431 1979 3512 2032 vi-

1911 2069 2112 2136 deant,
2138 2071 2230 2141 qui
2254 2080 2398 2126 stant
2424 2087 2454 2126 a
2487 2071 2640 2126 nobis
2664 2114 2678 2136 ,
2707 2073 2760 2126 in
2793 2073 3104 2140 perniciosis
3131 2072 3235 2127 illis
3258 2072 3514 2140 Omnique

1912 2160 2152 2215 sordium
2176 2154 2374 2230 gen‘kre
2395 2161 2819 2235 redundantibus
2849 2161 3069 2216 theatris
3089 2176 3211 2216 cum
3237 2161 3342 2216 illis
3362 2160 3532 2216 com?

1895 2250 2146 2306 ‘inisceri.
2175 2252 2282 2306 Cur
2301 2253 2444 2307 enim
2469 2295 2484 2317 ,
2508 2265 2721 2324 quazso.
2755 2262 3032 2322 postquam
3066 2253 3169 2307 huc
3200 2252 3392 2307 venisti
3416 2292 3432 2319 ,
3461 2259 3517 2305 ct

1884 2343 2150 2431 'animum
2187 2343 2490 2413 expurgasti
2515 2384 2532 2410 ,
2564 2353 2908 2413 mentemque
2955 2338 3020 2396 ad
3069 2332 3418 2397 sobrietatem
3459 2350 3516 2396 et

1911 2429 2285 2493 contritionem
2332 2436 2585 2490 induxisti
2618 2477 2635 2502 ,
2667 2450 2854 2492 rursus
2893 2436 3020 2490 illuc
3069 2435 3256 2491 abiens
3285 2436 3512 2504 teipsum

1911 2527 2284 2582 contaminas?
2311 2525 2429 2582 Non
2457 2527 2611 2582 audis
2649 2527 2948 2598 sapientem
2995 2522 3280 2599 quemdam
3322 2525 3512 2582 dicen-

1912 2628 2022 2674 tem
2047 2637 2060 2673 :
2087 2618 2234 2675 Unus
2253 2618 2539 2689 edi/imas,
2559 2628 2604 2674 et
2619 2635 2758 2673 unus
2779 2619 3068 2684 destruens,
3089 2617 3214 2689 quid
3238 2617 3515 2690 proficiunt

1910 2713 2076 2780 aliud,
2093 2729 2245 2783 quam
2272 2712 2469 2768 labores
2492 2711 2681 2783 (Eccli.
2705 2714 2794 2769 54.
2820 2711 2950 2786 28)?
2967 2712 3023 2767 Id
3050 2725 3178 2767 vero
3194 2725 3337 2766 nunc
3354 2711 3516 2766 etiam

1914 2805 1991 2860 ﬁt.
2023 2805 2155 2862 Cum
2184 2807 2328 2861 enim
2358 2821 2422 2861 ea
2467 2822 2584 2877 qua:
2618 2821 2650 2860 a
2692 2807 2847 2860 nobis
2889 2805 2976 2859 hic
3016 2802 3285 2859 aedificata
3309 2803 3522 2858 fuerant

1914 2915 2009 2970 per
2027 2900 2324 2955 doctrinam
2346 2900 2636 2966 assiduam,
2659 2908 2714 2954 et
2738 2898 3068 2968 spiritualem
3100 2897 3240 2951 hanc
3264 2895 3514 2950 admoni-

1915 2994 2112 3048 tionem
2139 3035 2152 3059 ,
2181 2980 2461 3048 confestim
2497 2991 2622 3045 illuc
2649 2991 2835 3046 abiens
2863 2992 3042 3044 omnia
3068 2987 3342 3052 destruas,
3375 2986 3430 3041 et
3461 2986 3515 3040 in

1913 3085 2296 3155 pavimentum,
2321 3093 2379 3141 ut
2409 3084 2477 3137 ita
2504 3083 2706 3153 loquar,
2741 3081 2981 3150 abjicias,
3004 3079 3129 3150 quid
3153 3079 3306 3154 nobis
3325 3078 3519 3147 prode-

1913 3178 2015 3244 rit,
2046 3177 2090 3231 si
2131 3191 2316 3231 rursus
2357 3175 2639 3229 :edificium
2681 3176 3072 3239 instauremus,
3100 3181 3155 3226 et
3183 3187 3279 3226 vos
3324 3172 3514 3224 ite-rum

1913 3266 2237 3323 dcstruatis?
2261 3267 2392 3334 Quis
2438 3283 2542 3321 non
2593 3281 2816 3321 summae
2856 3266 3140 3320 dementiae
3172 3266 3274 3319 hoc
3313 3263 3518 3319 facinus

1914 3360 2111 3415 dixerit
2134 3374 2197 3415 ac
2223 3360 2456 3414 furoris?
2483 3359 2576 3414 Dic
2604 3359 2747 3413 enim
2774 3401 2788 3425 ,
2817 3372 3000 3428 qumso
3019 3399 3034 3424 ,
3062 3359 3106 3410 si
3137 3356 3190 3411 in
3230 3356 3516 3410 sensilibus

1917 3454 2038 3508 iStis
2059 3453 2299 3509 :edillciis
2317 3496 2333 3520 ,
2362 3468 2481 3523 quae
2501 3469 2565 3508 ex
2594 3453 2859 3522 lapidibus
2884 3436 3288 3516 construuntur,
3318 3468 3511 3522 quein-

1916 3547 2057 3616 piam
2087 3561 2337 3600 cerneres
2369 3544 2472 3600 hoc
2491 3553 2734 3615 agentem
2760 3561 2772 3597 :
2797 3557 2975 3599 nonne
2996 3559 3119 3599 eum
3147 3551 3416 3613 tamquam
3437 3544 3515 3596 fu-

1917 3640 2116 3693 riosum
2135 3639 2438 3704 intuereris,
2457 3647 2546 3692 aut
2575 3638 2766 3692 frustra
2797 3646 2851 3692 et
2867 3637 3135 3691 incassum
3158 3635 3516 3697 laborantem,

1915 3739 1971 3785 et
2008 3720 2186 3783 omnia
2225 3743 2321 3783 sua
2359 3729 2415 3783 in
2446 3743 2534 3784 res
2564 3729 2778 3784 inutiles
2801 3727 3230 3798 expendentem?
3258 3728 3374 3782 Pari
3427 3745 3517 3781 ra—

1919 3825 2062 3879 tione
2109 3824 2178 3878 de
2223 3822 2327 3877 hoc
2365 3823 2626 3893 spirituali
2675 3821 2905 3876 aedilicio
2949 3820 3310 3887 ratiocinare,
3358 3831 3518 3891 atque

1915 3915 2158 3969 eamdem
2189 3912 2270 3968 fer
2293 3914 2632 3969 sententiam.
2663 3911 2826 3977 Ecce,
2854 3927 2952 3968 nos
2977 3911 3211 3983 quidem,
3237 3922 3516 3982 postquam

1919 4005 1973 4060 id
2005 4005 2156 4060 nobis
2180 4004 2418 4058 muneris
2447 4001 2474 4056 ξι
2504 4003 2670 4075 gratia
2698 4002 2877 4058 divina
2906 4002 3139 4059 delatum
3166 4000 3517 4073 est,‘singulis

1919 4097 2108 4153 diebus
2133 4093 2414 4164 Spirituale
2441 4093 2542 4148 hoc
2565 4094 2846 4148 :edilicium
2871 4093 2922 4148 in
2944 4094 3108 4147 altum
3140 4093 3396 4164 erigimus
3417 4134 3435 4160 ,
3461 4105 3518 4148 et

1918 4201 2016 4242 vos
2056 4186 2123 4240 ad
2172 4187 2382 4240 virtutis
2423 4185 2721 4241 doctrinam
2773 4184 3082 4253 provehere
3108 4185 3385 4239 studemus
3419 4202 3432 4237 :
3465 4194 3522 4239 at

1921 4278 2160 4334 nonnulli
2207 4279 2299 4348 qui
2337 4277 2440 4330 huc
2483 4285 2846 4343 concurrunt,
2874 4275 3157 4330 aedificium
3201 4277 3371 4332 multo
3393 4291 3518 4332 eum

1922 4373 2104 4427 labore
2129 4383 2341 4426 auctum
2375 4383 2485 4424 uno
2515 4369 2771 4440 temporis
2795 4377 3070 4424 momento
3091 4369 3205 4424 suis
3231 4383 3521 4440 propemo-

1920 4464 2046 4519 dum
2074 4464 2318 4520 manibus
2351 4477 2448 4532 per
2472 4459 2741 4517 summam.
2777 4459 2915 4515 hanc
2964 4460 3223 4514 desidiam
3271 4462 3321 4515 in
3369 4460 3521 4529 pavi-

1922 4566 2160 4614 mentum
2204 4556 2496 4627 dejiciunt,
2526 4565 2581 4609 et
2623 4555 2777 4609 nobis
2817 4553 3032 4624 quidem
3074 4555 3344 4624 ingentem
3396 4553 3523 4608 inde

1922 4650 2189 4704 tristitiam
2224 4650 2435 4717 pariunt
2463 4687 2480 4714 ,
2506 4646 2612 4702 sibi
2643 4662 2771 4701 vero
2808 4647 3099 4717 perniciem
3127 4655 3424 4702 extremam
3467 4656 3519 4701 et

1923 4740 2259 4796 intolerabile
2283 4741 2537 4794 damnum
2566 4738 2909 4794 contrahunt.

1990 4833 2046 4887 2.
2074 4835 2361 4903 Asperiore
2387 4832 2614 4886 fortasse
2639 4831 3062 4908 reprehensione
3098 4831 3180 4885 usi
3213 4844 3398 4884 sumus
3433 4848 3444 4908 ξ
3476 4831 3521 4884 si

1922 4934 2197 4993 spectetur
2237 4923 2455 5000 quidem
2503 4931 2757 4994 paternus
2803 4921 2893 4976 hic
2930 4905 3084 4975 amor
3122 4929 3324 4997 noste‘r,
3367 4905 3522 4990 aspe-

1922 5019 2101 5087 riore;
2131 5017 2212 5071 sin
2244 5024 2422 5070 autem
2444 5012 2679 5085 gravitas
2697 5012 3191 5082 delictispectetur,
3217 5026 3285 5064 ne
3305 5009 3522 5081 quidem

1923 5110 2054 5165 satis
2078 5109 2258 5179 digna.
2303 5107 2680 5162 Verumtamen
2722 5105 2975 5175 quoniam
3012 5104 3178 5174 lapsis
3225 5117 3416 5159 manus
3437 5111 3521 5156 est

1923 5201 2262 5272 porrigenda,
2292 5210 2454 5270 atque
2477 5214 2601 5269 erga
2645 5199 2764 5252 illos
2789 5198 2879 5268 qui
2907 5206 3012 5252 tam
3043 5198 3374 5267 negligentes
3407 5194 3523 5250 fuc-

1923 5302 2071 5360 runt,
2101 5302 2318 5362 paterna
2347 5291 2648 5348 exhibenda
2677 5299 2761 5346 est
2785 5282 3181 5356 benevolentia,
3206 5303 3275 5344 ne
3309 5292 3388 5343 sic
3408 5290 3524 5359 qui-

1924 5387 2046 5443 dem
2093 5388 2162 5442 de
2201 5387 2412 5440 illorum
2454 5387 2628 5440 salute
2671 5384 3044 5454 desperamus,
3077 5380 3370 5436 dumtnodo
3417 5396 3523 5436 non

1925 5480 2153 5548 amplius
2185 5480 2237 5531 in
2269 5478 2455 5531 eadem
2490 5477 2654 5532 velint
2683 5475 2943 5540 recidere,
2967 5473 3062 5529 sed
3087 5475 3192 5528 huc
3212 5487 3380 5542 usque
3411 5483 3526 5526 tan-

1927 5580 2038 5626 tum
2085 5570 2419 5641 negligentia:
2462 5584 2575 5623 sua:
2616 5567 2910 5637 indulgere,
2955 5553 3339 5642 sibique'ipsis
3381 5564 3527 5620 aditu

1925 5661 2258 5717 Circensium
2289 5670 2345 5716 et
2378 5661 2552 5715 omnis
2578 5657 3090 5730 ejusmodi-satamci
3116 5655 3409 5727 spectaculi
3440 5655 3525 5709 in-

1930 5757 2210 5812 tertlicaut.

1999 5845 2258 5917 Confessio
2285 5853 2625 5917 peccatorum.
2661 5841 3153 5915 Benignumcnim,
3174 5841 3521 5913 clementem,
