4122 6334
660 295 807 376 Ttot't

671 448 734 488 ae
786 429 1059 499 providum
1109 428 1366 484 habemus
1412 428 1716 491 Dominum,
1764 426 1855 499 qui
1893 440 2013 487 cum
2053 431 2255 479 naturte

666 528 874 581 nostra!
911 519 1118 575 noverit
1164 515 1602 582 imbecillitatem,
1637 516 1727 571 ubi
1772 514 2088 585 negligentia
2132 514 2258 581 sup-

669 612 888 683 plantati
916 596 967 665 in
992 619 1263 679 peccatum
1285 609 1497 679 aliquod
1521 608 1749 679 prolapsi
1781 599 2057 668 fuerimus,
2090 619 2252 659 unum

671 704 722 759 id
753 702 924 779 solum
952 717 1003 757 ar
1026 701 1182 756 nobis
1211 701 1454 771 requirit,
1501 711 1558 755 ut
1601 717 1668 755 ne
1702 698 2069 777 desperemus,
2100 694 2193 752 sed
2222 710 2252 749 a

670 776 889 865 peccato
917 779 1238 859 resiliamus,
1278 803 1330 848 et
1352 792 1423 848 ad
1452 781 1841 848 cmifessionem
1881 776 2273 860 properemus.

669 884 823 952 Quod
849 885 893 941 si
913 884 1019 941 hoc
1047 885 1320 951 faciamus,
1350 886 1456 940 cito
1489 900 1546 940 se
1588 885 1798 940 veniam
1827 883 2071 936 daturum
2104 880 2256 950 polli-

668 985 821 1033 cetur
848 994 862 1032 :
894 977 1008 1047 ipse
1035 979 1175 1032 enim
1206 986 1288 1033 est
1324 962 1414 1047 qui
1443 976 1570 1031 dicit
1617 994 1632 1031 :
1665 975 1929 1046 Numquid
1968 973 2056 1045 qui
2094 972 2247 1037 cadit,

670 1086 771 1123 non
798 1070 1034 1141 resurgit,
1062 1079 1169 1134 aut,
1196 1070 1285 1136 qui
1311 1068 1485 1122 avertit
1506 1084 1582 1134 se,
1606 1084 1705 1121 non
1740 1066 2003 1121 reuertitur
2034 1063 2165 1134 (Jer.
2198 1063 2251 1118 8.

669 1152 901 1227 4)?iime
918 1154 1076 1223 igitur
1096 1169 1217 1208 eum
1234 1153 1483 1219 sciamus,
1508 1162 1612 1206 tam
1634 1152 1947 1206 clementem
1971 1148 2250 1203 Dominum

669 1257 738 1296 ne
757 1256 1090 1312 Spernamus,
1114 1242 1205 1298 sed
1228 1242 1436 1297 noxiam
1458 1241 1895 1297 consuetudinem
1916 1252 2250 1309 superemus,

671 1328 846 1407 neque
864 1351 956 1405 per
972 1335 1130 1390 latam
1151 1344 1359 1407 portam
1384 1335 1742 1405 et’spatiosam
1768 1334 1904 1387 viam
1923 1330 2248 1395 incedamus,

670 1434 830 1494 prout
849 1425 1070 1480 audistis
1100 1427 1257 1481 hodie
1295 1440 1630 1481 communem
1655 1424 1932 1477 Dominum
1956 1420 2251 1475 admonen-

674 1526 782 1571 tem
814 1517 865 1571 in
887 1515 1203 1586 Evangelio,
1222 1527 1286 1565 ac
1306 1517 1570 1572 dicentem
1607 1534 1619 1570 :
1653 1514 1850 1568 Intrate
1877 1529 1965 1583 per
1985 1522 2269 1581 angustam.

671 1617 889 1677 portam,
921 1611 1040 1677 quia
1068 1609 1172 1664 lata
1210 1620 1376 1679 porta,
1408 1620 1451 1664 et
1481 1610 1704 1680 spatiosa
1724 1609 1812 1661 uia
1841 1618 1945 1673 est,
1973 1622 2084 1676 qua»:
2116 1604 2251 1656 ducit

671 1700 738 1753 ad
783 1703 1133 1772 perditionem,
1174 1712 1220 1757 et
1260 1703 1408 1756 multi
1450 1711 1587 1769 sunt,
1644 1701 1731 1770 qui
1781 1701 1972 1754 intrant
2014 1715 2102 1768 per
2140 1713 2249 1750 eam

668 1792 882 1860 (Matth.
914 1792 967 1847 7.
1002 1790 1111 1864 15).
1145 1793 1279 1847 Dum
1308 1794 1460 1849 audis
1481 1793 1640 1848 latam
1660 1806 1782 1869 esse
1803 1800 2025 1860 portam,
2050 1798 2103 1843 et
2131 1802 2252 1856 Spa-

669 1882 858 1936 tiosam
883 1884 1040 1949 viam,
1084 1899 1150 1938 ne
1180 1883 1458 1954 decipiaris
1507 1884 1561 1939 in
1596 1882 1818 1938 exordio
1841 1924 1856 1948 ,
1908 1896 2081 1950 neque
2124 1878 2248 1932 iilud

656 1985 898 2043 speetes,
928 1974 1067 2044 quod
1094 1975 1245 2029 multi
1273 1974 1379 2030 sint
1405 1975 1491 2044 qui
1533 1989 1627 2044 per
1653 1989 1769 2028 eam
1793 1974 1991 2028 intrent
2025 1989 2037 2026 :
2066 1970 2157 2026 sed
2188 1969 2251 2025 il-

667 2064 756 2119 lud
785 2066 1167 2133 animadverte,
1210 2068 1261 2120 in
1304 2077 1582 2138 angustum
1611 2067 1751 2121 illam
1780 2067 1943 2143 finem
1982 2064 2245 2143 desinere.

666 2156 801 2211 lllud
850 2170 1062 2229 quoque
1119 2158 1749 2229 prudenterconsidera,
1780 2140 2130 2228 nequaquam
2184 2158 2251 2212 de

667 2248 848 2302 sensili
893 2260 1040 2318 porta
1085 2250 1241 2323 verba
1294 2250 1427 2314 ﬁeri,
1474 2264 1645 2319 neque
1685 2250 1751 2305 de
1791 2250 1873 2303 via
1915 2248 2247 2318 simpliciter,

668 2338 761 2393 sed
791 2341 857 2395 de
886 2350 991 2395 tota
1016 2341 1117 2395 vita
1153 2350 1355 2406 nostra,
1395 2340 1463 2397 de
1487 2341 1681 2397 virtute
1724 2328 1787 2395 ac
1838 2340 1965 2395 vitio
2008 2340 2251 2393 admoui-

664 2433 867 2488 tiouem
899 2448 1037 2489 esse.
1072 2433 1295 2502 PrOpter
1321 2448 1384 2488 ea
1411 2447 1620 2503 quoque
1645 2432 1711 2487 ab
1734 2432 1816 2487 his
1843 2432 2021 2487 verbis
2046 2447 2253 2487 sermo-

667 2540 791 2578 nem
823 2524 1105 2589 inchoavit,
1139 2523 1331 2578 Intrate
1357 2542 1445 2595 per
1470 2535 1735 2596 angustum
1776 2535 1996 2591 portam,
2037 2525 2251 2579 virtutis

666 2626 874 2684 portam
893 2616 968 2670 sic
988 2616 1279 2686 appellans.
1306 2616 1505 2671 Deinde
1528 2631 1651 2672 eum
1677 2615 1920 2680 dixisset,
1945 2614 2142 2670 Intrate
2164 2632 2252 2685 per

667 2718 935 2779 angustant
959 2718 1174 2778 partam,
1204 2726 1297 2763 nos
1314 2709 1563 2779 deinceps
1582 2724 1794 2765 causam
1814 2708 1991 2773 docet,
2005 2709 2074 2763 ob
2094 2722 2250 2779 quam

668 2798 733 2852 ad
767 2800 865 2853 hoc
895 2814 993 2854 nos
1018 2799 1345 2855 cohcrrtetur.
1390 2788 1542 2857 Licet
1580 2802 1719 2885 enim
1764 2810 1985 2869 angusta
2026 2800 2095 2854 sit
2127 2800 2249 2866 ista,

668 2890 998 2961 multumque
1051 2890 1286 2947 laborem
1332 2891 1521 2948 offerat
1562 2893 1615 2947 in
1670 2893 1932 2962 ingressu,
1977 2891 2021 2946 si
2076 2900 2250 2946 tamen

668 2983 933 3052 paululum
964 2984 1237 3053 laboretis,
1268 2984 1335 3040 ad
1377 2986 1595 3041 multam
1621 2986 1948 3039 latitudinem
1982 2985 2254 3053 peernie-

668 3075 737 3129 tis
766 3083 820 3130 et
862 3076 1284 3145 amplitudinem,
1331 3093 1448 3148 qua:
1492 3092 1587 3133 vos
1630 3078 1825 3148 ingenti
1859 3064 2129 3146 voluptate
2160 3092 2252 3146 po—

667 3168 799 3224 terit
827 3184 1088 3225 recreare.
1116 3169 1199 3224 Ne
1225 3171 1385 3240 igitur
1419 3170 1519 3224 hoc
1558 3171 1827 3240 Spectetis,
1885 3168 2075 3239 inquit,
2109 3166 2267 3238 quod"

668 3272 891 3331 angusta
922 3262 1009 3327 sit,
1034 3277 1213 3331 neque
1250 3276 1345 3315 vos
1371 3260 1692 3316 conturbent
1724 3259 2033 3329 primordia,
2080 3275 2253 3329 neque

668 3352 937 3424 ingressus
978 3349 1238 3424 angustiae
1280 3353 1493 3410 desides
1530 3369 1624 3408 vos
1663 3343 1923 3420 reddant;
1967 3354 2070 3407 lata
2109 3355 2249 3408 enim

669 3445 782 3500 haec
814 3458 985 3515 porta,
1016 3457 1068 3502 et
1121 3448 1351 3516 spatiosa
1405 3449 1487 3501 via
1540 3448 1735 3502 desinit
1777 3448 1829 3502 iu
1875 3448 2250 3517 perditionem.

667 3536 1002 3606 Quapropter
1026 3538 1175 3592 multi
1200 3538 1360 3593 etiam
1389 3538 1460 3593 ob
1486 3539 1631 3592 initia
1675 3548 1729 3593 et
1765 3538 1981 3593 exordia
2021 3537 2249 3607 decepti,

671 3643 844 3697 neque
870 3628 1160 3683 futurorum
1188 3629 1473 3698 quidquam
1522 3629 1892 3699 prmvidentes,
1922 3630 1971 3683 in
2004 3629 2255 3699 perditio-

671 3733 792 3771 nem
838 3718 1042 3787 seipsos
1077 3718 1393 3773 dediderunt
1436 3737 1449 3773 :
1502 3721 1717 3782 idcirco.
1767 3720 1896 3773 Lata
1938 3734 2029 3783 est,
2063 3721 2251 3790 inquit,

668 3820 833 3882 porta,
852 3821 896 3865 et
913 3813 1140 3881 spatiosa
1157 3813 1255 3879 via,
1275 3829 1391 3881 qua:
1416 3813 1553 3867 ducit
1574 3814 1641 3866 ad
1668 3814 2015 3884 perditionem,
2040 3826 2084 3867 et
2108 3814 2254 3868 multi

669 3914 803 3968 sunt,
831 3904 917 3972 qui
945 3904 1135 3957 intrant
1154 3921 1251 3971 per
1286 3922 1414 3958 eam.
1449 3907 1526 3959 Ac
1564 3899 1704 3960 reste
1737 3921 1867 3961 sane
1898 3907 2053 3959 latam
2085 3907 2252 3976 ipsam

671 4004 874 4071 portam
897 3983 1135 4061 'vocavit,
1164 3996 1448 4065 spatiosam
1473 3998 1630 4059 viam,
1661 3978 1779 4067 qua:
1803 3997 1869 4051 ad
1898 3997 2249 4067 perditionem

672 4086 901 4143 deducit.
934 4087 1032 4157 Qui
1062 4088 1205 4145 enim
1237 4088 1300 4142 ad
1333 4087 1482 4142 ludus
1503 4088 1780 4144 Circenses
1800 4089 2049 4144 festinant
2070 4105 2254 4145 ascen-

674 4182 820 4243 dere,
850 4189 1149 4252 castcraque
1170 4181 1402 4235 satanica
1430 4181 1515 4235 illa
1537 4181 1861 4250 spectacula,
1890 4181 2255 4251 temperantiae

672 4273 1052 4339 valedicentes,
1079 4274 1325 4353 virtutem
1358 4288 1452 4343 pro
1498 4273 1663 4328 nihilo
1694 4272 1975 4337 habentes,
2015 4272 2103 4342 qui
2137 4271 2256 4325 libi-

671 4368 778 4420 dini
808 4382 870 4421 ac
896 4367 1056 4437 genio
1083 4366 1357 4436 indulgere
1378 4367 1580 4431 volunt,
1604 4366 1692 4435 qui
1714 4365 1921 4421 deliciis
1948 4374 2001 4420 et
2029 4365 2164 4435 gulae
2192 4379 2251 4419 se

672 4459 889 4525 dedunt,
921 4459 1010 4528 qui
1042 4459 1387 4529 pecuniarum
1426 4459 1714 4528 cupiditate
1739 4467 1794 4514 et
1833 4459 2037 4513 insania
2066 4458 2256 4512 stimu-

672 4551 868 4615 lantur,
902 4565 964 4605 ac
994 4550 1275 4620 praesentis
1302 4551 1422 4605 vita:
1446 4549 1743 4604 commodis
1783 4550 2005 4615 inhiant,
2048 4564 2142 4619 per
2180 4549 2255 4602 la-

672 4650 778 4695 tam
807 4651 1010 4710 portam
1042 4650 1095 4695 et
1137 4642 1425 4707 spatiosam
1464 4641 1605 4695 viam
1637 4640 1889 4695 incedunt
1920 4660 1933 4696 :
1972 4651 2252 4711 postquam

671 4730 848 4786 autem
878 4731 1036 4801 paulo
1063 4731 1272 4802 longius
1296 4734 1560 4802 progressi
1603 4741 1746 4797 sunt,
1783 4733 2082 4802 multasque
2128 4748 2254 4803 pec-

672 4834 911 4879 catorum
940 4824 1174 4879 sarcinas
1210 4833 1629 4890 coacervaruut,
1672 4825 1851 4880 afﬂicti
1882 4835 1936 4881 et
1973 4826 2251 4889 debilitati,

672 4933 791 4973 cum
820 4918 884 4971 ad
908 4918 1005 4971 vim
1026 4916 1202 4971 finem.
1226 4918 1585 4986 pervenerint,
1613 4918 1836 4972 ulterius
1878 4918 2123 4988 progredi
2170 4934 2257 4972 ne-

672 5019 897 5082 queunt,
930 5025 1051 5066 cum
1078 5010 1178 5064 viae
1204 5019 1515 5079 premantur
1535 5010 1809 5079 angustiis,
1845 5025 1910 5065 eo
1933 5009 2072 5080 quod
2114 5002 2255 5065 mole

672 5103 874 5171 gravati
913 5111 1245 5171 peccatorum
1285 5102 1430 5156 illam
1474 5116 1725 5173 peragere
1753 5102 1969 5156 minime
2009 5103 2250 5172 possint:

672 5212 778 5266 quu
802 5196 880 5261 tit,
903 5202 960 5248 ut
984 5194 1041 5248 in
1075 5194 1245 5263 ipsum
1287 5193 1500 5249 tandem
1551 5193 1863 5264 perditionis
1905 5196 2262 5265 praecipitium

672 5286 1040 5339 devolvantnr.
1085 5282 1222 5352 Quid
1264 5284 1443 5353 igitur,
1479 5299 1684 5354 quazso,
1728 5285 1967 5356 prodest,
2015 5284 2157 5356 quod
2188 5285 2253 5339 ad

672 5376 924 5445 exiguum
952 5382 1159 5444 tempus
1180 5388 1276 5444 per
1311 5374 1599 5443 spatios‘am
1640 5374 1967 5442 incedamus,
1996 5376 2039 5430 si
2069 5390 2257 5445 perpe-

673 5478 762 5521 tua
786 5465 1083 5537 perditione
1110 5479 1233 5519 mox
1254 5452 1639 5535 ’opprimamur,
1674 5474 1729 5520 et
1755 5464 1842 5520 ubi
1873 5481 1968 5536 per
1987 5468 2251 5521 somnium

674 5556 1057 5629 propemodum
1099 5556 1305 5613 deliciis
1353 5557 1502 5627 potiti
1542 5556 1819 5625 fuerimus,
1869 5573 1931 5615 re
1973 5574 2097 5615 vera
2137 5575 2253 5632 sup-

673 5653 833 5727 plicio
860 5650 1197 5721 plectamur?

744 5747 957 5807 Somnio
995 5746 1170 5803 tanta;
1196 5755 1264 5803 ιιι
1316 5746 1422 5803 hac
1467 5746 1586 5802 vita.
1614 5776 1685 5789 -—
1712 5747 1863 5819 Quod
1912 5742 2055 5808 enim
2100 5752 2252 5810 unius

1376 314 1432 372 Β.
1471 311 1749 372 JOANNIS
1783 306 2255 367 CIIRYSOSTOMI
2282 304 2597 363 ARCHIEP.
2631 301 3158 379 CONSTANTINOP.

3801 297 3922 355 {053

2360 422 2530 476 noctis
2559 430 2642 476 est
2669 420 2955 487 somnium,
2992 419 3095 474 hoc
3133 418 3530 488 tota'praesens
3578 423 3670 470 est
3718 415 3842 481 vita,
3886 418 3925 469 si

2359 529 2479 568 cum
2507 528 2593 578 eo,
2622 512 2763 583 quod
2786 527 2893 568 nos
2935 521 3278 581 excepturum
3303 520 3406 575 est,
3435 508 3701 580 supplicio
3728 522 3926 575 compa-

2358 615 2526 659 retur.
2558 604 2692 659 Nuui
2735 605 2877 659 enim
2923 613 2980 658 ut
3026 612 3226 658 temere
3274 617 3304 655 a
3349 601 3504 656 nobis
3551 600 3795 670 legantur
3826 600 3927 653 bare

2357 696 2551 765 scripta
2596 696 2756 751 sunt?
2786 695 3095 764 Propterea
3150 693 3356 748 Domini
3406 705 3688 747 sermones
3731 690 3928 759 scriptis

2357 786 2597 854 mandari
2627 786 2795 856 gratia
2829 786 3057 855 Spiritus
3086 784 3255 840 sancti
3282 784 3507 848 curavit,
3536 790 3598 837 ut
3623 780 3749 835 dum
3776 796 3838 836 ex
3866 780 3930 834 iis

2357 877 2590 933 remedia
2613 876 3002 947 depromimus,
3029 876 3221 947 quibus
3246 874 3503 930 adversus
3531 871 3809 941 passiones
3835 884 3929 924 nos

2360 967 2793 1036 prmmuniamus,
2838 966 3124 1022 imminens
3162 965 3427 1035 possimus
3463 962 3787 1033 supplicium
3821 960 3928 1015 evi-

2357 1067 2490 1113 tare.
2518 1058 2874 1126 Quamobrem
2906 1067 3016 1112 tum
3056 1072 3268 1127 quoque
3312 1055 3683 1111 convenientia
3708 1053 3932 1107 vulneri-

2355 1151 2455 1206 bus
2499 1166 2686 1207 eorum
2729 1152 2988 1208 adhibens
3028 1152 3413 1207 medicamenta
3457 1149 3719 1205 Dominus
3758 1157 3932 1204 noster

2357 1242 2514 1298 Jesus
2534 1243 2776 1299 Christus
2798 1243 3178 1299 cohertabatur
3197 1242 3382 1297 dicens
3407 1258 3420 1293 :
3445 1240 3645 1294 Intrate
3664 1256 3752 1311 per
3776 1255 3931 1308 angu-

2334 1344 2488 1389 wstam
2535 1345 2752 1409 portatu.
2806 1338 3095 1405 Angustam
3138 1344 3314 1388 autem
3365 1333 3508 1387 illam
3557 1331 3802 1394 vocabat,
3832 1344 3933 1384 non

2352 1424 2491 1494 quod
2516 1434 2700 1479 natura
2726 1440 2820 1479 sua
2842 1424 2911 1477 sit
2938 1433 3178 1494 angusta,
3209 1421 3304 1477 sed
3326 1421 3464 1491 quod
3496 1423 3707 1475 animus
3734 1429 3933 1481 noster,

2351 1515 2416 1570 ad
2448 1517 2703 1572 desidiam
2722 1515 2971 1585 proclivis
2994 1524 3268 1584 angustam
3305 1513 3446 1567 illam
3485 1526 3607 1567 esse
3630 1500 3927 1566 arbitretur.

2351 1609 2531 1677 Neque
2556 1610 2697 1664 enim
2726 1618 2781 1662 ut
2812 1624 2907 1663 nos
2947 1616 3213 1672 avocaret,
3244 1605 3441 1661 idcirco
3476 1614 3763 1675 angustam
3798 1603 3933 1659 illam

2350 1699 2655 1768 appellavit,
2686 1700 2777 1753 sed
2806 1710 2863 1754 ut
2898 1699 3116 1753 alterius
3163 1695 3491 1771 latitudinem
3544 1695 3827 1765 fugientes,
3871 1703 3921 1748 et

2350 1808 2415 1847 ex
2456 1792 2560 1846 hine
2604 1806 3029 1863 unamquamque
3070 1799 3479 1863 cognoscmites,
3514 1788 3742 1848 hancila
3767 1787 3940 1863 potius

2351 1887 2629 1954 eligamus.

2420 1979 2474 2037 3.
2504 1977 2751 2053 Exempla
2776 1999 2949 2037 eorum
2977 1984 3064 2052 qui
3098 1999 3188 2053 per
3227 1984 3381 2036 latam
3424 1982 3558 2037 viam
3601 1980 3943 2033 ambulanmt.

2350 2103 2421 2114 —
2446 2073 2551 2127 Sed
2572 2084 2654 2128 ‘ut
2689 2075 2937 2129 omnibus
2970 2075 3241 2129 intellectu
3287 2074 3465 2133 facilis
3485 2072 3576 2125 fiat
3596 2075 3792 2136 oratio,
3820 2084 3933 2139 age,

2353 2166 2395 2217 si
2426 2166 2667 2232 videtur,
2689 2180 2802 2232 eos,
2835 2167 2923 2235 qui
2958 2181 3052 2235 per
3100 2165 3257 2219 latam
3288 2172 3499 2233 portam
3534 2163 3755 2231 ingressi
3792 2154 3965 2223 sunt,’

2353 2266 2407 2312 et
2428 2274 2524 2328 per
2544 2258 2831 2328 spatiosam
2860 2258 2996 2311 viam
3038 2258 3371 2311 incesserunt
3413 2256 3465 2309 in
3496 2254 3731 2310 medium
3770 2253 3936 2307 advo-

2352 2364 2555 2416 cemus,
2584 2359 2637 2405 et
2664 2350 2781 2419 quis
2812 2365 2906 2404 eos
2931 2349 3145 2403 tandem
3178 2348 3296 2402 linis
3328 2347 3601 2417 exceperit
3629 2345 3937 2409 videamus;

2352 2440 2585 2509 itemque
2610 2441 2727 2494 illos
2756 2440 2842 2509 qui
2864 2454 2969 2511 per
2996 2449 3271 2509 angustam
3301 2447 3506 2506 portam
3542 2435 3763 2504 ingressi
3789 2445 3930 2498 sunt,

2352 2540 2407 2588 et
2434 2547 2532 2600 per
2554 2540 2756 2585 arctam
2788 2523 2949 2595 viam,
2989 2538 3042 2584 et
3074 2544 3192 2598 qua}
3222 2527 3432 2582 tandem
3477 2526 3561 2580 isti
3592 2526 3729 2580 bona
3767 2523 3936 2577 sortiti

2352 2622 2571 2689 fuerint,
2605 2636 3011 2692 cognoscamus.
3064 2618 3237 2675 Unum
3280 2619 3440 2688 igitur
3481 2633 3550 2671 ex
3589 2619 3671 2679 iis,
3713 2616 3801 2685 qui
3846 2629 3939 2683 per

2352 2714 2512 2769 latam
2545 2714 2682 2769 hanc
2718 2723 2923 2784 portam
2965 2714 3246 2777 intrarunt,
3274 2720 3329 2766 et
3349 2726 3514 2765 unum
3536 2724 3600 2763 ex
3628 2710 3707 2770 iis,
3733 2708 3817 2778 qui
3844 2723 3938 2775 per

2352 2814 2629 2876 angustam
2658 2812 2710 2859 et
2752 2813 2952 2859 arctam
2994 2804 3130 2857 viam
3170 2806 3522 2865 incesserunt,
3564 2801 3712 2861 vobis
3742 2801 3791 2853 in
3810 2816 3936 2852 me-

2354 2896 2500 2951 dium
2529 2898 2879 2965 profereutes,
2914 2911 3097 2950 eorum
3130 2880 3248 2965 qua:
3291 2910 3318 2947 a
3369 2894 3597 2947 Domino
3635 2892 3769 2946 dicta
3814 2902 3941 2946 sunt

2354 2990 2631 3044 veritatem
2658 2987 3023 3055 ostendamus,
3066 2994 3121 3041 et
3149 2987 3333 3042 eadem
3376 3001 3561 3039 rursus
3606 2985 3810 3039 Domini
3834 3000 3940 3053 pa-

2352 3081 2535 3137 rabola
2565 3091 2794 3136 utamur.
2824 3082 3076 3147 QuiSuam
3105 3095 3232 3151 ergo
3260 3087 3341 3134 est
3391 3079 3480 3133 ille
3525 3078 3615 3149 qui
3656 3093 3748 3148 per
3776 3078 3939 3131 latam

2354 3186 2564 3246 portam
2591 3173 2827 3240 intravit,
2850 3183 2907 3227 et
2934 3154 3222 3243 spatiosam
3255 3172 3395 3225 viam
3425 3170 3759 3240 peragravit?
3784 3169 3943 3223 Prius

2354 3268 2495 3322 enim
2523 3268 2642 3337 quis
2665 3268 2763 3321 iste
2790 3268 2858 3321 sit
2898 3266 3145 3320 convenit
3173 3265 3412 3329 indicari,
3438 3272 3794 3334 quantumque
3815 3277 3946 3332 spa-

2357 3364 2486 3412 tium
2516 3358 2614 3412 νίζε
2640 3356 2948 3422 confecerit,
2980 3372 3072 3425 per
3096 3356 3253 3408 latam
3286 3354 3565 3419 incedens,
3593 3368 3655 3408 ac
3682 3362 3790 3407 tum
3818 3368 3940 3407 ma-

2354 3450 2603 3505 nifestum
2627 3448 2783 3504 vobis
2808 3448 3054 3512 reddere,
3084 3447 3134 3500 in
3157 3462 3315 3516 quem
3340 3445 3551 3499 tandem
3582 3444 3739 3499 ﬁnem
3761 3444 3942 3499 desie-

2354 3542 2442 3595 rit.
2499 3542 2578 3594 Ac
2613 3540 2725 3594 scio
2764 3539 3008 3609 equidem
3057 3553 3154 3592 vos
3199 3538 3441 3591 homines
3475 3536 3804 3607 perspicaees
3825 3536 3939 3604 iam

2352 3631 2476 3703 quid
2503 3630 2693 3686 dicturi
2722 3631 2887 3685 simus
2926 3630 3220 3699 intelligere
3255 3645 3271 3682 :
3317 3629 3662 3683 nihilominus
3704 3639 3883 3683 tamen
3910 3644 3939 3682 a

2355 3727 2507 3781 nobis
2530 3726 2637 3782 dici
2671 3740 2891 3781 necesse
2916 3734 3019 3780 est.
3075 3725 3341 3778 Revocate
3368 3724 3517 3779 vobis
3547 3724 3600 3777 in
3627 3724 3937 3778 memoriam

2354 3821 2571 3876 divitem
2622 3820 2792 3883 illum,
2834 3820 2925 3888 qui
2973 3818 3211 3889 quotidie
3259 3832 3492 3888 purpura
3535 3816 3854 3872 induebatur
3886 3825 3940 3871 et

2354 3912 2538 3983 bysso,
2594 3912 2681 3980 qui
2727 3909 3044 3980 epulabatur
3092 3907 3393 3978 splendide,
3445 3907 3535 3978 qui
3577 3908 3843 3977 parasitos
3885 3916 3937 3961 ct

2356 4003 2658 4057 adulatores
2703 4003 2895 4064 alebat,
2940 4000 3029 4071 qui
3078 4000 3301 4053 multum
3345 4014 3552 4053 merum
3607 3998 3935 4063 infundebat,

2356 4097 2445 4165 qui
2474 4094 2708 4165 quotidie
2739 4103 2979 4149 ventrem
3027 4092 3362 4159 saburrahat,
3390 4092 3479 4161 qui
3519 4091 3702 4146 multis
3723 4104 3782 4144 se
3809 4089 3939 4145 deli-

2354 4188 2452 4241 ciis
2482 4185 2857 4257 ingurgitabat,
2896 4199 2990 4253 per
3033 4184 3192 4243 latam
3242 4195 3447 4253 portam
3504 4182 3797 4251 ingressus,
3845 4196 3937 4236 vo-

2357 4272 2643 4348 luptateae
2688 4278 2866 4331 hetitia
2898 4276 3160 4329 mundana
3192 4286 3450 4345 perpetuo
3480 4273 3774 4328 fruebatur.
3808 4273 3938 4329 Nam

2358 4372 2432 4426 illi
2462 4381 2649 4425 cuncta
2676 4370 2820 4424 velut
2838 4385 2905 4423 ex
2927 4367 3083 4422 fonte
3104 4366 3423 4432 afﬂuebant,
3448 4367 3675 4421 multum
3700 4366 3937 4421 ministe-

2357 4466 2517 4528 rium,
2548 4464 2821 4518 immensm
2863 4461 3087 4525 deliciae,
3132 4462 3373 4531 corporis
3424 4471 3646 4527 sanitas,
3691 4460 3941 4529 pecunia-

2355 4571 2472 4610 rum
2526 4554 2699 4625 copia,
2750 4553 2956 4607 delatus
3002 4567 3031 4605 a
3088 4553 3269 4607 multis
3319 4552 3509 4619 honor,
3548 4561 3939 4607 assentatorum

2355 4648 2558 4714 laudes,
2591 4647 2717 4701 nihil
2747 4647 2954 4701 interim
2982 4655 3116 4709 erat,
3131 4645 3271 4717 quod
3292 4646 3365 4700 illi
3388 4646 3659 4700 tristitiam
3681 4645 3935 4701 afferret:

2355 4753 2411 4798 et
2437 4741 2574 4810 quod
2606 4741 2779 4810 majus
2801 4750 2902 4801 est,
2936 4755 3056 4794 cum
3098 4750 3239 4795 totos
3281 4738 3397 4794 dies
3430 4739 3664 4809 crapula:
3704 4738 3943 4810 gulaque

2355 4847 2552 4887 vacans
2580 4832 2915 4901 transigeret,
2940 4847 3044 4887 non
3067 4829 3226 4886 modo
3248 4845 3502 4900 prospera
3528 4831 3768 4900 corporis
3790 4830 3939 4885 Vale-

2359 4923 2539 4979 tudine
2560 4922 2851 4989 fruebatur,
2884 4931 2939 4977 et
2964 4923 3015 4976 in
3047 4922 3332 4978 securitate
3354 4938 3560 4977 summa
3580 4923 3825 4995 degebat,
3850 4923 3941 4979 sed

2357 5027 2413 5071 et
2438 5031 2722 5086 pauperem
2752 5015 3009 5070 Lazarum
3040 5014 3092 5069 in
3122 5014 3386 5070 vestibulo
3409 5014 3699 5083 iacentem,
3729 5014 3943 5087 plenum

2356 5108 2656 5175 ulceribus,
2691 5108 2966 5163 obsessum
3010 5121 3040 5160 a
3082 5106 3338 5170 canibus,
3370 5106 3460 5177 qui
3504 5105 3726 5161 vulnera
3776 5104 3943 5175 linge-

2357 5202 2505 5267 bant,
2552 5200 2794 5272 fameque
2845 5182 3146 5254 cenl‘ectum
3195 5198 3577 5254 immiscricors
3618 5198 3943 5269 praeteribat,

2357 5300 2503 5347 etne
2543 5292 2708 5345 micas
2730 5289 2943 5360 quidem
2984 5289 3056 5344 illi
3104 5288 3379 5359 impertire
3402 5287 3738 5358 dignabatur.
3768 5288 3943 5358 Atque

2357 5382 2445 5438 hic
2467 5381 2677 5453 quidem
2706 5397 2800 5451 per
2827 5381 2986 5435 latam
3010 5389 3218 5451 portam
3245 5380 3519 5451 ingressus
3543 5394 3637 5449 per
3656 5379 3941 5448 spatiosarn

2357 5474 2494 5527 viam
2521 5472 2818 5548 incedebat,
2852 5472 2992 5526 viam
3015 5471 3346 5539 deliciarum,
3380 5471 3827 5542 intemperantia,
3871 5470 3939 5525 ri-

2355 5580 2465 5631 sus,
2500 5563 2777 5633 voluptatis
2802 5606 2817 5630 ,
2858 5561 3231 5630 helluationis,
3268 5562 3558 5626 ebrietatis,
3593 5563 3937 5630 pecuniarum

2357 5656 2542 5727 copiae,
2588 5655 2823 5717 mollitiei
2866 5655 2920 5710 in
2957 5654 3288 5710 vestimentis
3326 5671 3341 5710 :
3379 5667 3443 5709 ac
3483 5654 3573 5708 diu
3614 5662 3785 5708 totum
3825 5654 3939 5706 vitae

2359 5750 2514 5822 hujus
2545 5759 2748 5821 tempus
2777 5765 2869 5822 per
2908 5750 3194 5821 spatiosam
3222 5747 3701 5836 viamjnecdendo
3737 5759 3941 5804 transe-
