4154 6320
338 425 482 480 {3&9

336 539 441 607 git,
470 553 638 608 neque
673 536 958 608 quidquam
1008 534 1372 590 molestiarum
1401 508 1657 599 expet‘l’us
1697 535 1798 591 εει,
1842 520 1937 576 sed

338 646 559 700 semper
613 645 870 700 prospero
917 638 1196 683 ventorum
1246 623 1425 679 afﬂatu
1468 620 1716 683 delatus,
1759 621 1942 685 utpote

340 737 444 782 her
473 722 760 790 spatiosam
803 719 943 775 viam
985 718 1258 777 incedens,
1292 714 1458 768 multa
1496 720 1616 767 cum
1657 705 1942 762 securitate

342 789 622 884 pergebat.
647 812 918 882 Nusquam
949 789 1203 885 saxa'sub
1232 806 1388 861 undis
1417 802 1656 866 latentia,
1679 810 1941 867 nusquam

339 904 574 974 scopuli,
608 919 871 975 nusquam
905 901 1194 974 praecipitia
1218 941 1232 964 ,
1281 911 1538 967 nusquam
1589 890 1940 958 naufragium,

347 1012 614 1066 nusquam
641 996 864 1050 mutatio
877 982 1189 1064 inaequalis,
1219 988 1312 1046 sed
1340 987 1490 1060 quasi
1520 1001 1613 1057 per
1639 983 1861 1039 solidam
1889 989 1945 1033 et

343 1087 562 1156 planam
592 1088 865 1157 regionem
895 1086 996 1142 iter
1026 1084 1250 1150 habens,
1279 1083 1349 1136 ita
1378 1078 1656 1150 prmsentis
1672 1075 1793 1129 vitai
1822 1087 1951 1141 span

345 1178 420 1229 tia
449 1177 767 1232 decurrebat
802 1195 815 1230 :
845 1174 1082 1245 quotidie
1109 1173 1356 1226 vitiorum
1386 1165 1636 1222 fluctibus
1662 1163 1943 1232 mergeba-

344 1278 458 1336 tur,
491 1284 662 1339 neque
686 1267 953 1323 sentiebat
977 1285 989 1321 :
1017 1264 1254 1336 quotidie
1282 1273 1568 1332 pravarum
1595 1255 1960 1325 cupiditatum.

342 1360 580 1414 stimulis
606 1359 959 1429 puugebatur,
986 1363 1040 1412 et
1066 1354 1298 1425 amplius
1328 1351 1606 1407 laetabatur
1633 1365 1647 1400 :
1674 1361 1705 1401 a
1730 1343 1947 1400 lascivia

342 1467 564 1521 semper
593 1450 956 1515 obsidebatur,
986 1451 1054 1505 ab
1097 1445 1352 1518 ingluvie,
1383 1445 1450 1498 ab
1480 1442 1664 1496 insana
1704 1437 1946 1508 pecunia:

342 1543 663 1613 cupiditate,
701 1557 803 1597 nec
838 1541 947 1595 ullo
984 1541 1246 1595 malorum
1297 1551 1459 1590 sensu
1491 1531 1823 1602 tangebatur,
1851 1542 1948 1582 ne-

342 1649 459 1702 que
481 1634 580 1687 vite
615 1634 773 1688 finem
815 1640 1024 1701 poterat
1066 1628 1362 1700 praividere
1405 1642 1420 1678 :
1467 1624 1561 1678 Sed
1602 1620 1946 1693 praesentium

344 1733 554 1779 tantum
586 1723 919 1794 jucunditate
948 1722 1240 1785 fruebatur,
1272 1732 1371 1773 nec
1411 1730 1661 1786 umquam
1705 1709 1947 1782 perpetui

344 1817 557 1874 doloris
583 1820 637 1873 in
666 1812 901 1873 mentem
944 1817 1020 1872 illi
1046 1815 1316 1877 veniebat,
1346 1810 1441 1868 sed
1469 1810 1743 1879 deceptus,
1775 1814 1846 1883 ut
1874 1804 1952 1858 ita

342 1909 558 1978 loquar,
592 1925 688 1978 per
715 1909 876 1963 latam
906 1909 1047 1962 viam
1085 1905 1384 1966 incedebat,
1415 1909 1470 1956 et
1507 1900 1574 1954 ad
1607 1899 1781 1968 ipsum
1809 1908 1949 1964 prat-

341 2000 591 2069 cipitium
612 1999 915 2063 festinabat,
942 1998 1084 2069 quod
1106 2013 1210 2052 non
1234 2004 1442 2066 peterat
1469 2008 1578 2062 pra:
1597 1991 1760 2045 nimia
1773 1988 1952 2044 ebrie-

346 2100 464 2146 tate
490 2106 835 2161 cognoscere.
867 2089 1000 2145 Nam
1048 2090 1140 2145 ille
1186 2101 1410 2157 prosper
1447 2083 1833 2137 mundanarum
1865 2091 1952 2132 ree

343 2198 472 2236 rum
498 2197 809 2246 successus,
853 2183 943 2252 qui
975 2182 1237 2236 rationem
1277 2178 1390 2247 ejus
1421 2175 1692 2236 obruerat,
1736 2169 1950 2224 oculum

345 2272 433 2325 illi
459 2271 652 2326 mentis
674 2267 993 2339 excaicarat,
1019 2279 1073 2326 et
1101 2271 1250 2341 quasi
1280 2269 1390 2338 jam
1418 2264 1706 2320 luminibus
1731 2262 1959 2317 orbatus

342 2362 679 2429 ambulabat,
708 2379 882 2433 neque
910 2378 1019 2433 quo
1049 2362 1277 2418 ferretur
1303 2360 1507 2416 sciebat
1530 2377 1542 2413 :
1571 2358 1795 2412 fortasse
1821 2365 1953 2407 vero

345 2469 530 2522 neque
557 2464 761 2508 naturte
803 2455 1050 2509 humana:
1081 2452 1419 2517 meminerat,
1458 2464 1579 2505 cum
1619 2462 1678 2502 se
1705 2453 1953 2501 cerneret

341 2543 717 2599 difficultatem
747 2545 946 2599 nullam
972 2545 1229 2613 experiri.
1269 2543 1384 2596 Non
1412 2541 1557 2596 enim
1582 2547 1785 2593 tantum
1813 2535 1950 2590 deli-

343 2635 457 2688 ciis
478 2635 766 2699 fruebatur,
807 2635 900 2690 sed
926 2645 977 2690 et
1003 2635 1194 2704 opibus
1230 2633 1532 2689 abundabat
1563 2649 1574 2684 :
1607 2643 1782 2696 neque
1827 2621 1963 2681 tan-'o

345 2732 467 2777 tum
481 2723 678 2793 ’opihus
704 2724 1030 2791 abundabat,
1056 2725 1152 2780 sed
1184 2733 1239 2778 et
1277 2737 1531 2792 prospera
1564 2729 1680 2774 erat
1708 2718 1959 2787 corporis

344 2814 656 2891 valetudine
687 2830 709 2870 ί
730 2830 906 2886 neque
934 2803 1302 2872 sanotant'um
1337 2822 1453 2867 erat
1477 2826 1744 2880 corpore,~
1768 2809 1863 2864 sed
1893 2819 1948 2864 et

343 2921 383 2960 a
416 2908 580 2961 multo
606 2901 864 2963 famulitio
884 2908 1178 2972 colebatur,
1211 2921 1385 2977 neque
1415 2912 1621 2959 tantum
1652 2902 1953 2966 colebatur,

345 3001 451 3055 sed
477 2999 653 3054 omnia
677 3001 778 3056 sibi
820 3015 1047 3056 cernens
1067 3008 1336 3070 tamquam
1366 3014 1432 3053 ex
1457 2997 1607 3052 fonte
1647 2995 1838 3064 fluere,
1875 2995 1956 3048 vi-

349 3103 462 3146 tam
499 3091 551 3145 in
591 3101 846 3161 perpetua
878 3092 1148 3161 voluptate
1176 3092 1420 3161 degebat.
1449 3089 1687 3154 Vidistis,
1716 3088 1953 3142 dilectis-

344 3185 496 3249 simi,
523 3198 670 3250 eum,
706 3183 795 3252 qui
833 3199 927 3253 per
961 3183 1124 3237 latam
1168 3194 1374 3253 portam
1411 3182 1724 3246 intraverat,
1765 3187 1821 3234 et
1857 3194 1955 3248 per

345 3275 643 3346 spatiosam
701 3275 840 3329 viam
895 3274 1230 3340 incesserat,
1296 3273 1510 3344 quantis
1563 3271 1770 3329 deliciis
1816 3270 1954 3340 poti-

346 3359 502 3420 retur
529 3366 556 3418 ἲ

423 3459 553 3520 Ante
578 3459 732 3526 ﬁnem
778 3459 893 3511 vitae
932 3473 1079 3511 nemo
1121 3454 1311 3511 beatus.
1337 3454 1597 3510 —Ncmo
1639 3463 1950 3509 tamen-eo-

347 3566 494 3617 rum,
542 3551 632 3620 qui
677 3549 794 3604 haec
836 3549 1082 3616 audiunt,
1127 3559 1251 3603 ante
1299 3548 1462 3601 tinem
1504 3547 1720 3601 beatum
1776 3546 1952 3614 ipsum

349 3643 645 3711 prmdicare
681 3641 951 3712 dignetur,
989 3641 1082 3696 sed
1125 3657 1300 3695 rerum
1347 3639 1506 3694 finem
1546 3647 1842 3708 exspectet,
1888 3651 1952 3692 ac

350 3745 466 3789 tum
495 3735 817 3790 sententiam
843 3733 998 3789 feret.
1043 3734 1222 3802 Itaque
1254 3733 1400 3785 illum
1429 3733 1518 3800 qui
1551 3746 1643 3800 per
1669 3738 1950 3800 angustam

351 3837 564 3897 portam
592 3828 906 3893 intraverat,
946 3835 1001 3881 et
1028 3836 1232 3881 arctum
1272 3826 1374 3878 iter
1399 3823 1726 3888 confecerat,
1757 3824 1802 3876 si
1833 3822 1950 3891 plac

349 3926 458 3984 cet,
507 3919 569 3971 in
616 3918 851 3972 medium
905 3917 1252 3981 adducamus,
1302 3931 1366 3970 ac
1416 3915 1610 3970 deinde
1664 3925 1947 3985 postquam

352 4011 630 4079 utriusque
683 4012 846 4065 ﬁnem
898 4011 1360 4080 conSpexerimus,
1417 4007 1826 4062 convenientem
1880 4006 1949 4062 de

355 4117 678 4172 unoquoque
730 4103 1047 4156 sententiam
1102 4100 1356 4155 feramus.
1415 4099 1716 4164 Quemnam
1768 4107 1946 4151 autem

350 4195 514 4250 alium
551 4194 793 4264 proferre
822 4207 1144 4263 possumus,
1171 4208 1327 4262 quam
1359 4192 1641 4256 Lazarum,
1685 4191 1775 4262 qui
1825 4200 1955 4244 ante

349 4285 529 4342 divtis
548 4285 872 4340 vestibulum
909 4284 1142 4353 jacebat,
1185 4293 1240 4339 et
1277 4284 1346 4337 ab
1377 4284 1478 4338 illis
1511 4283 1778 4337 ulceribus
1803 4282 1947 4337 obsi-

345 4377 596 4442 debatur,
626 4377 716 4447 qui
756 4392 851 4430 sua
877 4377 1096 4431 vulnera
1142 4393 1172 4430 a
1212 4391 1406 4431 canum
1436 4376 1633 4446 linguis
1659 4375 1843 4445 attingi
1869 4375 1948 4428 vi-

339 4471 534 4537 debat,
575 4485 672 4524 nec
717 4471 837 4524 illos
877 4471 1086 4525 valebat
1135 4469 1394 4540 abigere?
1434 4468 1503 4525 Ut
1539 4469 1680 4523 enim
1726 4468 1816 4523 ille
1853 4483 1948 4536 per

339 4564 509 4617 latam
539 4570 748 4632 portam
780 4563 1070 4630 ingressus,
1111 4577 1209 4630 per
1232 4563 1521 4632 spatiosam
1553 4563 1692 4615 viam
1731 4562 1948 4616 incede-

339 4651 488 4724 bat;
513 4639 590 4706 ita
614 4651 800 4707 beatus
842 4654 978 4718 iste;
1021 4653 1235 4707 beatum
1276 4653 1474 4722 quippe
1517 4652 1665 4706 illum
1705 4652 1816 4723 jam
1846 4667 1944 4721 ap-

339 4743 512 4814 pello,
541 4744 681 4814 quod
712 4758 810 4812 per
852 4754 1132 4815 angustam
1175 4745 1399 4814 elegerit
1432 4745 1693 4799 introire:
1728 4760 1827 4814 per
1848 4758 1945 4798 an-

336 4846 555 4906 gustam
612 4847 820 4907 portam
873 4838 1123 4904 intravit,
1179 4837 1233 4894 in
1276 4853 1378 4907 qua
1439 4838 1620 4892 omnia
1672 4838 1944 4892 contrario

336 4926 510 4982 modo
533 4941 592 4982 se
614 4927 912 4987 habebant.
943 4928 1012 4984 Ut
1042 4929 1130 4983 ille
1156 4943 1370 4998 semper
1407 4928 1614 4984 deliciis
1644 4929 1941 4995 fruebatur,

336 5017 424 5071 sic
465 5026 520 5071 et
562 5017 665 5072 iste
693 5028 945 5088 perpetua
984 5020 1123 5074 fame
1165 5019 1594 5075 conflictabatur.
1645 5025 1820 5092 Atque
1850 5021 1942 5077 ille

336 5108 564 5179 quidem
607 5109 817 5166 deliciis
861 5121 917 5166 et
953 5125 1208 5181 prospera
1250 5113 1494 5182 corporis
1533 5113 1861 5180 valetudine,
1888 5125 1942 5169 et

341 5188 691 5273 pecuniarum
720 5202 1044 5259 abundantia
1073 5205 1393 5274 potiebatur,
1427 5214 1482 5259 et
1508 5206 1754 5276 ingluviei
1778 5216 1940 5276 atque

336 5293 592 5350 ebrietati
617 5296 744 5350 totis
769 5294 958 5350 diebus
980 5294 1218 5362 vacando
1238 5296 1621 5350 conﬁciebatur
1645 5314 1658 5350 :
1683 5296 1784 5352 iste
1810 5304 1939 5351 vero

337 5400 448 5438 una
475 5399 594 5440 cum
617 5384 777 5451 fame,
806 5401 1014 5440 summa
1054 5398 1346 5456 oppressus
1373 5397 1488 5442 erat
1517 5399 1774 5458 egestate,
1810 5406 1936 5458 per-

336 5479 466 5534 enni
507 5479 717 5546 morbo,
759 5489 814 5535 et
855 5481 1208 5536 intolerandis
1248 5482 1542 5548 ulceribus,
1577 5494 1722 5541 utne
1750 5501 1939 5542 neces.

336 5573 515 5626 sarius
543 5572 759 5642 quidem
790 5573 864 5627 illi
891 5574 1045 5629 cibus
1074 5583 1400 5644 suppeteret,
1442 5577 1536 5632 sed
1565 5578 1730 5632 micas
1757 5580 1824 5633 de
1849 5580 1936 5634 di-

336 5665 464 5719 vitis
517 5680 704 5720 mensa
744 5666 996 5722 cadentes
1041 5675 1354 5736 expeteret,
1410 5685 1543 5739 quas
1599 5687 1933 5742 nequaquam

335 5769 516 5813 tamen
551 5759 876 5826 impetraret.

373 5906 382 5914 ,
412 5854 463 5906 ι.
513 5850 696 5907 Vidisti
728 5866 833 5922 quo
862 5863 1014 5920 pacto
1046 5868 1137 5921 per
1168 5864 1443 5922 angustam
1489 5865 1694 5923 portam
1726 5857 1930 5926 ingrcs-

1554 413 1642 468 DE
1681 404 1954 467 LAZARO
1982 403 2228 462 CONCIO
2246 404 2369 460 ΥΠ.

3512 406 3650 462 ηδε)

2054 532 2146 571 sus
2176 519 2422 588 iste,_per
2457 530 2659 574 arctam
2689 515 2830 572 via'm
2872 531 3084 588 semper
3115 518 3421 574 incederet!
3458 517 3647 574 Vidisti

2050 626 2159 680 quo
2202 619 2358 680 pacto
2412 612 2503 664 ille
2551 625 2646 680 per
2692 610 2854 672 latam
2872 619 3078 679 portam
3126 620 3182 664 et
3223 625 3318 679 per
3361 609 3650 680 spatiosum

2052 705 2191 758 viam
2221 703 2499 774 pergeret?
2535 702 2653 757 Jam
2685 717 2812 757 vero
2851 701 3011 757 finem
3041 701 3320 771 utriusque
3348 701 3645 767 videamus,

2050 804 2107 852 et
2129 811 2236 866 quo
2263 803 2420 871 pacto
2451 796 2503 849 in
2534 803 2817 865 angustum
2844 793 2936 849 ille
2966 793 3124 849 finem
3147 793 3389 858 desierit,
3417 809 3525 863 quo
3553 808 3648 861 pi-

2051 898 2139 941 cto
2165 887 2266 942 iste
2297 888 2348 941 in
2383 887 2547 940 latum
2593 901 2658 940 ac
2695 885 2877 940 multis
2906 883 3117 940 deliciis
3146 882 3406 940 refertum
3438 897 3462 937 ξ
3486 892 3544 958 ut
3567 882 3651 938 his

2052 979 2218 1050 probe
2246 978 2549 1043 intellectis,
2584 993 2652 1032 ne
2680 979 2972 1046 spatiosam
2999 975 3139 1030 viam
3162 975 3310 1030 omni
3342 974 3503 1030 modo
3531 989 3653 1042 per-

2053 1085 2360 1141 sequamur,
2402 1085 2577 1140 neque
2617 1085 2713 1141 per
2741 1069 2905 1124 latam
2947 1077 3154 1140 portam
3187 1067 3389 1139 ingredi
3433 1065 3655 1122 studea-

2054 1162 2321 1230 mus,‘sed
2358 1173 2638 1233 angustam
2671 1171 2880 1232 portam
2925 1169 3211 1224 sectemur,
3244 1169 3299 1216 et
3327 1175 3422 1229 per
3449 1168 3653 1214 arctam

2055 1256 2196 1311 viam
2235 1254 2569 1321 incedamus,
2599 1269 2706 1324 quo
2745 1254 3014 1324 possimus
3042 1253 3108 1307 ad
3141 1252 3341 1313 bonum
3382 1249 3546 1306 finem
3589 1267 3654 1304 ae

2054 1347 2310 1403 refertum
2339 1347 2549 1401 deliciis
2571 1346 2871 1416 pervenire.

2128 1441 2405 1495 Dissimilis
2437 1439 2622 1494 Lazari
2671 1441 2785 1494 vita
2827 1440 3087 1494 terminus.
3110 1470 3181 1480 —
3208 1439 3340 1494 Cum
3371 1439 3514 1511 enim
3563 1454 3657 1492 cu-

2049 1535 2243 1604 jusque
2273 1534 2484 1589 illorum
2533 1533 2663 1588 finis.
2684 1532 3022 1598 advenisset,
3072 1531 3189 1586 vide
3218 1531 3349 1602 quid
3378 1532 3446 1585 de
3474 1545 3540 1585 eo
3564 1532 3656 1600 qui

2054 1642 2151 1698 per
2180 1637 2381 1682 arctam
2408 1608 2548 1680 viam
2592 1632 2920 1695 perrexerat,
2956 1624 3104 1693 prius
3131 1622 3310 1677 dicat:
3337 1620 3557 1675 Factum
3585 1629 3657 1674 est

2055 1730 2246 1786 autem,
2283 1719 2477 1788 inquit,
2505 1725 2869 1771 utsmoreretur
2893 1715 3179 1780 mendicus;
3211 1725 3256 1769 et
3287 1723 3576 1785 portaretur
3596 1713 3657 1765 ab

2055 1813 2248 1884 angelis
2275 1813 2330 1866 in
2360 1811 2769 1866 ainumAbraha:
2792 1808 2942 1881 (Luc.
2970 1810 3064 1864 16.
3087 1808 3207 1878 22).
3235 1807 3486 1863 Fortasse
3510 1807 3658 1860 illum

2055 1904 2393 1960 abducebaut
2419 1903 2594 1973 angeli
2637 1902 3003 1972 praecedentes
3047 1909 3102 1955 et
3130 1901 3269 1955 latus
3297 1900 3413 1970 ejus
3453 1900 3658 1955 satelli-

2058 2006 2171 2052 tum
2208 2011 2358 2051 more
2381 1997 2680 2066 cingentes,
2710 2005 2871 2065 atque
2909 1994 2963 2049 in
2989 1993 3304 2048 deliciarum
3332 1993 3508 2048 locum
3538 2000 3660 2061 post

2058 2090 2253 2145 multas
2278 2090 2394 2144 illas
2420 2089 2739 2144 afflictiones
2765 2096 3066 2156 enat-ctam
3094 2086 3241 2141 illam
3271 2083 3658 2155 peregrinatio-

2059 2198 2180 2238 nem
2235 2181 2608 2237 restituebant.
2672 2181 2840 2236 Vides
2881 2190 3081 2251 quanta
3135 2179 3188 2234 in
3247 2179 3660 2248 fine'angusta:

2058 2283 2228 2346 perm
2270 2286 2327 2330 et
2371 2283 2534 2330 arcta:
2563 2275 2662 2329 via:
2700 2284 2958 2345 appareat
2995 2273 3252 2329 latitudo?
3280 2272 3414 2328 \lide
3436 2272 3550 2343 jam
3581 2270 3661 2327 fu-

2059 2376 2271 2423 nestum
2303 2368 2589 2422 terminum
2615 2367 2717 2421 viae
2751 2367 3020 2436 spatiosa}.
3053 2365 3293 2420 Mortuus
3319 2373 3395 2420 est
3422 2374 3591 2419 autem
3616 2373 3662 2419 et

2059 2461 2216 2524 dives,
2249 2448 2770 2529 inquitketsepultus
2800 2467 2892 2511 est.
2923 2451 3122 2511 Nullus
3143 2456 3244 2510 fuit
3268 2457 3358 2526 qui
3387 2456 3660 2527 praecede-

2060 2560 2163 2612 ret,
2196 2549 2376 2603 nullus
2400 2548 2663 2617 quielatus
2702 2548 2946 2616 stiparet,
2973 2546 3151 2602 nullus
3175 2547 3270 2617 qui
3297 2547 3348 2601 in
3372 2546 3458 2601 via
3483 2546 3661 2602 dedu-

2059 2650 2226 2705 ceret,
2256 2641 2393 2695 sicut
2421 2639 2702 2694 Lazarum.
2746 2638 2879 2693 Nam
2919 2640 3171 2708 quoniam
3202 2638 3256 2692 in
3300 2638 3536 2707 spatiosa
3577 2639 3664 2691 via

2059 2733 2266 2786 cunctis
2293 2732 2441 2786 hisce
2467 2717 2675 2802 potitus
2702 2741 2804 2795 est,
2835 2729 3126 2800 habuitque
3165 2730 3367 2785 multos
3407 2729 3662 2786 satellites

2059 2839 2124 2878 ac
2162 2823 2411 2889 famulos,
2440 2831 2829 2889 assentatores,
2862 2822 3100 2891 inquam,
3129 2823 3413 2892 parasitos,
3441 2821 3670 2892 quando

2059 2915 2126 2969 ad
2155 2915 2459 2984 sepulcrum
2505 2915 2672 2978 venit,
2718 2914 2892 2969 nudus
2933 2929 2996 2968 ac
3036 2913 3323 2967 destitutus
3353 2913 3436 2966 his
3484 2914 3661 2966 omni-

2061 3005 2163 3060 bus
2203 3006 2302 3059 fuit
2331 3016 2450 3074 post
2488 3004 2683 3059 multas
2730 3005 2848 3058 illas
2877 3004 3183 3080 voluptates
3204 3006 3286 3058 vel
3329 3003 3505 3072 potius
3538 3013 3658 3072 post

2059 3098 2277 3154 brevem
2317 3094 2462 3152 illam
2517 3097 2844 3166 voluptatem
2895 3105 2951 3151 et
2996 3097 3428 3166 prosperitatem.
3481 3095 3662 3150 Brevis

2059 3192 2204 3244 enim
2246 3196 2331 3242 est
2377 3196 2497 3245 tota
2521 3202 2759 3256 praesens
2798 3176 2930 3249 vita,
2973 3188 3016 3241 si
3063 3202 3183 3242 cum
3240 3186 3420 3241 futuro
3467 3187 3663 3241 sa-culo

2059 3289 2421 3350 comparetur.
2455 3279 2581 3334 Post
2614 3279 2835 3336 brevem
2863 3279 3022 3348 igitur
3050 3278 3398 3347 voluptatem,
3430 3293 3535 3347 qua
3563 3292 3661 3347 po-

2061 3373 2190 3426 titus
2227 3380 2333 3439 est,
2358 3371 2484 3424 dum
2522 3387 2616 3440 per
2645 3371 2934 3438 Spatiosam
2961 3370 3103 3423 viam
3146 3368 3440 3433 incederet,
3488 3375 3658 3438 angu-

2058 3464 2280 3518 stiarum
2321 3471 2378 3519 et
2417 3462 2722 3517 afflictionis
2749 3477 2873 3516 eum
2904 3461 3056 3520 locus
3090 3463 3319 3531 excepit.
3360 3462 3536 3529 Atque
3566 3461 3658 3514 ille

2057 3555 2274 3625 quidem
2323 3555 2376 3609 in
2420 3553 2541 3608 sinu
2585 3553 2815 3608 Abrahae
2865 3553 3258 3622 requiescebat,
3311 3566 3375 3606 ac
3416 3552 3660 3606 laborum

2057 3646 2456 3715 multarumque
2495 3645 2833 3700 miseriarum
2880 3639 3188 3700 mercedem
3235 3644 3500 3714 recipiens
3539 3655 3660 3714 post

2057 3736 2277 3801 famem,
2322 3745 2445 3806 post
2472 3736 2675 3800 ulcera,
2717 3745 2998 3806 postquam
3040 3737 3092 3789 in
3124 3735 3390 3789 vestibulo
3422 3735 3656 3790 reclina-

2058 3836 2144 3881 tus
2165 3826 2432 3897 jacuerat,
2480 3817 2841 3881 i'neﬂ'abilibus
2880 3827 2986 3881 illis
3017 3826 3243 3891 deliciis,
3278 3842 3412 3896 quas
3443 3842 3511 3881 ne
3536 3841 3660 3881 ora-

2058 3919 2204 3972 tione
2252 3917 2467 3987 quidem
2522 3917 2809 3986 complecti
2861 3931 3172 3986 possumus,
3220 3915 3496 3971 fruebatur
3529 3933 3544 3970 :
3577 3915 3661 3972 hic

2057 4025 2184 4065 vero
2241 4019 2360 4079 post
2407 4010 2748 4080 voluptatem.
2786 4024 2850 4064 ac
2896 4009 3142 4074 delicias,
3194 4018 3317 4079 post
3363 4009 3656 4080 ingluviem

2055 4105 2297 4168 multam,
2329 4115 2450 4173 post
2472 4103 2789 4160 ebrietatem
2831 4104 2908 4158 illi
2938 4104 3231 4159 inevitabili
3273 4104 3537 4175 supplicio
3566 4104 3664 4162 ad-

2054 4193 2231 4248 dictus
2271 4194 2630 4249 eruciabatur.
2675 4193 2744 4251 Ut
2782 4203 2964 4250 autem
3000 4195 3212 4249 illorum
3245 4204 3470 4265 uterque
3500 4195 3658 4251 rebus

2054 4286 2184 4354 ipsis
2221 4286 2497 4352 doceatur,
2546 4286 2632 4341 hic
2659 4286 2896 4356 quidem,
2929 4297 3125 4356 quanta
3175 4287 3249 4342 sit
3276 4298 3527 4357 augustae
3557 4290 3657 4344 via:

2055 4380 2280 4444 utilitas,
2322 4380 2414 4434 ille
2455 4394 2613 4448 vero,
2638 4388 2897 4450 quantum
2945 4380 3224 4448 damnum,
3255 4391 3452 4451 quanta
3479 4383 3660 4450 perni-

2053 4472 2164 4525 cies
2209 4472 2482 4542 spatiosze,
2515 4486 2547 4525 a
2587 4471 2742 4541 longe
2770 4472 2944 4526 multo
2981 4472 3255 4541 sejunctos
3286 4472 3572 4527 intervallo
3600 4489 3659 4528 se

2055 4564 2279 4618 invicem
2324 4564 2620 4620 intuentur.
2667 4553 2806 4617 A‘udi
2843 4579 2951 4634 quo
2998 4551 3288 4634 pactozEt
3335 4565 3391 4618 in
3431 4566 3654 4635 inferno,

2052 4656 2146 4721 ait,
2172 4657 2369 4710 elevans
2393 4656 2566 4710 oculos
2585 4671 2725 4720 suos,
2748 4657 2802 4709 in
2827 4657 3086 4709 tormentis
3106 4656 3314 4727 degens,
3339 4656 3471 4711 videt
3497 4657 3658 4713 Abra-

2053 4747 2172 4799 ham
2212 4764 2244 4799 a
2282 4747 2451 4817 longe,
2476 4755 2529 4827 et
2568 4745 2825 4800 Lazarum
2863 4748 2920 4800 in
2948 4748 3063 4801 sinu
3089 4748 3201 4815 ejus
3232 4746 3387 4816 (Luci.
3419 4747 3507 4802 16.
3533 4746 3655 4820 25).

2051 4841 2310 4911 Equidem
2339 4841 2574 4896 arbitror
2611 4841 2761 4895 illum
2792 4839 2880 4895 ubi
2911 4850 3015 4894 tam
3057 4841 3287 4894 subitam
3316 4856 3499 4895 rerum
3544 4857 3661 4897 tnu-

2054 4933 2310 4988 tationem
2343 4933 2497 5000 vidit,
2526 4942 2581 4989 et
2627 4934 2774 4987 illum
2801 4933 3020 5003 quidem
3043 4933 3133 5003 qui
3165 4933 3381 5003 jaeebat
3408 4933 3464 4988 in
3488 4936 3653 4990 vesti-

2051 5027 2200 5093 bulo,
2227 5041 2529 5097 canumque
2571 5027 2766 5098 linguis
2792 5036 2908 5082 erat
2944 5026 3242 5095 expositus,
3281 5035 3430 5080 tanta
3463 5025 3652 5082 fiducia

2047 5119 2303 5189 gaudere,
2333 5119 2458 5174 dum
2490 5120 2542 5174 in
2574 5120 2892 5190 patriarcha
2917 5120 3039 5174 sinu
3064 5127 3371 5173 versaretur
3395 5137 3407 5172 :
3433 5134 3494 5174 se
3523 5135 3654 5176 vero

2037 5199 2193 5266 'tanta
2222 5212 2469 5266 obrutum
2500 5212 2810 5282 ignominia,
2840 5219 2999 5282 atque
3029 5212 3246 5280 insuper
3282 5209 3405 5280 igne
3439 5211 3652 5266 crucia-

2048 5313 2182 5370 tum,
2212 5296 2469 5373 majorem
2501 5319 2723 5359 sensum
2753 5303 2956 5358 doloris
2980 5301 3211 5372 cepisse,
3243 5301 3376 5357 Cum
3411 5317 3541 5372 ergo
3560 5316 3652 5357 res

2045 5404 2294 5451 cerneret
2322 5395 2375 5450 in
2407 5395 2737 5468 contrarium
2777 5401 3030 5458 mutatas,
3056 5407 3120 5447 ac
3153 5407 3211 5448 se
3231 5392 3324 5463 qui
3363 5405 3651 5462 propemo-

2045 5488 2172 5542 dum
2222 5487 2275 5542 in
2319 5487 2525 5542 somnis
2561 5495 2618 5541 et
2653 5485 2841 5542 umbra
2867 5485 3072 5541 deliciis
3103 5484 3302 5555 potitus
3325 5493 3462 5549 erat,
3505 5498 3649 5539 nunc

2045 5581 2382 5643 intolerabile
2407 5580 2726 5650 supplicium
2756 5578 2915 5645 ferre,
2943 5594 3006 5634 ac
3026 5586 3152 5648 post
3185 5565 3479 5652 spatiosam
3506 5577 3646 5632 viam

2044 5673 2313 5743 latamque
2332 5680 2566 5743 portam,
2596 5672 2649 5726 in
2683 5672 2843 5727 finem
2867 5676 3004 5726 adeo
3033 5679 3318 5740 angustum
3347 5683 3466 5726 esse
3493 5671 3639 5725 dcta-

2025 5774 2196 5836 tum:
2224 5765 2301 5820 illi
2325 5781 2453 5820 vero
2480 5763 2748 5819 contraria
2769 5762 2994 5832 'penitus
3036 5761 3304 5824 evenisse,
3334 5774 3396 5814 ac
3421 5773 3650 5832 propter

2047 5875 2186 5926 eam,
2221 5875 2378 5930 quam
2425 5859 2476 5913 iu
2509 5857 2608 5913 hac
2639 5857 2742 5912 vita
2772 5855 3088 5914 exhibuerat
3117 5852 3456 5925 patientiam,
3488 5851 3642 5906 illum
