4122 6334
664 413 791 471 1051

661 527 1016 585 inell‘abilibus
1053 531 1250 602 perfrui
1288 531 1461 592 bonis.
1495 535 1740 589 nesciens
1770 550 1876 604 quo
1902 551 1961 590 se
1993 543 2242 600 verteret,

659 621 917 690 inopsque
946 622 1175 687 consilii,
1208 630 1328 678 cum
1355 620 1680 693 experientia
1719 627 2014 694 didicisset,
2047 638 2243 698 quanta

657 713 840 768 fraude
867 715 1078 784 penitus
1104 715 1355 786 deceptus
1386 719 1590 786 fuisset,
1626 736 1745 775 cum
1789 721 2077 790 spatiosum
2105 721 2244 774 viam

657 797 926 875 elegisset,
968 809 1405 878 supplicationem
1446 810 1601 866 oll‘ert
1627 813 1961 882 patriarchae,
1993 828 2056 867 ac
2081 812 2245 866 misc-

657 898 852 954 rabiles
901 915 1059 956 voces
1101 903 1257 957 simul
1301 897 1355 958 ei
1407 905 1672 976 lacrymas
1723 907 1951 961 ubertim
1999 905 2243 961 effundit.

657 989 839 1058 Itaque
861 992 905 1045 is
921 995 1007 1062 qui
1035 994 1102 1048 ad
1127 995 1385 1054 Lazarum
1417 1011 1475 1050 se
1498 1007 1833 1063 convertere,
1868 999 1949 1053 vel
1977 998 2126 1053 illum
2153 1015 2244 1054 re-

655 1082 862 1150 spicere
909 1100 1013 1138 non
1051 1085 1386 1156 dignabatur,
1419 1104 1704 1160 pauperem
1745 1090 2011 1161 abiectum
2055 1103 2108 1147 et
2156 1094 2244 1161 ja-

657 1185 868 1230 centem
891 1177 1358 1245 investibulo,~sed
1385 1193 1439 1236 et
1471 1183 1644 1253 ipsum
1671 1187 2057 1255 prOpemodum
2088 1187 2241 1242 dete-

655 1266 896 1322 stabatur
923 1281 1141 1340 propter
1184 1272 1427 1329 ulcerum
1462 1269 1657 1330 tetrum
1699 1276 1941 1341 odorem,
1986 1293 2243 1348 suamque

659 1359 961 1427 mollitiem,
1007 1372 1062 1418 et
1107 1364 1348 1429 delicias,
1405 1369 1598 1436 quibus
1640 1370 1895 1426 continue
1944 1370 2238 1438 fruebatur,

655 1465 800 1504 nunc.
821 1453 1136 1522 patriarchae
1163 1457 1426 1527 supplicat
1453 1468 1507 1513 et
1528 1461 1602 1514 ait
1633 1478 1646 1513 :
1680 1461 2125 1528 PaterAbra/tam,
2147 1464 2242 1514 mi-

652 1555 817 1596 serere
844 1544 960 1610 mei,
985 1555 1032 1599 et
1067 1548 1205 1600 mitte
1232 1547 1505 1615 Lazarum,
1535 1559 1586 1602 ut
1615 1551 1832 1621 intingat
1858 1561 2132 1606 extremum
2157 1555 2239 1606 di-

652 1634 746 1701 giti
782 1637 863 1687 sui
903 1636 956 1689 in
995 1651 1200 1706 aquam,
1242 1648 1289 1692 et
1322 1641 1585 1710 refrigeret
1622 1643 1850 1712 linguam
1899 1659 2096 1708 meam;
2121 1646 2242 1713 quia

652 1725 853 1779 crucior
877 1726 929 1780 in
954 1726 1050 1782 hac
1074 1729 1283 1797 ﬂamma
1314 1730 1462 1799 (Luc.
1497 1730 1583 1785 l6.
1615 1730 1731 1800 24).
1758 1725 2104 1789 sufficiebant
2127 1735 2240 1789 haec

650 1814 812 1868 verba
867 1817 933 1870 ad
994 1818 1412 1873 misericordiam
1466 1823 1817 1888 movendam,
1872 1835 2237 1878 verumtamen

653 1906 784 1959 nihil
830 1905 945 1962 haec
989 1909 1060 1962 illi
1108 1909 1438 1977 profuerunt.
1485 1911 1859 1981 lntcmpestiva
1905 1915 2102 1984 quippe
2144 1915 2240 1970 fuit

650 1998 940 2065 confessio,
973 2009 1025 2054 et
1065 2017 1171 2055 non
1203 1993 1539 2058 convenienti
1571 2005 1748 2060 oblata
1777 2014 2018 2076 tempore
2045 2007 2238 2076 depre-

650 2090 809 2142 catio.
847 2090 1016 2157 Mitte,
1055 2091 1244 2163 inquit,
1271 2093 1530 2148 Lazarum
1562 2096 1707 2150 illum
1739 2112 2046 2166 pauperem,
2077 2113 2234 2167 quem

650 2189 808 2234 antea
843 2181 1171 2249 detestabar,
1205 2185 1292 2239 cui
1331 2185 1496 2241 micas
1537 2202 1642 2241 non
1680 2175 2023 2257 impertiebar
2048 2207 2060 2242 :
2089 2189 2235 2243 illum

649 2284 748 2322 oro
774 2286 935 2336 nunc,
966 2280 1021 2326 et
1052 2273 1276 2343 digitum
1306 2275 1456 2331 illum
1485 2277 1722 2346 requiro,
1765 2293 1924 2348 quem
1951 2294 2114 2334 canes
2137 2281 2237 2334 lin-

645 2360 863 2427 gebant.
913 2361 1078 2418 Vides
1130 2373 1188 2417 ut
1233 2365 1380 2419 illum
1430 2353 1748 2436 supplicium
1803 2371 2234 2438 compescuerit?

648 2452 810 2507 Vides
844 2470 1002 2525 quam
1044 2465 1325 2526 angustum
1366 2458 1431 2513 ad
1486 2459 1642 2513 linem
1681 2461 1828 2514 illum
1879 2463 2117 2530 spatiosa"
2151 2464 2232 2517 via

650 2545 947 2599 detulerit?
992 2545 1174 2616 Neque
1216 2563 1404 2618 preces
1445 2549 1601 2604 offert
1630 2551 1848 2616 Lazaro,
1881 2554 1974 2607 sed
2005 2555 2232 2623 patriar-

647 2636 802 2703 chre;
835 2625 1068 2693 merito:
1099 2655 1270 2708 neque
1295 2642 1440 2696 enim
1459 2652 1643 2696 contra
1677 2660 1963 2713 pauperem
1991 2648 2233 2703 attollere

645 2729 831 2783 oculos
870 2729 1120 2784 audebat.
1169 2731 1333 2787 Suam
1379 2735 1522 2788 enim
1566 2734 2004 2792 inhumanitatem
2053 2748 2232 2794 mente

644 2822 912 2887 versabat;
956 2831 1009 2878 et
1047 2825 1304 2894 cogitans,
1336 2841 1497 2894 quam
1534 2826 2009 2883 immisericordem
2056 2831 2126 2883 illi
2173 2846 2232 2887 se

643 2913 994 2982 exhibuisset,
1036 2917 1206 2986 ipsum
1255 2932 1319 2972 ne
1359 2933 1621 2987 responso
1649 2919 1863 2988 quidem
1894 2935 1956 2975 se
1979 2921 2229 2990 dignatu-

645 3021 764 3060 rum
793 3009 1184 3077 suspicabatur.
1207 3010 1374 3077 Quam
1407 3012 1476 3066 ob
1501 3027 1715 3066 causam
1748 3029 1932 3083 neque.
1959 3017 2228 3083 supplica-

644 3097 843 3152 tionem
875 3099 939 3153 ad
969 3099 1117 3154 illum
1146 3101 1345 3172 dirigit,
1391 3103 1484 3156 sed
1522 3104 1879 3173 patriarcham
1907 3106 2224 3161 obtestatur.

642 3187 750 3243 Sed
791 3205 856 3244 ne
897 3191 974 3245 sic
1003 3191 1214 3260 quidem
1243 3193 1531 3263 quidquam
1563 3196 1787 3264 profecit
1815 3215 1828 3250 :
1865 3205 2068 3252 tantum
2111 3204 2224 3253 ma-

639 3279 749 3333 lum
788 3288 870 3336 est
905 3281 1368 3352 intempestivitas,
1409 3295 1463 3339 et
1500 3301 1815 3364 concessum
1866 3290 2018 3345 nobis
2054 3306 2083 3344 a
2133 3292 2224 3347 Dei

637 3368 968 3440 benignitate
995 3372 1060 3426 ad
1087 3375 1271 3428 salutis
1297 3385 1493 3430 nostra:
1516 3377 1852 3434 occasionem
1885 3389 2094 3450 tempus
2126 3400 2223 3437 ne-

636 3462 860 3532 gligere.
906 3463 1076 3530 Quem
1132 3466 1273 3520 enim
1329 3467 1667 3522 adamantem
1729 3485 1834 3524 non
1887 3471 2002 3526 hmo
2058 3475 2220 3529 verba

637 3554 948 3622 flexissent,
997 3567 1052 3612 et
1103 3557 1171 3612 ad
1220 3559 1641 3616 misericordiam
1687 3572 1741 3618 et
1792 3567 2218 3635 compassioncm

634 3649 1089 3702 commovissem?

703 3737 857 3794 Dives
895 3740 988 3793 sibi
1019 3743 1264 3796 malorum
1289 3754 1484 3798 auctor.
1515 3743 1587 3786 -ἐ
1615 3747 1990 3804 Verumtamen
2033 3769 2098 3807 ne
2142 3755 2219 3809 sic

632 3831 844 3900 quidem
893 3835 1076 3888 annuit
1128 3837 1366 3906 petitioni
1421 3842 1750 3930 patriarcha,
1809 3844 1901 3898 sed
1959 3861 2218 3915 reSponso

632 3925 841 3992 quidem
874 3926 1016 3981 illum
1042 3929 1307 3998 dignatur,
1335 3932 1504 4001 ipsum
1535 3925 1662 3989 vero
1690 3936 1846 3990 docet
1870 3940 1970 3992 sibi
2002 3949 2077 3993 tot
2107 3958 2218 3996 ma-

633 4015 803 4067 lorum
837 4031 956 4070 eum
999 4029 1269 4073 auctorem
1302 4024 1588 4078 exstitisse.
1628 4027 1717 4080 Sic
1757 4028 2048 4084 enim'eum
2081 4033 2215 4085 allo-

629 4107 808 4175 quitur
837 4111 1132 4176 patriarcha
1165 4132 1176 4161 :
1204 4112 1328 4178 Fili,
1360 4118 1646 4185 recordare,
1677 4123 1796 4187 quia
1826 4126 2058 4191 recepisti
2085 4126 2216 4178 bona

628 4208 714 4250 tua
751 4201 800 4252 in
831 4203 929 4254 vita
959 4212 1065 4266 tua,
1095 4215 1140 4257 et
1170 4205 1394 4260 Lazarus
1424 4209 1652 4263 similiter
1682 4213 1816 4264 mala
1845 4231 1862 4266 :
1888 4233 2022 4268 nunc
2046 4229 2212 4271 autem

619 4288 708 4342 'liic
751 4293 949 4360 quidem
995 4296 1301 4363 consolatur,
1345 4309 1397 4350 tu
1443 4315 1556 4352 vero
1591 4303 1850 4356 cruciaris.
1893 4304 1960 4358 Et
1999 4308 2067 4360 ad
2107 4311 2214 4361 [nec

625 4383 795 4432 omnia
821 4383 949 4436 inter
977 4399 1062 4437 vos
1092 4395 1136 4436 et
1167 4403 1256 4440 nos
1282 4388 1450 4442 hiatus
1477 4407 1688 4460 magnus
1714 4396 2010 4450 constitutus
2039 4410 2131 4460 est,
2159 4409 2212 4452 ut

624 4472 660 4523 ii
685 4475 770 4541 qui
800 4474 968 4527 volunt
1015 4478 1132 4530 hinc
1168 4481 1383 4534 transire
1425 4482 1492 4533 ad
1532 4500 1634 4546 vos,
1670 4501 1768 4537 non
1796 4491 2008 4554 possint,
2056 4507 2211 4558 neque

622 4564 740 4615 inde
766 4563 875 4618 ‘lmc
914 4576 1239 4622 transmeare.
1286 4571 1560 4627 Terribilia
1606 4585 1726 4629 sunt
1769 4577 1882 4630 hate
1928 4582 2108 4646 verba,
2158 4593 2210 4637 et

621 4670 738 4719 qum
788 4657 991 4721 possint
1027 4673 1140 4724 eos,
1185 4662 1374 4729 quibus
1422 4679 1516 4717 cor
1564 4668 1719 4736 sapit,
1753 4669 2031 4735 plurimum
2064 4689 2210 4727 com-

585 4820 589 4825 .
624 4760 860 4799 movere.
893 4747 1021 4802 Nam
1059 4761 1114 4803 ut
1142 4767 1262 4805 eum
1303 4754 1511 4819 doceat,
1548 4770 1607 4810 se
1645 4759 1856 4826 quidem
1889 4777 2036 4815 suam
2082 4779 2206 4833 erga

623 4837 766 4890 illum
800 4840 1218 4896 misericordiam
1262 4843 1535 4911 exhibere,
1586 4859 1742 4915 atque
1771 4851 1836 4904 ad
1877 4856 2207 4922 eumpatien-

619 4928 743 4982 dum
761 4929 974 4992 inflecti,
993 4932 1116 4985 dum
1137 4935 1516 5003 suppliciorum
1536 4939 1913 5011 cernitgravita
1924 4955 2028 4998 tem
2046 4962 2058 4998 :
2077 4947 2204 5000 nihil

618 5031 794 5075 tamen
842 5024 1013 5076 solatii
1044 5027 1282 5093 prtebere
1307 5043 1482 5095 posse,
1511 5045 1673 5099 seque
1701 5036 2083 5102 propemodum
2112 5055 2205 5091 ex-

615 5128 808 5167 cusans
837 5114 928 5176 illi,
959 5115 1186 5180 Vellem,
1216 5117 1405 5187 inquit,
1446 5137 1658 5175 manum
1694 5126 1786 5179 tibi
1817 5129 2108 5197 porrigere,
2141 5145 2204 5184 ac

613 5205 825 5260 dolores
855 5208 1114 5276 mitigare,
1145 5219 1198 5264 et
1240 5215 1554 5279 peracerhas
1593 5231 1776 5285 pcenas
1815 5220 2073 5284 minuere,
2108 5223 2200 5276 sed

613 5307 664 5350 tu
699 5294 1034 5364 temetipsum
1061 5303 1376 5370 jampridem
1406 5322 1469 5358 eo
1501 5309 1690 5362 solatio
1717 5311 1930 5378 privasti
1958 5331 1969 5362 :
2004 5314 2201 5369 idcirco

612 5391 684 5443 ait
715 5409 727 5444 :
761 5391 886 5456 Fili,
933 5397 1226 5451 recordare.
1253 5395 1386 5451 Vide
1431 5399 1718 5454 bonitatem
1770 5405 2106 5471 patriai-chr,
2143 5406 2202 5458 fi-

612 5486 739 5539 lium
799 5489 969 5555 ipsum
1015 5501 1186 5544 vocat.
1237 5491 1614 5547 Verumtamen
1673 5497 1772 5550 hoc
1828 5498 2042 5565 quidem
2084 5501 2228 5567 ejus,

613 5578 992 5635 humanitatem
1021 5593 1195 5651 potest
1228 5585 1532 5648 ostendere,
1573 5586 1662 5639 sed
1705 5589 1906 5642 nullum
1943 5592 2197 5644 au\ilium

611 5671 771 5735 ferre,
824 5674 964 5741 quod
1011 5675 1246 5744 seipsum
1292 5658 1402 5744 ipse
1453 5679 1764 5745 prodiderit.
1826 5681 1950 5748 Fili,
2004 5684 2191 5751 inquit,

606 5765 892 5830 recordare,
925 5768 1041 5834 quia
1084 5770 1314 5836 recepisti
1347 5780 1399 5822 tu
1441 5769 1571 5822 bona
1603 5783 1687 5824 tua
1717 5775 1767 5825 in
1809 5775 1908 5827 vita
1953 5785 2056 5828 tua.
2089 5776 2196 5828 Vc-

610 5863 759 5907 niant
784 5856 875 5910 tibi
918 5858 968 5910 in
1000 5869 1232 5914 mentem
1267 5863 1552 5930 prtetcrita,
1584 5865 1685 5918 noli
1718 5866 1952 5921 oblivisci
1983 5879 2192 5939 quantis

1365 417 1422 473 S.
1461 417 1738 477 JOANNIS
1759 417 2232 477 CHRYSOSTOMI
2270 419 2587 478 ARCHIEP.
2628 417 3156 477 CONSTANTINOP.

3812 417 3933 473 l052

2355 531 2563 587 deliciis
2584 533 2783 601 potitus
2819 530 3007 595 fueris,
3043 539 3236 600 quanta
3275 531 3570 601 voluptate,
3597 537 3796 599 quanta
3827 547 3928 582 ma-

2354 622 2656 694 gnificentia
2687 641 2700 676 :
2727 637 2833 692 quo
2865 632 3019 693 pacto
3047 623 3296 692 ingluviei
3323 631 3481 692 atque
3511 622 3753 681 ebrietati
3786 621 3931 673 dedi-

2355 722 2440 769 tus
2465 729 2679 781 semper
2699 716 2916 781 vixeris,
2947 729 3068 769 cum
3095 715 3147 768 in
3178 730 3336 769 omne
3361 731 3532 768 arvum
3578 725 3627 769 te
3654 713 3932 768 fruiturum

2355 804 2462 859 illis
2481 805 2835 870 existimares,
2864 815 2918 860 et
2947 807 3032 859 illa
3055 821 3176 860 esse
3201 806 3336 860 bona
3363 815 3648 859 statueres.
3679 805 3754 858 Ex
3777 791 3933 872 ipsius

2350 899 2612 952 sententia
2641 915 2954 969 responsum
2985 899 3057 952 illi
3085 898 3249 953 dedit.
3271 897 3404 951 Cum
3431 898 3573 950 enim
3601 896 3692 950 ille
3713 895 3935 949 sublime

2351 988 2483 1042 nihil
2523 991 2830 1057 conciperet
2873 991 3074 1056 animo,
3114 1006 3287 1059 neque
3327 991 3463 1043 mala
3493 989 3690 1053 futura,
3721 1005 3843 1058 qua:
3887 991 3937 1041 il-

2351 1078 2459 1133 lum
2487 1093 2771 1150 exceptura
2804 1090 3004 1148 essent,
3045 1082 3148 1137 sibi
3183 1090 3308 1135 ante
3349 1080 3533 1136 oculos
3571 1089 3819 1149 poneret,
3853 1081 3932 1134 illa

2347 1184 2469 1226 esse
2495 1171 2632 1225 bona
2659 1173 2932 1227 censebat.

2419 1263 2472 1318 5.
2515 1263 2626 1320 Hoc
2653 1265 2796 1320 enim
2835 1265 3073 1336 plerique
3097 1264 3279 1322 dicere
3308 1264 3452 1320 soliti
3485 1271 3638 1329 sunt,
3667 1263 3758 1333 qui
3803 1263 3931 1318 deli-

2347 1354 2460 1410 cias
2478 1365 2538 1411 et
2563 1357 2846 1427 ingluviem
2875 1359 2941 1414 ad
2963 1368 3234 1429 stuporem
3265 1359 3545 1424 mirantur,
3575 1359 3756 1412 multis
3783 1356 3955 1426 potiti.

2349 1447 2542 1502 fuimus
2579 1449 2754 1516 bonis,
2801 1452 2844 1506 si
2876 1452 3087 1520 quando
3114 1466 3351 1506 summas
3390 1451 3610 1505 delicias
3647 1451 3811 1503 velint
3839 1465 3930 1504 ex-

2349 1539 2598 1608 primere.
2628 1539 2748 1596 Noli
2776 1542 2888 1596 haec
2909 1542 3219 1611 simpliciter
3241 1543 3377 1597 bona
3407 1556 3618 1604 vocare,
3650 1542 3722 1594 mi
3755 1542 3930 1604 homo,

2346 1631 2441 1686 sed
2469 1633 2643 1702 cogita
2670 1635 2786 1690 haec
2822 1634 3116 1698 [Domino
3140 1634 3263 1688 data
3289 1649 3425 1698 esse,
3470 1643 3528 1686 ut
3555 1635 3634 1687 eis
3661 1632 3930 1686 moderate

2346 1731 2555 1778 utentes
2581 1723 2744 1778 vitam
2771 1733 3007 1779 nostram
3041 1734 3306 1790 tueamur,
3338 1732 3391 1778 et
3430 1724 3796 1779 infirmitatem
3818 1737 3930 1776 eor-

2345 1814 2489 1881 poris
2514 1823 2876 1869 sustentemus
2900 1833 2913 1868 :
2944 1815 3045 1869 alia
3066 1830 3193 1869 vero
3219 1824 3342 1868 sunt
3369 1830 3493 1870 vere
3521 1815 3682 1870 bona.

2419 1904 2546 1971 Qua:
2564 1907 2665 1960 sint
2690 1923 2800 1962 vere
2823 1910 2971 1961 bona.
2995 1937 3071 1947 —
3092 1907 3232 1966 Nihil
3252 1907 3447 1978 quippe
3477 1906 3701 1961 istorum
3735 1907 3926 1961 bonum

2343 2005 2446 2063 est,
2477 2012 2583 2051 non
2613 1997 2818 2053 delicia:
2843 2040 2859 2066 ,
2890 2015 2994 2054 non
3026 2000 3258 2067 divitiae,
3291 2015 3398 2055 non
3429 2002 3812 2070 sumptuositas
3837 2016 3926 2054 ve-

2343 2088 2539 2154 stium,
2590 2089 2682 2144 sed
2731 2091 2904 2144 solum
2954 2107 3148 2146 nomen
3197 2091 3412 2147 habent.
3441 2092 3577 2162 Quid
3608 2102 3787 2146 autem
3817 2093 3927 2146 dico

2341 2179 2512 2233 solum
2544 2193 2604 2233 ea
2647 2195 2840 2234 nomen
2870 2182 3108 2238 habere?
3138 2183 3229 2238 Illa
3261 2199 3389 2237 vero
3415 2198 3789 2252 saepenumero
3817 2198 3928 2251 per-

2342 2272 2536 2326 niciem
2567 2273 2718 2328 nobis
2739 2285 3045 2341 accersunt,
3074 2278 3116 2329 si
3143 2276 3357 2346 quando
3380 2276 3528 2344 ipsis,
3559 2291 3666 2328 non
3696 2285 3753 2328 ut
3778 2290 3926 2343 opor-

2341 2372 2442 2427 tet,
2473 2375 2704 2422 utamur.
2731 2367 2860 2424 Nam
2891 2369 3089 2423 divitia:
3127 2370 3278 2424 bona:
3303 2377 3526 2438 possunt
3553 2384 3676 2423 esse
3721 2383 3925 2438 posses-

2339 2454 2484 2519 sori,
2533 2458 2744 2526 quando
2789 2475 2895 2513 non
2944 2462 2994 2514 in
3047 2461 3270 2514 delicias
3317 2470 3522 2514 tantum
3564 2460 3719 2525 illas,
3755 2459 3924 2523 necjn

2338 2545 2650 2601 ebrietatem
2693 2559 2748 2603 et
2793 2551 2984 2605 noxias
3018 2551 3317 2620 voluptates
3363 2551 3651 2617 expendit,
3691 2550 3785 2605 sed
3811 2566 3923 2604 cum

2336 2637 2544 2693 deliciis
2606 2642 2880 2698 moderate
2925 2644 3238 2713 perfruens,
3290 2645 3490 2714 reliqua
3539 2645 3590 2696 in
3642 2659 3921 2715 pauperum

2336 2740 2549 2787 ventres
2579 2733 2884 2801 distribuit,
2915 2746 3026 2790 tum
3055 2737 3208 2790 bona:
3234 2745 3357 2790 sunt
3387 2736 3608 2791 divitim.
3633 2736 3726 2790 Sin
3754 2744 3920 2788 autent

2336 2823 2571 2892 seipsum
2599 2828 2718 2895 quis
2748 2828 2952 2882 deliciis
2985 2843 3046 2882 ac
3075 2831 3283 2883 caeteris
3322 2829 3631 2882 libidinibus
3657 2829 3918 2883 dediturus

2334 2915 2423 2980 sit,
2448 2931 2553 2970 non
2586 2919 2747 2974 modo
2777 2920 2908 2974 nihil
2934 2923 2981 2976 ei
3013 2933 3259 2992 prosunt,
3293 2922 3388 2976 sed
3416 2923 3579 2976 etiam
3611 2923 3666 2975 in
3710 2921 3909 2991 profun-

2333 3006 2463 3062 dum
2488 3009 2634 3063 illum
2665 3010 2972 3066 barathrum
3005 3015 3327 3082 prtecipitem
3355 3026 3517 3083 agunt
3545 3032 3557 3067 :
3591 3015 3735 3082 quod
3765 3023 3812 3069 et
3838 3013 3916 3066 isti

2332 3103 2482 3159 diviti
2506 3103 2718 3158 accidit.
2746 3106 2914 3171 Quam
2956 3108 3027 3161 ob
3068 3122 3280 3162 causam
3311 3105 3438 3160 dicit
3475 3107 3547 3159 illi
3583 3105 3914 3175 patriarcha:

2333 3199 2460 3266 Fili,
2489 3199 2775 3265 recOrdare,
2806 3201 2925 3270 quia
2952 3201 3181 3270 recepisti
3210 3202 3338 3254 bona
3367 3210 3457 3253 tua
3483 3201 3535 3252 in
3565 3201 3666 3252 vita
3695 3210 3797 3252 tua.
3828 3199 3913 3252 Illa

2329 3316 2449 3368 quae
2478 3317 2603 3356 vere
2630 3302 2766 3355 bona
2798 3317 2918 3356 esse
2958 3301 3217 3357 censebas
3269 3299 3554 3370 recepisti,
3597 3309 3652 3352 et
3697 3299 3917 3353 Lazarus

2329 3394 2575 3449 similiter
2605 3395 2740 3448 mala
2773 3413 2786 3450 :
2818 3411 2924 3448 non
2953 3395 3091 3464 quod
3118 3409 3180 3447 ea
3209 3393 3441 3447 Lazarus
3468 3392 3609 3445 mala
3646 3399 3910 3453 censeret,

2327 3487 2501 3552 absit,
2531 3488 2624 3541 sed
2661 3505 2723 3542 ex
2753 3489 2921 3556 ipsius
2949 3487 3130 3542 divitis
3157 3486 3420 3541 sententia
3454 3484 3554 3538 hoc
3581 3484 3742 3538 etiam
3771 3481 3903 3551 adje-

2325 3581 2397 3636 cit
2424 3599 2436 3634 :
2467 3580 2726 3649 siquidem
2758 3580 2843 3634 ille
2869 3596 2987 3634 cum
3012 3579 3148 3633 hanc
3171 3579 3306 3648 apud
3329 3593 3387 3633 se
3410 3578 3728 3632 sententiam
3754 3586 3909 3627 ratam

2325 3673 2621 3739 habuisset,
2650 3689 2778 3744 opes
2799 3689 2862 3728 ac
2880 3674 3123 3736 delicias,
3150 3673 3421 3726 lasciviam
3445 3679 3498 3726 et
3523 3687 3735 3724 onmem
3760 3669 3909 3721 alium

2326 3766 2448 3820 vitae
2494 3766 2674 3819 luxum
2721 3767 2858 3820 bona
2905 3749 3026 3822 esse
3057 3765 3286 3818 ducebat
3316 3783 3328 3817 :
3359 3773 3722 3831 paupertatem
3754 3775 3906 3825 vero,

2327 3858 2518 3912 famem
2547 3869 2605 3913 et
2633 3858 2911 3912 adversam
2942 3857 3298 3912 valetudinem
3343 3857 3480 3909 mala
3520 3871 3641 3910 esse
3678 3855 3896 3922 διιςρὶςα-

2325 3950 2496 4004 batur.
2524 3951 2686 4004 Prout
2715 3950 2872 4019 igitur
2897 3949 3247 4004 existimahas
3267 3990 3280 4013 ,
3312 3956 3365 4001 et
3395 3948 3586 4000 falsum
3620 3945 3743 3998 illud
3771 3944 3904 4012 judi-

2321 4043 2460 4096 cium
2487 4040 2912 4110 amplectebaris,
2941 4041 3224 4096 recordare
3269 4050 3318 4094 te
3344 4055 3409 4093 ex
3433 4048 3524 4091 tuo
3546 4038 3754 4091 calculo
3775 4037 3904 4090 bona

2322 4135 2408 4188 illa
2434 4135 2699 4202 recepisse
2721 4176 2734 4197 ,
2767 4150 2886 4188 cum
2917 4150 3010 4203 per
3035 4117 3194 4189 laiam
3227 4147 3288 4186 ac
3326 4133 3616 4201 spatiosum
3646 4132 3780 4184 viam
3826 4131 3922 4197 in-,

2319 4223 2563 4289 cederes,
2592 4233 2643 4278 et
2674 4224 2932 4278 Lazarum
2965 4223 3212 4278 similiter
3232 4223 3367 4276 mala
3393 4238 3456 4276 ex
3489 4222 3766 4276 ratiocinio
3795 4231 3902 4284 tuo,

2319 4319 2442 4373 dum
2472 4330 2752 4388 angustum
2797 4327 2850 4373 et
2893 4327 3098 4372 arctum
3145 4320 3247 4372 iter
3293 4317 3602 4370 conficeret.
3650 4314 3901 4381 Quoniam

2318 4409 2478 4478 igitur
2501 4420 2552 4462 tu
2585 4411 2683 4463 vite
2713 4416 2914 4462 tantum
2939 4408 3140 4461 aditum
3168 4406 3471 4474 spectabas,
3496 4404 3583 4459 hic
3603 4419 3728 4459 vero
3749 4404 3901 4456 finem

2316 4499 2671 4568 reSpiciebat,
2715 4515 2890 4568 neque
2921 4498 3271 4567 negligentior
3301 4505 3518 4564 propter
3561 4496 3759 4548 aditum
3811 4495 3901 4546 vize

2315 4589 2653 4648 reddebatur.
2685 4599 2964 4657 propterea
3012 4605 3152 4642 nunc
3193 4588 3503 4640 consolatur
3535 4586 3634 4640 hoc
3675 4587 3723 4638 in
3754 4586 3897 4644 loco,

2317 4690 2368 4733 tu
2402 4696 2529 4733 vero
2557 4682 2831 4746 cruciaris,
2861 4691 2912 4734 et
2943 4682 3071 4734 fines
3100 4679 3197 4732 sibi
3230 4679 3453 4755 invicem
3477 4679 3772 4732 contrarios
3800 4691 3899 4729 sor-

2314 4773 2392 4826 titi
2416 4774 2562 4826 estis.
2592 4773 2811 4826 Vidistis
2842 4774 3014 4842 reipsa
3054 4773 3299 4839 spatiosm
3329 4787 3392 4826 ac
3431 4771 3552 4824 lata:
3576 4772 3675 4824 vice
3708 4770 3860 4822 finem
3880 4809 3894 4833 ,

2312 4873 2366 4918 et
2394 4879 2499 4933 quo
2542 4876 2696 4934 pacto
2724 4872 2960 4932 angusta:
2991 4871 3159 4932 porta:
3186 4904 3200 4928 ,
3233 4871 3286 4914 et
3316 4871 3481 4914 arcta:
3508 4861 3608 4914 via:
3633 4860 3756 4914 felix
3799 4869 3897 4912 ter-

2312 4955 2487 5008 minus
2516 4971 2634 5009 eum
2667 4955 2940 5022 exceperit
2969 4954 3054 5022 qui
3092 4955 3256 5021 ipsam
3286 4952 3547 5030 elegerat;
3575 4951 3752 5004 audite
3778 4965 3896 5019 ergo

2311 5055 2364 5101 et
2389 5062 2700 5114 responsum
2732 5047 2858 5099 illud
2892 5045 3177 5100 terribilius
3204 5061 3215 5096 :
3249 5043 3310 5095 Et
3351 5043 3419 5094 ad
3446 5041 3553 5094 hwc
3579 5043 3780 5107 omnia,
3817 5042 3894 5098 in-

2309 5137 2456 5205 quit,
2486 5139 2613 5190 inter
2639 5155 2728 5190 nos
2761 5148 2806 5190 et
2834 5154 2918 5190 vos
2955 5138 3120 5188 hiatus
3152 5152 3366 5206 magnus
3395 5136 3694 5187 constitutus
3719 5145 3816 5198 est,
3845 5145 3893 5185 ut

2309 5228 2346 5278 ii
2374 5230 2458 5298 qui
2489 5229 2660 5281 volun’t
2687 5230 2804 5280 liinc
2833 5229 3048 5281 transire
3074 5228 3194 5280 illuc
3222 5243 3322 5279 non
3355 5226 3568 5293 possint,
3603 5242 3756 5295 neque
3782 5226 3891 5276 inde

2309 5319 2406 5371 huc
2436 5330 2763 5372 transmeare.
2787 5318 2863 5372 Ne
2897 5331 3095 5372 temere
3123 5327 3522 5385 praetereamus,
3547 5316 3887 5375 dilectissimi,

2309 5411 2449 5478 quod
2479 5409 2676 5462 dictum
2703 5419 2814 5473 est,
2844 5409 2937 5462 sed
2983 5417 3221 5462 exactam
3271 5406 3530 5458 orationis
3579 5408 3681 5457 vim
3723 5413 3890 5456 mente

2307 5516 2601 5564 versemus,
2634 5511 2686 5553 et
2712 5509 2908 5569 quanto
2941 5500 3239 5569 perfruatur
3267 5499 3499 5560 honore,
3532 5506 3731 5566 quanta
3759 5496 3887 5548 sedis

2307 5596 2678 5663 praerogativa.
2713 5594 2801 5662 qui
2836 5609 2930 5662 pro
2957 5593 3218 5648 vestibulo
3242 5591 3486 5660 jacebat,
3527 5592 3616 5645 ille
3661 5590 3887 5657 abiectus

2305 5694 2357 5738 et
2392 5701 2609 5754 pauper,
2641 5686 2729 5739 ille
2760 5686 2845 5754 qui
2875 5686 3016 5750 fame
3055 5683 3482 5748 conflictabatur,
3514 5682 3604 5736 ille
3633 5682 3886 5736 ulceribus

2307 5777 2564 5845 0pplelus,
2597 5786 2648 5830 ct.
2676 5778 2896 5829 canibus
2921 5777 3213 5844 expositus.

2381 5868 2500 5924 Non
2549 5887 2790 5940 Paupcrcs
2838 5880 2879 5922 ct
2926 5870 3091 5939 θριξίιὶ
3137 5869 3302 5922 miseri
3365 5879 3500 5921 sunt.
3528 5899 3594 5907 ~—-
3627 5857 3886 5915 LUbL‘lliL'r
