4122 6334
150 472 177 525 Ι
190 470 301 527 051

146 584 349 641 στενὸν
403 580 854 653 καταστρέψαντα
898 578 1056 644 τέλος
1079 596 1094 610 ο
1156 576 1243 631 ἐπ’
1287 576 1500 630 ἐκείνου
1558 574 1615 626 δὲ
1670 572 1738 625 τὰ

142 667 381 722 ἐναντία
418 664 822 734 συμϐεϐηκότα,
852 663 946 717 καὶ
963 661 1054 716 διά
1080 661 1181 733 τὴν
1204 657 1441 713 ἐνταῦθα
1457 654 1742 737 ,ὑπομονὴν

142 750 268 803 τῶν
297 741 627 820 ἀπορρήτων
663 746 889 801 ἐκείνων
915 744 1139 815 ἀγαθῶν
1163 743 1329 807 αὑτὸν
1353 738 1743 797 ἀπολαύονταέ

141 837 255 888 καὶ
280 835 339 886 ἐν
370 832 651 903 ἀμηχανίᾳ
678 829 940 900 γεγονὼς,
972 829 1068 884 καὶ
1100 830 1167 898 τῇ
1217 826 1386 897 πείρα
1417 821 1741 896 μαθὼν“τὴν

140 916 397 987 ἀπάτην,
436 908 503 985 ἣν
540 914 800 985 ὑπέμεινε
845 913 912 967 δι’
948 913 1071 966 ὅλου
1112 911 1214 982 τὴν
1262 907 1582 981 ἐὐρύχωρον
1624 904 1742 957 ὁδὸν

141 1000 432 1070 ἐλόμενος,
459 992 741 1068 ἰκετὴρίαν
764 995 948 1069 τίθησι
974 994 1111 1066 πρὸς
1135 994 1228 1059 τὸν
1251 991 1619 1062 πατριάρχην,
1647 987 1742 1040 καὶ

139 1081 369 1134 ἐλεεινὰ
421 1080 718 1148 φθέγγεται
749 1080 991 1152 ῥήματα,
1047 1074 1142 1130 καὶ
1192 1074 1447 1151 δακρύων
1476 1072 1739 1141 γέμοντα.

143 1166 271 1218 Καὶ
298 1166 327 1216 0
357 1164 463 1234 πρὸ
509 1162 702 1216 τούτου
735 1162 872 1233 μηδέ
908 1158 1394 1232 ἐπιστρεφόμενος,
1432 1154 1569 1226 μηδέ
1597 1152 1742 1235 ’ἰδεῖν

143 1249 486 1319 ἀνεχόμενος
523 1246 641 1300 τὸν·
663 1245 937 1317 Λάζαρον,
980 1243 1074 1297 ⁴τὸν
1117 1243 1329 1311 πένητα
1351 1281 1367 1304 ,
1413 1240 1505 1293 τὸν
1553 1240 1613 1291 ἐν
1663 1235 1743 1308 τῷ

144 1331 367 1385 πυλῶνι
400 1328 753 1401 ἐρριμμένον,
782 1328 919 1382 ἀλλὰ
959 1328 1055 1392 κα).
1104 1324 1527 1397 βδελυττόμενος
1553 1320 1740 1388 αὐτὸν,

143 1416 234 1477 ὡς
262 1414 458 1475 εἰπεῖν,
508 1412 594 1466 διὰ
634 1412 737 1482 τὴν
777 1410 888 1465 τῶν
922 1408 1097 1463 ἐλκῶν
1143 1408 1436 1473 δυσωδίαν,
1494 1406 1591 1459 καὶ
1640 1404 1741 1473 τὴν

144 1497 367 1550 οἰκείαν
399 1495 679 1565 βλακείαν,
704 1488 845 1567 ένιῇ
869 1493 1136 1563 διηνεκῶς
1180 1491 1402 1564 τρυφῶν
1443 1490 1619 1561 διῆγε,
1646 1489 1742 1543 νῦν

146 1580 393 1633 ἱκετεύει
413 1580 505 1633 τὸν
530 1578 899 1650 πατριάρχην,
937 1577 1031 1630 καί
1049 1592 1182 1646 φησι
1209 1592 1223 1606 ·
1254 1575 1447 1642 Πάτερ
1472 1573 1737 1644 Ἀϐραὰμ,

144 1663 427 1730 ἐλέησόν
447 1680 547 1732 με,
580 1662 681 1716 καί
713 1660 959 1730 πέμψον
1004 1657 1294 1727 Λάζαρον,
1330 1658 1432 1711 ἵνα
1453 1658 1634 1726 βάψῃ
1673 1656 1742 1711 τὸ

146 1748 346 1813 ἄκρον
372 1748 478 1800 τοῦ
498 1745 803 1800 δακτύλου
826 1738 1015 1799 αὑτοῦ
1045 1742 1288 1809 ὕδατος,
1303 1743 1402 1795 καί
1420 1742 1741 1811 καταψύξῃ

146 1832 277 1899 τὴν
307 1829 598 1902 γλῶσαάν
638 1846 782 1900 μου,
833 1827 924 1881 ὅτι
968 1825 1272 1897 ὀδυνῶμαι
1319 1826 1390 1879 έν
1442 1824 1519 1893 τῇ
1562 1825 1743 1895 φλογί

149 1917 370 1983 ταύτῃ.
411 1912 593 1967 Ἰκανά
614 1912 683 1966 τά
722 1913 941 1984 ῥήματα
975 1912 1055 1976 εἰς
1084 1906 1265 1963 οἶκτον
1292 1908 1705 1978 ἀφελκύσασθαι
1724 1902 1753 1939 ⁶’

149 2000 277 2053 ἀλλ’
299 2000 447 2070 ὅμως
471 1997 591 2051 οὐδὲ
621 1995 793 2059 οὕτως
814 1994 992 2073 ὤνησέ
1017 2013 1071 2048 τι
1098 1994 1258 2048 πλέον
1274 2012 1288 2026 ’
1315 1994 1545 2069 ἄκαιρος
1570 1993 1679 2064 γὰρ
1706 1996 1740 2063 ή

148 2084 547 2154 ἐξομολόγησις
596 2082 693 2135 καὶ
741 2083 775 2151 ή
826 2080 1173 2155 παράκλησις
1220 2080 1322 2133 οὐκ
1372 2078 1430 2131 ἐν
1461 2076 1744 2150 καιρῷτῷ

147 2168 333 2221 δέοντι
364 2165 645 2237 γινομένη.
677 2163 920 2235 Πέμψον,
942 2164 1095 2234 φησί,
1119 2163 1213 2215 τὸν
1236 2161 1488 2232 Λάζαρον
1513 2162 1745 2222 ἐκεῖνον,

146 2252 257 2306 τὸν
280 2253 506 2322 πένητα,
558 2248 617 2301 ὃν
667 2248 774 2319 πρὸ
821 2247 1014 2302 τούτου
1063 2246 1483 2318 ἐϐδελυττόμην,
1534 2238 1579 2313 ᾧ
1638 2245 1747 2297 τῶν

148 2337 356 2407 ψιχίων
388 2337 451 2387 οὐ
487 2332 831 2405 μετεδίδουνο
860 2331 1075 2385 ἐκείνου
1124 2331 1316 2402 δέομαι
1349 2330 1464 2392 νῦν,
1513 2328 1610 2383 καὶ
1657 2326 1748 2381 τὸν

149 2417 421 2474 δάκτυλον
453 2417 659 2469 ἐκεῖνον
683 2414 949 2487 ἐπιζητῶ,
982 2414 1042 2468 ὃν
1072 2415 1121 2467 οἰ
1147 2413 1309 2477 κύνες
1336 2413 1564 2483 ἔλειχον.
1596 2407 1749 2474 Εἶδες

151 2500 279 2563 πῶς
316 2498 656 2553 συνέστειλεν
700 2498 863 2551 αὑτὸν
892 2500 927 2568 ή
979 2498 1257 2569 τιμωρίαά
1305 2493 1459 2563 εἶδες,
1503 2496 1620 2558 πῶς
1668 2497 1750 2558 εἰς

154 2583 348 2636 στενὸν
374 2584 527 2645 τέλος
559 2582 897 2653 κατήντησεν
928 2583 961 2652 ή
992 2581 1310 2651 εὐρύχωρος
1361 2580 1514 2647 ὁδός;
1552 2579 1661 2632 Καὶ
1686 2580 1747 2631 οὐ

154 2665 397 2725 ⁶ποιεῖται
426 2665 563 2735 πρὸς
593 2665 686 2718 τὸν
709 2658 961 2734 Λάζαρον
991 2665 1091 2735 τὴν
1120 2664 1424 2739 ἱκετηρίαν,
1448 2662 1586 2716 ἀλλά
1613 2662 1751 2731 πρὸς

152 2753 254 2805 τὸν
303 2751 673 2821 πατριάρχην.
746 2742 1028 2814 Εἰκότως·
1094 2748 1215 2801 οὐδὲ
1265 2748 1374 2817 γάρ
1430 2746 1751 2814 ἀντιϐλέψαι

155 2835 365 2906 ἐτόλμα
399 2833 475 2903 τῷ
504 2834 720 2903 πένητι.
761 2832 993 2884 Ἐνενόει
1021 2830 1151 2902 γὰρ,
1196 2825 1374 2900 οἶμαι,
1420 2831 1521 2900 τὴν
1544 2829 1752 2882 οἰκείαν

156 2916 585 2988 ἀπανθρωπίαν,
629 2917 725 2969 καὶ
756 2915 817 2967 τὸ
842 2914 1069 2984 ἀνηλεές
1112 2914 1466 2984 λογιζόμενος
1504 2914 1641 2983 ὅπερ
1672 2915 1753 2976 εἰς

156 3002 331 3055 αὑτὸν
362 2991 697 3065 ἐπεδείξατο,
733 3000 1057 3052 ὑπώπτευεν
1086 2997 1250 3050 αὐτὸν
1282 2996 1412 3059 ἴσως
1432 2996 1577 3067 μηδὲ
1617 2996 1754 3048 ἀπο-

159 3086 402 3156 κρίσεως
424 3083 629 3149 ἀξιοῦν.
653 3082 753 3136 Διά
788 3100 870 3135 τοι
898 3081 1057 3146 τρῦτο
1080 3080 1200 3133 οὐδὲ
1223 3079 1359 3151 πρὸς
1393 3079 1555 3142 αὑτὸν
1584 3081 1755 3151 ποιεῖ-

157 3155 255 3222 ται
312 3168 412 3239 τὴν
474 3168 847 3239 παράκλησιν,
902 3166 1040 3220 ἀλλὰ
1082 3164 1175 3218 τὸν
1219 3155 1567 3234 πατριάρχην
1603 3163 1752 3236 [797]

162 3250 426 3305 ἱκετεύει.
471 3252 611 3303 Ἀλλ’
639 3252 790 3320 ὅμως
819 3250 940 3303 ούδέ
969 3249 1145 3311 οὕτως
1177 3248 1442 3317 ἐκέρδανέ
1480 3264 1533 3301 τι
1569 3248 1750 3301 πλέον.

160 3333 433 3387 Τοσοῦτον
465 3334 632 3387 κακόν
656 3335 803 3386 ἐστιν
826 3334 859 3403 ή
888 3331 1137 3401 ἀκαιρία,
1166 3332 1261 3383 καὶ
1284 3332 1345 3384 τὸ
1364 3329 1454 3383 τὸν
1474 3330 1757 3402 δεδομένον

160 3421 298 3489 ἡμῖν
318 3420 425 3488 ’τῆς
453 3418 599 3489 ζωῆς
631 3416 823 3489 καιρὸν
852 3416 1003 3486 παρά
1031 3416 1128 3485 τῆς
1158 3413 1253 3467 τοῦ
1281 3415 1417 3467 Θεοῦ
1449 3414 1758 3485 φιλανθρω-

160 3504 299 3567 πίας
324 3505 402 3566 είς
431 3506 526 3572 τὴν
557 3502 657 3571 τῆς
689 3501 968 3572 ἡμετέρας
1002 3500 1275 3571 σωτηρίας
1321 3501 1578 3553 ὑπόθεσιν
1625 3518 1760 3572 προ-

158 3588 388 3640 διδόναι.
415 3587 574 3639 Ποῖον
595 3585 703 3656 γὰρ
724 3583 1009 3653 ἀδάμαντα
1031 3583 1132 3635 οὐκ
1152 3582 1220 3636 ἂν
1236 3583 1558 3653 κατέκαμψε
1583 3585 1759 3637 ταῦτα

158 3673 511 3743 ’τὰ-ῥήματα,
542 3671 638 3723 καὶ
664 3671 747 3732 εἰς
771 3664 952 3721 οἶκτον
978 3667 1074 3720 καὶ
1121 3667 1470 3737 συμπάθειαν
1502 3669 1710 3739 ἤγαγεν
1741 3686 1756 3734 ;

253 3755 395 3808 Ἀλλ’
434 3757 585 3824 ὅμως
627 3753 749 3806 οὐδὲ
774 3751 948 3816 οὕτως
980 3755 1009 3805 0
1038 3752 1385 3824 πατριάρχης
1415 3752 1658 3805 ἐπινεύει
1690 3755 1757 3823 τῇ

159 3840 407 3910 αἰτήσει,
436 3837 550 3891 ἀλλ’
583 3836 931 3907 ἀποκρίσεως
959 3836 1056 3905 μὲν
1094 3836 1258 3889 αὑτὸν
1302 3837 1464 3901 ἀξιοῖ,
1512 3837 1759 3889 διδάσκει

159 3922 414 3976 δὲίιύτδν
450 3922 531 3973 ὅτι
555 3920 718 3983 αὐτὸς
752 3917 932 3989 ἐαυτῷ
969 3917 1142 3981 αἴτιος
1171 3918 1376 3972 τούτων
1400 3919 1622 3987 ἐγένετο
1649 3920 1759 3975 τῶν

160 4005 376 4060 κακῶν.
407 4006 545 4076 Φησί
572 4003 683 4073 γάρ
709 4002 846 4073 πρὸς
876 4001 1041 4055 αὑτὸν
1071 4004 1099 4055 0
1131 4001 1755 4081 πατριάρχης·Τέκνον,

153 4089 473 4159 μνήσθητι
510 4088 601 4141 ὅτι
630 4087 931 4151 ἀπέλαϐες
956 4084 1029 4138 τὰ
1063 4085 1257 4153 ἀγαθά
1282 4098 1401 4138 σου
1449 4087 1521 4139 ἐν
1544 4085 1619 4155 τῇ
1645 4086 1760 4155 ζωῇ

160 4187 311 4237 σου,
350 4172 447 4225 καί
479 4169 741 4239 Λάᾶιρος
764 4171 979 4239 ὁμοίως
1010 4169 1083 4222 τὰ
1106 4169 1294 4222 κακά’
1327 4169 1443 4223 νῦν
1464 4170 1533 4223 δὲ
1582 4174 1614 4223 d
1642 4170 1761 4238 μέν

161 4254 624 4335 παρακαλεῖται,
677 4253 759 4307 σὺ
800 4252 892 4331 δὲ,
927 4252 1257 4307 όδυνᾶσαιέ
1297 4254 1408 4307 Καὶ
1462 4253 1561 4306 ἐπὶ
1607 4252 1760 4307 πᾶσι
1804 4290 1817 4299 κ

160 4332 408 4403 τούτοις
463 4337 695 4408 μεταξὺ
751 4328 921 4405 ὑμῶν
968 4335 1069 4389 καὶ
1127 4336 1297 4405 ὴμῶν
1348 4336 1556 4405 χάσμα
1605 4337 1761 4408 μέγα

160 4422 537 4490 ἐστήρικται.
552 4422 713 4485 ὅπως
732 4422 783 4472 οἰ
812 4418 1095 4483 θέλοντες
1118 4418 1397 4486 διαϐῆναι
1420 4421 1598 4474 ἐνθεν
1610 4423 1761 4488 πρὸς

161 4506 330 4576 ὑμᾶς
368 4504 456 4574 μὴ
509 4504 840 4565 δύνωνται,.
870 4501 1029 4571 μηδὲ
1060 4504 1113 4555 ol
1143 4502 1374 4557 ἐκεῖθεν
1401 4502 1552 4571 πρὸς
1602 4504 1760 4573 ἡμᾶς

163 4585 520 4657 διαπερῶσι.
547 4586 760 4656 Φοϐερὰ
779 4586 848 4639 τὰ
876 4584 1166 4656 εἰρημένα,
1194 4588 1288 4639 καὶ
1327 4588 1488 4641 ίκανά
1535 4587 1761 4641 καθικέ-

166 4672 307 4726 σθαι
327 4672 434 4724 τῶν
464 4670 589 4723 νοῦν
620 4670 873 4740 ἐχόντων.
907 4670 1029 4722 Ἵνα
1077 4669 1189 4740 γὰρ
1219 4670 1408 4743 διδάξῃ
1452 4673 1639 4733 αὑτὸν,
1677 4674 1761 4725 ὅτι

163 4755 347 4817 αὐτὸς
369 4755 467 4825 μὲν
496 4753 593 4824 τὴν
615 4753 821 4806 οἰκείαν
853 4752 1260 4824 εὐσπλαγχνίαν
1292 4757 1421 4825 περί
1453 4755 1617 4810 αὐτὸν
1641 4757 1763 4809 ἐπι·-

160 4840 439 4901 δσίκνυσι,
470 4838 567 4890 καὶ
612 4839 691 4900 εἰς
722 4833 903 4889 οἶκτον
934 4838 1370 4907 ἐπικάμπτεται,
1408 4840 1553 4911 ὁρῶν
1594 4842 1761 4895 αὐτοῦ

163 4926 271 4995 τῆς
296 4923 571 4985 κολάσεως
598 4925 696 4993 τὴν
724 4921 998 4983 ἐπίτασιν,
1035 4923 1187 4976 οὐδὲν
1214 4922 1270 4975 δὲ
1299 4924 1465 4977 πλέον
1496 4925 1647 4996 αύτῷ
1683 4928 1763 4990 εἰς

166 5008 532 5081 παραμυθίαν
563 5009 807 5075 ἐνεγκεῖν
836 4996 1083 5068 δύναται,
1125 5009 1410 5078 μονονουχὶ
1460 5009 1760 5077 ἀπολογοῦ-

169 5109 337 5166 μενος
371 5090 523 5161 αὐτῷ
558 5088 745 5163 φησιν,
772 5091 852 5157 δτι
889 5089 1223 5161 Ἐϐουλόμην
1248 5091 1408 5161 χεῖρά
1442 5108 1524 5145 σοι
1554 5093 1761 5163 ὀρέξαι,

166 5181 272 5234 καὶ
304 5177 660 5244 ἐπικουφίσαι
686 5192 778 5227 σου
804 5174 899 5236 τὰς
944 5174 1271 5244 ἀλγηδόνας,
1304 5176 1400 5229 καὶ
1432 5175 1543 5229 τῶν
1589 5195 1766 5249 τιμω-

167 5262 310 5335 ριῶν
336 5258 737 5331 ὑποτέμνεσθαι
766 5256 828 5309 τὸ
856 5258 1106 5327 σφοδρὸν,
1133 5258 1269 5312 ἀλλὰ
1297 5258 1585 5329 προλαϐὼν
1605 5261 1766 5325 αὐτὸς

164 5344 382 5412 ταύτης
412 5342 794 5413 ἀπεστέρησας
840 5341 1032 5393 ἑαυτὸν
1090 5342 1191 5409 τῆς
1256 5343 1643 5413 παραμυθίας·
1677 5344 1769 5399 διὰ

165 5428 334 5482 τοῦτό
354 5444 519 5497 φησι·
551 5426 789 5489 Τέκνον,
800 5424 1123 5495 μνήσθητι.
1156 5426 1297 5496 Ὅρα
1314 5426 1407 5478 τοῦ
1429 5429 1766 5501 πατριάρχου

165 5514 275 5584 τὴν
306 5510 649 5580 ἀγαθότητα’
689 5510 877 5562 τέκνον
901 5509 1063 5562 αὑτὸν
1088 5508 1261 5563 καλεί.
1303 5510 1464 5563 Ἀλλὰ
1486 5513 1643 5566 τοῦτο
1667 5514 1768 5584 μὲν

168 5600 275 5668 τὴν
299 5597 617 5668 ἡμερότητα
639 5595 738 5665 τὴν
768 5593 935 5647 αὐτοῦ
959 5595 1202 5664 ἐμφῆναι
1233 5592 1485 5658 δύναται,
1509 5596 1768 5667 οὐδεμίαν

168 5684 232 5737 δὲ
282 5680 435 5750 αὐτῷ
472 5679 721 5750 βοήθειαν
767 5677 999 5749 παρέχει
1026 5677 1113 5730 διὰ
1143 5676 1205 5729 τὺ
1231 5677 1320 5745 ὑφ’
1353 5679 1548 5733 ἑαυτοῦ
1602 5681 1767 5735 αὐτὸν

172 5763 549 5838 προδίδοσθαι.
584 5762 823 5821 Τέκνον,
887 5761 1040 5831 φησὶ,
1083 5760 1388 5829 μνήσθητι
1418 5762 1507 5816 ὅτι
1539 5765 1777 5819 ἀπέλαέ

175 5856 281 5916 ὄιες
312 5851 394 5903 σὺ
425 5850 496 5903 τὰ
526 5848 721 5919 ἀγαθά
761 5862 878 5901 σου
906 5846 977 5899 ἐν
1012 5844 1089 5915 τῇ
1123 5844 1237 5915 ζωῇ
1268 5863 1385 5902 σου
1406 5865 1417 5877 ·
1450 5852 1529 5912 εἰς
1559 5850 1769 5904 ἔννοιαν

177 5941 300 5993 ἐλθὲ
341 5940 451 5993 τῶν
500 5936 898 6008 παρελθόντων.
960 5933 1034 6003 μὴ
1069 5934 1303 6002 ὲπελάθη
1355 5934 1523 6006 πόσης
1552 5941 1767 6007 τρυφῆς

1356 460 1445 517 DE
1483 455 2047 517 LAZABO'CONCIO
2086 460 2201 518 VII.

3292 460 3432 518 £053

1847 571 2190 643 ἀπήλαυσας,
2240 575 2416 648 πόσης
2448 575 2709 641 ἀνέσεως,
2740 575 2914 643 πόσης
2957 576 3280 645 φαντασίας.
3313 577 3434 643 πῶς

1843 658 1903 710 ἐν
1927 660 2346 731 γαστριμαργία
2369 661 2466 714 καί
2491 658 2630 731 μέθῃ
2649 660 2827 714 πάντα
2847 659 2939 712 τὸν
2964 659 3078 729 βίον
3103 660 3432 724 διετέλεσας,

1844 741 1902 795 ἐν
1935 740 2163 805 ἐκείνοις
2190 742 2426 813 νομίζων
2446 739 2586 796 εἷναι
2606 743 2783 797 πάντα
2803 741 2894 797 τὸν
2915 744 3106 804 αἰῶνα,
3124 742 3230 801 καὶ,
3247 744 3434 796 ἐκεῖνα

1843 821 2161 894 ὁριζόμενος
2182 820 2319 879 εἶναι
2334 826 2402 880 τὰ
2419 826 2620 896 ἀγαθά.
2664 825 2798 880 Ἀπὸ
2811 826 2912 896 τῆς
2939 826 3123 894 ψήφου
3145 826 3240 895 τῆς
3268 824 3434 878 αὑτοῦ

1842 905 1943 975 τὴν
1990 906 2283 979 ἀπόκρισιν
2346 909 2484 980 πρὸς
2528 909 3060 983 αὑτὸνβποιήσατο.
3103 910 3270 963 υὺδέν
3323 908 3436 978 γὰρ

1844 988 2055 1052 ἐκεῖνος
2084 983 2288 1061 ὑψηλὸν
2311 991 2740 1062 φανταζόμενος,
2780 991 2905 1067 οὐδὲ
2935 992 3005 1045 τά
3048 993 3313 1063 μέλλοντα
3337 992 3437 1043 αὑ-

1844 1071 1934 1125 τὸν
1960 1072 2305 1143 διαδέχεσθαι
2324 1075 2471 1128 κακά
2493 1076 2599 1147 πρὸ
2616 1075 2727 1130 τῶν
2742 1075 3041 1148 ὀφθαλμῶν
3072 1077 3231 1147 ἔχων,
3252 1078 3438 1129 ἐκεῖνα

1842 1155 2027 1223 ἀγαθὰ
2056 1151 2197 1210 εἶναι
2228 1158 2469 1229 ἐνόμιζε.

1843 1276 1847 1280 ›
1914 1236 1977 1293 ε’.
2005 1238 2177 1292 Τοῦτο
2207 1242 2318 1311 γὰρ
2343 1244 2445 1293 καὶ
2463 1241 2560 1295 νῦν
2582 1241 2713 1306 ἔθος
2734 1241 2917 1311 λέγειν
2942 1244 3057 1305 τοίς
3078 1240 3297 1304 πολλοῖς
3324 1244 3438 1305 τοῖς

1846 1322 1977 1393 περί
2029 1323 2245 1395 τρυφὴν
2275 1326 2374 1378 καί
2422 1324 2521 1394 τὴν
2574 1325 2887 1396 ἀδηφαγίαν
2919 1325 3313 1396 ἐπτοημένοις,
3354 1325 3436 1378 ὅτι

1845 1398 2025 1458 Πολλά
2059 1406 2241 1475 ἀγαθὰ
2270 1408 2611 1478 ἐσχήκαμεν,
2640 1408 2770 1463 ὅταν
2798 1408 3095 1478 βούλωνται
3121 1408 3317 1472 ἀνάξαι
3338 1410 3438 1476 τῆς

1845 1487 2051 1559 πολλῆς
2071 1488 2287 1560 τρυφῆς
2312 1492 2414 1565 τὴν
2447 1490 2724 1545 ἐπίτασιν.
2757 1491 2850 1561 Μὴ
2877 1478 3439 1552 κάλειταῦταὰπλῶς

1844 1571 2047 1640 ἀγαθὰ,
2067 1572 2346 1644 ἄνθρωπε,
2388 1574 2585 1628 ἐννοῶν
2614 1575 2699 1629 ὅτι
2747 1574 2926 1629 ταῦτα
2957 1575 3057 1646 μὲν
3090 1574 3247 1645 ἐδόθη
3283 1574 3441 1644 παρὰ
3530 1626 3539 1641 _,

1844 1654 2267 1723 τοῦΔεσπότου,
2296 1659 2383 1711 ἵνα
2409 1660 2511 1730 τῆς
2533 1660 2883 1731 συμμετρίας
2914 1659 3305 1729 ἀπολαύοντες,
3336 1661 3439 1730 τὴν

1848 1738 2110 1807 σύστασιν
2143 1742 2358 1814 ἔχωμεν
2381 1742 2481 1813 τῆς
2512 1743 2683 1813 ζωῆς,
2716 1744 2813 1797 καί
2861 1743 2959 1815 τὴν
2998 1744 3285 1797 ἀσθένειαν
3317 1743 3438 1797 δια-

1846 1824 2140 1899 κρατῶμεν
2159 1824 2249 1878 τοῦ
2266 1824 2537 1896 σώματος’
2563 1825 2726 1898 ἕτερα
2752 1826 2810 1880 δέ
2826 1829 2942 1880 ἐστι
2962 1826 3028 1880 τὰ
3047 1824 3214 1888 ὅντως
3234 1826 3437 1895 ἀγαθά.

1918 1906 2086 1961 Οὐδὲν
2114 1908 2230 1980 γὰρ
2274 1908 2481 1963 τούτων
2498 1908 2724 1976 ἀγαθὸν,
2748 1910 2809 1965 οὐ
2834 1910 3038 1980 τρυφὴ,
3085 1911 3147 1963 οὑ
3183 1909 3436 1973 πλοῦτος,

1846 1991 1949 2046 οὐκ
2005 1993 2233 2064 ἐσθῆτος
2295 1992 2639 2059 πολυτέλεια,
2689 1993 2805 2046 ἀλλ’
2860 1992 3033 2064 ὄνομα
3093 1986 3255 2064 μόνον
3301 1993 3438 2064 ἔχει.

1847 2076 1914 2130 Τί
1946 2074 2005 2129 δέ
2030 2075 2175 2144 λέγω
2203 2076 2374 2147 ὄνομα
2415 2076 2579 2147 μόνον
2618 2075 2773 2146 ἔχεις
2818 2076 2993 2129 ταῦτα
3036 2076 3137 2146 μὲν
3169 2074 3263 2131 οὖν
3306 2077 3443 2130 πολρ

1846 2158 2006 2225 λάκις
2061 2160 2155 2213 καὶ
2200 2159 2423 2231 ὀλέθρου
2465 2161 2598 2231 ἡμῖν
2628 2160 2780 2214 αῐτια
2815 2160 3050 2228 γίνεται,
3106 2161 3329 2215 ἐπειδὰν
3365 2162 3443 2233 μὴ

1846 2242 2095 2306 δεόντως
2122 2242 2308 2306 αὐτοῖς
2371 2242 2731 2314 χρησώμεθα.
2778 2244 2838 2297 ὐ
2884 2244 2996 2316 γὰρ
3048 2244 3281 2309 πλοῦτος
3318 2245 3442 2302 τότε

1840 2325 1916 2380 ἂν
1971 2326 2182 2395 γένοιτο
2212 2326 2417 2394 ἀγαθὸς
2441 2326 2521 2397 τῷ
2550 2326 2897 2397 κεκτημένῳ,
2938 2328 3071 2380 ὅταν
3091 2328 3167 2398 μὴ
3190 2329 3270 2391 εἰς
3295 2344 3437 2399 τρυ-

1850 2412 2178 2483 φὴν;,μόνον
2226 2410 2389 2464 αὑτὸν
2447 2410 2738 2484 ἀναλίσκῃ,
2796 2411 2933 2481 μηδὲ
2990 2413 3073 2475 εἰς
3128 2412 3302 2483 μέθην
3347 2411 3443 2463 καί

1850 2497 1951 2559 τὰς
1988 2494 2304 2557 ἐπιϐλαϐεῖς
2328 2495 2542 2564 ἡδονὰς,
2569 2492 2686 2557 ἀλλ’
2712 2496 2861 2549 ὅταν
2906 2497 3023 2567 τῆς,
3045 2497 3260 2567 τρυφῆς
3301 2513 3445 2567 συμ-

1855 2580 2069 2652 μέτρως
2105 2578 2417 2642 ἀπολαύων,
2474 2578 2544 2631 τά
2572 2578 2733 2631 λοιπὰ
2789 2580 2871 2642 εἰς
2897 2580 2997 2642 τὰς
3040 2578 3147 2631 τῶν
3198 2568 3445 2650 πενήτων

1850 2664 2084 2734 διανέμῃ
2134 2662 2431 2733 γαστέρας,
2482 2661 2604 2725 τότε
2662 2662 2870 2731 ἀγαθὸν
2900 2666 2936 2734 ρ
2985 2662 3235 2727 πλοῦτος.
3279 2657 3343 2717 Εἰ
3385 2665 3447 2719 δὲ

1856 2747 2043 2817 μέλλοι
2076 2764 2161 2810 τις
2189 2749 2369 2818 τρυφῇ
2408 2749 2601 2801 ἑαυτὸν
2634 2745 2790 2819 [798]
2810 2748 3082 2802 ἐκδιδόναι
3109 2740 3208 2802 καὶ
3226 2751 3292 2819 τῇ
3307 2746 3448 2823 ἄλλῃ

1853 2830 2086 2900 ἀσωτίᾳ,
2146 2830 2207 2896 ού
2267 2830 2429 2899 μόνον
2479 2830 2632 2883 οὐδὲν
2676 2830 2840 2883 αὑτὸν
2890 2830 3153 2903 ὀνίνησιν.
3186 2831 3321 2885 ἀλλά
3351 2834 3448 2886 καὶ

1854 2916 1936 2977 εἰς
1970 2910 2138 2984 βαθὺν
2176 2915 2433 2985 ,κρημνὸν
2468 2915 2734 2982 κατᾶγεν
2773 2914 2803 2967 ὃ
2844 2915 2907 2985 δὴ
2958 2916 3053 2989 καί
3088 2902 3135 2968 ¹ό
3189 2914 3447 2981 πλούσιος

1854 2992 2010 3060 οὗτος
2056 2995 2311 3050 πέπονθε.
2393 2997 2479 3050 Διό
2542 3013 2709 3068 φησιν
2768 2997 2920 3068 αὐτῷ
2980 2998 3009 3049 ό
3059 3000 3443 3071 πατριάρχης·

1861 3083 2104 3145 Τέκνον,
2163 3080 2461 3150 μνήσθητι
2485 3080 2585 3139 ὅτιΔ
2624 3081 2927 3147 ἀπέλαϐες
2980 3084 3054 3135 τὰ
3108 3084 3302 3153 ἀγαθά
3326 3094 3448 3140 σου

1855 3166 1925 3220 ἐν
1957 3166 2032 3233 τῇ
2079 3164 2190 3233 ζωῇ
2240 3180 2377 3219 σου.
2424 3166 2637 3220 Ἐκεῖνα
2691 3164 2728 3219 ἀ
2780 3165 3031 3236 ἐνόμιζες
3088 3162 3228 3220 εἶναι
3276 3168 3447 3234 ὅντως

1856 3249 2057 3319 ἀγαθὰ,
2090 3246 2265 3303 ταῦτα
2329 3249 2621 3313 ἀπέλαϐες,
2669 3249 2765 3302 καί⁵
2806 3248 3059 3319 Λάζαρος
3117 3252 3325 3321 ὁμοίως
3381 3254 3451 3305 τὰ

1860 3333 2032 3396 κακὰ,
2090 3335 2191 3386 οὑκ
2268 3331 2461 3403 ἐπειδὴ
2524 3331 2780 3405 Λάζαρος
2814 3327 2962 3386 αύτά
3014 3334 3162 3388 κακά
3206 3335 3447 3405 ἐνόμιζε,

1862 3422 1937 3492 μὴ
1965 3420 2199 3488 γένοιτο·
2248 3420 2362 3474 ἀλλ’
2412 3421 2529 3491 ,ἀπὸ
2578 3426 2680 3494 τῆς
2704 3484 2711 3491 _
2732 3423 2915 3497 ψήφου
2935 3422 3030 3478 τοῦ
3059 3421 3318 3475 πλουσίου
3352 3426 3450 3497 καὶ

1857 3503 2017 3557 τοῦτο
2043 3504 2346 3574 ἐπήγαγεν.
2395 3504 2634 3569 Ἐκεῖνος
2663 3504 2774 3576 γὰρ
2802 3496 2805 3497 ν
2834 3505 3041 3577 ταύτην
3110 3505 3237 3577 παρ’
3269 3496 3451 3577 ἑαυτῷ

1860 3586 2116 3657 κυρώσας
2141 3588 2242 3657 τὴν
2274 3587 2474 3656 ψῆφον,
2499 3587 2590 3640 τόν
2614 3587 2723 3659 μὲν
2748 3587 2979 3643 πλοῦτον
3008 3590 3100 3642 καὶ
3119 3590 3215 3659 τὴν
3239 3590 3450 3661 τρυφὴν

1862 3672 1958 3725 καὶ
1982 3665 2089 3742 τῆν’
2125 3671 2423 3725 ἀκολασίαν
2456 3672 2551 3725 καὶ
2604 3672 2702 3743 τὴν
2740 3672 2913 3741 ἀλλην
2973 3672 3236 3743 βλακείαν
3265 3670 3449 3743 ἀγαθά

1862 3754 2103 3825 ἐνόμιζε,
2130 3754 2251 3825 ’τὴν
2287 3755 2345 3808 δὲ
2375 3755 2565 3808 πενίαν
2594 3756 2689 3809 καί
2736 3756 2829 3809 τὸν
2854 3756 3013 3825 λιμὸν
3045 3756 3137 3809 καί¹
3161 3757 3260 3827 τὴν
3290 3757 3454 3828 χαλε-

1861 3839 1969 3908 πὴν
2010 3838 2323 3909 ἀρρωστίαν
2368 3838 2517 3891 κακά
2593 3836 2937 3895 ὑπώπτευεν.
3008 3841 3096 3904 Ὠς
3141 3836 3234 3894 οῦν
3288 3843 3460 3897 αὐτδν

1862 3922 2269 3993 ὑπελάμϐανες,
2322 3924 2417 3975 καί
2469 3922 2566 3991 τὴν
2618 3916 2962 3993 ἐψευσμένην
3012 3923 3194 3995 κρίσιν
3234 3924 3456 3995 ἐκείνην

1862 4002 2029 4077 εἰχες,
2070 4007 2341 4077 μνήσθητι
2368 4007 2449 4058 ὄτι
2491 4006 2634 4065 κατά
2675 4007 2776 4078 τὴν
2811 4006 2909 4077 σὴν
2956 4006 3138 4076 ψῆφον
3166 4008 3260 4061 καὶ
3288 4008 3353 4061 σὺ
3382 4009 3454 4062 τὰ

1832 4127 1845 4142 ι
1863 4088 2048 4157 ἀγαθά
2074 4090 2261 4141 ἐκεῖνα
2278 4088 2571 4151 ἀπέλαϐες,
2609 4089 2710 4158 τὴν
2734 4088 2993 4143 πλατεῖαν
3023 4091 3117 4143 καί
3137 4090 3453 4162 εὐρύχωρον

1862 4171 2091 4238 ὁδεύσας
2111 4171 2251 4232 ὁδὸν,
2285 4170 2649 4240 καὶΛάζαρος
2678 4171 2881 4239 ὁμοίως
2912 4172 2980 4223 τὰ
3003 4172 3148 4224 κακά
3178 4174 3322 4226 κατὰ
3360 4175 3456 4229 τὸν

1866 4257 1956 4308 σὸν
1984 4254 2163 4324 λόγον,
2211 4254 2311 4324 τὴν
2366 4258 2562 4323 στενὴν
2612 4252 2788 4324 πύλην
2818 4252 2914 4306 καὶ
2957 4254 3057 4324 τὴν
3082 4254 3454 4326 τεθλιμμένην

1866 4338 2091 4409 βαδίσας
2119 4337 2257 4390 ὁδόν.
2291 4336 2444 4389 Ἐπεὶ
2491 4331 2586 4391 οὖν
2618 4337 2684 4389 σὺ
2721 4336 2821 4406 μὲν
2854 4337 2924 4389 τὰ
2967 4339 3236 4407 προοίμια
3289 4338 3453 4407 μόνον

1864 4420 2005 4487 εἶδες
2040 4422 2136 4492 τῆς
2167 4420 2314 4489 ὁδοῦ,
2351 4415 2507 4482 οὗτος
2549 4420 2606 4491 δέ
2650 4420 2745 4472 καὶ
2795 4414 2931 4490 πρὸς
2967 4420 3030 4473 τὸ
3072 4422 3225 4486 τέλος
3280 4423 3451 4493 ἐώρα,

1863 4508 2017 4560 οὐδὲν
2071 4506 2179 4560 ἀπὸ
2216 4505 2312 4557 τοῦ
2344 4504 2632 4576 προοιμίου
2664 4504 2764 4574 τῆς
2788 4502 2909 4556 ὁδοῦ
2953 4504 3454 4576 γινόμενος-ὀκνη-

1867 4578 2110 4663 ρότερος,
2137 4589 2233 4659 διὰ.
2273 4587 2434 4641 τοῦτο
2461 4586 2556 4640 νῦν
2585 4585 2822 4640 ἐνταῦθα
2852 4587 3277 4657 παρακαλεῖται,
3315 4591 3379 4642 σὺ
3398 4592 3454 4645 δὲ

1864 4676 2139 4738 ὀδυνᾶσαι,
2172 4672 2266 4729 καὶ
2298 4670 2631 4734 ἀπεναντίας
2659 4670 2911 4742 ἀλλήλοις
2941 4670 3004 4724 τὸ
3060 4672 3215 4737 τέλος
3253 4675 3457 4746 κατήν-

1865 4775 2053 4830 τησεν.
2100 4757 2285 4810 Εἴδετε
2329 4755 2395 4809 δι’
2422 4755 2601 4808 αὐτῶν
2636 4754 2749 4808 τῶν
2785 4756 3131 4826 πραγμάτων
3165 4760 3263 4829 τῆς
3294 4759 3456 4831 εὐρυ-

1866 4842 2045 4913 χώρου
2099 4841 2197 4893 καὶ
2242 4838 2505 4903 πλατείας
2546 4838 2667 4891 ὁδοῦ
2708 4838 2770 4891 τὸ
2830 4838 3006 4901 τέλος,
3063 4840 3298 4909 ἐμάθετε
3353 4844 3456 4914 τῆς

1866 4927 2062 4996 στενῆς
2091 4923 2267 4994 πύλης
2289 4923 2384 4975 καί
2409 4922 2507 4992 τῆς
2520 4920 2889 4991 τεθλιμμένης
2911 4920 3034 4975 ὁδοῦ
3055 4914 3203 4985 ὅπως
3216 4925 3457 4995 χρηστὸν

1857 5011 1926 5061 ’τὸ
1960 5010 2136 5081 πέρας
2162 5007 2380 5073 ἐδέξατο
2429 5007 2520 5058 τὸν
2576 5004 2787 5075 ταύτην,
2834 5005 3124 5076 ἐλόμενονο
3181 5009 3456 5064 ἀκούσατε

1866 5093 1931 5164 δὴ
1965 5092 2138 5147 καὶτὸ
2165 5089 2539 5162 φοϐερώτερον
2561 5107 2574 5120 ’
2593 5088 2707 5142 Kal
2725 5089 2823 5143 ἐπὶ
2845 5089 3018 5154 πᾶσι,
3046 5091 3201 5163 φησί,
3221 5096 3458 5163 τούτοις

1861 5175 2092 5248 μεταξὺ
2136 5173 2306 5245 ἡμῶν
2354 5177 2451 5228 καὶ
2482 5173 2653 5243 ὑμῶν
2679 5173 2887 5243 χάσμα
2904 5181 3059 5244 μέγα
3084 5177 3456 5247 ἐστήρικται,

1869 5262 2030 5327 ὅπως
2061 5261 2116 5314 οἰ
2159 5259 2442 5320 θέλοντες
2465 5254 2935 5324 διαϐῆναιένθεν
2964 5258 3092 5312 ἐκεῖ
3107 5261 3194 5329 μὴ
3226 5261 3460 5317 δύνων-

1868 5363 1986 5412 ται,
2019 5343 2177 5415 μηδὲ
2228 5346 2283 5397 οι
2325 5342 2557 5396 ἐκεῖθεν
2601 5341 2755 5409 πρὸς
2782 5341 3301 5413 ἡμᾶςδιαπερῶσι.
3362 5350 3458 5421 Μὴ

1870 5430 2058 5493 ἁπλῶς
2108 5426 2581 5499 παραδράμωμεν,
2630 5426 2932 5495 ἀγαπητοὶ,
2984 5427 3047 5480 τὸ
3085 5427 3297 5498 λεχθὲν,
3342 5432 3459 5487 ἀλλ’

1871 5515 2213 5583 ἐννοήσωμεν
2283 5510 2390 5564 τῶν
2469 5509 2770 5580 λεχθέντων
2826 5509 2925 5580 τὴν
2982 5511 3308 5583 ἀκρίϐειαν,
3362 5517 3461 5570 καὶ

1870 5601 2003 5669 ὅσης
2054 5593 2319 5651 ἀπολαύει
2375 5596 2474 5663 τῆς
2536 5592 2703 5663 τιμῆς
2769 5593 2867 5647 καὶ
2931 5593 3032 5664 τῆς
3086 5598 3381 5668 προεδρίας
3431 5601 3461 5653 0

1874 5682 2026 5755 παρά
2066 5682 2154 5733 τὸν
2184 5677 2409 5731 πυλῶνα
2437 5675 2796 5747 ἐρριμμένος,
2828 5675 2856 5729 0
2894 5676 3463 5757 ebxatacppdvqtog,_6

1874 5768 2063 5836 πένης,
2106 5768 2134 5819 ὁ
2168 5766 2245 5833 τῷ
2293 5761 2440 5832 λιμῷ
2480 5759 2745 5830 διηνεκῶς
2779 5760 3046 5825 παλαίων,
3074 5765 3102 5815 0
3130 5766 3243 5828 τοῖς
3278 5765 3462 5820 ἕλκεσι

1876 5849 2355 5922 πολιορκούμενος,
2379 5850 2407 5900 0
2430 5848 2542 5908 τοῖς
2562 5844 2690 5898 κυσὶ
2721 5838 3105 5915 προκείμενος.

1960 5937 2163 6002 Ἰιδέως
2192 5936 2300 6004 γὰρ
2349 5934 2522 5986 ταῦτα
2556 5929 2794 6004 ’στρέφω
2843 5932 3104 6001 συνεχῶς,
3146 5932 3233 5987 ἵνα
3269 5933 3460 6004 μηδεὶς
