4122 6334
186 468 210 520 -Ι
223 465 332 520 O53

171 571 328 628 enim
367 576 506 628 lianc
537 586 651 626 rem
681 569 930 624 oratione
954 582 1099 636 stupe
1128 579 1310 631 verm,
1333 573 1392 618 ut
1413 543 1660 620 nemo‘cx
1684 562 1793 616 illis

172 667 272 725 qui
306 673 546 735 egestate
567 664 650 716 vel
681 661 885 716 morbis
909 667 965 714 et
991 658 1132 712 fame
1165 665 1502 727 premuntur,
1529 671 1590 710 se
1615 664 1795 711 conte-

159 763 352 819 mnat,
385 767 440 812 et
467 755 703 825 seipsum
754 754 1011 806 miserum
1050 751 1368 816 arbitretur;
1398 750 1492 805 sed
1533 751 1796 818 patienter

183 857 234 902 et
274 866 400 904 cum
438 847 733 918 gratiarum
780 842 1012 900 actio'ne-
1037 835 1230 898 cuncta
1258 843 1436 898 ferens
1462 886 1477 908 ,
1514 843 1651 898 bona
1698 858 1794 912 spe

176 938 466 1002 fo-mtur,
517 952 573 994 et
619 941 706 994 illa
751 943 872 1008 qua:
915 939 1075 992 nullis
1101 937 1328 1007 exprimi
1371 935 1551 991 verbis
1592 946 1798 1007 queunt

182 1035 412 1100 pra-mia
437 1074 452 1096 ,
487 1031 838 1099 laborumque
882 1031 1344 1084 remuneratidues
1385 1036 1681 1098 exspectet.
1727 1028 1796 1081 Et

176 1125 253 1178 ud
283 1130 389 1179 Im
416 1125 604 1197 quinia.
627 1122 767 1190 Quid
793 1133 895 1188 est,
925 1122 994 1174 ad
1013 1123 1123 1176 [uec
1142 1121 1356 1176 omnia?
1374 1120 1507 1176 Cum
1533 1121 1792 1176 dixisset:

178 1229 241 1270 tu
265 1218 479 1288 quidem
505 1219 557 1270 in
581 1218 690 1296 hac
718 1218 824 1272 vita
851 1226 1042 1296 cuncta
1070 1217 1342 1286 recepisti,
1369 1230 1490 1286 qua:
1509 1223 1636 1270 esse
1657 1215 1796 1270 bona

181 1326 406 1376 censes,
433 1321 488 1365 et
517 1291 605 1365 hic
635 1325 696 1364 ea
727 1310 961 1379 recepit,
985 1291 1104 1379 qua:
1133 1319 1187 1362 tu
1218 1308 1357 1366 mala
1382 1323 1503 1362 esse
1523 1307 1760 1362 ducebas
1778 1345 1795 1370 ,

178 1405 293 1458 hoc
335 1404 567 1473 adjecit,
603 1411 661 1457 ut
703 1418 829 1459 eum
876 1403 1094 1457 doceret
1114 1395 1594 1470 ,unumquemque
1634 1398 1796 1452 ﬁnem

179 1498 291 1551 sibi
323 1499 732 1551 convenientem
760 1496 1040 1563 excepisse
1071 1496 1137 1547 ad
1170 1493 1286 1548 hmc
1309 1492 1486 1547 omnia
1514 1507 1634 1562 qua:
1653 1490 1796 1544 dicta

177 1597 378 1651 erant:
408 1599 458 1642 te
497 1587 713 1658 quidem
761 1601 863 1639 uua
908 1579 1031 1640 cum
1073 1583 1263 1650 bonis,
1311 1583 1508 1654 quibus
1561 1591 1612 1636 te
1638 1580 1798 1651 potiri

180 1680 522 1761 arbitrabare
542 1721 557 1742 ,
591 1678 812 1733 afflictio
837 1687 892 1732 et
921 1678 1186 1748 angustize
1205 1717 1221 1740 ,
1254 1684 1310 1730 et
1339 1675 1478 1747 ignis
1507 1675 1598 1742 qui
1639 1687 1799 1726 num-

180 1789 350 1843 quam
370 1773 764 1843 exstinguitur:
790 1770 933 1826 hunc
955 1780 1135 1825 autem
1160 1776 1508 1838 posteaquam
1538 1775 1650 1820 toto
1675 1765 1801 1819 vine

183 1849 305 1918 sua:
345 1876 584 1935 tetuporre
629 1862 970 1918 conﬂictatus
1011 1871 1095 1917 est
1125 1862 1223 1926 iis,
1249 1877 1368 1931 qua:
1401 1871 1456 1913 tu
1492 1858 1632 1913 mala
1680 1873 1801 1922 esse

182 1955 469 2020 censebas,
497 1955 743 2025 voluptas
769 1965 823 2010 et
851 1955 1114 2009 bonorum
1147 1952 1508 2022 participatio,
1539 1960 1595 2005 et
1619 1964 1796 2004 :evum

185 2047 337 2117 quod
364 2063 487 2101 cum
515 2046 720 2100 sanctis
749 2047 932 2109 ducit;
961 2044 1201 2115 excepit.
1227 2043 1454 2112 Quando
1480 2043 1642 2112 igitur
1666 2045 1800 2095 euit-

187 2142 499 2195 vcnientem
530 2139 900 2208 unusquisque
927 2137 1092 2191 ﬁnem
1120 2136 1342 2193 sortitus
1368 2143 1484 2197 est,
1517 2143 1572 2188 et
1607 2142 1659 2188 te
1691 2133 1803 2204 qui.-
1834 2131 1841 2136 ’

187 2234 320 2290 dem
366 2245 515 2302 porta
565 2234 668 2287 lata
699 2242 755 2288 et
783 2233 1019 2301 spatiosa
1049 2217 1133 2294 via
1179 2231 1232 2284 in
1273 2229 1371 2283 has
1407 2229 1678 2298 angustias
1703 2229 1806 2282 de-

188 2326 348 2379 duxit
375 2343 391 2379 :
426 2327 569 2379 hunc
593 2311 770 2377 autem
801 2331 1023 2394 angusta
1047 2331 1102 2375 et
1127 2332 1273 2377 arcta
1299 2322 1364 2375 ad
1399 2322 1537 2377 hanc
1558 2321 1807 2388 volupta-

192 2428 302 2472 tem
335 2419 595 2486 provexit.
629 2415 698 2469 Et
730 2417 798 2469 ad
821 2417 930 2470 licet:
965 2416 1137 2470 omnia
1158 2416 1292 2469 inter
1319 2431 1410 2467 nos
1442 2424 1491 2467 et
1519 2430 1607 2468 vos
1640 2415 1806 2466 hiatus

191 2527 412 2580 magnus
437 2511 737 2562 constitutus
764 2499 860 2562 est.
890 2507 1026 2562 Vide
1056 2522 1367 2577 pauperem,
1402 2505 1671 2560 ulceribus
1696 2506 1807 2573 ple-

170 2618 351 2665 mum,
379 2615 566 2655 rursus
595 2601 738 2654 enim
767 2599 883 2654 haec
907 2600 1048 2665 dico,
1073 2615 1197 2653 cum
1227 2597 1529 2667 patriarcha
1557 2612 1808 2662 numera-

196 2700 312 2747 tum
333 2734 348 2756 ,
380 2702 434 2746 et
464 2694 516 2746 in
547 2702 747 2747 emtum
789 2692 1059 2760 justorum
1099 2679 1465 2760 aggregatmn.
1505 2688 1643 2762 Nam
1676 2690 1808 2741 inter

195 2802 291 2839 nos
314 2796 364 2838 et
387 2801 506 2850 vos,
535 2786 725 2853 inquit.
754 2784 916 2838 Vides
941 2798 1100 2851 quam
1128 2782 1252 2835 vita:
1285 2781 1648 2835 conditionem
1685 2795 1806 2834 sor-

198 2878 330 2931 titus
371 2878 443 2932 sit
484 2877 564 2942 is,
611 2877 701 2946 qui
746 2892 868 2930 cum
912 2875 1170 2944 patientia
1195 2883 1251 2928 et
1274 2875 1564 2942 gratiarum
1596 2873 1812 2926 actione

194 2976 418 3041 gravem
463 2970 613 3024 illum
657 2971 904 3023 niurhum
955 2970 1129 3023 fuerat
1168 2968 1470 3036 famemque
1500 2981 1804 3036 perpessus.

199 3061 348 3116 Nam
371 3063 503 3116 inter
531 3079 623 3115 nos
648 3072 693 3114 et
720 3079 826 3127 vos,
852 3062 1042 3130 inquit,
1071 3062 1241 3113 hiatus
1263 3071 1480 3130 magnus
1513 3059 1810 3112 constitutus

195 3162 298 3208 at.
342 3153 607 3223 Magnum,
639 3163 754 3218 est,
803 3154 1003 3223 inquit,
1051 3152 1194 3225 quod
1219 3167 1332 3205 nos
1372 3152 1604 3215 dirimit,
1636 3166 1811 3220 neque

197 3245 521 3314 simpliciter
542 3245 740 3315 hiatus,
758 3245 855 3299 sed
877 3237 1120 3314 magnus.
1145 3243 1282 3297 Vere
1301 3257 1532 3312 namque
1557 3258 1810 3311 magnum

199 3346 289 3390 est
319 3337 459 3390 inter
484 3343 733 3390 virtutem
765 3344 820 3390 et
849 3337 1035 3390 vitium
1064 3335 1408 3389 intervallum
1431 3377 1444 3400 ,
1475 3336 1810 3404 multumque

199 3428 496 3482 discrimen
523 3447 535 3482 :
559 3428 824 3497 siquidem
856 3428 960 3483 hoc
985 3428 1149 3482 latum
1178 3438 1232 3482 et
1260 3429 1554 3497 spatiosum
1584 3437 1684 3493 est,
1721 3426 1809 3482 illa

200 3535 342 3573 vero
363 3531 509 3574 arcta
531 3529 585 3574 et
607 3530 842 3590 angusta
865 3537 882 3575 :
905 3521 1152 3589 voluptas
1179 3520 1286 3574 lata
1305 3531 1361 3574 et
1383 3521 1614 3588 spatiosa
1643 3539 1656 3573 :
1681 3535 1814 3589 pau-

198 3622 389 3684 pertas
432 3623 610 3666 autem
653 3622 709 3668 et
750 3614 971 3683 penuria
999 3624 1144 3668 arcta
1177 3624 1232 3669 et
1271 3624 1516 3684 augusta.
1551 3613 1622 3670 Ut
1652 3614 1813 3683 igitur

203 3708 298 3762 hic
319 3708 603 3761 contraria:
629 3718 753 3761 sunt
785 3710 883 3761 vim
903 3750 918 3774 ,
952 3716 1008 3763 et
1031 3708 1120 3763 hic
1147 3709 1364 3779 quidem
1385 3750 1400 3770 ,
1428 3710 1516 3777 qui
1539 3709 1813 3778 virginita-

201 3811 318 3853 tem
343 3799 526 3867 elegit,
555 3813 652 3868 per
676 3807 955 3867 angustam
988 3809 1042 3854 et
1067 3809 1269 3853 arctam
1298 3799 1528 3861 incedit,
1560 3800 1685 3853 item
1716 3801 1811 3869 qui

198 3896 507 3948 castitatem
537 3894 841 3963 profitetur,
867 3896 956 3963 qui
989 3904 1357 3964 paupertatem
1385 3894 1667 3962 amplexus
1691 3904 1809 3957 est,

200 3995 264 4038 et
288 3987 376 4054 qui
405 4000 597 4038 vanam
628 3985 849 4054 gloriam
872 3993 1232 4054 aspernatur:
1261 3985 1354 4039 ille
1384 4000 1511 4040 vero
1531 3984 1626 4056 per
1650 3986 1810 4039 latam

201 4086 264 4131 ct
301 4077 591 4144 spatiosum
645 4092 870 4146 pergere
912 4075 1202 4142 festinans,
1246 4077 1532 4142 ebrietati,
1572 4078 1808 4143 deliciis,

204 4168 560 4236 pecuniarum
609 4168 800 4222 insano
844 4169 1046 4234 amori,
1100 4169 1367 4234 lasciviae,
1400 4184 1466 4224 ac
1496 4169 1813 4237 perniciosis

202 4259 530 4323 spectaculis
554 4259 788 4328 seipsum
815 4259 1048 4337 addicit,
1077 4270 1132 4315 et
1159 4259 1386 4313 multum
1429 4261 1568 4314 inter
1607 4271 1814 4314 utrum-

202 4364 315 4420 que
340 4349 633 4406 discrimen
673 4352 912 4407 occurrit
939 4370 954 4408 :
981 4352 1064 4408 sic
1090 4351 1344 4408 nimirum
1380 4361 1434 4408 et
1473 4351 1530 4407 in
1571 4361 1814 4423 tempore

912 459 1235 514 ASCETAM
1277 432 1588 512 manus
1621 457 1746 511 tm
1783 457 1921 514 NON
1963 456 2256 517 aeneas.
2290 489 2360 500 —
2393 454 2713 513 MONITUM

3360 458 3500 514 1058

1901 562 2149 634 supplicii
2175 580 2248 621 ac.
2266 566 2632 623 retributionis
2667 568 2892 623 multam
2940 567 3084 624 inter
3119 568 3338 638 praemia
3376 585 3505 639 pos-

1902 672 2090 710 sumus
2104 657 2460 713 differentiam
2485 659 2744 714 invenire.
2774 658 2964 714 Hiatus
2985 661 3119 714 enim
3143 678 3359 732 magnus
3385 679 3508 717 con-

1901 755 2107 806 stitutus
2152 762 2223 806 est
2260 755 2393 806 inter
2437 770 2564 816 nos,
2612 754 2716 808 hoc
2759 762 2875 817 est,
2908 754 3048 808 inter
3066 753 3275 822 justos,
3310 756 3508 810 virtute

1903 848 2181 917 prmditos,
2211 848 2301 916 qui
2328 846 2689 902 conditionem
2729 846 2874 900 illam
2911 847 3035 900 vitze
3061 844 3236 900 sortiti
3267 857 3426 909 sunt,
3461 859 3510 900 ιε

1901 956 2010 1004 vos,
2042 940 2147 995 hoc
2171 950 2275 1005 est,
2307 940 2395 1010 qui
2424 939 2520 993 toti
2547 940 2677 994 estis
2715 940 2947 1015 nequitia
2975 948 3028 992 et
3057 937 3353 992 sceleribus
3375 954 3507 992 coo-

1903 1035 2063 1109 pertit
2094 1031 2352 1101 Adeoqne
2379 1047 2605 1102 magnus
2633 1039 2716 1084 est
2743 1029 2940 1093 hiatus,
2967 1028 3035 1084 Ut
3058 1034 3216 1098 neque
3239 1032 3510 1099 quisquam

1901 1145 2079 1184 eorum
2104 1128 2192 1197 qui
2217 1128 2300 1180 hic
2336 1127 2643 1188 consistunt,
2676 1125 2745 1177 ad
2774 1139 2859 1178 vos
2885 1124 3104 1186 transire
3134 1124 3321 1191 possit.
3350 1139 3513 1193 neque

1902 1224 1973 1277 ad
2001 1239 2092 1276 nos
2117 1222 2238 1276 inde
2277 1229 2604 1276 trananteare.
2636 1219 2799 1273 Vides
2830 1219 3002 1272 hiatus
3043 1217 3466 1285 magnitudinem
3497 1257 3513 1280 ,

1903 1316 2054 1370 vides
2077 1329 2396 1383 responsum
2422 1312 2669 1381 gehenna
2695 1312 2930 1382 gravius.
2954 1310 3143 1364 Nonne
3181 1326 3210 1363 a
3251 1310 3512 1379 principio

1903 1422 2024 1461 cum
2053 1406 2463 1476 prosperitatem
2484 1402 2664 1456 divitis
2684 1401 2964 1466 audiretis,
2989 1410 3043 1454 et
3067 1401 3382 1470 obsequium
3403 1416 3512 1470 quo

1904 1499 2183 1554 colebatur
2211 1496 2580 1559 abmmnibus,
2612 1495 2869 1550 Satellitio
2897 1496 3126 1562 stipatus
3147 1536 3159 1555 ,
3188 1502 3244 1547 et
3270 1492 3511 1562 quotidie

1904 1590 2115 1646 deliciis
2144 1584 2427 1654 addictus,
2447 1588 2820 1643 beatissimum
2864 1602 2986 1641 esse
3029 1587 3174 1639 illum
3215 1585 3514 1640 arbitraba-

1905 1682 2073 1737 min'L?
2101 1681 2308 1736 Rursus
2338 1680 2464 1735 dum
2495 1694 2787 1748 pauperem
2832 1694 2930 1747 pro
2973 1678 3177 1732 foribus
3201 1678 3470 1746 ahjeetum
3491 1719 3510 1742 ,

1906 1784 1962 1829 et
1989 1773 2243 1844 gravibus
2272 1772 2378 1826 illis
2401 1773 2707 1840 expositum
2739 1771 3016 1844 ulceribus
3032 1773 3352 1836 cerneretis,
3379 1787 3514 1824 non-

1908 1880 1975 1918 ne
2001 1848 2250 1919 miseram
2273 1863 2390 1933 ejus
2413 1863 2578 1916 vitam
2604 1839 2909 1930 pntahatis’?
2930 1863 2998 1916 At
3023 1877 3149 1916 ecce
3171 1862 3284 1932 jam
3306 1862 3375 1936 ab
3396 1863 3515 1930 ipso

1907 1971 2088 2011 rerum
2119 1957 2224 2010 line
2260 1955 2313 2008 in
2342 1950 2976 2009 contrarium‘cernimus
3000 1961 3191 2008 cuncta
3218 1968 3476 2024 conversa
3494 1994 3512 2017 ,

1906 2056 1964 2102 et
2004 2044 2147 2101 hunc
2178 2025 2407 2117 ‘quidem
2455 2053 2577 2116 post
2626 2045 2849 2101 delicias
2878 2046 2996 2100 illas
3020 2055 3072 2098 et
3099 2046 3414 2101 ebrietatem
3459 2046 3513 2098 in

1910 2138 2211 2204 tormentis,
2236 2138 2384 2192 illum
2414 2152 2545 2192 vero
2561 2145 2696 2206 post
2723 2145 3019 2205 egestatem
3044 2137 3186 2190 illam
3213 2136 3513 2191 extremam

1909 2242 1965 2289 et
1994 2231 2188 2286 famem
2213 2232 2264 2285 in
2296 2229 2613 2300 patriarchae
2637 2230 2758 2284 sinu
2787 2229 3010 2284 versari.
3037 2229 3423 2283 Verumtamen
3447 2233 3527 2281 ne?

1908 2326 2169 2396 prolixior
2191 2341 2346 2394 aequo
2373 2334 2551 2379 nostra
2577 2324 2648 2378 sit
2671 2323 2866 2388 oratio,
2899 2321 3099 2377 sufﬁcit
3129 2332 3186 2377 ut
3217 2322 3323 2375 huc
3344 2334 3518 2389 usque

1911 2426 2217 2488 provectam
2246 2416 2543 2473 doctrinam
2573 2416 2852 2480 finiamus,
2885 2423 2939 2470 et
2968 2404 3246 2468 caritatem
3280 2423 3514 2466 vestram

1909 2510 2277 2573 cohortemur,
2308 2525 2374 2563 ne
2401 2510 2562 2563 latam
2597 2511 2803 2576 portam
2832 2505 3137 2570 sectamini,
3171 2519 3348 2574 neque
3376 2503 3516 2557 viam

1909 2602 2226 2673 spatio<am,
2257 2617 2430 2672 neque
2461 2600 2791 2668 voluptatem
2820 2598 2968 2654 omni
2998 2598 3208 2653 ratione
3230 2596 3516 2666 perquira-

1914 2697 1984 2751 tis
2011 2715 2024 2751 :
2052 2697 2146 2750 sed
2191 2696 2468 2764 utriusque
2508 2694 2671 2748 finem
2710 2691 2864 2748 vobis
2907 2690 3205 2745 obloculos
3231 2693 3513 2757 ponentes.

1912 2790 2052 2846 lianc
2077 2790 2321 2862 fugiatis,
2343 2789 2641 2859 cogitantes
2670 2803 2791 2857 quae
2817 2786 3036 2840 divitem
3069 2785 3230 2838 istum
3259 2781 3395 2835 mala
3421 2795 3518 2850 op-

1913 2885 2211 2954 presserint
2239 2900 2252 2936 :
2286 2890 2571 2952 angustam
2607 2891 2788 2935 autem
2819 2889 2876 2934 et
2911 2887 3115 2933 arctam
3146 2878 3287 2930 viam
3327 2890 3519 2946 perse-

1911 2974 2170 3045 quamini,
2219 2981 2278 3027 ut
2325 2973 2391 3027 ad
2437 2974 2612 3028 locum
2660 2971 2974 3026 deliciarum
3026 2977 3148 3039 post
3192 2968 3350 3036 hujus
3395 2968 3518 3021 vitae

1913 3071 2182 3122 azrumnas'
2211 3066 2492 3135 pervenire
2515 3064 2805 3135 possimus.
2838 3061 3030 3129 Fugite
3060 3074 3519 3130 ergo,quarso,sa-

1915 3160 2090 3214 tunica
2120 3160 2208 3213 illa
2231 3159 2555 3229 spectacula,
2581 3173 2646 3212 ac
2669 3156 3002 3227 perniciosus
3029 3155 3152 3209 illos
3173 3150 3314 3209 Circi
3339 3153 3516 3207 ludos.

1915 3253 2048 3308 Nam
2077 3235 2303 3322 propter.
2329 3249 2424 3307 eus
2450 3251 2539 3321 qui
2570 3248 2795 3314 subdole
2833 3248 3045 3300 attracti
3079 3240 3328 3309 fuerunt,
3360 3253 3521 3314 atque

1895 3347 1983 3402 ad
2009 3347 2300 3416 spatiosam
2327 3344 2468 3398 viam
2495 3350 2869 3412 perrexerunt,
2899 3339 3016 3392 hzcc
3043 3337 3227 3392 dicere
3253 3335 3519 3405 compulsi

1915 3454 2121 3501 sumus,
2158 3433 2215 3493 ut
2239 3438 2415 3493 edocti
2441 3452 2564 3491 cum
2587 3435 2726 3488 hanc
2762 3433 3048 3497 deserant,
3080 3440 3189 3484 tum
3223 3445 3317 3499 per
3347 3443 3521 3498 angu-

1915 3545 2053 3590 SIam
2097 3531 2445 3594 incedentes,
2499 3527 2713 3583 virtutis
2762 3526 3051 3585 nimirum,
3101 3524 3153 3576 in
3199 3521 3523 3592 patriarcha:

1916 3627 2116 3690 sinum,
2150 3623 2602 3696 quemadmodum
2630 3621 2889 3684 Lazarus,
2915 3618 3082 3686 recipi
3114 3626 3444 3677 mereantur,
3469 3625 3523 3668 et

1915 3735 1946 3774 a
1975 3719 2220 3788 gehenna
2252 3717 2388 3787 ignis
2414 3714 2772 3769 communiter
2791 3726 2980 3766 omnes
3005 3709 3212 3763 liberati
3237 3707 3389 3761 bonis
3415 3706 3522 3760 illis

1917 3801 2149 3876 areanis,
2182 3827 2301 3882 qua:
2329 3809 2517 3865 oculus
2549 3823 2655 3862 non
2691 3807 2853 3870 vidit,
2885 3815 2940 3860 et
2967 3805 3115 3858 auris
3141 3818 3246 3856 non
3273 3801 3514 3862 audivit,

1917 3905 2158 3959 fruamur
2183 3922 2196 3956 :
2219 3917 2338 3972 qua:
2367 3916 2463 3956 nos
2490 3914 2680 3954 omnes
2707 3901 2909 3952 utinam
2946 3897 3195 3950 obtinere
3222 3893 3518 3962 contingat,

1916 3997 2085 4067 gratia
2114 4003 2166 4049 et
2199 3994 2526 4064 benignitate
2551 3982 2762 4044 Domini
2795 3989 2962 4043 nostri
2990 3983 3120 4042 Iesu
3140 3985 3370 4050 L‘hristi,
3398 4000 3524 4038 cum

1917 4104 2024 4157 quo
2053 4087 2198 4139 Patri
2228 4085 2496 4153 simulque
2519 4082 2745 4151 Spiritui
2777 4078 2963 4134 sancto
2983 4079 3176 4149 gloria,
3214 4075 3522 4146 imperium,

1919 4177 2094 4234 honor
2141 4193 2283 4233 nunc
2342 4184 2398 4232 et
2450 4189 2684 4245 semper,
2714 4183 2779 4229 et’
2819 4173 2872 4227 in
2926 4171 3122 4226 saecula
3178 4170 3521 4225 smeulorum.

1918 4273 2113 4326 Amen.

1668 4976 2075 5040 MONITUM.

233 5474 724 5567 operum‘lcctioni
767 5492 849 5548 vel
877 5491 1150 5548 tantillum
1187 5500 1440 5547 assuetus
1457 5491 1593 5555 erit.
1631 5490 1998 5558 Quamobrem
2023 5493 2148 5560 jure
2183 5490 2326 5545 inter
2359 5489 2545 5560 spuria
2578 5489 2826 5561 ablegata
2859 5489 2964 5544 fuit
2991 5491 3060 5544 ab
3102 5492 3192 5554 iis,
3215 5493 3309 5560 qui
3358 5493 3518 5561 prius

233 5593 410 5646 editis
436 5591 824 5661 advigilarunt.
853 5589 950 5644 Hic
972 5590 1220 5659 quadam
1251 5589 1525 5645 habentur
1549 5591 1617 5645 de
1652 5589 2089 5646 subintroductis
2116 5597 2170 5644 et
2196 5589 2459 5659 agapetis,
2490 5603 2598 5658 qua
2631 5589 2699 5643 de
2745 5603 2805 5641 re
2844 5587 2898 5640 in
2937 5585 3086 5639 notis
3116 5586 3516 5654 posterioribus

237 5695 476 5753 agatur;
510 5684 604 5739 sed
635 5686 801 5738 etiam
835 5684 1009 5738 fusius
1038 5692 1231 5751 agetur
1253 5681 1318 5735 ad
1348 5684 1554 5738 calcem
1586 5699 1838 5753 operum,
1867 5699 1992 5768 eum
2027 5685 2094 5739 de
2123 5683 2413 5753 disciplina
2439 5698 2558 5737 aevo
2597 5678 2979 5755 Chrysostomi
3005 5689 3222 5750 recepta
3265 5680 3514 5749 disputa-

239 5775 414 5833 bitur.
449 5777 831 5848 lnterpretatio
860 5777 1055 5834 Latina
1080 5788 1163 5833 est
1195 5777 1487 5833 Frontonis
1523 5777 1725 5833 Ducmi.
