  <div class='ocr_page' id='page_1' title='image "/cluster/home/n/w/nwhite01/storage/ocr_20150623/48/pst.000005712458/545.png"; bbox 0 0 4122 6334; ppageno 0'>
   <div class='ocr_carea' id='block_1_1' title="bbox 710 415 2300 490">
    <p class='ocr_par' dir='ltr' id='par_1_1' title="bbox 710 415 2300 490">
     <span class='ocr_line' id='line_1_1' title="bbox 710 415 2300 490; baseline -0.002 -14"><span class='ocrx_word' id='word_1_1' title='bbox 710 422 885 476; x_wconf 82' lang='lat' dir='ltr'><strong>solum</strong></span> <span class='ocrx_word' id='word_1_2' title='bbox 916 418 1055 490; x_wconf 83' lang='lat' dir='ltr'><strong>pelle</strong></span> <span class='ocrx_word' id='word_1_3' title='bbox 1082 418 1193 490; x_wconf 89' lang='lat' dir='ltr'><strong>ipse</strong></span> <span class='ocrx_word' id='word_1_4' title='bbox 1229 431 1441 490; x_wconf 78' lang='lat' dir='ltr'><strong>quoque</strong></span> <span class='ocrx_word' id='word_1_5' title='bbox 1470 417 1839 490; x_wconf 87' lang='lat' dir='ltr'><strong>amiciebatur.</strong></span> <span class='ocrx_word' id='word_1_6' title='bbox 1885 415 2219 490; x_wconf 79' lang='lat' dir='ltr'><strong>Stupldi__est</strong></span> <span class='ocrx_word' id='word_1_7' title='bbox 2245 427 2300 490; x_wconf 83' lang='lat' dir='ltr'><strong>et.</strong></span> 
     </span>
    </p>
   </div>
   <div class='ocr_carea' id='block_1_2' title="bbox 711 487 2301 558">
    <p class='ocr_par' dir='ltr' id='par_1_2' title="bbox 711 487 2301 558">
     <span class='ocr_line' id='line_1_2' title="bbox 711 487 2301 558; baseline -0.002 -13"><span class='ocrx_word' id='word_1_8' title='bbox 711 492 893 545; x_wconf 78' lang='lat' dir='ltr'><strong>mollis</strong></span> <span class='ocrx_word' id='word_1_9' title='bbox 918 487 1083 544; x_wconf 78' lang='lat' dir='ltr'><strong>animi</strong></span> <span class='ocrx_word' id='word_1_10' title='bbox 1106 487 1445 558; x_wconf 39' lang='lat' dir='ltr'><strong>&#39;splendidum</strong></span> <span class='ocrx_word' id='word_1_11' title='bbox 1486 488 1853 542; x_wconf 81' lang='lat' dir='ltr'><strong>indumentum</strong></span> <span class='ocrx_word' id='word_1_12' title='bbox 1884 498 1938 542; x_wconf 87' lang='lat' dir='ltr'><strong>et</strong></span> <span class='ocrx_word' id='word_1_13' title='bbox 1965 487 2141 543; x_wconf 90' lang='lat' dir='ltr'><strong>subtili</strong></span> <span class='ocrx_word' id='word_1_14' title='bbox 2171 487 2301 542; x_wconf 89' lang='lat' dir='ltr'><strong>arti-</strong></span> 
     </span>
    </p>
   </div>
   <div class='ocr_carea' id='block_1_3' title="bbox 711 557 2297 629">
    <p class='ocr_par' dir='ltr' id='par_1_3' title="bbox 711 557 2297 629">
     <span class='ocr_line' id='line_1_3' title="bbox 711 557 2297 629; baseline 0 -15"><span class='ocrx_word' id='word_1_15' title='bbox 711 562 832 616; x_wconf 91' lang='lat' dir='ltr'><strong>ficio</strong></span> <span class='ocrx_word' id='word_1_16' title='bbox 850 557 1155 615; x_wconf 80' lang='lat' dir='ltr'><strong>contextum</strong></span> <span class='ocrx_word' id='word_1_17' title='bbox 1173 560 1348 629; x_wconf 90' lang='lat' dir='ltr'><strong>magni</strong></span> <span class='ocrx_word' id='word_1_18' title='bbox 1373 557 1546 613; x_wconf 85' lang='lat' dir='ltr'><strong>facere</strong></span> <span class='ocrx_word' id='word_1_19' title='bbox 1565 575 1578 610; x_wconf 88' lang='lat'><strong>:</strong></span> <span class='ocrx_word' id='word_1_20' title='bbox 1601 560 1813 612; x_wconf 88' lang='lat' dir='ltr'><strong>animus</strong></span> <span class='ocrx_word' id='word_1_21' title='bbox 1829 566 2004 613; x_wconf 85' lang='lat' dir='ltr'><strong>autem</strong></span> <span class='ocrx_word' id='word_1_22' title='bbox 2022 558 2088 611; x_wconf 87' lang='lat' dir='ltr'><strong>ad</strong></span> <span class='ocrx_word' id='word_1_23' title='bbox 2109 558 2297 615; x_wconf 88' lang='lat' dir='ltr'><strong>altiora</strong></span> 
     </span>
    </p>
   </div>
   <div class='ocr_carea' id='block_1_4' title="bbox 714 630 2295 701">
    <p class='ocr_par' dir='ltr' id='par_1_4' title="bbox 714 630 2295 701">
     <span class='ocr_line' id='line_1_4' title="bbox 714 630 2295 701; baseline -0.002 -17"><span class='ocrx_word' id='word_1_24' title='bbox 714 648 941 701; x_wconf 69' lang='lat' dir='ltr'><strong>qumque</strong></span> <span class='ocrx_word' id='word_1_25' title='bbox 962 638 1135 694; x_wconf 87' lang='lat' dir='ltr'><strong>natus,</strong></span> <span class='ocrx_word' id='word_1_26' title='bbox 1158 630 1246 699; x_wconf 86' lang='lat' dir='ltr'><strong>qui</strong></span> <span class='ocrx_word' id='word_1_27' title='bbox 1275 630 1385 684; x_wconf 90' lang='lat' dir='ltr'><strong>veri</strong></span> <span class='ocrx_word' id='word_1_28' title='bbox 1407 640 1627 683; x_wconf 85' lang='lat' dir='ltr'><strong>ornatus</strong></span> <span class='ocrx_word' id='word_1_29' title='bbox 1647 644 1862 683; x_wconf 89' lang='lat' dir='ltr'><strong>sensum</strong></span> <span class='ocrx_word' id='word_1_30' title='bbox 1884 644 2077 701; x_wconf 83' lang='lat' dir='ltr'><strong>capere</strong></span> <span class='ocrx_word' id='word_1_31' title='bbox 2101 638 2295 701; x_wconf 72' lang='lat' dir='ltr'><strong>potest,</strong></span> 
     </span>
    </p>
   </div>
   <div class='ocr_carea' id='block_1_5' title="bbox 714 699 2296 771">
    <p class='ocr_par' dir='ltr' id='par_1_5' title="bbox 714 699 2296 771">
     <span class='ocr_line' id='line_1_5' title="bbox 714 699 2296 771; baseline -0.001 -17"><span class='ocrx_word' id='word_1_32' title='bbox 714 699 932 755; x_wconf 82' lang='lat' dir='ltr'><strong>mollem</strong></span> <span class='ocrx_word' id='word_1_33' title='bbox 971 717 1184 758; x_wconf 86' lang='lat' dir='ltr'><strong>omnem</strong></span> <span class='ocrx_word' id='word_1_34' title='bbox 1208 710 1409 754; x_wconf 90' lang='lat' dir='ltr'><strong>vestem</strong></span> <span class='ocrx_word' id='word_1_35' title='bbox 1441 701 1703 771; x_wconf 88' lang='lat' dir='ltr'><strong>despicit,</strong></span> <span class='ocrx_word' id='word_1_36' title='bbox 1738 700 2179 771; x_wconf 83' lang='lat' dir='ltr'><strong>etsublimiorem</strong></span> <span class='ocrx_word' id='word_1_37' title='bbox 2209 699 2296 771; x_wconf 86' lang='lat' dir='ltr'><strong>illa</strong></span> 
     </span>
    </p>
   </div>
   <div class='ocr_carea' id='block_1_6' title="bbox 710 769 2295 840">
    <p class='ocr_par' dir='ltr' id='par_1_6' title="bbox 710 769 2295 840">
     <span class='ocr_line' id='line_1_6' title="bbox 710 769 2295 840; baseline -0.002 -15"><span class='ocrx_word' id='word_1_38' title='bbox 710 772 1038 837; x_wconf 88' lang='lat' dir='ltr'><strong>desiderans,</strong></span> <span class='ocrx_word' id='word_1_39' title='bbox 1069 786 1310 825; x_wconf 90' lang='lat' dir='ltr'><strong>securam</strong></span> <span class='ocrx_word' id='word_1_40' title='bbox 1333 813 1348 838; x_wconf 85' lang='lat'><strong>,</strong></span> <span class='ocrx_word' id='word_1_41' title='bbox 1383 769 1601 824; x_wconf 83' lang='lat' dir='ltr'><strong>minime</strong></span> <span class='ocrx_word' id='word_1_42' title='bbox 1626 770 1947 840; x_wconf 83' lang='lat' dir='ltr'><strong>superfluam</strong></span> <span class='ocrx_word' id='word_1_43' title='bbox 1972 810 1986 834; x_wconf 92' lang='lat'><strong>,</strong></span> <span class='ocrx_word' id='word_1_44' title='bbox 2018 769 2295 824; x_wconf 83' lang='lat' dir='ltr'><strong>honestio-</strong></span> 
     </span>
    </p>
   </div>
   <div class='ocr_carea' id='block_1_7' title="bbox 709 840 2297 910">
    <p class='ocr_par' dir='ltr' id='par_1_7' title="bbox 709 840 2297 910">
     <span class='ocr_line' id='line_1_7' title="bbox 709 840 2297 910; baseline -0.002 -15"><span class='ocrx_word' id='word_1_45' title='bbox 709 856 824 895; x_wconf 82' lang='lat' dir='ltr'><strong>rem</strong></span> <span class='ocrx_word' id='word_1_46' title='bbox 854 843 995 895; x_wconf 87' lang='lat' dir='ltr'><strong>illam</strong></span> <span class='ocrx_word' id='word_1_47' title='bbox 1028 842 1364 910; x_wconf 85' lang='lat' dir='ltr'><strong>maximeque</strong></span> <span class='ocrx_word' id='word_1_48' title='bbox 1402 842 1759 895; x_wconf 88' lang='lat' dir='ltr'><strong>venerandam</strong></span> <span class='ocrx_word' id='word_1_49' title='bbox 1790 840 2087 895; x_wconf 88' lang='lat' dir='ltr'><strong>castitatem</strong></span> <span class='ocrx_word' id='word_1_50' title='bbox 2124 840 2297 893; x_wconf 90' lang='lat' dir='ltr'><strong>omni-</strong></span> 
     </span>
    </p>
   </div>
   <div class='ocr_carea' id='block_1_8' title="bbox 710 910 2297 980">
    <p class='ocr_par' dir='ltr' id='par_1_8' title="bbox 710 910 2297 980">
     <span class='ocr_line' id='line_1_8' title="bbox 710 910 2297 980; baseline 0 -15"><span class='ocrx_word' id='word_1_51' title='bbox 710 910 813 966; x_wconf 85' lang='lat' dir='ltr'><strong>bus</strong></span> <span class='ocrx_word' id='word_1_52' title='bbox 852 913 1120 966; x_wconf 77' lang='lat' dir='ltr'><strong>existimat</strong></span> <span class='ocrx_word' id='word_1_53' title='bbox 1168 911 1573 980; x_wconf 69' lang='lat' dir='ltr'><strong>praeferendam.</strong></span> <span class='ocrx_word' id='word_1_54' title='bbox 1623 912 1868 965; x_wconf 76' lang='lat' dir='ltr'><strong>Contenti</strong></span> <span class='ocrx_word' id='word_1_55' title='bbox 1920 912 2077 980; x_wconf 79' lang='lat' dir='ltr'><strong>igitur</strong></span> <span class='ocrx_word' id='word_1_56' title='bbox 2123 919 2297 965; x_wconf 87' lang='lat' dir='ltr'><strong>estote</strong></span> 
     </span>
    </p>
   </div>
   <div class='ocr_carea' id='block_1_9' title="bbox 711 981 2292 1052">
    <p class='ocr_par' dir='ltr' id='par_1_9' title="bbox 711 981 2292 1052">
     <span class='ocr_line' id='line_1_9' title="bbox 711 981 2292 1052; baseline 0.001 -21"><span class='ocrx_word' id='word_1_57' title='bbox 711 982 1019 1044; x_wconf 87' lang='lat' dir='ltr'><strong>verborum,</strong></span> <span class='ocrx_word' id='word_1_58' title='bbox 1036 998 1154 1052; x_wconf 72' lang='lat' dir='ltr'><strong>quae</strong></span> <span class='ocrx_word' id='word_1_59' title='bbox 1170 983 1307 1036; x_wconf 90' lang='lat' dir='ltr'><strong>dicta</strong></span> <span class='ocrx_word' id='word_1_60' title='bbox 1326 993 1469 1044; x_wconf 88' lang='lat' dir='ltr'><strong>sunt,</strong></span> <span class='ocrx_word' id='word_1_61' title='bbox 1485 982 1738 1037; x_wconf 82' lang='lat' dir='ltr'><strong>admoniti</strong></span> <span class='ocrx_word' id='word_1_62' title='bbox 1766 998 1861 1035; x_wconf 86' lang='lat' dir='ltr'><strong>ne.</strong></span> <span class='ocrx_word' id='word_1_63' title='bbox 1881 981 2075 1036; x_wconf 86' lang='lat' dir='ltr'><strong>Cavete</strong></span> <span class='ocrx_word' id='word_1_64' title='bbox 2091 991 2292 1044; x_wconf 89' lang='lat' dir='ltr'><strong>autem,</strong></span> 
     </span>
    </p>
   </div>
   <div class='ocr_carea' id='block_1_10' title="bbox 709 1052 2297 1123">
    <p class='ocr_par' dir='ltr' id='par_1_10' title="bbox 709 1052 2297 1123">
     <span class='ocr_line' id='line_1_10' title="bbox 709 1052 2297 1123; baseline 0.001 -18"><span class='ocrx_word' id='word_1_65' title='bbox 709 1067 778 1105; x_wconf 90' lang='lat' dir='ltr'><strong>ne</strong></span> <span class='ocrx_word' id='word_1_66' title='bbox 800 1053 1128 1107; x_wconf 80' lang='lat' dir='ltr'><strong>honestatem</strong></span> <span class='ocrx_word' id='word_1_67' title='bbox 1150 1063 1309 1123; x_wconf 91' lang='lat' dir='ltr'><strong>atque</strong></span> <span class='ocrx_word' id='word_1_68' title='bbox 1328 1055 1637 1122; x_wconf 79' lang='lat' dir='ltr'><strong>gravitatem</strong></span> <span class='ocrx_word' id='word_1_69' title='bbox 1666 1054 1805 1123; x_wconf 84' lang='lat' dir='ltr'><strong>ultra</strong></span> <span class='ocrx_word' id='word_1_70' title='bbox 1820 1054 2072 1107; x_wconf 86' lang='lat' dir='ltr'><strong>terminos</strong></span> <span class='ocrx_word' id='word_1_71' title='bbox 2094 1052 2297 1106; x_wconf 85' lang='lat' dir='ltr'><strong>medio—</strong></span> 
     </span>
    </p>
   </div>
   <div class='ocr_carea' id='block_1_11' title="bbox 706 1122 2289 1246">
    <p class='ocr_par' dir='ltr' id='par_1_11' title="bbox 706 1122 2289 1246">
     <span class='ocr_line' id='line_1_11' title="bbox 706 1122 2289 1246; baseline 0 -70"><span class='ocrx_word' id='word_1_72' title='bbox 706 1123 913 1176; x_wconf 89' lang='lat' dir='ltr'><strong>critatis</strong></span> <span class='ocrx_word' id='word_1_73' title='bbox 967 1122 1235 1191; x_wconf 78' lang='lat' dir='ltr'><strong>tamquam</strong></span> <span class='ocrx_word' id='word_1_74' title='bbox 1293 1125 1571 1178; x_wconf 81' lang='lat' dir='ltr'><strong>molestam</strong></span> <span class='ocrx_word' id='word_1_75' title='bbox 1617 1122 1903 1246; x_wconf 54' lang='lat' dir='ltr'><strong>quamdam</strong></span> <span class='ocrx_word' id='word_1_76' title='bbox 1949 1123 2289 1177; x_wconf 85' lang='lat' dir='ltr'><strong>severitatem</strong></span> 
     </span>
     <span class='ocr_line' id='line_1_12' title="bbox 711 1193 2289 1246; baseline 0.001 0"><span class='ocrx_word' id='word_1_77' title='bbox 711 1193 1015 1246; x_wconf 83' lang='lat' dir='ltr'><strong>nroducatis</strong></span> <span class='ocrx_word' id='word_1_78' title='bbox 1045 1210 1056 1246; x_wconf 89' lang='lat'>:</span> <span class='ocrx_word' id='word_1_79' title='bbox 1085 1209 1203 1246; x_wconf 65' lang='lat' dir='ltr'><strong>aute</strong></span> <span class='ocrx_word' id='word_1_80' title='bbox 1228 1202 1281 1246; x_wconf 88' lang='lat' dir='ltr'><strong>et</strong></span> <span class='ocrx_word' id='word_1_81' title='bbox 1306 1194 1403 1246; x_wconf 84' lang='lat' dir='ltr'><strong>insi</strong></span> <span class='ocrx_word' id='word_1_82' title='bbox 1434 1195 1527 1246; x_wconf 89' lang='lat' dir='ltr'><strong>nui</strong></span> <span class='ocrx_word' id='word_1_83' title='bbox 1548 1210 1612 1246; x_wconf 90' lang='lat' dir='ltr'><strong>au</strong></span> <span class='ocrx_word' id='word_1_84' title='bbox 1657 1196 1714 1246; x_wconf 89' lang='lat' dir='ltr'><strong>it.</strong></span> <span class='ocrx_word' id='word_1_85' title='bbox 1744 1204 1797 1246; x_wconf 92' lang='lat' dir='ltr'><strong>et</strong></span> <span class='ocrx_word' id='word_1_86' title='bbox 1825 1194 1889 1246; x_wconf 93' lang='lat' dir='ltr'><strong>iis</strong></span> <span class='ocrx_word' id='word_1_87' title='bbox 1916 1194 2003 1246; x_wconf 84' lang='lat' dir='ltr'><strong>oui</strong></span> <span class='ocrx_word' id='word_1_88' title='bbox 2031 1195 2145 1246; x_wconf 90' lang='lat' dir='ltr'><strong>eius</strong></span> <span class='ocrx_word' id='word_1_89' title='bbox 2166 1208 2289 1246; x_wconf 88' lang='lat' dir='ltr'><strong>con-</strong></span> 
     </span>
    </p>
   </div>
   <div class='ocr_carea' id='block_1_12' title="bbox 711 1193 2295 1263">
    <p class='ocr_par' dir='ltr' id='par_1_12' title="bbox 711 1193 2295 1263">
     <span class='ocr_line' id='line_1_13' title="bbox 711 1193 2295 1263; baseline 0.001 -18"><span class='ocrx_word' id='word_1_90' title='bbox 711 1193 1015 1263; x_wconf 84' lang='lat' dir='ltr'><strong>producatis</strong></span> <span class='ocrx_word' id='word_1_91' title='bbox 1045 1210 1056 1246; x_wconf 90' lang='lat'>:</span> <span class='ocrx_word' id='word_1_92' title='bbox 1085 1209 1203 1263; x_wconf 67' lang='lat' dir='ltr'><strong>qua:</strong></span> <span class='ocrx_word' id='word_1_93' title='bbox 1228 1202 1281 1246; x_wconf 88' lang='lat' dir='ltr'><strong>et</strong></span> <span class='ocrx_word' id='word_1_94' title='bbox 1306 1194 1403 1261; x_wconf 87' lang='lat' dir='ltr'><strong>ipsi</strong></span> <span class='ocrx_word' id='word_1_95' title='bbox 1434 1195 1527 1263; x_wconf 91' lang='lat' dir='ltr'><strong>qui</strong></span> <span class='ocrx_word' id='word_1_96' title='bbox 1548 1193 1714 1258; x_wconf 84' lang='lat' dir='ltr'><strong>audit,</strong></span> <span class='ocrx_word' id='word_1_97' title='bbox 1744 1204 1797 1247; x_wconf 91' lang='lat' dir='ltr'><strong>et</strong></span> <span class='ocrx_word' id='word_1_98' title='bbox 1825 1194 1889 1247; x_wconf 91' lang='lat' dir='ltr'><strong>iis</strong></span> <span class='ocrx_word' id='word_1_99' title='bbox 1916 1194 2003 1263; x_wconf 84' lang='lat' dir='ltr'><strong>qui</strong></span> <span class='ocrx_word' id='word_1_100' title='bbox 2031 1195 2145 1260; x_wconf 87' lang='lat' dir='ltr'><strong>ejus</strong></span> <span class='ocrx_word' id='word_1_101' title='bbox 2166 1208 2295 1246; x_wconf 89' lang='lat' dir='ltr'><strong>eon-</strong></span> 
     </span>
    </p>
   </div>
   <div class='ocr_carea' id='block_1_13' title="bbox 704 1262 2292 1330">
    <p class='ocr_par' dir='ltr' id='par_1_13' title="bbox 704 1262 2292 1330">
     <span class='ocr_line' id='line_1_14' title="bbox 704 1262 2292 1330; baseline 0.001 -17"><span class='ocrx_word' id='word_1_102' title='bbox 704 1264 876 1316; x_wconf 81' lang='lat' dir='ltr'><strong>30rtio</strong></span> <span class='ocrx_word' id='word_1_103' title='bbox 905 1262 1157 1318; x_wconf 89' lang='lat' dir='ltr'><strong>fruuntur</strong></span> <span class='ocrx_word' id='word_1_104' title='bbox 1180 1306 1193 1326; x_wconf 93' lang='lat'><strong>,</strong></span> <span class='ocrx_word' id='word_1_105' title='bbox 1227 1264 1386 1319; x_wconf 88' lang='lat' dir='ltr'><strong>melle</strong></span> <span class='ocrx_word' id='word_1_106' title='bbox 1411 1262 1473 1318; x_wconf 85' lang='lat' dir='ltr'><strong>ac</strong></span> <span class='ocrx_word' id='word_1_107' title='bbox 1504 1264 1620 1318; x_wconf 89' lang='lat' dir='ltr'><strong>favo</strong></span> <span class='ocrx_word' id='word_1_108' title='bbox 1660 1264 1870 1317; x_wconf 87' lang='lat' dir='ltr'><strong>dulcior</strong></span> <span class='ocrx_word' id='word_1_109' title='bbox 1897 1262 2145 1318; x_wconf 81' lang='lat' dir='ltr'><strong>efficitur.</strong></span> <span class='ocrx_word' id='word_1_110' title='bbox 2176 1263 2292 1330; x_wconf 87' lang='lat' dir='ltr'><strong>Spi-</strong></span> 
     </span>
    </p>
   </div>
   <div class='ocr_carea' id='block_1_14' title="bbox 707 1332 2290 1402">
    <p class='ocr_par' dir='ltr' id='par_1_14' title="bbox 707 1332 2290 1402">
     <span class='ocr_line' id='line_1_15' title="bbox 707 1332 2290 1402; baseline 0.003 -21"><span class='ocrx_word' id='word_1_111' title='bbox 707 1332 915 1386; x_wconf 86' lang='lat' dir='ltr'><strong>ritualis</strong></span> <span class='ocrx_word' id='word_1_112' title='bbox 956 1336 1148 1402; x_wconf 84' lang='lat' dir='ltr'><strong>quippe</strong></span> <span class='ocrx_word' id='word_1_113' title='bbox 1189 1335 1368 1387; x_wconf 78' lang='lat' dir='ltr'><strong>hctitia</strong></span> <span class='ocrx_word' id='word_1_114' title='bbox 1397 1334 1619 1388; x_wconf 81' lang='lat' dir='ltr'><strong>honeste</strong></span> <span class='ocrx_word' id='word_1_115' title='bbox 1645 1350 1707 1388; x_wconf 87' lang='lat' dir='ltr'><strong>ac</strong></span> <span class='ocrx_word' id='word_1_116' title='bbox 1733 1335 1927 1388; x_wconf 87' lang='lat' dir='ltr'><strong>decore</strong></span> <span class='ocrx_word' id='word_1_117' title='bbox 1955 1334 2021 1387; x_wconf 88' lang='lat' dir='ltr'><strong>ad</strong></span> <span class='ocrx_word' id='word_1_118' title='bbox 2044 1334 2290 1387; x_wconf 86' lang='lat' dir='ltr'><strong>unionem</strong></span> 
     </span>
    </p>
   </div>
   <div class='ocr_carea' id='block_1_15' title="bbox 707 1404 2293 1474">
    <p class='ocr_par' dir='ltr' id='par_1_15' title="bbox 707 1404 2293 1474">
     <span class='ocr_line' id='line_1_16' title="bbox 707 1404 2293 1474; baseline 0.001 -19"><span class='ocrx_word' id='word_1_119' title='bbox 707 1415 831 1455; x_wconf 89' lang='lat' dir='ltr'><strong>cum</strong></span> <span class='ocrx_word' id='word_1_120' title='bbox 869 1404 975 1458; x_wconf 89' lang='lat' dir='ltr'><strong>Deo</strong></span> <span class='ocrx_word' id='word_1_121' title='bbox 1014 1404 1291 1471; x_wconf 84' lang='lat' dir='ltr'><strong>provehit,</strong></span> <span class='ocrx_word' id='word_1_122' title='bbox 1324 1419 1524 1473; x_wconf 91' lang='lat' dir='ltr'><strong>eosque</strong></span> <span class='ocrx_word' id='word_1_123' title='bbox 1567 1407 1653 1474; x_wconf 88' lang='lat' dir='ltr'><strong>qui</strong></span> <span class='ocrx_word' id='word_1_124' title='bbox 1704 1406 1756 1457; x_wconf 91' lang='lat' dir='ltr'><strong>in</strong></span> <span class='ocrx_word' id='word_1_125' title='bbox 1803 1418 2147 1470; x_wconf 68' lang='lat' dir='ltr'><strong>congressum</strong></span> <span class='ocrx_word' id='word_1_126' title='bbox 2178 1404 2293 1471; x_wconf 87' lang='lat' dir='ltr'><strong>ejus</strong></span> 
     </span>
    </p>
   </div>
   <div class='ocr_carea' id='block_1_16' title="bbox 703 1474 2293 1543">
    <p class='ocr_par' dir='ltr' id='par_1_16' title="bbox 703 1474 2293 1543">
     <span class='ocr_line' id='line_1_17' title="bbox 703 1474 2293 1543; baseline 0 -17"><span class='ocrx_word' id='word_1_127' title='bbox 703 1475 949 1537; x_wconf 89' lang='lat' dir='ltr'><strong>veniunt,</strong></span> <span class='ocrx_word' id='word_1_128' title='bbox 975 1475 1239 1542; x_wconf 74' lang='lat' dir='ltr'><strong>voluptate</strong></span> <span class='ocrx_word' id='word_1_129' title='bbox 1270 1474 1555 1543; x_wconf 79' lang='lat' dir='ltr'><strong>perfundit.</strong></span> <span class='ocrx_word' id='word_1_130' title='bbox 1580 1476 1768 1528; x_wconf 69' lang='lat' dir='ltr'><strong>Verum</strong></span> <span class='ocrx_word' id='word_1_131' title='bbox 1802 1490 1865 1527; x_wconf 89' lang='lat' dir='ltr'><strong>ne</strong></span> <span class='ocrx_word' id='word_1_132' title='bbox 1898 1475 1980 1526; x_wconf 90' lang='lat' dir='ltr'><strong>his</strong></span> <span class='ocrx_word' id='word_1_133' title='bbox 2004 1489 2121 1543; x_wconf 86' lang='lat' dir='ltr'><strong>quae</strong></span> <span class='ocrx_word' id='word_1_134' title='bbox 2150 1489 2177 1525; x_wconf 87' lang='lat' dir='ltr'><strong>a</strong></span> <span class='ocrx_word' id='word_1_135' title='bbox 2210 1490 2293 1527; x_wconf 92' lang='lat' dir='ltr'><strong>me</strong></span> 
     </span>
    </p>
   </div>
   <div class='ocr_carea' id='block_1_17' title="bbox 706 1544 2293 1614">
    <p class='ocr_par' dir='ltr' id='par_1_17' title="bbox 706 1544 2293 1614">
     <span class='ocr_line' id='line_1_18' title="bbox 706 1544 2293 1614; baseline 0 -16"><span class='ocrx_word' id='word_1_136' title='bbox 706 1544 843 1598; x_wconf 87' lang='lat' dir='ltr'><strong>dicta</strong></span> <span class='ocrx_word' id='word_1_137' title='bbox 871 1554 993 1598; x_wconf 90' lang='lat' dir='ltr'><strong>sunt</strong></span> <span class='ocrx_word' id='word_1_138' title='bbox 1016 1587 1029 1609; x_wconf 89' lang='lat'><strong>,</strong></span> <span class='ocrx_word' id='word_1_139' title='bbox 1070 1546 1349 1598; x_wconf 89' lang='lat' dir='ltr'><strong>occasione</strong></span> <span class='ocrx_word' id='word_1_140' title='bbox 1392 1556 1633 1614; x_wconf 86' lang='lat' dir='ltr'><strong>arrepta,</strong></span> <span class='ocrx_word' id='word_1_141' title='bbox 1668 1560 1731 1599; x_wconf 91' lang='lat' dir='ltr'><strong>eo</strong></span> <span class='ocrx_word' id='word_1_142' title='bbox 1770 1545 1909 1614; x_wconf 86' lang='lat' dir='ltr'><strong>quod</strong></span> <span class='ocrx_word' id='word_1_143' title='bbox 1952 1545 2001 1597; x_wconf 94' lang='lat' dir='ltr'><strong>in</strong></span> <span class='ocrx_word' id='word_1_144' title='bbox 2032 1545 2293 1598; x_wconf 81' lang='lat' dir='ltr'><strong>hilaritate</strong></span> 
     </span>
    </p>
   </div>
   <div class='ocr_carea' id='block_1_18' title="bbox 707 1614 2293 1682">
    <p class='ocr_par' dir='ltr' id='par_1_18' title="bbox 707 1614 2293 1682">
     <span class='ocr_line' id='line_1_19' title="bbox 707 1614 2293 1682; baseline 0.003 -18"><span class='ocrx_word' id='word_1_145' title='bbox 707 1615 882 1667; x_wconf 81' lang='lat' dir='ltr'><strong>vivere</strong></span> <span class='ocrx_word' id='word_1_146' title='bbox 908 1614 982 1669; x_wconf 88' lang='lat' dir='ltr'><strong>sis</strong></span> <span class='ocrx_word' id='word_1_147' title='bbox 1015 1615 1309 1682; x_wconf 85' lang='lat' dir='ltr'><strong>prohibitus</strong></span> <span class='ocrx_word' id='word_1_148' title='bbox 1334 1656 1347 1675; x_wconf 90' lang='lat'><strong>,</strong></span> <span class='ocrx_word' id='word_1_149' title='bbox 1374 1616 1538 1672; x_wconf 86' lang='lat' dir='ltr'><strong>tristh</strong></span> <span class='ocrx_word' id='word_1_150' title='bbox 1566 1630 1627 1670; x_wconf 89' lang='lat' dir='ltr'><strong>ac</strong></span> <span class='ocrx_word' id='word_1_151' title='bbox 1654 1631 1896 1668; x_wconf 89' lang='lat' dir='ltr'><strong>morosus</strong></span> <span class='ocrx_word' id='word_1_152' title='bbox 1923 1630 2043 1669; x_wconf 87' lang='lat' dir='ltr'><strong>esse</strong></span> <span class='ocrx_word' id='word_1_153' title='bbox 2074 1614 2293 1682; x_wconf 88' lang='lat' dir='ltr'><strong>incipias</strong></span> 
     </span>
    </p>
   </div>
   <div class='ocr_carea' id='block_1_19' title="bbox 705 1685 2294 1755">
    <p class='ocr_par' dir='ltr' id='par_1_19' title="bbox 705 1685 2294 1755">
     <span class='ocr_line' id='line_1_20' title="bbox 705 1685 2294 1755; baseline 0.003 -21"><span class='ocrx_word' id='word_1_154' title='bbox 705 1698 830 1751; x_wconf 82' lang='lat' dir='ltr'><strong>erga</strong></span> <span class='ocrx_word' id='word_1_155' title='bbox 862 1686 1048 1738; x_wconf 83' lang='lat' dir='ltr'><strong>fratres</strong></span> <span class='ocrx_word' id='word_1_156' title='bbox 1078 1686 1445 1750; x_wconf 85' lang='lat' dir='ltr'><strong>adventantes,</strong></span> <span class='ocrx_word' id='word_1_157' title='bbox 1472 1701 1645 1755; x_wconf 90' lang='lat' dir='ltr'><strong>neque</strong></span> <span class='ocrx_word' id='word_1_158' title='bbox 1673 1685 1901 1739; x_wconf 84' lang='lat' dir='ltr'><strong>difficilis</strong></span> <span class='ocrx_word' id='word_1_159' title='bbox 1928 1700 2047 1738; x_wconf 89' lang='lat' dir='ltr'><strong>esse</strong></span> <span class='ocrx_word' id='word_1_160' title='bbox 2074 1685 2205 1737; x_wconf 79' lang='lat' dir='ltr'><strong>velis</strong></span> <span class='ocrx_word' id='word_1_161' title='bbox 2231 1700 2294 1739; x_wconf 84' lang='lat' dir='ltr'><strong>ac</strong></span> 
     </span>
    </p>
   </div>
   <div class='ocr_carea' id='block_1_20' title="bbox 704 1755 2292 1823">
    <p class='ocr_par' dir='ltr' id='par_1_20' title="bbox 704 1755 2292 1823">
     <span class='ocr_line' id='line_1_21' title="bbox 704 1755 2292 1823; baseline 0.001 -19"><span class='ocrx_word' id='word_1_162' title='bbox 704 1755 925 1808; x_wconf 86' lang='lat' dir='ltr'><strong>minime</strong></span> <span class='ocrx_word' id='word_1_163' title='bbox 963 1755 1187 1808; x_wconf 78' lang='lat' dir='ltr'><strong>affabilis</strong></span> <span class='ocrx_word' id='word_1_164' title='bbox 1224 1763 1319 1808; x_wconf 89' lang='lat' dir='ltr'><strong>aut</strong></span> <span class='ocrx_word' id='word_1_165' title='bbox 1359 1756 1676 1809; x_wconf 88' lang='lat' dir='ltr'><strong>inhumanus</strong></span> <span class='ocrx_word' id='word_1_166' title='bbox 1724 1771 1819 1823; x_wconf 87' lang='lat' dir='ltr'><strong>pro</strong></span> <span class='ocrx_word' id='word_1_167' title='bbox 1865 1755 2092 1823; x_wconf 87' lang='lat' dir='ltr'><strong>benigno</strong></span> <span class='ocrx_word' id='word_1_168' title='bbox 2133 1765 2292 1821; x_wconf 89' lang='lat' dir='ltr'><strong>atque</strong></span> 
     </span>
    </p>
   </div>
   <div class='ocr_carea' id='block_1_21' title="bbox 705 1825 2293 1893">
    <p class='ocr_par' dir='ltr' id='par_1_21' title="bbox 705 1825 2293 1893">
     <span class='ocr_line' id='line_1_22' title="bbox 705 1825 2293 1893; baseline 0.002 -18"><span class='ocrx_word' id='word_1_169' title='bbox 705 1825 961 1891; x_wconf 76' lang='lat' dir='ltr'><strong>gratioso,</strong></span> <span class='ocrx_word' id='word_1_170' title='bbox 996 1841 1167 1892; x_wconf 83' lang='lat' dir='ltr'><strong>neque</strong></span> <span class='ocrx_word' id='word_1_171' title='bbox 1194 1827 1320 1878; x_wconf 90' lang='lat' dir='ltr'><strong>dum</strong></span> <span class='ocrx_word' id='word_1_172' title='bbox 1349 1828 1575 1880; x_wconf 88' lang='lat' dir='ltr'><strong>comiter</strong></span> <span class='ocrx_word' id='word_1_173' title='bbox 1600 1826 1921 1893; x_wconf 71' lang='lat' dir='ltr'><strong>suscipiendi</strong></span> <span class='ocrx_word' id='word_1_174' title='bbox 1954 1834 2095 1883; x_wconf 88' lang='lat' dir='ltr'><strong>sunt,</strong></span> <span class='ocrx_word' id='word_1_175' title='bbox 2124 1828 2211 1892; x_wconf 87' lang='lat' dir='ltr'><strong>qui</strong></span> <span class='ocrx_word' id='word_1_176' title='bbox 2240 1834 2293 1878; x_wconf 80' lang='lat' dir='ltr'><strong>te</strong></span> 
     </span>
    </p>
   </div>
   <div class='ocr_carea' id='block_1_22' title="bbox 704 1894 2290 1963">
    <p class='ocr_par' dir='ltr' id='par_1_22' title="bbox 704 1894 2290 1963">
     <span class='ocr_line' id='line_1_23' title="bbox 704 1894 2290 1963; baseline 0.001 -17"><span class='ocrx_word' id='word_1_177' title='bbox 704 1894 935 1948; x_wconf 89' lang='lat' dir='ltr'><strong>invisunt</strong></span> <span class='ocrx_word' id='word_1_178' title='bbox 958 1938 971 1957; x_wconf 94' lang='lat'><strong>,</strong></span> <span class='ocrx_word' id='word_1_179' title='bbox 1004 1896 1192 1948; x_wconf 83' lang='lat' dir='ltr'><strong>fratres</strong></span> <span class='ocrx_word' id='word_1_180' title='bbox 1217 1938 1230 1960; x_wconf 94' lang='lat'><strong>,</strong></span> <span class='ocrx_word' id='word_1_181' title='bbox 1264 1912 1508 1950; x_wconf 81' lang='lat' dir='ltr'><strong>morosus</strong></span> <span class='ocrx_word' id='word_1_182' title='bbox 1537 1912 1598 1951; x_wconf 90' lang='lat' dir='ltr'><strong>ac</strong></span> <span class='ocrx_word' id='word_1_183' title='bbox 1629 1897 1796 1950; x_wconf 90' lang='lat' dir='ltr'><strong>tristis</strong></span> <span class='ocrx_word' id='word_1_184' title='bbox 1818 1938 1831 1960; x_wconf 96' lang='lat'><strong>,</strong></span> <span class='ocrx_word' id='word_1_185' title='bbox 1861 1904 1953 1948; x_wconf 85' lang='lat' dir='ltr'><strong>aut</strong></span> <span class='ocrx_word' id='word_1_186' title='bbox 1982 1895 2033 1947; x_wconf 92' lang='lat' dir='ltr'><strong>in</strong></span> <span class='ocrx_word' id='word_1_187' title='bbox 2066 1910 2290 1963; x_wconf 89' lang='lat' dir='ltr'><strong>respon-</strong></span> 
     </span>
    </p>
   </div>
   <div class='ocr_carea' id='block_1_23' title="bbox 703 1965 2290 2035">
    <p class='ocr_par' dir='ltr' id='par_1_23' title="bbox 703 1965 2290 2035">
     <span class='ocr_line' id='line_1_24' title="bbox 703 1965 2290 2035; baseline 0.001 -18"><span class='ocrx_word' id='word_1_188' title='bbox 703 1965 943 2035; x_wconf 84' lang='lat' dir='ltr'><strong>sionibus</strong></span> <span class='ocrx_word' id='word_1_189' title='bbox 962 1978 1011 2019; x_wconf 90' lang='lat' dir='ltr'><strong>et</strong></span> <span class='ocrx_word' id='word_1_190' title='bbox 1038 1967 1281 2034; x_wconf 87' lang='lat' dir='ltr'><strong>alloquiis</strong></span> <span class='ocrx_word' id='word_1_191' title='bbox 1312 1968 1632 2020; x_wconf 80' lang='lat' dir='ltr'><strong>inaccessas.</strong></span> <span class='ocrx_word' id='word_1_192' title='bbox 1667 1967 1891 2035; x_wconf 85' lang='lat' dir='ltr'><strong>Semper</strong></span> <span class='ocrx_word' id='word_1_193' title='bbox 1914 1965 2054 2019; x_wconf 90' lang='lat' dir='ltr'><strong>enim</strong></span> <span class='ocrx_word' id='word_1_194' title='bbox 2084 1977 2137 2017; x_wconf 90' lang='lat' dir='ltr'><strong>ut</strong></span> <span class='ocrx_word' id='word_1_195' title='bbox 2161 1980 2290 2034; x_wconf 85' lang='lat' dir='ltr'><strong>gau-</strong></span> 
     </span>
    </p>
   </div>
   <div class='ocr_carea' id='block_1_24' title="bbox 709 2034 2293 2105">
    <p class='ocr_par' dir='ltr' id='par_1_24' title="bbox 709 2034 2293 2105">
     <span class='ocr_line' id='line_1_25' title="bbox 709 2034 2293 2105; baseline 0.001 -19"><span class='ocrx_word' id='word_1_196' title='bbox 709 2034 928 2105; x_wconf 84' lang='lat' dir='ltr'><strong>deamus</strong></span> <span class='ocrx_word' id='word_1_197' title='bbox 950 2076 964 2098; x_wconf 91' lang='lat'><strong>,</strong></span> <span class='ocrx_word' id='word_1_198' title='bbox 999 2037 1302 2089; x_wconf 87' lang='lat' dir='ltr'><strong>mandatum</strong></span> <span class='ocrx_word' id='word_1_199' title='bbox 1329 2045 1410 2089; x_wconf 91' lang='lat' dir='ltr'><strong>est</strong></span> <span class='ocrx_word' id='word_1_200' title='bbox 1454 2034 1840 2105; x_wconf 84' lang='lat' dir='ltr'><strong>apostolicum,</strong></span> <span class='ocrx_word' id='word_1_201' title='bbox 1873 2048 1925 2089; x_wconf 90' lang='lat' dir='ltr'><strong>et</strong></span> <span class='ocrx_word' id='word_1_202' title='bbox 1951 2035 2293 2088; x_wconf 79' lang='lat' dir='ltr'><strong>Consolamini</strong></span> 
     </span>
    </p>
   </div>
   <div class='ocr_carea' id='block_1_25' title="bbox 702 2104 2287 2176">
    <p class='ocr_par' dir='ltr' id='par_1_25' title="bbox 702 2104 2287 2176">
     <span class='ocr_line' id='line_1_26' title="bbox 702 2104 2287 2176; baseline 0.003 -22"><span class='ocrx_word' id='word_1_203' title='bbox 702 2104 931 2176; x_wconf 78' lang='lat' dir='ltr'><strong>invicem,</strong></span> <span class='ocrx_word' id='word_1_204' title='bbox 955 2116 1027 2169; x_wconf 88' lang='lat' dir='ltr'><strong>et,</strong></span> <span class='ocrx_word' id='word_1_205' title='bbox 1058 2107 1266 2158; x_wconf 82' lang='lat' dir='ltr'><strong>invicem</strong></span> <span class='ocrx_word' id='word_1_206' title='bbox 1297 2104 1497 2176; x_wconf 82' lang='lat' dir='ltr'><strong>benigni</strong></span> <span class='ocrx_word' id='word_1_207' title='bbox 1522 2117 1692 2161; x_wconf 87' lang='lat' dir='ltr'><strong>estote</strong></span> <span class='ocrx_word' id='word_1_208' title='bbox 1712 2149 1725 2171; x_wconf 92' lang='lat'><strong>,</strong></span> <span class='ocrx_word' id='word_1_209' title='bbox 1757 2118 1827 2171; x_wconf 89' lang='lat' dir='ltr'><strong>et,</strong></span> <span class='ocrx_word' id='word_1_210' title='bbox 1864 2106 2287 2176; x_wconf 84' lang='lat' dir='ltr'><strong>Caritas,inquit,</strong></span> 
     </span>
    </p>
   </div>
   <div class='ocr_carea' id='block_1_26' title="bbox 702 2174 2287 2247">
    <p class='ocr_par' dir='ltr' id='par_1_26' title="bbox 702 2174 2287 2247">
     <span class='ocr_line' id='line_1_27' title="bbox 702 2174 2287 2247; baseline 0.003 -23"><span class='ocrx_word' id='word_1_211' title='bbox 702 2174 913 2247; x_wconf 56' lang='lat' dir='ltr'><strong>btjiigna</strong></span> <span class='ocrx_word' id='word_1_212' title='bbox 954 2187 1022 2227; x_wconf 82' lang='lat' dir='ltr'><strong>est</strong></span> <span class='ocrx_word' id='word_1_213' title='bbox 1058 2176 1143 2247; x_wconf 89' lang='grc'><strong>(1.</strong></span> <span class='ocrx_word' id='word_1_214' title='bbox 1187 2176 1361 2229; x_wconf 76' lang='lat' dir='ltr'><strong>Thess.</strong></span> <span class='ocrx_word' id='word_1_215' title='bbox 1500 2178 1553 2230; x_wconf 84' lang='grc'><strong>11</strong></span> <span class='ocrx_word' id='word_1_216' title='bbox 1584 2193 1598 2241; x_wconf 91' lang='grc'>;</span> <span class='ocrx_word' id='word_1_217' title='bbox 1636 2177 1824 2244; x_wconf 82' lang='lat' dir='ltr'><strong>Epltes.</strong></span> <span class='ocrx_word' id='word_1_218' title='bbox 1872 2179 1923 2229; x_wconf 68' lang='grc'><strong>4.</strong></span> <span class='ocrx_word' id='word_1_219' title='bbox 1956 2176 2058 2239; x_wconf 72' lang='grc'><strong>52;</strong></span> <span class='ocrx_word' id='word_1_220' title='bbox 2092 2178 2138 2229; x_wconf 83' lang='grc'><strong>1.</strong></span> <span class='ocrx_word' id='word_1_221' title='bbox 2170 2175 2287 2229; x_wconf 89' lang='lat' dir='ltr'><strong>Cor.</strong></span> 
     </span>
    </p>
   </div>
   <div class='ocr_carea' id='block_1_27' title="bbox 701 2244 2292 2313">
    <p class='ocr_par' dir='ltr' id='par_1_27' title="bbox 701 2244 2292 2313">
     <span class='ocr_line' id='line_1_28' title="bbox 701 2244 2292 2313; baseline 0.002 -17"><span class='ocrx_word' id='word_1_222' title='bbox 701 2246 787 2297; x_wconf 80' lang='grc'><strong>15.</strong></span> <span class='ocrx_word' id='word_1_223' title='bbox 818 2244 886 2313; x_wconf 52' lang='grc'><strong>⁷4)</strong></span> <span class='ocrx_word' id='word_1_224' title='bbox 922 2263 933 2297; x_wconf 93' lang='lat'>:</span> <span class='ocrx_word' id='word_1_225' title='bbox 966 2256 1017 2299; x_wconf 89' lang='lat' dir='ltr'><strong>et</strong></span> <span class='ocrx_word' id='word_1_226' title='bbox 1047 2244 1409 2313; x_wconf 74' lang='lat' dir='ltr'><strong>apostolorum</strong></span> <span class='ocrx_word' id='word_1_227' title='bbox 1440 2248 1783 2301; x_wconf 84' lang='lat' dir='ltr'><strong>salutationes</strong></span> <span class='ocrx_word' id='word_1_228' title='bbox 1817 2248 1867 2299; x_wconf 92' lang='lat' dir='ltr'><strong>in</strong></span> <span class='ocrx_word' id='word_1_229' title='bbox 1896 2262 2080 2299; x_wconf 89' lang='lat' dir='ltr'><strong>eorum</strong></span> <span class='ocrx_word' id='word_1_230' title='bbox 2110 2247 2292 2299; x_wconf 87' lang='lat' dir='ltr'><strong>insunt</strong></span> 
     </span>
    </p>
   </div>
   <div class='ocr_carea' id='block_1_28' title="bbox 702 2316 2285 2386">
    <p class='ocr_par' dir='ltr' id='par_1_28' title="bbox 702 2316 2285 2386">
     <span class='ocr_line' id='line_1_29' title="bbox 702 2316 2285 2386; baseline 0.003 -22"><span class='ocrx_word' id='word_1_231' title='bbox 702 2316 940 2384; x_wconf 80' lang='lat' dir='ltr'><strong>epistolis</strong></span> <span class='ocrx_word' id='word_1_232' title='bbox 960 2327 1225 2385; x_wconf 85' lang='lat' dir='ltr'><strong>tamquam</strong></span> <span class='ocrx_word' id='word_1_233' title='bbox 1247 2318 1383 2371; x_wconf 90' lang='lat' dir='ltr'><strong>lilios</strong></span> <span class='ocrx_word' id='word_1_234' title='bbox 1399 2317 1815 2386; x_wconf 86' lang='lat' dir='ltr'><strong>complcctentcs</strong></span> <span class='ocrx_word' id='word_1_235' title='bbox 1835 2332 1926 2370; x_wconf 87' lang='lat' dir='ltr'><strong>eos</strong></span> <span class='ocrx_word' id='word_1_236' title='bbox 1944 2319 2028 2385; x_wconf 87' lang='lat' dir='ltr'><strong>qui</strong></span> <span class='ocrx_word' id='word_1_237' title='bbox 2046 2316 2285 2382; x_wconf 87' lang='lat' dir='ltr'><strong>audiunt,</strong></span> 
     </span>
    </p>
   </div>
   <div class='ocr_carea' id='block_1_29' title="bbox 703 2388 2288 2457">
    <p class='ocr_par' dir='ltr' id='par_1_29' title="bbox 703 2388 2288 2457">
     <span class='ocr_line' id='line_1_30' title="bbox 703 2388 2288 2457; baseline 0.003 -22"><span class='ocrx_word' id='word_1_238' title='bbox 703 2394 966 2453; x_wconf 86' lang='lat' dir='ltr'><strong>tamquam</strong></span> <span class='ocrx_word' id='word_1_239' title='bbox 1017 2388 1204 2440; x_wconf 86' lang='lat' dir='ltr'><strong>fratres</strong></span> <span class='ocrx_word' id='word_1_240' title='bbox 1260 2388 1599 2441; x_wconf 80' lang='lat' dir='ltr'><strong>cohortantes</strong></span> <span class='ocrx_word' id='word_1_241' title='bbox 1630 2404 1722 2442; x_wconf 88' lang='lat' dir='ltr'><strong>eos</strong></span> <span class='ocrx_word' id='word_1_242' title='bbox 1759 2389 1845 2457; x_wconf 90' lang='lat' dir='ltr'><strong>qui</strong></span> <span class='ocrx_word' id='word_1_243' title='bbox 1877 2388 2175 2453; x_wconf 79' lang='lat' dir='ltr'><strong>attendunt.</strong></span> <span class='ocrx_word' id='word_1_244' title='bbox 2210 2388 2288 2440; x_wconf 79' lang='lat' dir='ltr'><strong>Ac</strong></span> 
     </span>
    </p>
   </div>
   <div class='ocr_carea' id='block_1_30' title="bbox 706 2457 2286 2532">
    <p class='ocr_par' dir='ltr' id='par_1_30' title="bbox 706 2457 2286 2532">
     <span class='ocr_line' id='line_1_31' title="bbox 706 2457 2286 2532; baseline 0.004 -27"><span class='ocrx_word' id='word_1_245' title='bbox 706 2458 869 2506; x_wconf 88' lang='lat' dir='ltr'><strong>multa</strong></span> <span class='ocrx_word' id='word_1_246' title='bbox 896 2472 1024 2509; x_wconf 87' lang='lat' dir='ltr'><strong>sane</strong></span> <span class='ocrx_word' id='word_1_247' title='bbox 1046 2457 1113 2509; x_wconf 89' lang='lat' dir='ltr'><strong>de</strong></span> <span class='ocrx_word' id='word_1_248' title='bbox 1140 2458 1237 2509; x_wconf 89' lang='lat' dir='ltr'><strong>hac</strong></span> <span class='ocrx_word' id='word_1_249' title='bbox 1255 2459 1810 2532; x_wconf 67' lang='lat' dir='ltr'><strong>sanctabcnignitate,</strong></span> <span class='ocrx_word' id='word_1_250' title='bbox 1842 2474 1959 2526; x_wconf 70' lang='lat' dir='ltr'><strong>quae</strong></span> <span class='ocrx_word' id='word_1_251' title='bbox 1979 2472 2047 2512; x_wconf 80' lang='lat' dir='ltr'><strong>ex</strong></span> <span class='ocrx_word' id='word_1_252' title='bbox 2067 2458 2286 2532; x_wconf 74' lang='lat' dir='ltr'><strong>caritate</strong></span> 
     </span>
    </p>
   </div>
   <div class='ocr_carea' id='block_1_31' title="bbox 704 2527 2287 2596">
    <p class='ocr_par' dir='ltr' id='par_1_31' title="bbox 704 2527 2287 2596">
     <span class='ocr_line' id='line_1_32' title="bbox 704 2527 2287 2596; baseline 0.004 -21"><span class='ocrx_word' id='word_1_253' title='bbox 704 2538 1003 2591; x_wconf 86' lang='lat' dir='ltr'><strong>promanat,</strong></span> <span class='ocrx_word' id='word_1_254' title='bbox 1037 2542 1102 2579; x_wconf 80' lang='lat' dir='ltr'><strong>ex</strong></span> <span class='ocrx_word' id='word_1_255' title='bbox 1132 2529 1296 2581; x_wconf 87' lang='lat' dir='ltr'><strong>sacris</strong></span> <span class='ocrx_word' id='word_1_256' title='bbox 1326 2527 1721 2582; x_wconf 65' lang='lat' dir='ltr'><strong>literis&#39;discere</strong></span> <span class='ocrx_word' id='word_1_257' title='bbox 1772 2543 2073 2596; x_wconf 89' lang='lat' dir='ltr'><strong>possumus.</strong></span> <span class='ocrx_word' id='word_1_258' title='bbox 2105 2527 2287 2596; x_wconf 88' lang='lat' dir='ltr'><strong>Neque</strong></span> 
     </span>
    </p>
   </div>
   <div class='ocr_carea' id='block_1_32' title="bbox 703 2596 2285 2663">
    <p class='ocr_par' dir='ltr' id='par_1_32' title="bbox 703 2596 2285 2663">
     <span class='ocr_line' id='line_1_33' title="bbox 703 2596 2285 2663; baseline 0.006 -21"><span class='ocrx_word' id='word_1_259' title='bbox 703 2603 915 2660; x_wconf 86' lang='lat' dir='ltr'><strong>oportet</strong></span> <span class='ocrx_word' id='word_1_260' title='bbox 944 2606 1001 2649; x_wconf 90' lang='lat' dir='ltr'><strong>ut</strong></span> <span class='ocrx_word' id='word_1_261' title='bbox 1045 2598 1109 2649; x_wconf 87' lang='lat' dir='ltr'><strong>ad</strong></span> <span class='ocrx_word' id='word_1_262' title='bbox 1159 2597 1495 2650; x_wconf 86' lang='lat' dir='ltr'><strong>immodicam</strong></span> <span class='ocrx_word' id='word_1_263' title='bbox 1544 2600 1861 2651; x_wconf 86' lang='lat' dir='ltr'><strong>hilaritatem</strong></span> <span class='ocrx_word' id='word_1_264' title='bbox 1905 2596 2285 2663; x_wconf 86' lang='lat' dir='ltr'><strong>traducamur,</strong></span> 
     </span>
    </p>
   </div>
   <div class='ocr_carea' id='block_1_33' title="bbox 705 2667 2286 2737">
    <p class='ocr_par' dir='ltr' id='par_1_33' title="bbox 705 2667 2286 2737">
     <span class='ocr_line' id='line_1_34' title="bbox 705 2667 2286 2737; baseline 0.004 -21"><span class='ocrx_word' id='word_1_265' title='bbox 705 2679 876 2735; x_wconf 89' lang='lat' dir='ltr'><strong>neque</strong></span> <span class='ocrx_word' id='word_1_266' title='bbox 898 2676 957 2720; x_wconf 81' lang='lat' dir='ltr'><strong>ut</strong></span> <span class='ocrx_word' id='word_1_267' title='bbox 980 2667 1302 2722; x_wconf 89' lang='lat' dir='ltr'><strong>scurrilitate</strong></span> <span class='ocrx_word' id='word_1_268' title='bbox 1328 2667 1713 2737; x_wconf 81' lang='lat' dir='ltr'><strong>benignitatem</strong></span> <span class='ocrx_word' id='word_1_269' title='bbox 1735 2683 1793 2723; x_wconf 90' lang='lat' dir='ltr'><strong>se</strong></span> <span class='ocrx_word' id='word_1_270' title='bbox 1813 2667 1880 2721; x_wconf 89' lang='lat' dir='ltr'><strong>ad</strong></span> <span class='ocrx_word' id='word_1_271' title='bbox 1907 2668 2001 2722; x_wconf 88' lang='lat' dir='ltr'><strong>Dei</strong></span> <span class='ocrx_word' id='word_1_272' title='bbox 2030 2667 2286 2723; x_wconf 82' lang='lat' dir='ltr'><strong>imitatio—</strong></span> 
     </span>
    </p>
   </div>
   <div class='ocr_carea' id='block_1_34' title="bbox 2239 302 2506 367">
    <p class='ocr_par' dir='ltr' id='par_1_34' title="bbox 2239 302 2506 367">
     <span class='ocr_line' id='line_1_35' title="bbox 2239 302 2506 367; baseline 0.022 -7"><span class='ocrx_word' id='word_1_273' title='bbox 2239 302 2506 367; x_wconf 83' lang='lat' dir='ltr'><strong>SPURIA.</strong></span> 
     </span>
    </p>
   </div>
   <div class='ocr_carea' id='block_1_35' title="bbox 3862 306 3980 363">
    <p class='ocr_par' dir='ltr' id='par_1_35' title="bbox 3862 306 3980 363">
     <span class='ocr_line' id='line_1_36' title="bbox 3862 306 3980 363; baseline 0.008 -1"><span class='ocrx_word' id='word_1_274' title='bbox 3862 306 3980 363; x_wconf 78' lang='grc'><strong>106]</strong></span> 
     </span>
    </p>
   </div>
   <div class='ocr_carea' id='block_1_36' title="bbox 2404 413 3978 487">
    <p class='ocr_par' dir='ltr' id='par_1_36' title="bbox 2404 413 3978 487">
     <span class='ocr_line' id='line_1_37' title="bbox 2404 413 3978 487; baseline 0.003 -15"><span class='ocrx_word' id='word_1_275' title='bbox 2404 431 2529 472; x_wconf 83' lang='lat' dir='ltr'><strong>nem</strong></span> <span class='ocrx_word' id='word_1_276' title='bbox 2569 426 2965 487; x_wconf 85' lang='lat' dir='ltr'><strong>comparantem</strong></span> <span class='ocrx_word' id='word_1_277' title='bbox 3012 413 3558 487; x_wconf 66' lang='lat' dir='ltr'><strong>labefactemns,sed</strong></span> <span class='ocrx_word' id='word_1_278' title='bbox 3605 414 3659 470; x_wconf 90' lang='lat' dir='ltr'><strong>in</strong></span> <span class='ocrx_word' id='word_1_279' title='bbox 3698 416 3978 477; x_wconf 84' lang='lat' dir='ltr'><strong>meditullio</strong></span> 
     </span>
    </p>
   </div>
   <div class='ocr_carea' id='block_1_37' title="bbox 2402 486 3982 559">
    <p class='ocr_par' dir='ltr' id='par_1_37' title="bbox 2402 486 3982 559">
     <span class='ocr_line' id='line_1_38' title="bbox 2402 486 3982 559; baseline 0.004 -21"><span class='ocrx_word' id='word_1_280' title='bbox 2402 488 2633 559; x_wconf 87' lang='lat' dir='ltr'><strong>quodam</strong></span> <span class='ocrx_word' id='word_1_281' title='bbox 2684 487 2932 557; x_wconf 71' lang='lat' dir='ltr'><strong>perfecta:</strong></span> <span class='ocrx_word' id='word_1_282' title='bbox 2980 486 3264 559; x_wconf 78' lang='lat' dir='ltr'><strong>hilaritatis</strong></span> <span class='ocrx_word' id='word_1_283' title='bbox 3304 486 3700 559; x_wconf 83' lang='lat' dir='ltr'><strong>consistamus,</strong></span> <span class='ocrx_word' id='word_1_284' title='bbox 3731 495 3787 541; x_wconf 89' lang='lat' dir='ltr'><strong>et</strong></span> <span class='ocrx_word' id='word_1_285' title='bbox 3828 504 3982 559; x_wconf 83' lang='lat' dir='ltr'><strong>neque</strong></span> 
     </span>
    </p>
   </div>
   <div class='ocr_carea' id='block_1_38' title="bbox 2402 556 3981 629">
    <p class='ocr_par' dir='ltr' id='par_1_38' title="bbox 2402 556 3981 629">
     <span class='ocr_line' id='line_1_39' title="bbox 2402 556 3981 629; baseline 0.002 -17"><span class='ocrx_word' id='word_1_286' title='bbox 2402 556 2615 629; x_wconf 82' lang='lat' dir='ltr'><strong>molesti</strong></span> <span class='ocrx_word' id='word_1_287' title='bbox 2648 556 2812 612; x_wconf 90' lang='lat' dir='ltr'><strong>simus</strong></span> <span class='ocrx_word' id='word_1_288' title='bbox 2854 560 2918 612; x_wconf 89' lang='lat' dir='ltr'><strong>iis</strong></span> <span class='ocrx_word' id='word_1_289' title='bbox 2958 558 3150 627; x_wconf 89' lang='lat' dir='ltr'><strong>quibus</strong></span> <span class='ocrx_word' id='word_1_290' title='bbox 3194 556 3529 629; x_wconf 84' lang='lat' dir='ltr'><strong>familiariter</strong></span> <span class='ocrx_word' id='word_1_291' title='bbox 3558 559 3795 625; x_wconf 89' lang='lat' dir='ltr'><strong>utimur,</strong></span> <span class='ocrx_word' id='word_1_292' title='bbox 3828 556 3981 629; x_wconf 75' lang='lat' dir='ltr'><strong>neque</strong></span> 
     </span>
    </p>
   </div>
   <div class='ocr_carea' id='block_1_39' title="bbox 2400 627 3981 698">
    <p class='ocr_par' dir='ltr' id='par_1_39' title="bbox 2400 627 3981 698">
     <span class='ocr_line' id='line_1_40' title="bbox 2400 627 3981 698; baseline 0.001 -15"><span class='ocrx_word' id='word_1_293' title='bbox 2400 627 2686 683; x_wconf 88' lang='lat' dir='ltr'><strong>dissolutos</strong></span> <span class='ocrx_word' id='word_1_294' title='bbox 2710 643 2804 683; x_wconf 89' lang='lat' dir='ltr'><strong>eos</strong></span> <span class='ocrx_word' id='word_1_295' title='bbox 2824 638 2879 684; x_wconf 91' lang='lat' dir='ltr'><strong>et</strong></span> <span class='ocrx_word' id='word_1_296' title='bbox 2910 631 3108 698; x_wconf 88' lang='lat' dir='ltr'><strong>inertes</strong></span> <span class='ocrx_word' id='word_1_297' title='bbox 3131 628 3415 682; x_wconf 84' lang='lat' dir='ltr'><strong>reddamus</strong></span> <span class='ocrx_word' id='word_1_298' title='bbox 3444 644 3458 680; x_wconf 88' lang='lat'><strong>:</strong></span> <span class='ocrx_word' id='word_1_299' title='bbox 3491 642 3664 698; x_wconf 87' lang='lat' dir='ltr'><strong>neque</strong></span> <span class='ocrx_word' id='word_1_300' title='bbox 3692 629 3885 684; x_wconf 82' lang='lat' dir='ltr'><strong>acerbe</strong></span> <span class='ocrx_word' id='word_1_301' title='bbox 3908 627 3981 685; x_wconf 81' lang='lat' dir='ltr'><strong>re-</strong></span> 
     </span>
    </p>
   </div>
   <div class='ocr_carea' id='block_1_40' title="bbox 2401 697 3979 822">
    <p class='ocr_par' dir='ltr' id='par_1_40' title="bbox 2401 697 3979 822">
     <span class='ocr_line' id='line_1_41' title="bbox 2401 697 3979 822; baseline 0.003 -71"><span class='ocrx_word' id='word_1_302' title='bbox 2401 699 2817 822; x_wconf 83' lang='lat' dir='ltr'><strong>prchendamus.</strong></span> <span class='ocrx_word' id='word_1_303' title='bbox 2846 715 3018 769; x_wconf 89' lang='lat' dir='ltr'><strong>neque</strong></span> <span class='ocrx_word' id='word_1_304' title='bbox 3050 697 3412 753; x_wconf 87' lang='lat' dir='ltr'><strong>fraudulenter</strong></span> <span class='ocrx_word' id='word_1_305' title='bbox 3440 697 3743 764; x_wconf 87' lang='lat' dir='ltr'><strong>adulemur,</strong></span> <span class='ocrx_word' id='word_1_306' title='bbox 3776 700 3865 755; x_wconf 79' lang='lat' dir='ltr'><strong>sed</strong></span> <span class='ocrx_word' id='word_1_307' title='bbox 3897 704 3979 756; x_wconf 86' lang='lat' dir='ltr'><strong>uti-</strong></span> 
     </span>
     <span class='ocr_line' id='line_1_42' title="bbox 2424 769 3977 822; baseline 0 0"><span class='ocrx_word' id='word_1_308' title='bbox 2424 770 2525 822; x_wconf 90' lang='lat' dir='ltr'><strong>iter</strong></span> <span class='ocrx_word' id='word_1_309' title='bbox 2550 770 2898 822; x_wconf 67' lang='lat' dir='ltr'><strong>corrigamus.</strong></span> <span class='ocrx_word' id='word_1_310' title='bbox 2923 779 2978 822; x_wconf 87' lang='lat' dir='ltr'><strong>et</strong></span> <span class='ocrx_word' id='word_1_311' title='bbox 3016 769 3319 822; x_wconf 85' lang='lat' dir='ltr'><strong>humaniter</strong></span> <span class='ocrx_word' id='word_1_312' title='bbox 3344 770 3712 822; x_wconf 89' lang='lat' dir='ltr'><strong>cohortemur.</strong></span> <span class='ocrx_word' id='word_1_313' title='bbox 3742 769 3843 822; x_wconf 84' lang='lat' dir='ltr'><strong>Oui</strong></span> <span class='ocrx_word' id='word_1_314' title='bbox 3871 789 3977 822; x_wconf 80' lang='lat' dir='ltr'><strong>Dar-</strong></span> 
     </span>
    </p>
   </div>
   <div class='ocr_carea' id='block_1_41' title="bbox 2424 769 3977 839">
    <p class='ocr_par' dir='ltr' id='par_1_41' title="bbox 2424 769 3977 839">
     <span class='ocr_line' id='line_1_43' title="bbox 2424 769 3977 839; baseline 0.001 -18"><span class='ocrx_word' id='word_1_315' title='bbox 2424 770 2525 823; x_wconf 92' lang='lat' dir='ltr'><strong>iter</strong></span> <span class='ocrx_word' id='word_1_316' title='bbox 2550 770 2898 839; x_wconf 81' lang='lat' dir='ltr'><strong>corrigamus,</strong></span> <span class='ocrx_word' id='word_1_317' title='bbox 2923 779 2978 825; x_wconf 90' lang='lat' dir='ltr'><strong>et</strong></span> <span class='ocrx_word' id='word_1_318' title='bbox 3016 769 3319 822; x_wconf 86' lang='lat' dir='ltr'><strong>humaniter</strong></span> <span class='ocrx_word' id='word_1_319' title='bbox 3344 770 3712 824; x_wconf 89' lang='lat' dir='ltr'><strong>cohortemur.</strong></span> <span class='ocrx_word' id='word_1_320' title='bbox 3742 769 3843 834; x_wconf 84' lang='lat' dir='ltr'><strong>Qui</strong></span> <span class='ocrx_word' id='word_1_321' title='bbox 3870 789 3977 836; x_wconf 85' lang='lat' dir='ltr'><strong>par-</strong></span> 
     </span>
    </p>
   </div>
   <div class='ocr_carea' id='block_1_42' title="bbox 2400 840 3982 909">
    <p class='ocr_par' dir='ltr' id='par_1_42' title="bbox 2400 840 3982 909">
     <span class='ocr_line' id='line_1_44' title="bbox 2400 840 3982 909; baseline 0.003 -17"><span class='ocrx_word' id='word_1_322' title='bbox 2400 840 2486 904; x_wconf 87' lang='lat' dir='ltr'><strong>cit,</strong></span> <span class='ocrx_word' id='word_1_323' title='bbox 2516 840 2702 909; x_wconf 74' lang='lat' dir='ltr'><strong>inquit,</strong></span> <span class='ocrx_word' id='word_1_324' title='bbox 2731 842 2953 893; x_wconf 82' lang='lat' dir='ltr'><strong>emittere</strong></span> <span class='ocrx_word' id='word_1_325' title='bbox 2982 841 3183 893; x_wconf 85' lang='lat' dir='ltr'><strong>verbum</strong></span> <span class='ocrx_word' id='word_1_326' title='bbox 3220 840 3423 899; x_wconf 78' lang='lat' dir='ltr'><strong>durum,</strong></span> <span class='ocrx_word' id='word_1_327' title='bbox 3454 841 3679 908; x_wconf 78' lang='lat' dir='ltr'><strong>prudens</strong></span> <span class='ocrx_word' id='word_1_328' title='bbox 3708 851 3798 893; x_wconf 83' lang='lat' dir='ltr'><strong>est.</strong></span> <span class='ocrx_word' id='word_1_329' title='bbox 3831 840 3982 896; x_wconf 71' lang='lat' dir='ltr'><strong>Fores</strong></span> 
     </span>
    </p>
   </div>
   <div class='ocr_carea' id='block_1_43' title="bbox 2399 910 3980 974">
    <p class='ocr_par' dir='ltr' id='par_1_43' title="bbox 2399 910 3980 974">
     <span class='ocr_line' id='line_1_45' title="bbox 2399 910 3980 974; baseline 0.003 -13"><span class='ocrx_word' id='word_1_330' title='bbox 2399 911 2562 963; x_wconf 85' lang='lat' dir='ltr'><strong>mellis</strong></span> <span class='ocrx_word' id='word_1_331' title='bbox 2592 926 2840 963; x_wconf 70' lang='lat' dir='ltr'><strong>sertitoiies</strong></span> <span class='ocrx_word' id='word_1_332' title='bbox 2866 912 2999 974; x_wconf 86' lang='lat' dir='ltr'><strong>boni,</strong></span> <span class='ocrx_word' id='word_1_333' title='bbox 3032 910 3243 968; x_wconf 82' lang='lat' dir='ltr'><strong>dulcedo</strong></span> <span class='ocrx_word' id='word_1_334' title='bbox 3273 919 3439 962; x_wconf 87' lang='lat' dir='ltr'><strong>autem</strong></span> <span class='ocrx_word' id='word_1_335' title='bbox 3464 926 3636 963; x_wconf 89' lang='lat' dir='ltr'><strong>eorum</strong></span> <span class='ocrx_word' id='word_1_336' title='bbox 3667 912 3861 965; x_wconf 75' lang='lat' dir='ltr'><strong>sanitas</strong></span> <span class='ocrx_word' id='word_1_337' title='bbox 3881 916 3980 965; x_wconf 83' lang='lat' dir='ltr'><strong>ani-</strong></span> 
     </span>
    </p>
   </div>
   <div class='ocr_carea' id='block_1_44' title="bbox 2400 979 3981 1050">
    <p class='ocr_par' dir='ltr' id='par_1_44' title="bbox 2400 979 3981 1050">
     <span class='ocr_line' id='line_1_46' title="bbox 2400 979 3981 1050; baseline 0.003 -19"><span class='ocrx_word' id='word_1_338' title='bbox 2400 996 2514 1033; x_wconf 75' lang='lat' dir='ltr'><strong>mw.</strong></span> <span class='ocrx_word' id='word_1_339' title='bbox 2549 979 2681 1035; x_wconf 85' lang='lat' dir='ltr'><strong>Sunt</strong></span> <span class='ocrx_word' id='word_1_340' title='bbox 2703 983 2789 1050; x_wconf 82' lang='lat' dir='ltr'><strong>qui</strong></span> <span class='ocrx_word' id='word_1_341' title='bbox 2810 982 3030 1035; x_wconf 76' lang='lat' dir='ltr'><strong>dicentes</strong></span> <span class='ocrx_word' id='word_1_342' title='bbox 3057 984 3320 1035; x_wconf 82' lang='lat' dir='ltr'><strong>vulnerant</strong></span> <span class='ocrx_word' id='word_1_343' title='bbox 3342 981 3488 1050; x_wconf 85' lang='lat' dir='ltr'><strong>quasi</strong></span> <span class='ocrx_word' id='word_1_344' title='bbox 3507 982 3662 1050; x_wconf 78' lang='lat' dir='ltr'><strong>ensis,</strong></span> <span class='ocrx_word' id='word_1_345' title='bbox 3690 981 3882 1050; x_wconf 68' lang='lat' dir='ltr'><strong>lingua</strong></span> <span class='ocrx_word' id='word_1_346' title='bbox 3904 1000 3981 1036; x_wconf 82' lang='lat' dir='ltr'><strong>ou-</strong></span> 
     </span>
    </p>
   </div>
   <div class='ocr_carea' id='block_1_45' title="bbox 2401 1049 3978 1120">
    <p class='ocr_par' dir='ltr' id='par_1_45' title="bbox 2401 1049 3978 1120">
     <span class='ocr_line' id='line_1_47' title="bbox 2401 1049 3978 1120; baseline 0.002 -17"><span class='ocrx_word' id='word_1_347' title='bbox 2401 1061 2498 1104; x_wconf 88' lang='lat' dir='ltr'><strong>tem</strong></span> <span class='ocrx_word' id='word_1_348' title='bbox 2522 1052 2804 1120; x_wconf 77' lang='lat' dir='ltr'><strong>sapientum</strong></span> <span class='ocrx_word' id='word_1_349' title='bbox 2842 1064 3022 1105; x_wconf 84' lang='lat' dir='ltr'><strong>sanant</strong></span> <span class='ocrx_word' id='word_1_350' title='bbox 3062 1050 3273 1118; x_wconf 65' lang='lat' dir='ltr'><strong>(Prov.</strong></span> <span class='ocrx_word' id='word_1_351' title='bbox 3296 1049 3383 1106; x_wconf 84' lang='grc'><strong>10.</strong></span> <span class='ocrx_word' id='word_1_352' title='bbox 3421 1051 3516 1114; x_wconf 87' lang='grc'><strong>19;</strong></span> <span class='ocrx_word' id='word_1_353' title='bbox 3566 1049 3725 1104; x_wconf 77' lang='lat' dir='ltr'><strong>Prov.</strong></span> <span class='ocrx_word' id='word_1_354' title='bbox 3760 1049 3849 1105; x_wconf 81' lang='grc'><strong>16.</strong></span> <span class='ocrx_word' id='word_1_355' title='bbox 3889 1054 3978 1116; x_wconf 66' lang='lat' dir='ltr'><strong>2t;</strong></span> 
     </span>
    </p>
   </div>
   <div class='ocr_carea' id='block_1_46' title="bbox 2402 1120 3979 1193">
    <p class='ocr_par' dir='ltr' id='par_1_46' title="bbox 2402 1120 3979 1193">
     <span class='ocr_line' id='line_1_48' title="bbox 2402 1120 3979 1193; baseline 0.001 -19"><span class='ocrx_word' id='word_1_356' title='bbox 2402 1120 2561 1193; x_wconf 66' lang='lat' dir='ltr'><strong>Prov.</strong></span> <span class='ocrx_word' id='word_1_357' title='bbox 2591 1123 2676 1176; x_wconf 67' lang='grc' dir='ltr'><strong>ω.</strong></span> <span class='ocrx_word' id='word_1_358' title='bbox 2705 1122 2822 1193; x_wconf 90' lang='grc'><strong>18).</strong></span> <span class='ocrx_word' id='word_1_359' title='bbox 2856 1122 3292 1193; x_wconf 15' lang='grc' dir='ltr'><strong>Β‹›ιιιιῐιιί(ιυίι1ριη</strong></span> <span class='ocrx_word' id='word_1_360' title='bbox 3315 1130 3397 1193; x_wconf 80' lang='lat' dir='ltr'><strong>est</strong></span> <span class='ocrx_word' id='word_1_361' title='bbox 3417 1121 3612 1193; x_wconf 75' lang='lat' dir='ltr'><strong>divinis</strong></span> <span class='ocrx_word' id='word_1_362' title='bbox 3633 1124 3860 1176; x_wconf 82' lang='lat' dir='ltr'><strong>canticis</strong></span> <span class='ocrx_word' id='word_1_363' title='bbox 3881 1140 3979 1176; x_wconf 87' lang='lat' dir='ltr'><strong>mo-</strong></span> 
     </span>
    </p>
   </div>
   <div class='ocr_carea' id='block_1_47' title="bbox 2397 1190 3979 1262">
    <p class='ocr_par' dir='ltr' id='par_1_47' title="bbox 2397 1190 3979 1262">
     <span class='ocr_line' id='line_1_49' title="bbox 2397 1190 3979 1262; baseline 0.002 -16"><span class='ocrx_word' id='word_1_364' title='bbox 2397 1190 2582 1247; x_wconf 88' lang='lat' dir='ltr'><strong>derate</strong></span> <span class='ocrx_word' id='word_1_365' title='bbox 2622 1190 3022 1262; x_wconf 81' lang='lat' dir='ltr'><strong>operamdarc.</strong></span> <span class='ocrx_word' id='word_1_366' title='bbox 3055 1192 3184 1262; x_wconf 82' lang='lat' dir='ltr'><strong>Nam</strong></span> <span class='ocrx_word' id='word_1_367' title='bbox 3231 1191 3409 1262; x_wconf 60' lang='lat' dir='ltr'><strong>lmtitia</strong></span> <span class='ocrx_word' id='word_1_368' title='bbox 3450 1192 3718 1260; x_wconf 86' lang='lat' dir='ltr'><strong>ejusmodi</strong></span> <span class='ocrx_word' id='word_1_369' title='bbox 3761 1205 3979 1249; x_wconf 87' lang='lat' dir='ltr'><strong>mentem</strong></span> 
     </span>
    </p>
   </div>
   <div class='ocr_carea' id='block_1_48' title="bbox 2399 1259 3978 1332">
    <p class='ocr_par' dir='ltr' id='par_1_48' title="bbox 2399 1259 3978 1332">
     <span class='ocr_line' id='line_1_50' title="bbox 2399 1259 3978 1332; baseline 0.001 -17"><span class='ocrx_word' id='word_1_370' title='bbox 2399 1259 2713 1328; x_wconf 71' lang='lat' dir='ltr'><strong>sanctificat,</strong></span> <span class='ocrx_word' id='word_1_371' title='bbox 2732 1268 2790 1313; x_wconf 92' lang='lat' dir='ltr'><strong>ut</strong></span> <span class='ocrx_word' id='word_1_372' title='bbox 2808 1259 2886 1313; x_wconf 83' lang='lat' dir='ltr'><strong>ait</strong></span> <span class='ocrx_word' id='word_1_373' title='bbox 2906 1261 3201 1331; x_wconf 83' lang='lat' dir='ltr'><strong>Apostolus</strong></span> <span class='ocrx_word' id='word_1_374' title='bbox 3221 1275 3234 1313; x_wconf 88' lang='lat'>:</span> <span class='ocrx_word' id='word_1_375' title='bbox 3256 1259 3545 1329; x_wconf 80' lang='lat' dir='ltr'><strong>Intplemini</strong></span> <span class='ocrx_word' id='word_1_376' title='bbox 3575 1262 3778 1332; x_wconf 81' lang='lat' dir='ltr'><strong>Spiritu</strong></span> <span class='ocrx_word' id='word_1_377' title='bbox 3800 1275 3978 1325; x_wconf 80' lang='lat' dir='ltr'><strong>sancto,</strong></span> 
     </span>
    </p>
   </div>
   <div class='ocr_carea' id='block_1_49' title="bbox 2400 1331 3977 1401">
    <p class='ocr_par' dir='ltr' id='par_1_49' title="bbox 2400 1331 3977 1401">
     <span class='ocr_line' id='line_1_51' title="bbox 2400 1331 3977 1401; baseline -0.001 -17"><span class='ocrx_word' id='word_1_378' title='bbox 2400 1331 2566 1401; x_wconf 86' lang='lat' dir='ltr'><strong>inquit</strong></span> <span class='ocrx_word' id='word_1_379' title='bbox 2592 1374 2606 1397; x_wconf 89' lang='lat'><strong>,</strong></span> <span class='ocrx_word' id='word_1_380' title='bbox 2636 1343 2894 1386; x_wconf 80' lang='lat' dir='ltr'><strong>cantantes</strong></span> <span class='ocrx_word' id='word_1_381' title='bbox 2933 1345 2979 1385; x_wconf 89' lang='lat' dir='ltr'><strong>et</strong></span> <span class='ocrx_word' id='word_1_382' title='bbox 3022 1334 3290 1401; x_wconf 83' lang='lat' dir='ltr'><strong>psallentes</strong></span> <span class='ocrx_word' id='word_1_383' title='bbox 3319 1332 3370 1384; x_wconf 87' lang='lat' dir='ltr'><strong>in</strong></span> <span class='ocrx_word' id='word_1_384' title='bbox 3411 1334 3646 1385; x_wconf 78' lang='lat' dir='ltr'><strong>cordibus</strong></span> <span class='ocrx_word' id='word_1_385' title='bbox 3675 1336 3853 1387; x_wconf 71' lang='lat' dir='ltr'><strong>vestris</strong></span> <span class='ocrx_word' id='word_1_386' title='bbox 3883 1334 3977 1386; x_wconf 75' lang='lat' dir='ltr'><strong>Do;</strong></span> 
     </span>
    </p>
   </div>
   <div class='ocr_carea' id='block_1_50' title="bbox 2398 1402 3979 1473">
    <p class='ocr_par' dir='ltr' id='par_1_50' title="bbox 2398 1402 3979 1473">
     <span class='ocr_line' id='line_1_52' title="bbox 2398 1402 3979 1473; baseline 0.003 -18"><span class='ocrx_word' id='word_1_387' title='bbox 2398 1404 2533 1458; x_wconf 84' lang='lat' dir='ltr'><strong>mino</strong></span> <span class='ocrx_word' id='word_1_388' title='bbox 2562 1402 2782 1471; x_wconf 81' lang='lat' dir='ltr'><strong>(Ephes.</strong></span> <span class='ocrx_word' id='word_1_389' title='bbox 2826 1405 2878 1457; x_wconf 80' lang='grc'><strong>5.</strong></span> <span class='ocrx_word' id='word_1_390' title='bbox 2916 1404 3140 1473; x_wconf 83' lang='grc'><strong>18-19).</strong></span> <span class='ocrx_word' id='word_1_391' title='bbox 3172 1403 3375 1457; x_wconf 86' lang='lat' dir='ltr'><strong>Bonum</strong></span> <span class='ocrx_word' id='word_1_392' title='bbox 3412 1404 3578 1473; x_wconf 83' lang='lat' dir='ltr'><strong>igitur</strong></span> <span class='ocrx_word' id='word_1_393' title='bbox 3605 1414 3686 1458; x_wconf 89' lang='lat' dir='ltr'><strong>est</strong></span> <span class='ocrx_word' id='word_1_394' title='bbox 3720 1446 3735 1465; x_wconf 84' lang='lat'><strong>,</strong></span> <span class='ocrx_word' id='word_1_395' title='bbox 3763 1406 3831 1457; x_wconf 90' lang='lat' dir='ltr'><strong>ad</strong></span> <span class='ocrx_word' id='word_1_396' title='bbox 3862 1406 3979 1458; x_wconf 67' lang='lat' dir='ltr'><strong>lacti-</strong></span> 
     </span>
    </p>
   </div>
   <div class='ocr_carea' id='block_1_51' title="bbox 2400 1472 3979 1543">
    <p class='ocr_par' dir='ltr' id='par_1_51' title="bbox 2400 1472 3979 1543">
     <span class='ocr_line' id='line_1_53' title="bbox 2400 1472 3979 1543; baseline 0.003 -18"><span class='ocrx_word' id='word_1_397' title='bbox 2400 1473 2525 1525; x_wconf 86' lang='lat' dir='ltr'><strong>tiam</strong></span> <span class='ocrx_word' id='word_1_398' title='bbox 2556 1473 2818 1541; x_wconf 87' lang='lat' dir='ltr'><strong>ejusmodi</strong></span> <span class='ocrx_word' id='word_1_399' title='bbox 2847 1472 3275 1543; x_wconf 85' lang='lat' dir='ltr'><strong>consequendam</strong></span> <span class='ocrx_word' id='word_1_400' title='bbox 3306 1472 3542 1528; x_wconf 84' lang='lat' dir='ltr'><strong>studiose</strong></span> <span class='ocrx_word' id='word_1_401' title='bbox 3573 1489 3790 1537; x_wconf 85' lang='lat' dir='ltr'><strong>vacare,</strong></span> <span class='ocrx_word' id='word_1_402' title='bbox 3821 1491 3979 1543; x_wconf 80' lang='lat' dir='ltr'><strong>neque</strong></span> 
     </span>
    </p>
   </div>
   <div class='ocr_carea' id='block_1_52' title="bbox 2398 1544 3979 1615">
    <p class='ocr_par' dir='ltr' id='par_1_52' title="bbox 2398 1544 3979 1615">
     <span class='ocr_line' id='line_1_54' title="bbox 2398 1544 3979 1615; baseline 0.001 -19"><span class='ocrx_word' id='word_1_403' title='bbox 2398 1544 2467 1596; x_wconf 89' lang='lat' dir='ltr'><strong>ob</strong></span> <span class='ocrx_word' id='word_1_404' title='bbox 2497 1545 2778 1615; x_wconf 84' lang='lat' dir='ltr'><strong>quamdam</strong></span> <span class='ocrx_word' id='word_1_405' title='bbox 2811 1559 3016 1615; x_wconf 89' lang='lat' dir='ltr'><strong>morum</strong></span> <span class='ocrx_word' id='word_1_406' title='bbox 3062 1545 3403 1613; x_wconf 84' lang='lat' dir='ltr'><strong>asperitatem</strong></span> <span class='ocrx_word' id='word_1_407' title='bbox 3434 1559 3497 1598; x_wconf 89' lang='lat' dir='ltr'><strong>ac</strong></span> <span class='ocrx_word' id='word_1_408' title='bbox 3523 1544 3776 1615; x_wconf 87' lang='lat' dir='ltr'><strong>duritiem</strong></span> <span class='ocrx_word' id='word_1_409' title='bbox 3820 1546 3979 1615; x_wconf 82' lang='lat' dir='ltr'><strong>negli-</strong></span> 
     </span>
    </p>
   </div>
   <div class='ocr_carea' id='block_1_53' title="bbox 2395 1614 3976 1681">
    <p class='ocr_par' dir='ltr' id='par_1_53' title="bbox 2395 1614 3976 1681">
     <span class='ocr_line' id='line_1_55' title="bbox 2395 1614 3976 1681; baseline 0.003 -16"><span class='ocrx_word' id='word_1_410' title='bbox 2395 1624 2581 1680; x_wconf 78' lang='lat' dir='ltr'><strong>genter</strong></span> <span class='ocrx_word' id='word_1_411' title='bbox 2608 1614 2658 1667; x_wconf 89' lang='lat' dir='ltr'><strong>in</strong></span> <span class='ocrx_word' id='word_1_412' title='bbox 2685 1614 2879 1667; x_wconf 83' lang='lat' dir='ltr'><strong>divinis</strong></span> <span class='ocrx_word' id='word_1_413' title='bbox 2904 1615 3146 1668; x_wconf 88' lang='lat' dir='ltr'><strong>cantibus</strong></span> <span class='ocrx_word' id='word_1_414' title='bbox 3176 1615 3399 1679; x_wconf 88' lang='lat' dir='ltr'><strong>versari,</strong></span> <span class='ocrx_word' id='word_1_415' title='bbox 3432 1616 3583 1681; x_wconf 88' lang='lat' dir='ltr'><strong>quasi</strong></span> <span class='ocrx_word' id='word_1_416' title='bbox 3612 1614 3864 1668; x_wconf 87' lang='lat' dir='ltr'><strong>nimirum</strong></span> <span class='ocrx_word' id='word_1_417' title='bbox 3897 1614 3976 1670; x_wconf 73' lang='lat' dir='ltr'><strong>vo-</strong></span> 
     </span>
    </p>
   </div>
   <div class='ocr_carea' id='block_1_54' title="bbox 2400 1685 3977 1753">
    <p class='ocr_par' dir='ltr' id='par_1_54' title="bbox 2400 1685 3977 1753">
     <span class='ocr_line' id='line_1_56' title="bbox 2400 1685 3977 1753; baseline 0.002 -16"><span class='ocrx_word' id='word_1_418' title='bbox 2400 1700 2516 1737; x_wconf 89' lang='lat' dir='ltr'><strong>cem</strong></span> <span class='ocrx_word' id='word_1_419' title='bbox 2549 1685 2856 1753; x_wconf 85' lang='lat' dir='ltr'><strong>impendere</strong></span> <span class='ocrx_word' id='word_1_420' title='bbox 2899 1685 2989 1738; x_wconf 89' lang='lat' dir='ltr'><strong>Dei</strong></span> <span class='ocrx_word' id='word_1_421' title='bbox 3024 1685 3267 1739; x_wconf 88' lang='lat' dir='ltr'><strong>laudibus</strong></span> <span class='ocrx_word' id='word_1_422' title='bbox 3293 1701 3397 1738; x_wconf 90' lang='lat' dir='ltr'><strong>non</strong></span> <span class='ocrx_word' id='word_1_423' title='bbox 3434 1685 3737 1753; x_wconf 82' lang='lat' dir='ltr'><strong>dignemur.</strong></span> <span class='ocrx_word' id='word_1_424' title='bbox 3766 1686 3897 1740; x_wconf 82' lang='lat' dir='ltr'><strong>Nam</strong></span> <span class='ocrx_word' id='word_1_425' title='bbox 3922 1688 3977 1740; x_wconf 85' lang='lat' dir='ltr'><strong>ad</strong></span> 
     </span>
    </p>
   </div>
   <div class='ocr_carea' id='block_1_55' title="bbox 2396 1754 3976 1826">
    <p class='ocr_par' dir='ltr' id='par_1_55' title="bbox 2396 1754 3976 1826">
     <span class='ocr_line' id='line_1_57' title="bbox 2396 1754 3976 1826; baseline 0.003 -20"><span class='ocrx_word' id='word_1_426' title='bbox 2396 1754 2656 1826; x_wconf 75' lang='lat' dir='ltr'><strong>ejusmodi</strong></span> <span class='ocrx_word' id='word_1_427' title='bbox 2689 1770 2800 1809; x_wconf 90' lang='lat' dir='ltr'><strong>rem</strong></span> <span class='ocrx_word' id='word_1_428' title='bbox 2832 1764 3071 1809; x_wconf 86' lang='lat' dir='ltr'><strong>sanctam</strong></span> <span class='ocrx_word' id='word_1_429' title='bbox 3103 1766 3157 1810; x_wconf 89' lang='lat' dir='ltr'><strong>et</strong></span> <span class='ocrx_word' id='word_1_430' title='bbox 3200 1770 3412 1809; x_wconf 87' lang='lat' dir='ltr'><strong>sacrum</strong></span> <span class='ocrx_word' id='word_1_431' title='bbox 3460 1757 3606 1809; x_wconf 90' lang='lat' dir='ltr'><strong>illum</strong></span> <span class='ocrx_word' id='word_1_432' title='bbox 3640 1771 3976 1826; x_wconf 79' lang='lat' dir='ltr'><strong>congressum</strong></span> 
     </span>
    </p>
   </div>
   <div class='ocr_carea' id='block_1_56' title="bbox 2396 1823 3977 1893">
    <p class='ocr_par' dir='ltr' id='par_1_56' title="bbox 2396 1823 3977 1893">
     <span class='ocr_line' id='line_1_58' title="bbox 2396 1823 3977 1893; baseline 0.001 -17"><span class='ocrx_word' id='word_1_433' title='bbox 2396 1823 2639 1879; x_wconf 85' lang='lat' dir='ltr'><strong>hilariter</strong></span> <span class='ocrx_word' id='word_1_434' title='bbox 2664 1826 2884 1879; x_wconf 81' lang='lat' dir='ltr'><strong>affectos</strong></span> <span class='ocrx_word' id='word_1_435' title='bbox 2909 1841 3029 1881; x_wconf 91' lang='lat' dir='ltr'><strong>esse</strong></span> <span class='ocrx_word' id='word_1_436' title='bbox 3061 1842 3157 1880; x_wconf 89' lang='lat' dir='ltr'><strong>nos</strong></span> <span class='ocrx_word' id='word_1_437' title='bbox 3182 1834 3413 1893; x_wconf 89' lang='lat' dir='ltr'><strong>oportet,</strong></span> <span class='ocrx_word' id='word_1_438' title='bbox 3446 1842 3549 1879; x_wconf 91' lang='lat' dir='ltr'><strong>non</strong></span> <span class='ocrx_word' id='word_1_439' title='bbox 3581 1827 3632 1879; x_wconf 80' lang='lat' dir='ltr'><strong>in</strong></span> <span class='ocrx_word' id='word_1_440' title='bbox 3663 1823 3848 1881; x_wconf 77' lang='lat' dir='ltr'><strong>dulces</strong></span> <span class='ocrx_word' id='word_1_441' title='bbox 3875 1844 3977 1879; x_wconf 68' lang='lat' dir='ltr'><strong>mo.</strong></span> 
     </span>
    </p>
   </div>
   <div class='ocr_carea' id='block_1_57' title="bbox 2395 1894 3977 1963">
    <p class='ocr_par' dir='ltr' id='par_1_57' title="bbox 2395 1894 3977 1963">
     <span class='ocr_line' id='line_1_59' title="bbox 2395 1894 3977 1963; baseline 0.004 -17"><span class='ocrx_word' id='word_1_442' title='bbox 2395 1894 2549 1947; x_wconf 90' lang='lat' dir='ltr'><strong>dulos</strong></span> <span class='ocrx_word' id='word_1_443' title='bbox 2608 1896 2850 1957; x_wconf 65' lang='lat' dir='ltr'><strong>effundi,</strong></span> <span class='ocrx_word' id='word_1_444' title='bbox 2903 1912 3077 1963; x_wconf 85' lang='lat' dir='ltr'><strong>neque</strong></span> <span class='ocrx_word' id='word_1_445' title='bbox 3124 1896 3348 1950; x_wconf 89' lang='lat' dir='ltr'><strong>delicate</strong></span> <span class='ocrx_word' id='word_1_446' title='bbox 3397 1896 3592 1950; x_wconf 89' lang='lat' dir='ltr'><strong>divinis</strong></span> <span class='ocrx_word' id='word_1_447' title='bbox 3641 1899 3977 1953; x_wconf 82' lang='lat' dir='ltr'><strong>concentibus</strong></span> 
     </span>
    </p>
   </div>
   <div class='ocr_carea' id='block_1_58' title="bbox 2394 1964 3977 2035">
    <p class='ocr_par' dir='ltr' id='par_1_58' title="bbox 2394 1964 3977 2035">
     <span class='ocr_line' id='line_1_60' title="bbox 2394 1964 3977 2035; baseline 0.003 -18"><span class='ocrx_word' id='word_1_448' title='bbox 2394 1964 2635 2028; x_wconf 88' lang='lat' dir='ltr'><strong>mulceri,</strong></span> <span class='ocrx_word' id='word_1_449' title='bbox 2668 1981 2840 2034; x_wconf 88' lang='lat' dir='ltr'><strong>neque</strong></span> <span class='ocrx_word' id='word_1_450' title='bbox 2864 1966 3112 2020; x_wconf 90' lang='lat' dir='ltr'><strong>mollibus</strong></span> <span class='ocrx_word' id='word_1_451' title='bbox 3141 1982 3203 2020; x_wconf 91' lang='lat' dir='ltr'><strong>ac</strong></span> <span class='ocrx_word' id='word_1_452' title='bbox 3231 1968 3408 2019; x_wconf 86' lang='lat' dir='ltr'><strong>fractis</strong></span> <span class='ocrx_word' id='word_1_453' title='bbox 3434 1969 3579 2020; x_wconf 91' lang='lat' dir='ltr'><strong>sonis</strong></span> <span class='ocrx_word' id='word_1_454' title='bbox 3603 1968 3837 2035; x_wconf 87' lang='lat' dir='ltr'><strong>gaudere</strong></span> <span class='ocrx_word' id='word_1_455' title='bbox 3859 2011 3873 2031; x_wconf 93' lang='lat'><strong>,</strong></span> <span class='ocrx_word' id='word_1_456' title='bbox 3902 1982 3977 2021; x_wconf 87' lang='lat' dir='ltr'><strong>at-</strong></span> 
     </span>
    </p>
   </div>
   <div class='ocr_carea' id='block_1_59' title="bbox 2394 2036 3975 2106">
    <p class='ocr_par' dir='ltr' id='par_1_59' title="bbox 2394 2036 3975 2106">
     <span class='ocr_line' id='line_1_61' title="bbox 2394 2036 3975 2106; baseline 0.003 -22"><span class='ocrx_word' id='word_1_457' title='bbox 2394 2050 2497 2102; x_wconf 89' lang='lat' dir='ltr'><strong>que</strong></span> <span class='ocrx_word' id='word_1_458' title='bbox 2524 2036 2625 2088; x_wconf 91' lang='lat' dir='ltr'><strong>huc</strong></span> <span class='ocrx_word' id='word_1_459' title='bbox 2654 2036 2884 2105; x_wconf 89' lang='lat' dir='ltr'><strong>illucque</strong></span> <span class='ocrx_word' id='word_1_460' title='bbox 2910 2037 3097 2090; x_wconf 86' lang='lat' dir='ltr'><strong>oculos</strong></span> <span class='ocrx_word' id='word_1_461' title='bbox 3127 2036 3470 2090; x_wconf 88' lang='lat' dir='ltr'><strong>circumferre</strong></span> <span class='ocrx_word' id='word_1_462' title='bbox 3495 2080 3509 2100; x_wconf 88' lang='lat'><strong>,</strong></span> <span class='ocrx_word' id='word_1_463' title='bbox 3544 2048 3601 2090; x_wconf 85' lang='grc' dir='ltr'><strong>ιιι</strong></span> <span class='ocrx_word' id='word_1_464' title='bbox 3632 2040 3819 2091; x_wconf 83' lang='lat' dir='ltr'><strong>videas</strong></span> <span class='ocrx_word' id='word_1_465' title='bbox 3842 2080 3854 2102; x_wconf 95' lang='lat'><strong>,</strong></span> <span class='ocrx_word' id='word_1_466' title='bbox 3882 2056 3975 2106; x_wconf 75' lang='lat' dir='ltr'><strong>quo</strong></span> 
     </span>
    </p>
   </div>
   <div class='ocr_carea' id='block_1_60' title="bbox 2395 2102 3975 2177">
    <p class='ocr_par' dir='ltr' id='par_1_60' title="bbox 2395 2102 3975 2177">
     <span class='ocr_line' id='line_1_62' title="bbox 2395 2102 3975 2177; baseline 0.004 -22"><span class='ocrx_word' id='word_1_467' title='bbox 2395 2114 2551 2177; x_wconf 83' lang='lat' dir='ltr'><strong>pacto</strong></span> <span class='ocrx_word' id='word_1_468' title='bbox 2578 2102 2813 2159; x_wconf 79' lang='lat' dir='ltr'><strong>lauderis</strong></span> <span class='ocrx_word' id='word_1_469' title='bbox 2840 2125 2851 2159; x_wconf 91' lang='lat'>:</span> <span class='ocrx_word' id='word_1_470' title='bbox 2886 2107 2979 2160; x_wconf 90' lang='lat' dir='ltr'><strong>sed</strong></span> <span class='ocrx_word' id='word_1_471' title='bbox 3022 2108 3073 2161; x_wconf 89' lang='lat' dir='ltr'><strong>in</strong></span> <span class='ocrx_word' id='word_1_472' title='bbox 3107 2108 3214 2161; x_wconf 90' lang='lat' dir='ltr'><strong>Deo</strong></span> <span class='ocrx_word' id='word_1_473' title='bbox 3248 2108 3534 2160; x_wconf 60' lang='lat' dir='ltr'><strong>laetandum</strong></span> <span class='ocrx_word' id='word_1_474' title='bbox 3567 2120 3673 2171; x_wconf 89' lang='lat' dir='ltr'><strong>est,</strong></span> <span class='ocrx_word' id='word_1_475' title='bbox 3704 2110 3858 2177; x_wconf 88' lang='lat' dir='ltr'><strong>eique</strong></span> <span class='ocrx_word' id='word_1_476' title='bbox 3886 2102 3975 2162; x_wconf 69' lang='grc' dir='ltr'><strong>ἑοῦ</strong></span> 
     </span>
    </p>
   </div>
   <div class='ocr_carea' id='block_1_61' title="bbox 2398 2176 3975 2248">
    <p class='ocr_par' dir='ltr' id='par_1_61' title="bbox 2398 2176 3975 2248">
     <span class='ocr_line' id='line_1_63' title="bbox 2398 2176 3975 2248; baseline 0.006 -25"><span class='ocrx_word' id='word_1_477' title='bbox 2398 2176 2603 2242; x_wconf 79' lang='lat' dir='ltr'><strong>placere</strong></span> <span class='ocrx_word' id='word_1_478' title='bbox 2628 2178 2961 2248; x_wconf 84' lang='lat' dir='ltr'><strong>studendum</strong></span> <span class='ocrx_word' id='word_1_479' title='bbox 2983 2218 2997 2241; x_wconf 94' lang='lat'><strong>,</strong></span> <span class='ocrx_word' id='word_1_480' title='bbox 3027 2188 3185 2246; x_wconf 88' lang='lat' dir='ltr'><strong>atque</strong></span> <span class='ocrx_word' id='word_1_481' title='bbox 3212 2177 3299 2231; x_wconf 89' lang='lat' dir='ltr'><strong>hic</strong></span> <span class='ocrx_word' id='word_1_482' title='bbox 3336 2179 3629 2248; x_wconf 64' lang='lat' dir='ltr'><strong>praecipue,</strong></span> <span class='ocrx_word' id='word_1_483' title='bbox 3661 2188 3718 2231; x_wconf 92' lang='lat' dir='ltr'><strong>ut</strong></span> <span class='ocrx_word' id='word_1_484' title='bbox 3743 2176 3860 2232; x_wconf 89' lang='lat' dir='ltr'><strong>cum</strong></span> <span class='ocrx_word' id='word_1_485' title='bbox 3891 2181 3975 2232; x_wconf 56' lang='lat' dir='ltr'><strong>bo-</strong></span> 
     </span>
    </p>
   </div>
   <div class='ocr_carea' id='block_1_62' title="bbox 2394 2246 3973 2316">
    <p class='ocr_par' dir='ltr' id='par_1_62' title="bbox 2394 2246 3973 2316">
     <span class='ocr_line' id='line_1_64' title="bbox 2394 2246 3973 2316; baseline 0.005 -19"><span class='ocrx_word' id='word_1_486' title='bbox 2394 2254 2602 2301; x_wconf 87' lang='lat' dir='ltr'><strong>nestate</strong></span> <span class='ocrx_word' id='word_1_487' title='bbox 2626 2246 2866 2301; x_wconf 88' lang='lat' dir='ltr'><strong>hilaritas</strong></span> <span class='ocrx_word' id='word_1_488' title='bbox 2901 2249 3070 2301; x_wconf 82' lang='lat' dir='ltr'><strong>mixta</strong></span> <span class='ocrx_word' id='word_1_489' title='bbox 3116 2246 3428 2316; x_wconf 86' lang='lat' dir='ltr'><strong>reperiatur,</strong></span> <span class='ocrx_word' id='word_1_490' title='bbox 3463 2246 3584 2302; x_wconf 78' lang='lat' dir='ltr'><strong>cum</strong></span> <span class='ocrx_word' id='word_1_491' title='bbox 3614 2264 3643 2300; x_wconf 87' lang='lat' dir='ltr'><strong>a</strong></span> <span class='ocrx_word' id='word_1_492' title='bbox 3675 2249 3769 2303; x_wconf 86' lang='lat' dir='ltr'><strong>Dei</strong></span> <span class='ocrx_word' id='word_1_493' title='bbox 3801 2251 3973 2305; x_wconf 80' lang='lat' dir='ltr'><strong>timore</strong></span> 
     </span>
    </p>
   </div>
   <div class='ocr_carea' id='block_1_63' title="bbox 2392 2317 3971 2387">
    <p class='ocr_par' dir='ltr' id='par_1_63' title="bbox 2392 2317 3971 2387">
     <span class='ocr_line' id='line_1_65' title="bbox 2392 2317 3971 2387; baseline 0.004 -21"><span class='ocrx_word' id='word_1_494' title='bbox 2392 2319 2621 2387; x_wconf 84' lang='lat' dir='ltr'><strong>gravitas</strong></span> <span class='ocrx_word' id='word_1_495' title='bbox 2648 2331 2697 2370; x_wconf 89' lang='lat' dir='ltr'><strong>et</strong></span> <span class='ocrx_word' id='word_1_496' title='bbox 2727 2317 2978 2372; x_wconf 89' lang='lat' dir='ltr'><strong>honestas</strong></span> <span class='ocrx_word' id='word_1_497' title='bbox 3011 2320 3376 2387; x_wconf 87' lang='lat' dir='ltr'><strong>proficiscatur</strong></span> <span class='ocrx_word' id='word_1_498' title='bbox 3400 2360 3414 2383; x_wconf 91' lang='lat'><strong>,</strong></span> <span class='ocrx_word' id='word_1_499' title='bbox 3447 2319 3612 2372; x_wconf 80' lang='lat' dir='ltr'><strong>divini</strong></span> <span class='ocrx_word' id='word_1_500' title='bbox 3644 2334 3775 2374; x_wconf 82' lang='lat' dir='ltr'><strong>vero</strong></span> <span class='ocrx_word' id='word_1_501' title='bbox 3800 2331 3971 2373; x_wconf 81' lang='lat' dir='ltr'><strong>cantus</strong></span> 
     </span>
    </p>
   </div>
   <div class='ocr_carea' id='block_1_64' title="bbox 2393 2386 3965 2456">
    <p class='ocr_par' dir='ltr' id='par_1_64' title="bbox 2393 2386 3965 2456">
     <span class='ocr_line' id='line_1_66' title="bbox 2393 2386 3965 2456; baseline 0.003 -18"><span class='ocrx_word' id='word_1_502' title='bbox 2393 2386 2457 2438; x_wconf 88' lang='lat' dir='ltr'><strong>ad</strong></span> <span class='ocrx_word' id='word_1_503' title='bbox 2487 2387 2720 2439; x_wconf 67' lang='lat' dir='ltr'><strong>laetitiam</strong></span> <span class='ocrx_word' id='word_1_504' title='bbox 2750 2403 2846 2441; x_wconf 91' lang='lat' dir='ltr'><strong>nos</strong></span> <span class='ocrx_word' id='word_1_505' title='bbox 2888 2386 3183 2456; x_wconf 85' lang='lat' dir='ltr'><strong>proveliant</strong></span> <span class='ocrx_word' id='word_1_506' title='bbox 3204 2430 3218 2455; x_wconf 93' lang='lat'><strong>,</strong></span> <span class='ocrx_word' id='word_1_507' title='bbox 3249 2399 3301 2443; x_wconf 89' lang='lat' dir='ltr'><strong>et</strong></span> <span class='ocrx_word' id='word_1_508' title='bbox 3330 2399 3544 2443; x_wconf 69' lang='lat' dir='ltr'><strong>aeterna:</strong></span> <span class='ocrx_word' id='word_1_509' title='bbox 3572 2390 3716 2443; x_wconf 86' lang='lat' dir='ltr'><strong>illius</strong></span> <span class='ocrx_word' id='word_1_510' title='bbox 3743 2393 3965 2443; x_wconf 68' lang='lat' dir='ltr'><strong>emitta-</strong></span> 
     </span>
    </p>
   </div>
   <div class='ocr_carea' id='block_1_65' title="bbox 2395 2458 3969 2529">
    <p class='ocr_par' dir='ltr' id='par_1_65' title="bbox 2395 2458 3969 2529">
     <span class='ocr_line' id='line_1_67' title="bbox 2395 2458 3969 2529; baseline 0.003 -20"><span class='ocrx_word' id='word_1_511' title='bbox 2395 2458 2558 2529; x_wconf 89' lang='lat' dir='ltr'><strong>_tionis</strong></span> <span class='ocrx_word' id='word_1_512' title='bbox 2583 2458 2941 2527; x_wconf 66' lang='lat' dir='ltr'><strong>imitationem</strong></span> <span class='ocrx_word' id='word_1_513' title='bbox 2966 2460 3015 2529; x_wconf 88' lang='lat' dir='ltr'><strong>in</strong></span> <span class='ocrx_word' id='word_1_514' title='bbox 3043 2460 3198 2513; x_wconf 91' lang='lat' dir='ltr'><strong>nobis</strong></span> <span class='ocrx_word' id='word_1_515' title='bbox 3226 2461 3551 2529; x_wconf 80' lang='lat' dir='ltr'><strong>exprimant,</strong></span> <span class='ocrx_word' id='word_1_516' title='bbox 3581 2461 3635 2513; x_wconf 92' lang='lat' dir='ltr'><strong>in</strong></span> <span class='ocrx_word' id='word_1_517' title='bbox 3665 2474 3770 2529; x_wconf 90' lang='lat' dir='ltr'><strong>qua</strong></span> <span class='ocrx_word' id='word_1_518' title='bbox 3798 2462 3867 2513; x_wconf 91' lang='lat' dir='ltr'><strong>illi</strong></span> <span class='ocrx_word' id='word_1_519' title='bbox 3892 2463 3969 2529; x_wconf 89' lang='lat' dir='ltr'><strong>qui</strong></span> 
     </span>
    </p>
   </div>
   <div class='ocr_carea' id='block_1_66' title="bbox 2393 2525 3970 2599">
    <p class='ocr_par' dir='ltr' id='par_1_66' title="bbox 2393 2525 3970 2599">
     <span class='ocr_line' id='line_1_68' title="bbox 2393 2525 3970 2599; baseline 0.003 -20"><span class='ocrx_word' id='word_1_520' title='bbox 2393 2525 2618 2599; x_wconf 78' lang='lat' dir='ltr'><strong>honeste</strong></span> <span class='ocrx_word' id='word_1_521' title='bbox 2640 2525 2939 2582; x_wconf 80' lang='lat' dir='ltr'><strong>conversati</strong></span> <span class='ocrx_word' id='word_1_522' title='bbox 2985 2528 3214 2595; x_wconf 89' lang='lat' dir='ltr'><strong>fuerint,</strong></span> <span class='ocrx_word' id='word_1_523' title='bbox 3242 2525 3472 2583; x_wconf 86' lang='lat' dir='ltr'><strong>futuram</strong></span> <span class='ocrx_word' id='word_1_524' title='bbox 3499 2525 3795 2599; x_wconf 77' lang='lat' dir='ltr'><strong>transigent</strong></span> <span class='ocrx_word' id='word_1_525' title='bbox 3827 2525 3970 2584; x_wconf 71' lang='lat' dir='ltr'><strong>vitam</strong></span> 
     </span>
    </p>
   </div>
   <div class='ocr_carea' id='block_1_67' title="bbox 2392 2598 3970 2723">
    <p class='ocr_par' dir='ltr' id='par_1_67' title="bbox 2392 2598 3970 2723">
     <span class='ocr_line' id='line_1_69' title="bbox 2392 2598 3970 2670; baseline 0.003 -20"><span class='ocrx_word' id='word_1_526' title='bbox 2392 2599 2533 2666; x_wconf 91' lang='lat' dir='ltr'><strong>apud</strong></span> <span class='ocrx_word' id='word_1_527' title='bbox 2563 2598 2867 2662; x_wconf 90' lang='lat' dir='ltr'><strong>Dominum,</strong></span> <span class='ocrx_word' id='word_1_528' title='bbox 2890 2599 2975 2654; x_wconf 92' lang='lat' dir='ltr'><strong>cui</strong></span> <span class='ocrx_word' id='word_1_529' title='bbox 2999 2599 3166 2670; x_wconf 87' lang='lat' dir='ltr'><strong>gloria</strong></span> <span class='ocrx_word' id='word_1_530' title='bbox 3192 2607 3248 2655; x_wconf 88' lang='lat' dir='ltr'><strong>et</strong></span> <span class='ocrx_word' id='word_1_531' title='bbox 3270 2598 3557 2669; x_wconf 88' lang='lat' dir='ltr'><strong>imperium</strong></span> <span class='ocrx_word' id='word_1_532' title='bbox 3585 2602 3642 2656; x_wconf 89' lang='lat' dir='ltr'><strong>in</strong></span> <span class='ocrx_word' id='word_1_533' title='bbox 3668 2598 3970 2657; x_wconf 63' lang='lat' dir='ltr'><strong>Saeculum-</strong></span> 
     </span>
     <span class='ocr_line' id='line_1_70' title="bbox 2394 2669 2902 2723; baseline 0.006 -2"><span class='ocrx_word' id='word_1_534' title='bbox 2394 2669 2662 2722; x_wconf 88' lang='lat' dir='ltr'><strong>culorum.</strong></span> <span class='ocrx_word' id='word_1_535' title='bbox 2706 2670 2902 2723; x_wconf 83' lang='lat' dir='ltr'><strong>Amen.</strong></span> 
     </span>
    </p>
   </div>
   <div class='ocr_carea' id='block_1_68' title="bbox 2394 2682 2902 2723">
    <p class='ocr_par' dir='ltr' id='par_1_68' title="bbox 2394 2682 2902 2723">
     <span class='ocr_line' id='line_1_71' title="bbox 2394 2682 2902 2723; baseline 0.006 -2"><span class='ocrx_word' id='word_1_536' title='bbox 2394 2682 2636 2722; x_wconf 77' lang='lat' dir='ltr'><strong>culorum</strong></span> <span class='ocrx_word' id='word_1_537' title='bbox 2646 2708 2662 2721; x_wconf 85' lang='lat'><em>.</em></span> <span class='ocrx_word' id='word_1_538' title='bbox 2706 2682 2902 2723; x_wconf 79' lang='lat' dir='ltr'><strong>Amen.</strong></span> 
     </span>
    </p>
   </div>
   <div class='ocr_carea' id='block_1_69' title="bbox 726 2841 3952 2873">
    <p class='ocr_par' dir='ltr' id='par_1_69' title="bbox 726 2841 3952 2873">
     <span class='ocr_line' id='line_1_72' title="bbox 726 2841 3952 2873; baseline 0 -5"><span class='ocrx_word' id='word_1_539' title='bbox 726 2841 3952 2873; x_wconf 52' lang='grc' dir='ltr'>Μ</span> 
     </span>
    </p>
   </div>
   <div class='ocr_carea' id='block_1_70' title="bbox 1246 2950 3426 3065">
    <p class='ocr_par' dir='ltr' id='par_1_70' title="bbox 1246 2950 3426 3065">
     <span class='ocr_line' id='line_1_73' title="bbox 1246 2950 3426 3065; baseline 0.001 -13"><span class='ocrx_word' id='word_1_540' title='bbox 1246 2992 1325 3053; x_wconf 81' lang='grc' dir='ltr'><strong>ΙΝ</strong></span> <span class='ocrx_word' id='word_1_541' title='bbox 1368 2993 1774 3055; x_wconf 76' lang='lat' dir='ltr'><strong>HOMILIAM</strong></span> <span class='ocrx_word' id='word_1_542' title='bbox 1810 2993 1916 3055; x_wconf 92' lang='lat' dir='ltr'><strong>DE</strong></span> <span class='ocrx_word' id='word_1_543' title='bbox 1952 2992 2265 3055; x_wconf 81' lang='lat' dir='ltr'><strong>JEJUNIO</strong></span> <span class='ocrx_word' id='word_1_544' title='bbox 2303 2994 2405 3065; x_wconf 67' lang='lat' dir='ltr'><strong>ET,</strong></span> <span class='ocrx_word' id='word_1_545' title='bbox 2449 2994 2990 3055; x_wconf 83' lang='lat' dir='ltr'><strong>ELEEMOSYNA</strong></span> <span class='ocrx_word' id='word_1_546' title='bbox 3029 2992 3426 3055; x_wconf 72' lang='lat' dir='ltr'><strong>MONITUM.</strong></span> 
     </span>
    </p>
   </div>
   <div class='ocr_carea' id='block_1_71' title="bbox 784 3318 3959 3395">
    <p class='ocr_par' dir='ltr' id='par_1_71' title="bbox 784 3318 3959 3395">
     <span class='ocr_line' id='line_1_74' title="bbox 784 3318 3959 3395; baseline 0.001 -21"><span class='ocrx_word' id='word_1_547' title='bbox 784 3318 896 3374; x_wconf 87' lang='lat' dir='ltr'><strong>Etsi</strong></span> <span class='ocrx_word' id='word_1_548' title='bbox 923 3335 1081 3395; x_wconf 73' lang='lat' dir='ltr'><strong>_non_</strong></span> <span class='ocrx_word' id='word_1_549' title='bbox 1107 3320 1287 3395; x_wconf 86' lang='lat' dir='ltr'><strong>inepta</strong></span> <span class='ocrx_word' id='word_1_550' title='bbox 1341 3320 1411 3374; x_wconf 89' lang='lat' dir='ltr'><strong>sit</strong></span> <span class='ocrx_word' id='word_1_551' title='bbox 1461 3320 1578 3391; x_wconf 78' lang='lat' dir='ltr'><strong>haec</strong></span> <span class='ocrx_word' id='word_1_552' title='bbox 1607 3319 1850 3395; x_wconf 73' lang='lat' dir='ltr'><strong>homilia,</strong></span> <span class='ocrx_word' id='word_1_553' title='bbox 1880 3320 2003 3395; x_wconf 80' lang='lat' dir='ltr'><strong>jure</strong></span> <span class='ocrx_word' id='word_1_554' title='bbox 2024 3334 2075 3395; x_wconf 89' lang='lat' dir='ltr'><strong>_a</strong></span> <span class='ocrx_word' id='word_1_555' title='bbox 2117 3320 2390 3395; x_wconf 68' lang='lat' dir='ltr'><strong>Frontone</strong></span> <span class='ocrx_word' id='word_1_556' title='bbox 2420 3318 2617 3395; x_wconf 72' lang='lat' dir='ltr'><strong>Ducam</strong></span> <span class='ocrx_word' id='word_1_557' title='bbox 2646 3318 2787 3395; x_wconf 66' lang='lat' dir='ltr'><strong>inter</strong></span> <span class='ocrx_word' id='word_1_558' title='bbox 2812 3319 3022 3395; x_wconf 60' lang='lat' dir='ltr'><strong>spuria,</strong></span> <span class='ocrx_word' id='word_1_559' title='bbox 3046 3320 3131 3373; x_wconf 90' lang='lat' dir='ltr'><strong>vel</strong></span> <span class='ocrx_word' id='word_1_560' title='bbox 3157 3334 3221 3395; x_wconf 77' lang='lat' dir='ltr'><strong>ex</strong></span> <span class='ocrx_word' id='word_1_561' title='bbox 3247 3318 3365 3373; x_wconf 89' lang='lat' dir='ltr'><strong>aliis</strong></span> <span class='ocrx_word' id='word_1_562' title='bbox 3386 3322 3767 3377; x_wconf 89' lang='lat' dir='ltr'><strong>consurcinata</strong></span> <span class='ocrx_word' id='word_1_563' title='bbox 3792 3321 3959 3395; x_wconf 53' lang='lat' dir='ltr'><strong>Chr}.</strong></span> 
     </span>
    </p>
   </div>
   <div class='ocr_carea' id='block_1_72' title="bbox 714 3389 3191 3460">
    <p class='ocr_par' dir='ltr' id='par_1_72' title="bbox 714 3389 3191 3460">
     <span class='ocr_line' id='line_1_75' title="bbox 714 3389 3191 3460; baseline -0.002 -14"><span class='ocrx_word' id='word_1_564' title='bbox 714 3391 935 3446; x_wconf 81' lang='lat' dir='ltr'><strong>sostomi</strong></span> <span class='ocrx_word' id='word_1_565' title='bbox 980 3389 1569 3460; x_wconf 36' lang='lat' dir='ltr'><strong>scriptis&#39;accensetur.</strong></span> <span class='ocrx_word' id='word_1_566' title='bbox 1615 3390 1995 3459; x_wconf 87' lang='lat' dir='ltr'><strong>tnterpretatio</strong></span> <span class='ocrx_word' id='word_1_567' title='bbox 2022 3389 2213 3443; x_wconf 88' lang='lat' dir='ltr'><strong>Latina</strong></span> <span class='ocrx_word' id='word_1_568' title='bbox 2261 3398 2343 3443; x_wconf 90' lang='lat' dir='ltr'><strong>est</strong></span> <span class='ocrx_word' id='word_1_569' title='bbox 2386 3391 2631 3459; x_wconf 90' lang='lat' dir='ltr'><strong>ejusdem</strong></span> <span class='ocrx_word' id='word_1_570' title='bbox 2666 3390 2957 3443; x_wconf 87' lang='lat' dir='ltr'><strong>Frontonis</strong></span> <span class='ocrx_word' id='word_1_571' title='bbox 2994 3390 3191 3444; x_wconf 68' lang='lat' dir='ltr'><strong>Ducaei.</strong></span> 
     </span>
    </p>
   </div>
   <div class='ocr_carea' id='block_1_73' title="bbox 691 3491 3959 3519">
    <p class='ocr_par' dir='ltr' id='par_1_73' title="bbox 691 3491 3959 3519">
     <span class='ocr_line' id='line_1_76' title="bbox 691 3491 3959 3519; baseline 0 -15"><span class='ocrx_word' id='word_1_572' title='bbox 691 3491 3959 3519; x_wconf 80' lang='lat'><strong>____________________________________________._._____________.</strong></span> 
     </span>
    </p>
   </div>
   <div class='ocr_carea' id='block_1_74' title="bbox 1550 3604 3130 3655">
    <p class='ocr_par' dir='ltr' id='par_1_74' title="bbox 1550 3604 3130 3655">
     <span class='ocr_line' id='line_1_77' title="bbox 1550 3604 3130 3655; baseline -0.005 0"><span class='ocrx_word' id='word_1_573' title='bbox 1550 3610 1833 3655; x_wconf 72' lang='lat' dir='ltr'><strong>EJUSDEM</strong></span> <span class='ocrx_word' id='word_1_574' title='bbox 1858 3608 2094 3653; x_wconf 71' lang='lat' dir='ltr'><strong>ORATIO</strong></span> <span class='ocrx_word' id='word_1_575' title='bbox 2136 3604 2219 3650; x_wconf 78' lang='lat' dir='ltr'><strong>DE</strong></span> <span class='ocrx_word' id='word_1_576' title='bbox 2261 3606 2521 3650; x_wconf 78' lang='lat' dir='ltr'><strong>JEJUNIO</strong></span> <span class='ocrx_word' id='word_1_577' title='bbox 2566 3607 2645 3648; x_wconf 82' lang='lat' dir='ltr'><strong>ET</strong></span> <span class='ocrx_word' id='word_1_578' title='bbox 2691 3605 3130 3649; x_wconf 78' lang='lat' dir='ltr'><strong>ELEEMOSYNA.</strong></span> 
     </span>
    </p>
   </div>
   <div class='ocr_carea' id='block_1_75' title="bbox 2135 3730 2505 3786">
    <p class='ocr_par' dir='ltr' id='par_1_75' title="bbox 2135 3730 2505 3786">
     <span class='ocr_line' id='line_1_78' title="bbox 2135 3730 2505 3786; baseline -0.011 0"><span class='ocrx_word' id='word_1_579' title='bbox 2135 3730 2505 3786; x_wconf 58' lang='lat' dir='ltr'><strong>eam»</strong></span> 
     </span>
    </p>
   </div>
   <div class='ocr_carea' id='block_1_76' title="bbox 762 3860 2271 3932">
    <p class='ocr_par' dir='ltr' id='par_1_76' title="bbox 762 3860 2271 3932">
     <span class='ocr_line' id='line_1_79' title="bbox 762 3860 2271 3932; baseline -0.007 -11"><span class='ocrx_word' id='word_1_580' title='bbox 762 3868 964 3921; x_wconf 86' lang='lat' dir='ltr'><strong>Bonum</strong></span> <span class='ocrx_word' id='word_1_581' title='bbox 995 3875 1075 3917; x_wconf 87' lang='lat' dir='ltr'><strong>est</strong></span> <span class='ocrx_word' id='word_1_582' title='bbox 1098 3863 1377 3932; x_wconf 87' lang='lat' dir='ltr'><strong>jejunium,</strong></span> <span class='ocrx_word' id='word_1_583' title='bbox 1413 3863 1550 3917; x_wconf 88' lang='lat' dir='ltr'><strong>bona</strong></span> <span class='ocrx_word' id='word_1_584' title='bbox 1582 3870 1663 3916; x_wconf 89' lang='lat' dir='ltr'><strong>est</strong></span> <span class='ocrx_word' id='word_1_585' title='bbox 1696 3871 1747 3915; x_wconf 92' lang='lat' dir='ltr'><strong>et</strong></span> <span class='ocrx_word' id='word_1_586' title='bbox 1781 3860 1940 3915; x_wconf 89' lang='lat' dir='ltr'><strong>lectio</strong></span> <span class='ocrx_word' id='word_1_587' title='bbox 1966 3860 2271 3926; x_wconf 85' lang='lat' dir='ltr'><strong>Scriptura-</strong></span> 
     </span>
    </p>
   </div>
   <div class='ocr_carea' id='block_1_77' title="bbox 690 3932 2273 4005">
    <p class='ocr_par' dir='ltr' id='par_1_77' title="bbox 690 3932 2273 4005">
     <span class='ocr_line' id='line_1_80' title="bbox 690 3932 2273 4005; baseline -0.007 -13"><span class='ocrx_word' id='word_1_588' title='bbox 690 3954 809 3992; x_wconf 88' lang='lat' dir='ltr'><strong>rum</strong></span> <span class='ocrx_word' id='word_1_589' title='bbox 842 3956 854 3991; x_wconf 90' lang='lat'><strong>:</strong></span> <span class='ocrx_word' id='word_1_590' title='bbox 880 3939 1021 3990; x_wconf 85' lang='lat' dir='ltr'><strong>bona</strong></span> <span class='ocrx_word' id='word_1_591' title='bbox 1051 3949 1179 3987; x_wconf 86' lang='lat' dir='ltr'><strong>vero</strong></span> <span class='ocrx_word' id='word_1_592' title='bbox 1210 3942 1309 3991; x_wconf 83' lang='lat' dir='ltr'><strong>est.</strong></span> <span class='ocrx_word' id='word_1_593' title='bbox 1341 3934 1634 4005; x_wconf 15' lang='lat' dir='ltr'><strong>quandorct</strong></span> <span class='ocrx_word' id='word_1_594' title='bbox 1671 3932 1809 4005; x_wconf 83' lang='lat' dir='ltr'><strong>actio</strong></span> <span class='ocrx_word' id='word_1_595' title='bbox 1831 3947 1892 4005; x_wconf 53' lang='lat' dir='ltr'><strong>ea</strong></span> <span class='ocrx_word' id='word_1_596' title='bbox 1920 3947 1981 4005; x_wconf 74' lang='lat' dir='ltr'><strong>ea</strong></span> <span class='ocrx_word' id='word_1_597' title='bbox 2013 3932 2273 4005; x_wconf 65' lang='lat' dir='ltr'><strong>segniter,</strong></span> 
     </span>
    </p>
   </div>
   <div class='ocr_carea' id='block_1_78' title="bbox 690 3996 2275 4075">
    <p class='ocr_par' dir='ltr' id='par_1_78' title="bbox 690 3996 2275 4075">
     <span class='ocr_line' id='line_1_81' title="bbox 690 3996 2275 4075; baseline -0.005 -14"><span class='ocrx_word' id='word_1_598' title='bbox 690 4008 937 4075; x_wconf 89' lang='lat' dir='ltr'><strong>quoniam</strong></span> <span class='ocrx_word' id='word_1_599' title='bbox 966 4007 1008 4058; x_wconf 91' lang='lat' dir='ltr'><strong>si</strong></span> <span class='ocrx_word' id='word_1_600' title='bbox 1048 4006 1213 4071; x_wconf 81' lang='lat' dir='ltr'><strong>legas,</strong></span> <span class='ocrx_word' id='word_1_601' title='bbox 1247 4011 1303 4057; x_wconf 87' lang='lat' dir='ltr'><strong>at</strong></span> <span class='ocrx_word' id='word_1_602' title='bbox 1334 3996 1436 4075; x_wconf 69' lang='lat' dir='ltr'><strong>non</strong></span> <span class='ocrx_word' id='word_1_603' title='bbox 1480 4004 1661 4065; x_wconf 86' lang='lat' dir='ltr'><strong>facias,</strong></span> <span class='ocrx_word' id='word_1_604' title='bbox 1691 4003 1740 4075; x_wconf 83' lang='lat' dir='ltr'><strong>in</strong></span> <span class='ocrx_word' id='word_1_605' title='bbox 1769 3996 2024 4075; x_wconf 68' lang='lat' dir='ltr'><strong>judicium</strong></span> <span class='ocrx_word' id='word_1_606' title='bbox 2069 3996 2163 4075; x_wconf 75' lang='lat' dir='ltr'><strong>tibi</strong></span> <span class='ocrx_word' id='word_1_607' title='bbox 2193 4000 2275 4053; x_wconf 85' lang='lat' dir='ltr'><strong>le-</strong></span> 
     </span>
    </p>
   </div>
   <div class='ocr_carea' id='block_1_79' title="bbox 688 4069 2275 4141">
    <p class='ocr_par' dir='ltr' id='par_1_79' title="bbox 688 4069 2275 4141">
     <span class='ocr_line' id='line_1_82' title="bbox 688 4069 2275 4141; baseline -0.007 -10"><span class='ocrx_word' id='word_1_608' title='bbox 688 4069 796 4131; x_wconf 83' lang='lat' dir='ltr'><strong>ctio</strong></span> <span class='ocrx_word' id='word_1_609' title='bbox 824 4077 1000 4136; x_wconf 86' lang='lat' dir='ltr'><strong>vertit.</strong></span> <span class='ocrx_word' id='word_1_610' title='bbox 1025 4085 1077 4129; x_wconf 92' lang='lat' dir='ltr'><strong>et</strong></span> <span class='ocrx_word' id='word_1_611' title='bbox 1108 4069 1169 4128; x_wconf 79' lang='lat' dir='ltr'><strong>in</strong></span> <span class='ocrx_word' id='word_1_612' title='bbox 1200 4074 1536 4127; x_wconf 83' lang='lat' dir='ltr'><strong>occasionem</strong></span> <span class='ocrx_word' id='word_1_613' title='bbox 1568 4073 1833 4141; x_wconf 89' lang='lat' dir='ltr'><strong>supplicii.</strong></span> <span class='ocrx_word' id='word_1_614' title='bbox 1866 4069 1990 4125; x_wconf 86' lang='lat' dir='ltr'><strong>Non</strong></span> <span class='ocrx_word' id='word_1_615' title='bbox 2016 4072 2148 4124; x_wconf 86' lang='lat' dir='ltr'><strong>enim</strong></span> <span class='ocrx_word' id='word_1_616' title='bbox 2176 4087 2275 4121; x_wconf 89' lang='lat' dir='ltr'><strong>au-</strong></span> 
     </span>
    </p>
   </div>
   <div class='ocr_carea' id='block_1_80' title="bbox 688 4142 2277 4214">
    <p class='ocr_par' dir='ltr' id='par_1_80' title="bbox 688 4142 2277 4214">
     <span class='ocr_line' id='line_1_83' title="bbox 688 4142 2277 4214; baseline -0.004 -15"><span class='ocrx_word' id='word_1_617' title='bbox 688 4150 872 4200; x_wconf 83' lang='lat' dir='ltr'><strong>ditores</strong></span> <span class='ocrx_word' id='word_1_618' title='bbox 899 4147 1041 4214; x_wconf 87' lang='lat' dir='ltr'><strong>legis,</strong></span> <span class='ocrx_word' id='word_1_619' title='bbox 1062 4144 1250 4212; x_wconf 89' lang='lat' dir='ltr'><strong>inquit,</strong></span> <span class='ocrx_word' id='word_1_620' title='bbox 1274 4144 1533 4214; x_wconf 63' lang='lat' dir='ltr'><strong>justisunt</strong></span> <span class='ocrx_word' id='word_1_621' title='bbox 1554 4144 1692 4214; x_wconf 74' lang='lat' dir='ltr'><strong>apud</strong></span> <span class='ocrx_word' id='word_1_622' title='bbox 1718 4142 1912 4203; x_wconf 88' lang='lat' dir='ltr'><strong>Deum;</strong></span> <span class='ocrx_word' id='word_1_623' title='bbox 1951 4142 2041 4214; x_wconf 74' lang='lat' dir='ltr'><strong>sed</strong></span> <span class='ocrx_word' id='word_1_624' title='bbox 2054 4143 2277 4214; x_wconf 83' lang='lat' dir='ltr'><strong>factores</strong></span> 
     </span>
    </p>
   </div>
   <div class='ocr_carea' id='block_1_81' title="bbox 694 4212 2271 4299">
    <p class='ocr_par' dir='ltr' id='par_1_81' title="bbox 694 4212 2271 4299">
     <span class='ocr_line' id='line_1_84' title="bbox 694 4212 2271 4299; baseline -0.004 -30"><span class='ocrx_word' id='word_1_625' title='bbox 694 4219 820 4299; x_wconf 71' lang='lat' dir='ltr'><strong>legis</strong></span> <span class='ocrx_word' id='word_1_626' title='bbox 840 4212 1459 4299; x_wconf 54' lang='lat' dir='ltr'><strong>justi/icabunturiliom.</strong></span> <span class='ocrx_word' id='word_1_627' title='bbox 1486 4212 1655 4299; x_wconf 26' lang='lat'><strong>2.1.1.33)</strong></span> <span class='ocrx_word' id='word_1_628' title='bbox 1686 4231 1697 4265; x_wconf 90' lang='lat'>:</span> <span class='ocrx_word' id='word_1_629' title='bbox 1728 4222 1780 4267; x_wconf 90' lang='lat' dir='ltr'><strong>et</strong></span> <span class='ocrx_word' id='word_1_630' title='bbox 1800 4216 1990 4294; x_wconf 42' lang='lat' dir='ltr'><strong>.rursds</strong></span> <span class='ocrx_word' id='word_1_631' title='bbox 2008 4212 2271 4299; x_wconf 81' lang='lat' dir='ltr'><strong>Christus,</strong></span> 
     </span>
    </p>
   </div>
   <div class='ocr_carea' id='block_1_82' title="bbox 692 4284 2277 4354">
    <p class='ocr_par' dir='ltr' id='par_1_82' title="bbox 692 4284 2277 4354">
     <span class='ocr_line' id='line_1_85' title="bbox 692 4284 2277 4354; baseline -0.004 -12"><span class='ocrx_word' id='word_1_632' title='bbox 692 4284 761 4343; x_wconf 77' lang='lat' dir='ltr'><strong>Si</strong></span> <span class='ocrx_word' id='word_1_633' title='bbox 786 4284 884 4341; x_wconf 81' lang='lat' dir='ltr'><strong>non</strong></span> <span class='ocrx_word' id='word_1_634' title='bbox 905 4287 1164 4348; x_wconf 84' lang='lat' dir='ltr'><strong>venissem,</strong></span> <span class='ocrx_word' id='word_1_635' title='bbox 1192 4294 1237 4337; x_wconf 91' lang='lat' dir='ltr'><strong>et</strong></span> <span class='ocrx_word' id='word_1_636' title='bbox 1269 4285 1505 4354; x_wconf 83' lang='lat' dir='ltr'><strong>loquutus</strong></span> <span class='ocrx_word' id='word_1_637' title='bbox 1534 4286 1741 4354; x_wconf 79' lang='lat' dir='ltr'><strong>fuissem</strong></span> <span class='ocrx_word' id='word_1_638' title='bbox 1767 4284 1858 4347; x_wconf 85' lang='lat' dir='ltr'><strong>eis,</strong></span> <span class='ocrx_word' id='word_1_639' title='bbox 1890 4292 2146 4354; x_wconf 80' lang='lat' dir='ltr'><strong>peccatum</strong></span> <span class='ocrx_word' id='word_1_640' title='bbox 2174 4299 2277 4335; x_wconf 82' lang='lat' dir='ltr'><strong>non</strong></span> 
     </span>
    </p>
   </div>
   <div class='ocr_carea' id='block_1_83' title="bbox 690 4352 2276 4421">
    <p class='ocr_par' dir='ltr' id='par_1_83' title="bbox 690 4352 2276 4421">
     <span class='ocr_line' id='line_1_86' title="bbox 690 4352 2276 4421; baseline -0.004 -10"><span class='ocrx_word' id='word_1_641' title='bbox 690 4359 926 4412; x_wconf 84' lang='lat' dir='ltr'><strong>haberent</strong></span> <span class='ocrx_word' id='word_1_642' title='bbox 951 4373 968 4410; x_wconf 89' lang='lat'><strong><em>:</em></strong></span> <span class='ocrx_word' id='word_1_643' title='bbox 998 4372 1132 4408; x_wconf 88' lang='lat' dir='ltr'><strong>nunc</strong></span> <span class='ocrx_word' id='word_1_644' title='bbox 1159 4352 1723 4408; x_wconf 49' lang='lat' dir='ltr'><strong>autem&#39;excnsatimtem</strong></span> <span class='ocrx_word' id='word_1_645' title='bbox 1753 4370 1854 4406; x_wconf 85' lang='lat' dir='ltr'><strong>non</strong></span> <span class='ocrx_word' id='word_1_646' title='bbox 1876 4353 2056 4406; x_wconf 82' lang='lat' dir='ltr'><strong>habent</strong></span> <span class='ocrx_word' id='word_1_647' title='bbox 2086 4352 2149 4405; x_wconf 83' lang='lat' dir='ltr'><strong>de</strong></span> <span class='ocrx_word' id='word_1_648' title='bbox 2169 4369 2276 4421; x_wconf 88' lang='lat' dir='ltr'><strong>pec-</strong></span> 
     </span>
    </p>
   </div>
   <div class='ocr_carea' id='block_1_84' title="bbox 686 4423 2274 4496">
    <p class='ocr_par' dir='ltr' id='par_1_84' title="bbox 686 4423 2274 4496">
     <span class='ocr_line' id='line_1_87' title="bbox 686 4423 2274 4496; baseline -0.003 -15"><span class='ocrx_word' id='word_1_649' title='bbox 686 4438 799 4481; x_wconf 87' lang='lat' dir='ltr'><strong>cato</strong></span> <span class='ocrx_word' id='word_1_650' title='bbox 827 4445 919 4481; x_wconf 86' lang='lat' dir='ltr'><strong>suo</strong></span> <span class='ocrx_word' id='word_1_651' title='bbox 951 4426 1127 4496; x_wconf 86' lang='lat' dir='ltr'><strong>(Joan.</strong></span> <span class='ocrx_word' id='word_1_652' title='bbox 1174 4427 1257 4481; x_wconf 82' lang='grc'><strong>15.</strong></span> <span class='ocrx_word' id='word_1_653' title='bbox 1288 4424 1641 4496; x_wconf 61' lang='grc' dir='ltr'><strong>22).Βθειιιε</strong></span> <span class='ocrx_word' id='word_1_654' title='bbox 1684 4424 2002 4493; x_wconf 51' lang='grc' dir='ltr'><strong>θυιδαμ,αυί</strong></span> <span class='ocrx_word' id='word_1_655' title='bbox 2048 4423 2175 4477; x_wconf 92' lang='lat' dir='ltr'><strong>dicit</strong></span> <span class='ocrx_word' id='word_1_656' title='bbox 2223 4425 2274 4477; x_wconf 89' lang='lat' dir='ltr'><strong>in</strong></span> 
     </span>
    </p>
   </div>
   <div class='ocr_carea' id='block_1_85' title="bbox 687 4494 2273 4567">
    <p class='ocr_par' dir='ltr' id='par_1_85' title="bbox 687 4494 2273 4567">
     <span class='ocr_line' id='line_1_88' title="bbox 687 4494 2273 4567; baseline -0.003 -16"><span class='ocrx_word' id='word_1_657' title='bbox 687 4499 906 4567; x_wconf 75' lang='lat' dir='ltr'><strong>auribus</strong></span> <span class='ocrx_word' id='word_1_658' title='bbox 954 4494 1161 4561; x_wconf 88' lang='lat' dir='ltr'><strong>eorum,</strong></span> <span class='ocrx_word' id='word_1_659' title='bbox 1190 4495 1281 4565; x_wconf 90' lang='lat' dir='ltr'><strong>qui</strong></span> <span class='ocrx_word' id='word_1_660' title='bbox 1323 4494 1573 4561; x_wconf 86' lang='lat' dir='ltr'><strong>audiunt,</strong></span> <span class='ocrx_word' id='word_1_661' title='bbox 1606 4509 1669 4549; x_wconf 90' lang='lat' dir='ltr'><strong>ac</strong></span> <span class='ocrx_word' id='word_1_662' title='bbox 1699 4505 1807 4548; x_wconf 90' lang='lat' dir='ltr'><strong>tum</strong></span> <span class='ocrx_word' id='word_1_663' title='bbox 1843 4496 2273 4567; x_wconf 72' lang='lat' dir='ltr'><strong>prarcipue,cum</strong></span> 
     </span>
    </p>
   </div>
   <div class='ocr_carea' id='block_1_86' title="bbox 687 4564 2274 4636">
    <p class='ocr_par' dir='ltr' id='par_1_86' title="bbox 687 4564 2274 4636">
     <span class='ocr_line' id='line_1_89' title="bbox 687 4564 2274 4636; baseline -0.004 -12"><span class='ocrx_word' id='word_1_664' title='bbox 687 4564 864 4624; x_wconf 60' lang='lat' dir='ltr'><strong>lienus</strong></span> <span class='ocrx_word' id='word_1_665' title='bbox 904 4564 1292 4636; x_wconf 83' lang='lat' dir='ltr'><strong>erogaverint:</strong></span> <span class='ocrx_word' id='word_1_666' title='bbox 1335 4566 1507 4619; x_wconf 70' lang='lat' dir='ltr'><strong>frenos</strong></span> <span class='ocrx_word' id='word_1_667' title='bbox 1549 4576 1725 4619; x_wconf 90' lang='lat' dir='ltr'><strong>autem</strong></span> <span class='ocrx_word' id='word_1_668' title='bbox 1762 4573 1842 4618; x_wconf 85' lang='lat' dir='ltr'><strong>est</strong></span> <span class='ocrx_word' id='word_1_669' title='bbox 1880 4564 2180 4636; x_wconf 87' lang='lat' dir='ltr'><strong>obedientia</strong></span> <span class='ocrx_word' id='word_1_670' title='bbox 2218 4574 2274 4636; x_wconf 73' lang='lat' dir='ltr'><strong>et</strong></span> 
     </span>
    </p>
   </div>
   <div class='ocr_carea' id='block_1_87' title="bbox 690 4634 2274 4702">
    <p class='ocr_par' dir='ltr' id='par_1_87' title="bbox 690 4634 2274 4702">
     <span class='ocr_line' id='line_1_90' title="bbox 690 4634 2274 4702; baseline -0.004 -8"><span class='ocrx_word' id='word_1_671' title='bbox 690 4640 787 4694; x_wconf 86' lang='lat' dir='ltr'><strong>Dei</strong></span> <span class='ocrx_word' id='word_1_672' title='bbox 820 4634 1190 4692; x_wconf 79' lang='lat' dir='ltr'><strong>mandatorum</strong></span> <span class='ocrx_word' id='word_1_673' title='bbox 1223 4637 1554 4702; x_wconf 74' lang='lat' dir='ltr'><strong>exsequutio,</strong></span> <span class='ocrx_word' id='word_1_674' title='bbox 1580 4638 1717 4690; x_wconf 89' lang='lat' dir='ltr'><strong>sicut</strong></span> <span class='ocrx_word' id='word_1_675' title='bbox 1760 4635 2017 4689; x_wconf 90' lang='lat' dir='ltr'><strong>Dominus</strong></span> <span class='ocrx_word' id='word_1_676' title='bbox 2046 4635 2121 4689; x_wconf 88' lang='lat' dir='ltr'><strong>ait</strong></span> <span class='ocrx_word' id='word_1_677' title='bbox 2149 4652 2161 4687; x_wconf 95' lang='lat'>:</span> <span class='ocrx_word' id='word_1_678' title='bbox 2208 4634 2274 4688; x_wconf 88' lang='lat' dir='ltr'><strong>Et</strong></span> 
     </span>
    </p>
   </div>
   <div class='ocr_carea' id='block_1_88' title="bbox 690 4707 2273 4779">
    <p class='ocr_par' dir='ltr' id='par_1_88' title="bbox 690 4707 2273 4779">
     <span class='ocr_line' id='line_1_91' title="bbox 690 4707 2273 4779; baseline -0.003 -16"><span class='ocrx_word' id='word_1_679' title='bbox 690 4728 779 4779; x_wconf 81' lang='lat' dir='ltr'><strong>ego</strong></span> <span class='ocrx_word' id='word_1_680' title='bbox 806 4711 1003 4762; x_wconf 83' lang='lat' dir='ltr'><strong>veniens</strong></span> <span class='ocrx_word' id='word_1_681' title='bbox 1024 4708 1318 4779; x_wconf 74' lang='lat' dir='ltr'><strong>recepissem</strong></span> <span class='ocrx_word' id='word_1_682' title='bbox 1345 4707 1537 4779; x_wconf 82' lang='lat' dir='ltr'><strong>utique,</strong></span> <span class='ocrx_word' id='word_1_683' title='bbox 1564 4707 1695 4773; x_wconf 86' lang='lat' dir='ltr'><strong>quod</strong></span> <span class='ocrx_word' id='word_1_684' title='bbox 1723 4721 1889 4758; x_wconf 86' lang='lat' dir='ltr'><strong>meum</strong></span> <span class='ocrx_word' id='word_1_685' title='bbox 1914 4715 2123 4779; x_wconf 34' lang='lat' dir='ltr'><strong>est‘cum</strong></span> <span class='ocrx_word' id='word_1_686' title='bbox 2150 4722 2273 4758; x_wconf 88' lang='lat' dir='ltr'><strong>usu-</strong></span> 
     </span>
    </p>
   </div>
   <div class='ocr_carea' id='block_1_89' title="bbox 683 4774 2273 4850">
    <p class='ocr_par' dir='ltr' id='par_1_89' title="bbox 683 4774 2273 4850">
     <span class='ocr_line' id='line_1_92' title="bbox 683 4774 2273 4850; baseline -0.001 -18"><span class='ocrx_word' id='word_1_687' title='bbox 683 4774 742 4833; x_wconf 70' lang='lat' dir='ltr'><strong>ra</strong></span> <span class='ocrx_word' id='word_1_688' title='bbox 770 4780 991 4850; x_wconf 73' lang='lat' dir='ltr'><strong>(Matth.</strong></span> <span class='ocrx_word' id='word_1_689' title='bbox 1028 4778 1117 4833; x_wconf 71' lang='lat'><strong>25.</strong></span> <span class='ocrx_word' id='word_1_690' title='bbox 1140 4774 1262 4850; x_wconf 17' lang='lat' dir='ltr'><strong>L27).</strong></span> <span class='ocrx_word' id='word_1_691' title='bbox 1288 4774 1577 4850; x_wconf 27' lang='lat' dir='ltr'><strong>Quid‘ergo</strong></span> <span class='ocrx_word' id='word_1_692' title='bbox 1608 4776 1963 4850; x_wconf 80' lang='lat' dir='ltr'><strong>congregasti,</strong></span> <span class='ocrx_word' id='word_1_693' title='bbox 1994 4774 2174 4850; x_wconf 84' lang='lat' dir='ltr'><strong>frater,</strong></span> <span class='ocrx_word' id='word_1_694' title='bbox 2206 4791 2273 4831; x_wconf 84' lang='lat' dir='ltr'><strong>ex</strong></span> 
     </span>
    </p>
   </div>
   <div class='ocr_carea' id='block_1_90' title="bbox 682 4847 2269 4921">
    <p class='ocr_par' dir='ltr' id='par_1_90' title="bbox 682 4847 2269 4921">
     <span class='ocr_line' id='line_1_93' title="bbox 682 4847 2269 4921; baseline -0.003 -16"><span class='ocrx_word' id='word_1_695' title='bbox 682 4847 930 4921; x_wconf 84' lang='lat' dir='ltr'><strong>jejunio?</strong></span> <span class='ocrx_word' id='word_1_696' title='bbox 969 4848 1406 4917; x_wconf 86' lang='lat' dir='ltr'><strong>Quandoquidem</strong></span> <span class='ocrx_word' id='word_1_697' title='bbox 1434 4858 1488 4900; x_wconf 91' lang='lat' dir='ltr'><strong>et</strong></span> <span class='ocrx_word' id='word_1_698' title='bbox 1515 4848 1745 4921; x_wconf 80' lang='lat' dir='ltr'><strong>agricola</strong></span> <span class='ocrx_word' id='word_1_699' title='bbox 1790 4847 1990 4900; x_wconf 90' lang='lat' dir='ltr'><strong>idcirco</strong></span> <span class='ocrx_word' id='word_1_700' title='bbox 2010 4848 2269 4921; x_wconf 75' lang='lat' dir='ltr'><strong>seminat,</strong></span> 
     </span>
    </p>
   </div>
   <div class='ocr_carea' id='block_1_91' title="bbox 690 4916 2271 4986">
    <p class='ocr_par' dir='ltr' id='par_1_91' title="bbox 690 4916 2271 4986">
     <span class='ocr_line' id='line_1_94' title="bbox 690 4916 2271 4986; baseline -0.002 -12"><span class='ocrx_word' id='word_1_701' title='bbox 690 4916 753 4974; x_wconf 80' lang='lat' dir='ltr'><strong>ut</strong></span> <span class='ocrx_word' id='word_1_702' title='bbox 782 4922 942 4975; x_wconf 89' lang='lat' dir='ltr'><strong>etiam</strong></span> <span class='ocrx_word' id='word_1_703' title='bbox 972 4916 1156 4981; x_wconf 89' lang='lat' dir='ltr'><strong>metat,</strong></span> <span class='ocrx_word' id='word_1_704' title='bbox 1184 4928 1237 4972; x_wconf 93' lang='lat' dir='ltr'><strong>et</strong></span> <span class='ocrx_word' id='word_1_705' title='bbox 1282 4926 1546 4970; x_wconf 88' lang='lat' dir='ltr'><strong>mercator</strong></span> <span class='ocrx_word' id='word_1_706' title='bbox 1569 4916 1767 4971; x_wconf 89' lang='lat' dir='ltr'><strong>idcirco</strong></span> <span class='ocrx_word' id='word_1_707' title='bbox 1816 4916 2271 4986; x_wconf 80' lang='lat' dir='ltr'><strong>peregrinationes</strong></span> 
     </span>
    </p>
   </div>
   <div class='ocr_carea' id='block_1_92' title="bbox 688 4986 2272 5058">
    <p class='ocr_par' dir='ltr' id='par_1_92' title="bbox 688 4986 2272 5058">
     <span class='ocr_line' id='line_1_95' title="bbox 688 4986 2272 5058; baseline -0.001 -15"><span class='ocrx_word' id='word_1_708' title='bbox 688 4994 822 5058; x_wconf 91' lang='lat' dir='ltr'><strong>obit,</strong></span> <span class='ocrx_word' id='word_1_709' title='bbox 848 5001 905 5044; x_wconf 92' lang='lat' dir='ltr'><strong>ut</strong></span> <span class='ocrx_word' id='word_1_710' title='bbox 929 4990 1179 5058; x_wconf 89' lang='lat' dir='ltr'><strong>pecunias</strong></span> <span class='ocrx_word' id='word_1_711' title='bbox 1207 4987 1442 5056; x_wconf 86' lang='lat' dir='ltr'><strong>colligat,</strong></span> <span class='ocrx_word' id='word_1_712' title='bbox 1459 4998 1511 5040; x_wconf 89' lang='lat' dir='ltr'><strong>et</strong></span> <span class='ocrx_word' id='word_1_713' title='bbox 1537 4988 1861 5056; x_wconf 86' lang='lat' dir='ltr'><strong>gubernator</strong></span> <span class='ocrx_word' id='word_1_714' title='bbox 1888 4986 2085 5041; x_wconf 90' lang='lat' dir='ltr'><strong>idcirco</strong></span> <span class='ocrx_word' id='word_1_715' title='bbox 2109 4988 2272 5058; x_wconf 86' lang='lat' dir='ltr'><strong>multa</strong></span> 
     </span>
    </p>
   </div>
   <div class='ocr_carea' id='block_1_93' title="bbox 687 5057 2265 5125">
    <p class='ocr_par' dir='ltr' id='par_1_93' title="bbox 687 5057 2265 5125">
     <span class='ocr_line' id='line_1_96' title="bbox 687 5057 2265 5125; baseline -0.003 -9"><span class='ocrx_word' id='word_1_716' title='bbox 687 5057 855 5116; x_wconf 85' lang='lat' dir='ltr'><strong>maria</strong></span> <span class='ocrx_word' id='word_1_717' title='bbox 896 5057 1168 5123; x_wconf 84' lang='lat' dir='ltr'><strong>emetitur,</strong></span> <span class='ocrx_word' id='word_1_718' title='bbox 1198 5068 1253 5111; x_wconf 90' lang='lat' dir='ltr'><strong>ut</strong></span> <span class='ocrx_word' id='word_1_719' title='bbox 1295 5058 1550 5112; x_wconf 91' lang='lat' dir='ltr'><strong>mercium</strong></span> <span class='ocrx_word' id='word_1_720' title='bbox 1577 5059 1800 5112; x_wconf 89' lang='lat' dir='ltr'><strong>sarcinis</strong></span> <span class='ocrx_word' id='word_1_721' title='bbox 1842 5058 2015 5111; x_wconf 92' lang='lat' dir='ltr'><strong>navim</strong></span> <span class='ocrx_word' id='word_1_722' title='bbox 2044 5057 2265 5125; x_wconf 75' lang='lat' dir='ltr'><strong>repleat.</strong></span> 
     </span>
    </p>
   </div>
   <div class='ocr_carea' id='block_1_94' title="bbox 688 5128 2269 5197">
    <p class='ocr_par' dir='ltr' id='par_1_94' title="bbox 688 5128 2269 5197">
     <span class='ocr_line' id='line_1_97' title="bbox 688 5128 2269 5197; baseline -0.003 -11"><span class='ocrx_word' id='word_1_723' title='bbox 688 5132 764 5186; x_wconf 81' lang='lat' dir='ltr'><strong>Ne</strong></span> <span class='ocrx_word' id='word_1_724' title='bbox 793 5131 921 5185; x_wconf 88' lang='lat' dir='ltr'><strong>mihi</strong></span> <span class='ocrx_word' id='word_1_725' title='bbox 966 5130 1185 5193; x_wconf 79' lang='lat' dir='ltr'><strong>dixeris,</strong></span> <span class='ocrx_word' id='word_1_726' title='bbox 1218 5137 1297 5182; x_wconf 89' lang='lat' dir='ltr'><strong>tot</strong></span> <span class='ocrx_word' id='word_1_727' title='bbox 1337 5128 1451 5182; x_wconf 88' lang='lat' dir='ltr'><strong>dies</strong></span> <span class='ocrx_word' id='word_1_728' title='bbox 1472 5128 1728 5197; x_wconf 82' lang='lat' dir='ltr'><strong>jejunavi,</strong></span> <span class='ocrx_word' id='word_1_729' title='bbox 1763 5130 1864 5182; x_wconf 91' lang='lat' dir='ltr'><strong>hoc</strong></span> <span class='ocrx_word' id='word_1_730' title='bbox 1894 5139 1947 5181; x_wconf 92' lang='lat' dir='ltr'><strong>et</strong></span> <span class='ocrx_word' id='word_1_731' title='bbox 1986 5128 2114 5181; x_wconf 91' lang='lat' dir='ltr'><strong>illud</strong></span> <span class='ocrx_word' id='word_1_732' title='bbox 2163 5143 2269 5183; x_wconf 91' lang='lat' dir='ltr'><strong>non</strong></span> 
     </span>
    </p>
   </div>
   <div class='ocr_carea' id='block_1_95' title="bbox 682 5198 2270 5266">
    <p class='ocr_par' dir='ltr' id='par_1_95' title="bbox 682 5198 2270 5266">
     <span class='ocr_line' id='line_1_98' title="bbox 682 5198 2270 5266; baseline -0.002 -9"><span class='ocrx_word' id='word_1_733' title='bbox 682 5200 1108 5265; x_wconf 85' lang='lat' dir='ltr'><strong>comedi,vinum</strong></span> <span class='ocrx_word' id='word_1_734' title='bbox 1138 5213 1241 5252; x_wconf 90' lang='lat' dir='ltr'><strong>non</strong></span> <span class='ocrx_word' id='word_1_735' title='bbox 1273 5198 1399 5261; x_wconf 87' lang='lat' dir='ltr'><strong>bibi,</strong></span> <span class='ocrx_word' id='word_1_736' title='bbox 1421 5198 1657 5252; x_wconf 89' lang='lat' dir='ltr'><strong>illuviem</strong></span> <span class='ocrx_word' id='word_1_737' title='bbox 1686 5199 1904 5266; x_wconf 87' lang='lat' dir='ltr'><strong>pertuli;</strong></span> <span class='ocrx_word' id='word_1_738' title='bbox 1937 5199 2028 5253; x_wconf 90' lang='lat' dir='ltr'><strong>sed</strong></span> <span class='ocrx_word' id='word_1_739' title='bbox 2050 5198 2270 5254; x_wconf 87' lang='lat' dir='ltr'><strong>ostende</strong></span> 
     </span>
    </p>
   </div>
   <div class='ocr_carea' id='block_1_96' title="bbox 686 5268 2267 5337">
    <p class='ocr_par' dir='ltr' id='par_1_96' title="bbox 686 5268 2267 5337">
     <span class='ocr_line' id='line_1_99' title="bbox 686 5268 2267 5337; baseline -0.003 -10"><span class='ocrx_word' id='word_1_740' title='bbox 686 5272 923 5337; x_wconf 88' lang='lat' dir='ltr'><strong>mihi,an</strong></span> <span class='ocrx_word' id='word_1_741' title='bbox 950 5285 1070 5324; x_wconf 89' lang='lat' dir='ltr'><strong>cum</strong></span> <span class='ocrx_word' id='word_1_742' title='bbox 1099 5268 1383 5324; x_wconf 86' lang='lat' dir='ltr'><strong>iracundus</strong></span> <span class='ocrx_word' id='word_1_743' title='bbox 1411 5284 1579 5336; x_wconf 88' lang='lat' dir='ltr'><strong>esses,</strong></span> <span class='ocrx_word' id='word_1_744' title='bbox 1606 5270 1738 5323; x_wconf 90' lang='lat' dir='ltr'><strong>lenis</strong></span> <span class='ocrx_word' id='word_1_745' title='bbox 1770 5268 1936 5323; x_wconf 87' lang='lat' dir='ltr'><strong>factus</strong></span> <span class='ocrx_word' id='word_1_746' title='bbox 1961 5272 2054 5331; x_wconf 92' lang='lat' dir='ltr'><strong>sis,</strong></span> <span class='ocrx_word' id='word_1_747' title='bbox 2075 5278 2129 5322; x_wconf 88' lang='lat' dir='ltr'><strong>ct</strong></span> <span class='ocrx_word' id='word_1_748' title='bbox 2148 5285 2267 5323; x_wconf 92' lang='lat' dir='ltr'><strong>cum</strong></span> 
     </span>
    </p>
   </div>
   <div class='ocr_carea' id='block_1_97' title="bbox 686 5340 2268 5410">
    <p class='ocr_par' dir='ltr' id='par_1_97' title="bbox 686 5340 2268 5410">
     <span class='ocr_line' id='line_1_100' title="bbox 686 5340 2268 5410; baseline -0.001 -14"><span class='ocrx_word' id='word_1_749' title='bbox 686 5357 837 5396; x_wconf 79' lang='lat' dir='ltr'><strong>esses</strong></span> <span class='ocrx_word' id='word_1_750' title='bbox 867 5341 1118 5401; x_wconf 90' lang='lat' dir='ltr'><strong>crudelis,</strong></span> <span class='ocrx_word' id='word_1_751' title='bbox 1148 5340 1408 5410; x_wconf 85' lang='lat' dir='ltr'><strong>benignus</strong></span> <span class='ocrx_word' id='word_1_752' title='bbox 1434 5343 1668 5395; x_wconf 85' lang='lat' dir='ltr'><strong>evaseris</strong></span> <span class='ocrx_word' id='word_1_753' title='bbox 1699 5358 1711 5391; x_wconf 91' lang='lat'><strong>:</strong></span> <span class='ocrx_word' id='word_1_754' title='bbox 1743 5341 1992 5406; x_wconf 88' lang='lat' dir='ltr'><strong>quoniam</strong></span> <span class='ocrx_word' id='word_1_755' title='bbox 2021 5341 2063 5394; x_wconf 90' lang='lat' dir='ltr'><strong>si</strong></span> <span class='ocrx_word' id='word_1_756' title='bbox 2091 5340 2268 5394; x_wconf 85' lang='lat' dir='ltr'><strong>ebrius</strong></span> 
     </span>
    </p>
   </div>
   <div class='ocr_carea' id='block_1_98' title="bbox 687 5410 2267 5480">
    <p class='ocr_par' dir='ltr' id='par_1_98' title="bbox 687 5410 2267 5480">
     <span class='ocr_line' id='line_1_101' title="bbox 687 5410 2267 5480; baseline -0.002 -14"><span class='ocrx_word' id='word_1_757' title='bbox 687 5412 957 5466; x_wconf 84' lang='lat' dir='ltr'><strong>iracundia</strong></span> <span class='ocrx_word' id='word_1_758' title='bbox 990 5412 1084 5471; x_wconf 84' lang='lat' dir='ltr'><strong>sis.</strong></span> <span class='ocrx_word' id='word_1_759' title='bbox 1117 5412 1241 5480; x_wconf 88' lang='lat' dir='ltr'><strong>quid</strong></span> <span class='ocrx_word' id='word_1_760' title='bbox 1273 5426 1490 5464; x_wconf 89' lang='lat' dir='ltr'><strong>carnem</strong></span> <span class='ocrx_word' id='word_1_761' title='bbox 1521 5410 1743 5479; x_wconf 85' lang='lat' dir='ltr'><strong>aflligis?</strong></span> <span class='ocrx_word' id='word_1_762' title='bbox 1778 5410 1839 5464; x_wconf 81' lang='lat' dir='ltr'><strong>Si</strong></span> <span class='ocrx_word' id='word_1_763' title='bbox 1871 5411 2010 5465; x_wconf 90' lang='lat' dir='ltr'><strong>intus</strong></span> <span class='ocrx_word' id='word_1_764' title='bbox 2034 5414 2102 5465; x_wconf 87' lang='lat' dir='ltr'><strong>sit</strong></span> <span class='ocrx_word' id='word_1_765' title='bbox 2131 5411 2267 5463; x_wconf 54' lang='lat' dir='ltr'><strong>invi:</strong></span> 
     </span>
    </p>
   </div>
   <div class='ocr_carea' id='block_1_99' title="bbox 687 5480 2268 5551">
    <p class='ocr_par' dir='ltr' id='par_1_99' title="bbox 687 5480 2268 5551">
     <span class='ocr_line' id='line_1_102' title="bbox 687 5480 2268 5551; baseline 0 -16"><span class='ocrx_word' id='word_1_766' title='bbox 687 5483 772 5535; x_wconf 86' lang='lat' dir='ltr'><strong>dia</strong></span> <span class='ocrx_word' id='word_1_767' title='bbox 801 5494 852 5535; x_wconf 91' lang='lat' dir='ltr'><strong>et</strong></span> <span class='ocrx_word' id='word_1_768' title='bbox 883 5483 1123 5543; x_wconf 72' lang='lat' dir='ltr'><strong>avaritia,</strong></span> <span class='ocrx_word' id='word_1_769' title='bbox 1154 5482 1276 5550; x_wconf 90' lang='lat' dir='ltr'><strong>quid</strong></span> <span class='ocrx_word' id='word_1_770' title='bbox 1312 5480 1529 5549; x_wconf 89' lang='lat' dir='ltr'><strong>prodest</strong></span> <span class='ocrx_word' id='word_1_771' title='bbox 1551 5496 1700 5551; x_wconf 72' lang='lat' dir='ltr'><strong>aqua:</strong></span> <span class='ocrx_word' id='word_1_772' title='bbox 1727 5484 1919 5550; x_wconf 82' lang='lat' dir='ltr'><strong>potus?</strong></span> <span class='ocrx_word' id='word_1_773' title='bbox 1945 5481 2059 5535; x_wconf 87' lang='lat' dir='ltr'><strong>Non</strong></span> <span class='ocrx_word' id='word_1_774' title='bbox 2088 5496 2268 5548; x_wconf 82' lang='lat' dir='ltr'><strong>quer</strong></span> 
     </span>
    </p>
   </div>
   <div class='ocr_carea' id='block_1_100' title="bbox 686 5552 2269 5619">
    <p class='ocr_par' dir='ltr' id='par_1_100' title="bbox 686 5552 2269 5619">
     <span class='ocr_line' id='line_1_103' title="bbox 686 5552 2269 5619; baseline -0.001 -12"><span class='ocrx_word' id='word_1_775' title='bbox 686 5568 848 5614; x_wconf 88' lang='lat' dir='ltr'><strong>nunc,</strong></span> <span class='ocrx_word' id='word_1_776' title='bbox 877 5554 1047 5619; x_wconf 85' lang='lat' dir='ltr'><strong>qualis</strong></span> <span class='ocrx_word' id='word_1_777' title='bbox 1077 5554 1145 5606; x_wconf 89' lang='lat' dir='ltr'><strong>sit</strong></span> <span class='ocrx_word' id='word_1_778' title='bbox 1170 5566 1373 5611; x_wconf 87' lang='lat' dir='ltr'><strong>mensa,</strong></span> <span class='ocrx_word' id='word_1_779' title='bbox 1404 5552 1495 5605; x_wconf 91' lang='lat' dir='ltr'><strong>sed</strong></span> <span class='ocrx_word' id='word_1_780' title='bbox 1522 5567 1587 5605; x_wconf 92' lang='lat' dir='ltr'><strong>an</strong></span> <span class='ocrx_word' id='word_1_781' title='bbox 1620 5552 1773 5605; x_wconf 78' lang='lat' dir='ltr'><strong>mala:</strong></span> <span class='ocrx_word' id='word_1_782' title='bbox 1802 5554 1994 5604; x_wconf 91' lang='lat' dir='ltr'><strong>mentis</strong></span> <span class='ocrx_word' id='word_1_783' title='bbox 2023 5552 2157 5606; x_wconf 84' lang='lat' dir='ltr'><strong>facta</strong></span> <span class='ocrx_word' id='word_1_784' title='bbox 2200 5553 2269 5606; x_wconf 89' lang='lat' dir='ltr'><strong>sit</strong></span> 
     </span>
    </p>
   </div>
   <div class='ocr_carea' id='block_1_101' title="bbox 686 5622 2268 5689">
    <p class='ocr_par' dir='ltr' id='par_1_101' title="bbox 686 5622 2268 5689">
     <span class='ocr_line' id='line_1_104' title="bbox 686 5622 2268 5689; baseline -0.002 -11"><span class='ocrx_word' id='word_1_785' title='bbox 686 5624 927 5678; x_wconf 85' lang='lat' dir='ltr'><strong>mutatio.</strong></span> <span class='ocrx_word' id='word_1_786' title='bbox 963 5623 1017 5677; x_wconf 90' lang='lat' dir='ltr'><strong>Si</strong></span> <span class='ocrx_word' id='word_1_787' title='bbox 1045 5624 1284 5687; x_wconf 78' lang='lat' dir='ltr'><strong>domina,</strong></span> <span class='ocrx_word' id='word_1_788' title='bbox 1314 5622 1563 5675; x_wconf 90' lang='lat' dir='ltr'><strong>nimirum</strong></span> <span class='ocrx_word' id='word_1_789' title='bbox 1594 5624 1790 5689; x_wconf 79' lang='lat' dir='ltr'><strong>anima.</strong></span> <span class='ocrx_word' id='word_1_790' title='bbox 1835 5622 2143 5687; x_wconf 90' lang='lat' dir='ltr'><strong>fornicatur,</strong></span> <span class='ocrx_word' id='word_1_791' title='bbox 2172 5638 2268 5676; x_wconf 91' lang='lat' dir='ltr'><strong>cur</strong></span> 
     </span>
    </p>
   </div>
   <div class='ocr_carea' id='block_1_102' title="bbox 684 5692 2266 5764">
    <p class='ocr_par' dir='ltr' id='par_1_102' title="bbox 684 5692 2266 5764">
     <span class='ocr_line' id='line_1_105' title="bbox 684 5692 2266 5764; baseline 0.001 -17"><span class='ocrx_word' id='word_1_792' title='bbox 684 5694 953 5762; x_wconf 74' lang='lat' dir='ltr'><strong>ancillam,</strong></span> <span class='ocrx_word' id='word_1_793' title='bbox 989 5705 1229 5750; x_wconf 87' lang='lat' dir='ltr'><strong>ventrem</strong></span> <span class='ocrx_word' id='word_1_794' title='bbox 1260 5694 1494 5763; x_wconf 87' lang='lat' dir='ltr'><strong>inquam,</strong></span> <span class='ocrx_word' id='word_1_795' title='bbox 1524 5692 1796 5764; x_wconf 76' lang='lat' dir='ltr'><strong>flagellas?</strong></span> <span class='ocrx_word' id='word_1_796' title='bbox 1821 5693 1878 5748; x_wconf 89' lang='lat' dir='ltr'><strong>Si</strong></span> <span class='ocrx_word' id='word_1_797' title='bbox 1908 5693 2081 5749; x_wconf 86' lang='lat' dir='ltr'><strong>anima</strong></span> <span class='ocrx_word' id='word_1_798' title='bbox 2104 5692 2266 5750; x_wconf 50' lang='lat' dir='ltr'><strong>sedne</strong></span> 
     </span>
    </p>
   </div>
   <div class='ocr_carea' id='block_1_103' title="bbox 2385 3855 3960 3925">
    <p class='ocr_par' dir='ltr' id='par_1_103' title="bbox 2385 3855 3960 3925">
     <span class='ocr_line' id='line_1_106' title="bbox 2385 3855 3960 3925; baseline -0.001 -13"><span class='ocrx_word' id='word_1_799' title='bbox 2385 3859 2540 3923; x_wconf 91' lang='lat' dir='ltr'><strong>citur,</strong></span> <span class='ocrx_word' id='word_1_800' title='bbox 2570 3873 2665 3911; x_wconf 91' lang='lat' dir='ltr'><strong>cur</strong></span> <span class='ocrx_word' id='word_1_801' title='bbox 2704 3872 2898 3925; x_wconf 90' lang='lat' dir='ltr'><strong>corpus</strong></span> <span class='ocrx_word' id='word_1_802' title='bbox 2938 3858 3222 3912; x_wconf 85' lang='lat' dir='ltr'><strong>maceras?</strong></span> <span class='ocrx_word' id='word_1_803' title='bbox 3263 3855 3390 3910; x_wconf 64' lang='lat' dir='ltr'><strong>Haec</strong></span> <span class='ocrx_word' id='word_1_804' title='bbox 3441 3870 3543 3924; x_wconf 88' lang='lat' dir='ltr'><strong>ego</strong></span> <span class='ocrx_word' id='word_1_805' title='bbox 3591 3855 3731 3921; x_wconf 90' lang='lat' dir='ltr'><strong>dico,</strong></span> <span class='ocrx_word' id='word_1_806' title='bbox 3768 3872 3873 3909; x_wconf 89' lang='lat' dir='ltr'><strong>non</strong></span> <span class='ocrx_word' id='word_1_807' title='bbox 3914 3865 3960 3911; x_wconf 88' lang='lat' dir='ltr'><strong>nt</strong></span> 
     </span>
    </p>
   </div>
   <div class='ocr_carea' id='block_1_104' title="bbox 2384 3926 3961 3997">
    <p class='ocr_par' dir='ltr' id='par_1_104' title="bbox 2384 3926 3961 3997">
     <span class='ocr_line' id='line_1_107' title="bbox 2384 3926 3961 3997; baseline -0.001 -17"><span class='ocrx_word' id='word_1_808' title='bbox 2384 3944 2480 3981; x_wconf 87' lang='lat' dir='ltr'><strong>vos</strong></span> <span class='ocrx_word' id='word_1_809' title='bbox 2509 3942 2779 3993; x_wconf 90' lang='lat' dir='ltr'><strong>accusem,</strong></span> <span class='ocrx_word' id='word_1_810' title='bbox 2802 3929 2894 3982; x_wconf 89' lang='lat' dir='ltr'><strong>sed</strong></span> <span class='ocrx_word' id='word_1_811' title='bbox 2922 3937 3137 3996; x_wconf 77' lang='lat' dir='ltr'><strong>propter</strong></span> <span class='ocrx_word' id='word_1_812' title='bbox 3166 3928 3515 3997; x_wconf 85' lang='lat' dir='ltr'><strong>negligentes.</strong></span> <span class='ocrx_word' id='word_1_813' title='bbox 3546 3926 3680 3980; x_wconf 90' lang='lat' dir='ltr'><strong>Cum</strong></span> <span class='ocrx_word' id='word_1_814' title='bbox 3709 3928 3852 3980; x_wconf 89' lang='lat' dir='ltr'><strong>enim</strong></span> <span class='ocrx_word' id='word_1_815' title='bbox 3877 3942 3961 3979; x_wconf 74' lang='lat' dir='ltr'><strong>vos</strong></span> 
     </span>
    </p>
   </div>
   <div class='ocr_carea' id='block_1_105' title="bbox 2383 3997 3959 4059">
    <p class='ocr_par' dir='ltr' id='par_1_105' title="bbox 2383 3997 3959 4059">
     <span class='ocr_line' id='line_1_108' title="bbox 2383 3997 3959 4059; baseline -0.003 -8"><span class='ocrx_word' id='word_1_816' title='bbox 2383 3998 2595 4051; x_wconf 86' lang='lat' dir='ltr'><strong>videam</strong></span> <span class='ocrx_word' id='word_1_817' title='bbox 2624 4000 2885 4059; x_wconf 83' lang='lat' dir='ltr'><strong>volantes.</strong></span> <span class='ocrx_word' id='word_1_818' title='bbox 2916 3998 3077 4052; x_wconf 90' lang='lat' dir='ltr'><strong>altius</strong></span> <span class='ocrx_word' id='word_1_819' title='bbox 3103 3998 3283 4053; x_wconf 88' lang='lat' dir='ltr'><strong>volare</strong></span> <span class='ocrx_word' id='word_1_820' title='bbox 3310 4012 3405 4051; x_wconf 90' lang='lat' dir='ltr'><strong>vos</strong></span> <span class='ocrx_word' id='word_1_821' title='bbox 3425 3997 3586 4050; x_wconf 84' lang='lat' dir='ltr'><strong>velim</strong></span> <span class='ocrx_word' id='word_1_822' title='bbox 3615 4016 3628 4052; x_wconf 91' lang='lat'><strong>:</strong></span> <span class='ocrx_word' id='word_1_823' title='bbox 3659 4006 3804 4050; x_wconf 89' lang='lat' dir='ltr'><strong>tanta</strong></span> <span class='ocrx_word' id='word_1_824' title='bbox 3834 3999 3959 4050; x_wconf 87' lang='lat' dir='ltr'><strong>enim</strong></span> 
     </span>
    </p>
   </div>
   <div class='ocr_carea' id='block_1_106' title="bbox 2383 4067 3960 4137">
    <p class='ocr_par' dir='ltr' id='par_1_106' title="bbox 2383 4067 3960 4137">
     <span class='ocr_line' id='line_1_109' title="bbox 2383 4067 3960 4137; baseline -0.003 -14"><span class='ocrx_word' id='word_1_825' title='bbox 2383 4079 2468 4123; x_wconf 90' lang='lat' dir='ltr'><strong>est</strong></span> <span class='ocrx_word' id='word_1_826' title='bbox 2490 4072 2569 4122; x_wconf 90' lang='lat' dir='ltr'><strong>vis</strong></span> <span class='ocrx_word' id='word_1_827' title='bbox 2591 4070 2846 4123; x_wconf 89' lang='lat' dir='ltr'><strong>caritatis.</strong></span> <span class='ocrx_word' id='word_1_828' title='bbox 2874 4069 2941 4122; x_wconf 86' lang='lat' dir='ltr'><strong>Et</strong></span> <span class='ocrx_word' id='word_1_829' title='bbox 2967 4068 3421 4137; x_wconf 87' lang='lat' dir='ltr'><strong>quemadmodum</strong></span> <span class='ocrx_word' id='word_1_830' title='bbox 3452 4068 3598 4121; x_wconf 87' lang='lat' dir='ltr'><strong>avari</strong></span> <span class='ocrx_word' id='word_1_831' title='bbox 3627 4080 3830 4136; x_wconf 90' lang='lat' dir='ltr'><strong>quanto</strong></span> <span class='ocrx_word' id='word_1_832' title='bbox 3859 4067 3960 4136; x_wconf 79' lang='lat' dir='ltr'><strong>plus</strong></span> 
     </span>
    </p>
   </div>
   <div class='ocr_carea' id='block_1_107' title="bbox 2384 4140 3961 4208">
    <p class='ocr_par' dir='ltr' id='par_1_107' title="bbox 2384 4140 3961 4208">
     <span class='ocr_line' id='line_1_110' title="bbox 2384 4140 3961 4208; baseline -0.003 -16"><span class='ocrx_word' id='word_1_833' title='bbox 2384 4140 2498 4193; x_wconf 87' lang='lat' dir='ltr'><strong>auri</strong></span> <span class='ocrx_word' id='word_1_834' title='bbox 2535 4140 2866 4208; x_wconf 85' lang='lat' dir='ltr'><strong>collegerint,</strong></span> <span class='ocrx_word' id='word_1_835' title='bbox 2898 4150 3043 4192; x_wconf 91' lang='lat' dir='ltr'><strong>tanto</strong></span> <span class='ocrx_word' id='word_1_836' title='bbox 3074 4141 3192 4208; x_wconf 93' lang='lat' dir='ltr'><strong>plus</strong></span> <span class='ocrx_word' id='word_1_837' title='bbox 3220 4146 3513 4207; x_wconf 80' lang='lat' dir='ltr'><strong>expetunt:</strong></span> <span class='ocrx_word' id='word_1_838' title='bbox 3546 4140 3624 4192; x_wconf 91' lang='lat' dir='ltr'><strong>sic</strong></span> <span class='ocrx_word' id='word_1_839' title='bbox 3649 4148 3701 4192; x_wconf 89' lang='lat' dir='ltr'><strong>et</strong></span> <span class='ocrx_word' id='word_1_840' title='bbox 3727 4155 3829 4192; x_wconf 86' lang='lat' dir='ltr'><strong>nos</strong></span> <span class='ocrx_word' id='word_1_841' title='bbox 3859 4152 3961 4190; x_wconf 84' lang='lat' dir='ltr'><strong>ma-</strong></span> 
     </span>
    </p>
   </div>
   <div class='ocr_carea' id='block_1_108' title="bbox 2380 4208 3959 4280">
    <p class='ocr_par' dir='ltr' id='par_1_108' title="bbox 2380 4208 3959 4280">
     <span class='ocr_line' id='line_1_111' title="bbox 2380 4208 3959 4280; baseline -0.003 -16"><span class='ocrx_word' id='word_1_842' title='bbox 2380 4210 2483 4280; x_wconf 88' lang='lat' dir='ltr'><strong>jori</strong></span> <span class='ocrx_word' id='word_1_843' title='bbox 2514 4225 2825 4279; x_wconf 88' lang='lat' dir='ltr'><strong>progressus</strong></span> <span class='ocrx_word' id='word_1_844' title='bbox 2845 4211 3006 4264; x_wconf 87' lang='lat' dir='ltr'><strong>vestri</strong></span> <span class='ocrx_word' id='word_1_845' title='bbox 3030 4210 3294 4264; x_wconf 86' lang='lat' dir='ltr'><strong>desiderio</strong></span> <span class='ocrx_word' id='word_1_846' title='bbox 3316 4220 3581 4280; x_wconf 81' lang='lat' dir='ltr'><strong>tenemur.</strong></span> <span class='ocrx_word' id='word_1_847' title='bbox 3602 4208 3657 4263; x_wconf 92' lang='lat' dir='ltr'><strong>Si</strong></span> <span class='ocrx_word' id='word_1_848' title='bbox 3688 4224 3822 4280; x_wconf 86' lang='lat' dir='ltr'><strong>ergo</strong></span> <span class='ocrx_word' id='word_1_849' title='bbox 3842 4209 3959 4262; x_wconf 78' lang='lat' dir='ltr'><strong>velis</strong></span> 
     </span>
    </p>
   </div>
   <div class='ocr_carea' id='block_1_109' title="bbox 2382 4278 3956 4350">
    <p class='ocr_par' dir='ltr' id='par_1_109' title="bbox 2382 4278 3956 4350">
     <span class='ocr_line' id='line_1_112' title="bbox 2382 4278 3956 4350; baseline -0.003 -15"><span class='ocrx_word' id='word_1_850' title='bbox 2382 4278 2555 4349; x_wconf 83' lang='lat' dir='ltr'><strong>excipi</strong></span> <span class='ocrx_word' id='word_1_851' title='bbox 2586 4278 2724 4350; x_wconf 84' lang='lat' dir='ltr'><strong>apud</strong></span> <span class='ocrx_word' id='word_1_852' title='bbox 2772 4281 2958 4343; x_wconf 87' lang='lat' dir='ltr'><strong>Deum,</strong></span> <span class='ocrx_word' id='word_1_853' title='bbox 2990 4281 3170 4349; x_wconf 87' lang='lat' dir='ltr'><strong>jejuna</strong></span> <span class='ocrx_word' id='word_1_854' title='bbox 3210 4278 3659 4350; x_wconf 89' lang='lat' dir='ltr'><strong>quemadmodum</strong></span> <span class='ocrx_word' id='word_1_855' title='bbox 3705 4279 3956 4341; x_wconf 58' lang='lat' dir='ltr'><strong>Ninivitas.</strong></span> 
     </span>
    </p>
   </div>
   <div class='ocr_carea' id='block_1_110' title="bbox 2384 4349 3958 4420">
    <p class='ocr_par' dir='ltr' id='par_1_110' title="bbox 2384 4349 3958 4420">
     <span class='ocr_line' id='line_1_113' title="bbox 2384 4349 3958 4420; baseline -0.003 -15"><span class='ocrx_word' id='word_1_856' title='bbox 2384 4354 2454 4405; x_wconf 92' lang='lat' dir='ltr'><strong>mi</strong></span> <span class='ocrx_word' id='word_1_857' title='bbox 2489 4349 2688 4420; x_wconf 75' lang='lat' dir='ltr'><strong>frater:</strong></span> <span class='ocrx_word' id='word_1_858' title='bbox 2720 4351 2791 4404; x_wconf 91' lang='lat' dir='ltr'><strong>illi</strong></span> <span class='ocrx_word' id='word_1_859' title='bbox 2822 4353 2991 4420; x_wconf 90' lang='lat' dir='ltr'><strong>legem</strong></span> <span class='ocrx_word' id='word_1_860' title='bbox 3035 4367 3139 4404; x_wconf 93' lang='lat' dir='ltr'><strong>non</strong></span> <span class='ocrx_word' id='word_1_861' title='bbox 3166 4358 3487 4419; x_wconf 89' lang='lat' dir='ltr'><strong>acceperant</strong></span> <span class='ocrx_word' id='word_1_862' title='bbox 3515 4368 3528 4403; x_wconf 92' lang='lat'><strong>:</strong></span> <span class='ocrx_word' id='word_1_863' title='bbox 3562 4349 3631 4405; x_wconf 90' lang='lat' dir='ltr'><strong>de</strong></span> <span class='ocrx_word' id='word_1_864' title='bbox 3660 4350 3854 4419; x_wconf 82' lang='lat' dir='ltr'><strong>quibus</strong></span> <span class='ocrx_word' id='word_1_865' title='bbox 3894 4350 3958 4402; x_wconf 86' lang='lat' dir='ltr'><strong>ait</strong></span> 
     </span>
    </p>
   </div>
   <div class='ocr_carea' id='block_1_111' title="bbox 2382 4419 3957 4490">
    <p class='ocr_par' dir='ltr' id='par_1_111' title="bbox 2382 4419 3957 4490">
     <span class='ocr_line' id='line_1_114' title="bbox 2382 4419 3957 4490; baseline -0.003 -14"><span class='ocrx_word' id='word_1_866' title='bbox 2382 4422 2577 4476; x_wconf 90' lang='lat' dir='ltr'><strong>Paulus</strong></span> <span class='ocrx_word' id='word_1_867' title='bbox 2604 4439 2615 4473; x_wconf 90' lang='lat'><strong>:</strong></span> <span class='ocrx_word' id='word_1_868' title='bbox 2645 4419 2775 4475; x_wconf 88' lang='lat' dir='ltr'><strong>Cum</strong></span> <span class='ocrx_word' id='word_1_869' title='bbox 2803 4419 2937 4474; x_wconf 80' lang='lat' dir='ltr'><strong>enim</strong></span> <span class='ocrx_word' id='word_1_870' title='bbox 2964 4420 3164 4486; x_wconf 81' lang='lat' dir='ltr'><strong>Gentes,</strong></span> <span class='ocrx_word' id='word_1_871' title='bbox 3188 4436 3302 4488; x_wconf 68' lang='lat' dir='ltr'><strong>qua</strong></span> <span class='ocrx_word' id='word_1_872' title='bbox 3322 4422 3480 4490; x_wconf 86' lang='lat' dir='ltr'><strong>legem</strong></span> <span class='ocrx_word' id='word_1_873' title='bbox 3502 4437 3603 4474; x_wconf 87' lang='lat' dir='ltr'><strong>non</strong></span> <span class='ocrx_word' id='word_1_874' title='bbox 3642 4422 3847 4484; x_wconf 83' lang='lat' dir='ltr'><strong>habent,</strong></span> <span class='ocrx_word' id='word_1_875' title='bbox 3872 4436 3957 4490; x_wconf 15' lang='lat' dir='ltr'><strong>Ana-</strong></span> 
     </span>
    </p>
   </div>
   <div class='ocr_carea' id='block_1_112' title="bbox 2384 4492 3956 4563">
    <p class='ocr_par' dir='ltr' id='par_1_112' title="bbox 2384 4492 3956 4563">
     <span class='ocr_line' id='line_1_115' title="bbox 2384 4492 3956 4563; baseline -0.004 -18"><span class='ocrx_word' id='word_1_876' title='bbox 2384 4492 2613 4545; x_wconf 81' lang='lat' dir='ltr'><strong>turaliter</strong></span> <span class='ocrx_word' id='word_1_877' title='bbox 2656 4508 2714 4544; x_wconf 89' lang='lat' dir='ltr'><strong>ea</strong></span> <span class='ocrx_word' id='word_1_878' title='bbox 2756 4507 2869 4560; x_wconf 73' lang='lat' dir='ltr'><strong>qua:</strong></span> <span class='ocrx_word' id='word_1_879' title='bbox 2918 4493 3043 4563; x_wconf 77' lang='lat' dir='ltr'><strong>tegis</strong></span> <span class='ocrx_word' id='word_1_880' title='bbox 3086 4502 3225 4557; x_wconf 85' lang='lat' dir='ltr'><strong>sunt,</strong></span> <span class='ocrx_word' id='word_1_881' title='bbox 3254 4492 3472 4563; x_wconf 76' lang='lat' dir='ltr'><strong>faciunt,</strong></span> <span class='ocrx_word' id='word_1_882' title='bbox 3514 4492 3780 4563; x_wconf 5' lang='lat' dir='ltr'><strong>ejusmodi,</strong></span> <span class='ocrx_word' id='word_1_883' title='bbox 3813 4492 3956 4560; x_wconf 74' lang='lat' dir='ltr'><strong>legem</strong></span> 
     </span>
    </p>
   </div>
   <div class='ocr_carea' id='block_1_113' title="bbox 2383 4561 3957 4633">
    <p class='ocr_par' dir='ltr' id='par_1_113' title="bbox 2383 4561 3957 4633">
     <span class='ocr_line' id='line_1_116' title="bbox 2383 4561 3957 4633; baseline -0.003 -18"><span class='ocrx_word' id='word_1_884' title='bbox 2383 4580 2485 4615; x_wconf 89' lang='lat' dir='ltr'><strong>non</strong></span> <span class='ocrx_word' id='word_1_885' title='bbox 2510 4562 2875 4633; x_wconf 83' lang='lat' dir='ltr'><strong>habentes,ipsi</strong></span> <span class='ocrx_word' id='word_1_886' title='bbox 2886 4561 2987 4633; x_wconf 80' lang='lat' dir='ltr'><strong>sibi</strong></span> <span class='ocrx_word' id='word_1_887' title='bbox 3003 4574 3119 4616; x_wconf 88' lang='lat' dir='ltr'><strong>sunt</strong></span> <span class='ocrx_word' id='word_1_888' title='bbox 3147 4563 3229 4616; x_wconf 82' lang='lat' dir='ltr'><strong>lea:</strong></span> <span class='ocrx_word' id='word_1_889' title='bbox 3253 4562 3632 4633; x_wconf 68' lang='lat' dir='ltr'><strong>(Rom.2.14).</strong></span> <span class='ocrx_word' id='word_1_890' title='bbox 3664 4561 3787 4616; x_wconf 88' lang='lat' dir='ltr'><strong>Noli</strong></span> <span class='ocrx_word' id='word_1_891' title='bbox 3816 4564 3957 4631; x_wconf 85' lang='lat' dir='ltr'><strong>igitur</strong></span> 
     </span>
    </p>
   </div>
   <div class='ocr_carea' id='block_1_114' title="bbox 2382 4632 3953 4703">
    <p class='ocr_par' dir='ltr' id='par_1_114' title="bbox 2382 4632 3953 4703">
     <span class='ocr_line' id='line_1_117' title="bbox 2382 4632 3953 4703; baseline -0.003 -16"><span class='ocrx_word' id='word_1_892' title='bbox 2382 4635 2610 4687; x_wconf 87' lang='lat' dir='ltr'><strong>otiosum</strong></span> <span class='ocrx_word' id='word_1_893' title='bbox 2634 4632 2891 4702; x_wconf 90' lang='lat' dir='ltr'><strong>jejunium</strong></span> <span class='ocrx_word' id='word_1_894' title='bbox 2910 4632 3192 4687; x_wconf 83' lang='lat' dir='ltr'><strong>exhibere:</strong></span> <span class='ocrx_word' id='word_1_895' title='bbox 3217 4648 3321 4687; x_wconf 92' lang='lat' dir='ltr'><strong>non</strong></span> <span class='ocrx_word' id='word_1_896' title='bbox 3339 4633 3482 4686; x_wconf 92' lang='lat' dir='ltr'><strong>cnim</strong></span> <span class='ocrx_word' id='word_1_897' title='bbox 3511 4633 3685 4687; x_wconf 89' lang='lat' dir='ltr'><strong>solum</strong></span> <span class='ocrx_word' id='word_1_898' title='bbox 3715 4634 3953 4703; x_wconf 88' lang='lat' dir='ltr'><strong>jejunium</strong></span> 
     </span>
    </p>
   </div>
   <div class='ocr_carea' id='block_1_115' title="bbox 2382 4703 3953 4767">
    <p class='ocr_par' dir='ltr' id='par_1_115' title="bbox 2382 4703 3953 4767">
     <span class='ocr_line' id='line_1_118' title="bbox 2382 4703 3953 4767; baseline -0.004 -9"><span class='ocrx_word' id='word_1_899' title='bbox 2382 4704 2434 4758; x_wconf 90' lang='lat' dir='ltr'><strong>in</strong></span> <span class='ocrx_word' id='word_1_900' title='bbox 2461 4704 2646 4758; x_wconf 84' lang='lat' dir='ltr'><strong>caelum</strong></span> <span class='ocrx_word' id='word_1_901' title='bbox 2671 4703 2931 4767; x_wconf 87' lang='lat' dir='ltr'><strong>ascendit,</strong></span> <span class='ocrx_word' id='word_1_902' title='bbox 2950 4704 3052 4757; x_wconf 91' lang='lat' dir='ltr'><strong>nisi</strong></span> <span class='ocrx_word' id='word_1_903' title='bbox 3074 4718 3313 4758; x_wconf 85' lang='lat' dir='ltr'><strong>sororem</strong></span> <span class='ocrx_word' id='word_1_904' title='bbox 3344 4704 3540 4757; x_wconf 89' lang='lat' dir='ltr'><strong>habeat</strong></span> <span class='ocrx_word' id='word_1_905' title='bbox 3561 4718 3717 4757; x_wconf 89' lang='lat' dir='ltr'><strong>suam</strong></span> <span class='ocrx_word' id='word_1_906' title='bbox 3741 4705 3953 4759; x_wconf 79' lang='lat' dir='ltr'><strong>eleetno-</strong></span> 
     </span>
    </p>
   </div>
   <div class='ocr_carea' id='block_1_116' title="bbox 2383 4772 3953 4844">
    <p class='ocr_par' dir='ltr' id='par_1_116' title="bbox 2383 4772 3953 4844">
     <span class='ocr_line' id='line_1_119' title="bbox 2383 4772 3953 4844; baseline -0.003 -16"><span class='ocrx_word' id='word_1_907' title='bbox 2383 4788 2590 4844; x_wconf 85' lang='lat' dir='ltr'><strong>synam.</strong></span> <span class='ocrx_word' id='word_1_908' title='bbox 2612 4773 2887 4843; x_wconf 90' lang='lat' dir='ltr'><strong>Siquidem</strong></span> <span class='ocrx_word' id='word_1_909' title='bbox 2911 4774 3028 4843; x_wconf 86' lang='lat' dir='ltr'><strong>biga</strong></span> <span class='ocrx_word' id='word_1_910' title='bbox 3054 4784 3138 4827; x_wconf 90' lang='lat' dir='ltr'><strong>est</strong></span> <span class='ocrx_word' id='word_1_911' title='bbox 3159 4773 3295 4843; x_wconf 78' lang='lat' dir='ltr'><strong>ejus,</strong></span> <span class='ocrx_word' id='word_1_912' title='bbox 3319 4789 3418 4828; x_wconf 90' lang='lat' dir='ltr'><strong>nec</strong></span> <span class='ocrx_word' id='word_1_913' title='bbox 3439 4772 3749 4828; x_wconf 86' lang='lat' dir='ltr'><strong>fraternitas</strong></span> <span class='ocrx_word' id='word_1_914' title='bbox 3770 4784 3822 4828; x_wconf 89' lang='lat' dir='ltr'><strong>et</strong></span> <span class='ocrx_word' id='word_1_915' title='bbox 3848 4774 3953 4840; x_wconf 78' lang='lat' dir='ltr'><strong>biga</strong></span> 
     </span>
    </p>
   </div>
   <div class='ocr_carea' id='block_1_117' title="bbox 2383 4844 3954 4907">
    <p class='ocr_par' dir='ltr' id='par_1_117' title="bbox 2383 4844 3954 4907">
     <span class='ocr_line' id='line_1_120' title="bbox 2383 4844 3954 4907; baseline -0.001 -10"><span class='ocrx_word' id='word_1_916' title='bbox 2383 4853 2605 4907; x_wconf 89' lang='lat' dir='ltr'><strong>tantum,</strong></span> <span class='ocrx_word' id='word_1_917' title='bbox 2639 4846 2732 4898; x_wconf 88' lang='lat' dir='ltr'><strong>sed</strong></span> <span class='ocrx_word' id='word_1_918' title='bbox 2760 4845 2919 4898; x_wconf 91' lang='lat' dir='ltr'><strong>etiam</strong></span> <span class='ocrx_word' id='word_1_919' title='bbox 2949 4844 3275 4899; x_wconf 90' lang='lat' dir='ltr'><strong>vehiculum.</strong></span> <span class='ocrx_word' id='word_1_920' title='bbox 3311 4844 3463 4900; x_wconf 89' lang='lat' dir='ltr'><strong>Unde</strong></span> <span class='ocrx_word' id='word_1_921' title='bbox 3495 4844 3545 4898; x_wconf 91' lang='lat' dir='ltr'><strong>id</strong></span> <span class='ocrx_word' id='word_1_922' title='bbox 3572 4845 3820 4899; x_wconf 84' lang='lat' dir='ltr'><strong>constat?</strong></span> <span class='ocrx_word' id='word_1_923' title='bbox 3860 4846 3954 4898; x_wconf 76' lang='lat' dir='ltr'><strong>Au-</strong></span> 
     </span>
    </p>
   </div>
   <div class='ocr_carea' id='block_1_118' title="bbox 2381 4913 3953 4985">
    <p class='ocr_par' dir='ltr' id='par_1_118' title="bbox 2381 4913 3953 4985">
     <span class='ocr_line' id='line_1_121' title="bbox 2381 4913 3953 4985; baseline -0.003 -17"><span class='ocrx_word' id='word_1_924' title='bbox 2381 4916 2531 4983; x_wconf 87' lang='lat' dir='ltr'><strong>gelus</strong></span> <span class='ocrx_word' id='word_1_925' title='bbox 2556 4915 2805 4969; x_wconf 71' lang='lat' dir='ltr'><strong>Cornelio</strong></span> <span class='ocrx_word' id='word_1_926' title='bbox 2830 4914 3041 4970; x_wconf 89' lang='lat' dir='ltr'><strong>dicebat</strong></span> <span class='ocrx_word' id='word_1_927' title='bbox 3072 4931 3084 4964; x_wconf 92' lang='lat'><strong>:</strong></span> <span class='ocrx_word' id='word_1_928' title='bbox 3122 4913 3387 4969; x_wconf 85' lang='lat' dir='ltr'><strong>Orationes</strong></span> <span class='ocrx_word' id='word_1_929' title='bbox 3427 4924 3529 4968; x_wconf 74' lang='lat' dir='ltr'><strong>tua:</strong></span> <span class='ocrx_word' id='word_1_930' title='bbox 3565 4925 3612 4968; x_wconf 87' lang='lat' dir='ltr'><strong>et</strong></span> <span class='ocrx_word' id='word_1_931' title='bbox 3638 4916 3953 4985; x_wconf 66' lang='lat' dir='ltr'><strong>eleemosgne</strong></span> 
     </span>
    </p>
   </div>
   <div class='ocr_carea' id='block_1_119' title="bbox 2381 4986 3949 5054">
    <p class='ocr_par' dir='ltr' id='par_1_119' title="bbox 2381 4986 3949 5054">
     <span class='ocr_line' id='line_1_122' title="bbox 2381 4986 3949 5054; baseline -0.002 -17"><span class='ocrx_word' id='word_1_932' title='bbox 2381 4996 2482 5039; x_wconf 75' lang='lat' dir='ltr'><strong>tua:</strong></span> <span class='ocrx_word' id='word_1_933' title='bbox 2505 4987 2837 5039; x_wconf 85' lang='lat' dir='ltr'><strong>ascenderunt</strong></span> <span class='ocrx_word' id='word_1_934' title='bbox 2862 4986 2915 5038; x_wconf 86' lang='lat' dir='ltr'><strong>in</strong></span> <span class='ocrx_word' id='word_1_935' title='bbox 2958 4987 3252 5039; x_wconf 88' lang='lat' dir='ltr'><strong>memoriam</strong></span> <span class='ocrx_word' id='word_1_936' title='bbox 3294 4986 3349 5038; x_wconf 84' lang='lat' dir='ltr'><strong>in</strong></span> <span class='ocrx_word' id='word_1_937' title='bbox 3387 4996 3658 5054; x_wconf 83' lang='lat' dir='ltr'><strong>conspectu</strong></span> <span class='ocrx_word' id='word_1_938' title='bbox 3699 4986 3795 5039; x_wconf 81' lang='lat' dir='ltr'><strong>Dei</strong></span> <span class='ocrx_word' id='word_1_939' title='bbox 3834 4986 3949 5054; x_wconf 79' lang='lat' dir='ltr'><strong>(Act.</strong></span> 
     </span>
    </p>
   </div>
   <div class='ocr_carea' id='block_1_120' title="bbox 2381 5054 3951 5128">
    <p class='ocr_par' dir='ltr' id='par_1_120' title="bbox 2381 5054 3951 5128">
     <span class='ocr_line' id='line_1_123' title="bbox 2381 5054 3951 5128; baseline -0.003 -18"><span class='ocrx_word' id='word_1_940' title='bbox 2381 5056 2468 5110; x_wconf 81' lang='grc'><strong>10.</strong></span> <span class='ocrx_word' id='word_1_941' title='bbox 2504 5054 2579 5126; x_wconf 69' lang='grc'><strong>4).</strong></span> <span class='ocrx_word' id='word_1_942' title='bbox 2617 5055 2878 5128; x_wconf 85' lang='lat' dir='ltr'><strong>Estenim</strong></span> <span class='ocrx_word' id='word_1_943' title='bbox 2901 5057 2987 5128; x_wconf 84' lang='lat' dir='ltr'><strong>ala</strong></span> <span class='ocrx_word' id='word_1_944' title='bbox 3010 5057 3275 5128; x_wconf 84' lang='lat' dir='ltr'><strong>orationis</strong></span> <span class='ocrx_word' id='word_1_945' title='bbox 3298 5056 3641 5128; x_wconf 83' lang='lat' dir='ltr'><strong>eleemosyna</strong></span> <span class='ocrx_word' id='word_1_946' title='bbox 3676 5075 3690 5110; x_wconf 93' lang='lat'><strong>:</strong></span> <span class='ocrx_word' id='word_1_947' title='bbox 3721 5057 3822 5111; x_wconf 90' lang='lat' dir='ltr'><strong>nisi</strong></span> <span class='ocrx_word' id='word_1_948' title='bbox 3848 5070 3951 5109; x_wconf 78' lang='lat' dir='ltr'><strong>ora~</strong></span> 
     </span>
    </p>
   </div>
   <div class='ocr_carea' id='block_1_121' title="bbox 2380 5126 3949 5190">
    <p class='ocr_par' dir='ltr' id='par_1_121' title="bbox 2380 5126 3949 5190">
     <span class='ocr_line' id='line_1_124' title="bbox 2380 5126 3949 5190; baseline -0.001 -11"><span class='ocrx_word' id='word_1_949' title='bbox 2380 5128 2510 5180; x_wconf 92' lang='lat' dir='ltr'><strong>tioni</strong></span> <span class='ocrx_word' id='word_1_950' title='bbox 2552 5135 2654 5179; x_wconf 72' lang='lat' dir='ltr'><strong>tua:</strong></span> <span class='ocrx_word' id='word_1_951' title='bbox 2681 5127 2819 5180; x_wconf 84' lang='lat' dir='ltr'><strong>alam</strong></span> <span class='ocrx_word' id='word_1_952' title='bbox 2864 5126 3154 5190; x_wconf 90' lang='lat' dir='ltr'><strong>addideris,</strong></span> <span class='ocrx_word' id='word_1_953' title='bbox 3186 5128 3408 5181; x_wconf 90' lang='lat' dir='ltr'><strong>minime</strong></span> <span class='ocrx_word' id='word_1_954' title='bbox 3450 5126 3635 5182; x_wconf 80' lang='lat' dir='ltr'><strong>volat:</strong></span> <span class='ocrx_word' id='word_1_955' title='bbox 3666 5143 3791 5183; x_wconf 89' lang='lat' dir='ltr'><strong>cum</strong></span> <span class='ocrx_word' id='word_1_956' title='bbox 3836 5138 3949 5178; x_wconf 76' lang='lat' dir='ltr'><strong>vero</strong></span> 
     </span>
    </p>
   </div>
   <div class='ocr_carea' id='block_1_122' title="bbox 2381 5196 3951 5266">
    <p class='ocr_par' dir='ltr' id='par_1_122' title="bbox 2381 5196 3951 5266">
     <span class='ocr_line' id='line_1_125' title="bbox 2381 5196 3951 5266; baseline 0 -17"><span class='ocrx_word' id='word_1_957' title='bbox 2381 5198 2540 5251; x_wconf 82' lang='lat' dir='ltr'><strong>fuerit</strong></span> <span class='ocrx_word' id='word_1_958' title='bbox 2563 5197 2661 5250; x_wconf 90' lang='lat' dir='ltr'><strong>alis</strong></span> <span class='ocrx_word' id='word_1_959' title='bbox 2689 5197 2909 5266; x_wconf 66' lang='lat' dir='ltr'><strong>praedita</strong></span> <span class='ocrx_word' id='word_1_960' title='bbox 2943 5199 3122 5252; x_wconf 87' lang='lat' dir='ltr'><strong>anima</strong></span> <span class='ocrx_word' id='word_1_961' title='bbox 3150 5208 3256 5263; x_wconf 89' lang='lat' dir='ltr'><strong>tua,</strong></span> <span class='ocrx_word' id='word_1_962' title='bbox 3287 5198 3341 5251; x_wconf 92' lang='lat' dir='ltr'><strong>in</strong></span> <span class='ocrx_word' id='word_1_963' title='bbox 3370 5197 3570 5252; x_wconf 64' lang='lat' dir='ltr'><strong>caelum</strong></span> <span class='ocrx_word' id='word_1_964' title='bbox 3594 5197 3793 5253; x_wconf 80' lang='lat' dir='ltr'><strong>evolat.</strong></span> <span class='ocrx_word' id='word_1_965' title='bbox 3822 5196 3951 5266; x_wconf 55' lang='lat' dir='ltr'><strong>Quo;</strong></span> 
     </span>
    </p>
   </div>
   <div class='ocr_carea' id='block_1_123' title="bbox 2378 5263 3948 5338">
    <p class='ocr_par' dir='ltr' id='par_1_123' title="bbox 2378 5263 3948 5338">
     <span class='ocr_line' id='line_1_126' title="bbox 2378 5263 3948 5338; baseline -0.003 -17"><span class='ocrx_word' id='word_1_966' title='bbox 2378 5282 2548 5338; x_wconf 89' lang='lat' dir='ltr'><strong>usque</strong></span> <span class='ocrx_word' id='word_1_967' title='bbox 2577 5263 2789 5322; x_wconf 84' lang='lat' dir='ltr'><strong>tandem</strong></span> <span class='ocrx_word' id='word_1_968' title='bbox 2821 5269 3161 5336; x_wconf 85' lang='lat' dir='ltr'><strong>pecuniarum</strong></span> <span class='ocrx_word' id='word_1_969' title='bbox 3205 5282 3359 5321; x_wconf 89' lang='lat' dir='ltr'><strong>amor</strong></span> <span class='ocrx_word' id='word_1_970' title='bbox 3396 5278 3451 5322; x_wconf 91' lang='lat' dir='ltr'><strong>et</strong></span> <span class='ocrx_word' id='word_1_971' title='bbox 3477 5282 3640 5337; x_wconf 82' lang='lat' dir='ltr'><strong>apum</strong></span> <span class='ocrx_word' id='word_1_972' title='bbox 3666 5263 3948 5337; x_wconf 78' lang='lat' dir='ltr'><strong>cupiditas?</strong></span> 
     </span>
    </p>
   </div>
   <div class='ocr_carea' id='block_1_124' title="bbox 2379 5338 3949 5404">
    <p class='ocr_par' dir='ltr' id='par_1_124' title="bbox 2379 5338 3949 5404">
     <span class='ocr_line' id='line_1_127' title="bbox 2379 5338 3949 5404; baseline -0.006 -9"><span class='ocrx_word' id='word_1_973' title='bbox 2379 5338 2505 5395; x_wconf 66' lang='lat' dir='ltr'><strong>Haec</strong></span> <span class='ocrx_word' id='word_1_974' title='bbox 2541 5339 2740 5401; x_wconf 92' lang='lat' dir='ltr'><strong>omnia,</strong></span> <span class='ocrx_word' id='word_1_975' title='bbox 2771 5339 2843 5393; x_wconf 90' lang='lat' dir='ltr'><strong>mi</strong></span> <span class='ocrx_word' id='word_1_976' title='bbox 2891 5338 3077 5404; x_wconf 86' lang='lat' dir='ltr'><strong>frater,</strong></span> <span class='ocrx_word' id='word_1_977' title='bbox 3106 5353 3207 5393; x_wconf 89' lang='lat' dir='ltr'><strong>una</strong></span> <span class='ocrx_word' id='word_1_978' title='bbox 3238 5353 3358 5392; x_wconf 90' lang='lat' dir='ltr'><strong>cum</strong></span> <span class='ocrx_word' id='word_1_979' title='bbox 3391 5339 3490 5393; x_wconf 90' lang='lat' dir='ltr'><strong>hac</strong></span> <span class='ocrx_word' id='word_1_980' title='bbox 3515 5340 3624 5393; x_wconf 84' lang='lat' dir='ltr'><strong>vita</strong></span> <span class='ocrx_word' id='word_1_981' title='bbox 3675 5339 3949 5393; x_wconf 83' lang='lat' dir='ltr'><strong>terminan-</strong></span> 
     </span>
    </p>
   </div>
   <div class='ocr_carea' id='block_1_125' title="bbox 2378 5407 3949 5478">
    <p class='ocr_par' dir='ltr' id='par_1_125' title="bbox 2378 5407 3949 5478">
     <span class='ocr_line' id='line_1_128' title="bbox 2378 5407 3949 5478; baseline -0.004 -14"><span class='ocrx_word' id='word_1_982' title='bbox 2378 5419 2484 5464; x_wconf 92' lang='lat' dir='ltr'><strong>tur.</strong></span> <span class='ocrx_word' id='word_1_983' title='bbox 2515 5407 2619 5465; x_wconf 87' lang='lat' dir='ltr'><strong>Sed</strong></span> <span class='ocrx_word' id='word_1_984' title='bbox 2651 5410 2802 5476; x_wconf 91' lang='lat' dir='ltr'><strong>mihi,</strong></span> <span class='ocrx_word' id='word_1_985' title='bbox 2821 5409 3052 5473; x_wconf 90' lang='lat' dir='ltr'><strong>satscio,</strong></span> <span class='ocrx_word' id='word_1_986' title='bbox 3072 5409 3239 5471; x_wconf 85' lang='lat' dir='ltr'><strong>dices,</strong></span> <span class='ocrx_word' id='word_1_987' title='bbox 3258 5409 3374 5464; x_wconf 61' lang='lat' dir='ltr'><strong>haec</strong></span> <span class='ocrx_word' id='word_1_988' title='bbox 3400 5410 3495 5463; x_wconf 92' lang='lat' dir='ltr'><strong>tibi</strong></span> <span class='ocrx_word' id='word_1_989' title='bbox 3520 5410 3623 5478; x_wconf 90' lang='lat' dir='ltr'><strong>ipsi</strong></span> <span class='ocrx_word' id='word_1_990' title='bbox 3650 5419 3949 5463; x_wconf 84' lang='lat' dir='ltr'><strong>commemo-</strong></span> 
     </span>
    </p>
   </div>
   <div class='ocr_carea' id='block_1_126' title="bbox 2379 5480 3947 5549">
    <p class='ocr_par' dir='ltr' id='par_1_126' title="bbox 2379 5480 3947 5549">
     <span class='ocr_line' id='line_1_129' title="bbox 2379 5480 3947 5549; baseline -0.005 -14"><span class='ocrx_word' id='word_1_991' title='bbox 2379 5496 2457 5535; x_wconf 92' lang='lat' dir='ltr'><strong>ra.</strong></span> <span class='ocrx_word' id='word_1_992' title='bbox 2488 5480 2556 5534; x_wconf 89' lang='lat' dir='ltr'><strong>Et</strong></span> <span class='ocrx_word' id='word_1_993' title='bbox 2586 5480 2714 5533; x_wconf 85' lang='lat' dir='ltr'><strong>milii</strong></span> <span class='ocrx_word' id='word_1_994' title='bbox 2739 5480 2837 5549; x_wconf 91' lang='lat' dir='ltr'><strong>ipsi</strong></span> <span class='ocrx_word' id='word_1_995' title='bbox 2858 5488 3314 5543; x_wconf 88' lang='lat' dir='ltr'><strong>commemoro,et</strong></span> <span class='ocrx_word' id='word_1_996' title='bbox 3337 5480 3517 5534; x_wconf 87' lang='lat' dir='ltr'><strong>vobis:</strong></span> <span class='ocrx_word' id='word_1_997' title='bbox 3548 5490 3633 5535; x_wconf 89' lang='lat' dir='ltr'><strong>est</strong></span> <span class='ocrx_word' id='word_1_998' title='bbox 3657 5482 3799 5534; x_wconf 91' lang='lat' dir='ltr'><strong>enim</strong></span> <span class='ocrx_word' id='word_1_999' title='bbox 3823 5492 3947 5532; x_wconf 85' lang='lat' dir='ltr'><strong>com-</strong></span> 
     </span>
    </p>
   </div>
   <div class='ocr_carea' id='block_1_127' title="bbox 2378 5549 3945 5623">
    <p class='ocr_par' dir='ltr' id='par_1_127' title="bbox 2378 5549 3945 5623">
     <span class='ocr_line' id='line_1_130' title="bbox 2378 5549 3945 5623; baseline -0.001 -20"><span class='ocrx_word' id='word_1_1000' title='bbox 2378 5566 2542 5623; x_wconf 75' lang='lat' dir='ltr'><strong>_mune_</strong></span> <span class='ocrx_word' id='word_1_1001' title='bbox 2577 5550 2883 5623; x_wconf 64' lang='lat' dir='ltr'><strong>consilium.</strong></span> <span class='ocrx_word' id='word_1_1002' title='bbox 2912 5550 3042 5623; x_wconf 14' lang='lat' dir='ltr'><strong>AEgo</strong></span> <span class='ocrx_word' id='word_1_1003' title='bbox 3066 5550 3193 5623; x_wconf 87' lang='lat' dir='ltr'><strong>dum</strong></span> <span class='ocrx_word' id='word_1_1004' title='bbox 3239 5549 3355 5623; x_wconf 61' lang='lat' dir='ltr'><strong>hinc</strong></span> <span class='ocrx_word' id='word_1_1005' title='bbox 3400 5551 3583 5616; x_wconf 89' lang='lat' dir='ltr'><strong>audio,</strong></span> <span class='ocrx_word' id='word_1_1006' title='bbox 3622 5559 3678 5605; x_wconf 89' lang='lat' dir='ltr'><strong>et</strong></span> <span class='ocrx_word' id='word_1_1007' title='bbox 3707 5551 3945 5623; x_wconf 64' lang='lat' dir='ltr'><strong>corrigat,</strong></span> 
     </span>
    </p>
   </div>
   <div class='ocr_carea' id='block_1_128' title="bbox 2377 5620 3946 5691">
    <p class='ocr_par' dir='ltr' id='par_1_128' title="bbox 2377 5620 3946 5691">
     <span class='ocr_line' id='line_1_131' title="bbox 2377 5620 3946 5691; baseline -0.001 -15"><span class='ocrx_word' id='word_1_1008' title='bbox 2377 5621 2693 5676; x_wconf 84' lang='lat' dir='ltr'><strong>beneficium</strong></span> <span class='ocrx_word' id='word_1_1009' title='bbox 2742 5635 2769 5673; x_wconf 87' lang='lat' dir='ltr'><strong>a</strong></span> <span class='ocrx_word' id='word_1_1010' title='bbox 2803 5620 2955 5675; x_wconf 89' lang='lat' dir='ltr'><strong>vobis</strong></span> <span class='ocrx_word' id='word_1_1011' title='bbox 2983 5620 3204 5691; x_wconf 75' lang='lat' dir='ltr'><strong>accipio</strong></span> <span class='ocrx_word' id='word_1_1012' title='bbox 3234 5638 3247 5673; x_wconf 88' lang='lat'><strong>:</strong></span> <span class='ocrx_word' id='word_1_1013' title='bbox 3283 5621 3411 5675; x_wconf 87' lang='lat' dir='ltr'><strong>licet</strong></span> <span class='ocrx_word' id='word_1_1014' title='bbox 3451 5623 3496 5676; x_wconf 89' lang='lat' dir='ltr'><strong>is</strong></span> <span class='ocrx_word' id='word_1_1015' title='bbox 3538 5634 3730 5676; x_wconf 85' lang='lat' dir='ltr'><strong>servus</strong></span> <span class='ocrx_word' id='word_1_1016' title='bbox 3756 5620 3946 5691; x_wconf 48' lang='grc' dir='ltr'><strong>δίιμιυί</strong></span> 
     </span>
    </p>
   </div>
   <div class='ocr_carea' id='block_1_129' title="bbox 2377 5690 3943 5761">
    <p class='ocr_par' dir='ltr' id='par_1_129' title="bbox 2377 5690 3943 5761">
     <span class='ocr_line' id='line_1_132' title="bbox 2377 5690 3943 5761; baseline -0.001 -14"><span class='ocrx_word' id='word_1_1017' title='bbox 2377 5692 2536 5759; x_wconf 89' lang='lat' dir='ltr'><strong>dicit,</strong></span> <span class='ocrx_word' id='word_1_1018' title='bbox 2567 5691 2847 5748; x_wconf 85' lang='lat' dir='ltr'><strong>consilium</strong></span> <span class='ocrx_word' id='word_1_1019' title='bbox 2878 5692 3105 5749; x_wconf 88' lang='lat' dir='ltr'><strong>admitto</strong></span> <span class='ocrx_word' id='word_1_1020' title='bbox 3119 5690 3140 5761; x_wconf 17' lang='lat'><strong>7;</strong></span> <span class='ocrx_word' id='word_1_1021' title='bbox 3169 5692 3291 5749; x_wconf 90' lang='lat' dir='ltr'><strong>licet</strong></span> <span class='ocrx_word' id='word_1_1022' title='bbox 3320 5692 3479 5751; x_wconf 79' lang='lat' dir='ltr'><strong>liber.</strong></span> <span class='ocrx_word' id='word_1_1023' title='bbox 3518 5692 3750 5749; x_wconf 89' lang='lat' dir='ltr'><strong>libenter</strong></span> <span class='ocrx_word' id='word_1_1024' title='bbox 3773 5690 3943 5747; x_wconf 78' lang='lat' dir='ltr'><strong>audio:</strong></span> 
     </span>
    </p>
   </div>
  </div>
