4122 6334
189 453 318 510 1661

184 582 298 621 non
329 564 471 620 enim
516 574 872 632 personarum
917 554 1252 632 esccllentia,
1279 551 1375 632 sed
1402 549 1622 632 utilitas
1652 563 1783 628 con:

186 618 296 690 silii
329 618 599 696 ellicit,'ut
644 618 724 685 ea
752 644 874 699 qua;
919 626 1195 699 dicuntur,
1229 618 1524 699 admittam.
1566 618 1696 699 [iam
1739 618 1786 671 si

189 689 406 775 Moyses
431 689 726 775 ille‘tantus
758 689 860 775 ἐξιῇ.
889 699 979 768 qui
1015 711 1138 751 eum
1165 695 1274 775 Deo
1313 692 1488 775 fuerat
1513 689 1785 775 colloquii:

189 765 304 839 tus;
350 765 635 828 soceri‘isui
673 765 956 826 consilium
1000 781 1105 821 non
1134 773 1218 820 est
1245 769 1543 839 aversatus,
1576 765 1786 812 tametsi

191 829 458 900 barbarus
486 852 622 907 erat,
652 840 746 907 sed
773 855 893 894 cum
921 841 1034 907 ipse
1063 834 1319 903 suscepit,
1347 840 1458 907 tum
1490 829 1631 907 Deus
1654 844 1805 907 conv

190 897 487 993 firmavit.(
507 897 675 993 Exod.
718 899 804 964 l8.
854 897 994 978 24):
1036 897 1238 1030 quanto-
1281 897 1450 970 magis
1493 899 1628 954 nos?
1669 897 1787 979 Non

191 987 324 1030 dim
371 985 487 1030 tibi-
534 991 592 1030 ut
636 995 790 1030 mons
825 980 940 1030 fias.
980 995 1036 1030 se
1122 986 1180 1029 ut
1224 971 1366 1030 alod
1411 969 1692 1030 redundat,
1737 984 1787 1022 ιιι

191 969 324 1040 dico
371 969 488 1047 tibi:
534 991 592 1035 ut
636 982 790 1048 inops
825 969 1084 1052 tias,'_sed_
1122 986 1180 1029 ut
1224 969 1788 1052 quodlredundatnin

194 1068 460 1124 pauperes
476 1041 688 1124 eroges,
704 1041 763 1104 ιιί
800 1041 1119 1124 abundantia
1147 1041 1444 1124 tua—salutis
1464 1041 1677 1124 occasio

195 1111 324 1181 iiut...
343 1123 460 1178 Non
486 1111 684 1176 vidétis
716 1120 911 1173 multos
947 1119 1104 1190 invia
1142 1111 1603 1190 pauperes_?_Quo.
1634 1119 1791 1189 pacto

194 1194 330 1262 sein
370 1193 602 1260 nudique
643 1189 962 1244 remanent?
1011 1181 1187 1262 Atque
1222 1184 1314 1262 hic
1334 1181 1548 1262 quidem
1574 1181 1787 1262 .junior,

203 1249 300 1319 ille
329 1278 456 1318 vero
502 1249 683 1315 senior
716 1269 839 1323 est;
885 1268 939 1313 et
979 1249 1113 1311 alter;
1141 1255 1209 1308 ab
1246 1249 1416 1307 altero
1461 1249 1718 1323 fulcitur,_
1739 1258 1794 1303 et

205 1335 378 1390 multa
401 1341 484 1386 est
507 1333 718 1385 illorum
743 1320 974 1383 miseria.
1004 1329 1073 1381 Da
1104 1328 1262 1396 igitur
1289 1320 1792 1396 conservo,_n_t_Do-

207 1389 415 1460 minum
462 1403 658 1456 habeas
686 1401 1002 1462 debitorem,
1030 1389 1147 1467 qui?
1169 1396 1412 1467 lubenter
1455 1389 1789 1467 est_debitor,

200 1475 301 1544 qui
320 1482 521 1528 sortem
542 1471 634 1525 dat
657 1485 777 1523 cum
809 1461 1151 1544 usura.Nam_
1171 1466 1222 1544 in
1253 1464 1412 1544 rebus
1428 1461 1641 1544 quidem
1673 1473 1798 1544 pro-

203 1533 347 1599 fanis
373 1544 575 1597 crimen
602 1550 685 1594 est
715 1555 897 1602 usura,
934 1537 1154 1610 atiapud
1180 1536 1356 1610 Deum
1381 1533 1504 1610 laus
1529 1533 1793 1610 est.JNon

203 1617 305 1668 das
350 1613 608 1683 pauperi?
655 1613 805 1683 Eum
831 1603 1066 1683 attende,
1104 1606 1194 1676 qui
1243 1620 1338 1673 per
1380 1603 1529 1657 illum
1563 1603 1712 1670 petit,
1741 1608 1795 1681 et

204 1687 327 1754 ejus
352 1680 688 1753 dignitatem,
718 1681 808 1749 qui
839 1680 1052 1754 accipit,
1085 1690 1332 1754 reverere
1361 1691 1374 1725 :
1408 1687 1608 1754 pauper
1651 1680 1794 1754 acet:

207 1741 310 1824 pit,
342 1741 572 1824 etVDeo;
597 1741 838 1812 mutu-tun
880 1741 1057 1802 daiur'.
1099 1746 1286 1824 cogita
1314 1759 1421 1824 quo
1445 1741 1799 1824 descenderit

208 1811 331 1893 eius
357 1838 515 1878 causa
549 1823 805 1893 Dominus
833 1829 1055 1893 tuus._ut
1085 1828 1135 1893 te
1161 1811 1480 1893 inﬂecteret,
1513 1828 1581 1867 ne
1606 1811 1797 1893 crude-

206 1882 278 1948 lis
305 1908 452 1948 esses
480 1900 534 1947 et
562 1888 905 1944 inhumanus.
946 1889 1263 1942 Esurientem
1291 1885 1423 1938 enim
1466 1899 1544 1935 me
1583 1882 1795 1944 vidistis,

207 1977 255 2016 et
288 1981 388 2016 nou
413 1962 608 2017 aluistis
639 1977 657 2014 :
685 1963 950 2024 sitientem,
982 1969 1028 2011 et
1057 1975 1156 2010 non
1183 1955 1389 2008 dedistis
1427 1953 1552 2005 mihi
1587 1962 1796 2024 potum:

211 2035 482 2102 hospitem,
522 2043 567 2084 et
609 2049 706 2083 non
735 2022 1005 2102 collegiariis
1032 2044 1050 2081 :
1077 2029 1292 2090 nudum,
1329 2034 1376 2078 et
1405 2040 1505 2102 non
1531 2022 1799 2102 aperuistis

211 2092 430 2173 (Matth.
457 2103 547 2157 25.
578 2103 666 2155 42.
699 2101 792 2169 45)
813 2118 825 2173 :
850 2092 1064 2173 st_qu:e
1092 2105 1404 2164 sequuntur.
1433 2092 1548 2146 Non
1573 2092 1669 2173 das
1699 2092 1798 2172 igif

212 2164 304 2228 iur
323 2172 537 2227 Christo
574 2164 870 2226 esurienti?
917 2164 997 2223 Tu
1033 2177 1100 2244 _et
1155 2181 1356 2244 pauper
1399 2164 1645 2244 corporis
1683 2164 1802 2243 ejus

210 2243 574 2299 eommuuiter
601 2257 668 2296 ex
699 2255 882 2295 mensa
913 2234 1198 2308 participes
1233 2237 1382 2296 estis,
1414 2242 1469 2288 et
1495 2234 1647 2288 calici
1686 2234 1802 2300 ejus

210 2315 422 2385 pariter
448 2311 856 2385 communicatis
884 2327 896 2362 :
927 2310 980 2363 iu
1021 2323 1202 2363 rerum
1245 2319 1560 2385 magnarum
1596 2318 1660 2357 ac
1693 2311 1802 2385 ire:

212 2372 531 2439 inendarum
584 2380 1015 2436 communionem
1067 2388 1240 2434 tecum
1295 2372 1467 2440 venit,
1513 2383 1568 2427 et
1618 2385 1671 2427 tu
1726 2372 1802 2427 illi

209 2455 568 2524 exiguasnon
598 2452 873 2524 impertis?
903 2448 1040 2504 Num
1087 2449 1229 2524 enim
1264 2447 1358 2509 illi,
1391 2461 1510 2513 quae
1529 2455 1624 2524 tua
1653 2451 1799 2509 sunt,

212 2517 463 2592 largiris?
489 2517 742 2588 Quamvis
763 2521 904 2592 enim
921 2536 950 2572 a
970 2519 1273 2592 parentibus
1299 2517 1592 2592 acceperis,
1613 2529 1803 2592 quani-

213 2583 355 2647 vis'a
385 2583 695 2660 majiiribus,
731 2591 825 2645 Dei
854 2583 983 2645 suni
1006 2607 1019 2642 :
1053 2589 1178 2658 quid
1205 2588 1257 2642 in
1291 2583 1486 2660 terrain
1516 2583 1803 2660 _i_lla_deio—

217 2664 343 2718 dis?
371 2664 446 2734 Da
469 2653 714 2734 pauperi,
744 2671 803 2734 c_t_
826 2653 1142 2734 multacum
1177 2659 1464 2734 securitate
1492 2655 1584 2709 tibi
1616 2653 1800 2734 Domi:

215 2750 322 2789 nus
350 2733 438 2787 illa
475 2723 728 2788 servabit
760 2731 878 2785 Non
923 2730 1092 2795 vides,
1125 2729 1250 2798 quid
1282 2727 1478 2782 faciant
1517 2723 1805 2798 agricola}?

210 2804 599 2871 Saepenumero
630 2805 694 2866 is,
719 2803 812 2875 cui
851 2817 957 2875 prae
989 2796 1164 2867 inOpia
1196 2813 1518 2875 senieuhon
1546 2796 1800 2875 suppetit,

218 2867 428 2928 vestem
479 2889 628 2927 suam
682 2867 886 2940 pignori
916 2881 1154 2938 opponit,
1187 2879 1238 2922 et
1263 2867 1404 2936 quod
1436 2868 1547 2919 vult
1587 2867 1802 2933 accipit,

212 2959 277 2998 ac
328 2944 848 2998 terrm-committit:
883 2942 1090 2995 tametsi
1143 2954 1402 3009 persaepe,
1433 2952 1555 2990 eum
1597 2946 1802 3004 tempe-

213 3025 415 3068 statum
463 3014 804 3081 inletnpcries
847 3013 1139 3080 ingruerit,
1181 3011 1321 3063 trulla
1353 3009 1575 3081 eollecta
1628 3022 1802 3081 utesse

213 3084 475 3148 discedit,
507 3095 561 3136 et
594 3076 767 3137 tamen
803 3076 1021 3151 propter
1062 3096 1210 3148 spem
1246 3091 1401 3133 terra:
1430 3078 1618 3132 credit.
1650 3076 1802 3142 Quod

216 3156 378 3223 igitur
428 3165 567 3207 terra
624 3162 872 3222 praestat,
923 3153 1023 3223 hoc
1080 3152 1333 3223 Doulinus
1390 3157 1648 3223 prmstare
1697 3161 1804 3200 non

216 3217 434 3294 natast?
466 3217 676 3277 Imitare
704 3224 846 3277 illam
889 3224 942 3276 in
976 3222 1156 3275 Veteri
1181 3221 1526 3274 Testamento
1565 3217 1800 3294 viduam,

214 3289 340 3363 qua:
373 3295 622 3362 pugillnm
654 3294 837 3347 farina:
868 3294 922 3346 in
968 3294 1175 3363 hydria,
1204 3301 1257 3363 et
1288 3306 1512 3363 panicum
1544 3289 1720 3363 oleum
1750 3289 1803 3343 in

214 3360 428 3435 lecytho
447 3360 639 3418 habuit
668 3383 680 3415 :
713 3365 965 3435 quoniam
1007 3360 1076 3435 es
1124 3362 1254 3430 ipsis
1285 3361 1515 3435 hospitio
1561 3360 1800 3435 prophe-

213 3430 324 3488 tani
351 3437 559 3503 excepit
591 3442 612 3505 (
638 3436 691 3505 3.
728 3430 976 3505 Regaﬁ.
1012 3433 1134 3501 l2):
1164 3442 1256 3485 aut
1286 3431 1443 3484 istam
1480 3431 1532 3483 in
1560 3430 1802 3505 Evange-

214 3506 310 3570 lio,
341 3521 458 3574 qua:
487 3502 612 3559 cum
633 3502 822 3558 obolos
853 3504 986 3560 duos
1011 3505 1266 3566 misisset,
1293 3517 1484 3574 omnes
1510 3502 1802 3574 superavit,

211 3570 412 3654 quippe
441 3580 729 3654 the_sua§
767 3590 954 3654 munes
980 3590 1111 3654 opes
1155 3573 1384 3654 miserit.
1406 3571 1554 3642 (Luc.
1723 3570 1814 3642 5).,

209 3642 354 3711 Quid
390 3642 515 3699 vero
553 3645 751 3716 dicis?_
776 3645 986 3716 Pauper
1013 3642 1154 3716 sum,
1198 3644 1449 3716 pecunias
1477 3657 1595 3716 non
1611 3642 1802 3716 habeo.

215 3717 364 3769 Duos
389 3715 573 3768 obolos
604 3731 710 3768 non
742 3712 926 3784 habes,
957 3715 1271 3784 quinetiam,
1302 3713 1426 3767 licet
1451 3726 1554 3765 non
1583 3712 1801 3774 habeas,

213 3786 372 3838 bonae
423 3787 620 3839 mentis
664 3795 718 3839 et
747 3783 985 3840 aliecws
1018 3801 1147 3853 opes
1198 3785 1420 3853 requirit
1448 3784 1630 3836 Deus:
1681 3798 1805 3852 pro-

209 3919 368 4048 ἔμω,
403 3937 530 4006 nou'
554 3919 1064 4006 perdet'mercedem.
1098 3942 1244 3978 suam
1297 3923 1510 4003 (Matth.
1569 3919 1654 3977 ιο.
1687 3919 1801 3993 ἃ).

265 3996 372 4048 κίε.
400 3995 526 4048 (tum
550 3996 693 4048 dicat
719 4014 731 4048 :
761 4011 907 4048 aaute
948 3996 1165 4048 friatdte.
1195 4010 1301 4048 non
1327 3994 1534 4048 calidae.
1562 4009 1628 4047 ne
1675 4009 1801 4048 Dru-

264 3995 526 4067 ide,quid
550 3996 693 4050 dicat
719 4014 731 4049 :
761 4011 907 4065 aqua:
946 3996 1165 4067 frigidae,
1195 4010 1301 4067 non
1325 3994 1534 4067 calidae,
1562 4009 1628 4047 ne
1675 4009 1803 4067 pro-

210 4077 335 4135 pter
360 4062 624 4134 lignorum
653 4062 923 4133 sumptum
946 4062 1197 4120 mercede
1219 4063 1465 4132 priveris.
1495 4065 1670 4132 Atque
1699 4062 1800 4116 lm-

212 4145 430 4205 perator
459 4137 678 4205 quidem
703 4138 746 4190 si
777 4137 1029 4190 tributum
1069 4151 1200 4189 auro
1233 4135 1326 4188 tibi
1357 4135 1669 4205 solvendum
1719 4135 1804 4185 in-

208 4203 379 4270 dicat,
420 4203 736 4275 su'spensus,
774 4206 1003 4260 fidiculis
1043 4215 1236 4271 tortus,
1266 4213 1523 4274 quantum
1573 4204 1662 4257 ille
1707 4219 1803 4257 vo-

209 4276 392 4334 iuerit.
425 4277 609 4344 pendis
637 4294 650 4328 :
683 4276 927 4344 quamvis
952 4292 1156 4344 pauper
1188 4277 1282 4338 sis,
1317 4291 1423 4328 non
1454 4275 1614 4329 habet
1640 4277 1801 4328 ratio-

210 4362 338 4399 nem
368 4344 635 4400 facultatis
673 4362 1044 4415 personarum,
1081 4345 1175 4400 sed
1213 4346 1411 4414 proprii
1451 4346 1615 4410 lucri;
1663 4345 1804 4398 Deus

209 4426 391 4469 autem
435 4432 542 4468 non
590 4417 682 4482 ita,
715 4432 902 4470 verum
931 4432 1026 4484 pro
1051 4417 1310 4485 cujusque
1339 4415 1590 4469 facultate
1619 4416 1802 4483 requi-

211 4487 303 4538 rit.
334 4485 440 4540 Cur
484 4486 624 4540 enim
665 4498 786 4540 sunt
818 4487 1119 4555 pauperes?
1169 4488 1252 4539 An
1281 4501 1410 4544 vero
1439 4501 1546 4539 non
1593 4493 1804 4553 poterat

210 4555 357 4610 Deus
384 4571 603 4609 aureum
639 4555 867 4610 imbrem
899 4555 1223 4612 demittere?
1265 4556 1371 4611 Sed
1398 4566 1456 4609 ut
1499 4556 1639 4609 illius
1669 4570 1804 4624 pau-

210 4636 394 4694 pertas
420 4626 670 4680 solatium
689 4627 781 4680 tibi
801 4627 892 4680 fiat
909 4638 1268 4696 peccatorum.
1291 4627 1538 4696 Magnum
1558 4627 1803 4696 quiddam

209 4693 285 4768 est
306 4696 479 4768 nomo,
503 4706 549 4748 et
592 4698 863 4768 pretiosum
884 4693 1051 4768 Immo
1079 4699 1360 4750 misericors
1383 4693 1576 4768 '(Prov.
1605 4695 1694 4751 20.
1721 4696 1797 4764 6).

216 4765 355 4818 Vide
396 4775 594 4834 quanta
627 4782 712 4838 res
736 4766 804 4820 sit
847 4767 1187 4838 eleemosyna
1223 4785 1235 4821 :
1279 4765 1460 4820 secum
1489 4767 1628 4819 Deus
1654 4781 1803 4821 com-

212 4847 368 4904 parat
397 4837 794 4891 misericordem
828 4855 841 4890 :
874 4837 1048 4891 Estote
1090 4837 1261 4897 enim,
1292 4838 1480 4906 inquit,
1509 4838 1801 4906 misericor-

210 4907 326 4968 des,
355 4907 485 4958 sicut
517 4918 565 4959 et
613 4906 769 4960 Pater
815 4919 971 4961 vester
999 4907 1209 4961 ctelestis
1235 4905 1516 4961 misericors
1545 4917 1616 4960 est
1645 4905 1797 4975 (Luc.

212 4975 269 5029 6.
303 4975 413 5042 36).
460 4976 516 5029 Si
553 4979 762 5031 venerit
791 4993 953 5040 mors,
985 4977 1071 5030 hic
1113 4988 1331 5030 manent
1376 4978 1645 5045 pecunizez
1675 4978 1800 5044 quin

211 5058 270 5100 tu
318 5045 476 5114 igitur
500 5062 591 5099 eas
622 5049 745 5101 illuc
774 5047 1071 5115 prmmittis,
1103 5058 1161 5101 ut
1200 5049 1255 5101 in
1296 5049 1383 5100 illa
1409 5047 1496 5101 die
1537 5047 1629 5100 tibi
1658 5062 1793 5114 pau-

212 5131 372 5184 peres
413 5118 833 5184 patrocinentur,
879 5117 969 5171 ubi
1012 5134 1118 5170 nun
1150 5127 1234 5171 est
1262 5129 1463 5179 orator,
1496 5133 1596 5170 nec
1640 5117 1830 5172 advo-’

209 5186 405 5256 catus?
457 5187 758 5240 Ostendunt
783 5189 924 5241 enim
952 5198 1128 5241 vestes
1157 5197 1211 5241 et
1239 5188 1478 5256 strophia
1514 5202 1797 5255 pauperes,

209 5267 267 5310 et
311 5255 380 5309 ab
411 5256 532 5324 igne
562 5267 612 5310 te
654 5258 940 5326 abripiunt.
974 5259 1089 5312 Non
1137 5258 1205 5311 ita
1233 5255 1368 5311 cum,
1388 5260 1439 5311 in
1467 5258 1690 5326 glaciem
1720 5264 1799 5312 sol

209 5326 481 5389 inciderit,
515 5342 631 5380 eam
671 5328 958 5396 liquefacit.
993 5340 1153 5397 atque
1188 5329 1549 5398 eleemosyna,
1585 5343 1705 5380 cum
1749 5330 1799 5382 in

211 5403 554 5465 peccatorum
601 5399 843 5450 inciderit
870 5400 1281 5463 multitudinem,
1315 5415 1377 5452 ea
1403 5399 1564 5453 delet.
1601 5398 1668 5451 Ut
1697 5414 1795 5452 au-

208 5476 319 5538 tem
348 5466 727 5538 sublimitatem
770 5469 1035 5536 intelligas
1063 5471 1440 5538 eleemosyum,
1469 5468 1594 5536 quid
1639 5469 1799 5537 virgi-

209 5536 378 5587 nitate
425 5536 783 5615 laboriosius?
827 5538 987 5615 Nihil.
1017 5541 1191 5615 Multae
1231 5536 1354 5615 sunt
1407 5541 1648 5615 virtutes,
1675 5536 1797 5615 alia:

210 5619 444 5677 magnae,
472 5607 590 5660 aliae
638 5608 889 5675 majores,
918 5610 1036 5662 alia:
1080 5610 1357 5663 minores?
1400 5611 1467 5662 At
1498 5607 1798 5677 virginitate

210 5675 529 5728 laboriosius
583 5687 666 5730 est
711 5679 864 5731 niln‘l.
918 5680 1051 5732 Cum
1107 5691 1292 5733 natura
1355 5675 1631 5742 luctatur';
1697 5680 1800 5734 hoc

211 5743 410 5797 bellum
455 5745 903 5802 intermissionem
949 5767 1053 5802 non
1101 5751 1302 5803 habet:
1350 5767 1521 5819 pugna
1571 5758 1654 5802 est
1680 5765 1799 5817 qua:

211 5827 711 5887 peceuinumquam
743 5823 962 5872 sortitur
988 5823 1083 5873 nisi
1130 5821 1266 5875 forte
1295 5836 1390 5887 per
1413 5820 1608 5873 Christi
1641 5822 1800 5875 mise-

211 5883 518 5940 ricordiam.
545 5883 660 5943 Stat
704 5892 852 5959 virgo
877 5889 1148 5946 fornacem
1191 5892 1241 5944 in
1272 5883 1504 5960 seipsam
1532 5890 1794 5956 conﬂans,

1342 429 1432 488 DE
1467 428 1744 487 JEJUNIO
1784 418 1870 480 ET
1910 417 2392 478 ELEEMOSYNA.

213 3866 398 3936 pterca
449 3855 680 3920 dicebat,
716 3856 1026 3925 Quicumque
1055 3852 1263 3908 dederit
1306 3852 1511 3906 calicem
1540 3853 1828 3976 agatur-ir

213 3927 368 3976 σιάω.
403 3928 723 3976 nou'nerdet
772 3926 1048 3976 mercedem
1098 3942 1244 3976 suam
1297 3923 1510 3976 (Matth.
1569 3923 1654 3976 10.
1723 3919 1801 3976 Ξ).

3346 421 3484 477 ωιὶὶ

1899 559 2000 598 nec
2043 540 2441 614 tamenuritur
2463 550 2486 594 ε’
2511 539 2660 611 virgo
2710 557 2872 613 super
2915 555 3118 614 prunas
3160 535 3482 614 consistens,

1894 629 2001 668 non
2029 624 2206 667 tamen
2236 610 2557 677 incenditur,
2580 610 2701 666 eum
2730 610 2800 668 sit
2824 613 2874 667 in
2905 610 3146 675 ferundo,
3177 622 3285 663 non
3303 610 3485 677 expri-

1895 694 2000 748 tur,
2023 682 2117 738 sed
2150 691 2206 736 ut
2230 691 2341 737 tres
2366 682 2513 750 pueri
2544 675 2667 737 rore
2701 683 3056 751 perfunditur,
3085 695 3210 736 eum
3241 675 3483 751 invisibi-

1893 746 2033 809 libus
2077 763 2289 808 certans
2315 746 2618 817 virtutibus,
2643 746 2962 810 Michaelem,
2983 746 3243 812 imitatur,
3271 757 3327 802 et
3373 746 3486 802 Ca-

1894 823 2116 878 brielem
2158 822 2459 877 aemulatur.
2501 823 2557 877 in
2607 824 2853 892 paradiso
2879 833 2995 880 erat
3033 820 3328 891 virginitas,
3355 826 3412 892 et
3455 832 3486 872 a

1896 895 2131 949 dracone
2166 903 2419 969 corrupta
2445 904 2528 948 est
2561 887 2891 969 :"propterea
2936 887 3142 969 mediis:
3157 887 3487 969 temporibus

1897 978 2002 1018 non
2032 959 2363 1033 apparebat":
2395 979 2517 1016 cum
2565 959 2743 1018 autem
2771 967 2920 1019 venit
2956 965 3022 1030 is,
3051 963 3142 1033 qui
3168 976 3236 1015 ex
3279 959 3486 1023 virgine

1898 1046 2054 1088 natus
2077 1042 2182 1098 est,
2208 1033 2364 1088 Jesus
2386 1033 2630 1088 Christus
2657 1035 2748 1089 Dei
2770 1035 2958 1097 Filius,
2980 1044 3093 1088 turn
3117 1043 3304 1086 rursus
3317 1043 3487 1097 appa-

1896 1105 2022 1175 ruit.
2073 1103 2162 1157 Vis
2210 1105 2754 1175 autemrvirginitatis
2804 1103 3223 1175 magnitudinem
3287 1099 3488 1175 nosse?

1898 1174 2110 1245 Moyses
2138 1190 2284 1228 mare
2308 1174 2508 1237 divisit,
2522 1169 2720 1229 'aerem
2749 1169 3066 1239 immutavit,
3095 1185 3290 1245 manna
3311 1169 3484 1245 demi-

1897 1240 2003 1310 sit;
2023 1240 2077 1316 et
2124 1245 2196 1298 illi
2237 1254 2456 1316 propter
2481 1260 2882 1316 usorem'suam
2914 1244 3294 1316 zEthiopissam
3331 1240 3489 1297 oblo-

1898 1315 2047 1384 qunti
2087 1323 2210 1368 sunt
2239 1311 2446 1383 (IV—um.
2477 1315 2564 1368 12.
2593 1315 2669 1377 l),
2712 1317 2852 1384 quod
2885 1331 3080 1369 uxores
3102 1311 3351 1384 haberet
3379 1327 3391 1361 :
3435 1320 3489 1384 et

1901 1379 2029 1439 vero
2047 1379 2339 1447 Abraham,
2359 1384 2527 1451 Isaac,
2545 1397 2596 1439 et
2619 1379 2804 1440 Jacob.
2832 1387 2942 1440 lmo
2963 1396 3018 1441 et
3035 1379 3255 1451 Joseph,
3274 1379 3488 1451 tametsi

1901 1401 2029 1439 vero
2047 1401 2339 1447 Abrauam,
2359 1401 2527 1451 tsaac,
2545 1401 2596 1439 et
2619 1401 2804 1440 Jacou.
2832 1401 2942 1440 uno
2963 1401 3018 1441 et
3035 1401 3162 1441 Jose
3203 1401 3255 1449 ιι,
3274 1401 3488 1436 ιίιηιειει

1898 1463 2079 1509 castus
2107 1463 2244 1518 erat,
2274 1465 2455 1524 postea
2486 1464 2663 1510 tamen
2692 1472 2910 1512 uxorem
2941 1455 3145 1511 habuit.
3167 1401 3266 1509 uiis
3293 1450 3491 1524 intelli-

1899 1541 2046 1594 gere,
2084 1521 2292 1594 qnanta'
2325 1539 2416 1596 res
2436 1527 2510 1579 sit
2547 1527 2864 1596 virginitas?
2891 1527 3029 1582 Cum
3056 1525 3294 1596 venisset
3332 1521 3490 1596 Chri-

1901 1591 2038 1660 stus,
2066 1591 2182 1649 eam
2208 1595 2529 1650 necessitate
2551 1591 2658 1650 non
2683 1597 2957 1661 devinxit;
2989 1596 3148 1652 simul
3187 1595 3330 1648 enim
3358 1591 3492 1646 alias

1903 1667 2126 1720 virtutes
2153 1681 2274 1720 cum
2321 1662 2654 1731 intendisset,
2688 1667 2824 1722 hanc
2853 1683 2960 1727 non
3007 1666 3255 1730 intendit,
3287 1673 3344 1717 ut
3369 1677 3491 1717 cum

1903 1746 2094 1805 sponte
2137 1736 2273 1791 bene
2310 1737 2505 1806 egeris,
2546 1739 2842 1793 coroneris.
2871 1738 2972 1804 Qui
3002 1738 3054 1793 in
3081 1732 3410 1806 continentia
3437 1742 3493 1787 et

1904 1804 2216 1876 paupertate
2245 1822 2305 1861 se
2344 1804 2618 1874 exercent,
2650 1809 2878 1876 primam
2917 1809 3059 1862 illam
3090 1804 3490 1876 aggrediuntur.

1905 1873 2039 1931 Sunt
2062 1878 2196 1929 enim
2221 1877 2455 1939 eunuchi,
2484 1879 2569 1946 qui
2591 1873 2664 1931 sic
2687 1880 2794 1932 nati
2822 1891 2939 1933 sunt
2965 1895 2985 1932 :
3020 1887 3068 1932 et
3105 1873 3233 1946 sunt
3251 1873 3489 1946 eunuchi.

1902 1948 1988 2016 qui
2015 1947 2138 2016 facti
2183 1957 2300 2000 sunt
2329 1949 2391 2000 ab
2441 1944 2723 2002 hominibus
2751 1964 2770 2002 :
2805 1959 2850 2001 et
2891 1958 3008 2004 sunt
3049 1945 3270 2016 eunuchi
3297 1944 3384 2016 qui
3410 1959 3492 2016 se-

1904 2013 2041 2088 ipﬁso's
2067 2027 2408 2071 castraverunt
2433 2027 2639 2088 prapter
2666 2036 2878 2088 regnum
2901 2020 3139 2073 calorum
3161 2014 3376 2088 (Matth.
3401 2013 3489 2069 l9.

1907 2087 2020 2158 12).
2073 2103 2177 2141 ιιοιι
2227 2104 2346 2158 cum
2395 2085 2494 2144 sibi
2531 2085 3196 2158 'membra’ampntassent,
3236 2085 3330 2140 sed
3373 2099 3493 2139 cum

1904 2157 2152 2212 lascivam
2175 2157 2448 2212 libidinem
2477 2160 2849 2213 resecuissent.
2886 2160 2986 2226 Qui
3009 2168 3167 2228 potest
3186 2171 3366 2227 capere
3402 2172 3492 2208 ca-

1907 2228 2032 2296 piat.
2061 2228 2350 2296 Apostolus
2396 2245 2608 2298 quoque
2654 2236 2875 2284 virtutes
2903 2245 3093 2284 omnes
3136 2242 3260 2282 cum
3311 2240 3496 2298 recen-

1905 2295 2135 2367 suisset,
2184 2295 2447 2367 hujusque
2490 2295 2903 2354 innneusitatem
2952 2301 3118 2367 probe
3156 2305 3359 2362 nosset,
3387 2295 3495 2367 ait:

1909 2365 1985 2420 De
2014 2365 2285 2438 virginibus
2331 2365 2639 2438 prwceptum
2686 2370 2894 2424 Domini
2937 2365 3038 2424 non
3087 2369 3245 2423 habeo
3266 2368 3343 2438 (l.
3376 2366 3495 2420 Cor.

1907 2438 1960 2491 7.
2014 2438 2127 2507 25).
2180 2439 2341 2494 Vides
2395 2450 2464 2494 ιιι.
2501 2456 2691 2509 magna
2741 2443 2812 2494 sit
2858 2440 3166 2509 virginitas,
3215 2447 3269 2492 et
3319 2446 3497 2492 tamen

1907 2509 2108 2577 absque
2141 2509 2482 2580 eleeuiosyua
2527 2526 2632 2563 non
2671 2513 2942 2565 servavit:
2973 2511 3339 2580 eieemosynm
3368 2521 3497 2562 vero

1909 2580 2026 2632 sine
2055 2579 2352 2647 virginitate
2377 2577 2744 2636 servaverunt.
2769 2580 3018 2650 Quinque
3055 2577 3288 2650 virgines
3316 2577 3497 2650 fatum,

1909 2659 2189 2723 prepterea
2219 2653 2359 2723 quod
2388 2653 2564 2713 oleum
2613 2667 2718 2705 non
2758 2649 3044 2717 habebant,
3074 2651 3169 2723 sed
3215 2649 3493 2723 virginita-

1911 2732 2017 2774 tem
2047 2720 2237 2786 solam,
2268 2722 2319 2775 in
2367 2723 2548 2788 sponsi
2585 2724 2875 2776 thalamqu
2921 2739 3028 2777 non
3069 2722 3351 2776 intrarunt.
3397 2720 3498 2774 Sa-

1908 2792 2172 2858 pientibus
2189 2793 2330 2845 enim
2351 2792 2552 2855 dicunt,
2573 2791 2708 2846 Date
2731 2793 2876 2848 nobis
2893 2795 2956 2848 de
2970 2795 3081 2848 oleo
3102 2801 3264 2848 vestro
3281 2789 3497 2860 (Haut.

1907 2862 1997 2934 25.
2026 2861 2106 2930 8).
2130 2864 2206 2934 Ac
2231 2865 2424 2917 merito
2453 2879 2580 2918 sane
2617 2863 2778 2919 fatuae
2805 2874 2931 2920 sunt
2956 2874 3178 2928 vocataa,
3207 2861 3500 2934 quodcum

1909 2933 1983 2998 id,
2016 2933 2158 3002 quod
2201 2945 2318 2987 erat
2365 2935 2700 2999 laboriosius,
2744 2936 3117 3004 perfecissent,
3157 2932 3300 3004 quod
3353 2932 3501 3004 labo-

1912 3005 1984 3057 ris
2033 3018 2226 3072 expers
2271 3015 2414 3076 erat,
2457 3021 2559 3058 non
2617 3002 2992 3074 prazstitissent
3035 3025 3048 3060 :
3100 3002 3348 3076 magnum
3399 3002 3499 3057 ad-

1911 3077 2202 3129 versarium
2255 3075 2677 3144 dt-jccerant,'et
2716 3091 2747 3132 a
2776 3079 2968 3131 minori
3010 3076 3160 3132 fuere
3200 3075 3498 3144 superatae.

1912 3146 1978 3200 Et
2034 3154 2155 3200 cum
2204 3147 2447 3200 venisset
2490 3162 2741 3216 sponsus,
2794 3150 3062 3216 sapientes
3114 3148 3165 3202 in
3211 3147 3500 3201 thalamum

1909 3218 2090 3285 sponsi
2133 3226 2429 3290 venerunt;
2479 3228 2639 3290 atque
2668 3219 2770 3272 illm
2800 3235 3012 3290 quoque
3040 3219 3500 3290 pulsantesvenef

1909 3297 2033 3354 runt
2064 3306 2078 3342 :
2119 3289 2296 3356 aitque
2324 3289 2427 3342 illis
2457 3306 2471 3340 :
2524 3287 2710 3342 Nescio
2754 3305 2840 3345 vos
2865 3287 2970 3359 (Ib.
3003 3287 3051 3342 υ.
3084 3290 3195 3358 12).
3225 3287 3362 3359 Quid
3390 3288 3501 3359 ita?

1912 3359 2193 3431 Quoniam~
2222 3360 2520 3412 esurientem
2580 3377 2658 3412 me
2713 3357 2940 3423 vidistis,
3007 3377 3095 3413 nec
3135 3357 3332 3431 aluistis
3383 3357 3498 3431 (ιι.

1908 3445 1957 3483 v.
1990 3431 2102 3499 42).
2132 3429 2285 3482 Absit
2327 3440 2526 3494 autem,
2560 3441 2618 3483 ut
2658 3431 2815 3485 talem
2848 3446 2945 3485 nos
2973 3447 3158 3485 vocem
3201 3429 3480 3499 audiamus

1909 3501 2017 3556 Illis
2045 3498 2171 3572 vero
2199 3516 2318 3572 qua:
2338 3501 2734 3572 eleeniosynam
2763 3512 3135 3572 erogaverunt,
3163 3500 3270 3554 ait:
3306 3498 3498 3561 Venite,

1909 3571 2155 3624 benedicti
2199 3569 2372 3642 Patris
2419 3573 2534 3633 mei,
2574 3569 2824 3642 possidete
2850 3569 3085 3642 paratum
3113 3572 3250 3624 vobis
3290 3585 3501 3642 regnum

1909 3660 1940 3694 a
1968 3641 2316 3695 constitutione
2345 3643 2519 3694 mundi
2554 3641 2655 3712 (Ib.
2687 3658 2734 3695 v.
2771 3641 2884 3712 34).
2909 3643 3044 3708 Quid
3075 3643 3189 3712 ita?
3216 3656 3341 3694 num
3377 3641 3500 3712 quia

1910 3713 2266 3782 virginitatem
2312 3709 2644 3765 servarunt?
2688 3709 3058 3781 Nequaquam,
3103 3711 3197 3765 sed
3247 3709 3500 3780 quoniam

1911 3783 2132 3842 Esurivi,
2166 3792 2212 3833 et
2255 3783 2463 3835 dedistis
2497 3784 2622 3835 mihi
2663 3785 2975 3837 manducare
3004 3799 3023 3835 :
3066 3783 3220 3846 sitivi,
3252 3790 3299 3834 et
3329 3790 3500 3850 potum

1912 3853 2040 3906 mihi
2085 3852 2291 3905 dedistis
2318 3868 2336 3904 :
2375 3854 2554 3920 hospes
2592 3869 2752 3917 eram,
2792 3866 2838 3907 ct
2868 3853 3139 3924 collegistis
3180 3868 3261 3905 me
3284 3868 3302 3905 :
3334 3851 3502 3924 nudus

1910 3939 2069 3987 eram,
2102 3932 2147 3974 et
2179 3924 2508 3990 cooperuistis
2543 3940 2622 3975 me
2647 3939 2666 3976 :
2697 3926 2929 3991 inﬁrmus
2956 3923 3005 3978 et
3030 3925 3082 3976 in
3108 3939 3328 3985 carcere,
3355 3931 3402 3975 et
3430 3923 3503 3974 vi-

1909 3994 2096 4047 sitastis
2121 4009 2201 4064 me
2222 3991 2328 4062 (Ib.
2359 4009 2408 4044 υ.
2436 3992 2526 4046 42.
2555 3995 2672 4064 45).
2698 3994 2764 4049 Ut
2791 4008 2970 4051 autem
3000 3994 3283 4064 intelligas,
3307 4003 3501 4064 quanta

1912 4080 1997 4118 res
2023 4064 2093 4116 sit
2116 4063 2479 4133 eleemusyna,
2504 4062 2688 4118 rursus
2718 4064 2856 4120 hanc
2883 4067 3008 4120 volo
3038 4062 3191 4118 vobis
3221 4062 3502 4118 historiam

1911 4137 1960 4188 in
1992 4133 2302 4205 memoriam
2333 4147 2604 4205 revocare.
2639 4135 2834 4190 Decem
2875 4146 3029 4190 erant
3068 4134 3321 4205 virgines,
3349 4134 3503 4205 quin-

1909 4222 2012 4275 que
2037 4204 2325 4272 sapientes,
2374 4213 2428 4258 et
2465 4204 2702 4273 quinque
2749 4206 2905 4262 fatua:
2937 4225 2951 4260 :
2999 4221 3062 4260 ac
3090 4204 3232 4260 circa
3264 4204 3500 4275 medium

1913 4273 2084 4330 noetis
2111 4290 2209 4327 vox
2237 4284 2320 4327 est
2348 4276 2521 4327 edita:
2550 4275 2772 4344 surgite,
2810 4292 3040 4345 sponsus
3066 4276 3231 4330 venit.
3272 4273 3502 4328 Medium

1910 4345 2082 4400 noctis
2107 4354 2190 4398 est
2215 4346 2540 4398 resurrectio
2573 4363 2596 4398 ς
2645 4360 2751 4414 quo
2778 4357 3020 4414 tempore
3050 4360 3148 4399 nos
3190 4353 3380 4399 Omnes
3407 4359 3502 4396 an-

1909 4417 2010 4483 geli
2037 4414 2365 4486 excitabunt.
2390 4414 2530 4486 Cum
2572 4429 2701 4470 vero
2740 4417 2982 4486 virgines
3001 4416 3384 4486 surrexissent,
3415 4429 3503 4468 or-

1911 4495 2171 4540 naverunt
2195 4485 2468 4556 lampades
2489 4501 2634 4541 suas.
2660 4485 2841 4541 Porro
2857 4486 3061 4556 lampas
3089 4496 3174 4540 est
3200 4485 3500 4555 virginitas,

1908 4573 2025 4626 quae
2055 4555 2415 4626 estquiddam
2461 4571 2672 4626 purum,
2714 4571 2857 4620 acre,
2898 4555 2979 4612 ac’
3007 4557 3264 4610 lucidum.
3309 4556 3503 4610 Dicunt

1909 4625 2236 4695 sapientibus
2264 4625 2422 4680 fatuas
2451 4643 2464 4680 :
2497 4625 2630 4680 Date
2656 4627 2798 4684 nobis
2823 4629 2887 4681 de
2921 4627 3032 4681 oleo
3061 4636 3225 4681 vestro
3248 4642 3265 4679 :
3292 4642 3504 4692 respon-

1909 4699 2027 4770 dent
2047 4697 2149 4751 illis
2174 4696 2428 4770 sapientes
2460 4712 2478 4750 :
2507 4697 2758 4770 timemus,
2789 4715 2850 4770 ne
2879 4703 3011 4770 forte
3035 4715 3137 4770 non
3173 4697 3386 4770 sufficiat
3408 4713 3502 4770 no-

1908 4769 1982 4821 bis
2015 4778 2060 4820 et
2103 4767 2240 4820 vobis
2265 4766 2352 4835 (at
2397 4780 2502 4820 non
2533 4767 2674 4834 quod
2703 4765 3018 4832 inviderent,
3071 4767 3293 4820 minime
3335 4765 3501 4820 dede-

1910 4847 2069 4892 runt:
2102 4837 2229 4905 quid
2272 4837 2416 4890 enim
2463 4837 2570 4891 illic
2594 4852 2730 4904 opus
2773 4847 2858 4892 est
2881 4840 3047 4893 auro?
3087 4852 3194 4891 non
3222 4838 3364 4890 enim
3398 4837 3506 4891 illic

1908 4909 2058 4963 dives
2082 4916 2136 4962 et
2162 4921 2364 4975 pauper
2391 4905 2530 4976 est),
2559 4908 2649 4960 sed
2681 4909 2919 4963 abeuntes
2955 4909 3119 4962 emite.
3151 4907 3380 4974 Quinam
3403 4921 3501 4960 au—

1909 4990 2016 5059 tem
2044 4987 2170 5032 sunt
2193 4976 2288 5041 illi,
2306 4977 2398 5100 qui
2427 4977 2697 5058 venduntil
2728 4979 3014 5046 Pauperes.
3043 4979 3121 5032 Tu
3153 4979 3296 5030 enim
3327 4978 3502 5045 potius

1909 5050 2106 5100 accipis
2127 5062 2282 5100 uuam
2345 5061 2404 5100 as
2428 5064 2440 5098 :
2471 5055 2525 5099 tu
2553 5047 2647 5100 dos
2673 5048 2748 5100 illi
2777 5056 3009 5100 terrena.
3041 5057 3094 5100 et
3121 5048 3319 5100 accipis
3339 5048 3502 5100 exle-

1907 5050 2106 5116 aceipis
2127 5062 2282 5116 quam
2306 5047 2404 5100 das
2428 5064 2440 5098 :
2471 5055 2525 5099 tu
2553 5047 2647 5101 das
2673 5048 2748 5102 illi
2777 5056 3010 5112 terrena,
3041 5057 3094 5102 et
3121 5048 3319 5115 accipis
3339 5048 3502 5101 exle-

1907 5119 2166 5172 stia.Cum
2186 5117 2344 5186 igitur
2356 5127 2592 5184 emptum
2612 5118 3040 5183 abiissent,venit
3054 5132 3304 5186 sponsus,
3320 5127 3504 5186 etquae

1909 5199 2108 5257 paratas
2134 5197 2306 5251 erant,
2341 5186 2391 5238 in
2423 5201 2606 5255 sponsi
2643 5188 2936 5242 thalamum
2976 5198 3101 5243 sunt
3142 5189 3420 5256 ingressa),
3450 5198 3505 5246 et

1907 5260 2103 5313 clausa:
2133 5269 2257 5312 sunt
2293 5258 2492 5323 ianuae.
2539 5258 2646 5311 Illae
2687 5274 2816 5312 vero
2844 5271 2968 5313 cum
2999 5258 3290 5323 venissent,
3326 5259 3503 5326 pulsa-

1909 5340 2052 5391 runt,
2083 5339 2136 5381 et
2181 5329 2255 5382 ait
2295 5328 2398 5398 illis
2428 5345 2441 5380 :
2474 5327 2668 5382 Nescio
2698 5344 2814 5382 vos.
2849 5329 3034 5396 Vides,
3065 5330 3316 5398 quoniam
3359 5327 3504 5381 elee—

1909 5414 2186 5469 mosynam
2229 5413 2335 5454 non
2377 5396 2659 5459 habebant.
2696 5399 2934 5454 laborem
2977 5396 3138 5454 etiam
3183 5399 3504 5466 virginitatis

1908 5471 2220 5530 amiserunt,
2249 5478 2302 5521 et
2343 5477 2491 5522 extra
2537 5469 2828 5523 thalamum
2879 5471 3062 5538 sponsi
3110 5477 3498 5523 remanserunt.

1911 5541 2093 5608 Itaque
2121 5547 2398 5607 perspecta
2427 5539 2781 5610 cleemosyna:
2810 5541 3058 5606 utilitate,
3103 5539 3311 5600 fratres,
3344 5538 3497 5592 elee-

1907 5626 2186 5681 mosynam
2212 5616 2520 5681 erOgemus,
2540 5621 2597 5663 ut
2615 5621 2669 5662 et
2689 5611 2868 5678 sponsi
2894 5611 3190 5681 thalamum
3206 5622 3502 5681 consequa-

1909 5677 2048 5745 nnn,
2074 5690 2129 5734 et
2149 5679 2363 5733 aeternis
2392 5679 2544 5733 bonis
2585 5677 2940 5748 perfruamur,
2973 5682 3138 5748 gratia
3169 5677 3375 5732 Domini
3409 5692 3502 5729 no.

1911 5754 2004 5804 stri
2033 5753 2160 5805 Jesu
2179 5750 2396 5812 Christi,
2419 5765 2537 5802 cum
2560 5765 2666 5818 quo
2688 5750 2830 5804 Patri
2854 5753 3020 5819 gloria
3040 5765 3142 5804 una
3159 5763 3277 5803 cum
3296 5757 3500 5819 sancto,

1917 5825 2054 5874 Imno
2111 5838 2170 5875 ac
2201 5821 2408 5874 vit-ilico
2433 5817 2632 5889 Spiritu
2657 5838 2797 5876 nunc
2825 5817 2877 5876 ci
2907 5838 3120 5890 semper
3144 5830 3196 5874 et
3228 5820 3281 5872 in
3306 5817 3500 5873 smculs

1916 5894 2252 5948 smculurum.
2287 5894 2476 5944 Amen.
