4154 6320
690 378 825 432 ΝΜ

2185 371 2458 431 SPURIA.

3834 373 3962 425 1063

1537 758 1615 817 IN
1651 757 1948 820 LIBRUM
1980 758 2392 834 SEPTIMUM
2428 756 2531 815 DE
2560 752 3097 816 SACERDOTIO.

763 961 924 1017 Liber
950 961 1217 1031 septimus
1240 959 1635 1031 Chrysostomo
1664 959 1973 1031 adscriptus
2012 962 2079 1015 de
2112 961 2423 1017 sacerdotio
2456 966 2636 1013 exstat
2668 957 2723 1011 in
2766 956 3103 1026 qdibttsvlam
3165 954 3586 1024 manuscriptis,
3647 954 3705 1007 in
3762 952 3963 1008 Coish—

694 1054 858 1106 niano
883 1049 1114 1106 CCXLV
1154 1053 1426 1107 undecimi
1454 1054 1659 1119 saeculi,
1692 1060 1746 1108 ct
1776 1054 1827 1106 in
1859 1051 2188 1107 Taurinensi
2223 1051 2489 1121 quodam,
2524 1048 2684 1117 cujus
2707 1047 3032 1118 ἀπόγραφον
3068 1062 3234 1102 manu
3259 1056 3316 1103 et
3344 1047 3493 1103 dono
3522 1046 3625 1100 viri
3663 1046 3959 1101 clarissimi

692 1146 1109 1216 doctissimique
1140 1145 1312 1200 Pfaﬂii
1341 1161 1504 1217 penes
1538 1165 1625 1204 me
1660 1150 1852 1204 habeo.
1886 1147 1982 1205 Est
2017 1162 2148 1202 vero
2180 1146 2346 1217 inepti
2381 1142 2672 1213 cujusdam
2711 1142 2948 1199 Graeculi
2981 1153 3357 1200 commentum
3378 1184 3395 1209 ,
3426 1151 3489 1199 ut
3522 1159 3691 1199 nemo
3723 1158 3839 1197 non
3872 1143 3956 1195 vi-

683 1303 3967 1335 *μή-*Μ

1609 1389 2153 1471 EJUSDEM
2204 1380 3032 1467 CHRYSOSTOMI

1754 1565 1835 1606 DE
1881 1561 2273 1607 SACEBDOTIO
2318 1561 2502 1602 LIBER
2546 1558 2874 1600 SEPTIMUS.

2116 1694 2533 1753 ww

753 1838 800 1895 0
843 1835 1164 1905 stupendum
1211 1829 1573 1905 miraculum!
1626 1843 1662 1905 o_
1714 1830 1885 1905 virtus
1926 1828 2261 1905 ineffabilis!

676 1925 711 1962 ο
757 1899 1065 1981 mysterium
1112 1901 1393 1981 sacerdotii
1432 1899 1797 1981 horrendum!
1848 1899 2143 1981 Spirituale
2181 1908 2264 1981 cst

677 1990 730 2033 et
751 1970 1015 2040 sanctum,
1035 1971 1397 2028 venerandum
1418 1980 1467 2024 et
1490 1970 1836 2037 inculpatum,
1854 1970 1995 2039 quod
2018 1970 2265 2040 Christus

676 2050 917 2127 veniens,
950 2039 1124 2127 dignis
1153 2042 1407 2127 elargitus
1428 2050 1529 2094 est.
1550 2120 1563 2127 Δ
1582 2040 1877 2127 Procumbo
1916 2050 1973 2121 et
1996 2039 2260 2127 deprecor

677 2136 796 2174 cum
819 2110 1067 2188 lacrymis
1088 2124 1142 2169 et
1169 2110 1469 2188 gemitibus,
1512 2120 1567 2188 u_t
1597 2110 1767 2165 oculis
1790 2111 2104 2188 conspicere
2133 2110 2263 2163 mihi

679 2192 837 2244 lict-at
864 2180 1012 2242 illum
1042 2180 1322 2240 saccfdotii
1353 2197 1478 2235 vere
1512 2180 1818 2233 thesaurum
1845 2180 1929 2244 iis,
1964 2180 2054 2249 qui
2087 2180 2261 2248 ipsum

677 2268 859 2315 sancte
878 2259 1144 2325 digneque
1166 2260 1505 2325 conservant.
1545 2251 1776 2325 Clypeus
1801 2252 1943 2304 enim
1967 2260 2053 2305 est
2077 2250 2262 2315 splen-

680 2330 839 2384 didns
863 2322 1393 2392 etinco‘mparabilis.
1446 2324 1605 2374 turris
1654 2325 1993 2392 inconcussa,
2043 2336 2261 2392 murus,

678 2400 767 2468 qni
789 2396 1019 2465 dirumpi
1044 2390 1682 2468 nequit._Fundamen.turn
1700 2391 1895 2468 quippe
1908 2400 1993 2445 ﬁt
2011 2390 2260 2468 solidum,

678 2460 710 2524 ti
755 2479 897 2523 terra
937 2460 1105 2535 usque
1130 2460 1208 2518 ad
1247 2466 1417 2531 ipsum
1461 2461 1595 2535 geli
1627 2462 1896 2535 fornicem
1932 2460 2259 2535 pertingens.

682 2540 884 2609 Ecquid
936 2530 1058 2609 dico
1088 2577 1103 2601 ,
1161 2530 1407 2609 fratres?
1458 2531 1796 2609 Celsissimos
1845 2532 1967 2609 illos
2027 2530 2261 2609 fornices

677 2602 908 2679 attingit,
937 2608 1001 2661 ad
1032 2608 1175 2679 ipsos
1202 2606 1363 2658 crelos
1393 2604 1643 2679 cgelornm
1672 2603 1788 2679 sine
1813 2603 1967 2679 obice
1991 2602 2254 2679 pervadit,

679 2681 730 2734 in
755 2673 932 2735 médio
951 2673 1262 2745 angelorum
1284 2674 1752 2745 cuniincor‘poreis
1769 2674 1979 2745 naturis
1987 2673 2261 2745 splendide

681 2750 944 2819 facileque
974 2742 1354 2819 pri'igredijur;
1384 2742 1584 2819 Ecquid
1612 2743 1753 2819 dic_o,
1786 2743 1836 2819 in
1862 2743 2039 2797 medio
2069 2758 2262 2819 super-

679 2806 870 2875 naruni
923 2806 1174 2871 vi'rtut'nm
1220 2816 1242 2867 ?
1311 2806 1443 2867 Cum
1479 2806 1614 2882 'ipso
1679 2813 1906 2865 Domino
1953 2806 2259 2881 angelorum

674 2899 919 2945 creatore
946 2897 1000 2942 ct
1029 2888 1354 2941 illustratore
1379 2893 1748 2947 conversatur,
1778 2892 1832 2934 et
1860 2898 1955 2949 pro
1987 2884 2261 2936 voluntate

674 2976 768 3014 sua
795 2975 914 3013 eum
946 2958 1133 3011 fiducia
1157 2956 1318 3009 multa
1352 2954 1492 3023 quod
1536 2954 1666 3021 petit
1705 2953 1915 3021 accipit.
1956 2953 2066 3005 Non
2101 2954 2257 3006 linem

679 3031 866 3084 faciam
898 3072 913 3091 ,
969 3028 1179 3089 fratres,
1232 3023 1551 3095 praedicandi
1598 3023 2008 3095 celebrantlique
2050 3034 2255 3095 tantum

672 3101 943 3170 dignitatis
970 3096 1224 3170 gradum,
1247 3093 1572 3170 quem'dedit
1598 3093 1831 3170 Trinitas
1870 3094 2060 3146 Adami
2091 3094 2212 3147 filiis
2236 3135 2252 3157 ,

674 3164 767 3241 per
796 3186 951 3252 quem
974 3164 1035 3221 ct
1065 3166 1293 3221 mundus
1311 3165 1533 3219 salutem
1556 3164 1994 3252 conseqttitur.'et
2012 3174 2254 3252 creatura

675 3235 1002 3294 illuininatur
1032 3256 1044 3291 :
1077 3253 1173 3308 per
1200 3251 1357 3308 quem
1384 3245 1614 3297 montes,
1647 3235 1833 3308 colles.
1867 3235 2055 3308 saltus,
2088 3236 2254 3288 valles

676 3313 962 3378 implentur
1008 3305 1249 3361 instituto
1298 3306 1436 3378 beati
1484 3306 1724 3378 generis,
1758 3305 2140 3378 monachorum
2169 3308 2249 3378 vi—

671 3375 862 3436 delicet
918 3396 930 3431 :
991 3376 1437 3447 quemadmodum
1491 3375 1826 3447 clarissimus
1862 3390 2038 3442 prmco
2094 3375 2256 3447 Isaias

670 3452 798 3505 dicit
828 3470 840 3503 :
876 3450 960 3503 Ea:
987 3445 1251 3503 verticibus
1284 3448 1526 3499 montium
1555 3445 1744 3498 dabunt
1784 3461 1922 3498 voces
1946 3463 2066 3498 sitas
2094 3445 2251 3513 (Isai.

601 3526 608 3531 ’
670 3524 758 3577 ιε.
790 3522 879 3589 Η)
913 3521 1157 3573 homines
1192 3517 1257 3570 ad
1280 3518 1499 3584 gloriam
1524 3516 1910 3585 prmdicandam
1936 3532 1947 3568 :
1976 3530 2071 3584 per
2096 3532 2251 3583 quem

671 3588 921 3661 iniquitas
954 3591 1020 3644 de
1063 3598 1201 3642 terra
1235 3589 1772 3661 tollitur,_per_quem
1804 3588 2152 3661 temperantia
2198 3590 2248 3638 in

674 3656 812 3716 terra
842 3671 1101 3723 versatur,
1130 3676 1223 3725 per
1250 3673 1404 3726 quem
1433 3657 1674 3710 diabolus
1701 3656 1882 3724 lapsus
1903 3697 1916 3719 ,
1945 3656 2248 3726 destructus

669 3742 773 3795 est,
828 3732 1007 3786 lascivi
1040 3729 1159 3782 facti
1215 3725 1340 3782 sunt
1386 3742 1511 3780 vasa
1561 3726 1885 3779 sanctiﬁcata
1913 3767 1925 3785 .
1971 3725 2243 3780 fornicarii

668 3803 801 3859 casti
854 3812 909 3856 et
951 3801 1287 3861 intemerati,
1336 3799 1648 3863 insipientes
1700 3795 1818 3847 facti
1866 3805 1990 3849 sunt
2030 3797 2249 3864 ju~tititn

672 3874 836 3927 duces
870 3890 883 3927 ξ
915 3886 1009 3939 per
1038 3884 1194 3935 quem
1226 3870 1411 3921 mortis
1437 3869 1717 3936 imperium
1737 3867 2002 3939 abolitum
2036 3877 2137 3939 est,
2195 3877 2246 3921 et

674 3937 927 3998 infernus
969 3940 1134 3999 robur
1208 3940 1427 4001 amisit,
1498 3948 1553 3992 et
1612 3937 1988 3991 condemnatio
2058 3938 2245 3991 Adami

669 4014 839 4067 soluta
878 4021 994 4076 est,
1026 4010 1382 4079 nuptialisque
1418 4008 1679 4062 thalamus
1707 4009 1933 4060 crelestis
1963 4008 2247 4061 decoratus

670 4092 755 4138 est
782 4102 799 4137 ς
827 4098 921 4152 per
946 4078 1112 4151 quem
1142 4080 1437 4152 hominum
1460 4087 1644 4152 natura
1678 4080 1729 4131 in
1776 4080 2045 4152 virtutem»
2073 4078 2247 4152 incor-

670 4148 974 4223 porearum
1003 4158 1256 4223 mutatur.
1304 4149 1641 4223 Quiddicani
1669 4191 1684 4215 ,
1733 4156 1787 4223 et
1829 4163 1986 4223 quam
2021 4148 2241 4223 laudem

670 4218 973 4294 proferam?
1016 4221 1217 4275 Donum
1248 4224 1387 4294 enim
1418 4220 1555 4294 illius
1586 4218 1866 4274 sacerdotii
1905 4218 2100 4294 gradus
2127 4233 2243 4273 ser-

674 4288 887 4348 monem
917 4306 1131 4345 onmem
1163 4298 1215 4344 et
1239 4291 1611 4358 cogitationem
1653 4297 1871 4359 superat
1901 4305 1915 4341 :
1952 4288 2075 4342 illttd
2120 4300 2200 4343 est
2225 4331 2240 4354 ,

670 4374 726 4418 nt
756 4362 1028 4429 existimo,
1058 4360 1196 4429 quod
1215 4360 1405 4414 Paulus
1426 4360 1751 4430 stupefactus
1776 4359 2091 4422 subindicat,
2116 4374 2239 4430 cum

668 4437 783 4489 ait:
834 4430 879 4485 0
908 4428 1125 4486 altitudo
1152 4431 1437 4483 divitiarum
1458 4428 1718 4501 sapientite
1754 4440 1798 4481 et
1840 4430 2063 4483 scientia:
2104 4428 2244 4485 Dei!

668 4521 817 4567 quam
840 4502 1363 4572 incomprehensibilia
1388 4511 1505 4555 sunt
1520 4502 1718 4572 judicia
1740 4501 1870 4567 ejus,
1902 4512 1946 4553 et
1972 4502 2242 4572 investiga-

667 4576 787 4628 biles
832 4578 924 4626 vita
968 4570 1077 4641 ejus
1114 4570 1303 4642 (Rom.
1334 4573 1419 4642 tl.
1448 4570 1594 4642 33‘)!
1645 4573 1690 4625 A
1745 4582 1883 4625 terra
1933 4571 1999 4623 ad
2050 4572 2239 4642 etclam

671 4644 899 4705 advolat,
948 4652 1108 4712 atque
1164 4641 1497 4696 velocissime
1524 4641 1807 4709 petitiones
1836 4650 2045 4712 nostras
2083 4641 2240 4696 offert

672 4716 803 4769 Deo.
857 4711 1144 4783 Legatione
1184 4711 1418 4783 fungitur
1450 4727 1546 4780 pro
1567 4712 1735 4766 servis
1761 4712 1897 4781 apud
1918 4711 2236 4783 Dominum.

668 4786 916 4840 Animum
932 4780 958 4849 ,⁷
1001 4781 1214 4845 fratres,
1258 4781 1326 4836 ad
1365 4783 1501 4835 hanc
1528 4780 1804 4853 mysticam
1834 4792 1887 4836 et
1917 4780 2236 4853 horrendam

669 4854 1026 4909 narrationem
1090 4853 1275 4907 sedulo
1330 4852 1698 4907 adhibeamus.
1774 4852 1900 4907 Sine
1946 4852 2236 4905 venerabili

667 4924 963 4979 sacerdotio
991 4923 1237 4978 remissio
1253 4933 1587 4990 peccatorum
1610 4923 1923 4977 mortalibus
1940 4937 2042 4973 non
2060 4922 2233 4975 datur.

668 4996 915 5049 Animum
959 4993 1237 5058 adhibete,
1274 4992 1509 5048 fratres:
1544 5008 1635 5046 vos
1673 4994 1815 5047 enim
1857 4993 1987 5046 estis
2026 4994 2237 5061 petatis

668 5074 932 5118 amatores
960 5105 975 5127 ,
1032 5064 1149 5117 luce
1200 5064 1457 5117 doctrina:
1503 5063 1780 5133 fulgentes.
1808 5132 1813 5133 ί
1840 5063 2101 5130 Quidnam
2152 5072 2238 5133 est

668 5136 817 5199 illud,
847 5134 987 5205 quod
1017 5149 1185 5205 nuper
1212 5133 1522 5205 dicebamus
1547 5132 1612 5186 de
1636 5132 1916 5205 sacerdotii
1946 5132 2237 5205 iiiystorio?

665 5200 880 5259 Palmes
918 5204 1060 5266 vitis,
1091 5200 1169 5258 'et
1213 5218 1433 5272 granum
1486 5204 1732 5256 frumenti
1784 5213 1838 5257 et
1880 5200 2064 5257 sacerd
2091 5204 2233 5256 itium

666 5290 987 5330 consensum
1038 5284 1221 5329 mutuo
1272 5274 1465 5328 habent
1505 5290 1521 5329 :
1564 5275 1765 5343 palmes
1807 5283 1859 5326 et
1913 5272 2234 5327 frumentum

662 5346 868 5400 ancilla:
916 5356 1076 5406 sunt,
1128 5345 1479 5398 sacerdotium
1506 5360 1633 5397 vero
1668 5344 1892 5398 liberum
1939 5354 2039 5396 est.
2095 5344 2229 5397 Cum

667 5418 843 5484 itaque
869 5415 982 5470 lucc
1007 5416 1107 5468 tria
1120 5422 1527 5482 congregantur,
1544 5422 1602 5466 ut
1628 5429 1783 5481 supra
1807 5429 1993 5468 omnes
2014 5414 2234 5467 omnino

666 5485 943 5541 thesauros
970 5486 1809 5555 constituantur,unurnquodque
1830 5486 1939 5555 regi
1969 5485 2232 5555 fructuum

664 5570 880 5610 suorum
912 5554 1158 5609 virtutem
1192 5553 1344 5607 offert
1370 5556 1420 5605 in
1452 5554 1670 5608 odorem
1699 5553 1992 5616 suavitatis.
2025 5554 2234 5613 Palmes

664 5626 970 5696 sanguinem
1001 5625 1215 5696 etnittit,
1239 5623 1563 5696 frumentum
1577 5638 1707 5678 vero
1728 5639 1953 5694 panem:
1984 5625 2233 5696 sacerdo-

668 5694 795 5750 tium
825 5711 953 5751 vero
980 5711 1100 5750 cum
1123 5695 1308 5749 ﬁducia
1336 5695 1554 5748 evolata
1584 5704 1722 5749 terra
1754 5696 1806 5747 in
1833 5696 2043 5757 erelum,
2062 5694 2229 5749 donec

676 5764 843 5832 ipsum
867 5766 1176 5821 invisibilcm
1206 5766 1627 5837 contempletur;
1682 5775 1735 5819 ct
1786 5776 2061 5837 postquam
2106 5774 2232 5818 ante

3522 1788 3579 1806 4

2371 1826 2619 1898 thronum
2674 1824 2953 1898 excelsum
2997 1823 3282 1891 adoravit,
3338 1834 3487 1880 stans
3540 1829 3809 1897 supplicat
3866 1848 3966 1898 pro

2372 1898 2541 1951 servis
2582 1897 2809 1949 Domino
2834 1937 2849 1962 ,
2906 1897 3172 1966 lacrymas
3197 1899 3531 1965 gemitusque
3574 1897 3968 1953 conservom-ni

2369 1977 2605 2035 gestans,
2642 1967 2971 2033 Dominoque
3007 1965 3241 2038 oﬂ’ereus
3276 1983 3290 2018 :
3329 1968 3682 2037 similiterque
3726 1982 3881 2038 rogat
3914 1984 3970 2024 nt

2370 2038 2790 2109 Consolationcnt
2840 2045 2896 2109 et
2952 2037 3321 2109 ptenitentiam
3387 2038 3632 2109 tribuat,
3691 2037 3971 2109 simulque

2372 2110 2581 2160 veniam
2613 2117 2667 2160 ct
2695 2106 3115 2160 misericordiam
3146 2109 3278 2173 petit
3308 2123 3336 2158 a
3375 2107 3625 2162 clementi
3675 2126 3801 2177 rege
3832 2152 3847 2170 ,
3879 2106 3970 2164 _ut

2370 2177 2599 2245 Spiritus
2624 2177 2923 2245 paraeletus
2960 2177 3119 2247 simul
3146 2178 3323 2231 veniat
3352 2219 3367 2238 ,
3414 2178 3661 2247 donaque
3704 2181 3754 2233 in
3799 2184 3969 2235 terris

2371 2250 2642 2315 proposita
2693 2248 3005 2300 sanctilicet.
3053 2246 3187 2301 Cum
3237 2258 3418 2301 autem
3448 2252 3699 2318 mysteria
3728 2251 3819 2303 illa
3851 2261 3968 2303 tre—

2377 2318 2567 2371 menda
2601 2317 3010 2388 immortalitatis
3037 2318 3190 2385 plena
3226 2319 3382 2370 allata
3423 2317 3655 2381 fuerint,
3684 2335 3778 2388 per
3812 2322 3968 2374 illurn

2371 2390 2724 2455 prtcstitutum
2747 2387 3107 2451 sacerdotem,
3131 2403 3230 2455 pro
3246 2388 3496 2441 omnibus
3517 2387 3966 2450 intercedentem.

2369 2467 2495 2511 tunc
2523 2458 2785 2511 accedunt
2806 2458 3023 2528 animae,
3042 2473 3163 2526 quae
3192 2473 3287 2526 per
3306 2460 3558 2526 mysteria
3588 2463 3967 2528 purgationem

2368 2543 2397 2599 ξι
2430 2529 2681 2582 masculis
2707 2521 3240 2599 accipiuntQVidete,
3273 2521 3506 2597 religiosi
3530 2521 3649 2591 viri,
3676 2521 3964 2599 quoniam)

2370 2597 2486 2653 hinc
2513 2599 2620 2652 duo
2649 2598 2778 2651 nihil
2802 2606 3094 2666 operentur
3136 2614 3299 2666 super
3327 2609 3525 2665 terrain
3549 2640 3563 2661 ,
3597 2597 3708 2654 nisi
3723 2603 3968 2656 ca‘lestis

2367 2668 2602 2723 calculus
2628 2669 2870 2733 accedat,
2892 2678 2947 2722 et
2964 2668 3103 2721 dona
3132 2670 3446 2723 sanetiticet.
3472 2668 3680 2734 Vidisti,
3709 2688 3741 2720 o
3761 2670 3963 2736 homo,

2366 2739 2700 2806 splendidum
2755 2738 3109 2805 miraculum?
3141 2739 3369 2793 Videsne
3418 2740 3638 2807 gradum
3685 2741 3837 2793 illum
3873 2759 3968 2796 5a.

2366 2824 2539 2875 crum,
2565 2809 2834 2879 quomodo
2862 2809 3161 2862 animarum
3207 2809 3397 2863 sordes
3427 2812 3721 2879 expurget?
3766 2812 3960 2866 Bene-

2366 2879 2540 2932 dictus
2586 2882 2655 2933 sit
2694 2880 2995 2949 Salvator,
3040 2881 3129 2949 qui
3178 2894 3342 2947 super
3390 2891 3588 2934 terram
3633 2881 3809 2949 posuit
3857 2883 3967 2936 hoc

2366 2948 2853 3017 splendidissimum
2900 2959 2955 3003 et
3017 2948 3451 3019 eitpurgatoriuin
3508 2948 3746 3015 donum,
3822 2953 3963 3005 dum

2368 3021 2675 3074 sacerdotes
2714 3020 2880 3089 gratia
2910 3019 3159 3086 illustrat,
3179 3022 3400 3089 utquasi
3420 3022 3696 3075 luminaria
3714 3022 3968 3089 fulgeant

2366 3091 2415 3142 in
2449 3091 2668 3143 mundo.
2715 3090 2953 3160 Populus
2977 3090 3065 3160 qui
3099 3105 3196 3143 nos
3226 3091 3501 3158 prateessit
3522 3132 3537 3155 ,
3563 3106 3726 3145 cornu
3763 3094 3964 3147 oleum

2362 3172 2578 3228 gestans
2608 3158 2902 3229 profectum
2930 3158 3135 3228 accepit
3182 3178 3195 3212 :
3240 3175 3340 3214 nos
3368 3176 3495 3215 vero
3527 3164 3739 3215 inutiles
3768 3164 3967 3217 llOllti~

2364 3247 2480 3295 nes,
2512 3230 2776 3287 benedicti
2810 3229 3016 3283 Domini
3047 3230 3209 3297 servi,
3261 3246 3367 3285 non
3395 3246 3584 3293 cornu,
3631 3248 3733 3285 non
3760 3235 3963 3288 oleum

2362 3301 2615 3355 sensibile
2673 3302 2980 3368 accepimus
3023 3318 3036 3351 :
3079 3301 3173 3371 sed
3222 3302 3267 3354 is
3318 3303 3431 3368 ipse
3485 3303 3576 3371 qui
3624 3313 3776 3369 caput
3838 3316 3960 3370 est,

2360 3373 2604 3425 excelsus
2630 3380 2683 3424 et
2710 3371 3020 3426 tremendus
3059 3370 3339 3425 descendit
3367 3372 3435 3425 de
3478 3370 3611 3425 ωτιο
3638 3413 3653 3437 ,
3697 3384 3749 3425 et
3790 3375 3965 3429 dedit

2364 3442 2517 3495 nobis
2567 3444 2617 3515 in
2670 3456 2920 3515 manuum
2972 3442 3313 3515 impositione
3340 3442 3597 3515 Spiritum
3635 3459 3817 3515 suum.
3859 3449 3961 3515 qui

2359 3526 2454 3564 ceu
2488 3513 2621 3582 ignis
2648 3512 2789 3565 venit
2819 3511 2871 3563 in
2903 3513 3193 3578 apostolos.
3238 3513 3283 3565 0
3317 3514 3565 3565 virtutem
3588 3511 3955 3578 ineffabilem,

2363 3597 2481 3649 qure
2512 3585 2723 3651 dignata
2754 3589 2837 3634 est
2865 3582 3109 3635 habitare
3153 3584 3204 3635 in
3234 3582 3391 3635 nobis
3427 3598 3520 3648 per
3541 3584 3957 3651 impositioitcnt

2359 3668 2612 3705 manuum
2661 3653 3038 3706 sacerdotum!
3084 3653 3128 3706 Ο
3182 3664 3435 3721 quantum
3484 3655 3685 3707 obtinet
3710 3656 3956 3721 gradum

2359 3724 2691 3776 tremendum
2721 3723 2846 3775 illttd
2868 3722 3262 3775 sacerdotium?
3296 3724 3366 3777 Bc
3386 3734 3483 3777 rtus
3505 3734 3587 3777 est
3608 3726 3855 3793 quisquis
3896 3730 3951 3783 in

2355 3808 2421 3844 eo
2470 3804 2616 3847 caste
2644 3800 2885 3846 versatur
2924 3804 2977 3845 ct
3008 3793 3292 3859 inculpate.
3328 3794 3514 3847 Petrus
3539 3797 3628 3862 qui
3648 3796 3954 3850 vocabatur

2353 3862 2581 3938 (Sephas,
2614 3866 2702 3938 qui
2744 3864 2807 3938 ad
2851 3864 2973 3915 litus
3021 3864 3186 3938 maris
3221 3878 3417 3931 sagcna
3466 3874 3651 3933 captus
3674 3874 3793 3929 est,
3851 3870 3952 3938 qni

2356 3935 2717 3987 testimonium
2773 3934 2873 4005 hoc
2902 3937 3138 4005 accepit
3164 3949 3213 4005 ar
3240 3949 3433 3999 magno
3480 3944 3721 4002 pastore:
3763 3934 3954 4005 super

2354 4005 2486 4076 (tunc
2536 4015 2727 4073 petram
2776 4003 3037 4076 aediﬁcabo
3062 4075 3068 4076 γ
3092 4002 3372 4057 Ecclesium
3404 4022 3564 4057 meam
3592 4006 3800 4076 (.ilattlt.
3846 4002 3944 4063 {6.

2354 4074 2442 4143 18)
2479 4091 2492 4138 ;
2527 4090 2622 4143 per
2650 4074 3001 4145 sacerdotium
3025 4075 3204 4145 claves
3229 4076 3391 4128 etiam
3426 4074 3677 4129 canorum
3700 4082 3947 4145 accepit.

2351 4145 2713 4213 Similiterque
2745 4143 2941 4215 Paulus
2965 4144 3091 4197 olim
3125 4158 3477 4213 perquuutor
3499 4187 3514 4210 ,
3556 4146 3653 4199 hoc
3681 4143 3947 4215 dignatus

2353 4230 2593 4279 munere,
2620 4212 2718 4269 ceu
2741 4214 2838 4265 alis
2862 4212 3151 4269 instructus
3179 4212 3513 4269 discurrebat
3550 4218 3598 4267 in
3626 4212 3764 4269 terni
3790 4230 3855 4271 et
3886 4223 3941 4274 in

2354 4288 2483 4337 mari
2518 4286 2813 4354 pnedicans
2837 4286 3290 4339 resurrectionem
3321 4286 3940 4343 mortuorunncradum

2352 4355 2645 4408 referamus
2667 4356 2732 4408 ad
2752 4356 2884 4409 Abel
2907 4356 3131 4424 justum,
3158 4358 3246 4425 qui
3276 4358 3326 4408 in
3358 4358 3618 4425 principio
3641 4360 3941 4415 creationis

2351 4426 2599 4479 sacerdos
2649 4426 2789 4479 fuit:
2828 4436 2882 4479 et
2924 4428 2993 4481 ab
3041 4426 3136 4479 illo
3181 4427 3488 4492 discamus,
3543 4428 3682 4496 quod
3725 4427 3849 4495 ipse
3882 4434 3937 4486 iu

2352 4497 2608 4565 principio
2654 4497 2879 4549 hostiam
2932 4513 3083 4550 suam
3136 4498 3243 4550 Deo
3284 4497 3682 4552 sacrificaverit.
3724 4501 3936 4555 Annon

2350 4565 2483 4633 ignis
2526 4570 2592 4620 de
2630 4569 2762 4621 celo
2791 4567 3124 4621 descendens
3166 4567 3391 4620 hostiam
3422 4568 3537 4636 ejus
3558 4573 3939 4638 consumpsit?

2347 4638 2571 4707 Quando
2600 4648 2775 4689 autem
2799 4638 2991 4691 obtulit
3014 4638 3121 4692 Deo
3149 4640 3427 4707 primitias,
3455 4635 3516 4691 ut
3540 4635 3933 4707 aitSt'riptura,

2350 4704 2585 4773 Respexit
2636 4707 2778 4761 Deus
2809 4710 2862 4761 in
2911 4709 3127 4761 hostium
3149 4704 3330 4772 'Abcl,
3367 4710 3433 4760 ad
3456 4711 3582 4761 Cain
3620 4704 3788 4761 autem
3824 4704 3934 4766 non

2345 4779 2561 4846 respexit
2604 4777 2913 4851 (Gen._4.4.
2958 4778 3040 4849 5).
3098 4780 3330 4851 Rursum
3384 4789 3562 4851 autem
3616 4780 3725 4833 Noe
3758 4821 3775 4843 ,
3833 4786 3930 4851 qui

2345 4859 2585 4901 servatus
2630 4860 2713 4901 est
2760 4849 2810 4901 in
2856 4862 3023 4913 arca‘,
3056 4850 3284 4919 quando
3312 4849 3494 4902 sedata
3542 4860 3622 4903 est
3648 4865 3786 4919 aqua
3809 4893 3823 4914 ,
3856 4849 3931 4905 iet

2343 4920 2587 4971 consedit
2639 4921 2726 4971 ille
2778 4921 2827 4971 in
2877 4918 3151 4972 montibus
3197 4925 3424 4981 Ararat,
3474 4920 3578 4973 hoc
3604 4918 3781 4973 statim
3835 4922 3929 4976 ille

2343 4990 2578 5059 suscepit
2604 4989 2981 5054 sacerdotium,
3014 5000 3067 5043 et
3085 4988 3283 5042 obtulit
3307 4988 3534 5043 hostiam
3565 5006 3694 5059 pure
3718 4992 3831 5044 Deo
3870 4994 3925 5045 in

2343 5058 2565 5111 odorem
2621 5060 2917 5113 suavitatis.
2972 5060 3332 5126 Quamobrem
3380 5058 3645 5129 disposuit
3683 5076 3801 5115 eum
3856 5081 3928 5115 eo

2346 5130 2485 5183 Deus
2510 5140 2905 5191 testamentum,
2936 5130 3077 5197 quod
3120 5147 3226 5182 non
3258 5135 3391 5183 ultra
3422 5134 3735 5184 indnctm-us
3772 5146 3921 5186 esset

2340 5201 2597 5253 diluvium
2627 5216 2789 5266 super
2818 5211 3013 5253 terram
3046 5216 3062 5253 :
3094 5211 3145 5253 et
3169 5202 3317 5255 dedit
3346 5202 3416 5252 illi
3451 5203 3922 5264 benedictionem,

2339 5280 2398 5323 ut
2419 5280 2687 5324 cresceret
2713 5280 2768 5324 ct
2792 5271 3248 5338 multiplicamtur.
3285 5271 3524 5324 Vidistin‘
3555 5275 3658 5324 vim
3698 5273 3928 5327 mirabiv

2344 5344 2442 5394 ten
2477 5341 2797 5395 sacerdotii?
2841 5341 3024 5394 Vidisti
3070 5344 3295 5409 primum
3326 5351 3658 5395 sacerdotem
3688 5344 3819 5399 Abel
3868 5347 3923 5397 in

2342 5412 2508 5479 prima
2536 5412 2824 5475 creatione,
2854 5412 3122 5479 quomodo
3149 5416 3322 5479 ignem
3368 5413 3646 5467 deduxerit
3673 5413 3740 5466 de
3784 5416 3927 5468 cado

2340 5484 2393 5536 in
2423 5493 2615 5537 terram
2646 5497 2741 5551 per
2769 5483 3094 5551 inculpatum
3122 5496 3276 5535 suum
3306 5483 3708 5537 holocaustum?
3726 5483 3922 5537 Vidisti

2341 5569 2549 5607 rursum
2596 5552 2711 5607 Noe
2758 5552 3118 5607 venerandum
3176 5556 3509 5606 sacerdotem
3573 5555 3628 5608 in
3681 5555 3923 5608 secunda

2339 5625 2627 5682 creatione.
2655 5623 2925 5692 quomodo
2952 5624 3090 5676 Deus
3127 5623 3453 5690 disposuerit
3492 5638 3615 5677 cum
3637 5625 3730 5678 illo
3756 5634 3925 5677 testa-

2342 5695 2619 5748 mentum?
2652 5694 2761 5747 Hoc
2787 5695 2913 5747 item
2943 5692 3244 5747 sacerdmio
3259 5692 3528 5745 Abraham
3546 5695 3793 5763 dignatus
3814 5706 3924 5758 est,

2339 5772 2393 5816 et
2418 5766 2607 5817 obtulit
2639 5766 2747 5818 Deo
2777 5766 2941 5828 Isaac,
2971 5764 3173 5817 viscera
3198 5763 3412 5837 propria
3440 5765 3770 5818 sacrificavit.
3813 5764 3925 5823 Illic
