4154 6320
169 413 307 473 Ιοϐθ

166 523 407 581 ostendit
460 522 606 578 Deus
655 518 755 588 ipsi
810 531 1088 588 magnum,
1117 514 1432 588 miraculum
1465 555 1482 579 ,
1549 512 1763 588 Domini

169 594 573 666 generationem
622 584 691 645 iu'
727 584 964 666 virgulio
1005 586 1179 666 Sabcc
1208 627 1221 646 ,
1272 586 1656 666 incrementum
1702 584 1764 666 in

171 653 447 720 inomento
465 662 684 724 factum,
708 668 761 713 et
777 653 1204 712 benedictionem
1224 671 1325 723 qua
1350 655 1447 724 ipsi
1466 653 1762 724 benedixit:

173 735 238 790 In
264 735 454 789 sentiae
478 740 564 785 tuo
591 723 942 784 benedicentur
970 742 1142 779 omnes
1169 733 1339 795 gentes
1377 723 1631 797 \Gen.22.
1656 723 1764 790 l8).

175 806 288 861 Hoc
319 804 447 856 item
468 800 768 856 sacerdotio
794 798 969 853 Moses
992 798 1287 850 honoratus
1311 805 1415 858 est,
1434 808 1553 846 cum
1578 806 1770 847 ascen-

177 875 348 927 disset
389 874 442 927 in
495 878 731 925 montem
787 870 914 923 Sina
960 866 1026 920 ad
1082 866 1285 927 Deum,
1330 873 1386 919 et
1411 863 1569 917 abeo
1599 863 1768 931 legem

175 944 513 1011 accepisset:
546 939 893 1011 quamobrem
932 936 1261 1011 gloriﬁcatus
1293 944 1385 1011 est
1411 935 1589 987 vultus
1604 933 1767 1011 _ejus,

179 1023 235 1068 ut
292 1004 415 1082 plus
464 1004 621 1082 quam
680 1009 761 1063 sol
806 1004 1112 1082 appareret.
1174 1004 1543 1082 §imiliterque
1589 1004 1770 1057 Aaron

177 1072 756 1149 sacerdotiodignatus
779 1072 922 1149 esi};
938 1078 1143 1145 legatus
1169 1072 1431 1149 factttsad
1457 1072 1641 1149 Deum
1670 1088 1771 1149 pro

182 1152 425 1224 peccatjs
454 1142 817 1224 populizl‘lam
852 1142 1055 1224 plays—es
1077 1154 1121 1198 et
1148 1146 1319 1198 Aaron
1332 1145 1393 1224 in
1409 1142 1776 1224 “sacerdotibus

179 1213 291 1292 Ejus
320 1213 492 1293 (Pani.
519 1213 610 1293 9_8.
643 1218 722 1287 6).
754 1213 961 1293 Eodem
989 1222 1201 1293 quoque
1224 1214 1385 1293 modo
1406 1213 1642 1293 Pltinces
1674 1214 1775 1293 hoc

180 1283 650 1347 venerabilissimo
681 1283 985 1341 Sacerdotio
1007 1283 1232 1341 mortem
1260 1284 1461 1353 depulit
1487 1299 1554 1338 ex
1583 1283 1778 1351 populo

181 1364 299 1417 illo.
356 1360 535 1415 Helias
564 1372 695 1413 vero
740 1372 981 1421 rursam,
1027 1357 1126 1408 hoc
1169 1354 1438 1418 inductus,
1493 1353 1774 1407 exauditus

181 1442 268 1488 est
318 1432 371 1483 in
418 1431 585 1499 igne,
638 1437 693 1483 et
722 1426 1044 1499 _s:tcerd0tes
1096 1424 1439 1499 turpitudinis
1488 1422 1779 1478 interfecit.

184 1494 466 1555 Diseamus
490 1499 690 1568 itaque,
716 1496 929 1568 fratres,
962 1510 1214 1568 magnam
1235 1494 1635 1568 sublimemque
1660 1507 1781 1568 esse

184 1570 472 1625 sacerdotii
486 1564 1005 1639 digititategmﬁlqria
1022 1565 1385 1636 Unigenito,et
1402 1564 1499 1617 Soli
1514 1564 1674 1626 bono,
1690 1564 1780 1631 qui

184 1656 358 1710 Ipsam
385 1635 639 1708 apostolis
673 1636 786 1692 suis
817 1635 1083 1710 tradidit,
1107 1635 1207 1710 per
1229 1649 1384 1710 suum
1420 1648 1616 1710 novum
1660 1648 1785 1685 san-

185 1704 443 1779 ctumque
471 1715 873 1779 testamentum,
889 1717 941 1758 ut
964 1706 1116 1759 nobis
1131 1715 1183 1758 et
1197 1704 1293 1772 ipsi
1314 1704 1583 1776 specimen
1600 1712 1782 1779 ostcn:

187 1782 341 1845 dant,
359 1773 419 1832 in
444 1778 785 1844 impositione
817 1790 1070 1829 manuum
1108 1773 1328 1828 suarum’
1357 1789 1517 1840 super
1542 1787 1657 1836 eos,
1689 1773 1780 1837 qui

187 1851 337 1919 digni
360 1859 505 1903 sunt.
524 1848 725 1902 Omnes
741 1848 926 1919 itaque
954 1860 1070 1919 nos.
1092 1845 1298 1919 sincere
1325 1858 1644 1919 veneremur
1668 1857 1783 1919 eos,

188 1913 278 1991 qui
308 1920 533 1989 gradum
569 1916 853 1991 sacerdotii
877 1915 1139 1991 obtinent,
1159 1914 1410 1991 scientes,
1439 1914 1580 1983 quod
1597 1913 1639 1965 si
1668 1913 1787 1991 quis

197 1981 344 2059 ἔρεῐὲ
368 1991 570 2043 amicos
596 1986 803 2057 diligat,
836 2000 902 2039 eo
929 1985 1435 2059 ipse_mnlto_tnagis
1457 1981 1486 2036 a
1512 1998 1639 2059 rege
1663 1981 1788 2059 di_l_i_-_

187 2053 664 2131 gaittr.‘Ainemtts
700 2053 837 2125 ergo
878 2054 1184 2131 sacerdotes
1226 2053 1358 2131 Dei,
1404 2053 1659 2131 quoniam
1678 2053 1802 2131 "illi,

190 2121 356 2184 amici
388 2129 478 2182 Dei
503 2140 647 2193 sunt,
676 2139 730 2181 et
753 2121 853 2196 pro
874 2127 1026 2178 nobis
1053 2139 1266 2196 semper
1294 2121 1652 2196 intercedunt.
1678 2121 1793 2192 H01

192 2216 328 2253 nnra
361 2198 693 2259 sacerdotes,
722 2194 1020 2264 adimplens
1053 2196 1153 2247 hoc
1180 2194 1376 2247 Christi
1414 2203 1739 2264 praeceptum
1772 2211 1786 2246 :

196 2270 301 2337 Qui
345 2268 523 2337 recipit
551 2268 847 2337 prop/telum
873 2262 946 2317 Vin
976 2266 1174 2337 nomine
1192 2264 1482 2337 propheta},
1514 2262 1791 2337 mercedem

191 2332 459 2410 prophetis
495 2332 705 2410 accipiet
740 2335 950 2410 (Matt/5.
1000 2335 1087 2389 l0.
1118 2332 1232 2410 il),
1284 2335 1340 2389 Si
1386 2349 1520 2410 vero
1549 2334 1793 2410 quemvis

194 2403 535 2464 sacerdowm
566 2403 780 2475 ignores
808 2421 873 2459 an
896 2405 1089 2475 dignus
1109 2403 1305 2459 sithoc
1336 2403 1527 2475 gradu,
1564 2403 1631 2475 an
1659 2403 1796 2457 indi-

194 2423 535 2464 saccraowm
566 2425 579 2461 l
621 2423 780 2460 nores
808 2423 873 2459 an
896 2423 1089 2475 mgnus
1109 2423 1179 2459 διι
1203 2423 1305 2457 HOC
1336 2423 1527 2474 gradu,
1564 2423 1631 2455 illi
1659 2423 1792 2457 inut-

191 2494 354 2548 gnus,
400 2488 455 2531 tu
494 2423 783 2531 ohéhristi
815 2483 1137 2548 praeceptum
1175 2490 1241 2548 ne
1268 2473 1556 2548 despicias:
1591 2473 1792 2548 Quem-

191 2544 485 2604 admodum
505 2548 647 2601 enim
670 2561 856 2599 aurum
874 2554 994 2599 ‘cum
1028 2547 1138 2597 luto
1166 2544 1393 2598 mixtum
1418 2559 1524 2597 non
1544 2544 1780 2609 lmtlitutt,

196 2634 378 2689 neque
404 2617 683 2689 splendida
714 2617 997 2689 margarita
1022 2624 1274 2689 mutatur,
1303 2614 1517 2689 quando
1547 2628 1666 2668 cum
1700 2614 1794 2667 im-

195 2684 348 2759 puris
368 2684 687 2759 quibusdam
716 2684 996 2759 speciebus
1019 2685 1394 2759 cenjungitur;
1418 2684 1605 2738 eodem
1633 2699 1793 2759 pror-

195 2753 292 2813 sus
342 2753 505 2812 m'odo
556 2753 915 2812 sacerdotium
969 2771 997 2808 a
1058 2753 1442 2808 nullo'sordes
1492 2753 1793 2818 ecotrahit,

194 2830 446 2899 quamvis
472 2826 733 2899 indignus
770 2825 934 2899 fuerit
986 2867 1013 2899 ,_
1048 2827 1135 2894 qui
1183 2824 1310 2899 illud
1350 2825 1561 2899 accipit.
1596 2824 1650 2877 Si
1679 2825 1797 2899 quis

195 2894 364 2967 porro
391 2899 443 2952 in
472 2894 842 2967 hanc'ingredi
872 2895 1187 2967 dignitatem
1220 2895 1412 2963 dignus
1432 2894 1644 2967 habitus
1668 2894 1793 2967 fne-

196 2965 294 3035 rit,
325 2968 378 3021 in
404 2967 599 3037 illaque
622 2965 783 3034 digne
801 2975 855 3019 ct
880 2965 1149 3037 inculpate
1176 2965 1518 3037 processerit,
1542 2980 1606 3017 ea
1632 2965 1793 3037 vitam

197 3034 285 3094 illi
305 3034 628 3093 conciliatet
657 3051 911 3090 coronam
937 3036 1322 3103 incorruptam.
1343 3034 1397 3089 Si
1421 3035 1541 3104 quis
1568 3048 1696 3087 vero
1718 3035 1799 3086 in-

198 3111 365 3180 digne
390 3109 442 3161 in
487 3107 635 3180 illam
664 3121 734 3180 se
769 3106 1015 3180 ingerere
1046 3103 1443 3180 aususiuerit,
1465 3103 1801 3180 istenebras

199 3172 303 3234 sibi
332 3178 629 3233 exteriores
646 3184 701 3231 et
716 3172 972 3244 judicium
992 3175 1328 3244 implacabile
1343 3173 1611 3229 conciliat.
1641 3172 1798 3227 Aliud

202 3250 301 3303 tibi
332 3248 639 3315 exemplum
679 3261 992 3314 proponam,
1025 3259 1058 3297 ο
1085 3245 1266 3309 homo,
1306 3255 1363 3297 ut
1395 3261 1463 3298 ne
1508 3260 1615 3313 prae
1645 3258 1799 3296 arro—

197 3315 688 3390 gantiaisacerdotii
706 3315 1175 3390 gradnm__indig_ne
1192 3330 1405 3369 sumere
1424 3315 1624 3390 audeas
1641 3334 1653 3368 :
1668 3329 1801 3390 quo-

201 3384 351 3443 niam
385 3389 495 3442 Deo
538 3402 643 3439 non
678 3384 890 3455 placent
934 3386 988 3449 ii,
1021 3386 1110 3455 qui
1143 3393 1457 3454 arroganter
1502 3384 1799 3455 ordinatio-7

203 3474 332 3514 nem
375 3454 878 3526 accipiunt.’Nosce
927 3454 1083 3526 igitur
1122 3455 1246 3524 quid
1292 3456 1433 3523 passi
1472 3456 1579 3508 sint
1622 3456 1676 3526 ii,
1710 3454 1800 3523 qui

201 3529 372 3601 Moysi
404 3528 678 3582 ctAaroni
723 3525 1185 3591 contradixerunt,
1235 3535 1290 3579 et
1331 3540 1452 3580 cum
1501 3525 1791 3596 petulantia

990 402 1262 461 CHRISTI
1301 400 1714 460 DISCIPUIMH
1754 397 2105 457 BENIGNUM
2141 398 2306 456 εδεε
2346 399 2643 457 DEBERE.

3324 398 3463 454 1070

1872 512 2211 581 impudenter
2237 521 2293 568 et
2316 494 2629 584 arroganter
2667 513 2779 569 Deo
2816 513 3093 569 incensum
3130 506 3324 569 ofl'crre
3355 530 3462 569 non

1872 584 2206 638 dubitarunt.
2236 585 2428 639 Annon
2473 585 2609 654 ignis
2635 599 2822 639 omnes
2851 585 3205 651 consumpsit,
3228 599 3295 639 eo
3319 586 3461 654 quod

1875 654 1989 708 ausi
2021 662 2202 708 essent
2235 654 2285 706 in
2309 653 2532 724 gradum
2579 654 2728 724 illum
2769 670 2828 709 se
2878 655 3143 723 ingerere,
3187 670 3294 723 quo
3318 653 3462 722 digni

1865 735 1984 778 ‘non
2012 725 2201 778 erant?
2223 723 2456 778 Rursum
2488 740 2614 777 vero
2638 723 2798 779 Maria
2828 725 3159 793 pr0phetiSsa
3186 724 3303 787 Dei,
3322 726 3464 792 quod

1877 792 2115 863 pauculis
2136 795 2315 848 verbis
2354 794 2523 863 Moysi
2566 795 2703 849 circa
2736 792 3096 849 sacerdotium
3139 794 3461 861 exprobras-

1877 872 1979 929 set,
2017 871 2222 935 tantum
2254 864 2606 935 abAltissimo
2633 866 2850 932 pertulit
2876 865 3245 935 opprobrium,
3290 874 3350 917 ut
3388 866 3464 918 le-

1879 950 1972 1003 pra
1985 934 2219 1005 candens
2234 941 2437 1002 septem
2460 933 2648 1005 diebus
2665 943 2812 989 extra
2835 933 3005 1005 castra
3023 944 3298 1005 segregata
3315 948 3469 988 man-

1879 1002 2029 1058 Serit.
2056 1003 2207 1059 Nunc
2231 1006 2432 1073 itaque.
2463 1002 2675 1067 fratres,
2704 1017 2851 1060 caste
2880 1004 2933 1059 in
2963 1002 3265 1059 sacci-dolio
3287 1019 3471 1074 versa-

1880 1074 2031 1146 mini,
2076 1074 2343 1128 imitantes
2382 1074 2641 1146 Moysem,
2688 1076 2954 1130 Aarouem
3001 1083 3056 1130 et
3104 1074 3416 1146 Eleazarum
3450 1090 3468 1127 :

1883 1144 2055 1215 hosce
2096 1146 2209 1212 pios
2250 1144 2554 1215 sacerdotes
2594 1146 2993 1215 contemplare,
3037 1144 3308 1215 quomodo
3360 1146 3465 1215 per‘

1884 1214 2011 1268 illud
2044 1214 2275 1285 hostium
2304 1223 2479 1268 castra
2506 1212 2828 1282 depulerint.
2857 1215 2967 1270 lloc
2996 1212 3233 1285 munitus
3256 1212 3471 1285 Moyses

1884 1285 2135 1352 expandit
2159 1284 2226 1338 ad
2257 1283 2424 1339 Deum
2457 1298 2666 1349 manus,
2685 1297 2739 1338 et
2762 1286 2984 1339 Amalec
3010 1283 3288 1338 insanabili
3321 1283 3473 1353 plaga

1884 1353 2123 1425 confodit
2149 1370 2163 1406 :
2193 1354 2295 1408 hoc
2320 1353 2638 1425 priociuctus
2658 1355 2926 1425 Abraham
2954 1370 3109 1425 reges
3138 1353 3471 1425 profligavit;

1888 1423 1992 1478 hoc
2020 1434 2295 1492 assumpto
2333 1422 2686 1478 Melchisedec
2711 1424 2943 1479 Abrahae
2986 1422 3259 1478 benedixit
3288 1422 3439 1479 éxcel
3462 1456 3474 1464 -

1887 1494 2016 1549 lenti
2045 1493 2439 1564 benedictione.
2467 1494 2665 1562 Dignus
2695 1493 2908 1564 habitus
2929 1509 3010 1557 es,
3030 1494 3219 1559 frater,
3243 1495 3333 1563 qui
3355 1509 3481 1564 gra—

1889 1564 2017 1618 dum
2045 1563 2329 1619 sacerdotii
2355 1563 2672 1631 acciperes?
2707 1563 2844 1617 Cura
2871 1575 2928 1617 ut
2960 1565 3172 1633 placeas
3197 1565 3269 1625 ei.
3301 1563 3389 1633 qui
3424 1573 3477 1617 te

1889 1634 2264 1688 inexercitum
2305 1633 2608 1702 adscripsit,
2656 1634 2708 1688 in
2755 1635 3021 1699 castitate,
3059 1636 3111 1689 in
3154 1635 3380 1700 iustitia,
3426 1634 3478 1686 in

1889 1704 2150 1771 sapientia
2190 1703 2473 1772 spirituali,
2514 1713 2570 1757 et
2608 1703 2660 1757 in
2687 1704 2963 1771 splendida
2997 1705 3321 1774 virginitate.
3350 1703 3489 1757 Esto
3566 1708 3567 1711 “

1891 1776 2084 1829 ardens
2114 1775 2229 1828 zelo
2258 1782 2316 1827 ut
2345 1774 2547 1841 Helias,
2587 1774 2846 1828 sollicitus
2880 1785 2936 1826 ut
2964 1774 3249 1839 Jeremias,
3275 1786 3483 1842 tempe—

1892 1859 2019 1898 rans
2045 1853 2105 1897 ut
2128 1844 2349 1913 Joseph,
2390 1854 2568 1899 castus
2595 1854 2653 1899 ut
2707 1844 2863 1898 Jesus
2905 1844 3071 1911 Nave,
3115 1844 3399 1913 ltOSpitahs
3426 1851 3484 1896 ut.

1893 1914 2185 1977 Abraham,
2209 1929 2393 1968 amore
2418 1917 2605 1984 plenus
2634 1922 2691 1969 ut
2714 1914 2898 1980 David,
2924 1925 2980 1969 et
2999 1916 3145 1969 mitis
3166 1924 3223 1966 ut
3249 1914 3481 1983 Moyses.

1894 1984 2173 2038 Errantem
2202 1984 2382 2046 reduc,
2411 1984 2659 2039 claudum
2688 1985 2863 2055 alliga,
2895 1988 3099 2055 lapsum
3123 1986 3290 2054 erige,
3325 1985 3481 2055 iniir-

1866 2069 2010 2113 .mos
2040 2055 2272 2123 suscipe,
2304 2063 2360 2109 et
2409 2055 2490 2108 his
2516 2055 2709 2108 similia
2755 2054 3334 2124 facito.’0bstnpesco,
3375 2054 3481 2107 fra-

1897 2134 2025 2190 tres,
2071 2124 2197 2178 dum
2248 2124 2532 2179 considero
2579 2125 2941 2193 insipientium
2982 2125 3337 2194 quorumdam
3388 2139 3478 2178 au-

1896 2195 2123 2256 daciam,
2163 2195 2254 2265 qui
2295 2195 2631 2265 imprudenter
2675 2204 2732 2250 et
2770 2195 3074 2263 petulanter
3122 2195 3485 2265 sacerdotium

1897 2265 2115 2323 adeunt.
2144 2264 2249 2319 non
2275 2264 2447 2319 vocati
2475 2282 2503 2319 a
2529 2266 2699 2335 gratia
2728 2266 2944 2330 Christi,
2972 2267 3277 2335 ignorantes
3303 2280 3364 2321 se
3384 2264 3487 2320 sibi

1898 2337 2083 2405 ignem,
2119 2345 2174 2390 et
2213 2347 2441 2390 mortem
2491 2338 2716 2390 miseros
2765 2338 3122 2390 consciscere.
3171 2335 3286 2389 Non
3314 2336 3489 2389 solum

1898 2404 2019 2461 dico
2046 2404 2161 2472 tibi,
2180 2421 2213 2461 o
2241 2406 2422 2471 homo,
2452 2423 2517 2460 ne
2537 2406 2896 2461 sacerdotium
2922 2406 3222 2475 petulanter
3239 2418 3486 2469 usurpes,

1899 2477 1992 2531 sed
2023 2478 2181 2531 etiam
2211 2492 2278 2531 ne
2319 2477 2588 2545 quidpiam
2629 2491 2695 2529 ex
2730 2477 2874 2531 vasis
2921 2476 3273 2531 sacratissimi
3314 2475 3493 2530 cultus

1899 2547 2196 2615 contingas.
2250 2545 2387 2600 Num
2434 2547 2570 2601 forte
2620 2546 2793 2613 legisti
2837 2547 2964 2615 quid
3014 2562 3202 2617 passus
3242 2547 3312 2601 sit
3348 2546 3487 2609 Oza,

1899 2618 2112 2687 quando
2135 2617 2310 2686 tetigit
2348 2632 2528 2671 arcam
2560 2617 2696 2687 Dei?
2737 2617 2907 2685 Hujus
2945 2632 3159 2684 semper
3198 2625 3490 2687 memento,

1902 2684 2065 2741 frater
2112 2684 2334 2752 dilecte,
2378 2687 2527 2741 vocis
2583 2684 2877 2753 Altissimi,
2924 2688 2992 2741 ab
3033 2687 3166 2743 Isaia
3234 2685 3491 2756 propheta

1900 2758 2131 2819 emissae,
2162 2773 2281 2827 quae
2328 2758 2406 2811 sic
2435 2757 2628 2811 habet:
2661 2757 2833 2827 Super
2854 2774 3003 2826 quem
3040 2756 3495 2827 requiescam,_msi

1900 2844 2054 2896 super
2075 2824 2243 2881 mitem
2271 2838 2317 2881 et
2353 2828 2592 2881 humilem
2619 2836 2664 2881 et
2690 2824 2982 2898 trementem
3010 2824 3159 2881 verba
3186 2844 3297 2880 mea
3339 2824 3491 2898 (Ioui.

1903 2899 1991 2953 66.
2017 2899 2053 2951 2
2082 2898 2140 2967 )i
2173 2898 2340 2963 Hujus
2366 2914 2580 2965 semper
2606 2897 2859 2967 prmcepti
2884 2900 3252 2961 reminiscere,
3284 2897 3493 2966 etpos-

1903 2970 2019 3022 side
2054 2969 2204 3036 quasi
2248 2968 2592 3033 thesaurum,
2638 2969 2820 3022 mitem
2864 2970 3277 3038 cogitationem,
3326 2977 3385 3021 ut
3422 2967 3494 3020 ita

1904 3041 2076 3107 possis
2098 3039 2447 3106 spiritualiter
2467 3039 2759 3093 ascendere
2790 3040 2840 3093 in
2858 3055 3146 3106 supernam
3173 3038 3495 3097 Jerusalem,

1906 3120 1962 3163 et
1991 3108 2193 3163 hostias
2221 3109 2525 3177 spirituales
2554 3108 2749 3163 offerre
2777 3109 2903 3178 Regi
2931 3120 2986 3163 et
3027 3110 3139 3163 Deo
3167 3110 3217 3161 in
3263 3121 3500 3176 superno

1904 3180 2082 3239 altari,
2107 3179 2193 3232 ubi
2226 3189 2514 3233 nectuntur
2537 3194 2750 3233 cornum
2775 3178 3214 3249 incorruptionis.
3243 3179 3423 3246 Ibique
3446 3178 3496 3229 in

1907 3263 2194 3317 conSpectu
2237 3250 2545 3318 angelorum
2603 3257 2654 3304 te
2708 3249 2952 3303 Christus
3008 3249 3256 3303 redimiet
3298 3262 3497 3302 corona

1906 3320 2345 3384 immortalitatis,
2376 3328 2432 3374 et
2456 3334 2578 3374 cum
2607 3322 2857 3387 supernis
2903 3320 3228 3374 exercitibus
3256 3319 3498 3373 cantabis

1908 3390 2282 3459 triumphalem
2307 3389 2564 3461 hymnum
2591 3400 2791 3445 sanctae
2812 3389 3083 3457 Trinitati,
3103 3392 3155 3444 in
3177 3389 3371 3445 saecula
3398 3403 3500 3442 sa:-

1909 3461 2172 3516 culorum.
2200 3462 2394 3535 Amen.
2862 3493 2865 3495 -

3078 3701 3501 3715 --;-o—.-_-—-

1055 3812 1141 3873 ΙΝ
1198 3804 1685 3882 SEQUENTEM
1747 3805 2194 3865 SERMONEM
2253 3805 2661 3870 MONITUM.

297 3912 415 3970 Hoc
446 3914 771 3985 opusculum
798 3914 912 3984 jam
942 3911 1153 3983 pridem
1200 3910 1345 3964 inter
1394 3905 1579 3976 spuria
1605 3906 1731 3975 jure
1762 3904 2071 3973 ablegatum
2115 3903 2284 3959 fuisse
2333 3904 2499 3960 nemo
2554 3908 2798 3976 prudens
2846 3927 2956 3965 non
3014 3913 3261 3969 censebit
3302 3932 3317 3969 :
3369 3927 3498 3968 nam

216 4007 363 4079 stylo
407 4006 615 4077 χυδαίῳ
660 4008 949 4076 scriptum,
989 4002 1127 4056 nihil
1181 4014 1294 4070 prae
1340 4014 1400 4053 se
1427 3996 1554 4066 ,fert
1605 3995 1770 4058 salis,
1818 3993 1953 4049 nihil
2013 4008 2304 4049 nervorum
2350 4014 2364 4050 :
2400 4007 2594 4068 estque
2635 4016 2863 4069 prorsus
2906 4004 3303 4077 Chrysostomo
3354 4005 3500 4061 indi-

262 4115 419 4153 num.

262 4115 419 4153 num.

219 4114 257 4170 8
293 4188 677 4257 lnterpretatio
714 4184 910 4240 Latina
932 4192 1017 4239 est
1042 4180 1338 4236 Frontonis
1364 4179 1567 4234 Duczei.

194 4301 2729 4325 Μ’-

1414 4426 1899 4511 EJUSDEM
1945 4437 2311 4512 SERMO

386 4606 470 4647 DE
522 4607 645 4652 HOC
688 4608 1102 4665 ARGUMENTO,
1136 4608 1355 4652 BONUH
1398 4608 1652 4651 CHRISTI
1697 4608 2083 4652 DISCIPULUM
2125 4607 2458 4653 BENIGNUII
2500 4605 2668 4662 ESSE,
2713 4603 2927 4657 NEQUE
2970 4601 3120 4646 CITO
3163 4599 3394 4644 IRASCI.

1734 4734 2052 4788 em

294 4867 352 4921 ln
390 4867 690 4939 Evangeliis
733 4870 891 4925 docet
937 4886 1034 4926 nos
1065 4870 1274 4926 Domini
1317 4870 1495 4926 divina
1540 4886 1812 4939 vox,qu:c

218 4938 394 5009 legem
424 4938 704 5009 adimplet,
739 4957 843 4994 non
873 4941 1120 5005 destruit,
1162 4951 1223 4996 ut
1249 4958 1316 4996 ne
1344 4944 1636 4996 irascamur
1664 4938 1814 4996 fratri

218 5008 521 5081 ςρΙημΙιέ-ὅ.
548 5009 668 5077 2|):
702 5019 757 5065 et
779 5011 879 5065 hac
907 5012 1180 5067 additione
1216 5013 1474 5065 orationis
1502 5012 1816 5081 adimplevit

217 5077 374 5144 illud,
413 5076 531 5151 Non
573 5076 792 5151 occides,
824 5082 993 5151 ipsam
1043 5081 1312 5137 homicidii
1344 5082 1577 5136 radicem
1624 5076 1818 5137 exstir-

220 5163 378 5215 pans,
424 5149 726 5222 etinterius
747 5149 1191 5221 cor‘expurgans,
1227 5167 1335 5206 non
1364 5167 1553 5222 manus
1578 5153 1815 5208 exterius

219 5227 451 5271 uinttnn.
484 5218 692 5292 Etenim
730 5218 953 5291 pmnam'
975 5218 1286 5289 proposuit,
1320 5218 1423 5287 non
1451 5221 1664 5292 quidem
1694 5233 1815 5275 tan-

219 5298 353 5351 tam,
380 5290 775 5362 quantamhlex,
806 5306 839 5345 e
862 5291 1085 5362 vestigio
1110 5290 1588 5360 prementem,‘sed
1610 5292 1817 5362 judicio

216 5358 580 5422 statuendam,
612 5359 847 5431 dicens:
883 5361 987 5431 Qui
1003 5358 1144 5415 enim
1159 5363 1394 5415 irascitur
1422 5363 1573 5431 fratri
1592 5358 1685 5415 suo
1709 5364 1819 5416 sine

216 5443 396 5507 caiisa.
439 5445 556 5483 reus
591 5430 687 5507 εζξς
710 5430 915 5507 judicio
941 5430 1045 5501 (Ib.
1070 5432 1277 5507 o._25):_
1303 5430 1584 5507 non'enim
1608 5434 1818 5507 celeres

217 5497 536 5572 indignatur
566 5515 596 5572 _a
624 5497 841 5555 Christo
876 5497 1071 5570 pgénaa,
1102 5497 1239 5557 sicui
1267 5503 1319 5555 in
1360 5503 1497 5572 lege,
1529 5503 1622 5557 sed
1651 5504 1817 5558 multa

216 5574 307 5640 est
337 5568 747 5640 retributionum
770 5585 834 5625 ex
858 5568 1011 5640 aequo
1039 5572 1225 5626 dilatio
1252 5590 1265 5624 :
1298 5568 1553 5627 caeterum
1576 5582 1819 5628 tremen—

215 5633 348 5709 dum
373 5638 724 5709 consequitur
740 5633 935 5696 exinde
956 5643 1295 5709 supplicium.

294 5704 397 5788 Dei
419 5704 798 5788 longanimitas.
829 5740 903 5751 —
921 5704 1381 5788 Quemadmodum
1410 5712 1610 5783 majora
1643 5712 1818 5788 impe-

214 5785 324 5835 rat.
353 5777 431 5832 sic
459 5777 517 5835 et
552 5777 722 5847 major
777 5788 861 5835 est
906 5781 1025 5851 ejus
1069 5781 1443 5853 longanimitas
1468 5777 1814 5856 [cordisque

1924 4872 2238 4927 munditiam
2281 4871 2526 4941 requirit,
2565 4885 2723 4941 quam
2756 4885 2860 4925 non
2902 4870 3003 4923 nisi
3034 4884 3155 4941 cum
3195 4866 3512 4941 difficultate

1921 4944 2042 5012 quis
2081 4942 2182 4997 sibi
2228 4937 2474 5012 acquirit.
2503 4937 2862 5012 Quamobrem
2893 4940 3101 5012 licetin
3132 4940 3265 4993 iram
3282 4937 3515 5012 induca-

1923 5010 2064 5075 mur,
2092 5028 2197 5066 non
2230 5028 2261 5066 e
2278 5010 2499 5082 vestigio
2516 5013 2672 5082 punit
2697 5030 2711 5065 :
2731 5011 2776 5065 si
2802 5011 2945 5067 enim
2960 5011 3140 5065 subito
3168 5010 3403 5080 puniret,
3423 5021 3521 5076 per

1926 5083 2296 5152 paenitentiam
2334 5084 2547 5138 resilire
2586 5098 2691 5136 non
2734 5082 2956 5146 liceret;
2987 5090 3268 5152 propterea
3305 5092 3521 5152 poenam

1922 5148 2120 5215 din‘ert,
2158 5162 2219 5208 ut
2259 5153 2414 5208 nobis
2437 5164 2648 5220 tempus
2684 5153 2752 5206 ad
2777 5148 3145 5220 paenitentiam
3176 5148 3520 5211 concedatur,

1886 5254 1889 5255 ν
1922 5230 1981 5279 ut
2004 5224 2093 5293 qui
2124 5223 2241 5279 heri
2270 5223 2418 5293 fratri
2449 5225 2617 5277 iratus
2642 5232 2744 5287 est,
2777 5221 2938 5278 hodie
2973 5221 3348 5293 pteniientiam
3375 5226 3518 5293 agat.

1921 5303 1977 5349 et
1997 5288 2209 5362 pactum
2233 5292 2498 5364 quoddam
2527 5308 2711 5349 secum
2738 5293 2902 5356 ineat,
2926 5288 3001 5347 uti
3030 5307 3099 5347 ne
3124 5291 3274 5364 fratri
3296 5288 3527 5364 ampiius

1923 5355 2207 5428 irascatur,
2226 5355 2281 5418 εἰ
2305 5364 2694 5433 quadamtenus
2722 5355 2927 5418 similes
2950 5364 3061 5417 Deo
3090 5355 3528 5433 reddamuriilos

1922 5434 2066 5489 enim
2098 5435 2296 5489 sensim
2321 5428 2389 5488 ab
2413 5436 2499 5497 iis.
2515 5450 2636 5503 qua:
2656 5434 2817 5488 vitam
2839 5441 3077 5488 nostram
3102 5447 3133 5487 a
3149 5431 3240 5487 Dei
3270 5428 3529 5485 similitu-

1926 5504 2051 5558 dine
2096 5504 2333 5558 alienant
2361 5545 2378 5570 ,
2425 5512 2779 5569 transmutat,
2840 5514 2897 5559 et
2940 5503 3007 5557 ad
3057 5503 3414 5567 honestatem,
3462 5512 3531 5553 ac

1924 5573 2376 5643 pulchritudinem
2415 5585 2620 5629 natura:
2649 5575 3062 5630 convenientem
3088 5582 3211 5643 post
3246 5573 3390 5625 hunc
3412 5577 3527 5643 sta-

1925 5638 2036 5715 ium
2066 5645 2315 5700 traducit.
2347 5644 2426 5699 Ad
2456 5644 2798 5715 idmnamque,
2829 5644 2973 5715 quod
3002 5638 3219 5715 naturai
3253 5638 3524 5706 convenit,

1923 5713 2243 5769 deducimur
2269 5757 2284 5779 ,
2315 5725 2369 5770 et
2389 5716 2465 5771 ad
2496 5714 2660 5768 divini
2690 5713 2921 5785 Spiritus
2949 5713 3385 5785 communionem
3411 5748 3433 5785 _,
3454 5724 3520 5764 ac

1926 5800 2215 5855 perennem
2252 5778 2373 5840 cum
2409 5786 2518 5841 Deo
2550 5786 2710 5840 vitam
2732 5778 2748 5855 ;
2774 5784 2901 5840 dum
2934 5784 3003 5840 de
3028 5784 3091 5839 iis
3116 5783 3278 5839 rebus
3297 5778 3522 5836 dimica-
